3886 6480
291 399 396 461 553

1258 400 1436 461 VITA
1476 401 1581 461 SS.
1624 399 1968 460 HERMYLI
2009 401 2103 460 ET
2143 398 2619 461 STRATONICI.

3439 398 3548 469 554

285 518 385 566 καὶ
417 509 547 571 τοῦς
582 507 676 562 ἐπὶ
710 505 890 581 νεκρῷ
933 506 1133 578 νόμους
1175 507 1480 578 διαφυγεῖν.
1533 501 1666 561 Εἶτα
1712 507 1863 578 μόλις

1982 509 2373 564 existimaretur
2399 506 2815 578 praetermittere
2855 507 3000 578 justa
3057 523 3178 580 qua:
3205 512 3340 573 llunt
3392 528 3544 568 mor-

284 601 417 657 ποτὲ
440 600 537 656 τοῦ
564 599 803 670 πλήθους
830 601 1074 670 ἐφέντος,
1094 600 1292 671 τιμίως
1314 600 1446 671 ὁμοῦ
1473 602 1567 654 καὶ
1593 599 1863 672 λαμπρῶς

281 691 345 743 τὸ
379 690 560 758 τίμιον
592 692 769 742 ἐκεῖνο
805 693 899 742 καὶ
926 690 1174 761 οὐρανῶν
1197 690 1347 756 ἄξιον
1376 693 1443 760 τῇ
1473 694 1543 762 γῇ
1572 692 1862 745 κατατίθε.

277 799 375 835 ται
407 782 568 852 σῶμα
598 782 694 834 καὶ⁸
741 781 1078 836 καλύπτεται
1101 796 1116 811 ’
1156 782 1254 851 οὐχ
1285 781 1360 846 ὡς
1388 781 1728 852 κρύπτεσθαι
1767 782 1862 834 καὶ

279 873 472 929 λαθεῖν
503 875 803 946 προσῆκον,
834 873 1008 938 ἄλλως
1041 873 1271 939 πλοῦτος
1306 874 1506 944 μᾶλλον
1542 875 1635 928 καὶ
1661 874 1861 944 θησαυ-

281 968 383 1040 ρὸς
411 969 528 1031 τοῖς
563 966 832 1036 φιλοθέοις
865 966 1288 1038 ταμιευόμενον,
1319 969 1397 1030 είς
1420 967 1578 1033 δόξαν
1617 965 1709 1019 τοῦ
1751 967 1865 1019 Κυ-

273 1059 402 1130 ρίου
436 1058 594 1130 ἡμῶν
633 1058 808 1130 Ἰησοῦ
841 1056 1105 1132 Χριστοῦ,
1155 1059 1274 1132 ἅμα
1319 1058 1396 1130 τῷ
1442 1057 1621 1129 Πατρὶ
1663 1058 1760 1112 καὶ
1785 1058 1866 1129 τῷ

269 1152 424 1222 ἁγίῳ
479 1153 786 1223 Πνεύματι,
822 1152 919 1207 νῦν
949 1152 1046 1207 καὶ
1079 1152 1166 1207 ἀεὶ
1227 1153 1320 1207 καὶ
1362 1155 1443 1218 είς
1481 1154 1607 1217 τοὺς
1651 1153 1855 1216 αἰῶνας

281 1246 400 1299 τῶν
423 1245 658 1300 αίὼνων.
702 1246 757 1299 ’Λ
767 1245 899 1318 μήν.

1973 602 2102 656 tuis.
2135 600 2337 655 Deinde
2367 613 2498 655 vero
2543 599 2756 654 tandem
2787 601 3136 670 permittente
3176 601 3546 672 multitudine,

1975 693 2276 750 honorifice
2305 692 2466 748 simul
2510 701 2566 748 et
2597 693 2877 763 splendide
2909 694 3036 747 illud
3083 695 3450 751 venerandum
3492 708 3548 753 et

1970 787 2123 842 cmiis
2181 788 2402 858 dignum
2437 801 2634 855 corpus
2669 795 2830 842 terra:
2896 790 3186 843 mandatur
3212 798 3266 845 et
3304 789 3549 858 contegi-

1973 887 2089 933 tur:
2123 894 2225 933 non
2255 887 2315 932 ut
2359 879 2501 948 quod
2528 886 2804 949 oporteret
2828 879 3047 949 quidem
3097 880 3218 936 abdi
3265 889 3320 936 et
3353 880 3544 942 latere.

1970 973 2063 1027 sed
2094 972 2238 1041 quod
2273 971 2594 1027 servabatur
2626 971 2806 1040 potius
2856 972 2980 1040 piis,
3030 983 3286 1044 tanquam
3321 987 3452 1041 opes
3495 983 3550 1026 et

1972 1063 2280 1127 thesaurus,
2328 1060 2394 1115 ad
2428 1059 2657 1131 gloriam
2689 1061 2901 1116 Domini
2933 1062 3103 1118 nostri
3152 1062 3278 1118 Jesu
3319 1060 3548 1126 Christi,

1971 1155 2130 1210 simul
2161 1169 2282 1210 cum
2314 1151 2477 1208 Patre
2507 1161 2562 1209 et
2585 1163 2776 1209 sancto
2809 1154 3037 1224 Spiritu,
3071 1171 3213 1212 nunc
3247 1164 3304 1212 et
3332 1170 3552 1228 semper

1968 1257 2023 1302 et
2058 1248 2108 1303 in
2138 1247 2337 1303 saecula
2357 1246 2704 1304 saeculorum.
2731 1247 2925 1303 Amen.

1285 1503 2500 1726 AMAPTYPION

381 1821 614 1909 ’ΤΩΝ
690 1821 1030 1916 ΑΓΙΩΝ
1102 1821 1698 1916 ΜΑΡΤΥΡΩΝ
1747 1831 2282 1919 ΕΡΜΥΛΟΥ
2355 1829 2551 1919 ΚΑΙ
2627 1831 3443 1922 ΣΤΡΑΤΟΝΙΚΟΥ.

1476 2193 2354 2307 MARTYRlUM

619 2431 775 2520 SS.
856 2429 1529 2520 MARTYRUM
1603 2431 2151 2520 HERMYLI
2248 2434 2396 2521 ΕΤ
2465 2433 3234 2526 STBATONICI.

1719 2620 1928 2705 (Anno
1949 2625 2114 2702 300.)

283 2793 504 2862 [Latine
536 2792 663 2856 apud
688 2791 892 2842 Surlum
915 2790 976 2840 ad
1000 2788 1136 2840 diem
1162 2787 1223 2839 15
1244 2786 1500 2847 Januarii;
1523 2785 1692 2862 graeca
1712 2785 2068 2862 descripsimus
2090 2791 2345 2862 exhcodice
2371 2802 2461 2837 ms.
2488 2787 2805 2840 bibliotheca
2831 2789 3033 2854 majoris
3059 2793 3350 2845 Parisiensis
3373 2797 3554 2848 n.1467

1465 2854 1654 2910 notato,
1676 2851 1848 2899 saeculi
1875 2861 1942 2898 τι.
1981 2850 2116 2900 Eutr.
2143 2850 2321 2914 Parii.)

357 3159 412 3211 ’Δ
433 3197 448 3210 .
487 3149 880 3219 Βασιλεύοντος
910 3153 1157 3209 Λικινίου
1191 3153 1286 3207 τοῦ
1311 3151 1632 3220 δυσσεϐοῦς,
1673 3153 1876 3226 πολλήν

2053 3155 2094 3210 l.
2123 3153 2295 3226 impio
2320 3156 2622 3228 imperante
2646 3159 2874 3227 Licinio,
2903 3169 2958 3217 et
2982 3177 3240 3235 magnum
3264 3161 3563 3220 adhibente

281 3266 353 3302 τε
378 3247 507 3318 περλ⁷
535 3248 604 3302 τὰ
633 3249 830 3302 εἴδωλα
854 3247 954 3318 τὴν
995 3246 1235 3318 σπουδὴν
1259 3247 1612 3316 ποιουμένου,
1652 3246 1871 3312 θυσίαις

283 3341 439 3395 αὐτὰ
470 3340 736 3412 τιμᾶσθαι
768 3339 864 3393 καὶ
890 3339 1156 3404 τελεταῖς,
1184 3339 1424 3410 χαλεπὸς
1449 3342 1583 3394 πᾶσι
1610 3341 1874 3412 Χριστια-

284 3433 406 3496 νοῖς
438 3433 715 3503 ἐπήρτητο
752 3431 1004 3498 Θάνατος,
1029 3433 1215 3494 πόλεις
1260 3449 1320 3484 τε
1364 3430 1432 3485 δι’
1464 3432 1663 3495 αὐτοὺς
1710 3433 1872 3503 ήρευ-

285 3525 488 3590 νῶντο,
525 3524 620 3578 καὶ
672 3524 850 3594 χωρία
904 3523 1377 3594 περιειργάζοντο,
1426 3522 1610 3594 κῶμαι
1656 3540 1716 3576 τε
1776 3524 1874 3578 καὶ

290 3619 462 3689 ἀγροὶ⁸
492 3617 588 3670 καλ⁸
622 3617 814 3680 οἰκίαι,
847 3615 944 3669 καὶ
973 3617 1084 3679 πᾶς
1112 3615 1261 3678 ὅστις
1291 3615 1636 3687 Χριστιανῶν
1669 3615 1765 3668 ἕνα
1795 3615 1873 3685 τῷ

289 3711 511 3783 βασιλεῖ
536 3709 960 3782 προσήγγειλεν,
980 3706 1167 3772 εὔνους
1187 3706 1360 3770 οὕτως
1378 3708 1553 3761 ἐδόκει
1581 3707 1678 3760 καὶ
1697 3707 1874 3779 τιμῶν

291 3803 449 3874 αὐτῷ
497 3804 607 3856 τῶν
667 3801 938 3873 μεγίστων
981 3801 1150 3868 ἄξιος.
1179 3800 1341 3854 Ὅθεν
1388 3799 1484 3853 καὶ
1533 3798 1702 3871 πολλὴ
1745 3797 1874 3871 παρ’

291 3897 471 3951 αὑτοῦ
508 3913 566 3949 τε
598 3896 693 3949 καὶ
748 3894 858 3950 τῶν
906 3895 998 3948 ὑπ’
1047 3893 1195 3964 αὑτῴ
1227 3893 1465 3960 πάντων,
1500 3894 1534 3964 ἡ
1563 3893 1692 3964 περ)⁸
1718 3891 1877 3945 τοῦτο

291 3987 369 4062 ἧν
405 3989 820 4060 ἐπιμέλεια,τοῦ
846 3987 946 4058 μὲν
981 3988 1123 4050 θεοῖς
1152 3987 1424 4057 ματαίοις,
1445 3985 1553 4040 τῶν
1583 3986 1640 4040 δὲ
1669 3984 1880 4057 βασιλεῖ

295 4082 492 4152 ἀνόμῳ
539 4084 634 4136 καὶ
689 4081 911 4154 πονηρῷ
966 4080 1367 4152 χαριζομένων.
1417 4081 1556 4134 Ποτὲ
1607 4080 1736 4150 γοῦν
1787 4080 1880 4132 ἐπὶ

296 4178 546 4248 βήματος
588 4174 820 4245 ὑψηλοῦ,
853 4174 932 4244 τῷ
961 4172 1216 4228 δυσσεϐεῖ
1245 4174 1419 4244 τούτῳ
1477 4174 1705 4244 Λικινίῳ
1745 4190 1880 4243 προ-

295 4270 619 4340 καθημένῳ,
647 4269 903 4340 πρόσεισί
932 4285 1014 4330 τις
1038 4267 1145 4321 τῶν
1177 4269 1276 4338 τῆς
1299 4267 1509 4332 τάξεως
1535 4265 1606 4320 τὰ
1633 4265 1763 4338 περὶ
1785 4263 1880 4318 τοῦ

298 4362 450 4415 θείου
471 4360 748 4431 μάρτυρος
768 4357 1381 4432 προσαγγέλλωνιἝστι
1405 4374 1508 4424 τις,
1526 4357 1723 4425 λέγων,
1742 4355 1881 4426 ἀνὴρ

307 4453 581 4528 Ἐρμύλος
611 4453 782 4524 ὄνομα
807 4453 1057 4507 διακόνου
1087 4451 1240 4516 τάξιν
1291 4449 1528 4520 ἐπέχων,
1571 4449 1637 4503 ἐκ
1681 4446 1879 4501 πολλοῦ

1974 3246 2239 3312 studium,
2273 3255 2333 3302 ut
2364 3248 2510 3304 idola
2540 3251 2944 3307 honorarentur
2975 3253 3144 3309 sacris
3167 3263 3222 3309 et
3250 3254 3554 3315 sacrificiis.

1975 3339 2326 3408 impendebat
2358 3357 2506 3397 mors
2540 3344 2723 3414 gravis
2757 3344 3012 3400 omnibus
3041 3345 3390 3413 Christianis,
3428 3348 3564 3403 civi-

1976 3437 2224 3502 tatesque
2262 3444 2482 3503 propter
2545 3435 2696 3504 ipsos
2740 3436 3155 3506 indagabantur,
3202 3447 3258 3493 et
3316 3438 3563 3510 regiones

1976 3525 2189 3593 vicique
2211 3533 2267 3579 et
2298 3525 2412 3595 agri
2452 3525 2669 3581 curiose
2722 3529 3216 3597 perquirebantur:
3247 3537 3301 3584 et
3327 3530 3562 3600 quicun-

1976 3631 2080 3686 que
2108 3614 2478 3671 Christianum
2520 3631 2689 3671 unum
2726 3617 3009 3673 deferebat
3046 3619 3113 3673 ad
3154 3619 3559 3690 imperatorem,

1977 3709 2262 3764 videbatur
2283 3708 2328 3763 is
2344 3724 2464 3765 esse
2493 3709 2544 3764 ei
2567 3709 2884 3778 benevolus,
2905 3711 3167 3783 etdignus
3195 3713 3445 3768 maximis
3466 3713 3566 3769 ho-

1978 3802 2227 3858 noribus.
2255 3799 2522 3868 Quocirca
2549 3811 2604 3856 et
2626 3801 2761 3873 ipse,
2787 3811 2842 3858 et
2860 3802 3172 3874 quicunque
3199 3803 3250 3858 ei
3279 3804 3562 3873 suberant,

1981 3896 2084 3950 hac
2114 3893 2171 3948 in
2212 3909 2272 3949 re
2326 3909 2526 3965 magna
2578 3894 2875 3949 utebantur
2923 3895 3242 3968 diligentia:
3305 3913 3429 3952 cum
3476 3898 3565 3952 ille

1979 3985 2200 4056 quidem
2233 3984 2400 4040 variis
2428 3984 2553 4051 diis,
2579 3984 2636 4039 hi
2666 3999 2798 4040 vero
2838 3983 3158 4056 imperatori
3191 3987 3566 4057 gratificaren-

1983 4087 2072 4132 tur
2094 4077 2266 4149 impio
2294 4087 2350 4132 et
2381 4077 2666 4132 scelerato.
2690 4076 2770 4133 Ad
2800 4078 2950 4134 hunc
2978 4094 3109 4150 ergo
3149 4078 3418 4134 Licinium
3468 4079 3566 4133 ali-

1981 4167 2200 4238 quando
2229 4167 2284 4222 in
2317 4167 2535 4222 sublimi
2579 4167 2860 4224 sedentem
2895 4170 3173 4235 tribunali,
3197 4170 3406 4226 accedit
3442 4171 3568 4240 qui-

1982 4259 2107 4314 dam
2135 4275 2199 4314 ex
2218 4260 2413 4315 ordine
2441 4259 2686 4329 militari,
2712 4262 2958 4318 divinum
2980 4263 3233 4318 deferens
3250 4271 3563 4333 martyrem:

1984 4351 2100 4416 Est,
2133 4352 2344 4416 dicens,
2380 4353 2465 4408 vir
2495 4353 2718 4422 quidam
2751 4352 3041 4426 Hermylus
3078 4354 3322 4420 nomine,
3351 4353 3444 4426 qui
3476 4370 3568 4409 or-

1985 4442 2168 4498 dinem
2191 4443 2405 4497 obtinet
2432 4442 2646 4497 diaconi
2675 4461 2688 4496 :
2718 4443 2810 4512 qui
2839 4444 2932 4498 diu
2962 4443 3180 4514 quidem
3215 4443 3414 4498 abhinc
3464 4443 3565 4496 ob-

299 4549 409 4620 μέν
437 4548 507 4604 τὰ
537 4547 883 4622 Χριστιανῶν
917 4545 1261 4617 πρεσϐεύων,
1291 4545 1449 4607 θεοὺς
1485 4543 1543 4596 δέ
1572 4541 1666 4596 καὶ
1689 4541 1748 4594 σέ
1781 4557 1876 4611 μυ-

1987 4542 2169 4590 servat
2197 4542 2252 4588 et
2279 4533 2407 4588 colit
2433 4533 2570 4587 ritus
2601 4532 3042 4589 Christianorum
3073 4553 3086 4589 :
3133 4535 3266 4588 deos
3297 4541 3479 4587 autem
3510 4539 3566 4586 et

297 4641 602 4713 κτηρίζων,
634 4642 731 4695 καὶ
760 4642 840 4704 εἰς
869 4641 928 4694 τὸ
965 4639 1134 4712 μηδὲν
1170 4635 1334 4702 εἶναι,
1388 4635 1633 4708 βασιλεῦ,
1663 4635 1882 4706 τιθέμε-

297 4753 417 4796 νος.
446 4733 661 4788 Τούτων
689 4735 716 4787 ὁ
747 4734 990 4796 Λικίνιος
1029 4733 1292 4797 ἀκούσας,
1313 4732 1372 4784 οὐ
1414 4730 1624 4802 μέλλων
1663 4723 1731 4801 ἦν
1771 4727 1882 4780 οὐδ’

298 4830 772 4902 ἀναϐαλλόμενος
803 4831 940 4883 ἀλλὰ
961 4833 1072 4893 τοῖς
1097 4829 1442 4900 παρεστῶσιν
1473 4825 1636 4887 εὐθὺς
1665 4823 1882 4876 ἐκέλευε

300 4923 672 4986 συλλαϐόντας
703 4923 863 4976 αὑτὸν
893 4923 1136 4993 ὅπουπερ
1170 4917 1287 4994 ἂνῇ
1318 4919 1662 4987 παραστῆσαι
1689 4916 1766 4986 τῷ
1792 4915 1886 4986 βῆς

305 5030 462 5083 ματι.
496 5012 728 5066 Ἐκεῖνοι
782 5013 880 5083 μὲν
906 5008 1000 5065 οὖν
1033 5011 1310 5082 πανταχοῦ
1377 5008 1882 5080 διερευνησάμενοι,

301 5107 404 5160 καὶ
431 5105 621 5159 τοῦτον
650 5104 943 5176 εὐχόμενόν
981 5121 1082 5158 που
1130 5107 1222 5156 καὶ
1255 5103 1407 5166 ὁσίας
1439 5104 1664 5173 αἶ’ροντα
1694 5101 1882 5170 χεῖρας

300 5196 730 5261 καταλαϐόντες,
756 5197 818 5249 τὸ
847 5195 1126 5266 βασιλικὸν
1163 5195 1311 5266 αὑτῷ
1341 5192 1671 5266 γνωρίζουσι
1713 5191 1880 5264 πρόσο

297 5305 514 5360 ταγμα.
553 5289 612 5342 '0
660 5287 718 5342 δὲ
756 5290 1103 5360 παραχρῆμα
1149 5288 1359 5352 εἵπετο,
1421 5285 1705 5355 πρόθυμος
1749 5299 1884 5352 προ-

301 5379 522 5451 θύμοις,
549 5379 702 5434 οὐδὲν
732 5380 978 5449 ἀγεννὲς,
1010 5380 1161 5434 οὑδέν
1197 5379 1441 5449 μαλακὸν
1467 5377 1560 5430 ἐπὶ
1585 5375 1680 5447 τῆς
1708 5375 1884 5444 ὂψεως

302 5472 645 5543 ὑποφαίνων,
678 5473 773 5541 ἀφ’
805 5466 879 5526 ῶν
926 5473 960 5543 ἡ
1009 5471 1248 5535 διάθεσις
1292 5472 1388 5542 τῆς
1425 5469 1604 5541 ψυχῆς
1672 5467 1885 5538 φανερᾶ

301 5567 519 5636 γίνεται
540 5581 554 5595 ⁸
599 5563 737 5618 ἀλλὰ
767 5563 974 5636 χαίρων
1007 5564 1207 5634 μᾶλλον
1257 5565 1352 5618 καὶ
1397 5561 1601 5632 πολλῆς
1632 5559 1884 5631 ἔμπλεως

301 5659 525 5730 ἡδονῆς,
559 5656 643 5711 ὃτι
689 5654 781 5708 διὰ
833 5655 1074 5726 Χριστὸν
1110 5655 1288 5726 μέλλοι
1320 5653 1536 5719 παθεῖν,
1571 5651 1647 5724 τῷ
1674 5651 1886 5721 βασιλεῖ

300 5747 630 5817 παρίστατο.

376 5837 454 5893 B'.
497 5840 605 5892 Καὶ
632 5840 793 5906 εὐθὺς
824 5843 1028 5904 ἐκεῖνος
1049 5855 1062 5870 ⁸
1091 5839 1432 5913 Ἀπόκριναι,
1461 5841 1628 5910 λέγει,
1662 5841 1756 5894 καὶ
1789 5855 1883 5890 σα-

550 5937 826 5996 ΡΑτιιοι..
874 5937 987 6028 (in.
1043 5936 1261 5999 CXIV.

1989 4637 2041 4682 te
2062 4627 2382 4692 subsannat,
2418 4635 2473 4682 et
2502 4625 2661 4680 nihili
2703 4625 2852 4693 facit,
2876 4641 2908 4680 ο
2943 4626 3260 4696 imperator.
3295 4624 3420 4678 Haec
3440 4639 3565 4678 cum

1987 4719 2251 4774 audiisset
2282 4716 2546 4781 Licinius,
2575 4732 2685 4771 non
2712 4715 2922 4772 distulit
2960 4731 3064 4771 nec
3089 4717 3373 4786 protelavit
3398 4733 3412 4780 ;
3466 4718 3565 4771 scd

1988 4810 2076 4876 iis,
2112 4811 2206 4880 qui
2239 4811 2491 4878 aderant,
2528 4808 2712 4864 statim
2754 4809 2941 4878 jussit,
2983 4815 3045 4862 ut
3094 4824 3216 4865 eum
3254 4810 3566 4880 ubicunque

1988 4913 2134 4960 esset
2157 4906 2708 4977 comprehenderent,
2740 4912 2795 4959 et
2828 4905 2895 4960 ad
2947 4905 3180 4960 tribunal
3214 4905 3565 4961 adducerent.

1989 5000 2168 5068 Atque
2199 4999 2274 5053 illi
2297 5000 2514 5068 quidem
2543 5014 2668 5053 cum
2695 4998 2751 5052 in
2783 4997 2932 5053 omni
2958 4997 3081 5053 loco
3107 5001 3329 5054 scrutati
3357 5008 3564 5064 essent,

1987 5101 2042 5144 ct
2076 5106 2200 5144 eum
2230 5089 2426 5144 alicubi
2456 5100 2726 5154 orantem,
2761 5099 2816 5144 et
2864 5097 3084 5145 sanctas
3134 5105 3326 5146 manus
3369 5090 3569 5146 tollen-

1989 5191 2095 5239 tem
2131 5182 2699 5252 comprehendissent,
2735 5183 2784 5238 ei
2813 5183 3122 5255 signiﬁcant
3145 5185 3358 5256 jussum
3388 5185 3563 5256 impe-

1988 5273 2203 5328 ratoris.
2229 5273 2280 5328 Is
2311 5287 2442 5328 vero
2477 5273 2659 5328 statim
2705 5275 2886 5330 alacer
2915 5276 3124 5331 alacres
3173 5285 3260 5332 est
3321 5285 3562 5342 secutus,

1987 5365 2124 5421 nihil
2169 5366 2422 5437 ignavum
2471 5380 2574 5421 nec
2632 5368 2794 5423 molle
2830 5379 3051 5439 aspectu
3089 5386 3200 5441 prae
3248 5385 3308 5424 se
3358 5369 3562 5436 ferens,

1988 5457 2186 5528 quibus
2215 5472 2281 5512 ex
2312 5457 2479 5512 rebus
2503 5456 2788 5513 manifesta
2825 5459 2885 5514 fit
2932 5459 3129 5514 animae
3157 5457 3371 5514 affectio
3397 5477 3410 5513 :
3467 5459 3562 5514 sed

1990 5555 2233 5627 gaudens
2259 5553 2462 5622 potius,
2488 5562 2544 5608 et
2574 5569 2766 5626 magna
2796 5556 3040 5627 repletus
3071 5555 3276 5619 laetitia,
3299 5553 3444 5624 quod
3477 5563 3558 5609 est

1987 5656 2210 5720 propter
2237 5645 2513 5702 Christum
2536 5663 2818 5718 passurus.

2045 5814 2126 5890 ll.
2161 5834 2255 5889 llle
2283 5849 2455 5892 vero:
2489 5833 2798 5907 Responde,
2851 5834 3045 5904 inquit,
3083 5839 3137 5886 et
3176 5839 3362 5900 aperte
3392 5831 3561 5903 signi.

3170 5927 3244 5986 18
