3846 6462
360 325 465 389 res

1593 325 1875 387 MENSIS
1922 322 2373 388 JANUARIUS.

3513 327 3626 393 556

362 439 485 505 nea,
513 452 581 492 an
612 446 662 492 te
699 436 1072 494 Christianum
1117 434 1305 493 faleris
1332 451 1477 504 esse,
1533 436 1675 492 sicut
1731 438 1934 491 audivi-

2048 436 2164 505 φῶς
2193 436 2429 505 δίδαξον,
2462 434 2623 508 εἴπερ
2654 435 2763 507 ἄρα
2812 436 3140 508 Χριστιανὸς
3166 431 3307 491 εἶναι
3337 437 3627 510 ὁμολογεῖς

360 543 502 584 mus.
539 526 635 583 llic
662 545 793 586 vero
822 546 837 582 :
872 528 988 584 Non
1023 527 1197 584 solum
1231 529 1357 592 hoc,
1405 528 1599 602 inquit.
1642 546 1765 585 cum
1807 545 1943 600 pne-

359 623 503 677 elara
538 622 808 678 sententia
843 631 899 677 et
929 638 1061 678 voce
1090 620 1379 688 conﬁteor,
1438 623 1535 678 sed
1583 622 1767 683 etiam,
1799 620 1943 690 quod

360 712 495 780 Deo,
543 713 635 785 qui
663 714 765 769 sub
805 712 981 769 visum
1018 731 1128 771 non
1169 715 1333 779 cadit,
1381 729 1499 768 sum
1548 720 1941 768 consecratus:

358 815 413 860 et
445 806 491 860 ei
523 805 742 872 aSsisto,
769 814 829 860 ut
856 804 947 877 qui
975 807 1122 863 illius
1148 800 1324 861 factus
1369 805 1469 861 sim
1519 805 1800 860 diaconus.
1835 801 1944 855 lm-

357 908 579 969 perator
632 907 816 954 autem
865 900 1055 955 volens
1097 915 1156 955 se
1213 899 1500 954 ostendere
1547 894 1831 954 urbanum.
1888 901 1943 947 et

357 991 513 1045 valde
536 991 917 1062 ingeniosum:
955 992 1097 1062 Ergo
1131 1000 1204 1058 te,
1249 990 1445 1061 inquit,
1496 988 1602 1043 diis
1629 987 1940 1053 diaconum,

355 1082 460 1136 hoc
485 1089 607 1148 est,
642 1082 947 1137 ministrum
988 1081 1204 1136 exhibe.
1252 1079 1450 1151 Martyr
1488 1086 1669 1132 autem
1695 1076 1750 1131 in
1775 1075 1941 1130 risum

357 1191 581 1235 vertens
644 1178 763 1248 ejus
812 1185 1120 1250 promptum
1157 1187 1209 1232 et
1266 1172 1513 1231 versatile
1562 1186 1937 1244 responsum:

350 1270 589 1337 Videris,
646 1270 864 1341 inquit,
890 1269 1022 1325 mihi
1073 1283 1195 1323 esse
1246 1267 1443 1323 surdus
1469 1306 1483 1329 ,
1512 1280 1545 1319 ο
1602 1262 1938 1333 imperator,

355 1370 449 1414 aut
522 1361 687 1415 etiam
749 1360 975 1417 stultum
1044 1374 1226 1430 agere.
1281 1357 1400 1413 Dixi
1470 1356 1565 1412 tibi
1637 1369 1725 1410 me
1778 1354 1940 1408 mini-

354 1460 526 1504 strare
558 1452 686 1514 Deo,
708 1451 799 1522 qui
842 1466 952 1505 non
991 1451 1138 1504 cadit
1181 1448 1280 1503 sub
1311 1456 1592 1519 aspectum
1631 1464 1643 1499 :
1694 1458 1805 1499 non
1837 1460 1937 1498 au-

358 1556 465 1599 tem
515 1545 706 1599 horum
762 1545 856 1614 qui
909 1544 1203 1608 videntur,
1254 1551 1348 1597 aut
1405 1542 1588 1611 potius
1631 1555 1703 1594 ne
1755 1540 1942 1595 vident

353 1637 594 1706 quidem,
635 1651 758 1691 esse
792 1636 1109 1700 diaconum,
1144 1649 1282 1704 quos
1328 1632 1464 1702 ipse,
1500 1640 1559 1687 ut
1590 1631 1680 1702 qui
1715 1630 1934 1697 falleris,

2045 524 2233 599 ὥσπερ
2274 527 2613 600 ἠκούσαμεν.
2663 530 2721 582 ὐ
2768 530 2866 597 δὲ,
2919 530 2993 583 Ού
3053 531 3235 601 μόνον,
3269 531 3413 605 ἔφη,
3465 532 3628 587 τοῦτο

2047 622 2187 693 μετὰ
2216 622 2479 695 λαμπρᾶς
2503 620 2579 686 ὡς
2617 622 2726 694 ἔχω
2760 624 2854 677 καὶ
2893 622 3122 694 γνώμης
3165 625 3261 678 καὶ
3308 626 3496 696 φωνῆς
3528 627 3629 682 άν-

2044 712 2317 783 ομολογῶ,
2348 714 2464 768 ἀλλ’
2492 715 2576 769 ὅτι
2610 715 2708 769 καὶ
2736 715 2812 783 τῷ
2844 716 3065 786 ἀοράτῳ
3098 714 3220 786 Θεῷ
3248 716 3624 790 καθιέρωμαι.

2044 806 2140 859 καὶ
2186 804 2335 878 αὐτῷ
2364 806 2732 877 παρίσταμαι,
2763 806 3010 870 διάκονος
3055 807 3267 861 ἐκείνου
3319 810 3632 879 γεγενημέ-

2043 916 2155 965 νος.
2183 899 2296 953 Καὶ
2324 900 2352 954 ὁ
2385 898 2643 971 βασιλεὺς
2672 898 2883 969 κομψὸν
2911 899 3105 953 ἑαυτὸν
3132 896 3272 954 εἶναι
3301 901 3398 955 καὶ
3426 917 3628 973 περιτ-

2040 988 2148 1054 τῶς
2176 989 2439 1061 ἀγχίνουν
2466 990 2636 1058 δεῖξαι
2668 989 2994 1061 βουλόμενος
3013 1030 3028 1053 ,
3064 992 3294 1058 Οὐκοῦν,
3326 992 3466 1064 ἔφη,
3505 995 3622 1057 τοῖς

2042 1082 2183 1145 θεοῖς
2226 1081 2567 1153 διακόνησον.
2619 1082 2677 1137 '0
2726 1083 2782 1136 δὲ
2819 1082 3033 1156 μάρτυς
3065 1086 3144 1147 είς
3192 1084 3408 1153 γέλωτα
3475 1084 3624 1139 λύων

2041 1175 2208 1231 αὐτοῦ
2252 1176 2315 1230 τὸ
2345 1174 2743 1247 ἀγχίστροφον,
2783 1175 3072 1245 Κωφεύειν
3110 1192 3201 1245 μοι
3240 1176 3432 1247 φαίνῃ,
3468 1177 3625 1245 βασι⁹

2039 1267 2157 1333 λεῦ,
2188 1267 2316 1339 ἔφη,
2371 1268 2405 1341 ἢ
2441 1268 2535 1321 καὶ
2582 1266 2673 1319 τὸν
2707 1268 2891 1338 μωρὸν
2919 1267 3344 1339 ὑποκρίνεσθαι’
3375 1269 3499 1341 Θεῷ
3539 1270 3625 1323 σοὶ

2041 1359 2179 1431 ἔφην
2206 1360 2285 1428 τῷ
2315 1359 2534 1431 ἀοράτῳ
2563 1359 2831 1414 διακονεῖν
2856 1373 2871 1389 ⁶
2921 1359 2995 1430 μὴ
3027 1359 3138 1431 γὰρ
3171 1359 3235 1430 δὴ
3268 1359 3477 1413 τούτων
3513 1359 3624 1413 τῶν

2040 1450 2339 1521 ὁρωμένων
2386 1450 2420 1521 ἢ
2457 1451 2593 1521 μηδὲ
2631 1449 2885 1521 ὁρώντων
2921 1451 3121 1521 μᾶλλον
3168 1445 3308 1505 εἶναι
3337 1451 3619 1515 διάκονος’

2040 1540 2134 1605 οὒς
2158 1541 2323 1606 αὐτὸς
2344 1542 2420 1605 ώς
2446 1540 2604 1606 θεοὺς
2625 1541 2978 1615 πλανώμενος
3006 1542 3208 1607 σέδεις,
3225 1542 3409 1608 λίθους
3434 1545 3619 1609 ὄντας,

2041 1634 2139 1688 καὶ
2169 1633 2325 1701 ξύλα,
2378 1635 2473 1688 καὶ
2506 1635 2668 1704 κωφὰ
2700 1634 2838 1707 ἔργα
2868 1635 2968 1706 τῆς
3010 1636 3196 1707 χειρὸς
3243 1637 3618 1708 ἀνθρωπίνης,

316 1726 319 1729 ’
352 1728 577 1797 perinde
636 1744 699 1784 ac
735 1728 868 1784 deos
896 1727 1073 1783 colis:
1106 1741 1231 1782 eum
1287 1724 1399 1779 sint
1433 1724 1643 1794 lapides
1675 1731 1732 1778 et
1785 1722 1931 1793 ligna

2040 1727 2131 1780 καὶ
2169 1729 2282 1790 τοῖς
2314 1726 2636 1797 εὐφρανοῦσι
2670 1728 2933 1796 γελᾶσθαι
2973 1728 3177 1798 μᾶλλον
3216 1728 3249 1801 ἢ
3297 1735 3623 1798 προσκυνεῖο

350 1818 575 1876 omnino
607 1818 870 1883 inanima,
905 1825 960 1871 et
994 1814 1157 1871 surda
1199 1829 1365 1886 opera
1396 1828 1593 1868 manus
1640 1813 1927 1873 humanm.

2040 1817 2164 1871 σθαι
2189 1815 2337 1881 ἄξια.
2373 1818 2486 1871 οὐκ
2518 1817 2720 1890 ἤνεγκε
2760 1817 2861 1890 τὴν
2910 1798 3247 1891 ιιιςοιρῤιγγσίειν⁷
3277 1820 3305 1872 ὁ
3335 1820 3617 1890 βασιλεὺς,

349 1923 542 1983 etqute
582 1911 647 1966 iis
693 1910 785 1981 qui
826 1910 1048 1981 sapiunt
1080 1915 1209 1963 sunt
1248 1907 1431 1977 potius
1502 1904 1729 1961 ridenda
1768 1918 1929 1974 quam

349 2004 649 2059 adoranda.
703 2002 822 2056 Non
863 2001 988 2057 tulit
1016 2001 1313 2070 imperator
1341 1998 1558 2054 dicendi
1600 1996 1930 2058 libertatem.

350 2096 445 2152 sed
476 2096 662 2150 statim
697 2092 1021 2164 quibusdam
1073 2089 1452 2145 instrumentis
1477 2086 1666 2152 aeneis,
1720 2086 1786 2140 ad
1838 2101 1931 2141 su-

352 2190 611 2245 mendum
640 2185 966 2257 supplicium
1006 2182 1290 2247 confectis,
1322 2181 1479 2250 jubet
1505 2195 1672 2251 genas
1713 2178 1931 2249 quidem

351 2276 630 2333 verberari
665 2274 938 2346 martyris,
970 2286 1279 2343 praconem
1325 2278 1507 2325 autem
1560 2267 1677 2323 hac
1719 2267 1933 2338 procla-

355 2384 547 2436 mare:
578 2366 658 2422 Ne
684 2367 760 2422 sis
782 2365 964 2436 lingua
983 2363 1213 2417 nimium
1247 2360 1529 2432 profusus,
1564 2375 1597 2415 ο
1646 2359 1930 2431 llermyle:

353 2434 560 2517 honora
606 2434 1021 2528 imperatorem,
1053 2453 1161 2509 diis
1209 2452 1479 2518 sacriﬁea,
1540 2461 1595 2507 et
1639 2451 1870 2507 liberare
1903 2465 1934 2504 a

350 2549 638 2623 supplicio.
670 2546 724 2603 ls
773 2557 982 2608 autem,
1019 2544 1237 2600 etiamsi
1276 2544 1354 2598 sic
1401 2543 1807 2606 verberaretur,
1841 2556 1936 2612 pe-

352 2643 508 2699 rinde
542 2657 606 2696 ac
634 2640 679 2696 si
716 2638 854 2694 nihil
877 2636 1088 2693 subiret
1125 2636 1442 2700 molestum,
1485 2643 1675 2691 contra
1704 2642 1934 2706 tyranno

349 2736 517 2791 etiam
554 2730 924 2804 exprobrabat
956 2727 1409 2794 imbecillitatem,
1428 2734 1490 2781 ut
1516 2726 1609 2796 qui
1631 2724 1784 2781 dubii
1810 2740 1937 2797 per-

348 2826 602 2899 p'exique
630 2831 778 2880 esset
801 2820 991 2888 animi,
1019 2826 1073 2874 et
1105 2818 1266 2890 plane
1299 2818 1513 2873 victus:
1548 2826 1603 2873 et
1655 2816 1778 2873 ideo
1826 2830 1937 2871 non

348 2931 510 2972 secus
545 2913 687 2980 acii,
718 2912 810 2983 qui
841 2920 971 2968 sunt
998 2910 1181 2982 pusilli
1224 2918 1279 2965 et
1309 2909 1507 2980 abjecti
1533 2909 1721 2973 animi,
1760 2923 1828 2964 ex
1859 2907 1938 2962 ira

348 3005 578 3061 inferret
635 3002 986 3073 supplicium.
1041 2998 1251 3055 Deinde
1297 2999 1462 3053 etiam
1508 2997 1742 3053 clariore
1804 3011 1938 3052 voce

349 3102 550 3149 utens:
593 3092 804 3163 Plagas,
841 3091 1045 3161 inquit,
1078 3105 1200 3161 qum
1230 3103 1511 3159 nunquam
1566 3088 1846 3148 desinunt,
1880 3092 1937 3140 et

350 3185 564 3241 divinas
592 3196 786 3237 manus
803 3179 1121 3252 esperieris,
1144 3179 1290 3253 quod
1313 3193 1380 3236 eo
1402 3177 1495 3248 qui
1543 3187 1594 3232 te
1629 3178 1777 3240 fecit,
1810 3176 1934 3230 reli-
1959 3153 2003 3211 (ἶ

348 3279 461 3341 cto,
480 3272 665 3328 surdis
680 3270 913 3326 etmutis
936 3268 1042 3331 diis
1055 3268 1311 3335 attendis,
1339 3276 1392 3323 et
1413 3266 1558 3338 quod
1583 3275 1665 3321 est
1691 3266 1928 3337 gravius,

350 3365 582 3421 aliorum
613 3362 783 3419 veluti
804 3360 966 3417 saluti
998 3360 1251 3417 invidens
1279 3358 1566 3415 contendis
1588 3358 1655 3413 ad
1682 3356 1843 3413 cumd
1880 3372 1929 3410 m

352 3459 576 3515 trahere
607 3456 912 3514 interitum.

421 3551 508 3606 ιιι.
529 3549 820 3622 Postquam
838 3556 1017 3605 autem
1041 3548 1216 3604 visum
1240 3559 1326 3605 est
1349 3548 1662 3619 imperatori
1684 3547 1930 3605 sullicere

300 3714 305 3717 _
350 3642 700 3714 supplicium,
725 3639 864 3696 etita
887 3637 1091 3709 aliquid
1107 3636 1318 3693 remisit
1334 3638 1401 3693 de
1425 3638 1591 3691 nimia
1614 3638 1930 3704 acerbitate,

353 3734 517 3790 tradit
550 3744 841 3803 martyrem
886 3730 1113 3799 carceri,
1143 3739 1199 3786 et
1255 3740 1367 3785 tres
1397 3730 1513 3785 dies
1549 3730 1715 3802 jussit
1762 3730 1815 3785 in
1867 3745 1933 3803 eo

352 3842 595 3887 manere,
620 3823 896 3889 Fortasse,
934 3823 1146 3889 dicens,
1173 3821 1406 3876 ducetur
1433 3822 1751 3893 pmnitentia
1781 3838 1933 3878 vana:

353 3934 467 3972 sua:
494 3906 827 3986 pertinaciae.
862 3911 1065 3985 Martyr
1097 3913 1281 3984 itaque
1307 3912 1496 3968 abiens
1533 3914 1589 3968 in
1634 3929 1929 3983 carcerem,

355 4007 661 4080 psallebat:
694 4004 952 4058 Dominus
982 4004 1109 4057 mihi
1143 4004 1379 4073 adjutor,
1422 4020 1524 4058 non
1564 4004 1750 4058 timebo
1805 4006 1931 4076 quid

353 4100 518 4171 faciat
550 4097 676 4151 mihi
703 4096 907 4151 liomo‘.
942 4094 1199 4149 Dominus
1240 4096 1368 4149 milii
1421 4096 1661 4160 adiutor,
1714 4111 1818 4150 non
1866 4098 1935 4151 ti-

354 4192 499 4245 mebo
524 4189 649 4260 quid
682 4188 850 4258 faciat
877 4188 1002 4242 mihi
1036 4189 1203 4242 caro’.
1251 4186 1371 4242 lam
1403 4196 1587 4244 autem
1618 4188 1934 4260 ingrediens

353 4281 680 4349 custodiam,
721 4279 824 4346 Qui
857 4280 1029 4351 pascis
1058 4279 1252 4346 Israel,
1307 4279 1545 4347 dicebat,
1581 4282 1814 4346 attende,
1844 4282 1933 4361 qui

352 4372 564 4427 deducis
590 4381 845 4444 tauquam
879 4388 1023 4426 ovem
1056 4369 1271 4443 Ioseph.
1317 4371 1418 4438 Qui
1447 4374 1592 4428 sedes
1623 4391 1779 4444 super
1800 4372 1933 4430 Clie-

2036 1908 2153 1962 ἁλλ’
2203 1909 2408 1972 εὐθέως
2471 1909 2724 1979 ὀργάνοις
2767 1910 2877 1963 τισὶ
2919 1910 3142 1980 χαλκοῖς
3171 1910 3310 1981 πρὸς
3339 1911 3620 1982 τιμωρίαν

2050 2000 2496 2073 ἐξειργασμένοις
2538 2001 2751 2055 κελεύει
2783 2001 2884 2065 tiu;
2911 2003 3169 2071 σιαγόνας
3205 2003 3305 2074 μὲν
3344 2003 3436 2057 τὸν
3471 2004 3619 2074 μάρ-

2045 2111 2183 2164 τυρα
2213 2091 2536 2157 τύπτεσθαι,
2577 2093 2667 2148 τὸν
2691 2094 2748 2148 δὲ
2776 2094 2997 2166 κήρυκα
3023 2094 3250 2148 τοιαῦτα
3287 2096 3617 2165 ἐπιφωνεῖνσ

2035 2185 2224 2239 Φείδου
2256 2184 2328 2238 τὰ
2358 2184 2530 2238 πολλὰ
2559 2184 2827 2255 γλώττης,
2865 2185 3123 2257 Ἐρμύλε,
3156 2185 3290 2256 τίμα
3321 2186 3412 2240 τὸν
3447 2186 3618 2240 αὐτο·

2042 2278 2309 2348 κράτορα,
2348 2276 2443 2332 θύε
2473 2280 2585 2342 τοῖς
2617 2276 2780 2342 θεοῖς,
2813 2277 2907 2331 καὶ
2945 2277 3294 2333 ἀπαλλάττου
3319 2278 3422 2349 τῆς
3446 2296 3623 2349 τιμω-

2039 2371 2185 2441 ρίας.
2227 2370 2288 2427 ’0
2314 2370 2371 2424 δὲ
2397 2372 2492 2425 καὶ⁸
2526 2369 2674 2424 οὕτω
2716 2369 3077 2443 τυπτόμενος,
3134 2369 3326 2443 ὥσπερ
3376 2371 3487 2425 τῶν
3527 2371 3620 2424 λυ-

2037 2458 2286 2515 πούντων
2312 2460 2464 2514 οὐδὲν
2497 2459 2864 2530 ὑφιστάμενος
2886 2501 2901 2525 ,
2935 2460 3247 2513 τούναντίον
3280 2460 3377 2530 μὲν
3401 2454 3496 2513 οῦν
3522 2461 3619 2513 καὶ

2037 2552 2323 2607 ἀσθένειαν
2346 2551 2589 2614 ὠνείδιζε
2619 2550 2696 2622 τῷ
2724 2550 2995 2622 τυράννῳ,
3028 2544 3117 2603 οἷα
3148 2552 3259 2613 τοῖς
3293 2548 3437 2612 ὅλοις
3473 2549 3617 2603 ἀπο-

2041 2646 2287 2718 ρουμένῳ
2330 2645 2428 2697 καὶ
2480 2643 2811 2714 ἡττωμένῳ,
2841 2642 2936 2696 καὶ
2970 2642 3143 2712 παρὰ⁶
3169 2640 3329 2695 τοῦτο
3377 2643 3493 2705 τοῖς
3528 2659 3619 2711 μισ

2038 2738 2333 2809 κροψύχοις
2354 2738 2555 2807 ὁμοίως
2585 2735 2706 2789 κατ’
2726 2734 2899 2806 ὀργὴν
2918 2735 3181 2802 ἐπάγοντι
3194 2732 3296 2796 τὰς
3320 2732 3615 2803 βασάνους.

2039 2829 2171 2885 Εἶτα
2204 2830 2298 2883 καὶ
2343 2828 2704 2900 λαμπροτέρα
2749 2826 3095 2899 χρησάμενος
3140 2828 3206 2897 τῇ
3242 2828 3433 2897 φωνῇ,
3472 2825 3619 2895 Πληι-

2038 2921 2173 2989 γῶν,
2229 2920 2356 2990 ἔφη,
2408 2918 2665 2990 τύραννε,
2719 2918 2829 2971 τῶν
2885 2916 3157 2988 μηδέποτε
3192 2916 3479 2986 ληγουτῶν
3520 2919 3617 2969 καὶ

2040 3012 2198 3065 θείων
2255 3010 2566 3084 πειραθήσῃ
2622 3010 2843 3081 χειρῶν,
2894 3010 2976 3062 ὃτι
3041 3009 3133 3061 τον
3182 3008 3491 3077 ποιήσαντά
3556 3022 3614 3059 σε

2042 3101 2360 3159 καταλιπὼν
2394 3106 2599 3169 κωςοίς
2657 3101 2753 3154 καὶ
2793 3099 3013 3161 ἁλάλοις
3053 3099 3415 3170 προσανέχεις
3450 3096 3613 3162 θεοῖς,

2038 3196 2130 3251 καὶ
2156 3194 2216 3248 τὸ
2253 3194 2320 3265 δὴ
2369 3194 2773 3265 χαλεπώτερον,
2811 3193 2894 3246 ὅτι
2924 3194 3154 3254 καὶτοῖς
3205 3190 3387 3255 ἄλλοις
3423 3188 3615 3260 ὥσπερ

2040 3285 2351 3356 βασκαίνων
2380 3285 2478 3353 τῆς
2510 3285 2786 3355 σωτηρίας
2818 3285 2957 3355 πρὶς
3006 3282 3102 3354 τὴν
3151 3284 3274 3353 ίσην
3334 3283 3614 3337 ἀπώλειαν

2037 3375 2265 3432 ἑλκῦσαι
2300 3376 2655 3446 φιλονεικεῖς.

2109 3559 2189 3613 Ι”.
2235 3558 2395 3613 Ἐπεὶ
2444 3557 2502 3613 δὲ
2554 3556 2756 3621 ίκανῶς
2782 3556 2958 3624 ἔδοξεν
2985 3555 3131 3629 ἔχειν
3168 3556 3247 3628 τῷ
3295 3556 3508 3628 βασιλεῖ
3546 3556 3615 3610 τε

2035 3652 2134 3722 τῆς
2159 3651 2454 3723 τιμωρίας,
2505 3650 2601 3706 καὶ
2646 3652 2676 3705 ὁ
2733 3649 2905 3721 θυμδς
2947 3647 3099 3719 αὐτῷ
3138 3648 3240 3720 ἤδη
3274 3648 3375 3720 τῆς
3408 3648 3616 3718 πολλῆς

2036 3743 2370 3815 πικρότητος
2396 3742 2627 3797 ἐνεδίδου
2653 3741 3016 3813 δεσμωτηρίῳ
3048 3742 3137 3795 τὸν
3169 3742 3430 3812 μάρτυρα
3470 3757 3618 3812 παρ-

2036 3836 2231 3899 εδίδου,
2279 3835 2374 3889 καὶ⁸
2403 3837 2484 3900 είς
2529 3835 2721 3908 τρίτην
2753 3836 2814 3889 ὲν
2854 3834 3005 3907 αὐτῷ
3040 3834 3260 3890 ἐκέλευε
3294 3834 3610 3905 διαμένειν,

2040 3925 2224 3987 Ἴσως,
2254 3923 2453 3995 λέγων,
2490 3924 2584 3979 καὶ
2616 3924 2988 3996 μεταμελήσοι
3036 3924 3184 3995 αύτῷ
3228 3925 3327 3991 τῆς
3374 3924 3618 3993 ματαίας

2035 4018 2362 4081 ἐνστάσεως.
2409 4017 2467 4071 ’0
2525 4018 2735 4091 μάρτυς
2759 4018 3052 4089 τοιγαροῦν
3089 4016 3226 4089 πρὸς
3255 4015 3356 4088 τὴν
3388 4015 3617 4088 εἱρκτὴν

2035 4109 2212 4165 ἀπιὼν
2245 4109 2440 4180 ἔψαλλε
2460 4128 2473 4142 ·
2506 4113 2725 4180 Κύριος
2756 4111 2883 4182 ἐμοὶ
2912 4110 3173 4178 βοηθὸς,
3200 4110 3300 4164 καί
3328 4110 3400 4162 οὐ
3429 4110 3614 4178 φοϐη-

2036 4202 2297 4272 θήσομαι
2327 4202 2385 4256 τί
2420 4200 2665 4270 ποιήσει
2703 4219 2809 4270 μοι
2851 4200 3167 4270 ἄνθρωπος
3189 4216 3203 4231 ·
3235 4200 3450 4267 Κύριος
3481 4199 3615 4267 ἐμοί

2029 4294 2279 4361 βοηθὸς,
2303 4294 2401 4349 καί
2431 4296 2505 4349 οὐ
2533 4293 2951 4364 φοϐηθήσομαι
2979 4295 3036 4347 τί
3046 4291 3293 4359 ’ποιήσει
3305 4309 3408 4361 μοι
3430 4290 3612 4360 σάρξ.

2036 4388 2235 4443 Είσιὼν
2285 4390 2342 4443 δὲ
2381 4390 2483 4460 ἤδη
2543 4388 2644 4458 τὴν
2702 4388 2980 4460 φυλακὴν,
3019 4387 3084 4442 '0
3138 4388 3472 4457 ποιμαίνων
3509 4387 3616 4440 τὸν

354 4468 545 4531 rubim,
569 4467 933 4539 manifestare'
971 4485 985 4526 :
1018 4475 1074 4521 et
1102 4466 1225 4521 veni
1254 4466 1322 4521 ad
1348 4482 1447 4522 nos
1475 4468 1793 4524 servandos.
1823 4466 1928 4524 Sed

2049 4481 2309 4551 Ἰσραὴλ,
2335 4480 2509 4549 ἔλεγε,
2540 4482 2841 4550 πρόσχες·
2879 4484 2911 4535 ὀ
2949 4479 3185 4549 ὁδηγῶν
3212 4480 3354 4533 ὡσεὶ
3390 4480 3617 4547 πρόϐα-

353 4562 430 4614 sic
458 4559 675 4631 quidem
700 4567 923 4632 martyr,
952 4566 1005 4613 et
1038 4557 1113 4613 sic
1146 4574 1266 4629 qua:
1296 4566 1455 4613 erant
1497 4559 1678 4629 gravia
1709 4567 1763 4614 et
1810 4574 1929 4615 mo-

353 4654 510 4717 lesta,
543 4662 766 4725 propter
811 4651 1091 4708 Christum
1124 4651 1235 4723 pati
1272 4651 1465 4706 voluit.
1526 4649 1779 4707 Christus
1830 4670 1931 4707 au-

356 4756 462 4797 tem
486 4744 759 4815 quomodo
781 4760 838 4800 se
860 4743 1083 4800 habuit?
1112 4741 1253 4797 Num
1282 4741 1545 4797 famulum
1571 4744 1937 4814 contempsit?

351 4841 493 4897 Num
548 4843 641 4899 illo
686 4843 948 4919 patiente.
1003 4841 1243 4913 neglexit
1310 4840 1427 4913 ipse
1473 4842 1933 4897 consolationem?

354 4933 419 4989 Et
447 4934 723 5009 quomodo
748 4934 909 4989 fuerit
941 4933 1047 4987 hoc
1077 4931 1249 4987 nostri
1300 4931 1419 4995 Dei,
1467 4932 1930 5004 benignitatisque

354 5037 406 5081 et
438 5027 907 5097 clementiae,qu:e
958 5040 1178 5079 omnem
1230 5032 1452 5095 supcrat
1511 5025 1935 5096 cogitationem?

356 5116 469 5171 Son
512 5134 640 5192 ergo
677 5117 880 5175 dcl'ecit
916 5132 1076 5186 opem
1113 5114 1317 5180 ferens,
1355 5116 1450 5171 sed
1484 5116 1644 5171 etiam
1688 5117 1934 5173 incitavit

354 5209 417 5263 ad
443 5208 609 5262 animi
659 5207 1060 5268 fortitudinem.
1108 5218 1162 5261 et
1203 5206 1271 5262 ad
1307 5222 1431 5261 eum
1477 5207 1729 5279 angelum
1770 5208 1934 5265 mittit

352 5302 780 5369 consolatorem,
809 5301 1125 5355 dicentem:
1161 5299 1430 5370 llermyle,
1464 5310 1581 5356 esto
1631 5301 1775 5357 bono
1811 5301 1932 5356 ani-

352 5406 461 5456 mo,
485 5402 540 5445 et
563 5392 673 5445 noli
707 5392 897 5446 timere
929 5410 940 5444 :
975 5391 1229 5461 loquere,
1258 5400 1311 5445 et
1333 5392 1445 5444 noli
1492 5401 1693 5448 tacere.
1732 5391 1930 5448 Decer-

356 5495 425 5547 Ia,
461 5489 515 5537 et
537 5482 648 5537 noli
683 5483 896 5538 timere.
931 5480 1051 5537 Mox
1086 5482 1231 5535 enim
1263 5482 1450 5537 vinces
1478 5484 1691 5555 tyranni
1724 5484 1932 5539 machi-

352 5589 448 5630 nas
476 5584 533 5631 et
579 5578 812 5645 desuper
855 5576 995 5632 feres
1035 5574 1346 5644 prazelaram
1374 5591 1627 5630 coronam
1664 5577 1925 5648 martyrii.

421 5764 433 5796 ι
473 5760 610 5815 l‘sal.
642 5774 807 5822 «xxii,
832 5757 886 5812 6.
966 5758 983 5788 ¹
1017 5754 1157 5811 i'sal.
1192 5770 1279 5819 tv,
1319 5756 1369 5808 ὃ.
1452 5755 1636 5810 1|l'sal.
1667 5753 1918 5818 t.xxtx,5.

2037 4592 2146 4629 τον
2174 4576 2282 4629 τὸν
2324 4574 2562 4642 Ἰωσὴφ.
2593 4577 2628 4630 ὀ
2655 4576 2994 4644 καθήμενος
3023 4574 3121 4627 ἐπὶ
3155 4574 3273 4629 τῶν
3298 4574 3613 4641 Χερουϐὶμ,

2036 4663 2381 4733 ἐπιφάνηθι,
2414 4665 2508 4718 καὶ
2534 4664 2656 4718 ὲ).οὲ
2680 4664 2760 4728 εἰς
2787 4664 2849 4717 τὸ
2880 4664 3053 4717 σῶσαι
3089 4665 3257 4732 ἡμᾶς.
3278 4661 3417 4721 Ἀλλ·
3456 4665 3484 4715 ὁ
3517 4663 3613 4733 μὲν

2041 4757 2254 4826 μάρτυς
2305 4754 2498 4819 οὕτως,
2544 4758 2639 4808 καὶ
2690 4755 2833 4809 οὕτω
2877 4755 2949 4808 τὰ
2982 4754 3203 4824 λυπηρά
3252 4754 3485 4824 πάσχειν
3523 4755 3615 4807 διὰ

2036 4846 2276 4914 Χριστὸν
2311 4846 2611 4917 προῄρητο.
2633 4846 2692 4896 ’0
2716 4846 2771 4899 δὲ
2802 4847 3043 4917 Χριστὸς
3071 4841 3184 4914 εἶχε
3218 4846 3361 4911 7.61;;
3403 4845 3478 4916 μὴ
3505 4846 3615 4917 ἄρα

2035 4936 2128 4989 τοῦ
2164 4935 2495 5008 θεράποντος
2544 4936 2852 5010 ὠλιγώρεις
2912 4938 2987 5008 μὴ
3044 4935 3252 4992 ἐκείνου
3301 4940 3611 5008 πάσχοντος

2037 5026 2200 5091 αὐτὸς
2233 5026 2428 5099 ἡμέλει
2479 5028 2577 5097 τῆς
2623 5028 3056 5101 παρακλήσεωςς
3105 5029 3200 5080 καὶ
3228 5029 3364 5092 ’πῶς
3408 5030 3475 5083 ἂν
3529 5033 3613 5100 εἴη

2034 5117 2195 5173 τοῦτο
2238 5119 2334 5173 τοῦ
2384 5120 2654 5193 ἡμετέρου
2680 5119 2840 5188 Θεοῦ,
2871 5122 2966 5174 καὶ
2996 5121 3095 5190 τῆς
3140 5120 3317 5176 πάντα
3343 5121 3472 5175 νοῦν
3513 5122 3617 5175 ὐπ-

2042 5226 2065 5261 ε
2077 5209 2344 5281 ρεχούσης
2372 5211 2821 5281 φιλανθρωπίαςς
2854 5212 2967 5265 Οὐκ
2996 5212 3088 5267 οὖν
3114 5208 3345 5265 ἀπέλιπε
3379 5212 3615 5284 βοηθῶν,

2035 5302 2174 5356 ἀλλὰ
2208 5301 2345 5372 πρὸς
2378 5301 2600 5373 ἀνδρίαν
2622 5302 2943 5374 διερεθίζων
2971 5299 3060 5375 ἦν,
3084 5305 3177 5357 καὶ
3201 5303 3434 5372 ἄγγελον
3463 5303 3619 5378 αὐτῷ

2037 5393 2388 5465 παράκλητον
2436 5394 2780 5464 ἐπιπέμπει,
2829 5395 3087 5466 Ἕρμύλε,
3118 5395 3365 5463 λέγοντα,
3415 5395 3616 5471 θάρρει

2035 5486 2131 5540 καὶ
2162 5485 2238 5557 μὴ
2276 5484 2465 5556 φοϐοῦ,
2519 5485 2668 5540 λάλει
2699 5488 2794 5540 καὶ
2844 5486 2920 5559 μὴ
2970 5487 3171 5553 σιώπα,
3206 5486 3478 5555 ἀγωνίζου
3521 5493 3617 5543 καὶ

2038 5578 2114 5651 μὴ
2140 5577 2333 5633 δειλία.
2366 5579 2631 5651 Νικήσεις
2687 5582 2796 5654 γὰρ
2846 5581 2970 5635 ὅσον
3018 5579 3172 5636 οῦπω
3215 5580 3314 5645 τὰς
3359 5584 3616 5653 μηχανὰς

2514 5825 2637 5859 .5.)
