3846 6470
280 387 385 454 557

1203 381 1373 445 νΙΤΑ
1408 381 1511 440 SS.
1555 378 1904 438 HERMYLI
1946 376 2041 437 ET
2082 366 2554 440 STRATONICI.

3419 372 3527 442 διε

279 505 376 560 τοῦ
416 500 712 574 τυράννου,
763 480 861 556 καὶ
896 496 1278 573 λαμπρότερον
1308 494 1515 551 ἄνωθεν
1555 495 1722 565 κομιῇ
1758 492 1845 545 τοῦ

1961 488 2049 546 Sic
2075 488 2220 544 Deus
2257 497 2430 544 armat
2456 489 2637 560 potius
2668 490 2930 548 adversus
2956 499 3267 564 tyrannum,
3293 494 3384 565 qui
3418 514 3526 550 tum

277 595 587 669 μαρτυρίου
622 591 911 664 στέφανον.
949 589 1136 653 Οὕτως
1167 585 1378 652 ὁπλίζει
1411 584 1544 649 Θεὸς
1573 585 1715 638 κατὰ
1754 582 1850 638 τοῦ

278 688 525 758 ἀφανοῦς
563 684 765 756 μᾶλλον
792 682 1084 755 τυράννου,
1133 674 1667 748 οὖτωιπεριζὼννυσι
1696 674 1857 729 δύνα-

277 797 396 848 μιν,
431 777 532 831 καὶ
574 774 851 831 διδάσκει
874 772 993 844 μὲν
1017 774 1101 839 είς
1137 771 1407 838 πόλεμον
1429 767 1654 838 χεῖρας,
1675 765 1858 832 τόξον

277 870 348 924 δὲ
376 855 656 939 χαλκοῦν
694 869 895 935 τίθησι
953 856 1095 931 τοὺς
1141 857 1498 932 βραχίονας,
1547 857 1653 915 καί
1678 861 1856 926 ὑπερ-

277 963 597 1031 ασπισμόν
628 958 837 1013 δίδωσι
863 959 1183 1044 σωτηρίας.
1463 1036 1469 1044 ι

346 1057 424 1111 Δ⁶.
451 1054 610 1109 Μετὰ
649 1053 778 1121 γοῦν
803 1052 901 1123 τὴν
932 1039 1123 1122 τρίτην
1149 1050 1387 1122 ἡμέραν,
1421 1039 1666 1121 βῆματος
1699 1040 1855 1107 αὖθις

276 1147 639 1219 προτεθέντος
664 1145 742 1217 τῷ
777 1144 1027 1215 Λικινίῳ,
1050 1134 1142 1197 ’τον
1175 1143 1317 1198 θεῖον
1357 1134 1623 1212 Ἐρμύλον
1655 1138 1857 1192 αὐτίκα

276 1237 805 1308 παραστησάμενος,
824 1236 897 1289 ἸΙ
926 1252 1030 1288 που
1076 1233 1181 1288 κᾶν
1215 1235 1342 1304 ἄρτι
1372 1224 1533 1287 θῦσαι
1566 1233 1680 1295 τοῖς
1713 1230 1857 1292 θεοῖς

275 1331 550 1397 ἔγνωκας,
587 1328 777 1398 φησὶν,
807 1329 901 1381 καὶ
933 1326 1044 1381 τῶν
1098 1325 1467 1397 ἐπικειμένων
1503 1316 1704 1394 φόϐων,
1747 1323 1855 1375 τῶν

276 1421 542 1483 ἀπειλῶν,
574 1420 685 1475 τῶν
715 1418 979 1474 κινδύνων
1012 1419 1434 1489 ἀπαλλαγῆναι;
1541 1418 1683 1472 κατὰ
1717 1433 1855 1487 κρη-

277 1513 414 1583 μνοῦ
450 1511 593 1586 φέρῃ
624 1512 723 1567 καὶ
748 1511 861 1578 in;
894 1510 990 1565 καὶ
1017 1511 1051 1582 ἡ
1080 1500 1218 1582 αὒτή
1253 1527 1314 1563 σε
1339 1508 1504 1563 πάλιν
1532 1503 1683 1563 εἷλεν
1708 1507 1846 1561 ἀπό-

275 1621 429 1670 νοιας
479 1604 615 1675 πρὸς
669 1600 840 1657 ταῦτα
880 1602 1029 1674 μάλα
1076 1600 1339 1672 γενναίως
1395 1601 1424 1655 ὁ
1471 1599 1564 1654 τοῦ
1614 1598 1851 1671 Χριστοῦ

276 1696 621 1766 στρατιώτης
653 1694 752 1748 καὶ
781 1693 935 1760 ἄξιος
953 1693 1045 1747 τοῦ
1079 1692 1260 1756 καλῶς
1281 1693 1490 1746 ἐκεῖνον
1508 1690 1850 1754 ὁπλίσαντος·
1915 1750 1930 1766 ,

277 1786 426 1851 Ξπαξ
453 1787 804 1857 ἀπειπάμην,
843 1785 970 1856 ἔφη,
1009 1784 1251 1856 βασιλεῦ,
1284 1784 1378 1839 καὶ
1420 1783 1527 1857 χρὴ
1573 1776 1685 1848 τοῖς
1718 1800 1852 1855 προ-

1956 590 2197 651 apparet.
2236 581 2326 636 Sic
2351 582 2588 654 accingit
2613 582 2810 655 viuute
2835 594 2888 641 et
2911 585 3058 640 docet
3094 587 3301 657 quidem
3342 604 3531 642 manus

1957 675 2026 727 ad
2051 672 2262 737 bellum,
2287 673 2380 727 dat
2412 690 2595 728 arcum
2632 685 2808 731 autem
2837 693 3039 732 teneam
3080 696 3093 732 ε
3121 679 3265 746 pauit
3310 678 3527 737 brachia

1958 778 2006 822 rt
2037 768 2274 839 clypeum
2294 768 2484 822 salutis
2504 766 2543 822 ⁸.

2030 1034 2116 1096 ιν.
2142 1033 2271 1097 Post
2307 1030 2523 1097 tertium
2548 1037 2693 1098 certe
2715 1039 2879 1111 diem,
2908 1048 3031 1100 c'um
3070 1037 3305 1103 tribunal
3337 1060 3529 1105 ascen-

1958 1132 2127 1186 disset
2174 1130 2436 1196 Licinius,
2486 1132 2737 1202 protinus
2768 1134 2953 1190 divino
2985 1138 3218 1194 adducto
3253 1140 3524 1213 llermylo:

1957 1220 2096 1275 Num
2140 1222 2324 1287 modo,
2370 1222 2565 1293 inquit.
2614 1224 2849 1279 statuisti
2885 1225 2989 1281 diis
3027 1230 3348 1297 sacrificare,
3382 1240 3436 1287 et
3461 1235 3530 1286 ab

1963 1310 2380 1367 imminentibus
2415 1313 2736 1379 terroribus,
2776 1316 3050 1387 minisque
3080 1326 3134 1374 et
3168 1322 3425 1390 periculis
3462 1323 3527 1375 li-

1956 1401 2137 1457 berari
2169 1402 2193 1456 ?
2222 1403 2304 1457 An
2344 1405 2544 1469 adhuc,
2578 1405 2773 1477 inquit,
2813 1407 2972 1464 ferris
3000 1425 3095 1478 per
3130 1413 3522 1482 praecipitium,

1955 1505 2011 1550 et
2036 1495 2227 1550 eadem
2253 1506 2440 1551 rursus
2473 1506 2527 1552 t‘e
2572 1499 2716 1568 cepit
2750 1501 2987 1555 amentia
3015 1501 3039 1554 ’ί
3067 1504 3144 1556 Ad
3174 1504 3290 1560 haec
3316 1504 3528 1560 fortiter

1956 1586 2248 1643 admodum
2296 1588 2497 1643 Christi
2533 1589 2710 1656 miles,
2760 1601 2816 1647 et
2844 1607 2943 1662 pro
2972 1592 3233 1664 dignitate
3260 1598 3401 1667 ejus,
3434 1603 3527 1670 qui

1956 1678 2108 1733 illum
2146 1683 2492 1736 armaverat:
2521 1680 2725 1746 Semel,
2756 1682 2954 1753 inquit,
3002 1686 3110 1740 dixi
3147 1689 3262 1748 tibi.
3299 1706 3332 1745 ο
3358 1690 3527 1761 impe—

1958 1778 2124 1835 rator,
2156 1781 2210 1825 et
2238 1779 2453 1841 oportet
2506 1781 2823 1830 contentum
2880 1775 3280 1855 prioribus,_de
3333 1781 3525 1837 iisdem

274 1880 457 1951 τέροις
492 1880 795 1946 στέρξαντα
821 1880 1023 1950 μηκέτι
1054 1878 1185 1949 περὶ
1208 1878 1316 1932 τῶν
1339 1877 1519 1933 αὐτῶν
1548 1874 1703 1941 αὖθις
1727 1876 1845 1930 ἀναη

1957 1874 2066 1915 non
2100 1874 2321 1916 movere
2363 1862 2618 1933 amplius.
2645 1864 2740 1919 Est
2764 1867 2912 1921 enim
2946 1868 3081 1923 mihi
3116 1870 3259 1926 Deus
3287 1872 3340 1927 in
3374 1875 3528 1928 cmlis

275 1974 470 2024 κινεῖν.
510 1970 665 2024 Ἐστι
701 1971 810 2042 γάρ
844 1987 937 2040 μοι
962 1970 1095 2034 Θεὸς
1121 1974 1177 2023 ἐν
1205 1969 1441 2041 οὐρανῷ,
1486 1962 1531 2039 ᾧ
1559 1969 1659 2034 ζῶ,
1689 1968 1785 2023 καὶ
1809 1962 1852 2036 ᾧ

276 2063 427 2131 θῦμα
451 2065 827 2131 προσαγαγεῖν
863 2055 1102 2133 ἐμαυτὸν
1129 2061 1204 2126 ῶς
1226 2062 1390 2133 τάχος
1419 2062 1733 2132 ἐπείγομαι,
1758 2063 1851 2115 καὶ

277 2159 410 2223 παρ’
440 2138 503 2210 οὗ
532 2156 797 2226 μεγίστην
822 2142 975 2227 ἥξειν
1008 2173 1099 2226 μοι
1128 2154 1413 2227 προσδοκῶ
1445 2154 1544 2226 τὴν
1575 2154 1847 2227 βοήθειαν.

276 2246 490 2300 υὺκοῦν
528 2247 643 2311 ἴδω,
674 2248 840 2318 φησὶν
890 2249 919 2300 ὀ
970 2237 1243 2315 βασιλεὺς,
1290 2246 1338 2301 εἰ
1367 2238 1542 2311 ότοῦς
1588 2247 1852 2317 οὐρανοὺς

276 2338 442 2392 οἰκῶν
475 2332 627 2403 οὗτος
660 2341 812 2394 ἔσται
848 2357 930 2394 σοι
968 2331 1182 2411 βοηθός,
1232 2340 1343 2393 Καὶ
1373 2339 1573 2393 αὐτίκα
1605 2338 1848 2399 ἐκέλευε.

278 2434 372 2486 καὶ
404 2432 597 2503 ἄκδρες
623 2431 682 2500 ἒξ
712 2433 774 2486 τὸ
805 2433 1236 2503 κεκελευσμένον
1262 2433 1630 2505 ἁρπάσαντες.
1658 2433 1851 2506 ἄνδρες

278 2523 559 2594 ῥωμαλέοι
587 2523 684 2587 τὰς
715 2526 926 2595 χεῖρας,
962 2525 1192 2594 ἀπηνεῖς
1225 2522 1324 2595 τὴν
1360 2522 1561 2594 ψυχὴν,
1592 2524 1773 2593 φόνιόν
1798 2543 1850 2578 τι

276 2616 374 2668 καὶ
402 2616 630 2685 μανικὸν
659 2618 934 2681 πνέοντες,
966 2616 1108 2670 κατὰ
1138 2617 1240 2686 γῆς
1289 2615 1379 2669 τὸν
1437 2618 1688 2689 μάρτυρα
1731 2616 1848 2672 δια-

276 2708 589 2774 τείναντες,
625 2708 839 2780 ῥάϐδοις
890 2707 1079 2780 ἡκιζον
1111 2708 1431 2778 ὠμοτᾶτως.
1482 2701 1709 2762 Ἐκεῖνοι
1751 2709 1850 2778 μὲν

276 2798 373 2854 οὖν
406 2797 582 2864 οὕτως
625 2799 844 2853 ἐποίουν
874 2798 1102 2872 φθαρτῷ
1149 2796 1358 2870 βασιλεῖ
1402 2799 1500 2872 τὴν
1547 2800 1849 2870 θεραπείαν

278 2892 672 2963 προσάγοντες,
731 2892 760 2944 ὁ
790 2890 1003 2963 μάρτυς
1049 2884 1304 2964 καθάπερ
1345 2889 1497 2945 οὐδὲν
1537 2890 1676 2962 ἔχων
1713 2891 1849 2963 πρὸς

274 2984 375 3055 τὴν
402 2983 547 3039 οὕτω
571 2985 886 3056 πάσχουσαν
914 2985 1116 3055 σάρκα,
1133 2983 1259 3038 οὔτε
1290 2984 1395 3055 μὴν
1423 2984 1716 3056 λαμϐάνων
1741 2985 1846 3038 τῶν

277 3070 478 3130 ὀδυνῶν
537 3075 809 3147 αἴσθησιν,
865 3070 1038 3141 ἀδεῶς
1090 3070 1232 3130 πάνυ
1263 3079 1356 3130 καὶ
1383 3077 1665 3148 ὴρεμαίως
1714 3077 1846 3150 eam

279 3160 623 3241 προσέκειτο,
652 3169 747 3224 καὶ⁸
782 3169 902 3242 Θεῷ
934 3171 1242 3241 προσεῖχεν.
1273 3169 1336 3223 Ἤ
1365 3169 1420 3223 δὲ
1452 3169 1584 3241 εὐχὴ
1622 3162 1691 3241 ἦν
1711 3186 1725 3200 ·

348 3262 424 3317 E'.
472 3264 640 3332 Κύριε
688 3264 716 3316 ὁ
763 3263 895 3327 Θεός
932 3279 1056 3332 μου,
1105 3261 1134 3314 ὁ
1180 3261 1247 3315 δι’
1280 3261 1380 3332 ἐμὲ
1435 3263 1706 3333 μάστιγας
1756 3261 1849 3315 ἐπὶ

279 3354 504 3410 Ποντίου
541 3357 776 3410 Πι)ἀτου
814 3355 908 3410 καὶ
947 3354 1161 3425 πληγὰς
1189 3348 1514 3423 ὕπομείντς,
1564 3354 1728 3418 αὐτὸς
1760 3354 1848 3408 διὰ

279 3452 338 3504 σὲ
405 3450 567 3504 πάλιν
620 3450 720 3519 ἐμὲ
768 3450 1069 3521 πάσχοντα,
1119 3451 1213 3504 τὶν
1269 3449 1515 3521 παρόντα
1562 3447 1847 3501 τελειῶσαι

277 3544 479 3614 δρόμον
515 3543 831 3613 ὲνίσχυσονο
871 3543 946 3607 ὡς
994 3541 1061 3598 ἂν
1104 3545 1442 3613 κοινωνήσας
1487 3558 1581 3595 σου
1611 3539 1704 3595 τοῦ
1743 3539 1846 3594 πάο

278 3634 424 3699 θους,
462 3634 678 3701 ἁξιωθῶ
709 3635 966 3699 κοινωνὸς
998 3634 1256 3704 γενέσθαι
1284 3633 1496 3705 καὶτῆς
1527 3633 1849 3705 λαμπρότη-

278 3743 391 3791 τος.
411 3728 522 3782 Καὶ
551 3727 778 3799 τοιαύτη
806 3729 904 3798 μὲν
923 3731 956 3799 ὴ
981 3730 1136 3799 εὐχὴ,
1170 3727 1322 3798 φωνὴ
1342 3727 1399 3781 δὲ
1425 3726 1587 3791 εὐθὺς
1617 3725 1848 3794 ἠκούετο

275 3817 518 3871 ἄνωθεν
587 3818 781 3890 Ἀμὴν,
836 3819 1007 3890 ἀμὴν,
1075 3818 1333 3888 Ἐρμύλε,
1388 3817 1645 3887 λέγουσα,
1708 3819 1847 3888 μετὰ

274 3911 425 3979 τρεῖς
470 3906 675 3973 ταύτας
710 3909 956 3981 ἡμέρας,
999 3908 1361 3981 ἁπαλλαγήσῃ
1413 3909 1514 3981 μὲν
1545 3909 1654 3964 τῶν
1705 3928 1847 3980 παρ-

276 3999 442 4053 όντων
468 4001 989 4071 ἀνιαρῶν,δαψιλεῖς
1011 3994 1068 4056 δὲ
1093 4001 1224 4071 παρ’
1245 4000 1381 4072 ἐμοῦ
1414 4003 1509 4055 καὶ
1530 4001 1847 4070 φιλοτίμους

276 4093 420 4165 λήψῃ
448 4092 557 4146 τῶν
589 4093 766 4145 πόνων
797 4096 897 4157 τὰς
943 4093 1199 4163 ἀμοιϐὰς.
1250 4094 1360 4148 Καὶ
1397 4095 1430 4164 ἡ
1466 4094 1619 4165 φωνὴ
1649 4094 1848 4164 θάριος

278 4186 376 4253 μὲν
401 4183 537 4236 πολὺ
564 4183 639 4253 τῷ
664 4184 905 4255 μάρτυρι
934 4185 1028 4237 καὶ
1044 4174 1268 4256 ἀνδρίαν
1293 4185 1482 4255 ἐνῆκε,
1502 4187 1612 4248 τοῖς
1630 4185 1847 4255 δημίοις

275 4278 329 4329 δὲ
364 4277 536 4330 δεινὸν
573 4278 825 4331 ἐπέσεισε
859 4278 1045 4346 φόϐον,
1074 4279 1167 4330 καὶ
1195 4277 1335 4349 πρὸς
1366 4279 1471 4347 γῆν
1503 4278 1690 4351 ἀθρόοι
1717 4296 1848 4330 κατ-

273 4371 583 4440 ενεχθέντες
620 4372 921 4442 ὑπότρομοι
952 4371 1153 4434 πάντες
1176 4365 1340 4442 ἦσαν,
1395 4370 1503 4424 οὐδ’
1537 4370 1704 4425 αὑτοῦ
1749 4370 1846 4439 βαι

275 4461 463 4525 σιλέως
525 4462 621 4516 καὶ
677 4462 788 4516 τῶν
842 4460 1022 4515 ἄλλων
1080 4461 1414 4532 φεισαμένου
1462 4461 1556 4515 τοῦ
1615 4462 1842 4526 πάθους,

272 4553 406 4606 ἀλλὰ
434 4553 642 4617 πάντας
688 4553 884 4626 ἐπίσης
927 4553 1064 4625 ὁμοῦ
1115 4554 1391 4618 διαθέντος
1418 4594 1433 4618 ,

272 4645 602 4715 τυφλώττων
630 4648 736 4701 ὑπὸ
767 4651 865 4720 τῆς
902 4647 1185 4711 εὐσεϐείας
1216 4650 1312 4701 καὶ
1348 4647 1628 4718 βαρύτατα
1665 4666 1844 4719 μεμη-

270 4740 372 4804 νὼς
393 4744 497 4796 οὐκ
527 4741 806 4813 ἠϐουλήθη
843 4742 1082 4796 συνιέναι
1109 4743 1205 4795 τοῦ
1228 4740 1554 4819 ῥ.γαθοῦναι,
1581 4740 1703 4794 οὐδὲ
1739 4758 1840 4793 και

271 4836 363 4906 κίςι
424 4832 794 4904 προσώχθισε,
850 4834 911 4887 τὸ
954 4832 1050 4887 τοῦ
1103 4833 1250 4887 θείου
1297 4832 1461 4886 Δαϐὶδ
1493 4831 1681 4901 φάναι,
1722 4832 1842 4884 οὐδὲ

273 4927 475 4999 μικράν
507 4944 632 4980 τινα
660 4927 756 4980 τοῦ
801 4926 974 4979 ταῦτα
1005 4925 1549 4998 θαυματουργοῦντος
1578 4924 1713 4978 Θεοῦ
1750 4925 1844 4976 λα-

269 5017 381 5070 ϐεῖν
415 5018 646 5083 ἔννοιαν,
689 5017 828 5071 ἀλλὰ
880 5017 1097 5088 φυλακῇ
1157 5016 1254 5071 καὶ
1296 5012 1450 5081 αὖθις
1483 5015 1712 5084 ζοφώδει
1744 5019 1838 5070 καὶ

272 5109 518 5180 ἀλαμπεῖ
541 5109 634 5163 τὸν
670 5110 931 5182 μάρτυρα
961 5108 1276 5181 παρεδίδου.

337 5291 414 5350 ς’.
456 5286 606 5356 Πλὴν
638 5285 771 5339 ἀλλὰ.
806 5284 1094 5357 προσέχειν
1130 5284 1207 5356 τῷ
1241 5281 1383 5355 λόγῳ
1433 5280 1699 5356 προσήκει
1752 5283 1841 5337 τὸν

266 5377 409 5441 νοῦν,
438 5378 530 5431 καί
556 5379 653 5448 τῆς
682 5377 776 5430 τοῦ
802 5377 937 5431 Θεοῦ
964 5378 1155 5446 σοφίας
1175 5372 1236 5430 τὸ
1262 5375 1575 5450 ἀπόρρητον
1606 5378 1832 5431 ἐννοεῖν.

271 5469 464 5524 Ἔνθεν
480 5469 589 5542 γὰρ
615 5469 709 5524 καὶ
732 5466 1038 5540 προκύπτει
1064 5469 1123 5522 τὸ
1151 5469 1246 5521 τοῦ
1269 5467 1429 5537 λόγου
1455 5470 1833 5541 χαριέστατον,

267 5560 359 5613 καὶ
409 5561 709 5614 συνάπτειν
752 5560 880 5631 ἥκει
924 5559 1003 5630 τῷ
1037 5557 1243 5630 ἀθλητῇ
1274 5558 1364 5612 τὸν
1403 5558 1833 5630 συστρατιώτην.

277 5649 335 5705 Ὀ
358 5650 469 5723 γάρ
526 5668 611 5705 τοι
666 5653 760 5706 τὸν
793 5652 949 5722 ἅγιον
1012 5650 1324 5714 πιστευθεὶς
1373 5648 1622 5722 φυλακῆς
1652 5649 1835 5717 ἓνεκα,

340 5840 357 5869 ⁸
389 5838 680 5907 Psal.xvu,
714 5838 803 5904 53,
845 5838 933 5893 56.
1010 5836 1030 5866 ⁸
1061 5834 1201 5891 Psal.
1254 5853 1418 5903 xxxv,
1454 5838 1504 5890 5.

1955 1954 2042 2006 cui
2068 1952 2171 2008 soli
2199 1953 2348 2017 vivo,
2376 1964 2431 2009 ct
2458 1957 2546 2010 cui
2579 1966 2703 2012 mox
2735 1973 2822 2014 me
2854 1959 3030 2029 ipsum
3062 1962 3295 2018 hostiam
3329 1967 3526 2020 otTcrrr.

1954 2058 2188 2114 propero
2221 2060 2235 2100 :
2264 2053 2369 2101 eta
2402 2062 2509 2115 quo
2540 2058 2700 2118 spero
2728 2050 3024 2107 maximum
3054 2064 3345 2109 vcmurum
3382 2060 3528 2111 ami-

1953 2136 2108 2191 tium.
2138 2134 2361 2193 Videam
2386 2153 2537 2210 ergo,
2566 2140 2742 2212 inquit
2769 2140 3085 2213 imperator,
3114 2153 3181 2200 an
3215 2147 3280 2211 is,
3306 2150 3393 2219 “qui
3420 2164 3527 2205 c03-

1954 2226 2033 2281 los
2067 2225 2295 2286 habitat.
2321 2229 2452 2285 satis
2478 2230 2575 2285 tibi
2602 2231 2794 2289 afferet
2823 2235 3030 2291 auxilii.
3073 2235 3380 2310 Statimque
3407 2241 3527 2311 jus-

1952 2318 2046 2381 sit,
2068 2326 2125 2375 et
2145 2319 2246 2375 viri
2276 2333 2373 2376 sex
2394 2322 2617 2393 raptim,
2637 2326 2780 2396 quod
2799 2327 2936 2397 jussi
2965 2328 3198 2397 fuerant,
3226 2340 3529 2404 ettscqncn-

1954 2420 2058 2475 tes,
2089 2413 2193 2469 viri
2220 2415 2476 2472 manibus
2500 2417 2729 2487 robuSti,
2763 2420 3002 2478 immites
3038 2432 3092 2479 et
3135 2425 3383 2482 crudeles
3411 2430 3529 2483 ani.

1954 2518 2063 2570 mo,
2096 2504 2300 2560 caedem
2327 2515 2385 2562 et
2414 2506 2654 2564 furorem
2714 2512 3005 2582 spirantes,
3039 2520 3162 2571 eum
3193 2516 3346 2573 humi
3382 2536 3527 2575 mar—

1955 2605 2124 2667 tyrem
2159 2600 2553 2669 entendiss’ent,
2615 2603 2778 2676 virgis
2804 2607 3085 2664 caedebant
3130 2610 3521 2671 crudelissime.

1951 2688 2126 2759 Atque
2152 2689 2228 2745 illi
2262 2691 2481 2760 quidem
2524 2694 2602 2750 sic
2629 2695 2918 2764 faciebant,
2977 2699 3192 2758 mortali
3247 2705 3359 2775 regi
3407 2722 3524 2762 ser—

1951 2779 2073 2834 vien
2082 2790 2179 2837 tes.
2199 2779 2400 2853 Martyr
2415 2792 2593 2840 autem
2612 2787 2834 2856 perinde
2852 2803 2916 2843 ac
2926 2789 2969 2845 si
2985 2791 3119 2846 nihil
3137 2793 3363 2851 haberet
3377 2812 3497 2853 com
3515 2828 3528 2840 -

1953 2886 2116 2928 mune
2145 2888 2270 2930 cum
2299 2890 2484 2942 carne,
2512 2894 2633 2949 quae
2678 2878 2757 2935 sic
2783 2881 3112 2951 patiebatur,
3153 2898 3333 2960 neque
3375 2889 3527 2945 dolo¢

1954 2977 2072 3017 rum
2110 2963 2279 3020 ullum
2327 2980 2553 3023 sensum
2612 2981 2857 3041 caperet,
2908 2973 3092 3043 quiete
3142 2980 3528 3049 perseverabat

1954 3056 2006 3109 in
2050 3059 2320 3125 oratione.
2377 3068 2431 3116 et
2485 3062 2599 3120 Deo
2652 3066 2986 3124 attendebat.
3033 3069 3160 3128 Haec
3194 3082 3374 3129 autem
3407 3088 3529 3131 erat.

1951 3147 2157 3202 'oratio:

2027 3244 2087 3299 V.
2136 3246 2362 3304 Domine
2387 3250 2528 3307 Deus
2559 3258 2733 3320 meus,
2768 3270 2859 3328 qm
2892 3267 3115 3328 propter
3137 3276 3223 3317 me
3253 3263 3354 3317 sub
3383 3264 3525 3318 l‘or‘

1950 3337 2028 3391 tio
2065 3337 2238 3394 Pilato
2268 3341 2473 3413 flagella
2511 3354 2565 3399 et
2604 3347 2785 3418 plagas
2813 3348 3078 3417 tolerasti,
3128 3352 3244 3423 ipse
3287 3371 3372 3410 me
3404 3374 3525 3410 rut--

1950 3445 2045 3484 sus
2101 3442 2320 3501 propter
2347 3444 2398 3489 te
2427 3436 2723 3506 patientem
2755 3440 3037 3508 confirma,
3072 3452 3131 3498 ut
3161 3447 3363 3515 possim
3396 3466 3524 3505 cur-

1950 3533 2069 3576 sum
2095 3535 2417 3593 przesentem
2447 3530 2730 3599 perlicere,
2752 3540 2813 3587 ut
2839 3548 2962 3590 cum
2988 3535 3171 3592 socius
3209 3537 3367 3596 fuero
3393 3557 3521 3613 per-

1950 3615 2237 3686 pessionis,
2272 3619 2467 3691 dignus
2509 3637 2728 3693 quoque
2779 3625 2903 3691 sim,
2942 3627 3036 3697 qui
3069 3627 3377 3698 splendoris
3409 3634 3524 3690 elli-

1950 3707 2063 3763 ciar
2092 3710 2293 3766 socius.
2313 3712 2380 3767 Et
2400 3713 2526 3769 talis
2545 3715 2762 3786 quidem
2795 3716 2896 3773 fuit
2923 3719 3041 3787 ejus
3063 3721 3253 3778 oratio.
3287 3720 3400 3781 Vox
3427 3743 3524 3782 an-

1949 3806 2059 3855 tem
2118 3801 2367 3872 protinus
2393 3806 2576 3860 audita
2628 3815 2714 3862 est
2757 3808 3013 3880 desuper,
3062 3811 3248 3870 dicens
3283 3814 3520 3881 :Amen,

1948 3891 2143 3961 Amen,
2162 3893 2433 3969 Hermyle,
2465 3908 2588 3969 post
2621 3909 2732 3957 tres
2756 3901 3202 3963 diesliberaberis
3223 3923 3253 3964 a
3283 3926 3524 3981 prmsen~

1951 3986 2093 4042 tibus
2113 3987 2377 4044 molestiis
2403 4007 2418 4044 :
2448 3991 2735 4061 praeclaras
2759 4002 2937 4049 autem
2961 4003 3016 4050 et
3037 3998 3351 4067 magniﬁcas
3375 4007 3522 4060 acci-

1948 4078 2064 4148 pies
2102 4080 2454 4151 praesentium
2501 4082 2746 4139 laborum
2793 4091 3279 4148 remunerationes.
3316 4094 3385 4151 Et
3420 4114 3522 4152 vox

1943 4170 2167 4239 ‘quidem
2208 4172 2430 4244 martyri
2456 4188 2706 4246 magnam
2744 4176 2922 4233 attulit
2946 4178 3229 4237 audaciam
3260 4191 3316 4239 et
3348 4186 3519 4241 animi

1950 4262 2319 4318 fortitudinem
2349 4282 2362 4318 :
2397 4263 2683 4322 lictoribus
2704 4277 2884 4325 autem
2916 4284 3165 4343 magnum
3194 4275 3419 4334 incussit
3458 4281 3524 4336 ti-

1948 4368 2155 4408 morem
2195 4370 2208 4407 :
2242 4370 2541 4426 omnesque
2570 4370 2791 4429 repente
2826 4360 2881 4415 in
2913 4371 3112 4419 terram
3153 4367 3518 4437 procidentes,

1950 4444 2254 4500 tremebant
2284 4454 2339 4499 et
2366 4448 2728 4518 trepidabant,
2753 4452 2889 4508 adeo
2924 4460 2981 4508 ut
3015 4470 3116 4511 nec
3137 4457 3250 4526 ipse
3282 4460 3520 4531 impera-

1485 4554 1590 4609 κᾶν
1634 4556 1843 4618 ἐκεῖνος
1879 4536 1920 4591 D
1951 4544 2057 4604 tor,
2080 4552 2181 4593 nec
2207 4538 2302 4593 ulli
2341 4540 2433 4594 alii
2463 4540 2662 4597 fuerint
2692 4544 2963 4601 immunes
2989 4548 3057 4603 ab
3082 4548 3248 4603 animi
3296 4561 3519 4621 pertur-

1939 4631 2185 4697 batione,
2217 4633 2313 4689 sed
2343 4648 2537 4689 omnes
2570 4648 2638 4690 ex
2653 4650 2809 4706 aequo
2844 4639 2978 4692 moti
3014 4639 3219 4695 fuerint
3252 4661 3263 4696 :
3299 4644 3516 4700 etiamsi

1942 4725 2031 4780 ille
2065 4743 2176 4797 pra:
2206 4728 2484 4800 impietate
2528 4731 2820 4788 caacutiens
2860 4741 2915 4789 et
2949 4734 3271 4805 gravissime
3306 4738 3514 4801 furens,

1941 4816 2182 4873 noluerit
2210 4818 2512 4891 intelligere
2534 4828 2593 4875 ut
2617 4821 2756 4877 bene
2798 4833 3019 4894 ageret;
3068 4841 3169 4883 nec
3219 4826 3408 4884 vitium
3435 4841 3521 4887 est

1942 4918 2253 4975 aversatus,
2284 4915 2342 4964 ut
2370 4910 2545 4965 dicam
2571 4926 2696 4967 cum
2720 4911 2904 4970 divino
2922 4914 3151 4974 Davide’
3175 4936 3189 4985 ;
3233 4936 3335 4976 nec
3354 4922 3517 4977 ullam

1937 5003 2074 5072 ejus,
2100 5004 2191 5073 qui
2218 5003 2336 5058 haec
2364 5002 2595 5059 faciebat
2628 5004 2912 5073 miracula,
2941 5009 3026 5065 vel
3058 5010 3335 5068 minimam
3361 5030 3517 5072 acce-

1936 5094 2081 5164 perit
2107 5091 2354 5149 notitiam
2391 5111 2403 5146 :
2431 5094 2528 5149 sed
2563 5095 2617 5149 in
2642 5111 2917 5154 carcerem
2942 5116 3133 5157 rursus
3153 5102 3446 5159 obscurum
3464 5117 3519 5161 et

1938 5187 2339 5243 tenebricosum
2363 5186 2611 5258 lucisque
2629 5198 2905 5261 erpertem
2936 5193 3159 5251 tradidit
3197 5207 3512 5271 martyrem.

2014 5272 2099 5334 Vl.
2129 5277 2237 5334 Sed
2262 5285 2501 5336 mentem
2525 5282 2787 5340 adhibere
2817 5293 3035 5357 oportet
3055 5289 3316 5354 orationi,
3340 5301 3396 5347 et
3423 5292 3515 5347 Dei

1945 5371 2224 5444 sapientiae
2256 5387 2512 5427 arcanum
2546 5372 2867 5449 intelligere.
2917 5377 3057 5435 Hinc
3083 5380 3230 5436 enim
3266 5382 3516 5452 proficis-

1944 5464 2086 5520 citur
2115 5463 2189 5526 id,
2228 5464 2374 5534 quod
2421 5476 2505 5520 est
2554 5467 2819 5524 orationis
2844 5470 3325 5540 jucundissimum,
3355 5482 3519 5529 etest

1944 5559 2159 5615 athletae
2185 5558 2605 5631 conjuncturum
2634 5564 3074 5621 commilitonem.
3129 5564 3180 5621 Is
3226 5567 3396 5631 enim,
3423 5568 3515 5623 cui

1947 5648 2000 5706 in
2030 5648 2333 5707 custodiam
2356 5650 2534 5708 fuerat
2563 5660 2786 5710 sanctus
2814 5654 3073 5723 creditus,
3119 5664 3174 5713 et
3201 5654 3292 5725 qui
3324 5668 3516 5713 curam
