3846 6458
366 407 472 473 55)

1580 408 1863 472 MENSIS
1902 406 2365 473 IANUARIUS.

3488 386 3493 391 ’
3520 419 3629 484 sco

364 522 583 596 gerebat
612 519 848 585 exteris,
898 527 1014 575 erat
1040 518 1087 574 ei
1120 520 1273 576 valde
1304 519 1511 578 amicus
1556 533 1611 578 et
1644 518 1926 577 familiaris

2054 519 2273 589 καὶτῆς
2310 522 2435 592 περὶ
2496 522 2554 575 τὸ
2607 522 2980 596 δεσμωτήριον
3036 524 3359 594 ἀσφαλείας,
3416 526 3475 581 ἐν
3515 532 3628 592 τοῖς

363 616 497 683 Quis
529 614 618 670 hic
644 613 761 669 est?
786 612 1129 669 Stratonicus
1150 613 1240 669 ille
1269 614 1510 685 sapiens,
1536 616 1627 687 qui
1660 616 1943 670 videbatur

362 707 580 778 quidem
602 704 1009 761 eadem'sentire
1021 719 1141 776 quae
1153 704 1384 770 amicus,
1404 713 1458 761 et
1478 721 1598 762 esse
1616 707 1668 760 in
1685 706 1943 777 religione

361 800 607 870 ejusdem
651 799 938 855 sententiae
973 816 986 852 :
1036 798 1283 854 nondum
1326 807 1510 855 autem
1559 800 1795 857 audebat
1836 800 1942 871 pie-

362 901 526 950 tatem
548 892 718 949 libere
747 891 1006 963 proﬁteri.
1035 889 1221 963 Neque
1241 889 1440 964 Ioseph
1471 894 1734 950 occultam
1782 908 1945 965 supe-

359 994 575 1041 raverat
625 984 968 1054 disciplinam
1004 1001 1018 1038 :
1052 999 1109 1040 se
1151 983 1313 1039 amici
1359 992 1542 1041 tamen
1578 985 1855 1052 misereri,
1889 996 1946 1043 et

359 1078 481 1148 ejus
510 1092 652 1150 aegre
680 1076 822 1132 ferre
853 1075 1146 1142 cruciatus,
1171 1076 1412 1133 ostendit
1432 1078 1725 1133 multorum
1747 1077 1941 1134 oculis.

359 1170 469 1225 Sed
501 1155 910 1225 de'Stratonico
936 1169 1156 1240 quidem
1176 1170 1231 1224 in
1263 1171 1549 1238 praesentia
1575 1171 1757 1226 dicere
1788 1170 1945 1226 diﬂ'e-

361 1276 565 1327 ramus,
595 1276 657 1316 ea
693 1260 837 1316 enim
861 1260 1207 1331 persequitur
1228 1260 1421 1326 oratio,
1449 1276 1571 1331 quas
1601 1261 1668 1316 ad
1694 1260 1939 1318 divinum

359 1353 637 1421 pertinent
684 1350 1021 1421 Ilermylum,
1070 1366 1173 1406 nec
1212 1351 1417 1421 patitur
1462 1366 1653 1407 eorum
1689 1354 1940 1426 abrumpi

358 1443 828 1514 consequentiam.
872 1442 1093 1513 Martyri
1141 1457 1271 1513 ergo
1321 1441 1579 1514 Hermylo
1611 1443 1941 1516 ingredienti

358 1551 658 1599 carcerem,
704 1545 818 1590 haec
853 1543 1160 1613 opportune
1214 1534 1556 1590 canebantur
1608 1545 1663 1591 et
1693 1538 1939 1607 pruden-

360 1637 443 1682 ter
477 1648 490 1683 :
530 1628 785 1681 Dominus
845 1626 1168 1680 illuminatio
1216 1644 1332 1682 mea
1378 1639 1424 1682 et
1453 1627 1704 1684 Salvator
1746 1648 1889 1686 meus
1918 1648 1937 1687 :

358 1740 510 1793 quem
551 1721 741 1779 timebo
770 1724 794 1777 ?
821 1721 1076 1776 Dominus
1116 1730 1379 1791 protector
1411 1724 1530 1777 vita:
1559 1741 1684 1779 mea:
1718 1741 1737 1780 :
1767 1743 1799 1780 a
1835 1743 1938 1797 quo

358 1815 631 1886 trepidabo
660 1816 684 1870 ?
725 1814 863 1869 Dum
901 1816 1330 1886 appropinquant
1371 1833 1528 1887 super
1556 1835 1637 1873 me
1670 1831 1933 1885 nocentes,

356 1915 411 1960 ut
428 1908 587 1961 edant
609 1921 795 1959 carnes
819 1921 982 1962 meas.
1012 1905 1116 1971 Qui
1139 1906 1393 1961 tribulam
1417 1925 1496 1962 me
1520 1918 1567 1963 et
1590 1910 1790 1965 inimici
1812 1913 1935 1981 mei,

356 1999 461 2067 ipsi
480 1996 741 2067 inﬁrmati
769 2004 889 2050 sunt
914 2005 964 2050 et
993 1997 1313 2050 ceciderunt.
1355 1996 1415 2053 Si
1444 2001 1735 2055 consistant
1763 2004 1944 2059 adver-

356 2106 474 2144 sum
498 2088 590 2144 'me
636 2098 834 2153 castra,
872 2105 976 2142 non
1006 2089 1204 2142 timebit
1242 2105 1329 2142 cor
1363 2074 1555 2145 meum.
1588 2091 1648 2147 Si
1696 2095 1940 2168 insurgat

358 2184 604 2237 adversus
632 2199 713 2236 me
740 2181 955 2244 bellum,
983 2181 1037 2234 in
1073 2181 1169 2234 hoc
1210 2198 1302 2250 ego
1325 2183 1546 2252 sperabo
1565 2187 1607 2240 ⁸.
1641 2184 1732 2241 Sic
1760 2188 1898 2244 dixit
1922 2209 1935 2245 ε

357 2285 412 2332 et
441 2275 625 2331 statim
667 2275 774 2331 dux
804 2274 1066 2329 mirabilis
1110 2276 1346 2344 desuper
1395 2277 1450 2330 in
1481 2276 1659 2347 ipsum
1698 2284 1937 2353 erumpit

357 2368 423 2423 ad
450 2367 885 2423 conﬁrmandum
911 2365 987 2429 id,
1009 2364 1150 2436 quod
1177 2367 1474 2441 cauebatur
1502 2377 1589 2424 :ct
1608 2386 1707 2424 vox
1742 2388 1933 2429 rursus

357 2459 505 2514 illinc
523 2468 606 2514 est
627 2456 1047 2527 audita.jubcns
1090 2456 1347 2511 athletam
1378 2458 1522 2513 bono
1550 2476 1669 2517 esse
1717 2462 1930 2522 animo:

356 2560 412 2606 et
459 2550 728 2623 psalmum
785 2548 1037 2604 similiter
1089 2548 1459 2613 conﬁrmans,
1515 2561 1571 2606 ct
1618 2554 1757 2609 sicut
1815 2569 1934 2615 erat

355 2641 405 2697 ei
436 2642 727 2713 pollicrtus,
754 2649 875 2711 post
912 2640 1130 2696 tertium
1168 2639 1310 2695 diem
1358 2641 1517 2696 ﬁnem
1559 2658 1678 2700 esse
1723 2657 1923 2705 ventu-

356 2749 500 2788 rum.

2052 611 2288 682 μάλιστα
2347 613 2499 680 φίλος
2532 609 2599 685 ἦν
2644 614 2793 685 αὐτῷ
2853 617 2946 668 καὶ
3003 615 3261 687 συνήθης.
3305 615 3405 682 Τίς
3430 610 3626 685 οὗτος’;

2049 701 2406 772 Στρατόνικος
2446 702 2473 755 ὁ
2498 704 2682 774 σοφὸς,
2712 703 2769 769 ὃς
2798 703 2958 774 ἐῴκει
2986 706 3085 775 μὲν
3112 704 3179 758 τὰ
3206 704 3345 759 abii
3364 705 3455 776 σοεῷ
3487 706 3629 776 φίλῳ

2048 796 2267 864 φρονεῖν
2296 796 2392 848 καὶ
2425 795 2555 866 περὶ
2585 796 2661 863 ⁸τὸ
2689 796 2848 861 σέϐας
2883 793 3021 850 εἶναι
3049 796 3302 868 ὀμόδοξος
3325 809 3340 827 ⁸
3375 796 3534 851 οὔπω
3574 799 3629 852 δὲ

2049 886 2145 940 καὶ
2172 886 2271 959 τὴν
2302 886 2592 942 εὐσέὸειαν
2619 889 2822 959 ἐτόλμα
2848 889 3357 961 παρρησιάσασθαι,
3375 890 3497 943 οὐδὲ
3528 889 3629 961 τὴν

2060 979 2259 1051 Ἰωσήφ
2290 982 2687 1054 κεκρυμμένην
2727 982 3074 1053 ὑπερδέὄηκε
3114 983 3438 1054 μαθητείαν,
3485 999 3628 1052 συμ-

2046 1070 2272 1143 πάσχων
2299 1072 2356 1128 δέ
2379 1074 2531 1144 ὅμως
2564 1072 2640 1144 τῷ
2666 1074 2977 1144 φιλουμένῳ
3007 1074 3101 1127 καὶ
3133 1071 3450 1145 περιαλγῶν
3474 1073 3626 1142 αὐτῷ

2047 1164 2153 1217 τῶν
2204 1163 2504 1230 κολάσεων,
2559 1164 2720 1234 δῆλος
2768 1166 2981 1232 γίνεται
3034 1165 3247 1220 πολλῶν
3294 1164 3625 1235 ὀφθαλμοῖς.

2057 1256 2218 1310 Ἀλλὰ
2263 1257 2334 1311 τά
2368 1257 2467 1329 μὲν
2515 1258 2643 1328 περὶ
2684 1258 3052 1330 Στρατονίκου
3104 1258 3248 1329 φημὶ
3302 1256 3399 1312 τοῦ
3453 1256 3625 1328 σοφοῦ

2042 1347 2179 1412 τέως
2224 1348 2612 1420 ἀναμεινάτωο
2661 1348 2843 1420 ἔχεται
2890 1349 3000 1421 γὰρ
3055 1349 3135 1403 ἔτι
3182 1349 3290 1403 τῶν
3343 1348 3489 1404 κατᾶ
3530 1347 3626 1401 τδν

2043 1441 2187 1495 θεῖον
2225 1440 2496 1512 Ἐρμύλον
2523 1442 2552 1495 6
2573 1441 2757 1511 λόγος,
2786 1443 2880 1497 καὶ
2903 1441 3232 1512 διακοπῆναι
3256 1442 3355 1512 τὴν
3386 1440 3626 1495 ἀκολου-

2043 1534 2164 1588 θίαν
2192 1534 2373 1588 αὐτῶν
2417 1536 2519 1589 οὐκ
2571 1536 2847 1607 ἀνέχεται.
2898 1535 2992 1606 Τῷ
3039 1534 3279 1606 μάρτυρι
3325 1532 3625 1604 τοιγαροῦν

2058 1623 2307 1696 Ἐρμύλῳ
2352 1626 2574 1679 εἰσιόντι
2603 1626 2662 1679 τὸ
2702 1625 3098 1697 δεσμωτήριον,
3132 1626 3404 1695 εὐκαίρως
3439 1624 3624 1677 ταῦτα

2041 1719 2133 1771 καὶ
2173 1717 2408 1781 συνετῶς
2454 1717 2829 1787 ὑπεψάλλετο·
2896 1719 3110 1787 Κύριος
3151 1717 3453 1787 φωτισμός
3494 1733 3622 1786 μου

2041 1812 2139 1864 καὶ
2171 1810 2372 1879 Σωτήρ
2397 1828 2537 1881 μου,
2560 1811 2698 1865 τίνα
2720 1804 3173 1880 φοϐηθήσομαω
3199 1811 3413 1878 Κύριος
3433 1812 3625 1875 ὑπερ-

2040 1901 2351 1971 ασπιστὴς
2379 1903 2490 1971 τῆς
2513 1903 2662 1971 ζωῆς
2686 1921 2833 1972 μου,
2854 1903 2975 1959 ἀπὸ
3004 1904 3169 1970 τίνος
3198 1902 3519 1965 (Salaciam;
3549 1903 3623 1954 ἐι·

2041 1995 2122 2062 τῷ
2171 1994 2421 2067 ἐγγίζειν
2453 1995 2553 2050 ἐπ’
2593 1994 2697 2066 ἐμὲ
2745 1996 3084 2063 κακοῦντας
3124 1995 3230 2049 τοῦ
3258 1995 3473 2065 φαγεῖν
3509 1994 3623 2062 τὰς

2039 2089 2273 2157 σάρκας
2294 2106 2435 2158 μου,
2492 2092 2547 2143 οἱ
2580 2088 2890 2155 θλίϐοντές
2933 2106 3011 2158 με
3042 2075 3137 2142 καὶ
3175 2091 3229 2143 οἱ
3260 2089 3465 2159 ἐχθροί
3496 2107 3619 2158 μου

2038 2180 2207 2236 αὐτοὶ
2236 2180 2612 2249 ἠσθένησαν,
2660 2179 2758 2233 καί
2797 2178 3047 2235 ἔπεσαν.
3097 2178 3233 2233 Ἐὰν
3267 2179 3623 2247 παρατάξη-

2039 2293 2133 2330 ται
2163 2274 2256 2328 ἐπ’
2285 2272 2389 2343 ἐμὲ
2423 2272 2880 2342 παρεμϐολὴ,οὐ
2901 2275 3307 2343 φοϐηθήσετᾳι
3338 2273 3373 2340 ἠ
3404 2272 3625 2341 καρδιά

2038 2388 2179 2441 μου,
2226 2368 2336 2422 ἐὰν
2379 2364 2694 2434 ἐπαναστῇ
2728 2365 2821 2418 ἐπ’
2861 2365 2967 2434 ἐμὲ
3001 2366 3299 2434 πόλεμος,
3324 2364 3396 2419 ἐν
3429 2366 3621 2432 ταύτῃ

2040 2462 2155 2532 ἐγὼ
2203 2458 2438 2519 ἐλπίζω.
2483 2457 2670 2522 Οὕτως
2717 2458 2844 2530 ἔφη,
2905 2461 2998 2511 καὶ
3032 2458 3230 2512 αὐτίκα
3262 2457 3379 2526 φῶς
3410 2456 3626 2513 ἄνωθεν

2042 2554 2191 2626 αὐτῷ
2254 2552 2576 2623 θαυμαστδν
2644 2553 2929 2622 ῥήγνυται.
2985 2552 3123 2621 πρὸς
3176 2551 3470 2623 βεϐαίωσιν
3522 2551 3625 2606 τοῦ

2040 2646 2407 2721 ὑπᾳεομένου,
2448 2646 2542 2697 καὶ
2572 2643 2723 2714 φωνὴ
2754 2643 2916 2697 πάλιν
2946 2644 3155 2698 ἐκεῖθεν
3180 2642 3445 2715 ἠκούσθη,
3480 2643 3619 2713 θαρ-

2046 2746 2160 2815 ῥεῖν
2192 2758 2253 2793 τε
2296 2737 2375 2808 τῷ
2425 2737 2633 2808 ἀθλητῇ
2680 2736 3083 2807 ἐγκελευομένη
3112 2778 3126 2800 ,
3160 2738 3254 2790 καὶ
3284 2735 3374 2789 τὸν
3404 2735 3623 2806 ψαλμὸν

353 2830 556 2901 ὁμοίως
587 2829 877 2894 πιστοῦσα,
916 2830 1008 2884 καὶ
1041 2829 1181 2883 κατὰ
1221 2829 1318 2900 τὴν
1348 2830 1447 2901 ἤδη
1498 2833 1796 2905 γενομένην
1832 2837 2192 2910 ἐπαγγελίαν,
2226 2832 2379 2904 ἥξειν
2444 2831 2504 2884 τὸ
2538 2829 2692 2894 τέλος
2740 2828 2876 2901 μετὰ
2943 2830 3133 2900 τρίτην
3194 2830 3407 2900 ἡμέραν
3468 2828 3622 2898 αὐτῷ

355 2925 859 2997 προσαγγέλλουσα.

425 3019 539 3073 V‘ll.
576 3017 837 3087 Sequenti
870 3030 1051 3072 autem
1078 3018 1168 3073 die
1187 3034 1311 3072 cum
1359 3021 1764 3089 procedendum
1814 3039 1933 3079 esse

2114 3019 2189 3074 Ζι,
2216 3017 2294 3088 Τῇ
2326 3015 2381 3068 δὲ
2412 3013 2538 3086 ἑξῆς
2586 3010 2813 3084 πρόοδον
2858 3014 2886 3067 6
2920 3012 3164 3076 Λικίνιος
3212 3013 3620 3085 παραγγείλας.

353 3111 711 3183 signiﬁcasset
763 3109 1026 3174 Licinius,
1067 3118 1122 3163 et
1171 3110 1517 3179 praesedisset
1545 3111 1600 3165 in
1651 3114 1931 3180 tribunali.

355 3200 677 3271 proclamari
697 3199 861 3270 jussit
895 3215 992 3270 per
1022 3214 1352 3271 pra‘eonem,
1385 3210 1445 3256 ut
1473 3202 1767 3260 duceretur
1798 3205 1932 3261 Her-

355 3290 549 3362 mylus.
582 3289 677 3345 Ille
695 3305 825 3345 vero
855 3290 979 3345 laeto
1001 3290 1202 3353 animo.
1237 3291 1434 3348 ductus
1462 3303 1543 3349 est
1569 3295 1710 3351 lactis
1742 3297 1933 3365 oculis,

355 3393 411 3438 et
443 3399 538 3438 cor
575 3382 785 3438 habens
814 3383 1034 3454 plemnn
1057 3383 1241 3439 laetitia
1274 3402 1288 3439 :
1317 3393 1574 3441 externus
1603 3389 1749 3443 enim
1784 3405 1935 3461 aspe-

354 3483 475 3529 ctus
504 3473 606 3528 hoc
627 3482 815 3544 aperte
845 3473 1180 3545 signiﬁcavit.
1211 3472 1513 3532 Subridens
1531 3486 1711 3533 autem
1754 3486 1810 3534 et
1839 3495 1935 3535 ca-

352 3574 453 3636 put
488 3580 717 3621 movens
746 3564 1007 3630 Licinius,
1049 3573 1105 3620 et
1153 3565 1320 3620 veluti
1355 3577 1605 3622 sanctum
1634 3569 1933 3639 apertelu-

351 3660 580 3715 diﬁcaus
614 3676 628 3714 :
662 3658 793 3731 Age.
842 3657 1040 3729 inquit,
1082 3675 1243 3730 quam
1286 3659 1383 3715 tibi
1425 3661 1786 3718 conducibilis
1830 3663 1934 3720 fuit

352 3750 438 3804 illa
464 3751 695 3805 obscura
717 3751 1003 3805 custodia?
1034 3750 1317 3817 Quomodo
1343 3753 1469 3820 hoc,
1492 3754 1637 3825 quod
1667 3754 1935 3812 intercesv

352 3843 443 3905 sit,
485 3844 718 3911 spatium
757 3839 853 3896 tibi
902 3856 1089 3897 revera
1138 3843 1321 3898 attulit
1367 3845 1601 3915 aliquam
1648 3847 1932 3903 sententia:

351 3935 731 3997 mutationem,
766 3943 823 3989 et
847 3935 1120 4004 persuasit
1142 3935 1310 4005 jussis
1342 3937 1535 3991 cedere
1566 3937 1930 4009 imperatoris,

352 4034 408 4080 et
437 4026 540 4082 diis
571 4026 797 4082 reddere
834 4042 919 4093 ea,
965 4044 1085 4098 quae
1130 4028 1419 4095 debentur,
1448 4047 1515 4085 an
1550 4031 1731 4087 adhuc
1775 4033 1933 4089 nobis

351 4130 489 4187 Optts
509 4117 616 4172 erit
645 4117 934 4172 tormentis
967 4119 1229 4174 adversus
1265 4129 1468 4176 tantam
1501 4122 1577 4177 tui
1622 4123 1803 4179 cordis
1831 4125 1934 4180 duo

352 4209 571 4264 ritiem?
603 4208 803 4282 Martyr
823 4219 1005 4266 autem
1030 4230 1045 4267 :
1079 4211 1209 4266 Mihi
1231 4213 1474 4281 quidem,
1507 4214 1701 4286 inquit,
1730 4225 1929 4272 tetrum

350 4298 480 4354 illud
522 4308 577 4355 et
620 4300 1024 4356 tenebricosum
1082 4302 1417 4360 domicilium
1472 4321 1722 4379 magnam
1751 4308 1927 4365 lucem

2036 3112 2130 3165 καὶ
2161 3107 2506 3180 προκαθίσας
2539 3106 2630 3159 ἐπὶ
2661 3105 2756 3158 τοῦ
2792 3104 3061 3176 βήματος,
3092 3106 3321 3167 ἄγεσθαι
3357 3106 3450 3160 τὸν
3489 3108 3623 3179 Ἑρ..

2037 3206 2205 3276 μύλον
2233 3199 2504 3271 ἐπεφώνει
2532 3199 2619 3254 διὰ
2648 3198 2741 3253 τοῦ
2771 3200 3043 3269 κήρυκος⁶
3070 3198 3163 3253 καὶ
3195 3198 3254 3264 ὃς
3292 3201 3457 3271 ἤγετο
3489 3220 3618 3272 φαι-

2032 3293 2136 3364 δρᾷ
2191 3290 2359 3361 ψυχῇ,
2419 3289 2667 3361 φαιδροῖς
2719 3288 2956 3359 ὄμμασι,
3011 3288 3229 3360 πλήρης
3286 3290 3484 3363 ἡδονῆς
3519 3293 3620 3365 τὴν

2034 3383 2261 3454 καρδίαν
2283 3400 2297 3415 ο
2323 3381 2482 3435 τοῦτο
2508 3381 2618 3451 γάρ
2661 3381 2695 3452 ή
2723 3380 2923 3446 ἔξωθεν
2968 3380 3089 3451 δψις
3122 3381 3420 3454 ἐσήμαινεν
3459 3385 3620 3458 ἀκρι-

2035 3476 2166 3540 6ῶς.
2204 3473 2520 3544 Ύπογελῶν
2574 3473 2629 3527 δὲ
2661 3472 2755 3527 καὶ
2786 3472 2886 3544 τὴν
2920 3473 3164 3544 κεφαλὴν
3199 3475 3365 3529 κινῶν
3396 3477 3424 3530 6
3457 3477 3615 3531 Λικί-

2033 3585 2175 3633 νιος,
2247 3567 2342 3621 καὶ
2391 3565 2643 3637 φανερῶς
2693 3564 2883 3637 ῶσπερ
2929 3569 3462 3640 κατειρωνευόμενος
3518 3571 3614 3624 τοῦ

2033 3656 2226 3725 ἁγίου,
2283 3654 2455 3726 Δεῦρο
2486 3654 2571 3726 δὴ,
2610 3654 2737 3726 ἔφη,
2775 3654 2892 3721 πῶς
2940 3655 3047 3727 ἄρα
3099 3674 3181 3711 σοι
3224 3659 3285 3712 τὸ
3332 3662 3614 3713 σκοτεινὸν

2034 3749 2212 3803 ἐκεῖνο
2262 3746 2587 3801 συνεόἁλετο
2655 3746 2951 3817 φρούριονς
3005 3750 3123 3813 πῶς
3169 3766 3251 3803 σοι
3295 3749 3357 3804 τὸ
3406 3751 3613 3822 μεταξὺ

2032 3842 2190 3897 τοῦτο
2217 3840 2494 3913 διάστημα
2518 3837 2663 3913 ἦπου
2695 3841 3000 3912 μεταϐολήν
3049 3842 3131 3896 σοί
3174 3860 3295 3896 τινα
3332 3827 3435 3914 τῆς
3468 3845 3613 3914 γνὼ-

2036 3950 2143 4004 μης
2174 3934 2489 4005 εἰργάσατο,
2518 3932 2612 3985 καὶ
2645 3930 2946 4002 βασιλικοῖς
2975 3933 3160 3986 ἔπεισε
3191 3937 3617 4006 προστάγμασιν

2033 4023 2196 4094 εἶξαι,
2224 4026 2318 4080 καὶ
2342 4024 2483 4087 θεοῖς
2508 4024 2801 4081 ἀποδοῦναι
2859 4026 2928 4078 τὰ
2963 4026 3323 4098 ὀψειλόμενας
3352 4028 3385 4103 ἢ
3427 4029 3611 4100 δεήσει

2033 4121 2129 4174 καὶ
2167 4120 2267 4173 ’ἔτι
2316 4118 2566 4190 βασάνων
2598 4119 2733 4188 ήμῖν
2768 4117 2905 4188 πρὸς
2956 4117 3158 4191 πολλὴν
3204 4118 3347 4173 οὕτω
3382 4124 3613 4192 καρδίας

2032 4209 2388 4273 ἀντιτυπίανς
2426 4207 2537 4262 Καὶ
2565 4208 2593 4260 ό
2631 4206 2877 4278 μάρτυς,
2922 4207 3076 4276 Ἐμοὶ
3107 4208 3226 4277 μὲν,
3253 4207 3380 4279 ἔφη,
3420 4215 3520 4263 καὶ
3555 4216 3615 4264 τὸ

2034 4300 2307 4371 πνιγηρδν
2337 4301 2515 4352 ἐκεῖνο
2536 4299 2743 4370 οἴκημα
2772 4300 2866 4353 καὶ
2890 4299 3130 4367 ζοφῶδες
3168 4300 3405 4371 μεγάλου
3436 4304 3616 4369 εςωτθς

349 4391 661 4445 conciliavit
695 4410 708 4447 :
738 4400 794 4448 et
831 4409 979 4449 nunc
1031 4409 1150 4448 mea
1196 4405 1443 4451 versatur
1481 4399 1661 4453 anima
1691 4399 1747 4454 in
1780 4409 1931 4455 tran-

2044 4390 2267 4458 ἐγένετο
2288 4389 2571 4461 πρόξενον,
2590 4389 2682 4442 καὶ
2714 4387 2808 4442 νῦν
2832 4388 3041 4458 γαλήνη
3074 4406 3177 4458 μου
3208 4390 3304 4442 καὶ
3329 4390 3489 4461 ἡδονὴ
3514 4395 3614 4463 τὴν

348 4480 615 4551 quillitate
633 4490 687 4537 et
707 4483 1006 4553 voluptate,
1039 4492 1093 4537 et
1123 4484 1488 4555 inexplicabili
1512 4487 1928 4555 illuminatione,

348 4586 469 4642 qum
503 4571 671 4627 futuri
714 4572 847 4628 mihi
869 4588 1020 4644 spem
1054 4573 1247 4628 bonam
1297 4575 1544 4648 porrigit.
1605 4577 1718 4647 Ego
1746 4589 1929 4633 autem

349 4663 504 4718 valde
539 4664 731 4732 miror,
761 4666 1221 4736 quemadmodum
1257 4684 1375 4736 qua:
1403 4669 1454 4722 in
1484 4677 1535 4723 te
1566 4669 1816 4725 habitant
1844 4680 1928 4725 te-

345 4738 548 4816 nebrae,
570 4756 773 4810 nullam
799 4757 1108 4828 suscipiunt
1149 4760 1506 4814 mutationem
1540 4777 1553 4813 :
1585 4761 1679 4815 sed
1713 4777 1930 4832 semper

348 4844 631 4913 profundm
661 4854 717 4901 et
746 4856 1020 4902 concretre
1058 4848 1298 4903 insident
1345 4850 1453 4904 tuis
1500 4850 1694 4904 animze
1729 4853 1922 4914 oculis,

346 4953 466 5006 quae
489 4954 830 5010 nequaquam
860 4942 1044 4996 sinunt
1075 4943 1318 5014 aspicere
1345 4942 1799 4998 verilatcm.Cum
1818 4954 1925 5000 tam

346 5037 534 5097 aperte
562 5029 896 5099 impietatem
921 5032 1234 5104 imperatori
1253 5035 1658 5107 exprobrasset.
1685 5035 1927 5092 Licinius

346 5118 420 5173 illi
440 5121 795 5179 vehementer
819 5134 1017 5180 etcum
1036 5142 1230 5197 magna
1254 5127 1591 5199 respondens
1607 5129 1921 5185 acerbitate:

344 5210 491 5267 Nihil
521 5214 690 5282 aliud,
714 5217 908 5289 inquit,
934 5227 993 5272 ut
1022 5219 1256 5285 videtur,
1283 5219 1547 5287 didicisti,
1585 5221 1693 5275 nisi
1719 5220 1925 5275 solum-

339 5303 506 5359 modo
542 5318 800 5378 appetere
850 5310 1198 5366 contumeliis
1231 5331 1245 5367 :
1281 5311 1427 5381 quod
1473 5311 1691 5382 quidem
1719 5321 1802 5367 est
1820 5311 1925 5366 lin-

340 5411 459 5467 guae
493 5396 933 5471 intemperantia,
961 5411 1015 5457 et
1046 5401 1245 5456 anima:
1274 5401 1522 5467 audacia,
1556 5412 1612 5457 et
1655 5411 1717 5457 ut
1755 5404 1924 5457 semel

339 5490 516 5547 dicam
538 5494 797 5550 amentia.
831 5493 939 5550 Sed
964 5502 1144 5549 tamen
1167 5493 1456 5565 responde,
1489 5504 1544 5550 et
1576 5494 1664 5549 die
1693 5504 1877 5566 aperte
1906 5513 1921 5550 :

339 5579 523 5637 Diisne
548 5583 906 5651 saeriticabis,
937 5594 993 5641 et
1030 5585 1187 5641 nobis
1210 5585 1371 5642 cedes
1400 5586 1478 5640 sic
1504 5585 1920 5656 imperantibus,

338 5695 403 5731 an
444 5684 497 5733 te
526 5673 606 5728 uti
631 5683 849 5745 oportet
878 5687 939 5731 ut
981 5676 1247 5732 mereris?
1303 5675 1505 5731 Christi
1563 5686 1745 5731 autem
1780 5692 1923 5732 mar-

402 5860 422 5886 ⁸
451 5860 593 5917 Psal.
633 5875 781 5929 xxvr,
844 5862 961 5918 1-4.

2034 4484 2212 4555 ψυχὴν
2241 4484 2375 4553 ἔχει,
2403 4484 2495 4538 καὶ
2521 4481 2803 4552 φωτισμὺς
2842 4482 3085 4553 ἄρρητος
3114 4481 3359 4553 χρηστὰς
3390 4483 3613 4536 ὕποτεί-

2032 4593 2139 4630 νων
2170 4592 2259 4648 μοι
2284 4574 2381 4638 τὰς
2410 4575 2653 4636 ἐλπίδας.
2704 4572 2845 4642 Ἐγὼ
2885 4574 2941 4627 δὲ
2987 4574 3080 4627 ἐπὶ
3112 4576 3195 4628 σοὶ
3224 4576 3318 4628 καὶ
3352 4575 3473 4628 λίαν
3502 4577 3614 4646 ἔχω

2033 4667 2361 4739 θαυμάζειν,
2415 4667 2534 4730 πῶς
2593 4666 2898 4737 μεταϐολήν
2950 4684 3070 4721 τινα
3117 4667 3178 4721 τὸ
3233 4668 3477 4723 ἐνοικοῦν
3527 4687 3614 4723 σει

2034 4763 2225 4825 σκότος
2255 4762 2353 4830 οὐχ
2379 4759 2662 4829 ὑπομένει,
2715 4759 2851 4812 ἀλλὰ
2898 4760 2986 4813 ἀεὶ
3032 4759 3334 4832 βαθύτατόν
3376 4779 3471 4816 σου
3513 4765 3612 4817 καὶ

2032 4850 2283 4918 πεπηγὸς
2313 4852 2426 4912 τοῖς
2452 4849 2552 4919 τῆς
2589 4849 2768 4920 ψυχῆς
2799 4849 3101 4922 ἐγκάθηται
3152 4852 3474 4922 ὀφθαλμοῖς,
3517 4855 3612 4907 οὐ·

2028 4944 2217 5013 δαμῶς
2265 4942 2370 4995 ἐῶν
2421 4941 2722 5011 ἀναϐλέψαι
2787 4942 2924 5012 πρὸς
2969 4944 3072 5014 τὴν
3107 4944 3389 5014 ἀλήθειαν.
3448 4947 3611 5001 Οὕτω

2030 5037 2273 5107 φανερὰν
2318 5034 2575 5089 ἀσέϐειαν
2606 5035 2683 5104 τῷ
2718 5037 2931 5105 βασιλεῖ
2974 5035 3069 5089 τοῦ
3107 5038 3385 5110 μάρτυρος
3416 5041 3613 5094 ὀνειδίο

2032 5147 2243 5193 σαντος,
2291 5128 2539 5199 σφοδρῶς
2589 5130 2800 5193 ἐκεῖνος
2848 5131 2941 5183 καὶ
2977 5130 3118 5201 μετὰ
3147 5132 3348 5203 πολλῆς
3380 5136 3611 5206 πικρίας

2029 5222 2337 5289 ὑπολαϐὼν,
2377 5223 2466 5287 Ὠς
2506 5222 2704 5288 ἔοικεν,
2759 5222 3004 5295 ὑϐρίζειν
3036 5225 3199 5296 μόνον
3249 5227 3608 5300 μεμάθηκας,

2028 5316 2153 5389 ἔφη,
2189 5317 2327 5387 ὅπερ
2354 5316 2471 5369 ἐστὶ
2495 5315 2744 5387 γλώττης
2776 5317 3040 5374 ἀκολασία
3066 5361 3082 5387 ,
3131 5321 3226 5373 καὶ
3251 5319 3429 5390 ψυχῆς
3474 5322 3609 5393 θραο

2029 5407 2220 5477 σύτης,
2269 5406 2363 5459 καὶ
2391 5405 2452 5458 τὸ
2480 5404 2601 5460 ὅλον
2628 5407 2876 5463 ἀπόνοια.
2932 5409 3080 5481 Πλὴν
3114 5410 3251 5464 άλλά
3277 5413 3429 5482 ὅμως
3471 5415 3608 5467 ἀπό-

2025 5515 2231 5571 κριναι,
2264 5498 2358 5551 καὶ
2400 5498 2529 5568 λέγε
2560 5501 2782 5569 σαφῶς*
2813 5500 2964 5566 θύεις
3000 5504 3115 5566 τοῖς
3158 5502 3302 5567 θεοῖς
3335 5505 3431 5558 καὶ⁵
3473 5508 3609 5577 ήμῖν

2028 5588 2277 5652 ὑπείκεις
2306 5587 2447 5643 οὕτω
2478 5591 2932 5662 προστάττουσιν,
2977 5593 3009 5666 ἢ
3036 5595 3273 5666 χρῆσθαί
3312 5613 3398 5651 σοι
3435 5614 3609 5669 προι-

2026 5683 2152 5754 ήκει
2182 5678 2364 5744 καθὼς
2388 5680 2570 5748 ἄξιον;
2608 5683 2715 5737 Καὶ
2747 5687 2775 5737 6
2805 5684 2898 5738 τοῦ
2940 5686 3176 5758 Χριστοῦ
3222 5684 3434 5761 μάρτυς
3476 5689 3606 5764 Ἐρο
