3846 6482
273 382 373 450 561

1195 390 1371 452 VITA
1404 392 1510 456 SS.
1547 393 1899 454 HERMYLI
1931 393 2025 453 ΕΤ
2066 390 2548 453 STRATONICI.

3403 381 3515 447 562°.

277 495 479 569 μύλος,
508 497 715 569 Ἔχεις,
746 497 874 570 ἔφη,
898 497 994 562 τὰς
1019 499 1364 573 ἀποκρίσεις,
1395 497 1440 556 ὧ
1471 503 1714 575 βασιλεῦ,
1750 505 1843 559 καὶ

1969 521 2029 575 yr
2059 503 2375 576 llermylus:
2409 502 2604 564 Habes,
2629 499 2824 571 inquit,
2849 505 3128 568 responsa,
3156 508 3189 550 ο
3211 492 3528 564 imperator,

273 588 480 643 τούτων
507 588 663 643 οὐδὲν
684 590 945 673 ἀκούσεις
968 592 1097 663 παρ’
1124 593 1261 665 ἐμοῦ
1287 594 1470 662 πλέον,
1492 597 1634 651 ποίει
1662 596 1846 652 λοιπὸν

269 680 298 733 6
328 679 516 757 βούλῃ,
541 681 636 736 καὶ
664 681 889 753 πέραινε
920 682 989 735 τὰ
1018 690 1409 756 νενομισμένα.

342 772 426 825 H'.
488 772 771 827 Ἐντεῦθεν
809 775 902 841 ὀξὺ
938 774 1198 846 χολωθεὶς
1244 778 1273 830 6
1332 778 1568 843 Λικίνιος
1636 780 1848 834 κελεύει

272 863 487 933 ῥάϐδοις
509 865 672 921 αὐτὸν
695 866 755 923 τὸ
780 869 962 938 σχῆμα
992 868 1274 940 τριγώνοις
1304 870 1492 926 ὕπτιον
1529 873 1849 927 διαταθέντα

271 957 413 1011 κατὰ
435 957 539 1030 τῆς
568 960 806 1031 γαστρὸς
853 963 1177 1017 τύπτεσθαι.
1250 963 1314 1017 Ἦ
1341 965 1441 1035 μὲν
1489 961 1582 1018 οὖν
1615 964 1848 1036 βάσανος
1890 1030 1893 1031 ν

271 1047 415 1121 αὕτη
449 1049 664 1122 χαλεπὴ
711 1050 854 1118 λίαν,
904 1054 1000 1106 καὶ
1027 1053 1275 1125 σώμασιν
1335 1055 1694 1125 ἀνθρωπίνοις
1721 1057 1850 1128 ἣκι-

272 1159 373 1195 στα
421 1143 654 1216 φορητή.
714 1145 781 1199 Αἱ
839 1147 949 1218 γὰρ
998 1147 1195 1216 γωνίαι
1256 1147 1364 1202 τῶν
1412 1147 1623 1220 ῥάϐδων
1652 1143 1741 1202 οἷά
1767 1167 1851 1212 τις

270 1234 539 1306 ἠκόνηντο
595 1237 861 1308 μάχαιρα,
915 1238 1007 1292 καὶ
1051 1239 1294 1312 σφοδρῶς
1317 1240 1553 1310 ἥπτοντο
1582 1240 1688 1294 τῶν
1720 1258 1851 1310 σαρ-

272 1325 404 1380 κῶν.
446 1327 591 1399 Πλὴν
637 1328 774 1382 ἀλλὰ
813 1330 908 1382 καὶ
929 1329 1103 1393 οὕτως
1134 1331 1376 1402 ἀνηλεῶς
1405 1333 1731 1403 τυπτομένῳ
1775 1332 1852 1403 τῷ

274 1417 484 1490 ἀθλητῇ
528 1419 587 1473 ἓν
620 1421 969 1493 παραμύθιον
1013 1419 1080 1494 ἦν
1109 1423 1171 1476 τὸ
1220 1424 1362 1479 κατὰ
1426 1423 1549 1477 νοῦν
1584 1423 1851 1488 άτενίζειν

269 1510 516 1582 Χριστῷ.
544 1510 602 1565 ἓν
627 1511 853 1581 εὐμενὲς
884 1514 1195 1585 φάρμακον.
1230 1516 1263 1585 ἡ
1288 1514 1423 1586 πρὸς
1454 1515 1664 1569 ἐκεῖνον
1690 1515 1849 1586 εὐχὴ,

269 1602 339 1673 ἢν
368 1602 540 1675 ἡδέως
576 1604 930 1660 ὲπετάττεται
972 1605 1229 1677 πληγαῖς,
1273 1605 1471 1673 Κύριε,
1513 1605 1708 1676 λέγων,
1767 1610 1854 1673 εἷς

278 1695 347 1749 τό
397 1696 712 1766 ,βοηθῆσαί
758 1715 859 1767 μοι
903 1699 1201 1755 σπεῦσον.
1256 1700 1364 1753 Καὶ
1406 1699 1466 1764 ὃς
1510 1701 1677 1771 ταχὺς
1706 1701 1854 1771 αὐτῷ

274 1788 597 1859 παρίστατο,
658 1791 788 1862 ῥᾷόν
837 1809 896 1845 τε
952 1792 1051 1857 τάς
1093 1792 1284 1856 ὀδύνας
1315 1793 1501 1864 φέρειν
1527 1793 1719 1861 ποιῶν,
1762 1795 1855 1847 καὶ

276 1876 376 1950 τὴν
398 1878 679 1933 τελείωσιν
713 1881 1222 1952 εὐαγγελιζόμενος.
1270 1881 1328 1936 '0
1375 1880 1624 1952 βασιλεὺς
1674 1882 1854 1936 τοίνυν

277 1969 374 2023 ᾶτε
425 1970 514 2024 τὸν
541 1970 711 2042 θυμὸν
740 1973 805 2026 ἐκ
825 1973 916 2027 τοῦ
945 1974 1021 2046 μὴ
1045 1974 1252 2027 πείθειν
1284 1973 1737 2045 παρωξυμμένος,
1762 1974 1854 2028 καὶ

277 2062 377 2133 τὴν
403 2063 574 2137 καλὴν
596 2064 813 2136 ἐκείνην
853 2066 993 2137 ὑπὲρ
1019 2066 1118 2137 τῆς
1171 2066 1452 2131 εὐσεϐείας
1493 2066 1588 2121 τοῦ
1618 2064 1852 2138 ἀθλητοῦ

278 2154 552 2222 ἔνστασιν,
596 2155 891 2226 ὀλιγωρίαν
935 2153 1076 2211 εἶναι
1111 2161 1209 2229 τῆς
1241 2159 1406 2213 αὑτοῦ
1438 2161 1684 2226 ὲξουσῖας
1722 2161 1856 2214 ύπο-

277 2246 593 2317 λαμὸάνων,
645 2247 836 2320 ἔμενεν
875 2248 956 2304 ἔτι
983 2250 1228 2315 κολάζων
1260 2253 1352 2304 καί
1388 2252 1525 2322 πρὸς
1566 2252 1688 2321 βίαν
1732 2252 1854 2305 πεί-

278 2354 395 2392 σειν
445 2338 609 2395 αύτὸν
664 2340 930 2412 οἰόμενος.
986 2341 1151 2396 Ὅθεν
1202 2344 1298 2397 καὶ
1352 2342 1531 2410 ὄνυξιν
1556 2342 1729 2397 ἀετῶν
1755 2345 1852 2414 τὴν

272 2429 441 2482 αὐτοῦ
502 2431 745 2503 γαστέρα
788 2433 1129 2503 προσέταττε
1187 2433 1597 2503 διαπείρασθαι,
1665 2436 1858 2506 μέχρις

273 2518 339 2572 ἂν
385 2519 679 2591 ὀφθαλμοῖς
738 2522 844 2593 ἴδῃ,
896 2522 1083 2592 φησὶν,
1146 2523 1308 2586 αὐτὸς
1390 2523 1582 2578 ἑαυτοῦ
1634 2526 1727 2580 καὶ
1791 2525 1859 2579 τὰ

269 2609 501 2679 ἔγκατα.
564 2611 680 2682 Ἐφ’
704 2606 785 2676 οἷς
839 2612 869 2665 6
902 2613 1132 2685 μάρτυς,
1204 2614 1273 2668 Ἡ
1298 2615 1512 2684 καρδία
1548 2633 1667 2685 μου
1689 2616 1788 2671 καὶ
1816 2617 1855 2686 ἠ

270 2700 430 2771 σάρξ
439 2721 580 2774 μου,
623 2701 829 2775 ἔλεγεν,
852 2704 1302 2775 ὴγαλλιάσαντο
1339 2707 1439 2762 ἐπὶ
1482 2708 1632 2762 Θεὸν
1648 2707 1853 2775 ζῶντα,

270 2795 353 2862 ὡς
404 2796 475 2851 ἐκ,
519 2797 774 2863 στέατος
825 2798 921 2852 καὶ
973 2800 1251 2869 πιότητος
1280 2799 1559 2871 ἐπλήσθη
1596 2803 1635 2872 ἡ
1682 2801 1856 2872 ψυχή

270 2906 410 2956 μου,
446 2888 544 2943 καὶ
595 2890 769 2959 χείλη
797 2889 1213 2961 ἀγαλλιάσεως
1268 2893 1499 2946 αινέσει
1548 2891 1617 2947 τὸ
1665 2896 1861 2963 στόμα

276 2999 421 3050 μου.
469 2982 579 3036 Καὶ
651 2982 825 3037 ταῦτα
901 2983 1001 3055 μὲν
1068 2983 1262 3051 οὕτως,
1338 2984 1405 3039 τὰ
1476 2985 1532 3040 δὲ
1603 2986 1852 3041 ἐντεῦθεν

286 3092 401 3138 πως
416 3092 434 3142 ;

350 3164 431 3264 ρ’.
480 3166 824 3264 Ὁμτύραννος
874 3168 971 3240 μὲν
1004 3169 1299 3223 ἐσκέπτετο
1321 3171 1535 3244 φυλακῇ
1565 3170 1659 3225 καὶ
1702 3168 1860 3238 αὖθις
1885 3207 1927 3264 C

278 3258 464 3313 ciu-3w“
512 3258 605 3313 τὸν
630 3258 886 3331 ἀθλητὴν,
923 3259 1064 3316 ὥστε
1126 3262 1449 3334 πικρότερον
1490 3263 1651 3318 πάλιν
1683 3264 1849 3319 αὐτὸν

283 3350 723 3424 τιμωρήσασθαι.
764 3351 1121 3424 Στρατόνικος
1149 3354 1205 3408 δὲ
1236 3356 1264 3408 ὀ
1310 3354 1472 3419 καλὸς
1508 3355 1655 3427 (ἦκει
1684 3355 1793 3428 γὰρ
1833 3358 1861 3410 ὀ

283 3442 439 3509 λόγος
462 3444 540 3507 είς
575 3443 749 3515 πέρας
776 3445 1004 3514 ἀγαγεῖν
1031 3444 1131 3514 τὴν
1172 3445 1549 3516 ἐπαγγελίαν),
1584 3447 1727 3501 οὔτω
1756 3449 1862 3502 πά-

281 3549 481 3604 σχοντα
506 3534 598 3590 τὸν
634 3534 901 3607 Ἐρμύλον
963 3537 1128 3608 ὀρῶν,
1174 3538 1267 3591 καὶ
1292 3537 1521 3609 ἀμύνειν
1569 3539 1705 3604 ὅλως
1757 3540 1859 3593 οὐκ

283 3625 444 3695 ἔχων,
479 3627 614 3700 ὅπερ
664 3624 808 3700 εἶχεν
837 3629 1007 3683 ἐποίει
1035 3647 1048 3663 ο
1083 3630 1176 3684 xal.
1219 3629 1296 3701 τῷ
1354 3630 1493 3701 φίλῳ
1529 3631 1857 3703 συνέπασχε,

284 3721 377 3773 καὶ
402 3720 560 3793 ἡλγει
589 3721 819 3791 πικρῶς,
845 3722 938 3775 καὶ
964 3724 1023 3776 τὸ
1052 3724 1340 3795 πρόσωπον
1372 3719 1484 3793 εἶχε
1523 3740 1858 3794 συμπεπτωι

285 3811 399 3876 κδς,
433 3813 530 3867 καὶ
570 3813 677 3866 τῶν
718 3813 1010 3882 ὀφθαλμῶν
1041 3814 1273 3869 ἀστακτι
1306 3815 1487 3886 προΐει
1516 3815 1576 3868 τὸ
1602 3815 1857 3886 δάκρυον.

287 3902 451 3956 Ὅθεν
481 3903 606 3957 οὐδὲ
639 3904 884 3959 διέλαθεν
913 3904 1084 3970 οὕτως
1117 3905 1277 3978 ἔχων,
1317 3906 1451 3960 ἀλλὰ
1487 3905 1595 3961 τῶν
1624 3924 1861 3981 συστρα-

287 3992 495 4047 τιωτῶν
543 4010 687 4058 τινες
731 3995 990 4049 ἐπίλυπον
1038 3996 1128 4050 τὸν
1191 3996 1361 4068 ἄνδρα
1400 3997 1497 4051 καὶ
1537 3999 1862 4071 σκυθρωπὸν

288 4082 543 4153 ὁρῶντες,
573 4086 668 4139 καὶ⁸
700 4086 793 4140 τοῦ
826 4088 1146 4159 πράγματος
1165 4089 1264 4160 τὴν
1278 4089 1456 4143 αἰτίαν
1481 4090 1861 4163 φωράσαντες,

288 4174 362 4244 τῷ
397 4175 609 4247 βασιλεῖ
632 4180 1019 4250 προσελθόντες
1046 4223 1061 4246 ,
1098 4181 1478 4253 Στρατόνικος,
1515 4183 1788 4252 λέγουσιν,
1818 4177 1864 4238 ὦ

292 4264 542 4333 βασιλεῦ,
566 4267 923 4339 Στρατόνικος
948 4271 975 4322 6
1004 4270 1349 4340 δεσμοφύλαξ
1375 4272 1528 4342 δῆλός
1546 4274 1693 4326 ἐστιν
1726 4273 1858 4344 Ἐρ-

293 4357 448 4429 μύλῳ
480 4359 577 4429 τῆς
606 4359 837 4430 πλάνης,
872 4363 964 4414 καὶ
989 4361 1082 4415 τοῦ
1109 4362 1540 4433 Χριστιανισμοῦ
1569 4363 1862 4420 κοινωνῶν.

290 4451 543 4504 Φαίνεται
569 4452 678 4522 γὰρ
713 4451 1129 4523 συναχθόμενος,
1156 4452 1250 4506 καὶ
1276 4451 1478 4522 πολλὴν
1515 4452 1652 4523 ὑπὲρ
1700 4450 1864 4506 αύτοῦ

1955 604 2010 650 ct
2035 594 2170 650 nihil
2196 610 2264 650 ex
2300 594 2368 649 iis
2392 610 2421 647 a
2446 593 2602 648 nobis
2631 591 2865 662 amplius
2893 588 3167 644 audiveris
3191 604 3204 641 :
3241 584 3326 640 fac
3374 582 3529 639 dein-

1955 702 2083 757 ceps
2116 684 2261 756 quod
2289 685 2445 749 velis,
2477 693 2532 738 et
2560 696 2856 751 exsequere
2879 695 2941 735 ea
2966 694 3086 749 qua:
3110 673 3386 757 statueris.

2032 750 2167 831 Vili.
2196 776 2294 831 His
2330 776 2404 829 ita
2447 750 3006 844 percitusiLicinius,
3049 750 3218 839 jubet.
3241 780 3366 821 eum
3405 779 3534 834 por-

1957 879 2165 924 rectum
2202 868 2458 939 supinum
2504 863 2668 935 virgis
2705 862 2874 935 figura
2912 858 3193 930 triangulis
3242 857 3297 911 in
3344 864 3534 912 ventre

1961 959 2256 1016 verberari.
2317 958 2387 1014 Et.
2413 966 2530 1012 erat
2564 955 2784 1026 quidem
2827 953 2932 1008 hoc
2972 966 3134 1023 grave
3168 957 3530 1011 tormentum,

1957 1063 2012 1107 ct
2042 1051 2369 1123 corporibus
2400 1048 2655 1105 humanis
2680 1045 2903 1102 minime
2938 1043 3296 1100 tolerandum.
3338 1040 3533 1111 Anguli

1956 1145 2103 1201 enim
2146 1145 2419 1215 virgarum
2442 1182 2458 1209 ,
2504 1157 2616 1196 non
2648 1155 2806 1197 secus
2831 1153 2895 1194 ac
2933 1136 3157 1208 quidam
3186 1150 3370 1200 enses,
3410 1148 3532 1188 car-

1960 1252 2056 1291 nes
2086 1236 2443 1291 vehementer
2475 1232 2789 1304 tangebant.
2819 1230 2926 1286 Sed
2950 1228 3188 1292 athletis,
3224 1226 3386 1281 etiam
3409 1240 3531 1279 cum

1960 1327 2341 1382 verberaretur
2365 1333 2472 1380 tam
2492 1320 3015 1384 immisericorditer,
3041 1334 3209 1373 unum
3240 1324 3360 1372 erat
3390 1315 3532 1371 sola-

1961 1419 2115 1482 tium,
2152 1433 2349 1490 nempe
2393 1415 2675 1472 Christum
2710 1413 2830 1470 fixis
2852 1412 3025 1469 oculis
3050 1411 3314 1483 aSpicere.
3352 1408 3531 1465 Unum

1958 1509 2251 1582 benignum
2277 1508 2731 1565 medicamentum
2759 1521 2950 1578 preces
2970 1520 3105 1576 quas
3135 1503 3203 1559 ad
3236 1502 3385 1557 illum
3411 1501 3534 1556 fune

1959 1603 2139 1667 debat,
2172 1602 2370 1672 quibus
2417 1602 2587 1673 plagis
2617 1599 2858 1672 jucunde
2918 1597 3263 1669 aspergebat.
3308 1598 3531 1652 dicens:

1965 1694 2202 1759 Domine,
2229 1693 2300 1747 ad
2321 1684 2683 1763 adjuv’izndum
2707 1709 2785 1747 me
2807 1692 2996 1763 festina
3027 1689 3068 1742 ⁷.
3089 1688 3181 1742 llle
3214 1704 3341 1743 vero
3355 1688 3462 1742 cito
3483 1689 3530 1742 ei

1960 1783 2154 1851 adfuit,
2185 1790 2239 1837 et
2270 1782 2475 1839 faciens
2515 1792 2572 1837 ut
2619 1782 2787 1837 ferret
2816 1780 3061 1836 dolores
3093 1778 3329 1844 facilius,
3353 1789 3409 1833 et
3436 1794 3533 1833 an-

1885 1866 1929 1922 Β
1956 1878 2216 1933 nuntians
2239 1878 2361 1948 ejus
2408 1872 2953 1932 consummationem.
3003 1871 3302 1941 Imperator
3346 1871 3528 1941 igitur,

1959 1977 2017 2025 ut
2050 1969 2138 2039 qui
2170 1976 2316 2024 esset
2348 1967 2591 2023 irritatus
2620 1981 2686 2020 eo
2708 1964 2853 2035 quod
2894 1978 3000 2017 non
3030 1969 3264 2032 pareret,
3297 1968 3352 2014 et
3380 1975 3533 2028 egre-

1959 2062 2099 2134 giam
2126 2060 2273 2115 illam
2309 2059 2527 2114 athletae
2560 2072 2660 2128 pro
2692 2055 2894 2126 pietate
2926 2051 3311 2113 consrantiam,
3341 2049 3533 2105 existi-

1957 2161 2129 2209 maret
2155 2167 2275 2208 esse
2303 2165 2417 2207 suae
2439 2157 2812 2219 contemptum
2844 2145 3125 2217 potentiae,
3157 2143 3414 2198 manebat
3442 2143 3537 2197 ad-

1958 2246 2066 2300 huc
2084 2243 2341 2316 puniens,
2373 2251 2428 2299 et
2452 2241 2503 2298 vi
2535 2255 2660 2296 cum
2693 2253 2813 2295 esse
2836 2250 3220 2308 persuasurum
3244 2234 3532 2289 arbitrans.

1958 2335 2221 2403 Quocirca
2247 2332 2413 2405 jussit
2434 2332 2555 2403 ejus
2592 2338 2841 2387 ventrem
2868 2326 3093 2398 perfodi
3110 2324 3408 2395 aquilarum
3434 2340 3533 2380 un-

1957 2429 2173 2501 guibus,
2200 2428 2374 2484 donec
2395 2425 2509 2483 suis
2541 2465 2558 2489 ,
2584 2424 2783 2495 inquit,
2809 2421 2984 2477 oculis
3016 2435 3115 2475 sua
3152 2420 3335 2475 videat
3368 2418 3537 2473 intes—

1960 2523 2090 2578 tina.
2121 2520 2349 2591 Propter
2368 2534 2491 2590 quae
2519 2516 2654 2574 dixit
2680 2525 2887 2586 martyr
2922 2532 2935 2569 :
2973 2511 3080 2570 Cor
3115 2529 3287 2567 meum
3316 2520 3367 2566 et
3410 2528 3534 2565 caro

1959 2630 2075 2669 mea
2120 2613 2511 2668 exsultaverunt
2544 2611 2601 2665 in
2623 2610 2791 2664 Deum
2824 2609 2998 2663 vivum
3024 2607 3067 2661 ⁸.
3094 2606 3245 2663 Sicut
3281 2620 3347 2660 ea:
3371 2604 3527 2675 adipe

1958 2716 2005 2760 et
2034 2706 2345 2778 pinguedine
2376 2704 2574 2775 repleta
2605 2711 2681 2758 est
2710 2702 2891 2756 anima
2919 2716 3056 2765 mea,
3085 2707 3134 2753 et
3175 2699 3328 2754 labiis
3351 2698 3531 2753 eamut-

1960 2797 2185 2851 talionis
2218 2795 2459 2850 laudabit
2503 2813 2561 2851 os
2607 2813 2778 2851 meum
2818 2800 2862 2852 ⁹.
2915 2796 2984 2852 Et
3010 2796 3129 2851 haec
3178 2794 3398 2865 quidem
3434 2794 3532 2849 sic.

1959 2888 2090 2953 Quae
2114 2897 2295 2942 autem
2335 2894 2465 2943 sunt
2494 2887 2752 2958 deinceps
2792 2893 3107 2950 consecuta,
3139 2883 3447 2956 quomodo?

2036 3160 2130 3218 IX.
2164 3160 2221 3217 In
2244 3162 2430 3217 animo
2460 3161 2677 3231 quidem
2710 3160 2944 3217 habebat
2978 3168 3238 3233 tyrannus
3262 3174 3388 3216 eum
3413 3176 3538 3215 rur-

1962 3268 2055 3309 sus
2092 3253 2222 3309 dare
2248 3253 2304 3308 in
2333 3253 2655 3320 custodiam,
2689 3261 2749 3307 ut
2775 3268 2900 3308 eum
2923 3267 3114 3307 rursus
3138 3250 3357 3323 puniret
3385 3265 3537 3306 acer-

1961 3346 2104 3400 bius.
2131 3344 2395 3417 Egregius
2420 3353 2605 3401 autem
2634 3343 2984 3400 Stratonicus
3011 3345 3143 3415 (jam
3166 3343 3313 3400 enim
3344 3354 3537 3415 postu-

1961 3438 2036 3491 lat
2072 3437 2247 3492 oratio
2288 3445 2348 3491 ut
2382 3437 2451 3493 ad
2481 3437 2644 3493 ﬁnem
2685 3436 2949 3492 deducam
2989 3436 3371 3506 promissum),
3409 3451 3533 3491 cum

1962 3528 2183 3584 vidisset
2235 3526 2547 3600 llermylum
2594 3529 2674 3583 sic
2720 3526 3058 3597 patientem,
3112 3542 3216 3581 nec
3253 3527 3304 3581 ei
3354 3537 3538 3597 posset

1963 3618 2185 3674 omnino
2213 3633 2370 3689 opem
2400 3616 2562 3683 ferre,
2591 3615 2821 3672 faciebat
2846 3615 2901 3671 id
2923 3616 3066 3686 quod
3089 3621 3341 3687 poterat:
3375 3615 3535 3670 amici

1963 3710 2360 3777 miserabatur,
2415 3720 2471 3765 et
2515 3709 2771 3765 acerbum
2817 3708 3062 3763 dolorem
3112 3708 3379 3779 capiebat,
3422 3708 3539 3761 vul—

1966 3815 2158 3874 tusque
2205 3803 2324 3875 ejus
2367 3801 2700 3866 conciderat,
2745 3809 2801 3855 ct
2837 3815 2902 3855 ex
2955 3799 3075 3870 ejus
3093 3799 3265 3855 oculis
3286 3801 3536 3872 guttatim

1964 3897 2303 3969 proﬂuebant
2337 3896 2609 3968 lacrymac.
2660 3893 2779 3961 Quo
2812 3892 3014 3947 factum
3049 3902 3152 3957 est,
3193 3901 3276 3957 ut,
3305 3908 3426 3947 cum
3459 3892 3539 3947 sic

1965 4006 2024 4046 se
2045 3990 2291 4055 haberet,
2322 4003 2429 4044 non
2457 3986 2695 4058 potuerit
2712 3986 2881 4041 latere
2904 4004 2918 4040 :
2945 3986 3039 4041 sed
3063 4000 3188 4041 cum
3217 3986 3438 4056 quidam
3470 4001 3536 4040 ex

1965 4078 2428 4138 commilitonibus
2469 4092 2594 4134 eum
2641 4077 2851 4132 tristem
2899 4077 3163 4132 vidissent
3212 4084 3267 4132 et
3304 4091 3541 4132 mceren-

1966 4182 2096 4239 tem,
2124 4181 2180 4227 et
2214 4185 2432 4227 causam
2471 4169 2551 4225 rei
2574 4156 3087 4239 deprehendissent,
3134 4168 3201 4223 ad
3248 4167 3542 4238 imperato.

1965 4279 2080 4319 rem
2109 4263 2460 4319 accedentes:
2482 4260 2845 4326 Stratonicus,
2871 4260 3143 4330 inquiunt,
3169 4275 3204 4315 o
3226 4259 3539 4330 imperator,

1966 4357 2325 4422 Stratonicus,
2352 4364 2536 4411 custos
2559 4354 2813 4420 carceris,
2837 4364 3026 4424 aperte
3040 4354 3280 4410 ostendit
3306 4368 3366 4406 se
3387 4366 3543 4406 erro-

1969 4449 2041 4504 ris
2056 4457 2112 4505 et
2130 4446 2525 4504 Christianismi
2539 4447 2873 4503 societatemi
2893 4447 3091 4501 trahere
3116 4459 3241 4500 cum
3264 4442 3541 4513 Hermylo.

289 4541 504 4611 τρέφων
529 4542 624 4614 τὴν
654 4542 829 4614 λύπην
857 4545 936 4607 είς
962 4544 1060 4615 τὴν
1112 4542 1313 4614 ψυχήν.
1373 4542 1433 4596 '0
1459 4543 1514 4596 δὲ
1575 4559 1859 4614 μεταστει·

1974 4540 2197 4596 Videtur
2253 4539 2398 4594 enim
2457 4539 2578 4609 ejus
2641 4537 2928 4602 misereri,
2971 4545 3027 4590 et
3085 4535 3206 4602 ejus
3267 4547 3429 4588 causa
3487 4532 3543 4585 in

290 4635 523 4704 λάμενος
581 4637 745 4700 εὐθὺς
803 4636 894 4692 τὸν
930 4638 1308 4707 Στρατόνικον,
1361 4637 1409 4690 εί
1442 4636 1593 4705 φίλος
1644 4636 1729 4708 εἴη
1765 4636 1862 4690 τοῦ

306 4723 576 4796 Ἐρμύλου
606 4725 1016 4780 διεπυνθάνετο.
1076 4727 1186 4779 Καὶ
1227 4727 1255 4779 6
1298 4725 1548 4797 μαθητὴς
1576 4726 1675 4796 τῆς
1726 4725 1866 4797 άλη-

294 4815 443 4880 θείας
478 4817 733 4887 οὐδαμῶς
765 4816 1108 4888 διεψεύσατο,
1164 4817 1286 4871 οὐδὲ
1339 4819 1597 4889 ἠνέσχετο
1655 4816 1749 4871 καὶ
1785 4816 1867 4870 ἔτι

293 4909 494 4979 ἀγεννῆ
544 4911 651 4963 καὶ
688 4909 919 4982 ἄτολμον
966 4910 1156 4965 ἑαυτὸν
1193 4910 1545 4980 ἀποφαίνειν,
1595 4910 1690 4963 καὶ
1735 4908 1870 4982 κρύ-

296 5019 448 5055 πτειν
481 5001 613 5074 παρ’
656 5002 833 5074 ἐαυτῷ
861 5002 957 5075 τὴν
984 5002 1288 5058 εὐσέϐειαν.
1331 5001 1491 5055 Ἀλλὰ
1514 5003 1706 5073 καιρὸν
1731 4996 1870 5055 εἶναι

297 5092 586 5149 ὑπολαϐὼν
601 5095 696 5149 τοῦ
712 5096 813 5167 τὴν
835 5094 1117 5167 ἄπρακτον
1142 5094 1348 5166 ταύτην
1369 5093 1700 5164 θεογνωσίαν
1724 5094 1808 5146 ὲνε
1818 5108 1874 5162 ρ-

297 5186 391 5252 γὸν
426 5186 706 5255 γενέσθαι,
734 5187 829 5239 καὶ
869 5187 1037 5241 πολὺν
1067 5185 1215 5258 αὐτῷ
1242 5187 1333 5239 τὶν
1363 5187 1576 5257 καρπὸν
1611 5183 1876 5254 μνηστεύ-

297 5275 494 5331 σασθαι
528 5277 598 5332 δι’
653 5278 964 5348 ὁμολογίας,
1017 5277 1168 5346 φίλον
1222 5278 1413 5332 ἑαυτὸν
1453 5277 1728 5348 Ἐρμύλου
1767 5278 1863 5328 καὶ

296 5367 618 5431 Χριστιανὸν
659 5367 860 5432 εὐθέως
902 5369 1260 5440 άνωμολόγει,
1317 5369 1412 5422 καὶ
1440 5368 1638 5438 πολλὴν
1667 5366 1775 5420 τῶν
1801 5367 1871 5420 τὰ

297 5457 492 5512 εἴδωλα
557 5461 827 5515 σεϐόντων
862 5459 1295 5529 καταγινώσκειν
1343 5460 1445 5531 τὴν
1503 5460 1709 5514 ἄνοιαν.
1769 5460 1869 5511 Φο-

301 5550 394 5605 δοῦ
403 5569 499 5622 μαι
532 5551 663 5623 γὰρ,
697 5553 824 5623 ἔφη,
864 5553 1024 5623 μόνον
1049 5550 1159 5623 ἐγὼ
1186 5552 1278 5606 τὸν
1299 5553 1452 5619 Θεὸν,
1472 5551 1562 5605 τὸν
1575 5553 1873 5623 ποιήσαντα

298 5646 390 5700 τὸν
420 5646 647 5717 οὐρανὸν
670 5646 762 5700 καὶ
787 5646 885 5717 τὴν
907 5645 1027 5716 γῆν.

370 5827 391 5857 ⁷
438 5825 573 5881 Psal
609 5843 750 5892 un,
781 5828 834 5880 :2.

1967 4633 2153 4687 animo
2191 4644 2443 4702 magnum
2489 4629 2733 4685 dolorem
2779 4627 3084 4697 concipere.
3131 4625 3225 4679 [lle
3256 4639 3387 4681 vero
3418 4640 3541 4678 cum

1967 4724 2152 4779 statim
2191 4720 2565 4778 accersivisset
2600 4719 2989 4783 Stratonicum,
3030 4716 3241 4787 rogavit
3292 4731 3363 4771 an
3401 4724 3547 4770 esset

1971 4813 2182 4870 amicus
2212 4811 2474 4884 Hermyli.
2525 4808 2836 4880 Discipulus
2882 4816 3065 4862 autem
3094 4805 3343 4861 veritatis
3382 4805 3545 4860 mini—

1972 4922 2062 4960 me
2084 4912 2171 4959 est
2203 4902 2488 4966 mentitus,
2526 4914 2631 4956 nec
2671 4896 2936 4955 sustinuit
2969 4896 3217 4966 ignavam
3249 4904 3304 4948 et
3366 4894 3541 4964 pusilli

1971 4996 2276 5067 abjcctique
2308 4993 2481 5049 animi
2524 4992 2783 5063 pietatem
2836 4988 2981 5060 apud
3014 5003 3073 5043 se
3102 4988 3400 5043 occultare.
3438 4986 3545 5042 Sed

1973 5098 2190 5160 tempus
2221 5101 2343 5142 esse
2369 5086 2688 5149 arbitratus,
2716 5095 2777 5138 ut
2814 5083 2931 5138 haec
2964 5082 3055 5136 Dei
3092 5081 3265 5137 otiosa
3307 5081 3545 5151 cognitio

1971 5180 2214 5251 prodiret
2266 5179 2334 5233 ad
2362 5192 2519 5248 opus,
2561 5186 2617 5231 ct
2655 5191 2906 5246 magnum
2934 5173 3038 5229 sibi
3064 5182 3279 5243 pararet
3310 5173 3543 5227 fructum

1972 5290 2070 5344 per
2122 5271 2546 5335 confessionem,
2603 5285 2663 5325 se
2711 5285 2831 5323 esse
2885 5268 3119 5323 amicum
3175 5265 3435 5336 Hermyli,
3493 5276 3550 5321 et

1975 5363 2346 5419 Christianum
2399 5362 2646 5432 protinus
2676 5371 2762 5415 est
2797 5360 3100 5419 confessus,
3127 5367 3182 5414 et
3213 5374 3308 5413 eos
3335 5359 3425 5427 qui
3456 5373 3549 5412 cu-

1980 5458 2100 5510 luut
2143 5454 2433 5510 simulacra
2460 5493 2476 5518 ,
2534 5468 2744 5524 magum
2793 5452 3124 5508 condemnat
3167 5450 3545 5522 ignorationis.

1981 5547 2173 5602 Timeo
2210 5545 2377 5612 enim,
2427 5544 2624 5615 inquit,
2657 5560 2757 5615 ego
2801 5545 2973 5599 solum
3022 5543 3214 5606 Deum,
3272 5540 3364 5611 qui
3421 5539 3555 5593 fecit

1982 5640 2179 5695 coelum
2213 5645 2266 5692 et
2299 5644 2516 5693 terram.

910 5827 930 5857 "
964 5827 1104 5882 [δεδι.
1161 5841 1375 5887 ιικκχγ,
1407 5825 1460 5877 2.
1540 5826 1558 5855 ο
1601 5823 1743 5878 l’sal.
1773 5819 1974 5886 ιτιιΑὶ.
