3846 6484
286 416 394 481 565

1186 417 1364 478 νιΤΑ
1399 415 1504 476 SS.
1543 415 1889 475 HERMYLI
1931 415 2025 474 ET
2067 412 2410 477 STRATON
2423 413 2519 473 1C1
2532 459 2547 474 .

3422 409 3531 473 56ιῖ

271 529 354 600 τῷ
383 526 523 597 φίλῳ
556 524 734 598 πάθῃς
778 526 870 579 καί
907 527 993 594 σὺ,
1041 525 1137 580 καὶ
1160 526 1319 596 δίκην
1352 525 1521 597 ἀμςξω
1553 526 1653 596 τῆς
1685 530 1849 580 ἀπει-

1966 525 2077 580 lem
2146 540 2362 595 pinnam
2439 520 2859 579 inobedientiae.
2931 521 3291 593 Respondens
3349 532 3532 577 autem

273 621 426 684 θείας
457 619 733 689 ύποσχῆτε
765 618 993 690 ταύτην.
1040 617 1359 672 ’Υπολαόὼιν
1389 618 1445 671 δὲ
1494 617 1523 671 ό
1565 616 1851 691 Στρατόνι-

272 731 393 780 κος,
421 711 639 775 ’Δθλιος
666 709 733 765 ἂν
753 710 895 783 εἴην,
926 710 1000 775 ὡς
1032 709 1270 783 ἀληθῶς,
1292 705 1464 777 εἴπεν,
1486 710 1534 763 εί
1567 709 1649 763 σοὶ
1672 708 1853 763 πειθό⁴

278 823 462 876 μενος,
490 804 744 869 θανόντος
783 804 993 858 ἐκείνου
1040 804 1129 859 διά
1161 803 1418 873 Χριστὸν,
1447 802 1610 867 αὐτὸς
1645 803 1855 874 ἕλωμαι

274 897 397 967 ζῇν.
424 896 532 949 Καὶ
553 894 856 960 όΛικίνιος·
884 896 949 949 Τί
973 895 1109 966 δῆτα
1138 895 1322 967 βούλει
1345 897 1440 949 καὶ
1462 896 1856 950 συναποθανεῖν

287 987 585 1059 Ἐρμύλῳ;
643 988 793 1042 Πάνυ
852 988 953 1059 μὲν
1008 984 1103 1043 οὖν
1152 988 1181 1042 ό
1219 986 1361 1051 θεῖος
1410 986 1515 1059 ἔφη
1564 986 1857 1058 Στρατόνιο

279 1100 377 1146 κος
402 1097 417 1111 ·
452 1082 549 1136 καὶ
585 1080 716 1152 γὰρ,
769 1082 819 1135 εί
870 1081 1056 1146 κοινὰς
1076 1082 1204 1145 τοὺς
1254 1080 1442 1151 φίλους
1471 1080 1617 1152 ἔχειν
1657 1080 1858 1136 δεῖκαὶ

277 1174 380 1237 τὰς
418 1174 726 1245 συμφορὰς,
770 1173 1040 1243 προσήκει
1080 1173 1302 1236 πάντως
1355 1172 1544 1245 κοινὴν
1588 1172 1859 1227 ποιεῖσθαι

277 1267 376 1321 καὶ
404 1267 502 1340 τὴν
528 1266 636 1321 τῶν
657 1265 879 1335 ἀγαθῶν
929 1266 1250 1322 ἀπόλαυσιν.
1307 1265 1373 1320 Τί
1393 1265 1452 1321 δὲ
1480 1264 1548 1321 ἀν
1578 1266 1714 1338 ⁴ἡμῖν
1762 1264 1857 1318 τοῦ

279 1358 370 1414 διὰ
396 1360 634 1427 Χριστὸν
659 1359 852 1414 παθεῖν
881 1358 1143 1432 ἠδύτερόν
1161 1377 1222 1413 τε
1267 1359 1363 1414 καὶ
1391 1357 1750 1432 τιμιώτερον;
1775 1359 1860 1429 ἐφ’

278 1445 364 1514 οἷς
393 1453 485 1505 καὶ
522 1451 878 1523 Στρατόνικον
915 1453 1245 1523 μεταπεῖσαι
1270 1450 1432 1506 πλέον
1465 1448 1854 1521 ἀπαγορεύσας

279 1541 306 1592 ὁ
339 1541 613 1611 βασιλεὺς,
631 1540 734 1613 τὴν
757 1541 951 1612 ὁμοίαν
983 1540 1078 1596 καὶ
1107 1541 1228 1596 κατ’
1258 1538 1422 1595 αὐτοῦ
1452 1537 1636 1594 δίδωσι
1659 1537 1860 1609 ψῆφον,

282 1632 378 1684 καὶ
411 1631 528 1685 ἴσον
549 1632 876 1704 ἀμφοτέρων
898 1630 1252 1704 κατεκρίνετο
1278 1629 1452 1695 τέλος,
1489 1627 1582 1693 οὓς
1605 1630 1702 1684 καὶ
1744 1630 1861 1687 ἴσον

283 1726 404 1788 ταῖς
432 1723 712 1793 ἀληθείαις
740 1725 895 1790 τέλος
941 1723 1177 1795 ἐδέχετο,
1208 1722 1303 1778 καὶ
1329 1722 1484 1794 κοινὴ
1521 1721 1862 1793 μακαριότης

279 1817 377 1870 καὶ
403 1816 745 1884 ἀγαλλίασις.
1444 1826 1473 1842 “’

1957 615 2298 670 Stratonicus
2327 633 2340 667 :
2389 613 2618 681 Revera,
2665 613 2860 684 inquit,
2890 612 3055 668 miser
3105 611 3325 678 fuerim,
3357 615 3400 668 si
3436 614 3535 668 tibi

1955 723 2177 780 parens,
2202 722 2326 763 eum
2359 708 2446 761 ille
2474 706 2543 762 sit
2568 715 2818 762 mortuus
2845 715 3067 778 propter
3091 704 3396 769 Christum,
3420 705 3536 775 ipse

1956 797 2117 852 velim
2152 796 2356 852 vivere.
2403 796 2645 852 Licinius
2665 805 2849 852 autem
2875 815 2889 851 :
2913 795 3056 863 Quid
3087 794 3254 867 ergo?
3280 795 3366 852 vis
3388 795 3537 850 mori

1958 905 2081 945 cum
2103 887 2388 960 Hermylo?
2406 888 2634 944 Maxime
2654 889 2900 960 quidem,
2929 889 3108 960 inquit
3131 890 3351 946 divinus
3382 888 3538 946 Stra-

1962 981 2197 1038 tonicus.
2230 979 2471 1047 Etenim,
2502 981 2701 1052 inquit,
2731 981 2777 1037 si
2800 990 3019 1052 oportet
3047 983 3253 1038 amicos
3289 998 3540 1039 commu-

1961 1091 2060 1155 nes
2093 1074 2296 1130 habere
2323 1074 2680 1142 calamitates,
2704 1082 2918 1146 oportet
2940 1074 3166 1132 omnino
3193 1092 3288 1132 eos
3321 1091 3541 1147 quoque

1960 1168 2118 1224 bonis
2145 1166 2252 1223 frui
2276 1169 2661 1224 communiter.
2699 1167 2844 1234 Quid
2872 1178 3056 1223 autem
3084 1168 3244 1223 nobis
3264 1166 3428 1223 fuerit
3449 1168 3539 1238 ju-

1962 1260 2165 1316 cundiu
2178 1275 2205 1316 s
2226 1268 2323 1315 aut
2340 1258 2659 1330 pretiosius,
2678 1274 2842 1330 quam
2860 1259 2973 1330 pati
2993 1268 3212 1330 propter
3229 1257 3539 1314 Christum?

1964 1351 2198 1423 Propter
2226 1365 2488 1424 quaecum
2520 1349 2865 1421 desperasset
2888 1350 3183 1422 imperator
3215 1348 3330 1404 fieri
3352 1365 3537 1420 posse,

1965 1454 2023 1500 ut
2048 1443 2406 1516 persuaderet
2425 1440 2763 1510 Stratonico,
2793 1442 3033 1499 similem
3074 1456 3292 1512 quoque
3325 1441 3379 1494 in
3412 1455 3539 1494 eum

1964 1536 2069 1593 fert
2108 1535 2457 1600 sententiam.
2490 1543 2547 1591 et
2572 1535 2763 1591 eodem
2804 1533 2912 1590 line
2954 1542 3244 1604 utrumque
3286 1532 3546 1589 condem-

1964 1638 2057 1690 nat
2085 1649 2098 1685 :
2132 1645 2271 1701 quos
2292 1629 2457 1684 etiam
2490 1642 2676 1683 revera
2717 1641 2815 1694 par
2849 1625 2973 1682 ﬁnis
3021 1624 3259 1696 excepit,
3295 1637 3546 1679 commu—

1966 1725 2161 1794 nisque
2190 1721 2473 1778 beatitudo
2498 1728 2553 1776 et
2578 1719 2891 1776 exsultatio.

353 1878 717 1979 ιΒἈ-Ἢγαντο
739 1904 831 1964 οὗν
867 1910 923 1964 οἱ
952 1909 1233 1981 μάρτυρες
1259 1908 1362 1982 τὴν
1392 1909 1487 1962 ἐπὶ
1517 1906 1735 1976 θανάτῳ
1770 1907 1856 1961 λέ-

2036 1899 2156 1956 Χιῐ.
2194 1898 2279 1955 Ad
2304 1905 2532 1952 mortem
2567 1895 2751 1965 itaque
2774 1892 3119 1951 ducebantur
3148 1899 3431 1965 martyres,
3463 1890 3547 1946 di-

278 2017 515 2071 γοντες·
544 2003 685 2067 Δόξα
748 2002 806 2055 ἐν
840 2000 1089 2067 ὑψίστοις
1150 2000 1291 2071 Θεῷ,
1346 2001 1447 2054 καὶ
1496 2000 1589 2052 ἐπὶ
1632 2000 1733 2069 τῆς
1757 1999 1861 2068 γῆς

278 2093 498 2167 εἰρήνη,
534 2094 591 2147 ὲν
624 2092 934 2166 ἀνθρώποις
971 2093 1193 2147 εὐδοκία
1221 2107 1238 2122 ⁸
1269 2094 1469 2157 οἰκεῖος
1503 2094 1531 2147 ό
1554 2090 1722 2162 ὕμνος
1754 2091 1862 2146 τῶν

278 2185 507 2259 ἀγαθῶν
547 2202 694 2249 τινος
752 2185 1053 2239 ἀπολαύειν
1096 2183 1433 2256 μελλόντωνί
1473 2183 1536 2237 οὐ
1575 2182 1685 2237 τῶν
1726 2183 1863 2254 πρὸς

279 2275 584 2347 θάνατονιῆ
625 2276 752 2331 ἄλλο
777 2293 831 2330 τι
887 2277 1065 2330 αττιον
1123 2274 1429 2347 κατηφείας
1478 2273 1862 2345 ἀπαγομένων.

292 2369 384 2432 Ὡς
408 2368 461 2422 δὲ
492 2368 595 2440 ήδη
622 2368 715 2423 τὸν
746 2367 992 2439 ποταμὸν
1028 2366 1324 2422 κατέλαϐον
1353 2366 1412 2421 ὲν
1442 2367 1686 2439 σαργάνῃ
1713 2366 1869 2437 παρὰ·

276 2461 392 2515 τῶν
415 2462 496 2526 είς
524 2462 682 2515 τοῦτο
710 2454 1065 2530 τεταγμένων
1096 2454 1410 2532 βληθέντες,
1440 2458 1520 2532 τῷ
1568 2458 1722 2529 βυθεῖ
1751 2476 1865 2513 πα-

283 2554 693 2627 ραπέμπονται.
749 2554 1056 2626 Δεξόμενος
1110 2554 1295 2626 μέντοι
1355 2556 1425 2606 τά
1491 2549 1722 2622 σώματα
1755 2551 1866 2605 τῶν

279 2645 459 2712 ἁγίων
486 2647 514 2698 ὁ
543 2646 806 2717 ποταμὸς,
877 2646 976 2700 καὶ
1007 2646 1135 2700 ὅσον
1169 2644 1281 2698 ἔδει
1329 2642 1389 2698 τὸ
1450 2642 1668 2716 ῥεῖθρον
1701 2643 1865 2712 ἀγια-

282 2734 458 2801 σθεὶς,
491 2738 644 2808 χερσὶ
681 2737 887 2792 πιστῶν
908 2736 1156 2793 ἐκδίδωσι
1173 2736 1334 2790 πάλιν
1352 2735 1547 2800 ταῦτα,
1580 2733 1875 2804 καθάπερν

286 2825 474 2901 οἶμαι,
506 2828 779 2900 θησαυρὸν
801 2828 1043 2883 τοιοῦτον
1081 2827 1212 2899 παρ’
1245 2825 1423 2897 ἑαυτῷ
1466 2824 1730 2897 κρύπτειν
1767 2825 1868 2880 οὐκ

284 2919 549 2987 ἐνεγκὼν,
630 2921 724 2974 καὶ
773 2921 1094 2991 τηλικοῦτον
1153 2917 1434 2991 ζημιῶσαι
1505 2918 1869 2990 Χριστιανοὺς

281 3008 496 3077 ἀγαθον
560 3010 657 3079 τῆς
735 3009 958 3082 πρώτης
1038 3009 1373 3078 ὰγαθότητος
1457 3008 1558 3062 οὐκ
1633 3009 1868 3079 ἀνασχο-

290 3099 486 3171 μένης.
544 3101 697 3155 Μετά
746 3099 878 3171 γοῦν
909 3099 1099 3172 τρίτην
1139 3100 1198 3165 ἐξ
1225 3097 1437 3152 ἐκείνου
1503 3097 1739 3169 ἡμέραν,
1799 3100 1866 3169 τῇ

1961 2001 2147 2049 centes
2180 2008 2196 2045 :
2237 1989 2419 2048 Gloria
2451 1989 2506 2043 in
2536 1986 2753 2042 excelsis
2784 1984 2887 2040 Deo
2915 2025 2929 2050 ,
2963 1992 3013 2040 et
3059 1985 3111 2038 in
3155 1992 3296 2037 terra
3327 1999 3452 2054 pas,
3491 1984 3545 2036 in

1961 2083 2256 2139 hominibus
2280 2083 2413 2137 bona
2441 2079 2681 2135 voluntas
2718 2079 2798 2132 υς
2825 2075 3153 2147 quiquidem
3194 2081 3278 2129 est
3314 2072 3547 2145 hymnus

1962 2173 2294 2230 conveniens
2338 2170 2424 2232 iis,
2456 2168 2548 2239 qui
2592 2174 2720 2223 sunt
2766 2166 2972 2220 bonum
3014 2161 3233 2231 aliquod
3283 2173 3549 2215 consecu-

1964 2265 2105 2321 turi:
2129 2279 2241 2320 non
2269 2276 2459 2318 eorum
2486 2260 2576 2331 qui
2603 2258 2949 2315 deducuntur
2968 2254 3036 2310 ad
3069 2261 3323 2318 mortem,
3354 2257 3449 2305 aut
3478 2249 3547 2304 ad

1963 2355 2198 2426 aliluam
2235 2353 2398 2408 aliam
2452 2365 2673 2406 causam
2712 2347 2967 2404 tristitiae.
3019 2344 3313 2415 Postquam
3363 2351 3546 2407 autem

1959 2450 2070 2521 jam
2105 2445 2484 2519 pervenissent
2521 2444 2590 2499 ad
2614 2441 2864 2506 ﬂuvium,
2904 2441 2961 2494 in
2994 2449 3111 2494 rete
3134 2435 3318 2508 injeeti
3360 2435 3430 2493 ab
3454 2433 3546 2498 iis.

1963 2541 2164 2612 quibus
2187 2539 2293 2594 hoc
2327 2538 2515 2594 domm
2548 2543 2669 2591 erat
2686 2532 2987 2611 negotium,
3018 2529 3460 2586 transmittuntur
3490 2524 3545 2580 in

1966 2634 2325 2707 profundum.
2350 2632 2489 2685 Cum
2520 2627 2855 2699 suscepisset
2882 2634 3065 2680 autem
3093 2622 3291 2678 ﬂuvius
3318 2634 3549 2690 corpora

1966 2736 2301 2794 sanctorum,
2334 2735 2389 2782 et
2422 2731 2628 2796 quanto
2654 2720 2901 2794 oportuit
2939 2718 3148 2774 ﬂuento
3171 2723 3319 2772 esset
3343 2714 3567 2779 sancti—_

1967 2822 2178 2885 licatus,
2208 2837 2273 2877 ea
2311 2834 2500 2875 rursus
2535 2816 2700 2873 tradit
2757 2814 3017 2870 manibus
3055 2810 3335 2866 ﬁdelium:
3371 2817 3427 2861 ut
3455 2808 3548 2877 qui

1967 2915 2150 2979 talem,
2187 2922 2246 2969 ut
2284 2912 2541 2978 arbitror,
2587 2911 2907 2966 thesaurum
2943 2904 3087 2976 apud
3125 2918 3183 2958 se
3215 2901 3421 2958 diutius
3452 2899 3546 2954 ab—

1970 3007 2098 3061 dere
2130 3020 2240 3060 non
2272 3002 2649 3065 sustinuisset,
2689 3009 2744 3056 et
2769 2999 2906 3055 tanti
2940 2996 3068 3052 boni
3093 2996 3307 3066 jactura
3334 2991 3550 3048 allicere

1968 3097 2327 3163 Christianos,
2360 3110 2483 3151 cum
2517 3093 2691 3164 prima
2721 3107 2913 3148 eorum
2938 3103 3048 3144 non
3086 3085 3425 3159 apparuisset
3454 3082 3550 3138 bos

283 3195 471 3264 χέρσῳ
526 3198 761 3262 κείμενα
808 3192 876 3246 τά
914 3190 1225 3262 μαρτυρικά
1281 3187 1510 3291 σώματα
1548 3188 1864 3260 καθωράθη,

1972 3192 2136 3247 nitas.
2189 3188 2376 3245 Tertio
2419 3202 2550 3260 ergo
2595 3187 2685 3243 die
2706 3194 2917 3256 postea,
2976 3183 3090 3238 visa
3140 3188 3272 3235 sunt
3321 3190 3549 3247 corpora

285 3284 385 3351 καί
405 3299 549 3348 τινες
583 3282 775 3356 ἄνδρες
817 3282 1081 3352 θεοφιλεῖς
1129 3283 1224 3335 καὶ
1251 3273 1333 3344 οἷς
1364 3279 1526 3352 ἔργον
1565 3281 1737 3349 ἁγίων
1769 3279 1871 3351 θη-

290 3377 395 3451 ρᾷν
427 3379 653 3447 σώματα
714 3374 1100 3447 περιτυχόντες
1155 3373 1375 3437 αὐτοὺς,
1411 3373 1565 3443 χερσί
1594 3389 1652 3426 τε
1682 3372 1872 3426 ποθού-

288 3484 415 3531 καις
453 3467 693 3532 εὐλαϐῶς
730 3467 1066 3538 ἀνελόμενοι,
1097 3467 1193 3519 καὶ
1228 3465 1430 3537 ὕμνους
1461 3464 1767 3536 ὲπᾴσαντες
1796 3465 1872 3518 ἱε-

290 3560 443 3629 po’g,
479 3561 574 3614 καὶ
602 3561 703 3614 ὅσα
747 3561 915 3632 νόμος
938 3560 1283 3631 Χριστιανοῖς
1317 3557 1655 3623 τελέσαντες,
1683 3556 1741 3610 ἐν
1759 3574 1866 3611 τινι

285 3652 442 3721 τᾶπῳ
465 3651 711 3715 σταδίους
731 3650 875 3705 ὀκτὼ
904 3650 999 3704 καὶ
1030 3650 1161 3705 δέκα
1192 3649 1294 3720 τῆς
1320 3650 1526 3713 πόλεως
1548 3649 1871 3720 Σιγγήδονος

290 3744 573 3814 ἀπέχοντι,
623 3744 760 3815 όμοῦ
794 3744 1175 3798 κατατίθενται
1206 3744 1400 3805 ταῦτα,
1435 3744 1523 3796 ἴνα
1554 3742 1712 3796 κοινά
1741 3740 1869 3795 τούο

289 3852 409 3899 τοις
454 3836 632 3889 πάντα
663 3836 758 3890 καὶ
817 3835 1006 3908 φιλικά
1060 3835 1299 3905 γίνηται,
1347 3835 1380 3906 ἡ
1444 3832 1578 3905 πρὸς
1637 3831 1871 3903 Χριστὸν

292 3926 581 3996 ὁμολογία,
638 3928 671 3999 ἡ
726 3929 783 3981 ἑν
816 3928 893 3998 τῷ
918 3927 1281 4001 δεσμωτηρίῳ
1311 3925 1656 3997 κατοίκησις,
1708 3925 1743 3995 ή
1792 3925 1873 3988 είς

290 4018 387 4071 τὸν
421 4018 663 4088 ποταμὸν
697 4019 1065 4090 κατάλυσις,ἡ
1091 4019 1204 4074 ἄνω
1229 4018 1404 4088 λῆξις,
1433 4018 1466 4089 ἡ
1495 4016 1580 4084 ἐφ’
1613 4017 1694 4070 ἑνὶ
1723 4016 1876 4087 τόπῳ

290 4109 405 4162 τῶν
436 4110 707 4180 σωμάτων
750 4111 1066 4179 κατάθεσις,
1124 4113 1310 4184 χάριτι
1344 4111 1440 4165 καὶ
1490 4109 1874 4183 φιλανθρωπίᾳ

291 4201 391 4255 τοῦ
432 4201 635 4273 Κυρίου
666 4204 822 4274 ἡμῶν
881 4202 1059 4275 Ἰησοῦ
1082 4204 1341 4276 Χριστοῦ,
1375 4204 1496 4274 μεθ’
1542 4197 1604 4258 οὗ
1634 4202 1716 4275 τῷ
1750 4203 1870 4257 Πα-

290 4293 386 4365 τρὶ
411 4296 505 4348 καὶ
532 4295 607 4365 τῷ
641 4296 780 4368 ἁγίῳ
815 4296 1120 4369 Πνεύματι,
1147 4297 1297 4364 δόξα,
1354 4295 1578 4369 κράτος,
1610 4295 1747 4366 τιμὴ
1773 4295 1870 4349 καὶ

294 4384 687 4459 προσκύνησις,
738 4389 833 4444 νῦν
863 4391 1055 4455 nisi;
1092 4391 1220 4455 τοὺς
1258 4389 1460 4455 αἰῶνας
1500 4388 1611 4444 τῶν
1633 4387 1869 4444 αἰώνων.

308 4477 369 4527 Ἀ
377 4498 414 4547 .J.
421 4478 453 4547 ᾗ
461 4497 488 4530 ν
495 4517 509 4531 .

375 4636 414 4669 υ
442 4635 568 4689 Luc.
605 4651 663 4695 ll,
710 4635 791 4690 Η.

373 4793 446 4861 (ι)
486 4791 615 4847 Nutu
649 4793 735 4849 hic
769 4793 1161 4849 ecclesiasticos
1186 4792 1239 4847 in
1277 4791 1364 4845 fu"

1972 3292 2270 3356 martyrum
2295 3283 2379 3337 :in
2396 3296 2519 3353 qua;
2539 3296 2664 3335 cum
2682 3278 2998 3334 incidissent
3019 3275 3236 3347 quidam
3258 3272 3359 3327 viri
3378 3271 3472 3342 pii,
3494 3279 3549 3325 et

1973 3392 2208 3448 quorum
2236 3382 2356 3431 erat
2374 3373 2608 3430 ollicium
2634 3371 2879 3426 venerari
2897 3384 3125 3439 corpora
3141 3375 3474 3428 sanctorum,
3496 3371 3553 3417 et

1974 3485 2038 3525 ea
2054 3467 2371 3540 optantibus
2392 3466 2646 3520 manibus
2678 3465 2766 3535 pie
2796 3478 2859 3518 ac
2883 3462 3133 3533 religiose
3155 3456 3551 3526 suscepissent,

1975 3572 2033 3620 et
2076 3576 2261 3618 sacros
2292 3559 2524 3629 hymnos
2570 3557 2921 3616 cecinissent.
2965 3563 3020 3609 et
3049 3564 3389 3623 quaecunque
3434 3563 3552 3602 mos

1973 3662 2056 3709 est
2079 3649 2407 3707 Christianis
2438 3649 2539 3720 (l),
2567 3647 2922 3719 peregissent,
2949 3645 3001 3698 in
3028 3642 3261 3714 quodam
3282 3639 3421 3704 loco,
3460 3638 3550 3707 qui

1974 3726 2275 3802 octodecim
2304 3744 2507 3799 stadiis
2570 3743 2726 3797 abest
2759 3757 2789 3795 a
2821 3738 3047 3795 civitate
3108 3733 3437 3805 Singedone,
3484 3748 3549 3784 ea

1978 3837 2138 3893 simul
2167 3841 2469 3908 deponunt,
2501 3845 2560 3890 ut
2584 3835 2666 3891 eis
2683 3842 2868 3891 essent
2908 3830 3092 3887 omnia
3143 3825 3476 3891 communia,
3498 3834 3549 3880 et

1979 3931 2153 3987 amica
2185 3949 2198 3985 :
2230 3929 2285 3984 in
2308 3929 2585 3983 Christum
2613 3925 2909 3990 confessio,
2930 3923 2986 3977 in
3018 3932 3240 3975 carcere
3265 3915 3549 3978 habitatio,

1981 4024 2035 4078 in
2069 4022 2291 4077 ﬂumine
2321 4020 2613 4084 demersio,
2637 4032 2891 4089 supernae
2914 4012 3099 4087 gloria:
3121 4017 3388 4065 conseeut
3411 4023 3465 4071 0,
3498 4007 3550 4060 in

1979 4129 2092 4170 uno
2124 4114 2243 4168 loco
2268 4125 2559 4181 corporum
2584 4107 2889 4179 depositio:
2919 4103 3089 4176 gratia
3115 4110 3172 4157 et
3217 4098 3550 4170 benignitate

1977 4206 2194 4262 Domini
2238 4203 2411 4260 nostri
2448 4200 2577 4257 Jesu
2622 4199 2861 4264 Christi,
2902 4211 3028 4251 cum
3076 4207 3185 4263 quo
3216 4191 3357 4247 Patri
3391 4189 3551 4242 simul

1975 4306 2030 4354 et
2070 4304 2260 4352 sancto
2309 4292 2519 4365 Spiritu
2562 4290 2757 4364 gloria,
2797 4287 3064 4359 potentia,
3114 4284 3291 4339 honor
3321 4290 3376 4336 et
3386 4280 3526 4349 ,ado

1979 4386 2137 4452 ratio,
2166 4399 2315 4441 nunc
2344 4391 2396 4439 et
2426 4383 2480 4438 in
2513 4381 2709 4438 smcula
2739 4378 3080 4435 seculorum.
3110 4376 3300 4431 Amen,
