3846 6476
309 326 419 396 567

1477 330 1764 400 MENSIS
1814 331 2277 397 JANUARIUS.

3461 325 3569 389 563

1550 435 3550 464 ———————_————-—_——————-—"~

1136 593 1499 711 ΒΙΟΣ
1572 598 1853 710 ΚΑΙ
1928 591 2683 714 ΠΟΛΙΤΕΙΑ

1469 810 1609 867 'ror
1640 810 1845 866 ostor
1877 774 2151 868 narres
2188 813 2390 869 HMON

777 971 1527 1111 IQANNOY
1599 975 1948 1140 ΤΟΥ
2025 969 3062 1119 ΚΑΛΥΒΙΤΟΥ.

1209 1388 1491 1479 VITA
1566 1388 1719 1478 ET
1820 1386 2666 1482 CONVERSATIO

860 1604 978 1720 s.
1050 1607 1176 1721 P.
1247 1607 1384 1720 N.
1452 1605 2056 1721 JOANNIS
2116 1582 2981 1755 CALYBITIE‘,
3088 1686 3092 1693 ι

1731 1788 1941 1870 (Anno
1983 1790 2145 1872 460.)

305 1918 506 1985 [Latine
530 1916 659 1982 apud
688 1915 806 1967 Sur.
837 1916 896 1967 ad
916 1914 1197 1981 d.15..lan;
1223 1916 1391 1968 Graeca
1422 1929 1551 1968 nunc
1573 1918 1785 1983 primum
1821 1919 2069 1982 prodeunt
2103 1932 2166 1970 ex
2191 1933 2312 1971 mss.
2347 1920 2477 1983 Reg.
2516 1916 3055 1982 1682,1556;Coislin.
3082 1918 3188 1970 121.
3227 1920 3360 1972 Eutr.
3388 1921 3543 1975 Pan.

370 2139 414 2195 1.
445 2136 560 2194 Viri
592 2134 722 2208 justi
761 2144 819 2191 et
851 2134 1078 2207 perfecti
1112 2135 1300 2201 vitam,
1344 2134 1597 2202 honeste,
1635 2153 1793 2207 pure,
1834 2150 1890 2196 et
1916 2172 1929 2207 Α

2061 2145 2139 2198 Α.
2176 2140 2302 2196 Βίον
2337 2138 2525 2205 καλὸν,
2556 2140 2651 2195 καὶ
2680 2139 2958 2217 ἐνάρετον,
2994 2141 3090 2195 καὶ
3133 2139 3437 2213 ἀμόλυντον
3466 2144 3568 2196 ἀν-

299 2246 425 2289 cum
463 2230 668 2287 virtute
714 2237 916 2296 actam,
955 2228 1136 2294 vobis,
1171 2229 1263 2299 qui
1304 2231 1605 2286 concordes
1641 2232 1698 2286 in
1741 2232 1889 2289 hunc

1986 2235 2111 2309 δρὸς
2170 2233 2386 2290 δικαίου
2438 2234 2533 2288 καὶ
2595 2232 2805 2288 τελείου
2874 2231 3136 2305 βούλομαι
3196 2232 3568 2304 διηγήσασθαι

295 2324 480 2381 locum
522 2320 877 2389 convenistis,
908 2334 1134 2377 narrare
1178 2321 1234 2376 in
1275 2321 1459 2378 animo
1504 2322 1699 2380 habeo.
1742 2323 1889 2380 Vixit

1986 2333 2051 2402 τῇ
2084 2330 2238 2401 ὑμῶν
2297 2327 2541 2400 ὁμονοίᾳ,
2596 2326 2747 2386 ὅστις
2802 2325 3032 2395 γέγονεν
3091 2328 3151 2381 ἐν
3188 2328 3300 2389 τοῖς
3345 2327 3566 2397 χρόνοις

297 2418 446 2474 enim
493 2415 586 2473 ille
620 2414 958 2486 temporibus
989 2412 1213 2470 nostris.
1263 2413 1515 2481 Quicum
1565 2417 1730 2487 hujus
1760 2416 1885 2474 vitae

297 2508 515 2582 negotia
558 2507 818 2581 singulari
857 2506 1157 2579 sapientia,
1197 2514 1253 2564 et
1292 2506 1347 2562 in
1379 2506 1652 2564 Christum
1688 2508 1793 2565 [ide
1822 2524 1886 2565 ac

293 2603 498 2674 pietate
527 2601 962 2673 contempsisset,
988 2600 1230 2656 coelestia
1266 2602 1406 2656 bona
1431 2610 1755 2658 consecutus
1778 2610 1880 2659 est.

294 2693 405 2753 Res
436 2696 574 2766 ipsa,
605 2693 911 2767 cujusmodi
933 2695 1024 2758 sit,
1051 2693 1362 2749 narratione
1379 2692 1483 2748 hac
1502 2693 1880 2761 explicabitur.

363 2787 429 2847 ll.
462 2788 587 2844 Fuit
614 2789 672 2843 in
710 2788 850 2843 urbe
876 2786 1050 2843 Roma
1088 2787 1176 2843 vir
1205 2787 1426 2857 quidam
1452 2787 1607 2842 valde
1629 2786 1803 2853 dives,
1828 2796 1884 2841 et

290 2881 551 2953 dignitate
598 2879 687 2936 illa
725 2879 1007 2949 praeditus,
1070 2894 1178 2949 qua
1214 2878 1248 2935 ii
1294 2888 1440 2945 sunt,
1484 2879 1576 2950 qui
1612 2879 1882 2935 exercitus

290 2971 519 3026 ducunt.
550 2969 756 3026 Nomen
785 2970 904 3025 viro
936 2970 1011 3024 illi
1037 2979 1155 3024 erat
1182 2969 1479 3040 Eutropius
1509 2986 1522 3024 :
1550 2970 1672 3041 ejus
1698 2979 1879 3026 autem

290 3060 513 3128 conjux,
569 3059 857 3116 Theodora
900 3058 1216 3115 vocabatur.
1256 3059 1307 3115 Is
1354 3060 1543 3116 habuit
1574 3070 1682 3117 tres
1720 3061 1879 3129 filios,

290 3168 321 3207 e
345 3154 543 3222 quibus
572 3153 682 3208 duo
718 3152 971 3208 civilibus
1007 3152 1413 3223 magistratibus
1450 3153 1519 3208 ab
1553 3153 1671 3224 ipso
1714 3169 1880 3210 occu-

293 3244 407 3313 pati
442 3251 620 3299 erant.
657 3243 762 3311 Qui
793 3260 923 3300 vero
951 3255 1086 3301 natu
1118 3253 1236 3301 erat
1266 3244 1463 3309 minor,
1495 3243 1738 3301 Joannes
1779 3260 1877 3316 ap-

287 3337 611 3407 pellabatur.
646 3336 781 3392 Eum
824 3338 891 3394 ad
931 3339 1139 3393 litteras
1179 3338 1469 3395 discendas
1501 3347 1655 3410 pater
1711 3337 1879 3409 magi-

288 3442 402 3489 stro
435 3434 674 3490 tradidit.
704 3434 894 3506 itaque
932 3451 1056 3492 cum
1087 3437 1292 3507 primas
1323 3438 1649 3495 eruditionis
1672 3438 1881 3494 litteras

1983 2424 2164 2493 ἡμῶν.
2189 2421 2723 2492 Καταφρονήσαντος
2757 2419 2951 2491 ἀνδρὸς
2984 2417 3092 2473 τῶν
3115 2417 3208 2472 τοῦ
3233 2417 3351 2488 βίου
3380 2435 3566 2490 πραγο

1989 2511 2196 2581 μάτων,
2224 2506 2654 2574 καταξιωθέντος
2692 2507 2802 2561 τῶν
2828 2507 3170 2580 ἐπουρανίων
3198 2507 3442 2577 ἀγαθῶν,
3473 2507 3565 2561 διὰ

1983 2605 2083 2676 τὴν
2131 2603 2369 2674 ἄμετρον
2397 2599 2564 2656 αὑτοῦ
2597 2597 2900 2673 ὑπομονὴν,
2941 2601 3036 2653 καὶ
3063 2599 3163 2671 τὴν
3200 2599 3279 2664 είς
3320 2599 3566 2671 Χριστὸν

1983 2697 2190 2761 πίστιν,
2222 2692 2341 2750 τόδε
2389 2696 2622 2767 πρᾶγμα
2662 2687 2775 2749 οἷόν
2801 2711 2856 2747 τι
2888 2693 3001 2764 ἔχει
3028 2692 3317 2765 διῄρημαι.

2056 2791 2130 2844 B'.
2164 2786 2273 2842 'iiv
2302 2806 2385 2850 τις
2411 2788 2549 2860 ἀνὴρ
2586 2789 2645 2841 ὲν
2684 2790 2751 2860 τῇ
2794 2786 3080 2858 Ῥωμαίων
3119 2785 3273 2840 πόλει
3303 2784 3565 2849 πλούσιος

1986 2882 2213 2952 σφόδρα’
2243 2880 2305 2935 τὸ
2331 2880 2427 2934 τοῦ
2461 2879 2830 2951 στρατηλάτου
2852 2878 3067 2950 ἀξίωμα
3088 2878 3560 2951 περιϐεϐλημένος

1980 2974 2152 3046 ὄνομα
2202 2972 2280 3044 τῷ
2323 2972 2477 3044 ἀνδρὶ
2509 2972 2830 3043 Εὑτρόπιος.
2871 2972 3010 3043 ἔχων
3038 2974 3134 3028 καὶ
3166 2960 3396 3044 σύμϐιον
3427 2972 3565 3027 ﬁsco

1980 3064 2160 3135 δὼραν
2212 3063 2784 3136 προσαγορευομένην.
2826 3065 3052 3118 Ἐτεκον
3107 3063 3163 3117 δὲ
3196 3064 3346 3127 υἱοὺς
3385 3066 3559 3135 τρεῖς,

1982 3146 2091 3212 καῖ’
2123 3159 2251 3220 τοὺς
2301 3156 2402 3228 μὲν
2445 3154 2540 3210 δύο
2595 3154 2922 3227 περιέϐαλον
2972 3152 3242 3225 ἀξιώμασι
3279 3155 3563 3225 μεγάλοις,

1981 3249 2274 3305 κατέλιπον
2333 3248 2390 3303 δὲ
2436 3248 2528 3302 τὸν
2588 3247 2888 3319 νεώτερον,
2943 3246 3039 3300 τοῦ
3089 3264 3148 3302 τε
3196 3242 3264 3320 ἦν
3304 3244 3565 3316 Ἰωάννης

1980 3343 2171 3412 ὄνομα,
2208 3342 2301 3397 καὶ
2330 3341 2657 3412 παρέδωκαν
2695 3338 2858 3395 αὑτὸν
2885 3341 2965 3402 τίς
3002 3338 3099 3410 τὴν
3138 3338 3388 3392 παιδείαν
3410 3337 3563 3392 διδα-

1983 3434 2187 3505 σκάλῳ.
2241 3432 2352 3489 Καὶ
2392 3433 2532 3504 μετὰ
2590 3431 2650 3486 τὸ
2704 3430 2994 3501 πληρῶσαι
3049 3429 3120 3483 τὰ
3165 3429 3265 3497 τῆς
3310 3426 3564 3491 παιδείας

291 3525 599 3594 didicisset,
620 3528 687 3583 ad
716 3528 1025 3585 rhetoricos
1047 3540 1103 3585 et
1128 3530 1535 3601 philosolibicos
1556 3531 1723 3587 libros
1739 3548 1875 3587 con-
1908 3520 1929 3575 Ι

1980 3529 2222 3598 πρότερα
2255 3527 2580 3598 γράμματα,
2634 3524 2964 3597 παρέδωκαν
3018 3522 3180 3578 αὑτὸν
3225 3522 3302 3586 είς
3330 3521 3388 3575 τὸ
3428 3519 3564 3589 περὶ

289 3620 629 3689 gnoscendos
659 3634 718 3675 se
746 3621 1009 3677 traduxit.
1041 3620 1178 3677 Cum
1203 3638 1335 3678 vero
1361 3622 1741 3679 duodecimum
1773 3638 1862 3677 an-

286 3725 418 3765 num
461 3722 667 3782 ageret,
705 3721 761 3768 et
804 3714 985 3770 omnia
1026 3714 1143 3770 fere
1181 3715 1421 3786 perfecte
1464 3716 1765 3780 didicisset,
1809 3731 1877 3773 eo

281 3801 430 3869 quod
467 3802 595 3857 boni
635 3812 689 3857 et
716 3803 983 3875 elegantis
1024 3804 1225 3877 ingenii
1269 3816 1415 3862 esset
1446 3823 1601 3878 puer,
1641 3823 1877 3877 cumque

284 3893 487 3951 Christi
512 3896 671 3951 fidem
702 3905 966 3963 servaret,
997 3906 1197 3968 praeter
1219 3906 1434 3963 caetera,
1469 3899 1676 3954 sanctis
1703 3900 1870 3955 eccle-

288 3987 387 4042 siis
413 3988 657 4054 vacabat,
683 4004 861 4059 neque
888 3990 1081 4045 horam
1113 4003 1276 4045 unam
1302 4004 1330 4043 a
1358 3988 1512 4045 libris
1537 3990 1872 4055 discedebat,

283 4076 362 4133 ita
386 4087 446 4133 ut
472 4079 809 4150 grammatici
834 4080 1083 4136 homines
1106 4080 1495 4137 adolescentuli
1522 4094 1878 4151 perseveran-

285 4167 417 4223 tiam
443 4170 916 4241 obstupescerent.
957 4160 1206 4238 Quodam
1242 4180 1423 4228 autem
1450 4171 1540 4228 die
1571 4173 1737 4229 abbas
1753 4172 1877 4243 qui-

283 4262 408 4319 dam
447 4278 479 4320 e
520 4265 901 4336 superioribus
941 4266 1191 4337 partibus
1227 4281 1295 4322 ex
1335 4266 1635 4322 venerabili
1679 4281 1871 4323 eorum

281 4354 635 4413 monasterio.
667 4354 759 4425 qui
807 4363 1075 4410 vocantur
1115 4356 1403 4423 Acmmeti,
1439 4371 1507 4411 eo
1538 4357 1687 4427 quod
1727 4373 1873 4412 nun-

278 4462 443 4517 quam
480 4446 682 4503 cubare
724 4446 868 4502 soliti
907 4457 1055 4514 sunt,
1107 4462 1232 4503 cum
1288 4456 1474 4503 votum
1523 4447 1763 4516 fecisset,
1814 4444 1875 4504 ιιι

279 4539 704 4612 Hierosolymam
753 4540 1210 4613 proficisceretur,
1233 4541 1382 4598 venit
1405 4542 1457 4595 in
1481 4557 1601 4597 eam
1629 4543 1872 4606 domum.

279 4647 337 4703 in
367 4648 474 4703 qua
510 4632 751 4688 Joannes
787 4633 1108 4701 docebatur,
1149 4640 1204 4688 et
1239 4648 1334 4689 eos
1358 4633 1450 4704 qui
1482 4634 1628 4688 illam
1653 4633 1872 4691 habita-

276 4723 427 4787 bant,
458 4724 721 4789 exoravit,
762 4731 822 4779 ut
849 4723 992 4793 apud
1026 4722 1174 4794 ipsos
1208 4722 1471 4779 diversari
1498 4736 1699 4792 posset.
1742 4724 1874 4794 Ejus

277 4813 381 4869 viri
422 4815 693 4881 habitum,
730 4824 788 4871 et
832 4816 1237 4872 exercitationis
1278 4814 1706 4880 institutionem,
1742 4832 1867 4871 cum

272 4903 467 4961 beatus
480 4903 716 4961 Joannes
732 4906 976 4971 vidisset,
995 4923 1025 4962 a
1047 4915 1236 4963 sancto
1252 4905 1458 4977 Spiritu
1480 4906 1867 4976 inﬂammatus,

272 4996 440 5067 coapit
480 4997 549 5054 ab
580 5013 647 5055 eo
672 5014 913 5068 quaerere
954 5001 1226 5055 undenam
1285 5009 1451 5065 esset,
1499 5016 1610 5071 quo
1646 5001 1769 5067 iret,
1811 5009 1869 5056 ei

272 5105 523 5161 quaenam
557 5089 700 5147 foret
745 5093 1155 5149 exercitationis
1186 5094 1346 5160 ratio,
1383 5108 1545 5164 quam
1594 5104 1840 5148 monaste

273 5182 416 5237 rium
457 5181 612 5251 illud,
656 5198 689 5238 e
726 5199 835 5253 quo
885 5184 1231 5250 discesserat,
1282 5194 1512 5240 teneret.
1571 5185 1867 5241 Monachus

269 5273 439 5347 igitur
467 5271 557 5327 ille
605 5287 637 5327 a
682 5288 854 5343 puero
902 5274 1290 5346 interrogatus,
1341 5289 1561 5330 omnem
1611 5274 1776 5329 vitam
1812 5283 1869 5329 et

271 5362 685 5419 exercitationis
714 5362 954 5435 regulam
995 5364 1286 5419 enarravit.
1319 5363 1580 5421 Patefecit
1606 5374 1787 5420 autem
1814 5381 1869 5432 ej

268 5465 362 5507 res
392 5464 541 5518 suas,
584 5452 731 5523 quod
771 5450 978 5507 scilicet
1018 5452 1328 5508 devotionis
1358 5469 1522 5508 causa
1557 5452 1865 5525 Hierosoly-

267 5557 411 5596 mam
451 5541 908 5613 proiicisceretur,
934 5549 995 5596 ut
1018 5541 1127 5597 illic
1162 5540 1331 5596 Deum
1358 5551 1557 5606 oraret,
1588 5551 1644 5599 et
1675 5554 1861 5599 sancta

1976 3620 2075 3689 τῆς
2134 3620 2431 3690 ῥητορικῆς
2478 3618 2576 3672 καὶ
2633 3616 2990 3688 φιλοσοφικῆς
3029 3613 3432 3683 ἀναγινώσκειν
3477 3611 3563 3682 βί-

1979 3714 2156 3776 ϐλους.
2186 3712 2485 3783 Γενομένου
2507 3711 2564 3765 δὲ
2592 3711 2757 3765 αὑτοῦ
2802 3709 3171 3773 ωδεκαέτους
3201 3707 3421 3780 χρόνου,
3462 3705 3563 3759 καὶ

1979 3802 2165 3872 σχεδὸν
2194 3802 2377 3856 πάντα
2405 3800 2820 3872 κατορθώσατο,
2843 3801 2932 3855 διὰ
2960 3799 3021 3854 τὸ
3043 3795 3184 3853 εἶναι
3211 3798 3375 3852 αὐτὸν
3406 3798 3560 3865 ἄξιον

1978 3894 2073 3947 καὶ
2103 3893 2490 3964 εύΑογημὲνον,
2522 3893 2618 3946 καὶ
2640 3891 2734 3945 τοῦ
2764 3890 3004 3963 Χριστοῦ
3044 3892 3226 3945 πίστιν
3260 3890 3561 3962 τηροῦντα,

1977 3988 2086 4060 πρὸ
2116 3989 2333 4042 πάντων
2368 3988 2426 4041 δὲ
2447 3989 2567 4050 ταῖς
2597 3988 2916 4057 ἐκκλησίαις
2953 3984 3274 4058 ἐχωρίαζεν,
3298 3982 3560 4053 οὐδεμίαν

1977 4098 2037 4136 τε
2070 4080 2221 4149 ὥραν
2244 4081 2512 4150 ἀφίστατο
2533 4084 2643 4134 τῶν
2667 4079 2908 4151 βιϐλίων,
2935 4078 3076 4132 ὥστε
3098 4078 3193 4133 καὶ
3217 4076 3345 4140 τοὺς
3379 4093 3563 4147 γραμ-

1980 4174 2243 4243 ματικοὺς
2280 4172 2683 4245 ἐκπλήττεσθαι
2718 4173 2808 4226 ἐπὶ
2854 4175 2922 4244 τῇ
2956 4171 3050 4225 τοῦ
3081 4170 3202 4224 νέου
3237 4170 3559 4241 παραμονῇ.

1988 4267 2078 4323 Ἐν
2120 4268 2220 4338 μιᾷ
2250 4261 2344 4321 οὖν
2371 4265 2483 4319 τῶν
2527 4264 2754 4335 ἡμερῶν
2782 4265 2955 4328 assa;
2985 4281 3068 4326 τις
3092 4263 3201 4316 τῶν
3230 4262 3342 4315 ἄνω
3372 4259 3561 4331 μερῶν

1974 4359 2073 4430 τῆς
2103 4359 2265 4429 ἁγίας
2298 4357 2469 4428 μονῆς
2520 4356 2629 4410 τῶν
2673 4356 3024 4426 καλουμένων
3068 4354 3433 4426 Ἀκοιμήτων,
3469 4351 3563 4404 εὖ-

1975 4450 2077 4520 χῆς
2102 4450 2267 4505 ἕνεκα
2295 4450 2375 4513 είς
2412 4448 2480 4501 τὰ
2520 4447 2866 4519 Ἰεροσόλυμα
2894 4446 3278 4517 πορευόμενος,
3312 4440 3391 4514 τῷ
3420 4442 3562 4512 οίκῳ

1974 4545 2108 4597 ὅπου
2140 4539 2253 4614 ἧνό
2286 4543 2541 4611 Ἰωάννης
2577 4542 2919 4606 σπουδάζων,
2944 4540 3114 4593 ἑλοὼν
3142 4540 3313 4593 ἐδεῖτο
3341 4537 3432 4591 ἵνα
3464 4536 3563 4590 δε-

1975 4635 2180 4707 χΘῶσιν
2215 4636 2377 4689 αὑτὸν
2403 4636 2521 4687 ἐκεῖ
2551 4633 2878 4703 ξενὼμενον.
2921 4629 2979 4687 '0
3002 4629 3096 4686 οὖν
3134 4631 3389 4702 Ἰωάννης
3422 4630 3561 4683 θεω-

1978 4729 2152 4800 ρήσας
2190 4728 2290 4796 τὴν
2320 4727 2668 4797 ἀναστροφὴν
2710 4726 2804 4778 καὶ
2861 4725 3094 4794 ἄσκησιν
3140 4722 3235 4777 τοῦ
3289 4722 3559 4785 ἐπιξενω-

1976 4820 2159 4881 θέντος
2204 4816 2421 4886 ἁνδρὲς,
2467 4815 2671 4885 ἤρξατο
2705 4814 2835 4887 οείῳ
2864 4815 3013 4885 ζήλῳ
3045 4811 3387 4884 πυρούμενος
3414 4811 3558 4879 ἐρωο

1973 4916 2072 4985 τᾷν
2106 4911 2291 4976 αύτδν,
2325 4909 2491 4963 πόθεν
2530 4904 2597 4981 ἧν
2633 4908 2728 4962 καὶ⁸
2773 4906 2877 4961 ποῦ
2935 4905 3247 4978 πορεύεται,
3275 4907 3371 4957 καὶ
3425 4906 3559 4957 ποῖα

1975 5005 2008 5066 ἡ
2039 4999 2286 5071 διαγωγὴ
2324 4998 2420 5053 καὶ
2465 5000 2494 5052 ό
2531 4998 2733 5068 τρόπος
2772 5001 2874 5067 τῆς
2919 4997 3208 5067 ἀσκήσεως
3241 4993 3343 5065 τῆς
3384 4994 3558 5065 μονῆς

1974 5092 2164 5147 αὐτοῦ.
2206 5091 2319 5147 Καὶ
2357 5092 2385 5144 ὁ
2427 5089 2658 5161 μοναχὸς
2692 5088 3002 5159 διήγγειλεν
3034 5087 3184 5159 αὐτῷ
3228 5088 3410 5141 πᾶσαν
3448 5085 3555 5156 τὴν

1974 5183 2126 5248 τάξιν
2172 5182 2267 5237 τοῦ
2306 5181 2671 5253 μοναστηρίου
2721 5181 2818 5234 καὶ
2855 5180 2952 5252 τὴν
3004 5180 3258 5250 ἄςκησιν,
3290 5178 3557 5249 προσθεὶς

1973 5276 2054 5327 ὃτι
2096 5275 2251 5340 κάγὼ
2279 5274 2365 5329 διὰ
2402 5272 2769 5344 μικροψυχίαν
2793 5271 2915 5326 τινὰ
2949 5272 3252 5343 πορεύομαι
3280 5272 3361 5334 εἰς
3390 5268 3561 5340 Ἰερο-

1978 5365 2185 5434 σόλυμα
2227 5365 2318 5418 τὸν
2366 5364 2499 5418 Θεὸν
2552 5366 2672 5418 ἐκεῖ
2715 5363 2999 5431 εὔξασθαι,
3040 5363 3135 5418 καὶ
3166 5361 3556 5434 προσκυνῆσαι

1975 5457 2102 5518 τοὺς
2156 5455 2344 5518 ἁγίους
2377 5455 2597 5521 τόπους,
2628 5457 2723 5511 καὶ
2768 5455 2925 5520 αὖθις
2974 5454 3265 5511 ἑπιναλύω
3312 5456 3394 5517 είς
3448 5452 3560 5525 τὴν

1975 5547 2142 5616 μονήν
2175 5563 2298 5616 μου.

269 5633 386 5695 loca
415 5646 792 5705 veneraretur,
813 5653 877 5693 ac
897 5652 1087 5693 rursus
1114 5636 1169 5691 in
1186 5647 1432 5692 sanctum
1451 5640 1841 5697 monasterium
1880 5656 1910 5697 c
1943 5656 2052 5711 quo
2084 5642 2324 5698 discessc
2338 5650 2439 5708 rat,
2472 5644 2693 5699 rediret.

263 5837 282 5855 ο
343 5783 355 5797 '
395 5779 507 5839 Iloc
544 5791 647 5851 est,
688 5784 778 5854 qui
809 5782 904 5837 sub
945 5782 1151 5852 tugurio
1193 5778 1485 5835 habitabat.
