3846 6476
262 377 371 445 569

1314 375 1491 435 VITA
1530 374 1592 435 S.
1629 372 1953 435 JOANNIS
1989 373 2400 439 CALYBITE.

3434 386 3540 454 570

333 491 414 545 I".
455 481 721 553 Ἀκούσας
743 480 802 542 δὶ
834 486 863 540 6
899 484 1177 556 Ἰωάννης,
1200 485 1504 557 λαϐόμενος
1532 486 1631 558 τῆς
1662 486 1844 557 χειρὶς

2018 487 2110 546 Ill.
2137 488 2267 547 Haac
2287 506 2410 547 cum
2436 492 2674 551 Joannes
2701 494 3020 566 audivisset,
3047 514 3210 556 manu
3235 503 3545 574 apprehen~

261 582 457 650 αὐτοῦ,
486 582 761 653 ἀναχωρεῖ
791 578 915 635 κατ’
950 579 1110 646 ίδίαν,
1146 580 1239 634 καὶ
1267 579 1470 651 ἤρξατο
1501 580 1685 649 ὅρκοις
1718 595 1846 651 φρι-

168 670 189 675 ’
263 673 629 737 κωδεστάτοις
661 670 979 744 ἀνακρίνειν
1023 670 1186 725 αὐτὸν
1232 669 1329 724 ἐπὶ
1364 669 1458 723 τοῦ
1488 668 1848 734 ἐκτελέσαντα

261 768 369 839 τῆς
424 765 592 837 εὐχῆς
645 762 955 834 ὁδοιπορίαν
989 761 1312 834 ἀνακάμψαι
1362 761 1546 826 αὑτὸν,
1579 761 1674 814 καὶ
1710 776 1846 831 συμ-

262 858 612 932 παραλαϐεῑν
635 856 799 935 αὐτὸν
827 856 909 918 είς
924 854 985 909 τδ
1009 857 1389 927 μοναστήριον,
1415 854 1611 923 λέγων,
1649 852 1850 906 Ἐλεει-

261 953 357 1015 νὺς
409 950 569 1013 ἔστω,
600 942 645 1002 ὦ
674 947 839 1012 άϐϐᾶ,
869 947 952 1000 ὅτι
996 948 1046 1000 oi
1078 948 1253 1016 γονεῖς
1289 945 1389 1017 μού
1430 963 1495 1016 με
1547 944 1700 1018 παρὰ
1723 946 1849 1008 τοὺς

261 1042 463 1105 ἄλλους
500 1038 759 1109 ἀδελφοὺς
796 1037 1101 1109 φιλοῦντες,
1137 1038 1235 1097 καὶ
1287 1038 1605 1108 βουλόμενοί
1644 1055 1709 1108 με
1747 1039 1850 1108 μά-

267 1135 432 1207 θησιν
483 1132 578 1186 καὶ
643 1132 952 1203 γράμματα
993 1131 1187 1203 μαθεῖν
1212 1171 1228 1197 ,
1271 1131 1358 1184 ἵνα
1406 1149 1471 1202 με
1507 1130 1848 1185 καταστῶσιν

265 1228 348 1291 είς
406 1224 654 1297 μεγάλην
708 1223 868 1291 ἀξίαν
893 1224 990 1279 καὶ
1035 1224 1203 1296 παρὰ
1223 1225 1351 1288 τοὺς
1387 1224 1556 1295 ἐμοὺς
1586 1224 1851 1294 ἀδελφοὺς

264 1318 627 1392 ὑψηλοέέραν,
693 1314 812 1372 εἶτα
871 1319 1035 1390 γάμῳ
1100 1319 1528 1389 προσομιλῆσαι.
1593 1318 1736 1387 Ἐγὼ
1790 1316 1848 1371 δὲ

263 1413 386 1465 ἐκεῖ
436 1414 516 1475 είς
569 1410 669 1481 τὴν
694 1409 848 1483 ίεράν
900 1409 1201 1482 ἐκκλησίαν
1229 1408 1423 1477 ἐλθὼν,
1457 1409 1849 1478 ἀναγινώσκων

267 1505 394 1576 μὲν,
423 1504 596 1574 ἔγνων
627 1505 686 1558 δὲ
714 1507 798 1560 ὄτι
831 1503 1009 1559 πάντα
1039 1504 1109 1559 τὰ
1130 1502 1228 1558 τοῦ
1268 1503 1383 1573 βίου
1413 1504 1606 1558 τούτου
1642 1503 1851 1575 μάταιά

266 1600 380 1651 εἰσι
429 1599 524 1651 καὶ
552 1598 759 1661 ἐκεῖνος
793 1596 955 1666 μόνον
989 1595 1225 1662 σώζεται
1267 1597 1295 1649 6
1352 1596 1712 1667 καταφρονῶν
1739 1597 1849 1649 τῶν

262 1690 364 1743 τοῦ
408 1689 526 1760 βίου
557 1689 923 1761 πραγμάτων,
950 1690 1043 1743 καὶ
1065 1689 1336 1744 δουλεύων
1383 1688 1461 1759 τῷ
1499 1687 1721 1760 Χριστῷ
1769 1688 1848 1741 δι-

261 1781 481 1853 ηνεκῶς
507 1783 564 1835 ὲν
608 1781 743 1852 τῷδε
784 1781 939 1853 ὑμῶν
971 1783 1231 1854 σχήματι,
1260 1782 1340 1835 διὸ
1382 1782 1710 1853 προσπίπτω
1742 1796 1843 1846 σοι,

1949 582 2029 638 dit
2043 584 2376 640 monachum
2393 585 2567 652 illum,
2584 596 2642 643 et
2657 603 2905 646 seorsum
2923 592 3096 661 duxit,
3118 595 3548 666 acjurejurando

1952 675 2109 730 valde
2140 675 2393 731 horribili
2412 691 2539 732 eum
2565 680 2878 747 adstrinxit,
2902 693 2962 739 ut
2988 695 3273 756 postquam
3293 687 3396 743 iter
3415 689 3545 746 illud

1950 766 2295 838 perfecisset,
2320 768 2386 823 ad
2422 784 2548 824 eum
2582 772 2803 841 rediret,
2828 782 2887 829 ut
2920 791 3104 832 secum
3138 796 3243 834 una
3268 781 3445 851 ipsum
3477 785 3545 840 ad

1951 866 2202 914 sanctum
2235 859 2369 915 illud
2406 864 2799 920 monasterium
2842 866 3088 924 duceret.
3138 872 3293 929 Tune
3331 876 3546 933 dicebat

1952 948 2030 1005 illi
2066 950 2258 1006 beatus
2288 950 2529 1007 Joannes
2565 954 2768 1020 :Audi,
2800 971 3007 1026 quaeso,
3043 960 3117 1014 mi
3158 962 3317 1030 abba,
3349 974 3403 1019 et
3438 956 3545 1022 mei

1952 1041 2354 1096 commiseratio
2387 1049 2438 1097 te
2462 1051 2666 1115 tangat.
2693 1045 2825 1100 Nam
2856 1058 3108 1116 parentes
3133 1053 3259 1115 mei,
3296 1068 3419 1108 cum
3459 1071 3547 1110 me

1951 1142 2150 1203 przeter
2188 1143 2413 1191 cazteros
2461 1134 2677 1203 fratres,
2721 1147 2777 1193 et
2828 1139 2962 1196 alios
2991 1157 3183 1198 omnes
3217 1145 3547 1203 domesticos

1950 1224 2197 1295 diligant,
2227 1233 2283 1281 et
2316 1227 2641 1284 eruditionis
2658 1245 2722 1285 ac
2763 1231 3029 1288 doctrinae
3064 1232 3261 1291 litteris
3298 1237 3548 1307 plurimis

1952 1333 2039 1373 me
2078 1316 2473 1374 instituendum
2502 1331 2715 1387 curent,
2746 1323 2985 1394 cogitant
3030 1325 3097 1379 ad
3137 1341 3392 1398 magnum
3428 1318 3543 1384 ’τιΙί-

1951 1423 2114 1478 quem
2149 1410 2430 1482 dignitatis
2456 1413 2682 1484 gradum
2699 1429 2785 1469 me
2814 1416 3096 1471 extollere.
3132 1416 3204 1473 Ut
3238 1422 3383 1474 enim
3416 1422 3548 1477 dicit

1952 1502 2206 1558 dominus
2240 1512 2294 1559 et
2313 1515 2468 1576 pater
2497 1522 2672 1574 meus,
2693 1509 2807 1563 vult
2835 1525 2923 1565 me
2952 1513 3256 1580 provehere
3278 1514 3342 1569 ad
3370 1515 3547 1586 digni-

1954 1604 2119 1651 tatem
2137 1598 2398 1669 aliquam,
2429 1616 2549 1670 qua:
2579 1601 2755 1671 major
2776 1604 2867 1671 sit,
2908 1620 3069 1674 quam
3096 1608 3295 1677 gradus
3328 1608 3417 1663 ille
3439 1617 3547 1674 est,

1952 1706 2113 1760 quem
2134 1691 2334 1747 tribuni
2368 1693 2628 1750 militares
2660 1695 2909 1751 obtinent
2931 1697 3301 1768 (l).Posthaec
3323 1702 3547 1757 omnino

1952 1794 2040 1834 me
2071 1781 2278 1850 nuptiis
2299 1782 2555 1854 capulare
2572 1784 2625 1838 in
2652 1785 2834 1840 animo
2851 1786 3070 1843 habent.
3103 1788 3208 1844 Sed
3228 1805 3329 1861 ego
3351 1792 3545 1862 partim

262 1874 451 1945 κύριε,
472 1873 657 1927 λαϐεῖν
689 1890 756 1944 με
799 1873 938 1944 μετὰ
973 1874 1066 1927 σοῦ
1106 1876 1186 1939 είς
1210 1875 1269 1927 τὸ
1302 1872 1457 1942 ἅγιον
1485 1874 1843 1944 μοναστήριον

1960 1870 2005 1924 in
2042 1880 2286 1927 sanctam
2330 1874 2616 1931 ecclesiam
2655 1878 2904 1945 veniens,
2954 1882 3151 1950 partim
3183 1896 3252 1937 ex
3298 1882 3387 1949 iis,
3426 1900 3547 1954 (μω

264 1968 366 2021 καὶ
398 1960 795 2035 συγκαταλέξαι
824 1967 892 2037 τῇ
920 1966 1053 2038 ἁγίᾳ
1079 1983 1173 2020 σου
1204 1967 1432 2038 ποίμνῃ.
1464 1967 1651 2021 Ταῦτα
1677 1968 1847 2022 ἁκού-

261 2074 370 2121 σας
410 2058 440 2112 6
471 2057 645 2121 666i;
675 2056 801 2129 μεθ’
836 2057 1007 2130 ὅρκου
1058 2057 1485 2129 πληροφορήσας
1536 2058 1700 2112 αὐτὸν
1743 2058 1842 2129 τὴν

261 2149 530 2203 ἐπάνοδον
577 2149 643 2203 δι’
678 2149 846 2203 αὐτοῦ
887 2148 1186 2216 ποιεῖσθαι,
1216 2150 1312 2204 καὶ
1351 2149 1649 2222 λαμϐάνειν
1679 2151 1844 2204 αὐτὸν

265 2240 391 2311 μετ’
413 2239 578 2294 αὑτοῦ
616 2241 696 2304 είς
726 2240 787 2294 τὸ
819 2240 1200 2312 μοναστὴριον.

1954 1964 2076 2035 legi,
2105 1974 2160 2020 et
2182 1981 2398 2022 meeum
2416 1968 2540 2038 ipse
2562 1970 2826 2040 cogitavi,
2861 1986 2948 2026 res
2970 1988 3182 2039 omnes,
3216 1988 3337 2045 quae
3364 1975 3415 2028 in
3446 1975 3549 2031 hac

1952 2058 2061 2113 vita
2089 2067 2236 2125 sunt,
2271 2074 2436 2115 vanas
2457 2074 2580 2116 esse
2602 2063 2854 2134 cognovi,
2880 2072 2935 2118 et
2953 2065 3104 2119 illum
3137 2066 3313 2121 solum
3337 2068 3547 2121 salvum

1950 2164 2092 2213 esse,
2132 2148 2224 2219 qui
2274 2149 2440 2221 hujus
2469 2152 2595 2206 vitas
2634 2154 2800 2209 rebus
2833 2155 3179 2226 contemptis,
3234 2166 3551 2211 constanter

1950 2241 2004 2297 in
2038 2243 2144 2297 isto
2184 2254 2366 2300 vestro
2403 2245 2596 2301 habitu
2622 2244 2843 2301 Christo
2873 2248 3059 2303 servit.
3113 2247 3475 2315 Quamobrem
3516 2265 3548 2305 a

260 2345 323 2387 te
372 2335 593 2405 supplex
648 2342 792 2405 peto,
839 2334 1081 2402 domine,
1130 2342 1187 2388 ut
1229 2349 1315 2389 me
1337 2333 1524 2398 ducas,
1564 2341 1617 2388 et
1683 2332 1737 2387 in
1789 2333 1883 2388 illo
1923 2345 2114 2392 sancto
2145 2339 2484 2393 monasterio
2520 2353 2909 2396 eonnumeres.
2942 2339 3070 2396 Haec
3106 2355 3230 2396 cum
3252 2337 3552 2397 audivisset

258 2428 438 2486 abbas
473 2428 584 2493 ille,
614 2427 970 2500 jurejurando
1012 2442 1071 2482 se
1103 2427 1397 2481 rediturum
1440 2426 1711 2498 promisit,
1751 2436 1806 2481 et
1831 2442 1954 2483 eum
1984 2445 2169 2486 secum
2201 2446 2310 2486 una
2345 2432 2400 2486 in
2424 2434 2814 2489 monasterium
2837 2433 3150 2489 ducturum.

342 2572 417 2627 Δ’.
453 2570 806 2643 Συνθεμένων
838 2567 932 2626 οὖν
978 2569 1247 2642 ἀλλήλων,
1298 2571 1539 2642 ἀπῆλθεν
1590 2572 1617 2622 ὁ
1651 2571 1844 2635 ἁϐίᾶς.

275 2666 343 2720 ὐ
369 2666 427 2720 δὲ
462 2666 715 2735 Ἰωάννης
741 2657 895 2718 εἶπεν
925 2665 983 2717 ἐν
1017 2662 1198 2734 ἑαυτῷ
1219 2679 1231 2692 ·
1268 2662 1437 2717 Τοῦτο
1471 2662 1674 2733 μεταξὺ
1704 2665 1838 2734 πρό-

2027 2574 2111 2630 IV.
2145 2574 2283 2632 Cum
2316 2576 2393 2633 ita
2422 2578 2590 2651 igitur
2618 2578 2762 2636 inter
2789 2594 2848 2635 se
2879 2578 3287 2644 convenissent,
3319 2589 3550 2650 uterque

1951 2667 2004 2720 in
2029 2682 2183 2723 suam
2206 2669 2351 2724 viam
2384 2670 2539 2726 abiit.
2571 2669 2718 2729 Cum-
2731 2686 2861 2727 vero
2891 2672 3193 2728 monachus
3222 2672 3311 2728 ille
3340 2673 3545 2728 disces-

261 2776 429 2829 τερον
456 2758 670 2828 πράξω,
709 2756 975 2811 ίκετεύσω
1012 2759 1126 2821 τοῖς
1161 2773 1260 2827 μου
1287 2755 1557 2824 γονεῦσιν,
1592 2757 1677 2808 ἵνα
1714 2758 1844 2825 ἁγο-

1960 2759 2129 2825 sisset,
2150 2758 2264 2813 haec
2280 2774 2465 2831 secum
2488 2760 2803 2829 B.,Joanncs
2817 2762 3033 2818 dicebat
3052 2782 3066 2818 :
3085 2763 3294 2818 Interea
3319 2746 3421 2817 hoc
3442 2761 3551 2833 pri-

268 2849 484 2922 picmsl
519 2865 606 2921 μοι
632 2848 726 2902 τοῦ
751 2848 1067 2917 εὐαγγελίου
1096 2847 1299 2918 βιϐλίον
1332 2846 1498 2918 ἱερὸν,
1529 2847 1587 2900 έν
1609 2840 1653 2914 ᾧ
1690 2846 1848 2916 μάθω

1960 2843 2100 2904 anim
2121 2850 2312 2907 faciam
2347 2868 2413 2907 :a
2435 2853 2575 2908 meis
2601 2855 2916 2929 parentibus
2942 2864 3193 2910 sanetum
3223 2854 3544 2928 Evangelia-

264 2943 372 3005 τὰς
424 2940 660 3013 Χριστοῦ
720 2941 961 3006 ἐντολὰς,
1000 2939 1142 2994 ὥστε
1193 2943 1369 2993 ποιεῖν
1432 2940 1602 3003 αὐτὰς
1654 2939 1848 3008 ἐκείνῳ

266 3035 541 3106 ἀρέσκων.
597 3033 870 3088 ’Δπελθὼν
921 3030 1015 3089 οὖν
1083 3033 1222 3102 πρὸς
1280 3032 1405 3095 τοὺς
1455 3034 1633 3101 γονεῖς
1682 3031 1848 3084 αὐτοῦ

268 3130 400 3200 ε’ρη·
436 3128 510 3183 Οὐ
540 3127 774 3199 δύναμαι
824 3128 907 3193 είς
958 3128 1059 3197 τὴν
1109 3124 1393 3197 διατριϐὴν
1425 3125 1704 3179 άπελθεῖνυ
1741 3123 1848 3176 ἰδοῦ

265 3222 385 3293 γὰρ
413 3222 611 3284 πάντες
663 3222 714 3275 oi
764 3219 952 3284 παῖδες
1001 3220 1054 3272 oi
1102 3219 1201 3274 σὺν
1234 3219 1360 3289 ἐμοὶ⁸
1394 3218 1453 3273 ὲν
1486 3221 1551 3290 τῇ
1592 3216 1845 3288 διατριϐῇ

274 3317 421 3388 μετὰ
446 3317 506 3371 τὸ
533 3315 917 3387 γυμναζόμενα
949 3313 1154 3386 πρᾶξαι
1180 3313 1395 3387 ἔχουσιν
1424 3312 1738 3382 εὐαγγέλια,
1757 3312 1851 3364 καὶ

268 3407 631 3480 καθεζόμενοι
678 3405 1141 3475 ἀναγινώσκουσιν
1190 3406 1371 3460 αὑτά·
1429 3404 1539 3475 ἐγὼ
1583 3403 1640 3457 δὲ
1679 3402 1851 3467 οὕτως

270 3502 392 3572 εἰμι
425 3501 501 3566 ὡς
536 3499 611 3571 μὴ
639 3498 777 3571 ἔχων
804 3501 1003 3569 γονεῖς,
1036 3497 1258 3569 ἀπορῶν
1308 3496 1654 3566 εὐαγγελίου.
1694 3494 1854 3548 Ἀλλὰ

268 3594 464 3663 δέομαι
489 3591 666 3663 ὑμῶν,
699 3590 877 3662 κύριοί
924 3608 1047 3662 μου,
1074 3590 1243 3661 κάμοι
1263 3586 1562 3642 κελεύσατε
1589 3585 1852 3655 γενέσθαι

270 3685 338 3738 τὸ
376 3683 716 3753 εὐαγγέλιον,
741 3684 888 3745 ὅπως
914 3682 1053 3753 ἔχων
1085 3682 1223 3753 μετὰ
1252 3683 1441 3753 χεῖρας
1472 3678 1851 3748 ἀναγινώσκω.

289 3774 597 3830 ’Λκούσασα
622 3774 680 3829 δὲ
718 3775 753 3845 ἡ
796 3775 978 3846 μήτηρ
1006 3772 1174 3828 αὑτοῦ
1206 3776 1378 3843 ἐχάρη
1409 3773 1491 3826 ὅτι
1522 3770 1691 3834 οὕτως
1728 3769 1855 3840 περὶ

272 3866 375 3937 τὴν
406 3865 643 3939 μάθησιν
677 3865 980 3930 σπουδαίως
1012 3862 1150 3935 ἔχει,
1180 3868 1276 3918 καὶ
1297 3864 1445 3933 λέγει
1474 3863 1553 3934 τῷ
1584 3862 1737 3933 ἀνδρὶ
1761 3864 1857 3915 αὺ-

272 3958 400 4028 τῆς’
429 3957 681 4012 Τοιοῦτον
731 3958 1160 4025 κατασκεύασον,
1198 3955 1360 4028 κύριέ
1410 3974 1534 4026 μου,
1565 3955 1771 4024 γράψαι
1798 3954 1858 4006 τὸ

1951 2960 2066 2997 rum
2101 2944 2299 3000 librum
2327 2954 2531 3015 petam,
2562 2962 2631 3002 ex
2675 2962 2782 3017 quo
2813 2945 3016 3003 Christi
3047 2947 3369 3002 traditiones
3399 2946 3519 3001 edis

1950 3051 2093 3101 cam,
2119 3046 2176 3091 et
2189 3037 2463 3107 quomodo
2489 3038 2691 3107 possim
2707 3053 2775 3094 ea
2790 3038 2989 3104 facere,
3009 3055 3128 3109 qua:
3154 3036 3373 3093 Christo
3398 3052 3547 3108 graza

1951 3135 2101 3181 sunt.
2135 3127 2323 3197 Itaque
2358 3136 2611 3199 parentes
2648 3128 2865 3197 adiens:
2899 3127 3020 3184 Non
3059 3143 3307 3201 possum,
3348 3129 3545 3200 inquit.

1951 3237 2065 3292 prae
2091 3223 2298 3293 pudore
2321 3224 2377 3279 in
2407 3226 2745 3296 gymnasium
2784 3226 2883 3292 ire,
2905 3241 3031 3280 eum
3065 3241 3275 3290 omnes,
3307 3225 3401 3295 qui
3427 3240 3543 3288 me-

1953 3329 2076 3368 cum
2101 3330 2207 3370 una
2224 3315 2433 3382 litteras
2461 3316 2699 3381 discunt,
2748 3326 3037 3388 postquam
3081 3333 3170 3372 res
3210 3318 3330 3372 illas
3381 3331 3550 3388 expe~

1954 3406 2155 3460 dierint
2209 3446 2226 3473 ,
2287 3423 2409 3477 quae
2477 3407 2534 3462 in
2596 3408 2873 3480 gymnasio
2940 3417 3306 3472 exercentur,
3360 3420 3549 3461 secum

1957 3499 2194 3553 habeant
2220 3498 2527 3571 Evangelia,
2547 3510 2598 3556 et
2632 3500 2885 3555 sedentes
2912 3516 2975 3555 ea
3001 3501 3214 3573 legant;
3236 3508 3403 3570 atego
3433 3499 3551 3555 talis

1909 3657 1916 3664 _
1955 3602 2098 3653 sum,
2126 3589 2282 3657 quasi
2312 3604 2456 3645 unus
2500 3604 2566 3644 ex
2614 3590 2706 3655 iis,
2742 3591 2842 3661 qui
2879 3600 3135 3660 parentes
3177 3605 3285 3645 non
3326 3590 3549 3651 habent,

1956 3694 2080 3734 cum
2114 3680 2421 3752 Evangeliis
2448 3680 2886 3753 caream.ltaque
2905 3682 3130 3751 supplex
3166 3696 3196 3736 a
3223 3680 3374 3736 vobis
3399 3690 3550 3750 peto,

1957 3769 2165 3825 domini
2199 3771 2328 3837 mei,
2375 3779 2437 3826 ut
2473 3771 2609 3826 mihi
2650 3787 2866 3842 quoque
2911 3772 3149 3842 jubeatis
3209 3769 3547 3841 evangelium

1957 3862 2094 3929 dari,
2122 3878 2231 3933 quo
2259 3871 2316 3918 et
2341 3863 2457 3934 ipse
2485 3864 2618 3919 illud
2645 3865 2700 3919 in
2733 3864 2987 3919 manibus
3010 3866 3144 3919 meis
3172 3863 3380 3918 habens
3403 3862 3549 3917 edis-

1959 3969 2098 4009 eam.
2134 3954 2257 4010 llazc
2285 3970 2408 4009 cum
2440 3955 2561 4025 ejus
2602 3965 2780 4010 mater
2821 3955 3140 4016 audivisset,
3172 3953 3327 4009 valde
3375 3953 3548 4008 laetata

273 4050 598 4120 εὐαγγέλιον
644 4050 740 4104 καὶ
789 4049 877 4114 δὸς
915 4047 995 4121 τῷ
1045 4049 1224 4120 τέκνῳ
1269 4049 1448 4120 ήμῶν,
1478 4048 1553 4111 ὡς
1591 4047 1666 4119 μὴ
1698 4047 1851 4117 μόνον

1962 4055 2067 4108 est.
2098 4046 2243 4121 quod
2268 4046 2389 4117 ejus
2412 4045 2555 4103 ﬁlius
2573 4055 2724 4102 tanto
2755 4046 3001 4101 discendi
3021 4044 3201 4100 studio
3226 4052 3506 4099 teneretur
3534 4062 3545 4095 :

271 4144 345 4197 τὰ
392 4116 549 4206 iis;
588 4143 890 4214 γράμματά
937 4116 998 4195 τὲ
1049 4141 1145 4197 καὶ
1182 4116 1547 4212 γεγραμμένα
1576 4116 1851 4204 εἰςήπόθον

1960 4151 2143 4195 etcum
2162 4116 2278 4195 viro
2297 4116 2562 4194 collocuta
2580 4156 2593 4191 ε
2612 4137 2746 4210 Age,
2764 4137 3189 4207 inquit,domine
3208 4137 3276 4191 mi
3301 4153 3470 4192 :eura.
3494 4142 3555 4190 ut

274 4232 442 4288 αὐτὸν
470 4234 756 4303 ἐξεγείρει,
786 4233 923 4286 ἀλλὰ
952 4231 1046 4286 καὶ
1077 4234 1111 4301 ἡ
1151 4231 1383 4302 καλλονὴ
1427 4229 1592 4285 αὐτοῦ
1633 4230 1732 4300 τῆς
1759 4247 1851 4282 κα-

1963 4232 2087 4285 talis
2117 4230 2531 4302 Evangeliorum
2552 4230 2689 4285 liber
2714 4229 3115 4295 conseribatur,
3144 4238 3200 4282 et
3224 4228 3330 4281 tilio
3358 4236 3551 4282 nostro

272 4326 552 4396 ταεκευῆς
588 4325 809 4379 πλείονα
836 4324 934 4397 τὴν
961 4324 1155 4397 τέρψιν
1205 4324 1302 4377 καὶ
1342 4324 1434 4378 τὸν
1478 4323 1684 4391 κόσμον
1713 4319 1851 4392 αὐτῷ

1960 4323 2142 4390 detur,
2171 4323 2262 4392 qui
2282 4339 2390 4377 non
2428 4323 2603 4377 solum
2634 4321 2937 4377 litterarum
2970 4320 3177 4395 ﬁguris,
3210 4328 3265 4373 et
3301 4318 3406 4381 his,
3432 4334 3553 4387 qua:

274 4419 446 4473 ποιεί.
489 4413 667 4480 Εὐθὺς
698 4415 756 4471 δὲ
793 4418 822 4470 6
868 4416 1054 4487 πατὴρ
1088 4414 1254 4470 αὐτοῦ
1302 4413 1588 4468 ἐκέλευσεν
1631 4411 1851 4482 ἀχθῆναι

1960 4417 2108 4473 intus
2141 4416 2340 4486 scripta
2370 4414 2642 4480 habuerit,
2672 4415 3003 4471 desiderium
3050 4412 3160 4466 tilio
3191 4418 3551 4474 commoveat,

274 4524 313 4579 χ
352 4508 599 4580 υσοχόον,
625 4510 719 4564 καί
741 4509 894 4578 λέγει
929 4506 1097 4579 αὐτῷ’
1127 4506 1274 4563 Λάϐε
1307 4508 1564 4577 χρήματα
1596 4505 1698 4558 ὅσα
1729 4502 1851 4573 βού·

1960 4507 2057 4560 sed
2096 4508 2263 4559 etiam
2295 4505 2468 4576 ipsius
2498 4506 2965 4575 conglutinatione
2998 4511 3052 4558 et
3086 4501 3339 4557 exteriori
3366 4499 3551 4569 specie

275 4598 381 4665 λει,
417 4602 512 4656 καὶ
545 4600 959 4656 κατασκεύασον
988 4599 1305 4668 εὐαγγέλιον
1342 4596 1421 4666 τῷ
1463 4596 1565 4665 υἱῷ
1598 4612 1720 4665 μου.
1754 4598 1851 4646 Λα-

1964 4596 2037 4652 ita
2079 4596 2306 4666 pulcher
2348 4595 2441 4660 sit,
2489 4604 2547 4650 ut
2583 4597 2704 4665 ejus
2745 4593 3076 4650 desiderium
3123 4590 3292 4661 magis
3326 4590 3549 4644 excitet-

278 4691 393 4745 ϐὼν
443 4691 502 4745 δὲ
550 4694 757 4758 ἐκεῖνος
814 4692 1146 4747 πεντακόσια
1192 4690 1503 4763 νομίσματα
1549 4691 1643 4745 καὶ
1684 4689 1851 4751 λίθουἓ

1967 4688 2163 4753 Statim
2196 4702 2327 4745 vero
2354 4688 2476 4757 ejus
2493 4697 2648 4759 pater
2665 4687 2828 4755 jussit
2856 4682 3132 4740 aurificem
3154 4683 3361 4748 vocari,
3391 4682 3554 4754 eique

282 4783 604 4848 πολυτελεῖς
647 4786 741 4838 καὶ
784 4784 1154 4857 μαργαρίτας,
1192 4780 1565 4836 κατεσκεύασε
1608 4781 1669 4835 τὸ
1698 4781 1851 4853 εὺκγ·

1967 4777 2123 4844 dixit,
2166 4787 2226 4834 ut
2274 4785 2484 4834 tantum
2524 4778 2770 4850 pecuniae
2809 4782 3072 4841 sumeret,
3112 4781 3374 4843 quantum
3421 4774 3556 4847 satis

278 4875 462 4943 γέλιον
492 4873 572 4946 τῷ
609 4855 876 4950 Ἰωάννῃξ
901 4875 960 4929 '0
1008 4875 1067 4929 δὲ
1097 4873 1281 4929 λαϐὼν
1306 4873 1367 4927 τὸ
1389 4872 1707 4942 εὐαγγέλιον
1735 4857 1851 4924 ἐδάη

1966 4880 2115 4927 esset
2143 4871 2210 4927 ad
2248 4871 2662 4943 Evangeliorum
2683 4855 2882 4926 librum
2901 4868 3011 4924 tilio
3037 4865 3551 4939 conglutinandum.

282 4968 479 5033 σταζεν
506 4967 639 5022 αὐτὸ
676 4968 772 5022 καὶ
797 4966 1129 5035 ἐξεμάνθανε
1154 4966 1291 5040 μετὰ
1313 4966 1508 5020 πολλοῦ
1543 4965 1636 5019 τοῦ
1672 4964 1851 5019 πόθου.

1965 4962 2190 5018 Aurifex
2216 4963 2381 5034 igitur
2399 4980 2522 5019 cum
2556 4963 2850 5033 quingenta
2884 4961 3234 5025 numismata,
3264 4969 3319 5015 et
3346 4959 3554 5030 pretio-

282 5060 603 5148 προσδοκῷν
633 5061 734 5133 τὴν
761 5060 1020 5115 ἐπάνοδον
1049 5058 1144 5114 τοῦ
1193 5059 1359 5114 ἀϐϐἄ.

1977 5070 2067 5111 sos
2098 5055 2308 5125 lapillos
2327 5070 2391 5111 ac
2418 5056 2737 5128 margaritas
2766 5053 3113 5124 sumpsisset,
3138 5052 3337 5108 librum
3359 5043 3556 5105 Σοοηηί

281 5142 695 5224 conglutinavit.
765 5155 900 5228 Cum
940 5169 1071 5211 vero
1119 5142 1459 5225 evangelium
1496 5151 1614 5223 ipse
1656 5149 1896 5207 Joannes
1938 5151 2279 5222 accepisset,
2344 5158 2399 5207 et
2455 5149 2512 5207 in
2554 5149 2807 5205 manibus
2853 5158 3085 5212 teneret,
3146 5146 3390 5203 studiose
3422 5145 3553 5201 illud

280 5252 496 5319 didicit,
542 5252 866 5324 exspectans
908 5228 1089 5323 quoad
1127 5252 1321 5314 abbas,
1366 5228 1450 5305 de.
1469 5264 1579 5320 quo
1612 5262 1774 5318 supra
1807 5246 2012 5303 dictum
2043 5257 2146 5316 est,
2182 5254 2567 5302 reverteretur.

354 5396 432 5462 εν.
459 5392 572 5449 Καὶ
604 5392 829 5465 ἡμερῶν
876 5410 1038 5446 τινων
1067 5389 1390 5444 διελθουσῶν
1454 5389 1812 5460 παραγίνεται
1835 5389 1862 5440 6
1916 5433 1934 5447 ,

281 5485 461 5548 ἁϐεᾶς
485 5486 627 5540 κατὰ
654 5486 754 5556 τὴν
786 5485 953 5540 αὐτοῦ
986 5485 1341 5554 ἐπαγγελίαν.
1386 5484 1493 5537 Καὶ
1540 5481 1666 5536 ίδὼν
1694 5479 1857 5535 αὑτὸν

282 5581 313 5633 6
354 5578 610 5649 Ἰωάννης
660 5579 833 5652 ἐχάρη
888 5578 1115 5650 σφόδρα,
1156 5578 1250 5631 καὶ
1287 5573 1620 5647 προδραμὼν
1666 5588 1857 5643 περια-

2038 5389 2102 5444 ν.
2151 5387 2444 5442 Intervallo
2499 5386 2760 5457 temporis
2809 5385 2977 5440 abbas
3035 5383 3126 5437 ille
3167 5393 3422 5437 reversus
3452 5393 3555 5441 est.

1964 5475 2424 5546 quemadmodum
2487 5489 2547 5530 se
2611 5474 2885 5532 facturum
2958 5471 3304 5544 promiserat.
3383 5465 3557 5532 Quem

1967 5582 2090 5622 cum
2112 5566 2333 5622 vidisset
2358 5566 2623 5635 Joannes,
2635 5567 2792 5623 valde
2813 5566 3031 5640 gavisus
3060 5572 3163 5631 est,
3187 5573 3243 5617 et
3263 5554 3558 5618 occurras

358 5841 443 5918 (ι)
474 5842 649 5900 Verba
684 5851 738 5896 ul
761 5842 996 5897 enim...
1028 5841 1260 5897 obtinent
1292 5837 1505 5893 cod'ces
1537 5834 1823 5889 Gl‘;BCill0ll
1853 5845 2051 5901 agnosc
2078 5841 2171 5884 ml.
