3846 6474
286 439 391 513 5³11

1482 437 1768 500 MENSIS
1791 434 1928 497 JAN
1941 434 2124 495 UARI
2136 435 2253 497 US.

3447 420 3554 487 572

289 565 478 619 animo
500 559 792 617 admodum
825 558 971 623 laeto,
1019 570 1147 613 eum
1197 554 1503 625 amplexus,
1555 552 1643 609 his
1685 548 1869 608 verbis

1995 547 2212 612 deero
2258 544 2421 599 αὐτὸν
2453 542 2597 615 μετὰ
2642 540 2846 611 πολλῆς
2879 536 3245 611 εὐφροσύνης,
3281 535 3378 591 καὶ
3405 535 3556 604 λέγει

290 655 489 709 allatus
510 660 594 707 est
627 669 641 705 :
662 647 890 704 Domine
909 647 1004 715 mi,
1024 654 1316 719 parentum
1341 658 1588 700 meorum
1609 640 1870 697 allectum

291 750 348 795 et
381 740 606 795 nimiam
634 738 879 807 ipsorum
901 734 956 789 in
979 749 1066 790 me
1096 732 1534 789 benevolentiam
1557 743 1722 786 nemo
1746 726 1869 793 scit,

295 845 354 891 ut
369 850 470 907 ego
486 833 623 905 ipse.
643 831 776 887 Novi
792 832 942 888 enim
961 838 1189 886 matrem
1208 843 1386 884 meam
1413 826 1687 899 praecipue
1710 824 1872 880 talem

294 927 350 981 in
387 941 474 980 me
501 940 645 989 esse,
680 931 741 979 ut
773 923 820 978 si
851 923 983 995 quid
1041 919 1356 993 huiusmodi
1391 917 1763 990 praesenserit,
1798 915 1874 971 la-

295 1017 496 1088 crymis
524 1006 641 1071 suis
669 1014 933 1087 propositi
965 1012 1071 1068 mei
1114 1026 1338 1069 cursum
1370 1009 1654 1080 impediat.
1686 1006 1874 1077 Itaque

298 1119 354 1167 te
378 1126 591 1183 precor,
637 1116 698 1163 ut
736 1107 902 1162 tacite
933 1104 1298 1169 discedamus,
1345 1116 1418 1157 ne
1453 1100 1575 1171 quis
1618 1099 1671 1155 id
1716 1098 1873 1163 sciat,

297 1204 444 1274 quod
470 1201 722 1257 facimus.
754 1197 894 1252 Tum
935 1195 1238 1252 monachus
1280 1192 1630 1259 :Faciamus,
1674 1189 1871 1260 inquit,

299 1293 396 1361 ﬁli,
429 1291 575 1363 quod
601 1290 684 1345 vis
712 1306 730 1346 :
763 1288 902 1344 votis
924 1287 1071 1343 enim
1099 1286 1207 1340 tuis
1244 1284 1385 1339 Deus
1424 1282 1740 1339 satisfaciet.
1771 1280 1875 1336 lta-

299 1399 406 1444 oue
425 1383 664 1439 Joannes
694 1395 877 1437 secum
896 1379 1101 1433 ducens
1127 1375 1456 1431 monachum
1487 1373 1661 1436 illum,
1689 1373 1755 1428 ad
1775 1371 1875 1427 llu-

300 1475 467 1530 minis
500 1474 672 1543 ripam
706 1472 959 1534 accessit,
977 1478 1031 1525 et
1060 1468 1319 1523 nauclero
1352 1466 1588 1537 quodam
1627 1464 1872 1530 invento,

299 1568 377 1622 ait
407 1586 421 1621 :
452 1565 725 1636 Rogamus
764 1571 836 1629 te,
884 1562 1073 1629 frater,
1104 1569 1166 1616 ut
1203 1560 1363 1615 liceat
1398 1558 1560 1614 nobis
1598 1558 1876 1630 navigium

303 1666 452 1713 tuum
483 1656 812 1722 conducere,
854 1668 962 1723 quo
992 1653 1060 1708 ad
1091 1667 1283 1708 eorum
1333 1651 1742 1716 monasterium,
1783 1650 1877 1721 qui

302 1749 569 1805 Acoemeti
607 1755 894 1810 vocantur,
933 1760 1035 1802 nos
1074 1745 1265 1801 vehas.
1312 1743 1524 1811 Quibus
1558 1745 1652 1800 ille
1697 1763 1710 1799 :
1743 1744 1876 1813 Ego,

300 1842 504 1913 inquit,
529 1848 819 1912 propterea
838 1837 927 1895 hic
955 1839 1140 1904 sedeo,
1165 1844 1226 1893 ut
1252 1852 1392 1893 onus
1406 1837 1623 1907 aliquod
1644 1837 1875 1907 capiam,

301 1944 358 1992 et
385 1936 661 2005 navigium
689 1948 870 1988 meum
890 1931 1514 2001 impleam,centumque
1539 1929 1748 1985 nummi
1772 1928 1882 1983 sint
1912 1909 1956 1967 Β

301 2025 475 2098 ipsius
498 2039 730 2079 merces.
758 2022 912 2076 Tunc
929 2021 1169 2076 Joannes
1188 2020 1321 2076 dixit
1347 2037 1361 2074 :
1380 2020 1669 2089 Exspecta,
1692 2019 1878 2083 frater,

307 2134 482 2189 usque
515 2118 583 2173 ad
617 2117 837 2173 tertium
869 2114 1037 2181 diem,
1072 2122 1128 2168 et
1177 2128 1209 2168 a
1251 2128 1339 2168 me
1364 2114 1640 2185 navigium
1671 2112 1882 2168 condu-

303 2220 482 2269 cetur.
524 2210 659 2264 Cum
693 2208 765 2263 ita
795 2208 937 2263 inter
966 2221 1026 2261 se
1052 2203 1457 2267 convenissent,
1491 2205 1879 2260 discesserunt.

305 2303 566 2373 Tuncque
594 2301 837 2358 Joannes
870 2299 1008 2355 dixit
1037 2297 1307 2353 monacho
1335 2312 1348 2351 :
1381 2296 1633 2368 Magnum
1664 2296 1883 2367 quidem

306 2396 507 2468 navigii
541 2396 814 2466 pretium;
850 2402 907 2447 at
935 2390 1175 2462 separari
1200 2404 1286 2445 me
1318 2405 1347 2445 a
1377 2388 1702 2459 parentibus
1726 2388 1883 2454 meis,

309 2505 413 2546 nec
439 2488 508 2543 ab
540 2488 607 2550 iis
640 2484 910 2556 impediri,
944 2483 1114 2538 multo
1144 2482 1261 2552 plus
1293 2487 1441 2535 certe
1475 2479 1635 2533 valet.
1665 2477 1757 2534 Ibo
1788 2479 1886 2549 igi—

311 2591 423 2649 tur,
461 2588 517 2636 et
556 2580 737 2651 aliqua
783 2578 907 2634 ﬁcta
939 2575 1293 2633 excusatione
1326 2589 1356 2628 a
1393 2571 1714 2644 parentibus
1752 2571 1889 2627 meis

310 2683 516 2746 petam,
547 2681 605 2728 ut
643 2671 775 2726 mihi
805 2671 1092 2743 pecuniam
1118 2667 1451 2740 largiantur;
1482 2680 1543 2720 ea
1576 2680 1705 2721 vero
1738 2664 1891 2719 navi-

312 2767 459 2839 gium
489 2763 880 2822 conducemus.
905 2762 1046 2816 Tum
1076 2758 1417 2816 monachus:
1450 2755 1620 2824 Vade,
1648 2754 1755 2811 ﬁli:
1786 2754 1893 2810 Do-

312 2862 491 2916 minus
513 2857 709 2932 dirigat
744 2869 797 2913 te
834 2857 1089 2912 feliciter.

382 2951 468 3006 Vl.
509 2952 677 3008 Venit
728 2950 893 3022 igitur
944 2949 1205 3014 Joannes,
1258 2953 1315 3002 et
1352 2945 1514 3000 matri
1550 2958 1662 2999 suae
1713 2943 1890 2998 dixit:

311 3043 483 3099 Mater
505 3058 630 3098 mea
659 3042 902 3103 domina.
933 3055 1055 3110 quae
1084 3039 1153 3093 ab
1194 3037 1352 3092 initio
1395 3037 1468 3091 ita
1501 3051 1590 3090 me
1628 3034 1890 3095 educasti,

316 3145 375 3190 ut
408 3148 596 3205 paucae
619 3132 911 3187 admodum
943 3138 1143 3185 matres
1165 3129 1303 3184 ﬁlios
1335 3143 1463 3184 suos
1499 3128 1895 3192 educarunt,ct

1972 641 2144 714 αὐτῷ·
2191 638 2366 711 Κύριέ
2408 656 2510 710 μου
2538 678 2558 703 ,
2591 635 2662 692 τὰ
2705 636 2992 708 σπλάγχνα
3037 633 3147 689 τῶν
3193 632 3398 702 γονέων
3452 648 3555 703 μου

1972 733 2067 786 καὶ
2094 731 2157 785 τὸ
2195 729 2417 800 φίλτρον
2448 728 2511 784 τὸ
2548 728 2628 793 εἰς
2682 726 2783 797 ἐμὲ
2821 725 2996 789 οὐδεὶς
3036 722 3328 777 ἐπίσταται
3366 721 3416 774 εί
3479 719 3558 789 μὴ

1972 822 2103 893 ἑγὼ,
2139 822 2372 893 μάλιστα
2402 820 2462 875 τδ
2487 819 2607 888 τῆς⁸
2632 817 2838 890 μητρός
2863 831 2987 888 μουυ
3023 814 3119 869 καὶ
3151 812 3252 866 ἐὰν
3286 809 3440 884 μάθῃ
3463 810 3561 864 τὸν

1973 915 2178 968 σκοπόν
2211 929 2312 985 μου
2342 913 2456 976 τοῖς
2505 909 2769 981 δάκρυσιν
2825 907 2966 979 αὐτὴ
3010 904 3270 974 ὲγκόπτει
3311 919 3414 969 μου
3456 901 3559 969 τὴν

1974 1004 2253 1078 πρόθεσιν.
2307 1001 2468 1059 Ἀλλά
2501 1000 2621 1074 μεθ’
2650 998 2882 1071 ἡσυχίας
2915 996 3260 1067 ἀπέλθωμεν.
3283 992 3425 1048 ὥστε
3450 1008 3561 1063 μη-

1972 1096 2099 1150 δένα
2118 1095 2342 1165 γνῶναι.
2376 1094 2539 1163 Λέγει
2564 1092 2685 1145 τότε
2711 1089 2861 1161 αὐτῷ
2887 1091 2916 1143 6
2948 1086 3199 1160 μοναχόςο
3238 1086 3324 1149 Ὠς
3354 1083 3560 1156 βούλει,

1973 1189 2185 1254 τέκνον,
2219 1187 2558 1258 ποιήσωμεν·
2595 1180 2713 1239 οἰδα
2747 1184 2855 1254 γὰρ
2888 1183 2970 1237 ὅτι
3006 1180 3107 1251 τὴν
3137 1176 3437 1248 έπιθυμίαν
3463 1172 3560 1229 σου

1975 1281 2173 1354 πληροῖ
2192 1282 2220 1334 6
2268 1278 2496 1350 Κύριος.
2526 1277 2639 1333 Καὶ
2671 1273 3005 1347 παραλαϐὼν
3046 1270 3211 1326 αὑτὸν
3242 1271 3270 1323 6
3305 1268 3563 1337 Ἰωάννης

1975 1371 2198 1443 ἔρχεται
2256 1371 2350 1422 ἐπὶ
2401 1369 2492 1424 τὸν
2531 1367 2799 1436 αἰγιαλὸν,
2828 1366 2924 1419 καὶ
2957 1362 3204 1435 εὑρίσκει
3235 1360 3438 1425 πλοῖον,
3463 1360 3564 1412 καὶ

1975 1464 2124 1532 λέγει
2148 1462 2224 1533 τῷ
2255 1464 2564 1533 ναυκλήρῳ·
2600 1456 3037 1531 Ηαρακαλοῦμέν
3066 1473 3149 1521 σε,
3173 1454 3388 1522 ἀδελφέ,
3409 1454 3565 1515 ὅπως

1977 1556 2073 1611 καὶ
2124 1556 2421 1627 μισθώσεις
2463 1556 2595 1625 ἡμῖν
2639 1554 2700 1607 τὸ
2746 1552 2929 1606 πλοῖόν
2965 1566 3083 1614 σου,
3126 1547 3223 1604 καὶ
3273 1544 3564 1608 διασώσεις

1976 1649 2126 1719 ἡμᾶς
2155 1647 2258 1711 ἕως
2299 1647 2407 1701 τῶν
2438 1646 2551 1702 ἄνω
2591 1646 2775 1718 μερῶν
2803 1645 2900 1715 τῆς
2930 1645 3097 1713 μονῆς
3130 1639 3240 1709 τῷν
3286 1636 3519 1706 utme
3540 1665 3568 1675 -

1978 1762 2107 1800 των.
2161 1745 2219 1799 'U
2252 1743 2309 1797 δὲ
2346 1742 2652 1814 ναύκληρος
2679 1742 2828 1809 λέγει
2866 1740 3071 1801 αὐτοῖς’
3114 1735 3258 1806 Ἐγὼ
3290 1735 3370 1797 είς
3404 1731 3569 1786 τοῦτο

1980 1835 2229 1908 κάθημαι
2257 1829 2381 1898 ὧδε,
2416 1834 2507 1887 τοῦ
2549 1830 2822 1905 φορτῶσαι
2855 1831 2916 1884 τὺ
2955 1830 3138 1883 πλοῖόν
3195 1843 3321 1897 μου,
3373 1824 3567 1894 μισοὶς

1982 1928 2038 1983 δὲ
2069 1928 2223 1982 ἔσται
2253 1926 2445 1982 ἑκατὸν
2487 1927 2821 1998 νομίσματα.
2848 1923 3011 1992 Λέγει
3050 1918 3199 1990 αὐτῷ
3223 1923 3250 1973 6
3286 1916 3566 1985 Ἰωάννης’

1995 2021 2340 2092 ’Δνὰμεινον,
2378 2019 2597 2088 ἀδελφέ,
2637 2019 2780 2089 τρεῖς
2806 2015 3039 2086 ἡμέρας,
3070 2013 3166 2067 καὶ
3201 2009 3312 2080 ἑγὼ
3352 2005 3573 2080 μισθοῦ·

1985 2131 2085 2185 μαι
2135 2112 2293 2168 αὐτό.
2330 2112 2441 2166 Καὶ
2476 2109 2796 2179 συνθέμενοι
2837 2105 2987 2177 αύτῷ
3036 2101 3302 2173 ἀπῆλθον.
3334 2093 3571 2154 Εἷπεδὲ

1984 2207 2012 2260 6
2047 2206 2299 2275 Ἰωάννης
2345 2202 2424 2275 τῷ
2471 2201 2688 2275 μοναχῷ
2752 2201 2871 2255 κατ’
2924 2198 3090 2254 ἰδίαν·
3133 2198 3192 2251 '0
3243 2195 3342 2266 μὲν
3377 2190 3573 2264 μισθὸς

1984 2298 2080 2354 τοῦ
2117 2299 2302 2352 πλοίου
2346 2297 2536 2362 πολὺς,
2570 2296 2631 2349 τὸ
2655 2295 2712 2348 δὲ
2746 2290 3102 2364 ἀναχωρῆσαι
3136 2304 3204 2359 με
3241 2288 3306 2340 ἐκ
3336 2283 3447 2337 τῶν
3477 2298 3577 2351 yo-

1986 2392 2123 2447 νέων
2154 2407 2278 2462 μου,
2302 2389 2400 2443 καὶ⁵
2436 2389 2512 2460 μὴ
2552 2382 2960 2457 κατασχεθῆναί
3000 2397 3068 2453 με
3098 2379 3193 2434 ὑπ’
3224 2375 3405 2431 αὐτῶν
3437 2371 3573 2426 πολῦ

1990 2484 2235 2556 κρεῖττόν
2266 2487 2437 2536 ἐστιν.
2480 2479 2757 2534 mmmam
2799 2473 2894 2530 οὖν
2926 2473 3147 2544 λαλήσω
3192 2471 3307 2533 τοῖς
3352 2464 3584 2537 γονεῦσΐ

1994 2595 2097 2648 μου
2123 2574 2498 2648 σχηματικῶς,
2529 2574 2677 2636 ὅπως
2709 2569 2939 2625 δώσουσί
2970 2582 3062 2637 μοι
3090 2564 3351 2638 χρήματα
3377 2560 3477 2614 ἐπὶ
3496 2558 3577 2629 τῷ

1992 2670 2302 2740 ναυκλήρῳ.
2341 2667 2399 2721 ’0
2429 2668 2508 2735 δὲ,
2537 2663 2799 2738 Πορεύου,
2834 2663 3045 2727 τέκνον,
3072 2657 3321 2729 “Cupio;
3344 2668 3575 2709 κατενο-

1991 2760 2154 2815 δὼσει
2189 2778 2271 2817 σε.
3246 2760 3263 2769 ⁷

2071 2950 2164 3022 ς’.
2194 2950 2306 3005 Καὶ
2340 2944 2512 3003 ἐλθὼν
2558 2946 2586 2998 6
2629 2940 2883 3011 Ἰωάννης
2913 2937 3151 3008 λέγειτῇ
3188 2933 3356 3006 μητρὶ
3383 2930 3589 2987 αύτοῦι

2000 3045 2180 3116 κυρία
2216 3043 2412 3115 μῆτερ,
2445 3041 2478 3109 ή
2525 3035 2705 3100 καλῶς
2741 3051 2808 3106 με
2857 3027 3283 3101 ἀναθρεψαμένη
3313 3024 3579 3096 ἔξαρχῆς.

1996 3140 2071 3204 ὡς
2102 3138 2280 3203 ὀλίγαι
2314 3131 2552 3204 μητέρες
2580 3125 2889 3197 ἀνέθρεψαν
2913 3122 2982 3176 τά
3030 3119 3239 3175 ἑαυτῶν
3272 3118 3459 3183 τέκνα,
3492 3116 3587 3170 διὰ

314 3236 537 3298 propter
565 3239 833 3280 summam
864 3232 1013 3279 tuam
1044 3224 1099 3277 in
1133 3238 1221 3277 me
1249 3221 1709 3285 benevolentiam,
1736 3220 1888 3290 quid-

2005 3232 2065 3285 τὸ
2098 3232 2179 3293 είς
2213 3226 2313 3298 ἐμὲ
2342 3224 2581 3295 ἄμετρον
2614 3219 2858 3289 φίλτρον,
2894 3214 2989 3267 καὶ⁵
3033 3211 3215 3267 πᾶσάν
3250 3225 3351 3280 μου
3391 3207 3584 3261 ἐπιθυ-

315 3321 445 3391 quid
470 3321 587 3392 ipse
617 3319 822 3391 optavi,
853 3317 987 3373 mihi
1018 3315 1317 3387 praestitisti
1353 3333 1367 3369 :
1407 3330 1577 3369 unum
1613 3322 1717 3380 est,
1750 3313 1888 3384 quod

2006 3322 2133 3395 μίαν
2168 3314 2526 3390 πληρώσασα,
2565 3312 2647 3365 ἔτι
2695 3308 2826 3380 μίαν
2867 3304 3088 3375 αἴτησιν
3143 3300 3400 3371 αίτοῦμαι
3429 3299 3584 3368 παρὰ

317 3424 579 3486 praeterea
611 3427 710 3484 ego
748 3427 778 3466 a
808 3419 862 3466 te
894 3426 958 3465 ac
986 3418 1137 3481 patre
1170 3423 1295 3463 meo
1324 3417 1471 3478 peto,
1508 3406 1671 3477 idque
1702 3416 1895 3462 vestra:

314 3507 498 3575 gloriae
546 3518 711 3560 causa
741 3510 958 3573 exopto,
993 3500 1075 3555 Ad
1115 3500 1232 3555 haec
1267 3508 1442 3553 mater
1470 3499 1659 3563 :Pete,
1693 3500 1892 3568 inquit,

315 3596 691 3669 ﬁli,quidquid
721 3596 821 3650 vis.
852 3592 989 3648 Tum
1009 3592 1248 3648 Joannes
1276 3608 1288 3644 :
1314 3590 1482 3646 Mater
1510 3607 1632 3645 mea
1652 3590 1892 3653 domina,

312 3708 502 3747 omnes
525 3691 702 3762 pueri,
735 3690 825 3760 qui
858 3695 986 3743 sunt
1016 3687 1068 3740 in
1103 3685 1401 3758 gymnasio,
1434 3701 1542 3739 non
1572 3685 1743 3739 semel
1775 3695 1897 3739 tan-

313 3794 431 3840 tum
462 3793 628 3854 atque
658 3784 880 3844 iterum,
907 3780 1000 3836 sed
1030 3780 1229 3849 smpius
1254 3795 1341 3834 me
1374 3780 1428 3833 in
1459 3779 1769 3834 convivium
1800 3793 1898 3831 vo-

316 3885 512 3932 carunt
539 3895 552 3929 :
576 3891 676 3947 ego
710 3890 835 3931 cum
859 3875 978 3930 illos
998 3873 1249 3928 similiter
1266 3871 1515 3941 accipere
1538 3884 1648 3924 non
1668 3869 1894 3937 valeam,

315 3971 372 4026 in
414 3971 753 4042 gymnasium
785 3970 864 4024 ire
903 3984 1011 4022 non
1039 3981 1260 4037 possum
1294 3981 1309 4023 ε
1354 3965 1429 4019 ita
1470 3964 1675 4034 pudore
1728 3962 1900 4017 multo

308 4058 634 4130 pcrlundor.
663 4064 730 4113 At
751 4058 839 4112 illa
871 4077 884 4112 :
915 4056 1200 4127 Exspecta,
1237 4054 1334 4120 Illi,
1378 4054 1700 4108 hodiernum
1731 4053 1897 4120 diem,

314 4159 372 4207 et
409 4168 510 4224 ego
539 4153 682 4222 patri
717 4161 811 4207 tuo
847 4150 1210 4222 persuadebo,
1243 4157 1304 4203 ut
1336 4148 1429 4202 tibi
1456 4147 1548 4202 det
1589 4147 1898 4217 pecuniam,
1954 4140 1955 4143 “

323 4261 431 4317 qua
481 4245 713 4299 invitare
761 4245 960 4315 possis,
997 4258 1355 4315 quoscunque
1378 4241 1546 4310 ,velis.
1599 4240 1726 4296 llaec
1768 4240 1901 4296 dixit

314 4345 511 4403 mater,
528 4344 585 4392 et
612 4335 837 4392 absente
856 4335 988 4404 lilio,
1011 4335 1223 4407 singula
1242 4335 1358 4389 viro
1380 4348 1480 4409 suo
1502 4332 1762 4396 narravit,
1782 4349 1903 4402 quae

315 4446 344 4485 a
387 4430 602 4487 Joanne
650 4436 961 4500 acceperat.
987 4427 1085 4483 Cui
1119 4427 1201 4482 vir
1242 4445 1256 4482 :
1299 4426 1521 4490 Demus,
1569 4425 1768 4496 inquit,
1828 4425 1902 4481 illi

312 4529 535 4577 centum
573 4536 770 4576 aureos
799 4535 1075 4584 nummos,
1116 4528 1173 4575 et
1202 4534 1453 4590 puerum,
1473 4517 1564 4588 qui
1602 4533 1727 4573 eum
1762 4533 1893 4572 cus-

2003 3390 2096 3469 σού
2136 3412 2233 3467 καὶ
2264 3407 2415 3478 παρὰ
2466 3404 2695 3475 πατρὸς,
2733 3402 2812 3464 εἰς
2863 3397 3132 3468 ὑμέτερον
3173 3393 3465 3463 καύχημα.
3516 3390 3589 3443 Ἥ.

2001 3508 2059 3561 δὲ
2103 3505 2285 3573 λέγει’
2322 3499 2576 3568 Αἴτησαι,
2618 3495 2829 3556 τέκνον,
2872 3489 2904 3543 6
2953 3489 3152 3560 βούλει.
3208 3486 3268 3539 'U
3321 3485 3379 3538 δὲ
3425 3479 3585 3553 εἷπεν

2004 3600 2166 3668 αὐτῇ·
2191 3592 2374 3664 Κυρία
2402 3590 2596 3660 μῆτερ,
2647 3586 2847 3646 πάντες
2880 3582 2932 3635 οἱ
2970 3579 3158 3642 παῖδες
3194 3579 3242 3632 cl
3284 3579 3342 3630 ἰν
3372 3578 3438 3646 τῇ
3467 3574 3591 3627 δια-

2003 3691 2164 3764 τριϐῇ
2209 3688 2269 3742 οὐ
2308 3686 2465 3759 μόνον
2502 3680 2652 3745 ἅπαξ
2703 3679 2737 3751 ἢ
2779 3678 2862 3742 δὶς
2893 3674 3160 3731 ἑκάλεσάν
3191 3691 3258 3745 με
3291 3674 3373 3736 εἰς
3400 3671 3588 3725 έστίαο

2008 3801 2112 3845 σιν,
2143 3780 2278 3835 ἀλλὰ
2307 3778 2403 3831 καὶ
2440 3772 2722 3835 πολλάκις,
2757 3769 2853 3823 καὶ
2906 3768 2981 3839 μὴ
3007 3766 3302 3836 δυνάμενος
3331 3764 3545 3835 άμείψα
3566 3794 3584 3804 -

2010 3873 2135 3928 σθαι
2169 3870 2388 3932 αὐτοὺς,
2435 3864 2557 3920 οὐδὲ
2586 3866 2666 3927 είς
2697 3862 2796 3933 τὴν
2829 3857 3117 3930 διατριϐὴν
3143 3856 3382 3927 δύναμαι
3416 3857 3590 3909 ἀπελο

2008 3966 2120 4019 οεῖν
2155 3961 2295 4032 ὑπὲρ
2349 3960 2448 4031 τῆς
2502 3955 2770 4027 ἐντροπῆς
2829 3951 3206 4022 ἁλισκόμενος.
3247 3949 3312 4002 Ἦ
3345 3948 3404 4001 δὲ
3435 3948 3587 4016 λέγει

2007 4054 2177 4126 αὐτῷ·
2217 4051 2557 4123 Ἀνάμεινον,
2588 4050 2799 4113 τέκνον,
2837 4046 3100 4117 σήμερον,
3126 4043 3222 4095 καὶ
3270 4040 3380 4111 ἐγὼ
3414 4041 3590 4095 πείθω

2009 4149 2098 4202 τὸν
2126 4141 2337 4216 πατέρα
2363 4141 2546 4198 δοῦναί
2577 4158 2661 4194 σοι
2696 4139 2977 4211 χρήματα,
3009 4136 3106 4190 καὶ
3141 4133 3453 4207 προτρέπου
3493 4131 3593 4195 οὓς

2012 4240 2212 4313 βούλει.
2242 4235 2427 4291 Ταῦτα
2453 4232 2681 4288 είποῦσα
2712 4229 2986 4302 ήῗμήτηρ,
3033 4228 3265 4290 ἀπόντος
3307 4222 3403 4278 τοῦ
3440 4223 3595 4285 υἱοῦ,

2010 4332 2086 4404 τῷ
2121 4330 2275 4402 ἀνδρὶ
2302 4328 2634 4399 ἀπήγγειλεν
2667 4324 2843 4377 πάντα
2878 4321 2945 4375 τά
2983 4319 3078 4373 τοῦ
3123 4318 3313 4371 τέκνου
3342 4316 3589 4388 ῥήματα.

2011 4427 2121 4481 Καὶ
2174 4423 2335 4485 εὐθὺς
2382 4423 2409 4474 6
2453 4419 2592 4488 ἀνὴρ
2630 4415 2765 4487 πρὸς
2818 4413 3009 4484 αὐτὴν,
3042 4410 3209 4465 Δώσω
3255 4409 3420 4478 αὐτῷ,
3460 4408 3591 4478 ἔφη,

2011 4516 2325 4588 νομίσματα
2383 4507 2596 4574 ἑκατὸν,
2655 4507 2749 4561 καὶ
2797 4503 2965 4558 παῖδα
2996 4500 3387 4573 παραφύλακα,
3439 4500 3594 4561 ὅπως

314 4613 485 4669 todiat
518 4620 573 4668 et
598 4612 877 4677 observet,
915 4626 985 4665 ne
1015 4624 1125 4681 quo
1163 4609 1325 4664 modo
1353 4607 1673 4664 adolescens
1696 4607 1888 4678 procli-

2008 4611 2084 4682 μὴ
2115 4606 2338 4678 ἐκκλίνῃ
2371 4603 2446 4668 ὡς
2479 4600 2713 4665 παιδῖον,
2748 4598 2842 4652 καὶ
2898 4598 2976 4660 είς
3011 4593 3244 4666 αἰσχράς
3273 4591 3465 4681 χρείας
3494 4590 3594 4645 καὶ

314 4707 432 4763 vior
452 4705 667 4772 evadat,
693 4714 751 4761 et
775 4705 831 4759 in
856 4704 1140 4761 sordidum
1162 4719 1227 4759 ac
1244 4712 1459 4773 turpem
1480 4702 1718 4774 aliquem
1744 4716 1901 4756 usum

313 4794 601 4865 pecuniam
654 4793 901 4848 conferat
950 4803 1113 4864 atque
1167 4801 1473 4848 consumat.
1506 4790 1718 4847 Placuit
1766 4792 1905 4846 utri-

312 4896 419 4951 que
446 4880 735 4935 consilium
764 4881 915 4937 illud.
946 4882 1083 4938 Cum
1110 4882 1274 4954 igitur
1298 4879 1567 4937 Joannem
1594 4880 1908 4937 accersit-is-

313 4984 457 5039 sunt,
490 4973 763 5028 dederunt
792 4974 867 5028 illi
910 4975 1195 5044 pecuniam
1228 4983 1285 5030 et
1332 4989 1561 5044 puerum
1600 4974 1902 5028 custodem.

312 5067 558 5123 J.:annes
583 5081 736 5133 vero,
773 5068 1011 5138 acceptis
1037 5076 1258 5124 centum
1298 5066 1405 5123 illis
1431 5065 1614 5122 aureis
1641 5067 1904 5131 nummis,

316 5175 380 5214 ea
415 5173 474 5213 re.
509 5158 667 5215 valde
701 5159 967 5231 gaudens,
1009 5159 1078 5216 ad
1116 5160 1447 5215 monachum
1478 5158 1631 5213 venit
1656 5174 1761 5213 una
1780 5174 1905 5213 cum

320 5266 494 5323 puero
524 5250 638 5318 illo,
673 5260 730 5307 et
759 5251 834 5306 ait
866 5268 880 5306 :
911 5249 983 5306 Mi
1008 5251 1249 5318 domine,
1282 5250 1373 5306 hic
1396 5251 1562 5306 homo
1586 5264 1741 5305 meus
1780 5260 1903 5305 est:

322 5344 441 5414 ipse
472 5352 655 5400 tecum
687 5344 776 5401 hic
802 5344 1046 5400 manebit
1085 5362 1098 5399 :
1139 5359 1240 5416 ego
1272 5359 1403 5400 vero
1439 5344 1507 5399 ad
1542 5343 1720 5399 socios
1755 5359 1909 5399 meos

321 5438 507 5503 adibo,
540 5445 601 5492 ut
626 5437 696 5494 ab
725 5436 859 5508 ipsis
886 5436 1106 5494 audiam
1128 5447 1340 5494 certum
1369 5437 1536 5500 diem,
1567 5453 1676 5508 quo
1704 5437 1826 5492 illos
1853 5436 1907 5490 in

2005 4677 2270 4774 άκαίρους
2309 4677 2561 4766 άναλώσῃ
2592 4690 2751 4746 αὐτά.
2784 4689 2894 4743 Καὶ
2921 4690 3160 4761 ἤρεσκεν
3184 4688 3218 4758 ἡ
3251 4677 3415 4757 βουλὴ
3450 4684 3594 4753 αὕτη

2006 4791 2324 4865 ἀμφοτέρω.
2355 4783 2489 4842 Εἶτα
2534 4783 2802 4839 ἐκάλεσαν
2860 4781 2953 4834 τὸν
3001 4779 3277 4847 Ἰωάννην,
3306 4776 3401 4829 καὶ
3427 4774 3596 4828 δεδώ-

2009 4901 2171 4941 κασιν
2196 4880 2345 4951 αὐτῷ
2393 4879 2462 4933 τὰ
2494 4877 2754 4948 χρήματα
2789 4873 2883 4928 καὶ
2910 4872 3003 4927 τὸν
3035 4870 3200 4924 παῖδα
3228 4871 3309 4932 είς
3337 4865 3591 4936 φύλαξιν.

2019 4978 2079 5031 '0
2114 4976 2172 5029 δὲ
2203 4973 2384 5028 λαϐὼν
2422 4972 2492 5024 τὰ
2529 4968 2739 5029 ἑκατὸν,
2763 4966 3076 5036 νομίσματα
3095 4958 3227 5035 ἦλθε
3255 4959 3394 5030 μετὰ
3420 4962 3596 5030 χαρᾶς

2014 5069 2257 5142 μεγάλης
2292 5066 2427 5138 πρὸς
2457 5063 2549 5117 τὸν
2567 5060 2742 5117 ἁσϐᾶν
2778 5060 2877 5113 σὺν
2903 5057 2981 5128 τῷ
3006 5054 3369 5142 παραφύλακι
3400 5053 3595 5119 αὑτοῦ,

2011 5140 2106 5211 καὶ⁵
2140 5155 2311 5223 λέγει’
2354 5152 2550 5224 Κύριε,
2585 5151 2615 5203 6
2646 5148 2930 5221 ἄνθρωπος
2957 5140 3111 5209 οὗτος
3148 5145 3281 5216 ἐμός
3322 5147 3464 5211 ἔστι,
3495 5147 3596 5197 καὶ

2015 5246 2152 5319 μετὰ
2200 5243 2294 5299 σοῦ
2339 5243 2619 5315 ἀναμενεϊ,
2679 5237 2791 5308 ἐγὼ
2838 5238 2896 5291 δὲ
2942 5235 3234 5308 πορευθεὶς
3282 5236 3419 5304 πρὸς
3467 5237 3597 5300 τοὺς

2012 5340 2265 5416 ἑταίρους
2302 5353 2428 5408 μου,
2463 5332 2710 5399 συντάξω
2741 5331 2925 5392 αὐτοῖς
2968 5328 3064 5399 τὴν
3094 5328 3308 5399 ἡμέραν
3332 5330 3431 5398 τῆς
3463 5329 3598 5381 ὑπο-

2012 5432 2199 5503 δοχῆς.
2250 5429 2362 5483 Καὶ
2420 5427 2643 5500 ἔρχεται
2689 5422 2953 5497 χρήματα
2998 5418 3285 5491 βαστάζων
3331 5418 3473 5493 πρὸς
3505 5420 3599 5472 τὶν

321 5531 636 5589 convivium
671 5541 999 5605 accepturus
1044 5534 1173 5588 sim.
1212 5533 1362 5588 Abiit
1403 5533 1587 5605 igitur,
1623 5542 1680 5588 et
1724 5547 1888 5590 secuu

2015 5521 2347 5593 ναύκληρον,
2384 5519 2479 5574 καὶ
2506 5517 2655 5586 λέγει
2705 5513 2876 5586 αὐτῷ·
2918 5510 3159 5581 Ἀδελφέ,
3198 5510 3324 5581 ἐμοὶ
3381 5510 3476 5564 καὶ
3518 5511 3600 5583 τῷ

325 5627 533 5685 habens
552 5628 869 5701 pecuniam,
898 5626 1102 5699 navigii
1131 5626 1413 5684 dominum
1431 5603 1573 5681 adiit
1595 5664 1613 5689 ,
1646 5639 1711 5680 ac
1734 5623 1868 5679 dixit

2019 5614 2243 5690 μοναχῷ
2295 5612 2489 5684 ἐκείνῳ
2521 5612 2682 5683 μόνον
2726 5604 3092 5680 ἐκμισοώσεις
3138 5603 3199 5657 τδ
3248 5603 3433 5658 πλοῖόν
3477 5620 3599 5658 σου.

326 5719 483 5791 Rogo
510 5694 584 5789 te,
621 5720 811 5787 frater,
845 5694 907 5777 ut
939 5694 1071 5776 mihi
1120 5728 1173 5775 et
1206 5718 1478 5774 monacho
1510 5722 1722 5771 tantum
1759 5713 1879 5768 navi

2018 5709 2182 5778 Λέγει
2210 5705 2359 5777 αὐτῷ
2389 5706 2419 5759 6
2452 5704 2758 5775 ἄνθρωπος’
2786 5697 2954 5754 Είπόν
2986 5714 3068 5751 σοι
3108 5697 3191 5752 ὅτι
3221 5694 3391 5760 πολύς
3426 5696 3547 5748 ἐστι
3571 5699 3601 5750 ὁ

327 5788 478 5883 giuin
508 5788 678 5872 loces.
699 5813 803 5871 Cui
837 5813 1035 5886 navigii
1076 5811 1332 5870 dominus
1362 5827 1374 5863 :
1408 5809 1549 5875 Dixi,
1582 5807 1780 5877 inquit,
1819 5808 1888 5860 ιέι]

2021 5802 2213 5874 μισθὸς
2273 5798 2368 5854 τοῦ
2431 5797 2655 5852 πλοίου·
2697 5795 2793 5850 ὲάν
2843 5791 2899 5846 δὲ
2946 5788 3281 5860 ε’κδέχησθε.
3331 5788 3604 5856 λαμϐάνω

324 5903 494 5959 multa
529 5906 777 5962 mercede
809 5905 1081 5978 navigium
1134 5902 1363 5961 conduci
1403 5920 1414 5955 :
1462 5899 1603 5971 quoi
1634 5897 1675 5953 si
1708 5914 1882 5969 cxpr-u

2026 5896 2169 5968 ὑμᾶς
2197 5892 2334 5967 μετὰ
2364 5889 2455 5946 τοῦ
2489 5889 2686 5959 φόρτον
2737 5901 2857 5957 μου.
2887 5881 3049 5950 Λέγει
3072 5880 3218 5951 αύτῷ
3258 5881 3285 5931 ὀ
3321 5877 3605 5949 Ίιυάννηςο
