3846 6490
273 433 380 501 5'13

1344 439 1516 500 VITA
1556 441 1614 501 S.
1658 440 1985 502 JOANNIS
2021 444 2425 507 CALYBITE.
3410 451 3515 513 5Τὶ

271 551 419 607 Λάϐε
453 550 586 618 παρ’
634 546 771 618 ἐμοῦ
822 548 913 602 τδν
977 548 1171 619 μισθόν
1224 567 1342 617 σου,
1377 553 1537 623 μόνον
1580 554 1847 609 διάσωσον

1956 556 2113 622 datis,
2162 573 2258 613 vos
2308 573 2418 613 una
2468 573 2593 614 cum
2646 560 2873 634 reliquis
2934 563 3193 618 oneribus
3246 562 3527 633 accipiam.

270 640 443 712 ἡμᾶς.
476 638 586 692 Καὶ
627 635 906 690 ἐκϐάλλων
944 635 1015 689 τὰ
1051 637 1247 690 ἑκατὸν
1280 639 1593 709 νομίσματα
1629 640 1845 695 δίδωσιν

267 732 420 803 αὐτῷ
447 729 647 798 λέγων’
682 728 885 799 Δέομαί
934 745 1053 794 σου,
1091 731 1367 800 σκόπησον
1412 731 1504 785 τὸν
1542 734 1701 804 ἀέρα,
1747 738 1844 789 καὶ

266 824 399 879 ὅταν
433 821 552 893 ἴδῃς
577 820 672 875 τδν
696 821 895 891 ἄνεμον
920 821 1223 893 επιτήδειον
1243 817 1382 875 εἶναι
1419 823 1558 894 πρὸς
1586 826 1687 895 τὴν
1704 826 1843 880 660t-

270 913 471 984 πορίαν
498 912 677 985 ἡμῶν,
722 914 787 966 ἐκ
806 912 904 967 τοῦ
945 913 1132 967 πλοίου
1160 913 1390 985 νεύματι
1413 915 1641 970 κάλεσον
1668 918 1836 989 ἡμᾶς’

267 1004 604 1075 ὕφορὼμεθα
635 1003 746 1075 γάρ
767 1022 921 1069 τινας
947 1006 1041 1059 καὶ
1062 1003 1307 1077 θέλωμεν
1336 1009 1482 1079 φυγῇ
1508 1008 1837 1080 χρήσασθαι.

265 1096 465 1151 Λαϐὼν
502 1096 596 1151 οὖν
626 1098 656 1152 6
705 1095 1009 1167 ναύκληρος
1037 1096 1107 1151 τὰ
1152 1098 1464 1169 νομίσματα
1492 1097 1642 1168 λέγει
1668 1099 1838 1171 αὐτῷ·

269 1188 508 1243 ’Δπελθε
540 1191 599 1242 ἐν
641 1189 857 1261 εἰρήνῃ.
888 1188 1047 1260 κύριέ
1079 1206 1204 1259 μου·
1239 1188 1350 1259 ἐγὼ
1394 1191 1504 1263 γὰρ
1552 1192 1695 1264 ὑμᾶς
1727 1195 1844 1249 δια-

267 1281 452 1345 σώζω.
519 1281 722 1336 Ἐλθὼν
770 1282 865 1336 οὖν
923 1283 951 1336 6
999 1282 1255 1352 Ἰωάννης
1303 1283 1608 1354 διηγήσατο
1664 1287 1842 1341 πάντα

264 1374 348 1444 τῷ
399 1374 563 1446 άϐϐᾷ,
603 1374 818 1445 κρύψας
845 1376 951 1429 ἀπὸ
991 1375 1082 1429 τοῦ
1136 1376 1347 1440 παιδὸς,
1403 1376 1497 1429 τοῦ
1534 1379 1615 1442 είς
1666 1379 1840 1448 φύλα-

264 1468 373 1530 ειν.

1950 644 2103 702 Tunc
2150 646 2225 701 illi
2257 646 2496 702 Joannes
2528 666 2542 703 :
2574 650 2775 721 Accipe
2805 666 2837 707 a
2884 666 2967 706 me
3011 651 3315 706 mercedem
3360 660 3533 718 tuam,

1949 737 2111 792 modo
2135 752 2238 792 nos
2274 738 2453 793 salvos
2491 740 2781 809 pervehas.
2814 739 2927 797 Hoc
2971 757 3095 796 eum
3127 742 3377 805 dixisset,
3409 758 3537 797 cen-

1950 840 2062 883 tum
2098 845 2354 886 nummos
2387 846 2582 887 aureos
2614 832 2665 888 ei
2699 834 3007 889 numeravit
3046 854 3058 888 :
3091 850 3228 906 quos
3283 850 3407 888 cum
3437 835 3533 890 da-

1946 930 2067 977 ret:
2118 922 2288 994 Rogo,
2320 923 2516 994 inquit,
2549 934 2620 993 te,
2652 925 2839 992 frater,
2877 936 2935 982 ut
2963 929 3158 982 coelum
3186 929 3362 999 ipsum
3394 929 3534 984 bene

1946 1013 2225 1085 inspicias,
2261 1030 2497 1087 cumque
2528 1016 2574 1072 is
2620 1029 2823 1073 ventus
2864 1018 2994 1074 ﬂare
3047 1020 3294 1090 incipiat,
3331 1021 3422 1091 qui
3464 1022 3533 1075 ad

1947 1124 2048 1165 nos
2072 1110 2354 1165 vehendos
2388 1110 2621 1167 idoneus
2665 1127 2788 1167 esse
2827 1113 3020 1183 possit,
3057 1120 3184 1168 tunc
3223 1113 3279 1167 in
3320 1114 3535 1183 navigio

1949 1210 2044 1256 tuo
2065 1211 2235 1270 stans,
2288 1218 2392 1258 nos
2424 1202 2571 1275 ipsos
2618 1213 2756 1259 nutu
2788 1220 2951 1259 voces
2997 1222 3011 1259 :
3054 1215 3336 1276 suspectos
3387 1205 3532 1260 enim

1950 1290 2215 1347 habemus
2241 1294 2505 1363 quosdam
2537 1294 2810 1360 homines,
2860 1304 2917 1350 et
2968 1295 3093 1366 fuga
3146 1297 3223 1350 uti
3256 1295 3531 1349 volumus.

1947 1381 2082 1437 Tum
2109 1384 2218 1451 ille,
2232 1395 2450 1441 centum
2472 1387 2655 1442 aureis
2676 1389 2912 1442 nummis
2932 1388 3190 1459 acceptis,
3209 1389 3363 1443 valde
3386 1390 3534 1442 heta-

1961 1484 2050 1529 tus
2092 1475 2227 1530 dixit
2258 1477 2465 1544 :Vade,
2496 1478 2714 1533 domine
2744 1480 2839 1541 mi,
2875 1488 2933 1534 et
2964 1494 3191 1536 securus
3217 1492 3355 1547 esto,
3390 1480 3535 1550 quod

262 1572 366 1610 vos
398 1556 698 1612 incolumes
752 1558 1063 1618 perveham.
1118 1557 1257 1611 Abiit
1301 1557 1463 1627 igitur
1523 1559 1785 1626 Joannes,
1836 1568 1891 1616 et
1936 1566 2205 1622 monacho
2242 1582 2356 1622 rem
2388 1570 2631 1624 narravit
2659 1570 2796 1624 clam
2824 1585 2993 1641 puero
3018 1569 3130 1636 illo,
3176 1586 3337 1641 quem
3379 1579 3537 1641 pater

261 1654 546 1708 custodem
572 1663 920 1724 apposuerat.

348 1744 423 1800 Z'.
472 1744 728 1815 Ἡμερῶν
765 1746 822 1799 δὲ
867 1745 1267 1816 διαγενομένων
1316 1744 1465 1814 λέγει
1502 1744 1583 1816 τῷ
1631 1745 1849 1818 μοναχῷ

260 1842 362 1894 καὶ
390 1841 469 1912 τῷ
500 1842 650 1894 παιδὶ
694 1843 722 1894 6
761 1842 1033 1913 Ἰωάννης
1078 1841 1432 1913 Ἀπέλθωμεν
1461 1843 1597 1914 πρὸς
1629 1841 1721 1923 τὸν
1759 1846 1848 1896 al-

2028 1750 2141 1807 γυ.
2167 1750 2297 1808 Post
2325 1754 2543 1825 aliquod
2597 1755 2858 1825 temporis
2889 1755 3254 1820 intervallum,
3286 1754 3527 1810 Joannes

1957 1844 2226 1899 monacho
2255 1853 2312 1900 et
2356 1861 2527 1916 puero
2550 1845 2721 1901 dixit:
2757 1847 2958 1902 Eamus
2985 1848 3050 1903 ad
3073 1846 3316 1902 ﬂuminis
3333 1847 3535 1917 ripam,

260 1937 475 2004 γ;α).δν.
505 1936 587 1988 ὅτι
614 1935 719 1996 ἕως
756 1933 848 1988 δύο
874 1933 1099 2005 ἡμερῶν
1140 1934 1385 2001 δεξίωσίς
1423 1933 1511 2004 μοί
1553 1935 1670 1991 ἔστι
1697 1975 1713 1998 ,
1751 1935 1845 1987 καὶ

1956 1953 2020 1994 eo
2048 1940 2195 2009 quod
2226 1940 2369 1995 intra
2398 1941 2537 1997 duos
2557 1941 2674 1997 dies
2700 1942 2942 1997 futurum
2976 1950 3081 2007 est,
3112 1950 3171 1996 ut
3194 1957 3293 2011 ego
3318 1941 3534 1996 sodales

263 2028 461 2098 χρείαν
509 2028 616 2098 ἔχω
643 2026 808 2081 καλοῦ
835 2044 982 2090 τινος
1024 2026 1226 2098 ίχθύος.
1261 2028 1367 2081 Καὶ
1392 2019 1737 2082 ἀπελθόντων
1764 2029 1844 2093 είς

260 2122 361 2174 τὸν
399 2120 667 2188 αἰγιαλὸν,
700 2118 949 2173 κελεύσει
982 2119 1117 2173 Θεοῦ
1164 2120 1388 2190 γέγονεν
1416 2121 1614 2191 ἄνεμος
1649 2122 1844 2191 ἐπιτή-

261 2215 439 2276 δειος,
474 2214 571 2266 καὶ
614 2212 816 2283 ἤρξατο
848 2212 1080 2283 νεύμασι
1130 2212 1558 2282 προσκαλεῖσθαι
1596 2213 1794 2277 αὐτοὺς
1818 2214 1847 2266 ό

264 2305 600 2375 ναύκληρος.
642 2306 734 2374 Μὴ
766 2304 1053 2373 δυνάμενοι
1086 2303 1145 2357 δὲ
1182 2302 1368 2357 λαθεῖν
1408 2302 1501 2357 τδν
1536 2304 1723 2371 παῖδα,
1755 2303 1844 2358 λέ-

258 2411 453 2464 γουσιν
483 2393 652 2465 αὐτῷ’
701 2392 980 2447 Ἀπελθὼν
1012 2394 1089 2447 ἴδε
1121 2393 1175 2447 τί
1202 2393 1535 2464 πράττουσιν
1565 2396 1615 2449 oi
1651 2395 1846 2460 παῖδες

262 2490 331 2542 ἐν
379 2490 445 2558 τῇ
501 2486 777 2559 διατριϐῇ,
824 2487 918 2540 καὶ
964 2484 1134 2540 ἐλθὼν
1196 2487 1455 2557 εὑρήσεις
1513 2489 1663 2556 ἡμᾶς
1718 2481 1843 2542 ὧδε.

278 2581 632 2643 Ἀπελθόντος
683 2576 778 2634 οὖν
829 2579 996 2633 αὐτοῦ
1025 2617 1042 2642 ,
1092 2579 1362 2650 ἐμϐάντες
1416 2581 1499 2642 είς
1541 2580 1604 2633 τὸ
1663 2580 1847 2633 πλοῖον

262 2670 565 2738 επλευσαν,
605 2671 699 2725 καὶ⁵
744 2669 1107 2734 διασωθέντες
1143 2665 1311 2741 ἦλθον
1342 2670 1425 2733 είς
1456 2670 1517 2723 τὸ
1559 2669 1715 2738 άγιον
1746 2687 1847 2741 μο-

263 2764 564 2834 ναστήριον
598 2763 796 2817 έκεῖνο.
822 2762 1133 2832 Διηγήσατο
1167 2760 1223 2814 δὲ
1267 2762 1296 2815 6
1343 2761 1518 2824 άϐϐἄς
1545 2763 1658 2824 τοῖς
1688 2761 1848 2815 ἀδελ-

266 2857 395 2923 φοῖς
419 2856 631 2909 ἅπαντα
681 2852 750 2907 τὰ
799 2852 993 2923 ἀληθῆ,
1025 2853 1118 2906 καὶ
1144 2853 1327 2906 πᾶσαν
1375 2851 1476 2923 τὴν
1526 2851 1717 2905 πίστιν
1750 2851 1844 2906 τοῦ

264 2946 483 3008 παιδός.
521 2944 669 2999 Ἰδὼν
698 2946 943 2999 δὲαύτὸν
971 2947 999 2999 6
1048 2943 1514 3015 ἀρχιμανδρξτης,
1540 2943 1685 2997 Πολὺ
1715 2942 1848 2996 vseb-

263 3056 425 3110 τερος
452 3037 522 3104 εἴ,
554 3039 678 3111 ἔφη’
707 3039 828 3102 ἔθος
884 3038 941 3092 δέ
991 3040 1108 3092 ἐστι
1158 3037 1292 3107 παρ’
1315 3039 1446 3109 ἡμῖν
1499 3036 1593 3091 τδν
1624 3037 1848 3093 θέλοντα

262 3131 641 3197 ἀποτάξασθαι
688 3130 978 3200 ἀναμεῖναι
1019 3127 1434 3198 τεσσαράκοντα
1481 3128 1718 3201 ἡμέρας,
1749 3128 1847 3182 καὶ

265 3227 546 3298 θεωρῆσαι
600 3225 693 3279 τὸν
735 3223 939 3279 κανόνα
988 3222 1090 3293 τῆς
1144 3222 1472 3292 ἀσκήσεως,
1523 3220 1620 3275 καὶ
1669 3218 1846 3286 οὕτως

1948 2046 2099 2087 meos
2131 2032 2186 2085 in
2238 2031 2548 2088 convivium
2594 2034 2880 2105 accipiam,
2938 2034 3082 2088 unde
3145 2032 3271 2087 boni
3301 2033 3535 2101 alicujus

1948 2123 2110 2192 piscis
2135 2125 2363 2181 obsonio
2385 2125 2711 2197 indigemus.
2754 2125 2889 2181 Cum
2931 2125 3097 2195 igitur
3127 2140 3191 2180 eo
3227 2126 3535 2191 venissent,

1948 2213 2043 2268 Dei
2079 2213 2357 2269 voluntate
2383 2213 2586 2269 factum
2624 2224 2730 2279 est,
2764 2224 2820 2269 ut
2863 2223 3060 2271 ventus
3086 2214 3421 2286 navigationi
3449 2231 3535 2268 ac-

1946 2306 2325 2362 commodatus
2372 2306 2502 2361 ﬂare
2539 2308 2787 2376 cmperit.
2820 2307 3007 2376 itaque
3054 2307 3344 2362 nauclerus
3380 2323 3411 2361 e
3443 2323 3535 2360 na-

1951 2399 2093 2471 vigio
2116 2400 2233 2469 ipso
2268 2401 2477 2456 crebris
2514 2400 2739 2455 nutibus
2772 2400 2892 2456 illos
2927 2401 3170 2456 vocabat.
3224 2399 3361 2455 Cum
3405 2417 3537 2455 vero

1947 2506 2173 2560 puerum
2227 2506 2414 2547 secum
2447 2507 2643 2562 capere
2694 2508 2805 2546 non
2850 2500 3093 2561 possent,
3149 2491 3199 2545 ei
3242 2491 3534 2546 dixerunt:

1945 2583 2067 2647 Abi,
2098 2596 2255 2651 puer,
2294 2580 2351 2635 in
2392 2582 2751 2653 gymnasium,
2800 2590 2856 2636 et
2886 2582 3009 2636 vide
3037 2581 3165 2651 quid
3220 2582 3535 2636 adolescen-

1949 2685 2030 2729 tes
2062 2675 2135 2727 illi
2186 2674 2411 2735 faciant.
2444 2683 2500 2729 et
2528 2674 2643 2728 redi
2679 2674 2805 2738 huc,
2852 2674 2940 2727 ubi
2977 2691 3079 2728 nos
3125 2674 3394 2727 invenies.
3424 2674 3536 2727 Ab-

1947 2770 2006 2823 iit
2061 2786 2219 2840 puer.
2277 2769 2519 2825 Joannes
2563 2785 2691 2824 vero
2760 2776 2816 2823 et
2893 2770 3194 2823 monachus
3259 2768 3533 2839 navigium

1947 2863 2421 2929 conscenderunt,
2473 2874 2524 2917 e'
2569 2863 2717 2917 illinc
2760 2862 3119 2933 navigantes,
3168 2861 3235 2914 ad
3282 2869 3532 2915 sanctum

1946 2951 2079 3007 illud
2116 2954 2510 3007 monasterium
2549 2953 2852 3008 incolumes
2898 2953 3038 3008 vecti
3082 2960 3230 3007 sunt.
3283 2944 3549 3005 Narravit

1947 3054 2131 3101 autem
2171 3045 2339 3100 abbas
2390 3044 2481 3100 ille
2524 3044 2783 3101 fratribus
2821 3053 2993 3099 totum
3033 3043 3109 3110 id,
3154 3042 3300 3115 quod
3341 3058 3533 3100 verum

1949 3147 2087 3205 erat,
2126 3147 2180 3194 et
2219 3147 2422 3209 quanta
2456 3146 2604 3194 esset
2629 3137 2785 3208 pueri
2817 3136 2974 3192 ﬁdes.
3007 3135 3179 3203 Quem
3212 3136 3537 3191 eumarchi-

1950 3228 2221 3284 mandrita
2265 3226 2605 3298 inspexisset
2640 3244 2653 3281 :
2688 3226 2949 3292 Nimium,
2985 3225 3182 3295 inquit,
3219 3223 3538 3279 adolescens

261 3314 761 3386 ἀποκονρεύεσθαι.
814 3315 979 3383 Λέγει
1028 3312 1178 3384 αὑτῷ
1207 3314 1237 3367 6
1285 3312 1542 3384 Ἰωάννης
1570 3329 1585 3344 ⁶
1614 3313 1715 3366 Διὰ
1746 3313 1845 3383 τὴν

1956 3333 2028 3378 es.
2058 3331 2091 3371 ο
2121 3315 2194 3370 lili
2222 3334 2234 3369 :
2262 3316 2419 3371 nobis
2452 3324 2633 3370 autem
2660 3328 2781 3369 mos
2813 3322 2919 3377 est,
2955 3322 3014 3367 ut
3050 3312 3141 3382 qui
3178 3312 3537 3366 monasticam

269 3409 580 3477 όπεραγίαν
607 3407 836 3478 Τριάδα,
893 3405 1132 3477 σήμερόν
1187 3423 1255 3476 με
1303 3406 1739 3477 ἀποκοὺρευσον,
1766 3406 1847 3458 ὅτι

269 3501 439 3562 πολύς
474 3518 562 3570 μοι
596 3498 760 3562 πόθος
791 3498 909 3552 ἐστὶ
938 3498 1034 3552 xal.
1088 3496 1293 3568 σπουδὴ
1323 3497 1550 3569 φορέσαι
1581 3497 1644 3550 τὸ
1678 3498 1849 3565 ἀγγε-

266 3577 422 3646 λίκδν
444 3595 654 3663 σχῆμα.
681 3591 814 3644 Τότε
845 3590 1146 3660 εὐλογήσας
1169 3590 1334 3645 αὑτὸν
1363 3593 1391 3643 6
1413 3588 1848 3661 ἀρχιμανδρίτης

268 3685 532 3755 ἁπέθριξε
587 3683 688 3754 τὴν
739 3683 981 3754 κεφαλὴν
1031 3683 1219 3747 αὑτοῦ,
1269 3681 1517 3746 δεδωκὼς
1574 3680 1725 3752 αὐτῷ
1751 3682 1846 3734 τὸν

272 3775 563 3844 στολισμὸν
593 3774 695 3843 τῆς
720 3774 1025 3844 ἀσκήσεως.
1072 3774 1247 3838 Δὶτδς
1267 3774 1325 3827 δὲ
1367 3773 1507 3845 μετὰ
1538 3771 1849 3843 προθυμίας

268 3868 453 3937 ἤσκει,
485 3866 737 3936 δεόμενος
773 3864 872 3919 τοῦ
904 3864 1044 3919 Θεοῦ
1087 3867 1283 3931 νυκτὸς
1325 3867 1420 3919 καὶ
1452 3865 1669 3938 ἡμέρας
1705 3866 1849 3918 ἀκα-

266 3957 620 4018 ταπαύστως.
676 3956 949 4028 Ἐνῴκησε
1002 3957 1060 4013 δὲ
1116 3960 1174 4011 ὲν
1229 3960 1293 4029 τῇ
1353 3960 1489 4028 μονῇ
1520 3956 1618 4026 ἔτη
1647 3955 1853 4021 ἓξ,καὶ

272 4052 484 4112 πάντας
513 4049 760 4102 ἐδίδασκε
792 4054 917 4111 τοὺς
970 4050 1149 4103 ἐκεῖσε
1185 4048 1366 4112 ὄντας,
1402 4048 1553 4110 ὅπως
1588 4062 1850 4100 ταπεινο-

271 4145 494 4213 φριινεῖν
532 4144 626 4195 καὶ
658 4141 914 4212 εὔχεσθαι
968 4143 1056 4195 τὶν
1117 4141 1250 4195 Θεὸν
1310 4140 1585 4212 μέλλουσι.
1625 4138 1854 4205 Ἔταξεν

268 4236 330 4287 δὲ
364 4234 545 4303 ἑαυτῷ
573 4235 903 4305 ἐγκράτειαν
931 4234 1131 4295 πᾶσαν,
1163 4233 1238 4296 ὡς
1276 4231 1503 4303 μηδενὸς
1531 4230 1699 4285 ἄλλου
1724 4228 1855 4297 γεύο

270 4326 449 4389 εσθαι,
480 4328 530 4379 εί
581 4326 657 4396 μὴ
694 4325 854 4395 μόνον
883 4324 975 4377 τοῦ
1007 4324 1188 4394 τιμίου
1227 4326 1477 4394 σώματος
1503 4324 1602 4377 καὶ
1625 4323 1856 4393 αἳματος

268 4415 367 4469 τοῦ
402 4415 666 4485 Χριστοῦ*
699 4414 843 4468 ὥστε
897 4414 1248 4486 θαυμάζοντα
1295 4415 1386 4468 τὸν
1424 4414 1858 4486 ἀρχιμανδρίτην

269 4506 493 4576 λέγειν,
528 4508 612 4561 ὅτι
663 4507 875 4565 παιδίον
928 4507 1191 4577 ὑπάρχων
1241 4507 1409 4561 πολὺν
1466 4508 1641 4561 κόπον
1678 4506 1858 4579 ἑαυτῷ

270 4599 638 4669 περιέθηκας,
663 4598 853 4669 διόπερ
886 4599 979 4653 καὶ
1008 4599 1069 4652 τδ
1095 4600 1255 4669 σῶμα
1289 4618 1383 4654 σου
1410 4600 1635 4665 ἀσθενὲς
1667 4599 1857 4668 γίγνε-

1951 3411 2116 3465 vitam
2136 3407 2379 3479 profiteri
2399 3408 2563 3475 velit,
2591 3406 2946 3477 quadraginta
2966 3404 3086 3461 dies
3105 3405 3248 3474 apud
3266 3413 3540 3458 monaste-

1949 3502 2089 3554 rium
2117 3506 2356 3565 maneat,
2375 3507 2431 3553 et
2450 3514 2578 3553 cum
2615 3497 3023 3553 exercitationis
3060 3504 3277 3575 nostra;
3297 3496 3538 3563 regulam

1950 3589 2394 3655 consideraverit,
2427 3589 2501 3643 ita
2527 3588 2834 3643 tondeatur.
2871 3588 2953 3642 Ad
2985 3588 3101 3643 haec
3120 3586 3361 3641 Joannes
3387 3602 3402 3640 :
3430 3585 3540 3640 Ob-

1954 3690 2124 3737 testor
2163 3689 2217 3737 te
2246 3696 2345 3751 per
2387 3680 2732 3751 purissimam
2761 3679 3107 3746 Trinitatem,
3155 3689 3213 3734 ut
3248 3679 3407 3733 hodie
3452 3694 3540 3733 me

1955 3776 2203 3837 tondeas,
2253 3773 2508 3843 quoniam
2542 3773 2649 3828 isto
2677 3773 2922 3843 angelico
2951 3772 3140 3827 habitu
3178 3770 3329 3826 indui
3373 3771 3541 3827 vehe-

1956 3873 2169 3920 menter
2202 3864 2364 3934 cupio
2384 3879 2447 3918 ac
2472 3863 2688 3918 studeo.
2719 3860 2872 3917 Tunc
2916 3859 3340 3915 arebimandrita
3372 3875 3541 3928 puero

1959 3955 2034 4010 illi
2067 3954 2368 4018 benedixit,
2401 3968 2635 4022 cumque
2690 3967 2814 4008 eum
2864 3952 3210 4014 totondisset,
3245 3949 3431 4005 habitu
3454 3949 3541 4002 in-

1954 4047 2094 4103 duit.
2144 4046 2265 4117 lpse
2322 4060 2452 4101 vero
2498 4046 2670 4101 multo
2707 4045 2888 4100 studio
2935 4053 2991 4099 et
3026 4044 3194 4098 animi
3238 4041 3538 4108 alacritate,

1956 4140 2334 4197 exercitationi
2415 4139 2732 4195 monasticae
2801 4138 3048 4203 vacabat,
3117 4137 3285 4192 Deum
3362 4137 3541 4205 ipsum

1955 4241 2117 4287 nocte
2156 4241 2213 4286 et
2248 4230 2337 4286 die
2370 4245 2615 4300 precans.
2660 4229 2857 4284 Mansit
2907 4239 3091 4284 autem
3140 4228 3301 4283 annis
3343 4242 3435 4281 sex
3485 4225 3542 4279 in

1957 4324 2289 4379 monasterio
2322 4322 2437 4388 illo,
2459 4331 2516 4378 et
2533 4323 2790 4378 omnibus
2817 4322 2912 4393 qui
2942 4321 3058 4377 illic
3079 4329 3257 4386 erant,
3290 4319 3543 4389 exemplo

1960 4416 2082 4479 fuit,
2116 4430 2226 4484 quo
2253 4424 2411 4485 pacto
2443 4415 2805 4470 humilitatem
2835 4429 3116 4477 exercere,
3139 4427 3205 4467 ac
3250 4410 3422 4465 Deum
3461 4411 3543 4478 ip-

1957 4523 2078 4565 sum
2106 4522 2263 4561 orare
2290 4507 2575 4562 deberent.
2600 4507 2786 4562 Talem
2807 4516 2991 4561 autem
3019 4503 3406 4560 abstinentiam
3436 4501 3539 4555 sibi

1961 4596 2319 4668 praescripsit,
2346 4605 2407 4651 ut
2439 4596 2577 4652 nihil
2604 4596 2751 4651 aliud
2778 4603 3041 4668 gustaret,
3077 4594 3182 4648 nisi
3237 4591 3539 4663 pretiosum

269 4707 366 4744 ται
396 4689 538 4744 ὥστε
573 4689 649 4761 μὴ
685 4689 860 4744 τελεῖν
890 4690 988 4759 τὴν
1019 4693 1098 4753 είς
1127 4691 1261 4746 Θεδν
1297 4691 1609 4761 δοξολογίαν
1628 4709 1640 4721 ·
1671 4691 1847 4764 πολλὴ

1956 4688 2164 4745 Christi
2197 4702 2399 4758 corpus
2436 4694 2491 4743 et
2518 4685 2864 4756 sanguinem,
2908 4684 2981 4738 ita
3022 4692 3083 4738 ut
3116 4678 3539 4738 archimandrita

271 4783 384 4854 γὰρ
411 4783 733 4854 ἐγκράτεια,
774 4784 1036 4853 νηστεῖαι,
1068 4783 1370 4854 ἀγρυπνίαι
1394 4785 1574 4838 ἀτονεῖ
1604 4784 1661 4837 τδ
1685 4782 1851 4852 σῶμα

273 4874 373 4927 καὶ
402 4873 732 4944 διαῃθείρει.

1961 4780 2051 4834 ille
2080 4778 2395 4840 miraretur.
2440 4792 2505 4832 ae
2535 4776 2783 4832 diceret:
2824 4773 2907 4830 Tu
2947 4773 3167 4844 quidem
3206 4770 3385 4828 adhuc
3408 4786 3543 4840 puer

1964 4873 2194 4928 multum
2224 4871 2426 4927 laboris
2470 4871 2566 4926 tibi
2595 4870 2710 4940 ipse
2731 4867 3034 4937 imposuisti
3078 4884 3093 4921 :
3127 4868 3308 4936 itaque
3343 4879 3543 4934 corpus

274 4975 428 5020 tuum
483 4965 808 5019 imbecillius
847 4964 1099 5030 ellieitur,
1130 4980 1292 5034 quam
1334 4973 1395 5019 ut
1439 4965 1637 5021 divina:
1666 4965 1854 5037 gloria:
1886 4964 2189 5019 ministerio
2252 4961 2501 5017 sufﬁcere
2538 4960 2731 5032 possit.
2762 4957 2939 5013 Nimia
2987 4959 3135 5012 enim
3185 4955 3539 5023 abstinentia,

263 5056 537 5129 jejunium
559 5067 612 5112 et
639 5057 832 5127 vigilia:
864 5056 1039 5125 ipsum
1061 5056 1347 5111 debilitant
1374 5066 1428 5111 et
1453 5064 1836 5128 corrumpunt.

342 5145 428 5201 ΗΖ
467 5146 612 5201 Ἰδὼν
659 5147 718 5200 δὲ
752 5149 782 5200 6
811 5146 1104 5218 μισόκαλος
1144 5145 1358 5217 δαίμων
1384 5146 1479 5216 τὴν
1512 5147 1714 5218 πολλὴν
1749 5146 1848 5202 τοῦ

268 5238 485 5294 νεανίου
516 5236 755 5309 σπουδὴν
775 5279 791 5303 ,
824 5236 919 5292 καὶ
947 5239 1038 5290 τὸν
1068 5237 1266 5309 δρόμον
1298 5240 1397 5307 τῆς
1434 5239 1719 5309 ἀσκήσεως
1752 5238 1851 5294 καὶ

270 5325 608 5397 προθέσεως,
646 5326 825 5394 ἐμάνη
858 5324 1063 5397 σφόδρα
1112 5327 1233 5378 κατ’
1271 5325 1460 5380 αὐτοῦ.
1497 5328 1609 5382 Καὶ
1639 5329 1847 5399 ἀγριωο

268 5421 389 5484 Osi;
426 5417 701 5490 μεγάλως,
732 5419 829 5472 καὶ
880 5417 954 5488 μὴ
1003 5418 1303 5488 δυνάμενος
1334 5418 1559 5490 νικῆσαι
1605 5423 1696 5473 τὸν
1721 5438 1847 5489 γεν-

270 5516 425 5567 ναῖον
479 5511 643 5566 αὐτοῦ
696 5512 976 5579 λογισμὸν,
1012 5511 1105 5564 καὶ
1157 5511 1463 5581 ἀποστῆσαι
1512 5515 1610 5584 τῆς
1638 5512 1850 5573 ἐλπίδος

270 5606 366 5660 τοῦ
391 5603 652 5675 Χριστοῦ.
685 5604 991 5674 ἀνάμνησιν
1030 5602 1319 5666 ὑποϐάλλει
1350 5604 1525 5674 αὐτῷ,
1563 5604 1659 5660 καὶ
1688 5605 1857 5659 πόθον

277 5699 456 5767 μέγαν
496 5696 604 5749 τῶν
643 5696 865 5764 γονέων,
898 5695 1039 5747 ὥστε
1059 5696 1253 5761 νυκτὸς
1283 5695 1380 5749 καὶ
1406 5696 1621 5767 ἡμέρας
1653 5698 1856 5750 ὲννοείι

278 5788 408 5856 περὶ
458 5787 660 5847 αὐτῶν,
700 5786 817 5850 πῶς
846 5786 1192 5858 ἐξερχόμενοι
1242 5789 1306 5840 ἐκ
1332 5787 1424 5840 τοῦ
1453 5788 1731 5853 tralaticia,
1758 5806 1832 5842 κει.

274 5881 381 5941 τῶν
413 5866 614 5935 ἶνῦὶων
653 5879 681 5935 ’3
697 5880 978 5951 πηρεπίγι.
1003 5881 1095 5950 τήν
1122 5896 1174 5932 τε
1216 5876 1308 5933 τώ
1344 5878 1458 5951 βίω
1496 5881 1727 5953 ἀπάτηνι
1760 5900 1791 5935 κ
1837 5884 1851 5929 ἶ

2029 5144 2165 5201 Vlll.
2197 5144 2317 5200 Jam
2345 5157 2476 5198 vero
2514 5143 2783 5198 bonarum
2832 5156 3014 5196 rerum
3068 5140 3238 5196 hostis
3267 5140 3540 5208 diabolus,

1957 5252 2082 5292 cum
2117 5234 2481 5292 adolescentis
2511 5234 2656 5288 illius
2694 5231 2934 5288 studium
2966 5232 3227 5296 multum,
3270 5241 3327 5288 et
3369 5234 3541 5289 sancti

1966 5330 2231 5401 propositi
2290 5342 2511 5381 cursum
2560 5325 2832 5381 intentum
2902 5326 3133 5390 videret,
3189 5326 3545 5381 vehementer

1963 5430 2153 5477 contra
2181 5419 2330 5474 illum
2359 5417 2540 5473 furere
2569 5416 2755 5488 erepit.
2782 5417 2840 5472 ιιι
2865 5433 3030 5488 quem
3082 5432 3207 5472 cum
3253 5415 3540 5472 acerbissi~

1965 5529 2050 5567 me
2094 5511 2321 5567 allectus
2358 5517 2527 5573 esset,
2578 5518 2634 5565 et
2673 5524 2995 5582 generosam
3039 5509 3160 5579 ejus
3201 5517 3438 5563 mentem
3483 5513 3542 5560 et

1965 5603 2313 5675 cogitationes
2333 5616 2615 5673 superare,
2634 5610 2690 5656 et
2712 5616 2743 5655 a
2766 5601 2966 5656 Christi
2996 5617 3096 5672 spe
3125 5615 3405 5656 removere
3428 5616 3540 5656 non

1968 5702 2173 5766 posset,
2199 5693 2361 5750 talem
2401 5708 2716 5762 maerorem,
2753 5702 2809 5749 et
2831 5703 3041 5748 tantum
3071 5701 3354 5763 parentum
3399 5691 3540 5747 desi-

1967 5788 2174 5842 derium
2200 5786 2255 5842 in
2286 5786 2405 5857 ejus
2428 5784 2789 5842 adolescentis
2807 5793 3046 5841 mentem
3072 5783 3359 5853 injecit,ut
3375 5792 3535 5837 nocte

1966 5894 2013 5936 et
2070 5879 2156 5935 die
2191 5879 2256 5936 de
2308 5879 2415 5937 illis
2457 5878 2741 5953 cogitaret,
2785 5884 2840 5933 et
2891 5885 3016 5933 ante
3062 5876 3244 5936 oculos
3288 5875 3532 5941 haberet,
