3846 6476
302 374 412 442 5⁸75

1529 377 1812 440 MENSlS
1848 377 2308 443 IANUABIUS.

3470 388 3578 451 576

302 493 509 559 quanto
543 486 804 542 comitatu
850 500 914 540 ac
964 500 1244 541 servorum
1288 484 1595 542 ministerio
1637 498 1891 558 parentes

2020 488 2253 545 ’λυκεῖαν
2298 490 2657 564 ματαιότητα·
2702 492 2778 558 ὡς
2825 495 2889 548 ἐκ
2925 494 3026 566 τῆς
3071 494 3273 569 πολλῆς
3321 503 3575 571 νηστείας

304 571 590 635 uterentur
620 599 632 635 :
663 580 897 650 denique
929 594 1148 633 onmem
1189 582 1314 635 vitae
1336 580 1502 652 hujus
1537 581 1802 637 fallaciam
1826 600 1890 639 ac

303 672 600 727 vanitatem
646 671 983 742 propositam
1022 671 1275 727 habebat.
1324 670 1890 745 ltaquemultisjeju-

306 765 433 832 niis,
473 765 692 837 vigiliis,
733 773 786 820 et
834 765 1002 820 nimio
1044 776 1334 836 parentum
1368 765 1639 823 desiderio
1686 768 1887 823 factum

305 866 411 923 est,
446 868 507 913 ut
546 859 661 929 ejus
683 873 883 929 corpus
918 873 1027 913 non
1058 873 1213 924 caro,
1248 858 1345 913 sed
1376 859 1550 915 instar
1575 859 1783 915 umbrae
1811 869 1891 915 te-

306 966 417 1005 nue
448 950 744 1005 videretur.
770 951 1209 1007 Archimandrita
1249 967 1380 1006 vero
1408 967 1530 1007 cum
1573 953 1890 1008 adolescen-

308 1054 419 1102 tem
444 1050 514 1103 ita
536 1058 888 1104 extenuatum
912 1058 1071 1120 atque
1092 1049 1352 1104 afﬂictum
1384 1049 1629 1115 vidisset,
1663 1062 1724 1104 ut
1747 1051 1893 1120 jam-

302 1140 416 1210 jam
472 1156 503 1196 e
573 1142 713 1196 vivis
746 1158 1070 1198 excessurus
1134 1151 1419 1214 putaretur
1474 1160 1487 1198 :
1543 1143 1741 1199 Annon
1796 1144 1889 1200 tibi

309 1234 442 1296 dixi,
466 1235 664 1305 inquit,
700 1235 770 1289 fili
792 1236 1049 1300 Joannes,
1083 1235 1250 1291 Deum
1285 1236 1462 1307 ipsum
1496 1236 1600 1293 hoc
1633 1245 1840 1292 tantum
1863 1253 1894 1293 a

309 1329 484 1383 servis
527 1330 641 1384 suis
672 1331 968 1399 postulare.
1000 1336 1060 1384 ut
1086 1345 1212 1385 eum
1270 1345 1371 1401 pro
1420 1330 1630 1385 viribus
1670 1329 1894 1385 colant?

311 1416 394 1471 Tu
428 1433 556 1474 vero
590 1436 753 1489 supra
794 1421 937 1475 vires
970 1430 1090 1476 tuas
1132 1421 1231 1476 ista
1279 1421 1672 1477 exercitatione
1710 1429 1894 1486 utens,

1997 585 2089 637 καὶ
2118 585 2448 655 ἀγρυπνίας,
2480 586 2575 640 καὶ
2609 584 2704 640 τοῦ
2737 588 2905 642 πόθου
2939 586 3050 643 τῶν
3080 590 3284 658 γονέων
3338 594 3580 663 ἐκτακῆο

1995 695 2082 732 ναι
2118 677 2280 734 αὐτοῦ
2312 678 2371 732 τδ
2403 679 2565 752 σῶμα
2595 681 2691 736 καὶ
2721 681 2971 750 γίνεσθαι
3000 682 3078 747 ὡς
3104 682 3279 738 σκιαί.
3327 684 3475 739 Ἰδὼν
3509 686 3567 739 δὲ

1995 769 2157 825 αὐτὸν
2191 772 2219 825 6
2264 770 2694 845 ἁρχιμανδρίτης
2726 772 2983 828 τοσοῦτον
3032 773 3579 847 ταλαιπωρούμενον,

1997 862 2189 936 ὥσπερ
2243 864 2404 920 σκιὰν
2443 865 2523 936 τῷ
2570 864 2786 936 θανάτῳ
2822 866 3171 936 ἐγγίζουσαν,
3224 864 3414 921 εἶπεν
3462 869 3581 921 οὐκ

1996 950 2151 1011 είπόν
2178 974 2281 1024 σοι,
2320 958 2531 1024 τέκνον,
2562 960 2644 1013 ὅτι
2677 960 2706 1012 6
2734 958 2866 1025 Θεὸς
2915 960 2986 1013 τὰ
3032 961 3178 1015 κατὰ
3208 960 3439 1031 δύναμιν
3468 961 3581 1014 ἀπὸ

1996 1048 2105 1101 τῶν
2127 1048 2331 1104 δούλων
2361 1048 2527 1104 αὑτοῦ
2567 1050 2824 1118 ἁπαιτεῖ;
2863 1050 2928 1104 σὺ
2968 1048 3024 1103 δὲ
3053 1050 3376 1122 ὑπέρμετρα
3408 1066 3581 1104 σπου-

1997 1141 2165 1205 δάσας
2206 1141 2303 1198 καὶ
2339 1143 2588 1212 ἀσκήσας
2638 1142 2980 1214 κατέστησας
3014 1142 3208 1195 ἐαυτὸν
3244 1142 3437 1196 ἄτονον
3485 1142 3584 1196 καὶ

2002 1237 2128 1308 σκιᾷ
2174 1236 2380 1304 ὅμοιον.
2430 1236 2592 1305 Λέγει
2651 1234 2855 1305 αύτῷὁ
2893 1234 3169 1303 Ἰωάννης
3203 1234 3408 1305 Δέομαί
3461 1251 3581 1297 σου,

1999 1330 2196 1401 πάτερ,
2232 1330 2331 1400 οὐχ
2369 1330 2403 1399 ὴ
2434 1329 2660 1398 νηστεία
2717 1327 2990 1399 δαμάζει,
3033 1327 3170 1381 ἀλλὰ
3212 1327 3268 1379 αἱ
3312 1326 3587 1397 ἁμαρτίαι

2002 1438 2105 1493 μου
2148 1420 2523 1491 παρεμπόδιὸν
2572 1438 2661 1490 μοι
2712 1419 2976 1490 γίνονται.
3024 1420 3173 1489 Ἔχω
3214 1419 3321 1491 γὰρ
3368 1418 3585 1488 ἡμέρας

311 1509 545 1578 teipsum
596 1510 756 1564 nimis
809 1519 1162 1567 extenuatum
1201 1520 1257 1568 et
1297 1512 1552 1583 gracilem
1587 1511 1891 1568 reddidisti.

2020 1512 2201 1576 πολλὰς
2229 1513 2322 1582 ἀφ’
2365 1507 2427 1567 οῦ
2475 1514 2504 1566 6
2536 1512 2727 1582 ἐχθρὸς
2760 1511 2869 1564 τῶν
2906 1511 3109 1574 καλῶν,
3136 1509 3370 1580 δαίμων,
3400 1510 3589 1561 ἐνετάο

309 1598 391 1655 Ad
427 1601 542 1656 haec
571 1602 810 1658 Joannes
844 1622 858 1659 :
888 1604 1060 1672 Scito,
1077 1614 1250 1675 pater,
1287 1620 1397 1659 non
1416 1604 1642 1675 jejuniis
1671 1620 1758 1660 me
1798 1604 1896 1659 do-

2020 1605 2131 1671 ;aEé
2188 1622 2291 1675 μου
2324 1605 2424 1674 τὴν
2467 1604 2645 1674 ψυχὴν
2687 1603 2822 1675 πρὸς
2871 1602 3168 1671 ἐπιθυμίαν
3219 1602 3449 1672 κινήσας
3489 1600 3589 1654 τοῦ

309 1694 468 1757 mari,
501 1695 597 1749 sed
630 1708 852 1765 peccata
890 1712 1009 1753 mea
1042 1697 1490 1768 impedimentum
1516 1695 1647 1751 mihi
1674 1695 1891 1751 aﬂ‘erre.

2021 1701 2129 1754 δεῖν
2160 1700 2285 1765 τοὺς
2303 1702 2482 1768 γονεῖς
2514 1717 2615 1769 μου
2647 1701 2739 1753 καὶ
2766 1697 2857 1751 τὸν
2877 1690 3026 1750 οῐκὸν
3049 1711 3173 1766 μουο
3200 1694 3297 1748 καὶ
3320 1693 3421 1748 οὐκ
3444 1689 3590 1746 οἶδεν

311 1784 495 1841 Multis
520 1789 665 1843 enim
726 1790 923 1846 abhinc
946 1790 1139 1846 diebus
1184 1790 1450 1845 bonarum
1487 1803 1667 1842 rerum
1708 1788 1893 1842 inimi-

2020 1814 2025 1842 ι
2076 1790 2313 1863 πονηρὸς
2357 1784 2513 1855 οὗτος
2545 1792 2626 1843 ὅτι
2676 1790 2770 1844 καὶ
2817 1790 2934 1842 ἐκεῖ
2996 1784 3270 1852 ἀπελθὼν,
3301 1784 3438 1839 Θεοῦ
3473 1804 3583 1855 μου

310 1894 409 1934 cus
435 1879 683 1936 diabolus
711 1898 805 1937 cor
834 1899 1015 1939 meum
1047 1885 1414 1949 conturbavit,
1433 1895 1487 1941 et
1518 1897 1806 1957 parentum
1830 1903 1895 1943 ac

2020 1858 2270 1951 laenae,
2294 1882 2521 1937 καὶτῶν
2555 1882 2729 1951 ἁγίων
2756 1881 2932 1952 εύχῶν
2961 1880 3113 1951 ὑμῶν
3146 1877 3468 1951 βοηθοισῶν,
3498 1878 3591 1935 ἵνα

312 1968 560 2024 videndae
603 1970 823 2026 familiae
863 1990 997 2029 mea:
1035 1975 1365 2030 desiderium
1411 1978 1595 2033 animo
1623 1994 1745 2034 meo
1774 1995 1899 2051 sug»

2020 1976 2121 2039 ὀὓς
2155 1977 2330 2044 γονεῖς
2366 1992 2467 2046 μου
2511 1973 2638 2040 ῖδω;
2677 1974 2907 2044 πατήσω
2941 1972 3104 2026 αὑτὸν
3147 1971 3244 2025 καὶ
3291 1970 3591 2040 ἁνίσχυρον

312 2061 521 2130 gessit:
548 2078 726 2132 neque
754 2066 1000 2136 perditus
1031 2068 1120 2124 bie
1156 2070 1327 2125 hostis
1358 2071 1489 2127 illud
1528 2072 1697 2143 videt,
1732 2073 1895 2142 quod,

2020 2070 2094 2123 :a't
2150 2067 2380 2138 μάταιον
2423 2065 2713 2130 ἀποδείξω.
2743 2065 2908 2133 Λέγει
2969 2062 3119 2135 αὐτῷ
3160 2064 3189 2117 6
3226 2060 3591 2134 ἀρχιμανδρί-

313 2154 425 2210 Deo
459 2172 582 2212 meo
608 2157 844 2224 volente,
877 2169 932 2214 et
955 2161 1151 2215 vestris
1176 2161 1431 2231 precibus
1463 2163 1594 2218 mihi
1624 2163 1899 2234 opitulan-

2020 2176 2120 2231 :q;°
2146 2159 2262 2214 Οὐκ
2291 2155 2444 2213 εἶπόν
2484 2175 2566 2213 σοι
2595 2157 2747 2230 παρὰ
2774 2156 2871 2228 τὴν
2901 2157 3077 2229 ἀρχὴν
3111 2157 3194 2210 ὅτι
3234 2157 3408 2226 μέγας
3440 2155 3592 2207 ἐστὶν

314 2244 483 2308 tibus,
507 2248 758 2317 quamvis
777 2248 845 2303 ad
875 2249 1137 2305 videndos
1159 2262 1416 2322 parentes
1447 2270 1598 2310 meos
1623 2254 1901 2326 profectus

2020 2250 2207 2321 »ἁγὼν
2243 2254 2344 2322 τῆς
2400 2252 2689 2322 ἀσκήσεως
2749 2250 2844 2303 καὶ
2882 2252 2910 2304 6
2969 2249 3138 2311 κόπος
3172 2246 3380 2314 πολύςς
3412 2247 3591 2301 ταῦτα
3678 2266 3698 2277 υ

314 2336 495 2402 fuero,
540 2338 719 2410 ipsum
764 2348 947 2396 tamen
981 2343 1336 2411 conculcabo,
1386 2355 1442 2401 et
1487 2347 1605 2417 ejus
1640 2357 1898 2403 conatum

2020 2345 2172 2400 :lmbv
2197 2346 2294 2400 ml.
2332 2345 2522 2408 παιδὸς
2544 2344 2712 2399 ἓνεκα
2742 2343 3046 2413 δακρύσας,
3086 2343 3383 2413 εὐλόγησεν
3417 2343 3591 2416 αὐτῷ.

313 2430 648 2489 imbecillum
676 2444 840 2506 atque
877 2436 1095 2493 inanem
1135 2453 1255 2494 esse
1279 2448 1584 2495 ostendam.
1622 2439 1760 2496 Tum
1829 2442 1903 2496 illi
1981 2440 2413 2497 archimandrita
2446 2459 2459 2495 :
2492 2438 2705 2507 Nonne,
2755 2440 2954 2511 inquit,
2989 2438 3061 2494 fili
3092 2481 3109 2508 ,
3149 2439 3245 2496 tibi
3285 2439 3420 2505 dixi,
3466 2455 3593 2497 cum

322 2524 558 2591 primum
625 2527 927 2582 monastica
980 2528 1322 2598 professione
1389 2531 1594 2587 initiari
1661 2532 1902 2599 voluisti,
1944 2541 2149 2587 nostra:
2198 2532 2364 2603 hujus
2434 2532 2847 2588 exercitationis
2891 2542 3166 2589 certamen
3192 2548 3474 2605 magnum,
3539 2543 3599 2589 et

315 2614 555 2672 laborem
584 2619 814 2675 multum
849 2636 968 2676 esse
991 2622 1014 2676 ἲ
1035 2621 1300 2679 Ηωοοιιιιι
1324 2626 1572 2691 dixisset,
1591 2636 1648 2680 et
1675 2625 2038 2683 adolescentis
2067 2642 2231 2682 causa
2263 2626 2589 2698 lacrymatus
2617 2636 2782 2693 esset,
2807 2626 2859 2683 ei
2897 2627 3195 2683 benedixit.

392 2708 481 2764 IX.
518 2708 742 2765 Postero
797 2721 981 2768 autem
1010 2713 1098 2770 die
1127 2712 1368 2771 Joannes
1413 2718 1905 2776 archimandritam

317 2802 471 2868 adiit,
528 2819 759 2875 cumque
810 2806 879 2861 ad
936 2806 1056 2876 ejus
1092 2807 1258 2877 pedes
1289 2824 1350 2865 se
1386 2810 1677 2880 abjecisset
1726 2811 1906 2881 ipsum

318 2898 546 2969 rogavit,
612 2914 681 2954 ne
707 2900 807 2954 sibi
868 2910 1239 2965 succenseret,
1320 2902 1416 2958 sed
1485 2919 1583 2973 pro
1628 2920 1686 2958 sc
1734 2904 1905 2959 Deum

319 3000 659 3061 precaretur,
692 3001 749 3046 et
770 2994 1096 3049 concederet
1125 2994 1297 3060 abire,
1329 3004 1382 3048 et
1419 3004 1673 3067 parentes
1699 2995 1904 3060 videre,

320 3099 494 3152 caque
529 3086 738 3139 ratione
786 3086 1086 3150 diabolum,
1133 3087 1359 3142 Domino
1412 3087 1726 3156 adjuvante,
1774 3105 1906 3143 con-

321 3178 558 3233 Calcare.
596 3178 1035 3233 Archimandrita
1090 3194 1221 3252 cum,
1271 3194 1463 3235 omnes
1516 3180 1743 3242 fratres.
1814 3181 1907 3251 qui

2086 2716 2163 2775 ϐ’.
2202 2720 2279 2789 Τῇ
2303 2720 2359 2773 δέ
2389 2718 2650 2789 ἐπαύριον
2670 2703 2916 2781 αναστὰς
2945 2719 2974 2771 6
2995 2718 3252 2790 Ἰωάννης
3281 2714 3413 2790 ἦλθε
3454 2720 3597 2791 πρὸς

2013 2814 2105 2866 τὸν
2139 2812 2594 2885 ἁρχιμανδρίτην,
2631 2812 2724 2865 καὶ
2763 2810 2926 2865 ἔπεσε
2957 2813 3095 2882 πρὸς
3135 2813 3262 2876 τοὺς
3291 2813 3459 2877 πόδας
3498 2815 3599 2868 αύ-

2013 2904 2109 2959 τοῦ
2169 2905 2443 2976 δεόμενος,
2496 2904 2572 2977 μὴ
2603 2904 2928 2975 ὀργισθῆναι
2976 2903 3148 2975 αὐτῷ,
3189 2904 3305 2960 ἀλλ’
3336 2904 3597 2977 εὔχεσθαι

2014 2997 2181 3050 αὐτοῦ
2216 2996 2311 3050 καὶ
2348 2996 2642 3066 ἐπιτρέψαι
2694 2996 2953 3051 ἀπελθεῖν
3004 2998 3098 3051 καὶ
3155 2997 3432 3068 θεωρῆσαι
3471 3000 3599 3063 τοὺς

2015 3091 2191 3157 γονεῖς
2212 3088 2402 3153 αὑτοῦ,
2429 3090 2525 3142 καὶ
2546 3088 2743 3154 οὕτως,
2759 3088 2896 3142 Θεοῦ
2921 3089 3331 3162 συνεργοῦντος,
3352 3091 3600 3161 πατῆσαι

2015 3181 2107 3232 τὸν
2139 3181 2546 3252 ἀντικείμενον.
2578 3182 2689 3235 Καὶ
2716 3179 3078 3253 συναθροίσας
3104 3183 3134 3235 6
3162 3182 3598 3254 ἀρχιμανδρίτης

326 3271 562 3325 erantin
598 3271 935 3326 monasterio
970 3273 1083 3340 illo,
1137 3248 1537 3344 congregasset,
1578 3282 1634 3328 et
1692 3248 1910 3331 atten—tis

2020 3274 2265 3339 ἅπαντας
2298 3248 2426 3339 τοῦς
2461 3278 2518 3331 ἐν
2570 3277 2637 3346 τῇ
2693 3278 2830 3345 μονῇ
2862 3248 3148 3345 ἀδελφοὺς,
3200 3248 3306 3330 καὶ
3357 3248 3599 3348 ποιήσας

324 3363 581 3434 precibus
610 3379 710 3433 pro
750 3364 1097 3420 adolescente
1117 3365 1212 3421 illo
1267 3365 1438 3421 Deum
1469 3365 1754 3434 oravisset,
1786 3383 1913 3424 cum

322 3457 528 3529 gemitu
556 3468 613 3512 et
636 3458 927 3528 lacrymis:
966 3456 1137 3525 Vade,
1204 3458 1403 3529 inquit,
1446 3457 1541 3524 fili,
1579 3460 1637 3515 in
1689 3462 1914 3516 nomine

324 3549 525 3618 Patris,
550 3561 607 3608 et
653 3552 795 3617 Filii,
842 3560 896 3606 et
949 3551 1183 3622 Spiritus
1228 3553 1426 3616 sancti,
1472 3560 1526 3607 et
1563 3561 1739 3609 tecum
1808 3570 1914 3609 una

328 3647 641 3702 venientem
670 3646 875 3700 habeas
906 3645 1192 3699 Dominum
1212 3644 1397 3700 Jesunt
1422 3644 1720 3711 Christum,
1746 3646 1837 3715 qui
1864 3656 1915 3701 te

329 3740 492 3793 ducat
534 3738 588 3795 in
616 3738 701 3795 via
740 3740 865 3802 ista,
898 3747 1061 3807 prout
1130 3738 1246 3807 ipse
1312 3738 1444 3791 vult.
1502 3737 1745 3793 Joannes
1785 3754 1915 3794 vero

331 3848 457 3887 cum
495 3847 526 3886 e
573 3840 716 3885 terra
749 3831 1123 3897 surrexisset,
1158 3831 1353 3887 fratres
1395 3847 1586 3887 omnes
1637 3832 1910 3897 obeundo,

331 3925 563 3994 genibus
590 3923 762 3987 flexis,
797 3924 953 3993 petiit
979 3938 1008 3977 a
1033 3924 1283 3993 singulis,
1315 3933 1373 3979 ut
1394 3924 1637 3980 extensis
1663 3924 1915 3980 manibus

332 4017 407 4071 illi
445 4015 870 4070 benedicerent:
906 4025 961 4070 et
992 4016 1065 4070 ita
1094 4031 1191 4070 eos
1222 4016 1467 4070 salutans
1496 4031 1507 4068 :
1543 4014 1688 4071 Salvi
1718 4025 1913 4079 estote,

332 4108 531 4178 inquit,
547 4124 744 4163 omnes
763 4119 945 4180 patres
966 4118 1022 4163 et
1042 4107 1254 4164 fratres:
1289 4109 1437 4163 salva
1461 4117 1604 4174 esto,
1631 4108 1918 4163 laudabilis

329 4210 389 4256 et
418 4209 606 4256 sancta
664 4202 920 4268 societas,
983 4217 1105 4271 quae
1153 4216 1240 4256 me
1265 4200 1407 4256 bene
1455 4201 1743 4271 suscepisti
1775 4218 1787 4254 :
1816 4216 1917 4272 ego

330 4294 562 4349 omnino
607 4302 789 4349 vestro
846 4303 992 4349 tecto
1020 4293 1275 4365 indignus
1310 4308 1452 4347 sum.

409 4386 478 4441 Χ.
510 4387 646 4441 Cum
677 4387 843 4459 igitur
869 4402 900 4442 a
940 4387 1147 4442 sanctis
1191 4387 1299 4442 illis
1328 4386 1580 4441 Patribus
1628 4386 1740 4442 Deo
1766 4402 1917 4442 com-

333 4479 624 4549 mendatus
652 4488 817 4546 esset,
866 4479 997 4535 exiit
1033 4494 1065 4534 e
1098 4478 1430 4534 monasterio
1472 4479 1585 4547 illo,
1624 4487 1682 4535 et
1708 4480 1777 4535 ah
1797 4479 1919 4551 ejus

2014 3366 2200 3437 δέησιν
2227 3366 2424 3435 ἐκτενῆ
2461 3366 2597 3436 πρὸς
2632 3366 2724 3420 τὸν
2754 3366 2887 3420 Θεὸν
2919 3366 3063 3439 ὑπὲρ
3090 3366 3188 3420 τοῦ
3223 3367 3413 3430 παιδὸς
3455 3369 3602 3436 μετὰ

2015 3448 2267 3533 δακρύων
2316 3461 2409 3513 καὶ
2454 3457 2799 3530 στεναγμῶν,
2850 3458 3035 3527 λέγει*
3081 3458 3349 3530 Πορεύου,
3404 3460 3602 3514 τέκνον

2020 3571 2144 3624 μου,
2168 3552 2225 3606 ἐν
2249 3551 2327 3622 τῷ
2342 3551 2566 3621 ὀνόματι
2593 3549 2687 3604 τοῦ
2710 3549 2942 3622 Πατρὸς,
2963 3550 3062 3604 καὶ
3077 3547 3169 3603 τοῦ
3202 3549 3359 3614 Υίοῦ,
3378 3551 3474 3604 καὶ
3502 3551 3601 3604 το⁴ῦ

2020 3645 2334 3715 Πνεύματος
2362 3645 2542 3714 ἁγίου,
2588 3645 2684 3698 καὶ
2710 3644 2799 3713 ἔχε
2827 3641 3311 3712 συμπορευὸμενον
3350 3641 3443 3695 τὸν
3484 3642 3602 3695 Κύ-

2020 3756 2136 3811 ριον
2169 3739 2326 3809 ἡμῶν
2347 3739 2557 3810 Ἰησοῦν
2589 3738 2826 3809 Χριστὸν
2870 3734 3171 3806 ὁδηγοῦντά
3212 3752 3269 3788 σε
3312 3735 3393 3799 είς
3428 3734 3489 3787 τὸ
3516 3734 3605 3788 θέ-

2018 3830 2169 3901 λημα
2203 3829 2391 3884 αὐτοῦ.
2420 3830 2676 3901 Ἰωάννης
2705 3829 2763 3883 δὲ
2794 3830 3055 3891 ἀναστὰς,
3088 3829 3182 3880 καὶ
3212 3826 3605 3898 περιπατήσας

2020 3925 2234 3987 πάντας
2282 3924 2411 3988 τοὺς
2466 3923 2736 3991 ἀδελφοὺς
2759 3963 2774 3989 ,
2823 3923 3027 3991 γόνατά
3052 3940 3111 3976 τε
3143 3921 3365 3992 κάμψας
3396 3921 3604 3993 ⁴ᾔτησεν

2021 4016 2111 4071 ἵνα
2135 4015 2403 4086 εὐλογηθῇ
2432 4016 2562 4086 παρ’
2595 4014 2798 4079 αὐτῶν,
2829 4015 2925 4068 καὶ
2951 4010 3074 4068 εἷπε
3092 4029 3105 4042 ·
3131 4013 3407 4077 Σώζεσθε,
3442 4016 3606 4069 πατὲο

2023 4125 2115 4178 ρες
2145 4108 2240 4162 καὶ
2271 4107 2513 4177 ἀδελφοὶ,
2557 4108 2653 4161 καὶ
2697 4106 3041 4177 εὐλογημένη
3074 4109 3108 4177 ἡ
3139 4106 3272 4174 ἁγία
3298 4108 3537 4173 συνοδία,
3572 4111 3604 4179 ὴ

2024 4198 2092 4269 μὲ
2139 4198 2322 4262 καλῶς
2376 4196 2837 4270 ἀναθρεψαμένηο
2874 4197 2986 4267 ἐγὼ
3029 4198 3087 4252 δὲ
3126 4198 3349 4263 ἀνάξιος
3396 4194 3465 4267 ἦν
3506 4200 3604 4269 τῆς

2022 4292 2176 4362 ὑμῶν
2210 4291 2502 4361 ὑποδοχῆς.

2092 4384 2149 4441 I'.
2192 4387 2301 4439 Καὶ
2342 4387 2517 4449 οὕτως
2560 4384 2668 4439 ὑπὸ
2711 4384 2822 4439 τῶν
2878 4383 3050 4453 ἁγίων
3088 4382 3313 4437 ἐκείνων
3344 4383 3607 4453 Πατέρων

2022 4476 2410 4549 παραθέμενος
2433 4476 2513 4549 τῷ
2537 4473 2730 4547 Κυρίῳ
2752 4474 2943 4547 ἐξῆλθε
2968 4473 3063 4529 τοῦ
3094 4474 3487 4545 μοναστηρίου,
3510 4475 3606 4528 καὶ

330 4574 497 4644 janua
544 4575 758 4646 longius
801 4588 1156 4645 progressus,
1190 4590 1250 4628 se
1291 4583 1644 4640 convertens,
1685 4582 1740 4629 et
1791 4589 1910 4628 san-

2028 4570 2241 4642 μακρὸν
2298 4568 2509 4623 ἐκεῖθεν
2562 4567 2810 4638 προϐὰς,
2864 4568 3129 4640 στραφεὶς
3173 4568 3269 4622 καὶ
3330 4566 3461 4622 ίδὼν
3505 4566 3607 4637 τὴν

335 4679 484 4723 ctum
542 4668 936 4723 monasterium
967 4666 1261 4737 aspiciens,
1300 4667 1513 4721 tristem
1547 4676 1712 4737 atque
1766 4682 1919 4721 acer-

340 4760 472 4815 bum
523 4760 784 4832 gemitum
845 4758 1049 4821 emisit,
1106 4767 1163 4812 et
1222 4756 1375 4810 ﬂexis
1437 4758 1687 4828 genibus,
1750 4757 1919 4812 Deum

336 4853 515 4922 ipsum
564 4852 645 4907 sic
680 4850 875 4916 oravit,
928 4858 988 4903 ut
1024 4848 1142 4918 ejus
1197 4847 1448 4918 lacrymze
1503 4848 1557 4901 in
1592 4856 1791 4903 terram
1821 4849 1920 4903 de—

333 4943 614 5010 ﬂuxerint,
675 4952 838 5011 atque
905 4942 975 4995 ita
1067 4940 1356 4995 finitimam
1428 4939 1573 4994 illam
1642 4942 1921 5012 regionem

334 5037 611 5096 salutavit.
641 5046 697 5091 et
745 5038 1007 5107 lacrymas
1040 5047 1150 5091 non
1182 5034 1573 5103 intermittens,
1636 5034 1914 5101 discessit,

335 5131 550 5200 iterque
602 5146 760 5185 suum
814 5128 964 5185 fecit.
993 5128 1128 5185 Cum
1175 5144 1306 5185 vero
1371 5129 1659 5185 dimidium
1713 5129 1924 5186 itineris

338 5223 687 5288 confecisset,
715 5223 851 5279 vidit
876 5224 1095 5294 inopem
1121 5223 1410 5294 quemdam
1441 5223 1717 5280 hominem
1745 5225 1923 5281 lacera

337 5329 492 5375 veste
532 5318 806 5382 indutum,
872 5318 960 5373 cui
983 5320 1164 5374 dixit:
1225 5316 1405 5382 Salve,
1473 5319 1662 5381 frater,
1713 5329 1765 5375 et
1821 5322 1923 5376 via:

347 5426 555 5467 comes.
586 5410 667 5465 Au
701 5410 897 5481 placet,
954 5420 1013 5466 ut
1042 5426 1149 5465 una
1177 5411 1282 5464 iter
1335 5409 1637 5465 faciamus?
1671 5410 1920 5478 Maxime,

341 5502 522 5575 inquit
558 5502 668 5567 ille,
722 5512 934 5575 gratum
984 5502 1116 5556 mibi
1167 5502 1273 5556 hoc
1300 5510 1403 5556 est.
1443 5502 1580 5557 Cum
1645 5517 1774 5557 vero
1817 5519 1923 5557 una

341 5597 449 5655 iter
477 5598 740 5663 facerent,
767 5598 1006 5654 Joannes
1035 5598 1148 5651 ait:
1185 5597 1354 5652 Video
1384 5606 1458 5664 te,
1492 5596 1687 5662 frater,
1718 5604 1924 5651 vestem

343 5698 457 5746 tam
509 5691 746 5748 laceram
796 5690 1023 5755 habere,
1053 5697 1112 5746 ut
1160 5689 1310 5743 illam
1345 5687 1489 5743 ferre
1550 5704 1664 5743 non
1725 5688 1923 5757 possis;

347 5790 405 5839 lc
457 5783 622 5855 igitur
681 5799 831 5855 rogo,
881 5790 939 5837 ut
975 5792 1124 5838 veste
1167 5781 1266 5837 ista
1310 5791 1367 5837 te
1417 5796 1599 5845 exuas,
1635 5791 1684 5835 et
1752 5796 1925 5835 meant

344 5877 530 5948 capias
565 5895 576 5931 :
613 5894 712 5947 ego
759 5886 939 5933 autem
993 5886 1079 5932 tua
1113 5892 1198 5933 mc
1264 5877 1506 5932 induam.
1564 5876 1809 5946 Cumque
1864 5876 1927 5930 ad

2028 4664 2191 4734 ἁγίαν
2242 4664 2410 4736 μονὴν
2458 4662 2693 4717 ἔκλαυσε
2722 4662 2962 4732 πικρῶς.
2993 4660 3089 4715 καί⁵
3134 4660 3250 4725 θεὶς
3287 4661 3357 4715 τὰ
3400 4660 3606 4729 γόνατα

2024 4757 2118 4812 ἐπὶ
2148 4758 2247 4829 τὴν
2275 4758 2400 4828 γῆν,
2436 4757 2534 4810 καὶ
2568 4754 3010 4826 προσευξάμενος
3045 4753 3306 4808 ἔκλαυσεν
3330 4753 3566 4808 ἐπιπολύ
3585 4765 3601 4781 '

2026 4853 2121 4905 καὶ
2136 4850 2311 4914 οὕτως
2331 4848 2572 4913 ἀναστὰς
2594 4849 2889 4919 ἐπορεύετο
2915 4847 3121 4901 κλαίων
3138 4846 3605 4913 ἀκαταπαύστως,

2028 4945 2123 5000 καὶ
2149 4942 2248 5014 τὴν
2276 4941 2395 4996 ὁδὸν
2421 4941 2591 4996 αὐτοῦ
2623 4941 2873 5011 ἐποίησε.
2913 4938 3000 5003 Ὠς
3019 4938 3077 4992 δὲ
3108 4935 3273 5011 ἦλθεν
3301 4940 3605 5012 ὁδοιπορῶν

2026 5039 2125 5109 τὴν
2176 5036 2438 5107 ἡμίσειαν
2484 5033 2626 5100 ὁδὸν,
2691 5024 2822 5105 εῦρέ
2888 5047 3011 5085 τινα
3067 5030 3283 5101 πτωχὸν
3334 5031 3607 5102 φοροῦντα

2024 5123 2363 5203 διερρωγότα
2424 5129 2652 5199 ἱμάτια,
2726 5125 2826 5182 καὶ
2877 5124 3028 5195 λέγει
3079 5124 3227 5196 αὐτῷ
3259 5141 3275 5157 ο
3336 5126 3605 5197 Χαίροις,

2026 5224 2223 5295 ἁδελφέ
2252 5225 2348 5278 καὶ
2378 5220 2752 5292 συνοδοιπόρε,
2789 5218 2886 5273 καὶ
2911 5258 2926 5285 ,
2955 5219 3006 5272 εί
3037 5216 3218 5291 θέλῃς,
3245 5218 3611 5291 πρευθῶμεν

2026 5318 2163 5391 ὁμοῦ
2186 5317 2286 5389 τὴν
2307 5314 2642 5386 ὁδοιπορίαν.
2664 5312 2776 5366 Kal.
2802 5310 3077 5381 ἀπεκρίθη
3103 5310 3133 5363 6
3160 5310 3409 5380 πτωχόςο
3430 5312 3610 5385 Χάριν

2028 5413 2137 5481 ἐχω
2165 5412 2224 5464 ἐν
2256 5406 2435 5477 τούτῳ
2464 5405 2687 5476 πολλήν.
2724 5402 3055 5458 Ὀδευόντων
3078 5400 3137 5455 δέ
3163 5400 3367 5465 αὐτῶν,
3397 5400 3553 5471 λέγει
3579 5401 3611 5454 6

2042 5504 2296 5572 Ἰωάννης
2315 5516 2331 5533 ο
2377 5497 2522 5570 Ὀρῶ
2547 5514 2630 5563 σε,
2659 5495 2880 5566 ἀδελφὴ
2914 5493 3344 5564 κατεστιγμένον
3359 5493 3494 5549 ὄντα
3516 5496 3612 5549 καὶ

2033 5598 2109 5667 μὴ
2146 5596 2444 5665 δυνάμενον
2466 5590 2757 5665 βαστάζειν
2778 5588 2850 5644 τὰ
2883 5588 3250 5659 περικείμενὰ
3278 5603 3362 5641 σοι
3390 5590 3608 5658 ἱμάτια*

2030 5688 2168 5742 ἀλλὰ
2203 5685 2636 5756 ἀποδυσάμενος,
2668 5682 2799 5737 λάϐε
2833 5681 2932 5751 τὴν
2963 5680 3105 5751 ἐμὴν
3136 5679 3358 5750 ἐσθῆτα,
3390 5680 3608 5752 δέομαι,

2032 5782 2127 5835 καὶ
2182 5777 2295 5848 ἐγὼ
2352 5777 2645 5847 ἐνδύσομαι
2678 5775 2746 5828 τὰ
2791 5773 2858 5827 σὰ
2904 5773 3117 5844 ἱμάτια.
3153 5772 3262 5826 Καὶ
3286 5771 3610 5863 ὁδεύσαντες

2035 5874 2125 5929 ἐπὶ
2174 5872 2357 5930 ἱκανὸν
2392 5869 2575 5938 τόπον,
2610 5869 2703 5923 καὶ
2741 5865 3131 5939 συνταξάμενοι
3165 5866 3436 5939 ἀλλήλοις,
3482 5883 3608 5920 συν-
