3846 6460
263 431 368 494 577

1357 424 1531 485 VITA
1565 422 1623 482 S.
1658 419 1980 483 JOANNIS
2013 417 2420 478 CALYBlT/E.
2484 446 2492 454 κ

3411 421 3523 487 57:3

260 543 543 614 εχώρησεν
570 536 801 597 ἕκαστος
836 532 938 605 τὴν
987 531 1108 586 ὁδὸν
1157 532 1347 589 αὑτοῦ.
1393 534 1453 587 Ὀ
1494 532 1551 587 δὲ
1577 532 1833 600 Ἰωάννης

1957 542 2115 582 ocum
2162 526 2449 597 quemdam
2506 524 2803 594 venissent,
2858 525 3096 583 vicissim
3124 541 3182 583 se
3206 527 3523 590 salutantes.

264 633 566 701 ὲλθὼν,καὶ
591 633 689 701 τὴν
706 629 883 684 οἰκίαν
906 628 1017 683 τῶν
1035 625 1236 696 γονέων
1259 622 1425 679 αὑτοῦ
1446 621 1589 687 ἰδὼν,
1611 619 1835 693 ἔρριψεν

267 726 458 781 ἑαυτὸν
505 724 598 777 ἐπὶ
635 722 735 794 τὴν
775 721 901 791 γῆν,
963 718 1056 772 xal
1104 714 1452 787 προσηύξατο
1487 712 1662 780 λέγων
1701 711 1837 783 πρὸς

262 820 509 892 Κύριον·
553 815 725 886 Κύριε
766 812 944 883 Ἰησοῦ
984 809 1232 882 Χριστὲ,
1288 808 1364 881 μὴ
1410 807 1685 880 ἀπολίπῃς
1743 822 1833 875 με.

269 913 375 967 Kal
404 914 463 966 ὲν
495 911 706 981 ἑσπέρᾳ
739 908 930 982 βαθείᾳ
971 906 1226 962 εἰσελθὼν
1255 907 1314 959 ὲν
1356 903 1435 976 τῷ
1463 904 1598 974 οἴκῳ
1644 899 1836 963 αὑτοῦ,

268 1004 431 1058 πάλιν
479 1004 574 1057 ἐπὶ
615 1001 714 1072 τῆς
740 1002 843 1071 γῆς
880 999 1129 1073 κείμενος
1163 998 1259 1053 xal
1283 996 1535 1069 δακρύων
1575 994 1710 1066 πρὸς
1747 993 1839 1046 τὸν

267 1096 401 1150 Θεὸν
430 1094 618 1164 ἔλεγεν
639 1111 652 1125 ·
683 1094 860 1165 Κύριε
881 1091 1058 1164 Ἰησοῦ
1078 1091 1303 1163 Χριστὲ,
1321 1089 1430 1143 ἰδοὺ
1459 1088 1552 1142 καὶ
1580 1086 1669 1140 τὸν
1691 1081 1840 1140 οἶκον

279 1188 375 1241 τῶν
407 1188 613 1258 γονέων
644 1204 746 1257 μου
772 1186 977 1251 έδειξάς
1001 1203 1113 1256 μοι,
1133 1185 1230 1239 καὶ
1256 1182 1349 1237 τοῦ
1374 1180 1715 1254 χαρίσματός
1744 1195 1838 1232 σου

272 1282 349 1353 μὴ
378 1280 621 1341 έκπέσω.
674 1279 809 1335 ἀλλὰ
853 1278 943 1342 δός
995 1294 1086 1349 μοι
1133 1275 1224 1330 ἵνα
1252 1275 1475 1337 τελείως
1504 1273 1713 1345 νικήσω
1748 1272 1841 1326 τὸν

265 1369 537 1436 διάϐολον,
573 1372 667 1425 καὶ
718 1369 777 1423 ὲν
806 1368 885 1441 τῷ
928 1368 1065 1440 οίκφ
1118 1367 1295 1438 τούτῳ
1345 1365 1603 1420 ἀποθάνω
1634 1363 1838 1430 καλῶς,

273 1464 412 1535 μήτε
465 1461 635 1533 ἐάσῃς
671 1479 738 1534 με
788 1461 990 1533 μᾶλλον
1039 1457 1419 1533 πειρισθῆναι.
1457 1458 1568 1512 Kal
1624 1455 1842 1527 ἔμεινεν

268 1558 388 1609 ἐκεῖ
421 1555 603 1622 πάσης
632 1553 794 1625 τῆσδε
827 1552 1040 1617 νυκτός.

337 1818 447 1871 IA'.
487 1818 656 1871 Ὅταν
683 1815 740 1870 δὲ
770 1814 988 1885 ἐγένετο
1013 1814 1046 1885 ή
1078 1812 1263 1886 ἡμέρα
1285 1851 1302 1878 ,
1332 1809 1589 1881 συνοίχθη
1621 1811 1654 1878 ή
1697 1807 1843 1878 πύλη

1940 620 2131 691 singuli
2149 619 2286 674 viam
2305 631 2460 673 suam
2477 618 2715 690 aggressi
2739 627 2887 673 sunt.
2907 618 3044 674 Cum
3061 633 3195 676 vero
3208 618 3447 676 Joannes
3462 637 3529 678 eo

1938 710 2199 774 venisset,
2240 708 2386 764 unde
2411 715 2698 778 parentum
2748 723 2970 763 suorum
3000 708 3172 763 aedem
3218 722 3250 763 e
3303 710 3528 778 regione

1938 801 2323 873 prospiciebat,
2377 800 2619 871 seipsum
2664 802 2721 855 in
2753 810 2953 861 terram
2992 801 3212 870 dejecit,
3255 809 3312 857 et
3351 800 3526 857 Deum

1941 895 2016 950 ita
2059 894 2403 966 precabatur:
2439 892 2670 947 Domine
2711 892 2844 948 Jesu
2894 892 3130 956 Christe,
3163 909 3235 948 ne
3287 894 3528 948 derelin-

1939 990 2078 1056 quas
2118 1000 2227 1041 me.
2273 984 2522 1056 Cumque
2559 984 2629 1039 ad
2676 984 2903 1039 multam
2947 994 3167 1040 noctem
3235 995 3527 1055 parentum

1943 1092 2169 1133 suorum
2193 1077 2418 1148 januam
2467 1076 2714 1143 adiisset,
2750 1092 2943 1132 rursus
2971 1076 3027 1130 iu
3055 1085 3256 1131 terram
3286 1087 3533 1147 prostra-

1942 1177 2033 1225 tus
2075 1174 2139 1227 ac
2198 1170 2415 1242 lugens,
2467 1170 2639 1231 Deum
2694 1170 2770 1226 ita
2835 1179 3091 1241 precatus
3144 1178 3269 1225 est:
3301 1170 3531 1225 Domine

1939 1260 2073 1317 Jesu
2100 1262 2337 1328 Christe,
2365 1276 2435 1317 en
2466 1270 2757 1333 parentum
2800 1276 3048 1316 meorum
3094 1261 3309 1326 domus,
3366 1278 3530 1331 quam

1940 1354 2074 1409 mihi
2123 1354 2414 1410 ostendisti
2453 1371 2468 1409 :
2502 1355 2597 1410 sed
2635 1369 2707 1409 ne
2735 1369 2765 1408 a
2798 1352 2970 1424 gratia
3027 1361 3121 1407 tua
3163 1353 3433 1417 decidam,
3463 1353 3533 1407 da

1941 1445 2101 1510 mihi,
2131 1462 2340 1517 quaso,
2373 1454 2433 1501 ut
2464 1454 2719 1516 superato
2749 1446 2984 1512 diabolo,
3017 1445 3124 1501 hoc
3155 1444 3213 1500 in
3241 1444 3363 1500 loco
3390 1445 3532 1500 bene

1943 1536 2207 1605 moriens,
2237 1554 2349 1594 non
2395 1539 2628 1608 amplius
2677 1538 3036 1594 tentationem
3069 1537 3304 1610 aliquam
3330 1536 3529 1608 patiar.

1944 1627 2143 1686 Mansit
2185 1631 2370 1702 itaque
2396 1631 2510 1687 illic
2544 1640 2656 1687 tota
2685 1641 2845 1687 nocte
2886 1631 3002 1691 illa.

2017 1828 2106 1886 XI.
2136 1829 2208 1886 Ut
2258 1845 2388 1885 vero
2450 1831 2567 1886 dies
2610 1829 2808 1895 illuxit,
2869 1829 2987 1885 atrii
3041 1827 3189 1885 fores
3248 1829 3531 1900 patefactae

264 1909 363 1964 τοῦ
402 1910 576 1971 οῗκου,
621 1909 696 1973 ὡς
726 1904 796 1981 ἦν
828 1906 1108 1978 συνήθεια,
1133 1907 1222 1960 ἵνα
1246 1905 1296 1959 οἱ
1328 1902 1492 1958 αὑτοῦ
1533 1904 1709 1971 γονεῖς
1748 1899 1840 1954 ἐπὶ

1952 1928 2092 1988 sunt,
2118 1930 2180 1976 ut
2207 1921 2476 1985 solebant,
2505 1937 2571 1977 eo
2595 1922 2738 1991 quod
2767 1921 2887 1990 ejus
2925 1931 3178 1990 parentes
3209 1896 3369 1991 paulo
3404 1930 3533 1991 post

265 1999 451 2069 ὀλίγον
476 2000 754 2067 ἐξέλθωσι.
787 2000 899 2055 Kal
926 1999 1146 2070 ἐξῆλθεν
1180 2002 1209 2053 6
1239 1999 1331 2054 ἐπὶ
1376 1999 1474 2068 τῆς
1503 1994 1701 2059 οἰκίας,
1742 1994 1838 2049 καὶ

268 2093 460 2164 βλέπει
496 2094 660 2148 αὑτὸν
692 2094 943 2165 κείμενον
976 2095 1071 2148 καὶ
1108 2092 1457 2165 διερῤηγόσιν
1485 2090 1724 2160 ἱματίοις
1753 2090 1839 2141 ὲν-

263 2186 577 2256 δεδυμένον,
605 2185 701 2238 καὶ
728 2184 880 2254 λέγει
912 2184 1062 2255 αύτῷ
1082 2201 1097 2216 ·
1124 2184 1224 2247 Τίς
1248 2178 1301 2237 εἴ
1327 2182 1415 2247 σὺ,
1440 2181 1719 2253 ἄνθρωπε,
1741 2178 1839 2232 καὶ

266 2274 473 2339 adflata;
504 2275 599 2327 καὶ
634 2273 773 2337 πῶς,
816 2273 1060 2337 τοιοῦτος
1086 2273 1369 2344 ὑπάρχων,
1400 2271 1709 2342 ἐτόλμησας
1749 2270 1840 2321 ἐν·

265 2364 446 2419 ταῦθα
473 2364 824 2435 προσελθεῖν;
856 2365 993 2420 ἀλλὰ
1018 2365 1108 2428 δὸς
1134 2363 1322 2430 τόπον,
1346 2364 1430 2417 ὅτι
1457 2363 1507 2416 οἱ
1531 2362 1713 2434 κύριοί
1738 2381 1839 2432 μου

269 2457 561 2529 προελθεῖν
606 2457 880 2528 μέλλουσι.
953 2458 1116 2526 Λέγει
1155 2456 1303 2528 αὑτῷ
1346 2458 1375 2510 6
1401 2456 1687 2528 Ἰωάννης·
1716 2456 1843 2508 Δέο-

274 2550 375 2619 μαί
402 2565 520 2613 σου,
548 2549 757 2621 Κύριε,
777 2549 1003 2621 ποίησον
1044 2549 1161 2621 μετ’
1194 2548 1327 2621 ἐμοῦ
1359 2549 1530 2616 ἕλεος,
1556 2549 1841 2620 ἄνθρωπος

268 2642 380 2710 γὰρ
433 2641 648 2711 πτωχός
682 2643 821 2711 εἰμι.
855 2641 1054 2695 Ἔασῦν
1090 2658 1159 2712 με
1218 2643 1276 2695 ὲν
1330 2645 1403 2713 τῇ
1443 2641 1616 2714 γωνίᾳ
1670 2641 1844 2713 ταύτῃ

269 2732 510 2793 κεῖσθαι,
545 2731 710 2803 μηδὲν
743 2731 879 2802 ἐμοῦ
907 2732 1240 2799 ἀδικοῦντος,
1271 2733 1366 2787 καὶ
1406 2732 1500 2787 τοῦ
1528 2733 1713 2797 ἐλέους
1753 2750 1845 2804 μι-

272 2825 400 2878 σθδν
431 2824 594 2888 αὐτὸς
624 2828 653 2878 6
679 2824 810 2889 Θεὸς
837 2826 1020 2894 δώσει,
1044 2828 1093 2881 εί
1119 2828 1188 2899 μὲ
1217 2829 1425 2899 πένητα
1456 2827 1550 2880 ἐπὶ
1579 2827 1672 2881 τοῦ
1694 2829 1843 2881 οἴκου

269 2917 428 2970 τοῦδε
465 2917 663 2990 θύραις
701 2919 884 2989 μένειν
918 2920 1081 2991 ἀφῇς.
1125 2920 1322 2974 Είασεν
1356 2921 1560 2984 ἐκεῖνος
1601 2921 1696 2974 καὶ
1734 2921 1842 2974 ἀπα

274 3013 434 3083 ἦλθε.
465 3014 577 3067 Kal
620 3013 946 3079 ἐξελθόντων
984 3014 1125 3085 μετὰ
1153 3014 1326 3068 ταῦτα
1371 3015 1478 3067 τῶν
1506 3016 1706 3083 γονέων
1745 3017 1846 3068 αὑ-

268 3105 392 3170 τοῦ,
451 3106 554 3178 ὁρᾷ
586 3106 786 3169 αὐτοὺς
826 3107 1159 3178 ὀἸωάννης,
1224 3106 1320 3161 ual
1379 3106 1496 3170 ὅλος
1553 3105 1845 3178 ἐπληρὼοη

270 3197 551 3270 δακρύων,
583 3199 679 3252 καὶ
717 3195 869 3254 εἶπεν
917 3201 976 3253 έν
1014 3199 1227 3271 ἑαυτῷ·
1273 3198 1429 3261 Ἰδοὺ,
1479 3199 1716 3261 διάϐολε,
1754 3202 1848 3253 καὶ

270 3291 401 3353 τοὺς
431 3292 610 3356 γονεῖς
643 3308 743 3361 μου
779 3291 1093 3363 ἐθεασάμην
1142 3295 1208 3365 τῇ
1267 3291 1521 3364 βουλήσει
1550 3292 1646 3346 τοῦ
1685 3293 1843 3360 Θεοῦ,

272 3384 373 3440 καὶ
414 3384 483 3438 τὰ
533 3386 733 3456 κέντρα
769 3403 863 3439 σου
915 3389 1312 3459 καταπατήσω,
1360 3391 1428 3461 τῇ
1478 3388 1707 3458 δυνάμει
1753 3389 1848 3442 καὶ

275 3475 502 3548 βοηθείᾳ
531 3476 622 3529 τοῦ
650 3477 908 3548 Χριστοῦ.
958 3478 1069 3534 Kal
1102 3478 1263 3533 πάλιν
1305 3479 1492 3549 ἔλεγε·
1527 3480 1701 3551 Κύριε
1736 3480 1846 3551 Ἰη-

274 3569 375 3623 σοῦ
403 3568 632 3639 Χριστὲ,
661 3570 736 3641 μὴ
772 3570 1146 3646 ἐγκαταλίπῃς
1184 3587 1285 3642 με⁹
1321 3572 1416 3626 καὶ
1442 3572 1657 3644 ἔμεινεν
1689 3574 1748 3627 ὲν
1779 3575 1844 3644 τῇ

272 3659 454 3732 γωνίᾳ
482 3661 686 3733 ἐκείνῃ.
721 3662 833 3715 Kal
863 3664 892 3716 6
923 3664 1109 3735 πατὴρ
1139 3664 1304 3719 αὑτοῦ
1345 3665 1550 3736 ήρξατο
1603 3667 1712 3721 ἀπὸ
1747 3670 1848 3739 τῆς

270 3753 558 3825 τραπέζης
589 3753 755 3807 αὐτοῦ
787 3755 1140 3811 ἀποστέλλειν
1172 3757 1323 3828 αύτῷ
1368 3757 1599 3831 τροφὴν,
1637 3759 1809 3828 λέγων
1829 3776 1844 3790 ’

281 3848 353 3902 Ἦ
382 3846 481 3901 τοῦ
514 3847 733 3919 πτωχοῦ
762 3849 956 3903 τούτου
986 3850 1231 3921 ὑπομονὴ
1277 3851 1449 3923 πολλή
1494 3853 1635 3915 ἔστι,
1667 3854 1749 3906 ὅτι
1789 3852 1847 3905 ἐν

269 3938 518 4011 τοσούτῳ
537 3939 765 4012 χειμῶνι
794 3942 887 3996 καὶ
914 3943 1141 4014 παγετῷ
1161 3944 1306 3999 οὕτω
1330 3963 1545 4018 προσκα
1555 3948 1736 4017 ρτερεῖ
1755 3947 1847 4000 καὶ

272 4033 569 4098 καθέζεται
600 4035 659 4087 ὲν
708 4034 787 4107 τῷ
821 4035 1047 4091 πυλῶνι.
1080 4038 1315 4102 Δυνατός
1363 4041 1510 4093 ἐστιν
1556 4041 1584 4093 6
1613 4038 1744 4103 Θεὸς
1781 4039 1848 4092 δι’

274 4127 444 4180 αὑτοῦ
473 4126 646 4181 σῶσαι
689 4130 785 4183 καὶ
813 4130 983 4200 ἡμᾶς.
1013 4129 1241 4194 Πάντως
1274 4130 1382 4202 γὰρ
1415 4131 1503 4184 διὰ
1532 4131 1693 4185 τοῦτο
1743 4132 1850 4184 ἀπ-

272 4218 479 4289 εστάλη
505 4218 566 4271 ἐν
596 4218 675 4290 τῷ
707 4218 842 4292 οῐκῳ
865 4218 1021 4290 ἡμῶν
1054 4219 1194 4292 ἀνὴρ
1218 4214 1375 4286 οὗτος
1397 4263 1412 4286 ,
1447 4221 1534 4276 ἵνα
1562 4223 1656 4275 καὶ
1686 4223 1848 4294 ἡμεῖς

273 4309 564 4380 σωθῶμεν.
589 4309 914 4375 Ἐξελθοῦσα
936 4309 992 4363 δὲ
1021 4312 1054 4382 ή
1089 4311 1271 4383 μήτηρ
1302 4312 1465 4366 αὐτοῦ
1494 4313 1550 4366 ὲν
1584 4314 1681 4384 μιᾷ
1709 4314 1850 4382 ήμε·

277 4402 411 4473 ρῶν,
443 4403 541 4457 καὶ
566 4402 753 4457 ἰδοῦσα
795 4403 960 4458 αὑτὸν
985 4402 1162 4468 οὕτως
1191 4405 1488 4476 ἄπαστρον,
1540 4404 1846 4476 ἔκπληκτος

273 4495 431 4567 ἔστη,
468 4494 554 4549 διὰ
584 4496 644 4549 τὸ
670 4496 862 4567 ἄγριον
895 4496 989 4549 καὶ
1013 4496 1376 4566 άνυπόδητον.
1408 4498 1503 4550 καὶ
1530 4497 1680 4566 λέγει
1710 4499 1848 4568 πρὸς

1945 2012 2224 2083 egressuri
2283 2020 2486 2068 essent.
2547 2010 2691 2067 Exiit
2733 2018 2913 2067 autem
2952 2011 3169 2067 familiae
3217 2011 3528 2082 praefectus,

1944 2103 2037 2172 qui
2063 2118 2185 2158 cum
2215 2103 2393 2175 ipsum
2416 2103 2593 2159 lacera
2636 2110 2787 2159 veste
2825 2104 3076 2159 indutum
3101 2102 3345 2159 vidisset:
3374 2103 3530 2172 Quis,

1948 2199 2141 2269 inquit,
2177 2207 2234 2254 tu
2269 2214 2348 2266 es,
2376 2189 2433 2254 εἰ
2461 2199 2751 2265 undenam,
2785 2208 2843 2254 et
2876 2213 3045 2268 quare
3085 2213 3208 2253 cum
3277 2197 3398 2251 talis
3431 2198 3530 2261 sis,

1950 2290 2057 2346 huc
2087 2291 2351 2346 accedere
2408 2305 2573 2346 ausus
2605 2290 2706 2346 es?
2733 2290 2958 2346 Discede
3000 2290 3220 2352 isthinc,
3273 2288 3532 2359 quoniam

1948 2382 2152 2437 domini
2188 2383 2290 2437 mei
2322 2381 2590 2453 egressuri
2634 2390 2782 2436 sunt.
2835 2379 2972 2436 Tum
3009 2381 3277 2436 Joannes:
3314 2378 3530 2446 Qumso,

1950 2473 2190 2540 domine,
2216 2482 2276 2528 ut
2300 2474 2669 2529 misericordia
2717 2490 2803 2530 me
2834 2473 3199 2544 prosequaris:
3231 2488 3350 2527 sum
3382 2471 3529 2526 enim

1951 2568 2113 2621 homo
2143 2581 2366 2636 pauper.
2392 2564 2521 2621 Sine
2551 2566 2714 2638 igitur
2738 2582 2826 2621 me
2854 2566 2909 2620 in
2940 2567 3042 2621 hoc
3077 2566 3274 2637 angulo
3313 2579 3531 2627 manere

1950 2658 2108 2729 (nihil
2158 2659 2304 2713 enim
2342 2658 2466 2713 mali
2507 2659 2667 2729 facio)
2702 2668 2865 2729 atque
2899 2658 3062 2728 hujus
3100 2659 3177 2713 rei
3221 2657 3526 2713 mercedem

1950 2766 1979 2806 a
2008 2750 2118 2806 Deo
2145 2750 2264 2821 ipso
2293 2760 2568 2820 exspecta,
2596 2751 2637 2807 si
2663 2767 2749 2806 me
2792 2766 3086 2822 pauperem
3118 2750 3184 2806 ad
3214 2750 3377 2820 hujus
3408 2746 3532 2804 atrii

1950 2838 2095 2893 fores
2116 2853 2336 2894 manere
2363 2839 2661 2909 permittas.
2702 2838 2957 2894 Permisit
2977 2838 3153 2904 ille,e.t
3186 2837 3339 2891 abiit.
3368 2837 3529 2891 Exie-

1951 2940 2081 2986 runt
2130 2941 2311 2988 autem
2366 2931 2486 3001 ejus
2538 2937 2793 3002 parentes
2852 2930 2908 2984 in
2933 2930 3153 2984 atrium.
3209 2928 3358 2995 Quos
3401 2943 3526 2983 cum

1951 3020 2189 3077 Joannes
2254 3021 2501 3084 vidisset,
2561 3028 2706 3075 totus
2747 3018 2997 3090 lacrymis
3043 3017 3282 3086 repletus
3328 3022 3429 3077 est.
3466 3030 3529 3068 ac

1955 3129 2138 3170 secum
2158 3114 2324 3170 dixit:
2351 3114 2455 3182 En,
2478 3113 2712 3179 diabole,
2753 3125 2808 3169 et
2836 3118 3090 3181 parentes
3123 3123 3295 3175 meos,
3323 3106 3435 3161 Deo
3458 3107 3531 3160 ita

1894 3258 1915 3279 ,
1956 3206 2215 3271 volente,
2271 3206 2491 3277 aspexi,
2549 3213 2605 3261 et
2665 3203 2889 3276 sagittas
2927 3210 3046 3256 tuas
3084 3200 3337 3255 ardentes
3399 3212 3531 3253 con-

1956 3310 2164 3364 temno,
2195 3297 2398 3354 Christi
2416 3313 2520 3369 ope
2536 3298 2775 3367 adjutus.
2795 3297 2873 3351 Ac
2890 3308 3084 3350 rursus
3108 3293 3246 3349 dixit
3268 3307 3281 3345 :
3304 3291 3532 3346 Domine

1952 3392 2081 3448 Jesu
2145 3389 2382 3453 Christe,
2428 3405 2498 3443 ne
2565 3388 2912 3457 derelinquas
2989 3400 3096 3439 me.
3163 3382 3231 3437 Et
3281 3379 3533 3435 manebat

1956 3484 2013 3539 in
2066 3483 2157 3538 illo
2204 3481 2420 3554 angulo.
2474 3479 2652 3550 Coepit
2703 3488 2882 3533 autem
2933 3477 3054 3546 ejus
3092 3481 3301 3544 patere
3342 3486 3529 3526 mensa

1956 3592 2053 3631 sua
2087 3575 2266 3630 cibum
2302 3574 2376 3628 illi
2417 3573 2654 3637 mittere,
2690 3570 2899 3625 dicens:
2942 3567 3115 3638 Hujus
3153 3566 3412 3637 pauperis
3435 3580 3530 3635 pa-

1956 3666 2145 3723 tientia
2171 3668 2344 3721 multa
2384 3674 2469 3720 est
2497 3682 2512 3720 :
2540 3664 2743 3735 quippe
2787 3660 2879 3732 qui
2911 3661 2963 3716 in
2990 3660 3152 3716 tantis
3206 3658 3427 3729 pluviis,
3476 3664 3532 3712 et

1960 3759 2132 3816 multa
2161 3759 2332 3832 glacie
2363 3764 2472 3813 tam
2518 3757 2791 3828 patienter
2816 3768 2880 3809 ac
2904 3753 3116 3808 fortiter
3141 3752 3196 3805 in
3247 3752 3351 3806 hoc
3389 3751 3529 3805 atrio

1955 3859 2344 3908 commoratur.
2389 3848 2574 3905 Potest
2614 3847 2754 3902 Deus
2786 3846 2900 3917 ipse
2931 3860 3028 3916 per
3071 3843 3351 3899 hominem
3383 3841 3533 3897 hunc

1955 3944 2113 4001 nobis
2142 3943 2371 3999 salutem
2397 3938 2610 3996 afferre.
2637 3937 2874 3995 Omnino
2930 3937 3073 3993 enim
3101 3945 3387 4007 propterea
3418 3935 3531 3989 huc

1956 4039 2157 4094 missus
2193 4036 2294 4091 fuit
2320 4035 2484 4090 homo
2513 4038 2634 4099 iste,
2673 4042 2735 4087 ut
2766 4040 2821 4087 et
2843 4046 2944 4085 nos
2979 4045 3077 4100 per
3103 4028 3254 4082 illum
3301 4027 3529 4081 salutem

1955 4140 2334 4198 assequamur.
2390 4122 2592 4179 Exiens
2683 4131 2865 4175 autem
2933 4118 3094 4172 domo
3160 4114 3394 4184 quodam
3443 4112 3532 4167 die

1955 4228 2132 4274 mater
2165 4217 2331 4283 illius,
2395 4230 2521 4271 cum
2557 4228 2683 4269 eum
2716 4212 2789 4268 ita
2824 4210 3095 4280 abjectum
3150 4206 3395 4267 vidisset,
3444 4202 3533 4257 in-

1955 4314 2184 4385 dignans
2211 4308 2478 4373 substitit,
2508 4306 2655 4379 quod
2681 4315 2935 4375 tanquam
2967 4300 3297 4357 horrendum
3324 4295 3532 4365 aliquid

1956 4405 2142 4460 videre
2169 4403 2271 4458 sibi
2306 4402 2422 4458 visa
2446 4408 2612 4464 esset,
2643 4406 2699 4454 et
2727 4399 2793 4452 ad
2825 4409 3023 4467 pueros
3048 4408 3177 4448 suos
3214 4403 3479 4446 conversa
3511 4404 3527 4441 :

1956 4497 2201 4562 Auferte,
2236 4495 2433 4564 inquit,
2481 4494 2685 4548 isthinc
2720 4491 2998 4546 hominem
3029 4488 3219 4548 istum,
3249 4483 3394 4553 quod
3420 4495 3531 4534 non

274 4589 405 4650 τοὺς
438 4586 607 4657 αὑτῆς
653 4588 849 4650 παῖδας
870 4602 883 4618 ο
910 4586 1120 4659 Σύρατε
1153 4587 1316 4641 αὑτὸν
1345 4587 1517 4652 ένθεν,
1551 4588 1633 4641 ὅτι
1663 4589 1722 4642 οὑ
1751 4588 1846 4642 δύ-

1955 4604 2201 4660 possum,
2246 4586 2338 4641 illo
2394 4585 2473 4640 sic
2515 4584 2744 4655 iacente,
2804 4580 3054 4635 transire.
3108 4574 3300 4630 Statim
3354 4572 3533 4642 igitur

276 4697 475 4749 ναμαι,
506 4679 697 4734 τούτου
722 4679 911 4734 ἐνθάδε
940 4680 1220 4750 κειμένου,
1247 4678 1611 4751 εἰσέρχεσθαι.
1635 4679 1853 4746 Εὐθέως

275 4773 333 4826 δὲ
365 4772 566 4844 ἔσυραν
593 4773 754 4826 αὑτὸν
780 4776 829 4828 οί
862 4776 1067 4837 παῖδες.
1110 4773 1268 4845 Ἑξῆς
1303 4773 1360 4827 δὲ
1391 4773 1499 4828 ἀπὸ
1536 4773 1635 4843 τῆς
1679 4772 1854 4844 πύλης

285 4863 499 4934 μακρὸν
528 4864 958 4935 συρόμενος,καὶ
990 4866 1106 4918 ἐκεῖ
1131 4863 1419 4933 ὑπομένων
1435 4863 1535 4918 οὑκ
1564 4861 1850 4935 ἀνεχώρει.

292 4954 635 5021 Ἐξελθόντος
681 4957 739 5010 δέ
768 4975 903 5011 ποτε
937 4959 1031 5012 τοῦ
1057 4959 1151 5012 ἐπὶ
1178 4960 1244 5028 τῇ
1270 4958 1450 5029 οἰκίᾳ,
1478 4957 1626 5026 λέγει
1654 4956 1803 5027 αὑτῷ
1826 4959 1854 5011 6

291 5050 583 5120 Ἰωάννης
631 5050 717 5114 Ὠς
752 5049 813 5115 ὲξ
845 5049 1023 5122 ἀρχῆς
1050 5049 1315 5120 ἐποίησας
1362 5050 1480 5120 μετ’
1519 5048 1655 5120 ἐμοῦ
1686 5048 1852 5114 ἕλεος,

281 5144 380 5196 καὶ
404 5140 503 5196 νῦν
528 5142 754 5213 ποίησόν
788 5159 879 5213 μοι
926 5135 1029 5196 ὧδε
1067 5142 1270 5212 μικρὰν
1312 5141 1557 5212 καλύόην
1587 5140 1731 5195 κατὰ
1761 5139 1854 5192 τοῦ

280 5231 546 5302 παγετοῦ,
597 5232 693 5286 καὶ
732 5231 871 5301 πρὸς
896 5232 957 5286 τὸ
988 5233 1064 5303 μὴ
1113 5230 1346 5304 ὁρᾶσθαί
1380 5247 1448 5301 με
1481 5230 1585 5284 ὑπὸ
1617 5230 1720 5300 τῆς
1752 5247 1854 5283 κυ-

285 5324 407 5398 ρίας
441 5323 619 5396 ὑμῶν.
658 5322 716 5378 '0
749 5324 807 5378 δὲ
837 5322 1075 5389 ἁκούων,
1114 5324 1213 5378 καὶ
1249 5324 1325 5395 μὴ
1353 5323 1615 5394 ὀκνήσας,
1652 5322 1856 5393 μικράν

281 5417 718 5490 ἐποίησεναύτῷ
739 5417 984 5489 καλύϐην
1003 5433 1018 5449 ·
1066 5417 1159 5471 καὶ
1191 5416 1406 5487 ἔμεινεν
1435 5417 1555 5471 ἐκεῖ
1578 5457 1592 5482 ,
1625 5416 1745 5488 Θεῷ
1768 5415 1856 5469 εύ-

283 5508 537 5579 χόμενος.
571 5509 710 5563 Καθ’
734 5508 978 5580 ἑκάστην
1005 5508 1064 5563 δὲ
1108 5510 1139 5563 6
1185 5508 1369 5580 πατὴρ
1408 5507 1576 5562 αὑτοῦ
1609 5506 1856 5561 ἔστελλεν

282 5600 436 5673 αύτιῖ)
490 5601 721 5673 τροφήν.
770 5601 831 5655 '0
863 5602 922 5656 δὲ
968 5601 1041 5657 τὰ
1073 5600 1516 5670 ἀποστελλόμενα
1557 5598 1708 5670 αύτῷ
1752 5598 1857 5653 ὑπὸ

281 5696 381 5746 τοῦ
408 5693 640 5764 πατρὸς,
690 5696 804 5760 τοῖς
852 5696 1088 5765 πτωχοῖς
1135 5693 1385 5759 διεδίδου,
1430 5692 1593 5756 αὐτὸς
1644 5691 1702 5746 δὲ
1730 5689 1857 5745 οὔτε

286 5783 496 5853 ἢσθιεν,
528 5784 651 5839 οὗτε
685 5786 872 5842 ἔπινεν
921 5787 984 5852 ἐξ
1027 5786 1241 5851 αὐτῶν,
1277 5785 1418 5840 ὥστε
1460 5784 1587 5850 τοὺς
1618 5785 1856 5857 πένητας

287 5873 499 5939 πάντας
529 5875 665 5947 πρὸς
696 5876 860 5931 αὑτὸν
885 5878 1210 5950 ἐρχομένους
1257 5875 1686 5948 ἀποτρέφεσθαι.
1720 5879 1858 5933 Τοσ-

1956 4682 2101 4738 servi
2131 4679 2406 4737 hominem
2451 4676 2604 4732 illum
2652 4675 2705 4730 vi
2756 4678 3161 4744 pertraxerunt.
3216 4666 3359 4723 Cum
3398 4679 3532 4719 vero

1956 4773 2347 4845 aliquantulum
2378 4787 2409 4827 a
2440 4770 2645 4826 foribus
2676 4767 2783 4823 illis
2804 4766 2964 4837 longe
3001 4765 3237 4826 abesset,
3275 4758 3534 4815 manebat

1958 4867 2091 4929 illic,
2136 4870 2317 4937 neque
2368 4865 2549 4935 aliquo
2601 4859 2937 4917 discedebat.
2977 4852 3287 4928 Egredienti
3346 4859 3530 4906 autem

1957 4959 2249 5030 aliquando
2323 4956 2545 5013 familiae
2627 4950 2889 5025 prafeeto
2934 4946 3137 5018 :Rogo
3203 4955 3274 5012 te,
3357 4941 3534 5013 inquit

1955 5056 2215 5119 Joannes,
2242 5063 2305 5111 ut
2351 5048 2812 5123 quemadmodum
2852 5044 3011 5101 initio
3036 5039 3410 5098 misericordia
3444 5051 3533 5091 me

1955 5157 2281 5221 prosecutus
2310 5160 2392 5206 es.
2427 5145 2502 5199 ita
2533 5152 2589 5199 et
2637 5155 2788 5197 nunc
2823 5152 3051 5209 parvum
3094 5132 3313 5203 aliquod
3367 5139 3532 5198 tugu-

1959 5242 2102 5297 rium
2138 5238 2268 5295 mihi
2324 5234 2631 5298 construas,
2662 5243 2725 5288 ut
2754 5248 2786 5287 a
2819 5229 2991 5302 glacie
3035 5225 3255 5282 defendi
3302 5221 3530 5292 possim,

1960 5338 2135 5403 neque
2170 5346 2201 5386 a
2231 5339 2412 5386 vestra
2437 5324 2658 5385 domina
2684 5337 2924 5395 unquam
2970 5319 3180 5377 videar.
3237 5314 3365 5369 llaec
3405 5327 3529 5367 cum

1957 5424 2048 5480 ille
2072 5423 2388 5489 audivisset,
2424 5420 2560 5475 nihil
2588 5426 2853 5481 moratus,
2881 5427 3109 5486 parvum
3144 5407 3416 5480 quoddam
3446 5411 3502 5457 tu
3524 5430 3549 5442 —

1958 5515 2172 5588 gurium
2236 5513 2288 5569 ei
2331 5511 2660 5584 composuit,
2731 5509 2788 5563 in
2814 5522 2927 5578 quo
2988 5503 3263 5562 manebat,
3326 5497 3492 5588 Deum

1961 5587 2148 5663 orans.
2199 5606 2264 5662 Ei
2310 5614 2494 5660 autem
2528 5611 2688 5675 pater
2740 5597 2983 5671 quotidie
3012 5596 3198 5651 cibum
3249 5587 3526 5645 mittebat.

1959 5696 2161 5754 Verum
2173 5712 2294 5769 qua:
2310 5711 2339 5752 a
2355 5704 2511 5767 patre
2525 5692 2900 5757 mittebantur,
2915 5684 3246 5759 pauperibus
3264 5682 3378 5751 ipse
3413 5678 3530 5735 dis-

1960 5791 2252 5857 tribuebat,
2275 5804 2341 5845 ex
2383 5789 2464 5844 eis
2507 5803 2618 5843 non
2669 5785 2859 5851 edens,
2884 5794 3063 5852 neque
3104 5777 3317 5837 bibens,
3358 5771 3433 5828 ita
3466 5781 3533 5829 tt

1961 5897 2152 5939 omnes
2201 5896 2471 5954 pauperes
2509 5881 2574 5938 ad
2597 5893 2722 5935 eum
2748 5884 3051 5943 currerent,
3092 5883 3148 5932 et
3183 5874 3252 5931 ab
3293 5870 3384 5929 illo
3427 5880 3536 5934 me
