3846 6462
361 380 474 446 ὓῖὓ

1606 379 1888 441 ΜΕΝδΙΒ
1926 377 2379 445 JANUARlUSt

3530 383 3641 458 580

369 508 643 558 ,rzt'itttiut'.
666 496 850 567 [lapte
878 493 996 565 ejus
1021 507 1218 563 corpus
1247 492 1325 547 sic
1349 500 1701 548 extenuatum
1735 502 1872 552 erat.
1898 504 1944 549 ul

2060 493 2223 549 οὖτον
2273 497 2331 550 δέ
2377 494 2552 560 οὕτως
2597 497 2930 552 ἐταπείνωσε
2974 498 3035 552 τὸ
3069 497 3229 570 σῶμα
3270 498 3460 568 αὐτοῦ,
3494 501 3639 556 ὥστε

362 588 561 645 ossium
591 600 873 659 compages
892 583 1162 639 numerari
1182 590 1425 654 possent,
1462 591 1609 639 tanta
1630 583 1958 640 abstinentia

360 697 419 736 se
452 681 742 735 alIlixerat.

430 785 546 841 ΧΗ.
577 784 761 841 'l‘ertio
790 792 971 839 autem
1004 790 1128 854 post
1154 798 1320 849 anno,
1351 798 1474 838 cum
1521 783 1788 854 benignus
1815 783 1959 840 Deus

361 878 596 933 multum
661 876 782 947 ejus
836 875 1079 931 laborem
1110 874 1434 944 aspexisset,
1493 889 1731 944 eumque
1781 874 1958 929 virtu-

359 970 431 1025 tis
466 970 850 1025 exercitatione
909 967 1212 1038 perfectum
1265 967 1507 1032 vidisset,
1549 966 1800 1038 apparuit
1851 967 1954 1039 ipsi

359 1072 414 1119 et
442 1064 579 1119 dixit
607 1082 620 1117 :
649 1062 841 1128 Salve,
890 1061 1148 1125 Joannes,
1196 1060 1288 1133 qui
1339 1077 1526 1118 revera
1574 1063 1679 1118 hoc
1733 1063 1954 1119 nomine

357 1155 693 1226 appellaris:
732 1170 798 1210 eo
848 1154 1016 1222 enim,
1073 1154 1219 1224 quod
1259 1154 1457 1220 iecisti,
1507 1162 1561 1211 te
1601 1155 1679 1210 illi
1724 1153 1949 1222 Joanni,

358 1248 454 1318 qui
523 1248 677 1320 virgo
745 1246 868 1310 fuit,
935 1247 1168 1302 similem
1247 1248 1586 1317 ostendisti;
1635 1264 1762 1304 nam
1825 1265 1950 1306 cum

357 1342 542 1396 omnia
576 1340 954 1412 dereliqueris,
986 1356 1074 1396 me
1095 1351 1317 1396 secutus
1337 1356 1416 1397 es.
1436 1341 1565 1398 Tua:
1589 1342 1756 1414 igitur
1778 1357 1944 1398 exer-

357 1432 639 1486 citationis
686 1442 923 1502 tempus,
976 1442 1030 1486 et
1058 1432 1303 1486 laborum
1373 1442 1589 1487 tuorum
1653 1443 1946 1490 certamen

358 1524 685 1593 completum
713 1538 815 1577 ρει.
849 1521 976 1578 Post
1000 1532 1108 1578 tres
1132 1522 1249 1578 dies
1270 1523 1336 1578 ad
1367 1539 1455 1579 me
1488 1525 1770 1591 venies,ail
1793 1526 1941 1581 illam

358 1615 630 1683 juslorunt
694 1614 974 1669 hominum
1022 1616 1289 1685 requiem.
1336 1614 1705 1685 Esperrectus
1751 1627 1935 1673 autem

356 1705 616 1765 Joannes.
686 1704 813 1760 [lere
860 1706 1046 1776 erepit,
1107 1716 1162 1760 et
1190 1707 1359 1762 Deum
1413 1708 1488 1762 ita
1546 1708 1778 1779 precari:
1817 1710 1937 1781 Ago

358 1796 453 1850 tibi
511 1797 732 1867 gratias,
778 1795 1002 1852 Domine
1064 1796 1226 1859 Deus.
1288 1800 1431 1868 qno=|
1505 1814 1593 1854 me
1648 1800 1933 1869 indignum

359 1889 630 1943 hominem
660 1889 744 1941 illa
785 1889 1054 1956 iustorum
1084 1890 1270 1960 requie
1300 1891 1522 1961 dignum
1557 1892 1735 1948 facere
1762 1894 1896 1949 velis
1929 1913 1942 1949 :

356 1979 454 2034 sed
550 1990 847 2045 memento,
921 1997 1128 2051 quaso,
1182 1991 1237 2037 et
1288 1992 1574 2052 parentum
1673 2000 1942 2052 meorum,

362 2082 419 2128 et
442 2073 589 2142 ipsos
613 2073 986 2129 misericordia
1006 2089 1355 2145 prosequere,
1374 2074 1588 2131 illorum
1605 2087 1825 2147 peccata
1841 2094 1949 2133 non

359 2174 642 2233 reputans,
680 2167 774 2221 sed
796 2166 1004 2232 detens,
1026 2166 1283 2236 quoniam
1311 2167 1460 2222 solus
1480 2168 1863 2226 tuelemenses
1898 2178 1952 2225 et

358 2254 691 2310 misericors.
712 2254 959 2325 Cumque
992 2256 1091 2311 has
1112 2272 1303 2327 preces
1320 2257 1723 2327 complevisset,
1745 2261 1944 2330 pradi-

355 2357 504 2401 ctuns
529 2347 746 2402 familize
771 2347 1089 2418 praefectum
1109 2349 1174 2403 ad
1199 2365 1259 2405 se
1285 2352 1630 2416 accersitum,
1655 2354 1735 2408 sic.
1753 2354 1950 2410 atratus

356 2442 474 2489 est:
498 2434 967 2502 Quemadmodum
1007 2438 1076 2492 ab
1118 2438 1271 2494 initio
1296 2456 1467 2511 usque
1494 2442 1560 2497 ad
1594 2442 1733 2499 hanc
1765 2446 1951 2500 horam

356 2526 735 2583 misericordia
776 2545 863 2584 me
906 2539 1233 2600 prosecutus
1263 2547 1343 2597 es,
1375 2533 1467 2598 ita,
1500 2550 1703 2605 quaeso,
1727 2544 1781 2591 et
1804 2553 1953 2593 nunc

356 2616 542 2672 facias.
589 2617 769 2674 Unum
813 2628 916 2686 est,
961 2622 1106 2692 quod
1134 2638 1165 2677 a
1201 2631 1257 2680 te
1289 2633 1439 2693 peto.
1487 2635 1549 2681 ut
1588 2627 1729 2681 meis
1766 2629 1951 2685 verbis

355 2707 588 2764 domina:
640 2719 832 2766 vestra:
879 2712 1232 2784 significetur.
1291 2716 1359 2770 At
1409 2716 1694 2789 illezAge.
1744 2719 1945 2790 inquit,

353 2800 462 2863 dic,
518 2801 563 2856 si
618 2802 747 2873 quid
806 2803 906 2861 vis.
963 2803 1100 2862 Tum
1177 2806 1461 2864 Joannes:
1504 2808 1609 2866 Eas
1671 2812 1856 2881 igitur,
1896 2823 1951 2869 ct

356 2891 430 2946 illi
458 2892 572 2948 hmc
609 2894 756 2949 dicas
786 2912 798 2949 :
830 2896 1048 2968 Pauper
1075 2899 1190 2965 ille,
1224 2916 1385 2970 quem
1413 2900 1480 2955 ad
1508 2900 1651 2957 fores
1678 2903 1950 2973 iacentem

362 2984 643 3052 expellere
707 2986 937 3055 iussisti,
1016 3004 1113 3059 per
1145 3006 1234 3046 me
1279 2998 1332 3045 te
1381 2992 1541 3061 petit,
1594 3008 1663 3048 ne
1715 2997 1949 3065 superbo

355 3077 539 3132 animo
582 3095 875 3149 pauperem
921 3082 1136 3154 inopem
1158 3086 1446 3156 despicias,
1470 3088 1652 3144 Jesum
1671 3089 1947 3146 Christum

2067 587 2354 657 φαίνεσθαι
2389 587 2488 654 τὰς
2520 589 2787 659 ἁρμονίας
2829 590 2940 643 τῶν
2967 589 3171 644 ὀστέων
3200 589 3388 660 αὑτοῦ,
3421 594 3516 647 καὶ
3544 596 3642 648 ἀν-

2060 679 2471 751 αριθμήοασθαι
2499 680 2604 734 ὑπὸ
2631 681 2729 750 τῆς
2763 681 2966 751 πολλῆς
2999 682 3352 753 ἐγκρατείας.

2132 768 2233 825 ω’.
2261 773 2415 826 Μετὰ
2441 772 2497 826 δὲ
2521 772 2648 842 τρία
2692 773 2808 843 ἐτη,
2858 773 2981 826 ἰδὼν
3030 776 3059 826 6
3093 774 3476 847 φιλάνθρωπος
3503 776 3640 838 Θεὸς

2058 863 2148 917 τὸν
2200 863 2367 916 πολὺν
2410 863 2576 917 αὑτοῦ
2602 864 2791 931 κόπον,
2840 865 2935 918 καὶ
2982 865 3065 920 ὅτι
3112 866 3281 931 ὅντως
3308 866 3513 929 τέλειος
3548 869 3639 922 διὰ

2056 956 2157 1027 τῆς
2212 957 2416 1028 ἀρετῆς
2462 957 2752 1028 ἀσκήσεως
2799 958 3058 1029 ὑπάρχει,
3116 960 3455 1031 παρίσταται
3488 961 3639 1034 αὐτῷ

2056 1046 2229 1116 λέγων
2250 1065 2263 1077 ·
2313 1048 2561 1120 Χαεροις,
2590 1048 2838 1121 Ἰωάννη,
2870 1050 3040 1113 ὅντως
3087 1035 3164 1121 τῷ
3196 1050 3422 1122 ὀνόματι
3460 1054 3640 1124 τούτῳ

2055 1138 2358 1209 καλούμενε
2380 1156 2394 1170 ·
2430 1144 2495 1212 τῇ
2528 1141 2636 1212 γὰρ
2661 1141 2910 1214 πολιτεία
2952 1160 3045 1196 σου
3073 1142 3149 1214 τῷ
3180 1144 3405 1215 Ἰωάννῃ
3441 1145 3640 1216 ἐκεινῳ

2054 1234 2149 1285 καὶ
2199 1224 2454 1304 παρθένῳ
2510 1234 2697 1304 ὅμοιόν
2749 1251 2807 1288 σε
2861 1235 3100 1300 ἔδειξας-ο
3153 1224 3471 1290 καταλιπὼν
3526 1237 3641 1306 γὰρ

2055 1323 2235 1377 πάντα
2270 1325 2396 1395 ἐμοὶ
2417 1324 2819 1398 ἡκολούθησας.
2850 1327 2959 1381 Καὶ
2987 1325 3157 1380 τανῦν
3188 1328 3554 1399 πεπλήρωται
3608 1331 3639 1380 6

2053 1416 2243 1488 καιρὸς
2291 1418 2391 1488 τῆς
2446 1417 2750 1489 ἀσκήσεώς
2804 1436 2919 1486 σου,
2956 1421 3051 1473 καὶ
3080 1422 3109 1475 6
3136 1420 3287 1490 ἀγὼν
3309 1422 3421 1475 τῶν
3459 1423 3639 1476 πόνων

2050 1527 2168 1564 σου.
2204 1510 2356 1564 Μετὰ
2387 1511 2498 1583 γὰρ
2528 1514 2675 1583 τρεῖς
2708 1512 2921 1584 ἡμέρας
2943 1512 3140 1587 ἐλεύσῃ
3177 1513 3311 1581 πρὸς
3339 1506 3441 1584 apt
3476 1516 3536 1567 ἐν
3566 1517 3634 1584 τῇ

2049 1603 2357 1657 ἀναπαύσει
2390 1603 2500 1657 τῶν
2528 1602 2773 1658 δικαίων.
2822 1603 3173 1668 Διυπνισθεὶς
3222 1603 3277 1657 δὲ
3324 1605 3639 1674 ὁ-Ἰωάννης

2046 1692 2254 1766 ἤρξατο
2301 1693 2533 1758 κλαίειν,
2571 1695 2667 1748 καὶ
2699 1695 3104 1767 προσεύχεσθαι
3148 1697 3242 1749 καὶ
3272 1695 3451 1764 λέγειν
3479 1713 3491 1725 ·
3526 1696 3636 1750 Εὖ·

2050 1787 2297 1859 χαριστῶ
2353 1804 2459 1853 σοι,
2510 1789 2684 1858 Κύριε
2738 1788 2768 1839 6
2799 1789 2952 1853 Θεὸς,
3000 1789 3083 1843 ὅτι
3129 1788 3350 1853 ἀνάξιον
3377 1789 3507 1842 ὄντα
3564 1806 3635 1858 με

2056 1880 2403 1951 κατηξίωσας
2434 1879 2533 1951 τῆς
2566 1880 2677 1934 τῶν
2732 1880 2960 1935 δικαίων
3013 1883 3417 1941 ἀναπαύσεωγ
3467 1880 3632 1943 ἀλλὰ,

2053 1971 2265 2041 δέομαι,
2296 1970 2566 2042 μνήσθητι
2590 1971 2687 2024 καὶ
2708 1971 2819 2025 τῶν
2846 1971 3047 2039 γονέων
3076 1969 3249 2040 ἐμῶν,
3273 1972 3368 2024 καὶ
3402 1971 3632 2039 ἐλέησον

2054 2064 2274 2127 αὐτοὺς,
2328 2063 2402 2135 μὴ
2446 2063 2718 2132 λογισθεὶς
2776 2063 2958 2117 αὐτῶν
3010 2062 3107 2127 τὰς
3155 2063 3450 2135 ἁμαρτίας,
3493 2062 3635 2118 ἀλλὰ

2055 2157 2340 2227 ἐξαλείψας
2372 2158 2564 2222 αὑτὰς,
2589 2158 2670 2211 ὅτι
2703 2157 2865 2227 μόνος
2893 2156 3235 2225 εὔσπλαγνος
3257 2158 3351 2211 καὶ
3378 2156 3637 2228 ἐλεήμων

2054 2246 2107 2305 εἷ
2136 2251 2223 2304 σύ.
2261 2251 2371 2304 Καὶ
2423 2250 2720 2320 πληρώσας
2763 2250 2861 2321 τὴν
2920 2251 3125 2322 εὐχὴν,
3186 2251 3636 2321 προσεκαλέσατο

2053 2343 2144 2396 τὸν
2176 2343 2461 2421 ἄνθρωπον
2485 2343 2577 2396 τὸν
2602 2344 2695 2396 ἐπὶ
2725 2345 2791 2415 τῇ
2824 2343 2995 2413 οἰκίᾳ,
3023 2343 3119 2395 καὶ
3147 2342 3293 2411 λέγει
3327 2341 3479 2412 αὐτῷ
3498 2360 3511 2372 ·
3542 2341 3635 2403 Ὠς

2053 2437 2111 2504 ἐξ
2135 2437 2310 2509 ἀρχῆς
2349 2437 2659 2510 πεποίηκας
2693 2437 2843 2501 ἔλεος
2885 2437 3004 2507 μετ’
3040 2436 3197 2507 ἐμοῦ,
3243 2438 3321 2498 εἰς
3351 2436 3448 2507 τὴν
3477 2435 3635 2506 ὥραν

2050 2522 2278 2599 ταύτην,
2309 2530 2403 2583 καὶ
2452 2530 2621 2583 τανῦν
2650 2528 2792 2583 οὕτω
2832 2530 3076 2601 ποίησον.
3108 2531 3284 2583 Μόνον
3314 2528 3406 2583 οὖν
3431 2528 3635 2597 δέομαί

2053 2639 2170 2687 σου,
2197 2624 2280 2676 ὅτι
2317 2622 2454 2693 πρὸς
2481 2622 2581 2694 τὴν
2621 2624 2819 2694 κυρίαν
2849 2623 3004 2694 ὑμῶν
3055 2624 3105 2676 οῖ
3131 2622 3279 2690 λόγοι
3322 2639 3426 2690 μου
3458 2638 3634 2692 προτ-

2052 2717 2322 2788 φέρονται.
2361 2716 2423 2772 '0
2480 2717 2538 2770 δὲ
2597 2718 2970 2790 ἁπεκρίνατοο
3018 2716 3154 2770 Εἰπέ
3200 2716 3228 2769 6
3277 2715 3480 2786 βούλει.
3516 2718 3632 2769 Καὶ

2050 2807 2199 2875 λέγει
2227 2807 2377 2877 αὐτῷ
2405 2808 2434 2860 6
2465 2805 2749 2878 Ἰωάννης’
2790 2806 3063 2861 Εἰσελθὼν
3088 2804 3183 2861 οὖν
3221 2807 3456 2875 λέλησον
3488 2807 3630 2877 αὐτῇ

2049 2899 2129 2953 ὃτι.
2154 2898 2184 2951 6
2209 2898 2422 2969 πτωχὸς
2463 2899 2491 2951 6
2521 2900 2625 2968 πρὸ
2650 2900 2747 2969 τῆς
2776 2898 2953 2968 πύλης
2984 2915 3080 2952 σου
3109 2899 3387 2968 κείμενος.
3415 2898 3476 2952 ὃν
3504 2900 3633 2951 ἐκέ-

2047 2988 2244 3050 λευσας
2294 2988 2720 3059 ἁποδιωχθῆναι,
2765 2989 2835 3042 δι’
2879 2988 3017 3059 ἐμοῦ
3068 2990 3384 3060 παρακαλεῖ
3412 2988 3627 3058 λέγων
3738 3014 3743 3023 ’

2052 3080 2143 3149 Μὴ
2178 3080 2590 3153 ὑπερηῳνίσῃς
2619 3080 2712 3134 τὸν
2737 3082 2952 3152 πτωχὸν
2977 3083 3070 3136 καὶ
3102 3084 3329 3152 πένητα,
3365 3082 3501 3152 πρὸς
3532 3084 3628 3135 τὸν

362 3167 647 3223 Dominum
674 3170 992 3239 respiciens,
1027 3176 1121 3229 sed
1150 3178 1420 3244 patienter
1449 3179 1694 3250 digneris
1726 3180 1794 3236 ad
1815 3196 1939 3236 eum

2053 3171 2258 3242 Κύριον
2283 3174 2440 3242 ἡμῶν
2460 3172 2669 3243 Ἰησοῦν
2693 3175 2926 3243 Χριστὸν
2959 3173 3252 3245 βλέπουσα,
3278 3174 3414 3228 ἀλλὰ
3442 3174 3632 3239 ἀνεξι-

359 3260 640 3325 accedere,
692 3263 894 3332 quippe
930 3265 1024 3333 qui
1089 3265 1251 3323 habet
1297 3269 1543 3337 quaedam
1590 3270 1685 3326 tibi
1737 3272 1943 3328 dicere.

357 3348 506 3406 Abiit
547 3353 656 3416 ille,
697 3356 1006 3412 etdominae
1043 3373 1156 3413 sure
1201 3361 1496 3427 nuntiavit,
1532 3378 1654 3431 qua:
1682 3378 1711 3416 a
1736 3362 1950 3420 Joanne

357 3452 662 3512 acceperat.
700 3443 837 3500 Tum
871 3446 993 3502 illa:
1027 3447 1191 3514 Num,
1222 3450 1422 3521 inquit,
1453 3450 1654 3523 aliquid
1679 3462 1784 3521 est,
1804 3458 1950 3527 quod

359 3549 564 3603 pauper
608 3535 710 3591 iste
760 3538 892 3593 mihi
929 3540 1127 3596 habeat
1157 3542 1360 3606 dicere.
1394 3560 1516 3614 qua:
1555 3563 1667 3601 non
1720 3564 1948 3619 possum

358 3624 426 3679 ad
473 3640 596 3680 eum
641 3628 924 3693 accedere,
981 3646 1161 3701 neque
1193 3632 1371 3702 ipsum
1430 3636 1694 3705 aspicere.
1756 3638 1943 3695 Virum

357 3724 540 3771 autem
574 3734 732 3773 suum
770 3721 923 3787 adiit,
954 3731 1011 3777 et
1040 3722 1142 3793 ipsi
1170 3724 1286 3780 haec
1323 3726 1670 3796 significavit.
1714 3729 1815 3786 Cui
1860 3733 1949 3788 ille

356 3806 530 3862 dixit:
560 3808 688 3875 Abi,
756 3825 897 3865 uxor
938 3827 1080 3877 mea,
1106 3822 1162 3867 et
1217 3830 1513 3885 pauperem
1559 3836 1630 3875 ne
1661 3820 1947 3891 despicias;

357 3915 631 3969 pauperes
679 3904 825 3958 enim
897 3905 1042 3960 Deus
1102 3906 1286 3979 elegit.
1342 3912 1412 3965 At
1473 3912 1565 3967 illa
1617 3914 1796 3970 adhuc
1849 3918 1950 3973 iter

357 4007 517 4046 suum
538 3992 841 4051 diﬂerehat.
896 3996 1105 4053 Rursus
1138 3997 1374 4056 Joannes
1408 4003 1477 4058 ad
1512 4019 1629 4059 eam
1663 4007 1831 4077 misit,
1855 4011 1946 4078 qui

357 4084 479 4153 ejus
529 4087 709 4140 verbis
743 4088 949 4144 diceret
980 4108 992 4144 :
1028 4089 1156 4146 Post
1183 4102 1294 4149 tres
1331 4095 1447 4150 dies
1485 4112 1585 4167 ego
1613 4100 1814 4155 moriar
1847 4121 1860 4158 :
1890 4114 1948 4159 at

356 4183 413 4229 tu
445 4175 489 4229 si
526 4176 632 4231 huc
661 4177 849 4232 venire
914 4189 970 4235 et
1000 4197 1089 4236 me
1139 4183 1324 4240 videre
1368 4187 1627 4253 nolueris,
1670 4202 1947 4259 postremo

360 4277 411 4323 te
434 4268 606 4339 ipsam
643 4272 949 4340 paenitebit.
995 4273 1088 4330 llla
1117 4292 1243 4331 cum
1291 4279 1357 4333 de
1394 4279 1513 4350 ejus
1560 4292 1733 4338 morte
1787 4286 1946 4341 audi-

357 4361 546 4424 visset,
586 4364 737 4429 exiit,
786 4374 841 4418 et
890 4367 1074 4436 pueris
1144 4370 1261 4424 suis
1321 4374 1580 4443 przecepit
1640 4384 1700 4431 ut
1736 4393 1944 4449 paupe-

356 4469 475 4510 rem
524 4454 673 4510 illum
705 4458 771 4512 ad
803 4474 861 4513 se
887 4459 1113 4517 ferrent.

2055 3263 2241 3326 κάκως
2283 3264 2623 3329 καταξίωσον
2671 3266 2847 3319 ἐλθεῖν
2895 3267 3033 3336 πρὸς
3060 3268 3243 3329 αὐτὸν,
3284 3268 3365 3321 ὅτι
3395 3267 3505 3337 ἔχει
3539 3269 3630 3320 ἵνα

2054 3357 2191 3426 πρὸς
2221 3355 2278 3408 σὲ
2302 3357 2449 3429 εἴπῃ.
2484 3358 2747 3423 Ἐξελθὼν
2775 3359 2832 3413 δὲ
2859 3354 3012 3422 οὗτος
3046 3358 3336 3431 ἀνήγγειλε
3362 3363 3426 3429 τῇ
3460 3360 3632 3430 κυρίᾳ

2052 3448 2217 3501 αὐτοῦ
2267 3448 2338 3501 τὰ
2387 3449 2538 3519 παρὰ
2569 3448 2664 3502 τοῦ
2688 3450 2939 3504 Ἰωάννου
2984 3449 3262 3520 λεχθέντα.
3303 3449 3366 3504 Ἠ
3396 3449 3453 3501 δέ
3486 3451 3632 3520 πρὸς

2052 3544 2214 3598 αὐτὸν
2244 3544 2347 3614 ἔφη
2369 3562 2384 3576 ο
2421 3546 2529 3598 Καὶ
2556 3545 2665 3615 ἄρα
2690 3544 2744 3597 τι
2772 3544 2885 3614 ἔχει
2920 3561 3011 3613 μοι
3036 3546 3064 3599 6
3098 3543 3311 3614 πτωχὸς
3340 3543 3514 3607 οὕτως
3547 3545 3629 3595 si-

2053 3640 2199 3699 πεῖν,
2252 3638 2327 3707 μὴ
2361 3637 2638 3708 δυναμένῃ
2686 3637 3106 3709 παρασταθῆναι
3152 3636 3303 3707 αὐτῷ
3343 3637 3437 3690 καὶ
3490 3637 3627 3690 ἰδεῖν

2050 3731 2245 3797 αὐτόν;
2277 3725 2399 3783 εἶτα
2432 3730 2754 3784 εἰσελθοῦσα
2782 3731 3087 3801 ἀπήγγειλε
3119 3730 3198 3800 τῷ
3220 3731 3377 3800 ἀνδρὶ
3404 3728 3581 3798 αὐτῆς
3606 3746 3623 3761 ’

2052 3824 2144 3874 καὶ
2174 3822 2321 3889 λέγει
2352 3822 2488 3893 αὐτῇ
2517 3824 2545 3875 6
2578 3823 2719 3894 ἀνήρ
2738 3837 2753 3853 ·
2772 3821 3030 3888 Ἀπελθε,
3059 3821 3219 3894 γυνὴ,
3238 3821 3331 3877 καὶ
3353 3824 3426 3892 μὴ
3450 3822 3623 3892 ὑπερ-

2049 3915 2320 3985 ηφανίσῃς
2372 3915 2463 3968 τὸν
2505 3916 2755 3985 πτωχόν·
2788 3916 2912 3969 ἐπεὶ
2941 3915 3070 3979 τοὺς
3128 3915 3327 3977 αὐτοὺς
3369 3915 3626 3984 πτωχοὺς

2049 4006 2333 4072 ἐξελέξατο
2364 4009 2392 4060 6
2422 4005 2575 4070 Θεός.
2607 4008 2718 4060 Καὶ
2738 4007 2814 4070 ὠς
2842 4005 2983 4061 οἶδεν
3005 4008 3035 4060 6
3061 4007 3311 4074 Ἰωάννης
3330 4007 3412 4059 ὅτι
3436 4005 3624 4074 ἐκείνη

2050 4097 2345 4167 ὑπερέθετο
2365 4136 2381 4161 ,
2422 4098 2586 4150 πάλιν
2619 4099 2773 4169 δηλοῖ
2820 4099 2958 4170 αὐτῇ
2987 4138 3002 4160 .
3033 4099 3206 4164 λέγων
3247 4096 3419 4159 οὕτως
3441 4111 3458 4127 ⁶
3494 4097 3623 4150 Ὀτι

2051 4192 2191 4260 μετὰ
2217 4195 2368 4263 τρεῖς
2402 4192 2617 4263 ἡμέρας
2662 4193 3015 4261 ἀποθνήσκω,
3065 4192 3158 4244 ἐὰν
3187 4190 3288 4243 οὐκ
3323 4189 3484 4260 ἔλθῃς
3525 4189 3624 4241 καὶ

2050 4283 2166 4354 ἴδῃς
2202 4300 2291 4354 με,
2335 4282 2507 4338 πολλὰ
2557 4283 2700 4353 ἔχεις
2746 4282 3107 4353 μετανοῆσαι.
3147 4282 3212 4334 Ἥ
3241 4280 3299 4334 δὲ
3331 4281 3623 4334 ἀκούσασα

2050 4377 2179 4446 περὶ
2216 4375 2313 4429 τοῦ
2346 4375 2582 4430 θανάτου
2605 4375 2771 4430 αὐτοῦ
2803 4375 3021 4446 ἐξῆλθε,
3049 4373 3143 4428 καὶ
3173 4372 3321 4441 λέγει
3344 4376 3458 4437 τοῖς
3486 4391 3621 4427 παι-

2049 4470 2132 4518 σὶν
2158 4467 2579 4539 αὐτῆςτλιιέρετέ
2617 4484 2709 4537 μοι
2743 4466 2909 4521 αὑτὸν
2947 4461 3070 4521 ὧδε.

424 4558 565 4614 XIII.
600 4560 689 4616 Ille
727 4579 856 4618 vero
897 4579 1020 4620 cum
1058 4577 1204 4624 esset
1249 4579 1553 4639 contectus,
1585 4575 1803 4647 agnosci
1830 4593 1937 4632 non

2121 4556 2221 4614 ιι·’.
2263 4559 2323 4613 '0
2369 4561 2428 4614 δὲ
2471 4560 3027 4629 κατακαλυψάμενος,
3072 4562 3165 4614 καὶ
3203 4561 3478 4629 ἄγνωστος
3516 4560 3619 4625 ὣν,

352 4660 583 4721 poterat,
639 4655 736 4710 sed
795 4657 912 4712 haec
980 4658 1157 4714 dixit:
1211 4659 1417 4718 Merces
1472 4673 1649 4725 tua,o
1684 4667 1928 4732 domina,

356 4747 630 4814 completa
679 4757 784 4812 est,
842 4749 986 4805 sicut
1044 4753 1307 4808 Dominus
1355 4755 1492 4810 dixit
1523 4757 1579 4811 in
1637 4757 1943 4830 Evangeliis

352 4836 488 4903 suis,
522 4854 630 4907 quo
682 4840 802 4897 loco
833 4842 909 4895 ait
934 4861 947 4896 :
972 4842 1305 4913 Quies-anque
1333 4847 1562 4914 feceritis
1592 4850 1684 4903 uni
1718 4867 1783 4905 ea:
1818 4853 1938 4906 istis

354 4930 612 5001 fratribus
654 4935 782 4986 meis
824 4936 1078 4998 minimis,
1105 4946 1153 4990 et
1185 4936 1313 4991 mihi
1356 4939 1613 5008 fecistis‘.
1640 4940 1752 5012 Ego
1783 4959 1935 5007 vero,

352 5031 414 5077 nt
441 5037 648 5091 pauper
681 5031 736 5077 et
789 5023 920 5077 nihil
987 5025 1217 5093 habens,
1265 5028 1698 5086 benedictionem
1751 5047 1938 5103 quam-

349 5116 475 5168 dam
517 5113 613 5167 tibi
654 5115 775 5169 volo
823 5104 1246 5190 derelinquere;
1273 5121 1371 5177 sed
1412 5122 1769 5191 jurejurando
1812 5140 1939 5194 pro-

348 5206 536 5260 mittas
568 5206 753 5273 velim,
781 5217 835 5264 te
861 5208 1129 5267 facturam
1152 5228 1276 5283 quae
1323 5214 1536 5282 dixero,
1570 5225 1628 5272 et
1654 5218 1730 5273 ita
1768 5218 1937 5274 bene-

347 5295 649 5352 dictionem
683 5299 942 5369 accipias.
988 5301 1199 5360 Juravit
1245 5305 1338 5361 illa
1400 5322 1461 5363 se
1519 5308 1935 5364 observaturam

349 5401 474 5455 quae
553 5390 945 5450 audiret.Tum
1007 5396 1100 5453 ille
1137 5416 1152 5453 :
1185 5396 1290 5454 Per
1321 5414 1470 5467 eum,
1522 5401 1715 5471 inquit,
1755 5402 1934 5473 ipsum

351 5488 404 5534 te
435 5480 702 5550 obtestor,
733 5500 833 5554 per
855 5501 1018 5557 quem
1063 5498 1119 5545 et
1172 5497 1230 5544 tu
1280 5490 1499 5561 iurasti,
1523 5507 1592 5549 ne
1611 5494 1807 5564 jubeas
1839 5510 1927 5550 me

347 5571 456 5627 alia
489 5585 638 5631 veste
667 5585 870 5634 tectum
895 5582 1135 5653 sepeliri,
1163 5582 1270 5638 nisi
1298 5584 1404 5640 hac
1429 5584 1567 5655 ipsa,
1592 5598 1756 5656 quam
1785 5602 1933 5643 nunc

300 5697 307 5703 -
350 5664 549 5737 habeo;
578 5678 637 5725 et
674 5670 732 5725 in
767 5672 872 5729 hoc
915 5674 1034 5745 ipso
1089 5677 1231 5743 loco,
1272 5676 1367 5734 ubi
1416 5680 1693 5752 tugurium
1746 5695 1929 5737 meum

420 5856 440 5887 '
469 5855 661 5912 Matth.
692 5870 818 5924 xxv,
852 5859 940 5915 40.

2043 4654 2192 4721 λέγει
2225 4653 2363 4724 πρὸς
2401 4653 2572 4721 αὑτήν
2595 4669 2609 4684 ·
2644 4654 2850 4723 Κυρία,
2885 4655 2914 4706 6
2946 4653 3137 4723 μισθός
3180 4670 3272 4705 σευ
3324 4652 3621 4723 πεπλήρωο

2041 4758 2151 4805 ται,
2187 4742 2367 4806 καθὼς
2412 4740 2566 4798 εἶπεν
2604 4746 2633 4797 6
2663 4744 2941 4813 Δεσπότης
2988 4746 3046 4797 ὲν
3074 4743 3448 4812 Εὑαγγελίοις,
3485 4732 3637 4798 ὅταν

2041 4836 2145 4908 ἔφη
2168 4852 2182 4867 ·
2225 4836 2350 4905 Ἐφ’
2373 4836 2526 4890 ὅσον
2563 4836 2888 4906 ἐποιήσατε
2917 4837 3009 4891 ἐνὶ
3039 4837 3265 4891 τούτων
3293 4835 3413 4891 τῶν
3438 4838 3616 4893 ἀδελ-

2039 4929 2172 4999 φῶν
2194 4946 2316 4998 μου
2342 4927 2459 4983 τῶν
2495 4929 2856 4997 ἐλαχίστων,
2909 4928 3040 4998 ἐμοὶ
3087 4928 3413 4995 ἐποιήσατε
3437 4945 3451 4960 ·
3497 4929 3619 4981 ἀλλ’

2041 5020 2152 5090 ἐγὼ
2180 5023 2345 5091 πένης
2379 5023 2474 5076 καὶ
2513 5022 2680 5094 μηδὲν
2712 5021 2875 5092 ἔχων,
2911 5023 3041 5092 μίαν
3070 5020 3326 5090 εὐλογίαν
3361 5037 3445 5075 σοι
3472 5020 3619 5074 θέλω

2039 5116 2395 5171 καταλιπεῖν
2434 5115 2573 5186 πλὴν
2605 5114 2807 5186 ὅμοσόν
2834 5131 2926 5185 μοι
2968 5116 3071 5171 ὅτι.
3117 5114 3173 5166 εἴ
3221 5131 3274 5167 τι
3314 5113 3619 5183 παρεγγυῶ
3690 5101 3707 5111 ’

2039 5225 2142 5272 σοι,
2171 5208 2331 5262 τοῦτο
2359 5211 2627 5278 ποιήσεις,
2656 5209 2752 5262 καὶ
2784 5208 2928 5262 οὕτω
2945 5208 3043 5277 τὴν
3070 5207 3323 5274 εὐλογίαν
3350 5206 3613 5276 ἀποδέξῃ.

2048 5301 2114 5354 Ἦ
2145 5301 2202 5355 δέ
2230 5299 2446 5370 ὤμοσεν
2493 5300 2643 5371 αὐτῷ
2677 5301 2761 5354 ὅτι
2801 5299 2978 5353 πάντα
3020 5298 3091 5353 τὰ
3123 5298 3482 5367 ἐντελλόμενα
3521 5298 3618 5350 ἐλί-

2037 5395 2341 5469 πληρὼσει.
2374 5396 2509 5449 Τότε
2538 5396 2688 5464 λέγει
2717 5393 2870 5465 αὐτῷ
2917 5396 2946 5447 6
2991 5393 3276 5463 Ἰωάννης·
3309 5391 3411 5445 Τὸν
3444 5390 3615 5445 αὑτὸν

2036 5487 2201 5560 ὅρκον
2229 5486 2287 5540 ὃν
2308 5485 2532 5557 ὥμοσάς
2567 5504 2683 5557 μοι,
2708 5487 2894 5556 κυρία,
2928 5485 3004 5556 μὴ
3032 5485 3203 5557 ἐάσῃς
3233 5500 3301 5555 με
3346 5482 3454 5538 ὑπὸ
3493 5481 3619 5534 ἐτέ-

2039 5596 2150 5650 ρων
2178 5579 2405 5649 ἱματίων
2421 5579 2806 5650 ἀμφωσθῆναι
2831 5579 2972 5650 πλὴν
2992 5576 3197 5632 τούτων
3211 5576 3320 5631 τῶν
3333 5569 3409 5630 ὧν
3429 5574 3616 5645 φορῶ,

2035 5677 2133 5731 καὶ
2159 5674 2219 5728 ἐν
2246 5674 2326 5745 τῷ
2356 5675 2509 5745 τόπῳ
2531 5673 2706 5745 τούτῳ
2736 5667 2891 5746 ᾧπερ
2921 5674 2955 5744 ἡ
2984 5672 3197 5744 καλύση
3228 5688 3320 5744 μοι
3360 5670 3584 5725 ἵσταται
3593 5706 3615 5740 ,
