3846 6464
328 369 434 435 581

1441 364 1618 428 ViTA
1662 367 1723 429 S.
1768 365 2091 429 JOANNIS
2130 368 2541 433 CALYBlT/E.

3475 368 3588 436 582

324 479 588 538 κέλευσίν
618 497 683 551 με
716 478 957 551 ταφῆναι
979 496 991 509 ·
1041 478 1124 532 ὅτι
1167 476 1384 544 ἀνάξιός
1412 479 1531 549 εἰμι
1569 479 1659 548 ὑφ’
1687 481 1886 550 ἐτέρων

1996 486 2100 543 est,
2140 479 2306 536 facias
2338 497 2424 537 me
2459 479 2674 536 humari
2709 497 2723 548 ;
2757 478 3017 551 quoniam
3052 493 3231 549 neque
3257 478 3379 535 aliis
3416 485 3588 537 vesti-

322 572 558 643 ἱματίων
588 570 683 625 καὶ
711 572 769 624 ἐν
798 569 1117 641 τιμιωτέρῳ
1140 570 1291 641 τόπῳ
1314 571 1765 641 ἐνταφιασθῆναι.
1783 570 1896 624 Kal.

314 664 491 719 ταῦτα
516 661 688 716 είπὼν
714 663 990 717 ἐπέδωκεν
1020 662 1157 734 αὐτῇ
1186 662 1245 715 τὸ
1282 661 1636 731 Εὐαγγέλιον,
1678 659 1853 730 λέγων
1880 678 1893 692 ·

320 757 514 809 Ἔσται
542 771 627 809 σοι
658 754 818 809 τοῦτο
848 755 906 808 ἐν
934 754 1012 826 τῷ
1044 754 1272 823 παρόντι
1324 754 1424 826 βίῳ
1468 753 1790 822 σύνδεσμος.
1837 755 1895 808 ἐν

314 850 373 904 δὲ
398 849 476 921 τῷ
510 849 764 921 μέλλοντι
792 849 950 902 αίῶνι
990 847 1198 918 ἐφόδιον
1228 846 1322 901 σοῦ
1350 865 1408 902 τε
1451 851 1546 902 καὶ
1576 847 1671 902 τοῦ
1700 848 1897 918 ἀνδρός

319 959 438 997 σου.
471 941 752 1012 Δεξαμένη
781 940 837 993 δέ
873 938 1013 1011 αὕτη
1042 940 1104 994 τὸ
1133 939 1492 1009 Εὐαγγέλιον,
1521 939 1617 993 καὶ
1634 941 1897 1012 ἀναστρε-

318 1033 531 1104 φομένη
560 1031 693 1088 αὐτὸ
711 1030 839 1085 ἔνθα
863 1032 958 1086 καὶ
971 1032 1392 1101 ὲκεῖσε,ἐλεγεν,
1418 1034 1500 1086 ὅτι
1524 1033 1592 1087 Ὅ
1603 1034 1753 1104 μοιόν
1776 1036 1893 1087 ἐστι

317 1125 479 1179 τοῦτο
510 1124 571 1177 τὸ
597 1122 934 1192 Εὐαγγέλιον
966 1123 1163 1194 ἐκείνῳ
1211 1122 1239 1177 ὃ
1280 1122 1687 1177 κατεσκεύασεν
1722 1125 1750 1177 6
1790 1125 1892 1178 κύ·

323 1216 437 1286 ριός
481 1233 585 1286 μου
613 1216 708 1268 καὶ
738 1214 970 1269 δέδωκεν
1010 1215 1090 1285 τῷ
1126 1213 1228 1283 υίῷ
1281 1216 1460 1288 ήμῶν.
1498 1215 1610 1269 Καὶ
1638 1215 1699 1269 τὺ
1728 1215 1894 1286 τάχος

321 1309 614 1374 ἐξελθοῦσα
644 1308 846 1373 ἔδειξεν
891 1306 1042 1379 αὐτῷ
1071 1308 1149 1379 τῷ
1192 1309 1348 1378 ἀνδρὶ
1379 1309 1442 1363 τὸ
1481 1309 1706 1381 βιϐλίον.
1746 1307 1893 1362 Ἰδὼν

320 1403 521 1463 ἐκεῖλος
548 1402 844 1473 ἐγνώρισεν
876 1400 1027 1465 αὐτὸ,
1056 1402 1149 1454 καὶ
1188 1400 1335 1470 λέγει
1360 1402 1493 1472 πρὸς
1515 1402 1687 1471 αὑτήν
1711 1416 1725 1430 ’
1762 1402 1892 1454 Ὀν-

318 1511 426 1557 τως
456 1492 615 1547 τοῦτό
646 1495 763 1547 ἐστι
792 1492 853 1546 τὸ
883 1493 1219 1563 Εὗαγγέλιον
1246 1492 1428 1558 τοῦτο,
1447 1495 1540 1546 καὶ
1561 1493 1659 1565 οὐχ
1683 1493 1890 1562 ἕτερον.

330 1585 490 1637 Ἀλλὰ
519 1584 685 1638 πόθεν
713 1585 846 1638 αὐτὸ
877 1583 1029 1655 ἐχει;
1073 1585 1168 1640 καὶ
1210 1584 1412 1654 πρέπει
1473 1586 1687 1658 ἐρωτᾷν
1727 1587 1892 1641 αὐτὸν

315 1676 423 1730 ποῦ
449 1677 596 1731 ἐστιν
650 1679 678 1731 6
726 1678 841 1741 υίὸς
895 1678 1053 1748 ήμῶν
1089 1677 1368 1749 Ἰωάννης.
1418 1678 1530 1731 Καὶ
1563 1678 1893 1744 ἀπελθόντες

1999 574 2124 639 bus,
2172 589 2351 644 neque
2380 575 2647 630 nobiliore
2697 575 2880 645 aliquo
2909 573 3030 629 loco
3057 587 3159 644 ego
3185 572 3383 643 dignus
3435 588 3583 629 sum.

2001 664 2128 720 llaec
2188 681 2311 721 cum
2374 667 2630 735 dixisset,
2690 668 2767 721 illi
2803 665 3155 737 Evangelium
3223 666 3464 732 tradidit,
3516 681 3583 723 ac

1997 756 2154 814 dixit:
2195 756 2311 813 Hoc
2352 757 2448 813 tibi
2480 759 2533 813 in
2566 760 2666 815 hac
2692 760 2800 816 vita
2829 758 3318 831 pr0pugnaculum,
3352 767 3407 813 et
3435 759 3583 816 illius

1997 849 2166 905 futuri
2219 849 2321 905 aevi
2383 850 2590 905 bonum
2654 860 2763 907 tam
2818 852 2938 919 tibi,
2974 866 3137 922 quam
3198 852 3419 906 domino
3465 866 3590 907 meo

1996 942 2118 998 viro
2164 951 2258 998 tuo
2292 942 2363 998 sit
2388 942 2670 998 viaticum.
2705 943 2794 999 Illa
2830 959 2953 999 cum
3012 943 3368 1016 Evangelium
3419 960 3583 999 aece«

1994 1035 2185 1105 pisset,
2225 1036 2462 1107 undique
2500 1035 2632 1091 illud
2671 1051 2915 1100 versans,
2952 1036 3029 1092 ait
3062 1054 3076 1090 :
3111 1036 3299 1092 Simile
3336 1035 3589 1107 Evange-

1994 1126 2127 1182 lium
2180 1126 2282 1182 hoc
2315 1127 2392 1182 illi
2439 1136 2541 1195 est,
2587 1127 2733 1198 quod
2788 1127 2919 1181 olim
2977 1128 3235 1183 dominus
3280 1145 3439 1184 meus
3473 1128 3587 1183 (ilio

1992 1226 2183 1274 nostro
2227 1219 2396 1275 dedit.
2454 1217 2707 1274 Cucurrit
2757 1216 2940 1290 igitur,
2970 1225 3025 1272 et
3048 1218 3165 1273 viro
3223 1233 3325 1273 suo
3375 1218 3578 1273 librum

1994 1309 2257 1366 ostendit.
2305 1309 2478 1376 Quem
2515 1327 2639 1365 cum
2669 1310 2758 1365 ille
2806 1309 3156 1381 agnovisset:
3185 1308 3344 1375 Vere,
3389 1310 3584 1380 inquit,

1994 1402 2345 1474 Evangelium
2401 1403 2533 1458 illud
2582 1403 2688 1458 hoc
2720 1411 2824 1467 est,
2857 1411 2912 1457 et
2957 1417 3065 1456 non
3110 1401 3275 1456 aliud.
3323 1402 3430 1456 Sed
3481 1418 3584 1455 nn-

1994 1494 2190 1550 denam
2225 1495 2342 1566 ipse
2373 1495 2476 1549 hoc
2529 1494 2755 1549 habuit?
2782 1495 2882 1547 Par
2908 1505 2992 1548 est
3029 1494 3179 1548 illum
3226 1495 3582 1564 interrogare,

1992 1586 2214 1643 ubinam
2255 1589 2326 1643 sit
2365 1587 2505 1642 (ilius
2551 1596 2737 1641 noster
2793 1586 3053 1641 Joannes.
3106 1583 3243 1640 Cum
3296 1584 3460 1655 igitur
3512 1584 3582 1639 ad

1993 1678 2174 1751 ipsum
2206 1680 2512 1743 venissent,
2554 1678 2834 1734 dixerunt:
2867 1676 3224 1732 Obtestamur
3264 1685 3315 1730 te
3360 1692 3456 1746 per
3479 1692 3582 1745 pu-

315 1768 619 1839 ἀμφότεροι
658 1769 795 1839 πρὸς
845 1768 1007 1822 αὐτὸν
1048 1769 1298 1837 λέγουσιν
1337 1768 1520 1840 αὑτῷ⁹
1564 1768 1886 1842 Ὁρκίζομέν

1993 1772 2266 1828 rissimam
2301 1771 2646 1838 Trinitatem,
2682 1780 2742 1827 ut
2774 1771 2935 1825 nobis
2984 1785 3112 1825 vere
3170 1769 3348 1834 dicas,
3401 1768 3581 1823 unde-

1917 1821 1966 1881 B

315 1873 376 1913 σε
406 1860 547 1913 κατὰ
570 1862 669 1931 τῆς
699 1860 969 1931 ἀχράντου
995 1860 1247 1932 Τριάδος,
1281 1861 1368 1915 ἵνα
1397 1863 1530 1933 ἡμῖν
1561 1864 1722 1936 εἴπῃς
1748 1864 1886 1933 μετὰ

1995 1878 2117 1917 nam
2173 1861 2524 1934 Evangelium
2572 1862 2677 1916 hoc
2734 1860 3015 1922 habueris,
3069 1867 3122 1914 et
3171 1859 3263 1912 ubi
3317 1858 3388 1913 sit
3431 1858 3574 1911 filius

313 1950 499 2022 πάσης
520 1951 798 2022 ἀληθείας,
833 1951 998 2006 πόθεν
1027 1969 1111 2007 σοι
1148 1954 1211 2006 τδ
1240 1954 1575 2023 Εὑαγγέλιον
1603 1955 1780 2021 τοῦτο,
1795 1956 1891 2009 καὶ

313 2044 418 2097 ποῦ
450 2043 598 2098 ἔστιν
629 2047 657 2099 6
689 2044 804 2109 υἱὸς
845 2045 1010 2117 ήμῶν
1043 2046 1330 2117 ’.Ιωάννηςς
1367 2046 1424 2100 '0
1471 2045 1530 2101 δὲ
1583 2047 1659 2119 μὴ
1704 2048 1889 2119 φέρων

311 2137 412 2208 τὴν
442 2136 696 2210 δακρύων
742 2137 956 2207 κίνησιν
997 2137 1178 2206 λέγει·
1217 2138 1360 2207 Ἐγώ
1403 2139 1519 2208 είμι
1567 2139 1824 2212 Ἰωάννης
1862 2142 1890 2195 6

312 2230 431 2291 υίὸς
459 2229 636 2301 ὑμῶν,
665 2229 760 2285 καὶ
786 2230 847 2284 τὸ
875 2230 1051 2284 αἴτιον
1080 2231 1209 2302 ὑμῖν
1240 2229 1453 2299 πολλῶν
1482 2229 1734 2302 δακρύων
1755 2249 1769 2264 ·
1796 2232 1891 2286 καὶ

312 2323 374 2375 τὸ
408 2322 741 2390 Εὑαγγέλιον
774 2323 935 2377 τοῦτό
975 2324 1090 2376 ἐστι
1123 2322 1186 2376 τὸ
1231 2322 1383 2377 δοθέν
1419 2339 1510 2394 μοι
1542 2322 1678 2393 παρ’
1712 2324 1886 2394 ὑμῶν.

324 2414 491 2468 Ἀλλὰ
525 2414 770 2486 ποθήσας
801 2415 895 2469 τὸν
929 2416 1167 2486 Χριστόν
1195 2432 1321 2484 μου,
1350 2415 1590 2486 ὲφόρεσα
1613 2417 1702 2469 τὸν
1726 2417 1890 2485 ζυγὸν

312 2507 480 2561 αὐτοῦ
515 2507 606 2560 τὸν
650 2508 1036 2580 ἐλαφρότατον.
1091 2509 1201 2564 Καὶ
1233 2508 1567 2573 ἀκούσαντες
1614 2511 1662 2562 οἱ
1712 2513 1888 2579 γονείς

314 2598 481 2653 αὑτοῦ
503 2600 698 2654 ἔπεσον
727 2601 819 2655 ἐπὶ
848 2601 940 2654 τὸν
968 2600 1242 2673 τράχηλον
1271 2600 1462 2668 αὐτοῦ,
1490 2601 1583 2655 καὶ
1605 2600 1714 2656 ἀπὸ
1742 2600 1889 2674 ὥρας

314 2689 539 2760 πρώτης
574 2690 678 2755 ἕως
726 2689 877 2758 ὥρας
904 2690 1097 2761 τρίτης
1138 2689 1440 2754 κλαίοντες,
1488 2689 1630 2744 ὥστε
1680 2690 1888 2755 πάντας

312 2784 438 2846 τοὺς
467 2783 525 2836 ἐν
552 2785 618 2853 τῇ
654 2782 807 2835 πῦλει
857 2779 1142 2845 οἰκοῦντας
1190 2780 1284 2834 ἐπὶ
1333 2782 1401 2852 τῇ
1449 2779 1760 2851 φανερώσει
1791 2761 1888 2834 rod

314 2873 431 2928 υἱοῦ
458 2874 640 2928 αὐτῶν
666 2873 893 2929 κλαίειν.

380 2965 479 3023 1Δ’.
509 2969 623 3022 Ἵνα
650 2967 707 3022 δὲ
743 2967 819 3040 μὴ
851 2969 885 3039 ή
909 2966 1081 3040 σεμνή
1109 2966 1278 3022 αὐτοῦ
1308 2967 1404 3022 καὶ
1454 2968 1752 3038 ἁμόλυντος
1786 2980 1885 3023 πο-

312 3060 489 3113 λιτεία
514 3059 601 3114 διὰ
634 3060 861 3131 μηδενὸς
891 3059 1048 3113 τοῦδε
1085 3057 1203 3130 βίου
1226 3057 1460 3132 θορύϐου
1490 3059 1800 3131 παροραθῇ,
1826 3061 1885 3114 ἐν

312 3150 586 3221 πνεύματι
614 3150 694 3221 τῷ
726 3150 1079 3206 συλλαλοῦντι
1109 3149 1285 3222 αὐτῷ,
1334 3150 1625 3221 παρέδωκε
1659 3152 1760 3222 τὴν
1804 3168 1885 3204 τι·
1910 3187 1952 3243 C

312 3244 440 3314 μίαν
474 3243 637 3298 αὐτοῦ
673 3244 850 3316 ψυχὴν
882 3243 964 3316 τῷ
1011 3243 1152 3315 Θεῷ.
1203 3243 1365 3297 Ἀλλὰ
1410 3245 1444 3314 ή
1499 3244 1682 3314 μήτηρ
1714 3241 1879 3297 αὐτοῦ

308 3337 673 3408 ἐπιλαθομένη
721 3337 817 3390 τοῦ
847 3337 1252 3410 προειρημένου
1284 3337 1475 3408 ὅρκου,
1509 3336 1757 3403 ἐξέδυσεν
1782 3338 1881 3389 αὐ-

306 3427 399 3481 τὸν
426 3428 495 3481 τὰ
526 3428 746 3499 ρακώδη
796 3430 991 3499 ἱμάτια
1019 3465 1035 3491 ,
1073 3429 1167 3481 καὶ
1202 3427 1453 3481 ἐνέδυσεν
1488 3425 1655 3479 αὐτὸν
1684 3425 1883 3497 χρυσό-

309 3536 495 3591 στημα
513 3535 527 3550 ’
567 3519 877 3583 ἐνδυθέντος
904 3519 964 3573 δὲ
983 3520 1149 3574 αὐτοῦ
1169 3518 1364 3585 ταῦτα,
1395 3518 1602 3582 εὐθέως
1629 3519 1662 3588 ή
1696 3519 1882 3589 μήτηρ

305 3612 405 3682 ὅλη
443 3612 744 3684 παρελύθη.
791 3612 850 3667 '0
878 3612 972 3666 οὖν
1015 3612 1203 3685 πατὴρ
1246 3612 1416 3665 αὑτοῦ
1462 3614 1542 3677 είς
1572 3610 1881 3681 ἀνάμνησιν

306 3703 481 3760 ἐλθὼν
511 3706 611 3776 τῆς
649 3706 919 3776 αἰτήσεως
976 3706 1167 3771 αὐτοῦ,
1214 3699 1363 3758 εἴπεο
1392 3705 1504 3775 Τήν
1557 3703 1753 3775 βουλὴν
1785 3703 1879 3757 τοῦ

304 3799 497 3853 τέκνου
522 3798 681 3871 ήμῶν
713 3799 1053 3868 ποιήσωμεν.
1088 3799 1199 3852 Καὶ
1231 3797 1593 3861 ἀποδοθέντος
1618 3797 1783 3850 αὐτοῦ
1812 3796 1881 3849 τὰ

304 3892 669 3963 χρυσόπημα
695 3890 904 3962 ίμὰτια,
934 3892 1031 3945 καὶ
1061 3891 1224 3945 πάλιν
1257 3891 1326 3945 τὰ
1357 3890 1575 3963 ρακώδη
1605 3888 1881 3943 είσδυθέν-

306 4000 420 4049 τος,
452 3983 598 4037 κατὰ
641 3984 741 4053 τὴν
772 3983 936 4037 αὑτοῦ
966 3984 1243 4050 κέλευσιν,
1293 3985 1640 4055 παραχρῆμα
1685 3982 1807 4053 ίάθη
1844 3984 1878 4056 ή

308 4076 494 4146 μήτηρ
514 4075 703 4129 αὐτοῦ.
732 4076 838 4130 Τοῦ
869 4076 927 4129 δὲ
954 4077 1113 4145 ἁγίου
1141 4076 1333 4147 ἀνδρὸς
1360 4075 1612 4144 λείψανον
1642 4075 1877 4145 κατέθη-

305 4186 411 4222 καν
435 4169 494 4222 ἐν
525 4168 712 4243 ἐκείνῃ
740 4172 804 4241 τῇ
839 4168 1052 4243 καλύόῃ
1104 4169 1156 4221 οἰ
1199 4171 1377 4237 γονεῖς
1410 4169 1576 4222 αὐτοῦ
1599 4184 1614 4199 ·
1647 4166 1794 4239 ἱερόν
1817 4185 1877 4220 τε

305 4258 410 4318 ὦδε
438 4264 845 4335 ἀναστήσαντες
867 4257 1016 4317 οἷκον
1045 4263 1140 4318 καὶ
1158 4263 1286 4316 ναὸν
1323 4263 1678 4333 παμμεγέθη,
1697 4262 1878 4325 δόντες

304 4359 364 4410 ἐν
396 4358 589 4428 ἐκείνῳ
618 4356 694 4426 τῷ
724 4356 852 4427 θείῳ
881 4356 994 4428 ναῷ
1036 4357 1218 4410 πᾶσαν
1260 4356 1359 4426 τὴν
1412 4352 1647 4426 ὓπαρξιν
1675 4355 1874 4420 αὐτῶν,

306 4449 402 4502 καὶ
432 4448 634 4517 πολλήν
655 4447 751 4519 τὴν
774 4447 1028 4512 ἐξουσίαν
1054 4446 1467 4518 ἀφιερώσαντες
1496 4448 1576 4508 είς
1600 4445 1876 4499 διακονίαν

1991 1965 2183 2011 noster
2232 1953 2496 2011 Joannes.
2558 1954 2650 2009 llle
2702 1968 2827 2008 cum
2876 1953 3235 2025 laerymarum
3276 1947 3386 2006 vim
3436 1942 3579 2007 ferre

1991 2060 2098 2100 non
2131 2054 2351 2116 posset:
2393 2044 2523 2116 Ego,
2562 2044 2756 2115 inquit,
2775 2059 2895 2100 sum
2925 2042 3166 2099 Joannes
3198 2044 3341 2100 ﬁlius
3368 2055 3569 2100 vester:

1990 2150 2090 2208 ego
2121 2151 2242 2191 sum
2270 2135 2565 2191 multarum
2596 2135 2956 2208 lacrymarum
2999 2135 3153 2191 vobis
3180 2151 3363 2192 causa.
3396 2135 3574 2191 Evano

1988 2226 2190 2298 gelium
2228 2227 2331 2283 hoc
2363 2227 2496 2283 illud
2527 2236 2632 2294 est,
2660 2227 2804 2298 quod
2851 2243 2948 2285 vos
2976 2228 3111 2283 mihi
3153 2227 3403 2283 dedistis.
3461 2227 3575 2282 Sed

1988 2318 2262 2374 Christum
2310 2333 2494 2374 meum
2533 2319 2876 2386 desiderans,
2953 2330 3120 2373 suave
3194 2318 3338 2373 illius
3383 2318 3575 2391 jugum
3652 2328 3655 2333 ‘

1988 2412 2224 2481 portavi.
2288 2409 2414 2467 Haec
2464 2426 2589 2467 cum
2643 2421 2900 2482 parentes
2974 2410 3331 2476 audivissent,
3370 2411 3437 2465 ad
3480 2410 3573 2467 lilii

1988 2503 2190 2558 collum
2223 2519 2283 2560 se
2345 2502 2691 2574 abjecerunt,
2722 2512 2774 2558 et
2804 2504 2872 2559 ab
2915 2503 3048 2558 hora
3076 2503 3252 2574 prima
3286 2518 3456 2573 usque
3506 2503 3574 2559 ad

1988 2604 2195 2650 sextam
2233 2595 2307 2650 ita
2330 2596 2617 2659 ﬂeverunt,
2656 2604 2717 2651 ut
2743 2611 2955 2663 omnes,
2987 2595 3078 2666 qui
3119 2597 3317 2651 urbem
3356 2596 3576 2652 habita-

1988 2687 2255 2755 bant,una
2290 2702 2413 2743 cum
2446 2687 2550 2743 illis
2582 2686 2754 2741 [ilium
2784 2687 3029 2759 agnitum
3060 2685 3331 2743 ﬂcverint.

2056 2966 2201 3023 XIV.
2232 2967 2306 3024 Ut
2346 2984 2475 3024 vero
2534 2968 2655 3039 ejus
2686 2977 2833 3023 recta
2899 2974 2954 3023 et
3025 2974 3210 3021 sancta
3272 2965 3567 3028 institutio,

1988 3061 2136 3117 nulla
2166 3060 2294 3117 vita:
2354 3060 2520 3132 hujus
2556 3059 2971 3131 perturbatione
2994 3058 3381 3119 macularetur,
3420 3058 3566 3112 illius

1988 3154 2246 3225 Spiritus,
2271 3169 2433 3225 quem
2451 3153 2763 3223 loquentem
2797 3151 2851 3206 in
2872 3166 2929 3206 se
2954 3150 3204 3208 habebat.
3224 3165 3326 3219 ope
3350 3148 3571 3219 adjutus

1986 3247 2222 3301 animam
2280 3260 2434 3299 suam
2458 3242 2569 3298 Deo
2609 3243 2864 3298 reddidit.
2912 3242 2980 3296 At
3014 3242 3133 3311 ejus
3175 3248 3348 3295 mater
3400 3239 3569 3294 oblita

1986 3339 2133 3411 quod
2172 3339 2479 3410 juraverat,
2535 3336 2789 3391 laceratis
2834 3334 3081 3390 vestibus
3110 3333 3259 3387 illum
3293 3333 3462 3396 exuit,
3516 3343 3571 3385 et

1987 3431 2171 3485 aureis
2220 3429 2419 3494 induit,
2470 3427 2675 3497 quibus
2747 3442 2870 3482 cum
2911 3426 3245 3479 illeindutus
3280 3432 3449 3487 esset,
3479 3439 3571 3476 re-

1988 3533 2148 3594 pente
2175 3532 2349 3577 mater
2381 3519 2674 3591 paralytica
2701 3518 2893 3573 effecta
2923 3525 3025 3571 est.
3089 3517 3227 3571 Cum
3267 3530 3400 3569 vero
3449 3516 3570 3583 ejus

1987 3626 2140 3688 pater
2150 3616 2312 3671 verba
2328 3614 2471 3669 illius
2488 3612 2749 3668 memoria
2764 3619 3049 3681 repeteret:
3071 3608 3346 3673 Servetnr,
3371 3609 3569 3678 inquit,

1987 3709 2131 3779 quoil
2196 3706 2374 3761 sancti
2412 3705 2586 3760 nostri
2649 3702 2745 3758 filii
2768 3702 3019 3756 voluntas
3083 3699 3399 3770 postulavit.
3429 3699 3566 3750 Cum

1987 3801 2152 3873 igitur
2188 3800 2370 3854 aureis
2407 3797 2652 3853 vestibus
2710 3811 2836 3851 eum
2890 3794 3189 3857 exuissent,
3224 3791 3421 3845 laceris
3454 3791 3562 3844 illis

1988 3893 2303 3953 induerunt,
2332 3906 2467 3961 quas
2508 3900 2666 3945 antea
2724 3887 2928 3942 habere
2959 3886 3149 3940 solitus
3178 3886 3372 3939 fuerat.
3440 3882 3561 3947 Quo

1985 3985 2151 4051 facto,
2188 3983 2375 4039 statim
2399 3982 2520 4052 ejus
2564 3989 2739 4036 mater
2794 3986 2983 4034 sanata
3017 3986 3122 4032 est.
3183 3976 3335 4031 Illius
3376 3987 3559 4030 autem

1986 4074 2159 4131 sancti
2192 4073 2295 4129 viri
2321 4072 2583 4141 reliquias
2612 4072 2666 4124 in
2700 4069 2917 4142 tugurio
2956 4068 3048 4121 illo
3076 4076 3332 4137 parentes
3371 4065 3565 4119 condi-

1984 4168 2205 4233 derunt,
2255 4172 2309 4220 et
2359 4180 2568 4220 sacram
2620 4163 2790 4218 aedem
2856 4160 2966 4214 illic
2996 4159 3045 4213 ei
3114 4164 3563 4217 construxerunt,

1984 4259 2274 4325 omniaque
2337 4258 2480 4312 bona
2522 4271 2620 4311 sua
2668 4270 2821 4310 sacro
2853 4253 2930 4306 illi
2987 4251 3191 4320 templo
3220 4251 3561 4305 dedicarunt.

1983 4353 2230 4422 Cumque
2257 4349 2454 4404 multas
2474 4348 2735 4419 pecunias
2764 4348 2819 4400 in
2858 4344 3271 4425 peregrinorum
3306 4342 3559 4395 miltile-

1986 4444 2127 4498 rium
2161 4442 2544 4507 contulissent,
2570 4439 2626 4493 in
2672 4454 2803 4509 pace
2853 4438 2997 4492 diem
3073 4450 3234 4489 suum
3286 4432 3558 4487 obierunt.

304 4541 415 4595 τῶν
446 4540 633 4607 ξένων,
661 4540 1036 4612 ἐκοιμήθησαν
1063 4542 1120 4594 ἐν
1148 4541 1362 4612 εἰρήνη.
1395 4536 1543 4606 Αὕτη
1569 4539 1603 4609 ή
1632 4536 1880 4591 πολιτεία

1991 4534 2112 4589 Ηωο
2139 4535 2243 4589 fuit
2292 4532 2521 4590 Joannis
2577 4531 2872 4592 institutio,
2922 4531 3039 4584 haec
3095 4528 3311 4589 vita,et
3356 4535 3559 4580 saneta:

304 4629 398 4683 τοῦ
427 4630 702 4696 Ἰωάννου,
736 4623 889 4694 οὗτος
921 4632 951 4683 6
983 4629 1096 4700 βίος
1138 4631 1235 4683 καὶ
1269 4632 1298 4682 6
1325 4629 1526 4701 δρόμος
1571 4627 1672 4697 τῆς
1717 4629 1878 4700 ἁγίας

305 4724 592 4794 ἀσκήσεως
639 4723 827 4777 αὑτοῦ.
880 4722 1037 4777 Οὕτω
1069 4723 1321 4792 πατήσας
1363 4721 1455 4775 τὸν
1505 4721 1879 4792 ἀντικείμενον

301 4814 509 4887 ἠξιώθη
546 4814 640 4869 τοῦ
675 4815 934 4888 βραϐείου
968 4819 1069 4886 τῆς
1113 4816 1226 4871 ἄνω
1271 4814 1541 4887 κλήσεως,
1574 4817 1634 4866 ἐν
1658 4814 1880 4885 Χριστῷ

302 4908 382 4979 τῷ
416 4909 608 4980 Κυρίῳ
639 4911 819 4981 ήμῶν,
851 4904 895 4979 ᾧ
923 4912 957 4983 ή
985 4910 1113 4977 δόξα
1158 4910 1254 4965 καὶ
1280 4909 1342 4964 τὸ
1370 4910 1575 4981 κράτος
1619 4908 1700 4972 είς
1751 4909 1877 4970 τοὺς

302 5002 506 5054 αίῶναο
536 5003 644 5055 τῶν
675 5002 909 5059 αἰώνων.
944 5003 1140 5074 ’Δμήν.

1985 4626 2156 4697 ipsius
2185 4623 2586 4680 exercitationis
2612 4622 2771 4677 ratio.
2814 4620 2931 4684 Hic,
2970 4622 3213 4690 inquam,
3261 4631 3385 4671 cum
3437 4617 3557 4669 dia-

1987 4720 2169 4775 bolum
2235 4719 2629 4780 conculcasset,
2708 4728 2959 4784 supernae
3014 4710 3315 4766 vocationis
3374 4709 3561 4762 bravii)

1986 4812 2181 4883 dignus
2213 4808 2442 4865 cﬂ'eetus
2494 4818 2599 4875 est,
2657 4807 2827 4879 gratia
2866 4814 2921 4862 et
2972 4804 3306 4874 benignitate
3346 4800 3558 4854 Domini

1986 4906 2159 4960 nostri
2192 4904 2321 4960 Jesu
2345 4902 2588 4957 Christi:
2634 4901 2721 4956 cui
2779 4899 2945 4972 gloria
2972 4906 3026 4953 et
3063 4894 3352 4964 imperium
3385 4893 3437 4946 in
3461 4908 3560 4947 sae-

1985 5000 2104 5054 cula
2139 4997 2482 5053 saeculorum.
2509 4997 2703 5050 Amen.
