3846 6494
332 437 3547 496 3W

1337 664 1522 775 DE
1608 658 1729 772 S.
1826 652 2597 771 EUTHYMIO

1079 885 1533 949 IIEGUMENO
1577 884 1656 944 IN
1701 878 1985 942 EREMO
2030 877 2363 961 SANCTJE
2405 875 2840 937 CIVITATIS.

1303 1051 1468 1109 (Anno
1491 1047 1598 1096 475.
1622 1047 1730 1096 Jan.
1758 1042 1837 1092 20.
1863 1068 1926 1078 --
1950 1041 2174 1092 Bolland.
2195 1041 2255 1090 ad
2274 1041 2402 1090 hanc
2425 1038 2599 1102 diem.)

316 1325 347 1399 ᾗ
400 1328 462 1399 1.
503 1325 694 1399 Lattrq'
752 1331 794 1372 el
826 1317 1062 1399 urina-obii
1129 1313 1478 1399 (ιὶιγετειιιξα.Δ
1630 1309 1903 1399 Ειιιιιεμηίἱ
1932 1317 1982 1375 Α
2009 1307 2068 1364 S.
2094 1307 2366 1378 Euthymii
2391 1305 2734 1373 conscripsit,
2761 1305 2920 1376 paulo
2945 1315 3065 1376 post
3099 1322 3297 1362 annum
3321 1309 3448 1366 Chr.
3477 1310 3586 1366 500

392 1398 602 1463 aliaque
634 1395 772 1445 circa
812 1384 1234 1456 Hierosolymam
1272 1384 1616 1449 monasteria,
1647 1393 1692 1436 et
1726 1384 1895 1451 prima

389 1466 715 1521 exercitatio.

389 1603 442 1655 1.
469 1599 707 1654 Primum
726 1594 932 1652 ordinis
959 1591 1245 1647 monastici
1271 1590 1632 1644 institutorem
1656 1584 1898 1655 agnoscit

320 1693 610 1749 Palaestina
660 1689 718 1744 S.
753 1687 1104 1749 llilarionem,
1156 1682 1335 1751 magni
1391 1678 1610 1733 Antonii
1663 1676 1897 1743 discipu-

321 1788 453 1840 lum.
486 1803 504 1836 t
534 1781 773 1838 Necdum
802 1777 969 1844 enim,
1001 1775 1179 1846 inquit
1202 1774 1260 1828 S.
1286 1771 1647 1842 Hieronymus
1672 1769 1724 1822 in
1752 1767 1898 1821 illius

321 1875 606 1944 Vita,tunc
637 1870 968 1929 monasteria
995 1878 1151 1923 erant
1178 1867 1230 1921 in
1259 1864 1584 1920 Palaestina:
1614 1875 1713 1916 nec
1743 1859 1892 1930 quis-

318 1985 481 2040 quam
526 1965 822 2022 monachos
856 1976 983 2019 ante
1009 1963 1068 2017 S.
1103 1959 1428 2013 Hilarionem
1455 1956 1509 2009 in
1541 1953 1699 2024 Syria
1732 1966 1892 2005 nove-

331 2070 415 2115 rat
448 2059 574 2116 :ille
606 2056 857 2111 fundator
903 2063 953 2109 et
996 2052 1239 2107 eruditor
1273 2047 1432 2114 huius
1471 2041 1896 2100 conversationis

319 2161 374 2207 tt
403 2150 563 2206 studii
600 2149 654 2203 in
689 2149 791 2202 hac
823 2145 1102 2216 provincia
1141 2142 1260 2195 fttit.
1295 2156 1313 2191 ι
1347 2138 1412 2192 Ει
1447 2151 1569 2190 mox
1604 2151 1618 2188 :
1653 2151 1671 2186 t
1713 2133 1897 2203 Itaque

320 2245 436 2312 tjus
465 2240 711 2310 exemplo
753 2245 1040 2307 cwpcrunt
1082 2234 1153 2290 ibi
1183 2227 1740 2287 esseinnnmerabilia
1784 2241 1898 2279 mo.

325 2331 582 2396 Lasteria,
654 2329 708 2382 in
772 2328 968 2397 quibus
1016 2324 1404 2379 monachorum
1459 2319 1754 2374 admiratus
1816 2326 1898 2370 est

323 2424 379 2478 S.
409 2423 636 2479 Basilius
660 2420 831 2490 Epist.
873 2418 938 2474 79
966 2417 1031 2470 ad
1060 2414 1419 2478 Enstatbium,
1452 2411 1761 2481 episc0pum
1799 2408 1898 2462 Sc-

325 2516 532 2577 lastiae,
561 2522 670 2567 tum
704 2511 757 2566 in
781 2510 1046 2565 servanda
1095 2508 1254 2562 diana
1295 2501 1728 2573 temperantiam,
1783 2510 1895 2551 tmn

326 2611 377 2663 in
413 2604 764 2662 observandis
804 2602 1078 2657 laboribus
1136 2596 1512 2661 tolerantiam;
1571 2595 1636 2647 ad
1665 2606 1894 2661 quorum

324 2699 600 2769 obstupuit
639 2695 895 2766 precandi
955 2695 1213 2764 vigorem,
1260 2706 1383 2744 cum
1434 2687 1750 2744 observaret
1793 2697 1898 2752 quo

290 2789 294 2792 ’
325 2801 483 2861 pacto
511 2804 610 2842 nec
656 2802 844 2841 somno
871 2783 1022 2846 victi,
1052 2796 1152 2835 nec
1194 2779 1292 2833 alia
1323 2787 1527 2832 natura:
1580 2773 1905 2830 necessitate

324 2879 538 2942 deﬂexi,
563 2877 851 2960 sublimem
883 2886 1098 2942 semper
1125 2880 1179 2925 et
1205 2871 1457 2924 invictum
1484 2867 1650 2921 animi
1681 2879 1902 2920 sensmn

325 2975 380 3028 in
413 2973 554 3028 fame
583 2983 638 3026 et
673 2969 784 3034 siti,
823 2969 873 3020 in
917 2965 1120 3035 frigore
1164 2975 1218 3019 et
1261 2963 1504 3017 nuditate
1532 2968 1830 3023 servarent,
1879 2977 1898 3010 ι

323 3073 431 3118 etc.
462 3062 559 3116 llis
586 3067 951 3116 consentanea
993 3055 1182 3110 scribit
1228 3051 1567 3108 Sozomenus
1608 3049 1705 3104 lib.
1730 3064 1780 3104 vt
1811 3045 1905 3100 lli-

325 3165 460 3210 stor.
520 3153 669 3208 Eccl.
733 3166 855 3218 cap.
911 3147 1002 3214 52,
1039 3157 1096 3201 et
1147 3145 1536 3198 monachorum
1595 3139 1906 3210 complures

328 3247 621 3302 sanctitate
649 3238 890 3298 celebres
926 3239 1246 3296 nominatim
1297 3247 1565 3300 recenset;
1616 3235 1680 3290 de
1709 3233 1905 3302 quibus

329 3355 427 3396 nos
462 3337 613 3400 alibi,
636 3345 691 3390 et
721 3335 1057 3404 potissimum
1090 3331 1161 3385 28
1193 3330 1470 3400 Septemb.
1501 3328 1586 3396 ,de
1623 3326 1682 3381 S.
1711 3325 1905 3400 Chari-

328 3447 476 3497 tone,
501 3433 592 3503 qui
625 3430 684 3486 S.
706 3428 970 3484 llilarioni
1013 3441 1247 3491 coaevus,
1281 3424 1456 3495 prima
1497 3422 1822 3478 monasteria
1851 3421 1905 3475 in

325 3540 510 3581 eremo
539 3532 744 3579 sanctae
781 3518 1037 3586 civitatis,
1070 3519 1136 3572 de
1167 3516 1364 3587 quibus
1411 3531 1558 3579 mox,
1584 3513 1854 3569 exstruxit
1887 3527 1902 3564 :

323 3629 379 3674 et
420 3616 490 3671 28
537 3614 684 3682 Maii,
715 3629 822 3684 quo
842 3612 929 3667 die
956 3610 1129 3666 sancti
1161 3607 1412 3663 monachi
1451 3605 1650 3661 ibidem
1684 3619 1715 3660 a
1745 3601 1905 3658 Sara-

325 3711 476 3766 cenis
518 3707 683 3763 occisi
722 3705 991 3759 coluntur.
1029 3699 1140 3756 Hos
1171 3708 1435 3754 memorat
1466 3697 1758 3753 Cassianus
1798 3693 1909 3749 col-

328 3813 415 3868 ιξιι,
449 3800 500 3866 6,
519 3814 640 3867 cap.
667 3798 691 3850 1
719 3813 733 3851 :
760 3815 778 3849 t
805 3796 1040 3849 Summa:
1065 3793 1186 3847 vita:
1203 3807 1265 3847 ac
1284 3790 1590 3846 sanctitatis
1614 3786 1907 3843 monachos

329 3897 632 3950 diutissime
681 3899 1050 3947 commoratos
1103 3887 1256 3957 juxta
1298 3886 1518 3942 Tltecue
1551 3884 1752 3947 vicum,
1806 3894 1904 3936 sex

334 3989 571 4044 millibus
605 4001 865 4058 passuum
901 3999 932 4038 a
978 3982 1350 4045 Bethleltemo,
1410 3982 1463 4034 in
1483 3976 1774 4033 solitudine
1817 3987 1908 4028 va-

2002 1411 2281 1458 exstructa
2309 1409 2410 1454 est.
2437 1398 2593 1452 l‘land
2628 1398 2696 1452 ab
2720 1413 2780 1452 ea
2811 1399 2966 1472 longe
2997 1401 3062 1454 ad
3093 1401 3403 1470 speluncam
3441 1405 3588 1459 Sau-

2001 1494 2090 1558 lis,
2115 1494 2168 1548 in
2200 1508 2384 1547 eremo
2422 1493 2545 1547 olim
2583 1489 2848 1562 Engaddi,
2899 1499 3008 1546 tum
3049 1490 3255 1562 Ziphou
3278 1495 3440 1563 dicta,
3463 1513 3585 1551 mo-

2007 1587 2305 1641 nasterium
2340 1584 2397 1640 S.
2439 1586 2760 1656 Euthymius
2825 1587 3154 1640 construxit.
3217 1587 3289 1640 At
3335 1604 3440 1644 non
3487 1592 3580 1644 ditt

2001 1678 2162 1733 isthic
2189 1686 2432 1732 moratus
2461 1687 2562 1732 est.
2598 1677 2675 1730 Ad
2709 1676 2846 1730 viam
2874 1675 3335 1732 l-lierichuutinam
3363 1681 3589 1749 potissi-

2000 1784 2143 1824 mam
2175 1768 2296 1822 vita:
2323 1779 2526 1836 partem
2567 1767 2778 1836 exegit:
2817 1768 2991 1835 primo
3021 1769 3074 1821 in
3102 1769 3236 1824 cella
3273 1781 3426 1824 extra
3464 1770 3586 1825 lau-

2002 1876 2116 1916 ram
2150 1859 2388 1926 Pltaran,
2407 1867 2524 1930 post
2544 1857 2594 1912 in
2629 1857 2877 1913 cmnobio
2904 1858 3184 1924 inferiore,
3208 1861 3292 1914 cui
3317 1860 3377 1917 S.
3407 1859 3584 1918 Theo-

2000 1956 2212 2008 ctistum
2239 1953 2574 2025 praefecerat,
2603 1951 2790 2006 decem
2830 1951 3070 2006 millibus
3114 1967 3368 2021 passuum
3392 1969 3419 2006 a
3457 1970 3587 2008 san-

1998 2057 2083 2102 cta
2106 2047 2597 2114 civitate,denique
2628 2045 2680 2100 iu
2717 2044 2866 2098 lattra
2927 2059 3045 2114 qua:
3074 2043 3260 2099 Sancti
3299 2045 3582 2118 Euthymii

2000 2141 2144 2194 dicta
2175 2149 2279 2203 est,
2308 2150 2468 2208 atque
2502 2138 2569 2192 ab
2607 2137 2862 2192 inferiore
2907 2137 3080 2193 sancti
3127 2137 3422 2195 Theoctisti
3466 2157 3581 2197 cce-

2004 2235 2164 2288 nobio
2250 2233 2424 2286 tribus
2506 2231 2744 2286 millibus
2821 2246 3074 2299 passuum
3157 2248 3346 2288 versus
3417 2236 3588 2289 meri-

2005 2325 2146 2377 diem
2220 2325 2455 2378 distabat
2505 2323 2569 2376 ad
2622 2323 2898 2376 dexteram
2969 2323 3067 2376 via:
3125 2322 3577 2380 lliericl'tuntiuat.

1998 2415 2135 2470 Hinc
2173 2417 2390 2485 triginta
2439 2415 2630 2469 stadiis
2655 2416 2842 2467 aberat
2872 2411 3066 2469 Turris
3102 2415 3169 2469 ab
3196 2416 3432 2471 Eudocia
3472 2419 3577 2471 im-

2001 2511 2268 2577 peratrice
2311 2507 2449 2562 infra
2489 2522 2638 2561 unm.
2681 2506 2751 2561 84
2793 2518 2996 2570 erecta,
3042 2507 3130 2560 ubi
3189 2515 3579 2565 monasterium

2002 2597 2268 2654 Scltolat'ii
2306 2597 2427 2652 dein
2474 2599 2742 2652 exstruxit
2773 2596 2830 2652 S.
2863 2595 3056 2662 Sabas,
3112 2599 3201 2666 qui
3245 2599 3296 2652 in
3335 2600 3581 2669 subjecta

1934 2701 1975 2756 Β
2005 2690 2428 2760 circumquaque
2463 2690 2597 2744 valle
2625 2691 2731 2744 duo
2771 2690 2873 2743 alia
2913 2693 3263 2754 monasteria,
3309 2704 3363 2746 ct
3413 2697 3555 2765 po..is

2005 2784 2201 2839 simum
2239 2803 2255 2836 ‹
2289 2783 2530 2853 angelico
2564 2783 2724 2837 ductu
2754 2799 2773 2832 ι
2799 2781 2865 2835 ad
2894 2780 3210 2838 Torrentem
3262 2785 3580 2854 primariam

2008 2893 2160 2932 suam
2186 2877 2390 2930 lanram
2417 2877 2694 2930 condidit:
2737 2891 2765 2928 a
2797 2890 2905 2944 qua
2931 2878 3146 2946 triginta
3201 2879 3441 2949 quinque
3477 2892 3587 2934 sta-

1980 2969 2110 3024 diis
2139 2970 2393 3034 distabat,
2441 2967 2827 3040 Hierosolyma:
2868 2969 3240 3040 propinquius,
3271 2973 3582 3028 C(Bnobttttll

2010 3060 2067 3116 S.
2105 3061 2426 3127 Theodosii;
2467 3073 2520 3114 at
2549 3061 2839 3130 nonaginta
2883 3077 3073 3117 versus
3108 3062 3421 3119 interiorem
3454 3068 3588 3120 soli-

2010 3154 2253 3209 tudinem
2285 3152 2532 3208 Susacint
2585 3153 2643 3208 S.
2687 3154 2946 3219 Qniriaci,
2985 3155 3136 3223 juxta
3184 3158 3324 3224 quod
3372 3176 3391 3209 ι
3432 3156 3585 3212 ﬂuvii

2010 3245 2166 3301 Sucte
2195 3256 2250 3301 et
2275 3260 2427 3300 novae
2473 3245 2638 3300 laurae
2676 3248 2835 3300 ambo
2872 3248 3224 3312 conveniunt,
3254 3249 3346 3319 qui
3380 3250 3458 3304 illi
3488 3251 3585 3306 fe-

2010 3349 2204 3394 runtur
2227 3341 2290 3394 de
2316 3338 2514 3409 quibus
2536 3339 2752 3394 Christo
2783 3340 2984 3393 dictum
3018 3354 3045 3392 a
3083 3340 3281 3396 Davide
3313 3360 3327 3396 :
3356 3342 3435 3397 Tu
3473 3345 3587 3399 sic-

2008 3429 2146 3486 casti
2170 3430 2362 3486 ﬂuvios
2391 3431 2564 3486 Ethan
2593 3428 2764 3500 (Psal.
2783 3447 2985 3500 Lxxvu,
3010 3431 3148 3500 15.),
3175 3452 3192 3486 ι
3231 3444 3289 3488 ut
3308 3435 3372 3489 ad
3403 3433 3584 3490 Vitam

2010 3523 2364 3580 S.Tbeodosii
2399 3524 2601 3578 dictum
2624 3533 2706 3579 est
2733 3525 2792 3578 H
2825 3525 3331 3591 Januarii,num.18
3365 3529 3506 3585 et19
3530 3531 3586 3585 in

2007 3611 2444 3686 Prolegothce
2461 3614 2672 3683 aliaque
2695 3615 2920 3685 plut-ima
2942 3618 3132 3673 ltarunt
3158 3622 3438 3688 regionum
3467 3635 3588 3676 mo-

2007 3709 2244 3764 nasteria
2261 3708 2518 3764 dicuntur
2537 3708 2586 3761 in
2609 3707 2839 3761 concilio
2860 3708 3457 3780 Constantinopolitano
3481 3716 3584 3770 sub

2005 3797 2248 3869 Agapeto
2266 3813 2399 3868 papa
2423 3797 3001 3881 etMenna'patriarcba
3022 3801 3582 3872 anu.Clt.536‘ltabito,

2009 3891 2243 3958 itemque
2294 3907 2321 3942 a
2370 3890 2580 3947 Joanne
2623 3893 2878 3958 Moscho,
2926 3895 3150 3964 aliisque
3187 3899 3585 3966 scriptoribus,

2015 4000 2036 4035 ι
2062 3992 2247 4037 sancta
2276 3981 2478 4038 Christi
2521 3985 2631 4039 veri
2667 3985 2757 4040 Dei
2789 3985 3132 4066 nostriloca,
3164 3995 3219 4041 et
3247 3991 3583 4044 monasteria

332 4082 592 4148 stissitna,
643 4096 763 4150 qua:
803 4077 950 4132 ducit
1000 4091 1195 4131 versus
1220 4073 1473 4128 Arabiam
1506 4081 1561 4126 et
1585 4081 1736 4124 mare
1764 4064 1910 4120 Mor-
1933 4077 1976 4138 ε
2008 4075 2177 4129 eremi
2222 4085 2424 4130 sancta:
2457 4077 2713 4131 civitatis,
2754 4093 2773 4128 ι
2802 4075 2938 4131 Hinc
2961 4064 3315 4147 corrigendus
3349 4078 3578 4133 Fram-i-

333 4183 504 4225 tuum.
536 4189 554 4222 ι
597 4170 671 4224 De
701 4170 893 4224 horum
918 4177 1218 4238 spontaneo
1251 4163 1578 4229 ministerio,
1610 4176 1718 4232 quo
1761 4178 1780 4213 t
1813 4174 1908 4230 per

332 4271 552 4317 extenta
572 4261 689 4316 avia
719 4261 1138 4328 discurrentem
1163 4267 1220 4313 et
1255 4270 1521 4320 eremum,
1551 4269 1674 4323 quae
1714 4266 1908 4308 versus

332 4368 483 4409 mare
519 4352 791 4407 Mortuum
819 4352 1078 4414 tenditur,
1109 4349 1393 4412 obeuntes,
1429 4343 1667 4399 festucas
1715 4350 1906 4397 tenues

329 4453 386 4500 et
418 4444 659 4515 spinulas
705 4443 978 4514 lignorum
1021 4441 1089 4495 ad
1139 4439 1292 4494 cibos
1337 4435 1650 4507 coquendos
1689 4433 1907 4503 collige-

330 4540 482 4602 bant,
521 4553 542 4589 ι
577 4536 688 4607 agit
723 4536 863 4590 idem
888 4533 1181 4589 Cassianus
1221 4530 1386 4583 lib.tv
1415 4527 1653 4595 lnstitut,
1679 4525 1904 4595 eap.2|,

327 4632 569 4699 adeoque
603 4629 669 4681 de
701 4624 889 4696 regula
917 4626 1106 4679 horum
1153 4622 1606 4676 monasteriorum
1657 4619 1710 4672 in
1768 4617 1908 4674 sole-

331 4719 806 4788 mnitateTertiaa,
838 4718 1015 4771 Sexta:
1037 4715 1306 4783 Nonaque
1329 4713 1546 4767 disserit
1569 4711 1700 4765 ibid.
1717 4710 1808 4764 lib.
1824 4725 1906 4773 ιιι,

329 4832 446 4885 cap.
474 4815 496 4868 1
517 4827 572 4869 et
589 4815 642 4868 '5.
667 4814 797 4880 Quae
816 4813 880 4866 de
898 4808 1196 4870 monachis,
1215 4808 1304 4876 qui
1324 4807 1376 4858 in
1396 4805 1542 4859 hisce
1562 4805 1799 4871 partibus
1818 4813 1905 4856 aut

330 4905 387 4962 S.
419 4906 762 4977 Enthymium
798 4907 1213 4970 prascesserunt,
1241 4905 1331 4950 aut
1355 4897 1403 4949 ei
1432 4895 1666 4949 nondum
1691 4895 1905 4949 condita

329 5001 478 5052 lanra
512 4995 892 5056 convixeruut,
922 4989 1214 5043 verisimile
1243 4987 1644 5041 estaCassiano
1674 4988 1904 5040 narrari.

397 5093 453 5144 2.
483 5087 724 5144 Celebris
759 5096 870 5139 tum
907 5090 1023 5137 erat
1067 5081 1215 5134 laura
1238 5080 1478 5143 Pharan,
1503 5079 1741 5148 itemque
1769 5079 1908 5132 Suc-

313 5201 392 5240 cae
443 5178 648 5235 veteris
705 5193 718 5229 :
779 5176 954 5230 ambze
1006 5189 1128 5227 cum
1186 5173 1344 5227 tertia
1394 5172 1460 5226 ad
1516 5171 1804 5226 Jordancm
1877 5187 1903 5224 a

318 5282 375 5329 ὁ.
417 5272 714 5329 Cbaritone
743 5276 1033 5324 exstructa:
1071 5283 1084 5320 :
1126 5265 1213 5320 illa
1242 5283 1260 5316 t
1296 5280 1389 5318 sex
1440 5263 1760 5316 milliaribus
1796 5279 1889 5317 ver

2007 4179 2133 4220 scus
2166 4161 2514 4230 Quaresmius
2539 4176 2669 4221 tom.
2694 4164 2737 4219 Il
2765 4166 3149 4222 Elucidationis
3173 4166 3356 4222 Terra:
3378 4184 3589 4225 saneta:

2007 4256 2101 4311 lib.
2129 4272 2205 4322 VI,
2228 4258 2559 4327 peregrinat.
2597 4257 2653 4322 3,
2681 4273 2802 4328 cap.
2839 4259 2892 4324 9,
2939 4260 3028 4313 ubi
3058 4262 3252 4316 asserit
3298 4279 3315 4312 t
3357 4262 3409 4316 itt
3433 4264 3586 4317 lanra

2009 4347 2066 4402 S.
2119 4345 2273 4403 Saba:
2315 4349 2524 4403 ostendi
2569 4349 2764 4403 cellam
2815 4345 2874 4403 S.
2917 4347 3190 4420 Enthymii
3245 4349 3590 4420 aliorumque

2009 4441 2097 4511 qui
2130 4441 2183 4493 in
2213 4458 2272 4493 ea
2314 4441 2558 4495 doctrina
2596 4451 2648 4495 et
2691 4443 2814 4494 vita:
2848 4441 3136 4495 sanctitate
3169 4442 3516 4510 ﬂoruerunt;
3559 4460 3578 4491 ι

2007 4548 2128 4586 cum
2158 4533 2338 4599 procul
2374 4531 2495 4586 inde
2521 4535 2734 4602 propria
2761 4534 2908 4586 laura
2935 4535 3150 4596 obierit,
3179 4534 3270 4588 ditt
3299 4549 3425 4590 ante
3472 4536 3587 4589 lau-

2011 4639 2122 4678 ram
2167 4623 2222 4682 S.
2255 4622 2410 4679 Sabze
2428 4635 2782 4690 exstructam,
2823 4636 2880 4678 nt
2908 4642 3028 4680 mox
3058 4625 3086 4699 ς
3123 4626 3152 4679 4
3178 4627 3403 4694 patebit.

2080 4719 2133 4773 5.
2165 4719 2409 4786 Disputat
2440 4719 2634 4772 ibidem
2663 4718 3016 4786 Qnarosmius
3060 4721 3124 4775 de
3157 4722 3473 4776 monasterii
3531 4729 3588 4776 ct

2011 4812 2175 4866 lanra:
2223 4812 2592 4876 distinctione,
2631 4814 2933 4881 asseritque
2965 4832 2984 4865 (
3012 4813 3098 4868 illa
3125 4814 3387 4868 duntaxat
3410 4830 3592 4869 coeno-

2013 4905 2122 4971 bia,
2153 4921 2270 4974 qure
2297 4903 2526 4973 amplius
2560 4905 2699 4958 mille
2728 4907 3024 4959 monachos
3067 4907 3438 4971 continebant,
3465 4906 3589 4958 latt-

2015 5012 2127 5050 ram
2153 4997 2453 5064 appellari:
2507 5015 2525 5047 ι
2563 4997 2632 5049 ita
2688 5013 2746 5051 se
2795 5013 2822 5050 a
2873 4997 3077 5053 Grtecis
3126 4999 3436 5068 accepisse,
3486 4997 3587 5051 sed

2014 5088 2287 5142 modernis
2342 5101 2442 5142 nec
2491 5088 2610 5141 fidei
2666 5089 2850 5153 bonae,
2907 5097 2961 5143 et
3013 5091 3192 5143 munis
3247 5090 3589 5158 antiquitatis

2013 5181 2234 5247 ignaris.
2275 5178 2433 5234 Certe
2466 5196 2583 5234 Clllll
2629 5181 2776 5233 laura
2810 5179 2867 5234 S.
2901 5180 3168 5248 Euthymii
3218 5197 3324 5234 non
3370 5184 3594 5236 cederet

2012 5271 2177 5326 lauras
2195 5270 2429 5335 Pharan,
2463 5281 2519 5324 ut
2541 5271 2704 5340 liquet
2733 5288 2795 5324 ex
2837 5271 2994 5339 huius
3024 5274 3128 5326 vita
3166 5289 3316 5329 num.
3353 5273 3446 5341 4|,
3474 5275 3586 5329 iniu

316 5379 411 5421 sus
447 5365 712 5420 orientem
746 5362 836 5415 via
865 5359 1277 5415 Hierichuntina
1317 5356 1556 5410 distabat
1599 5354 1903 5426 llicrosolyr
1934 5372 1988 5431 ι)
2018 5377 2272 5432 prospera
2300 5371 2353 5417 et
2375 5361 2499 5416 felix
2537 5373 2699 5429 esset,
2729 5370 2783 5417 ct
2808 5364 2930 5433 ejns'
2950 5366 3372 5432 amplificaretur
3400 5365 3591 5418 multi-

327 5460 454 5526 mis,
487 5474 516 5510 a
562 5456 678 5510 vico
708 5455 895 5510 decem
935 5453 1061 5507 inde
1101 5452 1292 5507 stadiis
1330 5452 1396 5504 ad
1440 5452 1609 5505 solent
1649 5451 1914 5504 orientem

331 5551 438 5606 sito
469 5546 768 5619 appellata.
803 5564 824 5599 ι
853 5542 980 5600 Hazc
1005 5551 1123 5599 erat
1164 5544 1216 5598 in
1252 5553 1378 5597 ante
1415 5543 1557 5598 dicta
1597 5542 1737 5596 ultra
1770 5540 1914 5596 Tlte-

331 5653 432 5693 cue
459 5635 779 5702 solitudine,
809 5634 957 5691 circa
984 5633 1502 5706 quam'l‘heocorum
1523 5633 1909 5687 monasterium

333 5726 459 5792 fuit,
484 5728 599 5782 sive
637 5728 935 5795 Thecoum,
961 5730 1028 5783 de
1064 5743 1171 5798 quo
1203 5741 1351 5781 num.
1401 5725 1469 5780 86
1505 5733 1558 5778 et
1600 5723 1723 5790 124,
1749 5734 1912 5793 atque

332 5830 400 5872 ex
431 5815 552 5888 eius
575 5816 745 5874 ruinis
775 5817 927 5874 laura
973 5831 1137 5884 nova,
1181 5815 1234 5872 in
1283 5829 1390 5885 qua
1439 5812 1678 5885 Cyrillus
1728 5813 1908 5869 V'itam

2014 5455 2164 5522 tudo,
2189 5453 2454 5519 nunt.45,
2481 5454 2742 5509 deductus
2793 5463 2876 5508 est
2925 5454 3151 5508 fratrum
3201 5471 3466 5510 numerus
3518 5452 3587 5508 ad

2011 5542 2426 5612 quinquaginta.
2454 5560 2472 5594 ι
2514 5542 2575 5596 Et
2609 5544 2708 5599 sub
2747 5561 2765 5594 t
2805 5542 2862 5598 S.
2890 5543 3027 5598 Saba
3054 5545 3333 5599 intantum
3357 5560 3595 5614 congre-

2009 5634 2154 5701 gatio
2185 5635 2378 5699 crevit,
2416 5653 2434 5686 ι
2476 5644 2536 5690 ut
2564 5636 2618 5690 in
2651 5635 2802 5690 Iaura
2835 5637 2952 5707 ejus
2985 5638 3158 5707 primo
3191 5657 3209 5688 ε
3236 5648 3587 5706 septuaginta

2008 5724 2229 5780 Christo
2268 5727 2570 5783 servientes
2606 5738 3062 5798 congregarentur
3095 5745 3108 5782 :
3142 5751 3160 5781 ι
3207 5743 3315 5798 quo
3359 5743 3591 5784 numero

2007 5816 2285 5888 duplicato
2324 5818 2515 5874 deinde
2547 5818 2764 5874 fuerunt
2790 5831 3005 5875 centum
3039 5821 3451 5893 quinquaginta.
3475 5821 3595 5875 Att-
