3846 6452
252 312 358 377 535

1258 312 1433 375 VITA
1469 316 1529 375 S.
1558 312 1965 376 EUTIIYMH.
2003 341 2071 350 --
2106 315 2492 377 PROLEMIA.

3412 321 3520 387 586

251 446 374 486 ctus
435 427 597 484 etiam
639 427 781 482 ultra
809 442 1065 483 numerus
1102 437 1222 483 est:
1272 429 1416 483 haud
1445 446 1507 512 co
1564 440 1744 485 tamen
1777 440 1832 483 ιιι
1860 437 1909 496 Α
1935 429 2217 487 Tiumtlteo
2265 431 2478 499 A‘Jluro,
2508 432 2738 504 benigne
2764 434 2975 507 excepit
3006 444 3060 492 et
3083 435 3235 505 fovit,
3261 451 3407 492 num.
3428 436 3516 494 94.

249 521 642 577 hecatontadas
675 519 882 588 aliquot
907 520 1171 590 expleret.
1204 517 1441 575 Sanctus
1478 535 1694 591 quoque
1722 520 1831 574 Ge-

250 610 509 681 rasimus,
541 612 678 668 infra
705 630 856 669 num.
877 613 967 680 89,
998 633 1016 666 ι
1056 614 1349 668 maximam
1385 614 1435 667 in
1463 613 1715 669 Jordanis
1745 629 1833 668 so-

243 705 479 762 litudine
514 708 742 773 lauram,
778 723 899 778 qua:
944 690 1063 760 non,
1090 708 1376 775 pauciores
1415 722 1575 776 quam
1606 718 1830 776 septua-

244 804 396 869 ginta
462 798 1112 853 anachoretas'habebat
1177 799 1501 852 construxit.
1551 818 1570 850 ι
1629 797 1830 852 Contra

241 892 553 947 coenobium
581 890 639 945 S.
673 888 964 946 Theodosii
1012 890 1407 960 amplissimum
1452 900 1589 954 erat,
1638 890 1830 958 inquo

240 994 480 1053 quatuor
530 983 815 1038 diSIittCltB.
867 992 1025 1037 erant
1077 983 1344 1037 ccclesitr.‘
1400 980 1479 1036 Ex
1560 981 1828 1035 universae

238 1076 412 1129 eremi
446 1075 695 1146 plurimis
721 1074 1067 1128 monasteriis
1103 1073 1169 1127 ad
1222 1073 1410 1126 decem
1438 1071 1605 1124 millia
1640 1084 1825 1124 mona-

222 1170 470 1235 chorum
508 1185 594 1221 au.
621 1166 753 1222 Chr.
813 1167 914 1221 516
957 1165 1385 1237 Hierosolymam
1417 1172 1824 1229 convenerunt;

102 1266 129 1281 ‘
222 1238 440 1329 {quibus
473 1271 742 1329 prmerant
776 1258 875 1314 SS.
920 1259 1258 1314 Theodosius
1281 1268 1334 1313 et
1366 1257 1558 1322 Sabas,
1607 1258 1827 1310 univer-

225 1325 385 1408 Isales
416 1370 443 1407 a
475 1352 715 1409 Salustio
766 1354 1075 1424 patriarcha
1134 1354 1470 1421 inspectores
1522 1349 1821 1421 designati.

241 1446 319 1500 Ex
365 1447 565 1516 quibus
620 1446 810 1500 iterum
872 1444 1227 1512 Quaresmius
1276 1445 1650 1512 corrigendus,
1695 1443 1822 1497 dum

240 1541 356 1593 vult
381 1540 446 1593 10
478 1540 641 1592 millia
688 1539 1076 1592 monachorum
1116 1537 1244 1590 hinc
1293 1536 1417 1590 inde
1454 1552 1549 1605 per
1577 1535 1738 1590 cellas
1760 1550 1823 1590 ac

237 1630 529 1699 speluncas
582 1644 772 1698 sparsa
837 1627 1142 1682 solitariam
1211 1628 1386 1699 egisse
1457 1626 1661 1693 vitam,
1718 1625 1821 1680 alia

231 1734 472 1793 quatuor
497 1722 549 1775 in
574 1721 923 1784 monasterio,
952 1736 1183 1790 quorum
1230 1718 1396 1774 abbas
1442 1717 1604 1773 fuerit
1635 1717 1690 1772 8.
1724 1717 1823 1772 Sa-

2157 566 2184 639 §
2216 566 2279 621 ll.
2314 567 2585 640 Euthymii
2617 574 2892 636 sanctitas,
2930 573 3041 628 dies
3073 574 3288 630 natalis.

2003 705 2058 758 5.
2099 703 2520 763 Exercitationis
2548 709 2862 765 monasticae
2896 710 3182 779 disciplina
3213 713 3391 767 omnis
3425 731 3523 781 per

1932 795 2214 850 universas
2239 796 2477 851 Orientis
2526 783 2781 868 orbisque
2807 802 2944 856 adeo
2972 802 3164 872 reliqui
3188 804 3518 873 provincias,

1930 888 2153 941 Antonii
2197 888 2377 959 Magni
2419 900 2501 944 est
2539 891 2884 948 institutione
2919 893 3144 953 fundata
3187 915 3202 952 :
3238 899 3516 968 proprium

1931 985 2111 1030 tamen
2133 991 2197 1031 ac
2222 977 2574 1045 peculiarem,
2593 981 2684 1049 qui
2713 984 2766 1035 in
2791 998 2976 1038 eremo
3003 996 3208 1041 sancta:
3270 988 3520 1044 Civitatis

1924 1068 2217 1138 degebant,
2265 1069 2309 1123 si
2360 1086 2467 1125 non
2521 1082 2800 1127 auctorem
2846 1090 2910 1131 ac
2945 1087 3249 1146 parentem,
3299 1082 3517 1136 ascetici

1924 1170 2074 1217 certe
2101 1164 2353 1218 curriculi
2383 1165 2821 1221 exercitatorem-
2839 1184 3159 1240 morumque
3181 1172 3246 1228 ad
3276 1174 3517 1228 coelestia

1928 1254 2105 1309 studia
2127 1254 2530 1309 formandorum
2551 1259 2867 1326 magistrum
2890 1275 3145 1329 magnum
3166 1261 3515 1333 Euthymium

1893 1348 2313 1428 4agnoscebant,
2333 1348 2607 1418 vitamque
2624 1349 2743 1419 ejus
2763 1351 2908 1406 velut
2924 1354 3230 1408 absolutum
3256 1356 3519 1423 religiosa-

1926 1438 2143 1493 virtutis
2179 1441 2457 1509 exemplar
2489 1441 2882 1510 sequebantur.
2916 1445 3099 1511 Quare
3135 1463 3256 1502 cum
3292 1449 3514 1516 soleret,

1927 1538 2064 1585 teste
2111 1528 2317 1602 Cyrillo
2367 1532 2423 1585 in
2468 1531 2592 1599 Vita
2636 1534 2696 1587 8.
2733 1533 2912 1603 Sabas,
2962 1536 3281 1610 Euthymitts
3324 1552 3518 1610 quarto

1922 1624 2136 1679 decimo
2173 1624 2418 1680 Januarii
2462 1641 2678 1697 semper
2722 1630 2998 1698 proﬁcisci
3047 1632 3101 1685 in
3142 1618 3346 1687 vastam
3389 1636 3516 1691 soli-

1926 1708 2190 1782 tudinem,
2220 1726 2275 1773 et
2309 1719 2419 1775 illic
2460 1722 2667 1776 versari
2706 1722 2761 1775 in
2805 1724 3003 1779 divinis
3049 1724 3241 1780 diebus
3275 1725 3514 1796 jejunio—

232 1792 357 1870 bas.
387 1811 603 1882 Septem
646 1813 782 1883 ipse,
833 1811 1155 1881 Euthymius
1209 1813 1334 1874 tria,
1372 1812 1525 1882 plura
1578 1811 1816 1886 ipsprnm
1851 1792 1894 1847 Β
1924 1826 2065 1875 rum,
2099 1812 2232 1866 nulli
2274 1828 2332 1867 se
2358 1814 2647 1869 videndum
2686 1817 2955 1886 pra‘bens,
2990 1824 3045 1872 et
3086 1792 3355 1874 neminem
3385 1822 3516 1877 allo-

231 1907 511 1975 discipuli,
537 1904 768 1973 majores
796 1916 848 1960 et
879 1905 1043 1959 cozcvi
1094 1902 1433 1977 azditicaraut
1488 1920 1584 1958 seu
1632 1918 1818 1957 mona-

230 2000 404 2057 steria
441 1999 776 2064 sculauras;
835 2014 956 2068 qua:
1001 1995 1348 2062 differebant,
1384 2015 1402 2048 t
1445 1999 1584 2067 quod
1617 1998 1668 2051 in
1701 2011 1816 2051 cu:-

227 2092 417 2149 nobiis
457 2092 531 2146 illt
578 2093 823 2145 viverent
865 2091 956 2160 qui
1009 2090 1168 2143 vitam
1203 2090 1533 2144 exercebant
1574 2104 1817 2144 commu-

226 2200 394 2251 nem;
432 2185 483 2238 in
534 2182 704 2237 lauris
726 2196 875 2248 vero,
898 2182 988 2251 qui
1017 2198 1044 2235 a
1083 2183 1471 2251 congressiohe
1510 2195 1815 2251 separatam

229 2289 290 2333 et
326 2278 585 2347 quietam.
619 2294 637 2326 ι
669 2273 745 2328 Ita
770 2273 1006 2345 Cyrillus
1057 2274 1109 2327 in
1154 2272 1276 2328 Vita
1325 2276 1381 2328 8.
1426 2277 1601 2329 δεὼειι.
1641 2278 1817 2344 Atque

229 2370 381 2425 intra
418 2383 566 2421 num.
595 2366 666 2421 45
694 2377 747 2419 et
769 2365 838 2420 98
863 2366 915 2418 ἰιι
950 2367 1096 2418 laura
1129 2363 1188 2418 S.
1222 2366 1495 2436 Euthymii
1523 2365 1817 2436 unicuique

228 2460 339 2516 fuit
369 2460 631 2514 aediﬁcata
652 2459 783 2513 cella
809 2474 824 2522 ;
855 2470 908 2513 et
930 2459 1079 2511 cella:
1107 2458 1335 2511 fratrum
1376 2467 1533 2512 erant
1576 2476 1604 2510 a
1639 2473 1697 2512 se
1728 2459 1813 2511 itt-

228 2554 408 2607 vicem
437 2546 490 2605 in
528 2551 702 2604 media
753 2548 1045 2604 solitudine
1097 2547 1372 2615 sejunctas.
1402 2549 1466 2602 Et
1489 2548 1548 2603 8.
1589 2548 1815 2603 Gerasi-

235 2663 361 2703 tnus
415 2646 470 2699 in
507 2645 689 2699 medio
717 2643 885 2697 lauru:
918 2644 1223 2696 coenobium
1277 2643 1581 2707 collocavit,
1619 2644 1671 2696 iit
1706 2658 1813 2711 quo

230 2742 485 2797 monachi
534 2740 708 2809 primo
764 2737 1182 2801 exercebantur,
1227 2751 1380 2803 quos,
1430 2750 1550 2788 cum
1590 2734 1664 2786 ad
1699 2749 1816 2803 per-

228 2834 485 2890 femiouis
536 2844 824 2886 mensuras
879 2838 1265 2899 pervenerant,
1330 2828 1384 2878 itt
1441 2825 1591 2879 cellis
1646 2825 1812 2878 lautae

228 2930 570 2991 collocabat;
636 2938 836 2995 eosque
892 2921 1252 2976 anachoret‘as
1309 2919 1651 2989 appellabant
1695 2936 1709 2972 :
1758 2920 1811 2974 in

229 3037 466 3092 quorum
500 3031 701 3075 sortem
746 3033 850 3074 non
881 3015 1276 3086 cooptaliantur
1317 3010 1546 3080 juvenes
1587 3021 1681 3065 aut
1710 3012 1814 3066 int-

229 3114 459 3180 berbcs;
494 3112 720 3180 ideoque
762 3126 790 3163 a
832 3110 892 3163 8.
929 3106 1220 3179 Enthymio
1273 3106 1473 3159 missus
1506 3114 1591 3158 est
1620 3103 1678 3159 8.
1709 3104 1813 3159 Sa-

230 3208 334 3263 bas
365 3207 427 3258 ad
460 3201 843 3257 monasterium
876 3200 933 3253 8.
970 3197 1291 3260 'l'lteoctisti,
1328 3205 1383 3250 et
1430 3193 1489 3249 S.
1528 3193 1815 3260 Quiriacus

230 3302 302 3351 ad
327 3295 713 3350 monasterium
741 3291 798 3344 8.
818 3288 1110 3352 Gerasimi,
1142 3298 1197 3342 et
1217 3288 1274 3341 8.
1298 3287 1492 3352 Sabas,
1521 3286 1580 3340 8.
1604 3285 1814 3356 Euthy-

230 3389 329 3442 tnii
388 3384 670 3455 exetuplo,
707 3381 979 3435 imberbes
1034 3380 1322 3447 ablegabat
1381 3379 1450 3432 ad
1504 3376 1813 3433 comobiutn

229 3486 295 3537 8.
325 3479 635 3535 Theodosii.
672 3478 747 3531 De
800 3475 950 3529 laura
1000 3475 1070 3527 ita
1118 3474 1313 3528 Suidas
1356 3489 1368 3523 :
1408 3473 1520 3527 Καὶ
1575 3472 1812 3544 λαύραή

227 3569 400 3634 στενὴ
430 3564 684 3618 κατοικία
700 3562 809 3615 τῶν
842 3563 1112 3632 μοναχῶν.
1134 3580 1159 3612 1
1189 3561 1366 3616 Laura
1399 3563 1564 3617 etiam
1587 3572 1812 3633 angusta

224 3658 624 3713 monachorum
660 3654 870 3707 domus.
906 3672 926 3704 ν
1685 3650 1692 3657 ’

301 3751 354 3803 4.
395 3749 595 3803 Eadem
661 3747 800 3800 ratio
855 3745 1071 3799 vivendi
1137 3745 1486 3800 auachoretis
1548 3745 1602 3799 itt
1662 3744 1814 3801 hisce

230 3843 439 3905 lauris,
483 3854 602 3909 quae
641 3836 1008 3891 Nitriensibus
1060 3837 1408 3891 anachoretis
1457 3838 1512 3890 in
1555 3836 1810 3914 Egypto,

230 3934 517 4004 descripta
556 3951 584 3986 a
625 3931 868 3985 Palladio
920 3932 974 3984 in
1011 3930 1251 3985 Historia
1281 3927 1540 3983 Lansiaca
1571 3946 1691 3999 cap.
1719 3928 1809 3995 69,

222 4038 282 4081 et
307 4024 526 4079 ltutﬁno
556 4023 650 4077 lib.
690 4038 726 4076 ιι
781 4020 848 4075 de
878 4021 1015 4077 Vitis
1046 4021 1270 4074 Patrum
1303 4034 1425 4088 cap.
1463 4020 1552 4073 2L
1595 4038 1614 4070 ι
1647 4020 1810 4075 Habi-

225 4129 371 4184 tart,
413 4117 590 4186 inquit
633 4114 924 4180 Palladius,
969 4094 1146 4167 loc’um
1193 4116 1467 4168 desertum
1517 4123 1572 4167 et
1612 4113 1813 4167 habent

224 4212 393 4267 cellas
415 4224 610 4281 magno
634 4210 775 4263 inter
801 4224 860 4263 se
885 4207 1169 4263 intervallo
1223 4207 1544 4276 disiunctas,
1590 4215 1649 4260 ut
1692 4207 1813 4260 nul-

225 4306 312 4360 lus
373 4304 543 4373 possit
611 4300 797 4372 procul
830 4301 1049 4372 agnosci
1103 4300 1173 4353 ab
1235 4299 1440 4363 altero,
1484 4313 1666 4368 neque
1705 4299 1811 4353 cito

227 4397 423 4458 videri,
445 4411 546 4450 nec
561 4410 668 4450 vox
700 4393 877 4448 audiri
903 4408 918 4459 ;
947 4390 1043 4447 sed
1074 4394 1277 4460 degunt
1313 4391 1366 4443 iu
1401 4390 1570 4442 multa
1600 4390 1806 4457 quiete,

1921 1917 2130 1972 quens;
2182 1902 2286 1956 hoc
2326 1918 2546 1973 quoque
2576 1904 2787 1960 solebat
2819 1906 2879 1963 Β.
2906 1905 3077 1962 Sabas
3110 1907 3289 1964 facere
3317 1926 3513 1965 conse-

1916 2003 2169 2064 quenter,
2208 2002 2448 2064 tempore
2475 1997 2649 2050 solum
2682 2012 2873 2068 parum
2905 2007 3133 2067 mutato,
3169 2002 3514 2072 quandoqui-

1914 2088 2039 2143 dem
2083 2086 2175 2141 illo
2211 2089 2646 2158 quartodecimo,
2692 2091 2834 2145 sicut
2879 2092 3137 2159 diximus,
3190 2094 3281 2149 hic
3329 2106 3511 2151 autem

1919 2179 2177 2233 vicesimo
2204 2179 2290 2233 die
2316 2180 2518 2234 mensis
2550 2182 2860 2236 secedebat.
2889 2183 3020 2236 Nam
3051 2194 3173 2253 post
3197 2185 3367 2240 divini
3398 2187 3513 2241 An-

1920 2270 2050 2323 touii
2078 2271 2414 2335 memoriam,
2442 2271 2622 2342 magni
2648 2268 2923 2343 Eutbytnii
2961 2273 3103 2327 diem
3136 2273 3335 2329 festum
3368 2278 3513 2333 vice—

1917 2363 2055 2416 simo
2088 2361 2175 2415 die
2210 2363 2415 2417 mensis
2443 2365 2729 2417 celebrans
2754 2363 2954 2428 Sabas,
2984 2366 3065 2420 sic
3102 2381 3160 2420 se
3190 2361 3511 2425 conferebat

1914 2457 1983 2506 ad
2012 2455 2383 2520 soli-tudinem,
2425 2466 2478 2511 et
2516 2456 2625 2511 illic
2666 2459 2981 2513 morabitur
3003 2474 3175 2529 usque
3217 2463 3282 2515 ad
3312 2462 3508 2531 festum

1919 2546 2268 2621 Paltttarttnt,
2327 2554 2434 2602 non
2492 2564 2653 2605 secus
2697 2561 2861 2622 atque
2912 2553 3020 2607 ille.
3054 2554 3281 2625 Viguit,
3334 2534 3521 2626 inquit

1915 2640 2281 2709 Nicephorus,
2314 2642 2411 2696 lib.
2444 2658 2552 2707 xiv,
2599 2657 2719 2712 cap.
2767 2644 2856 2707 30,
2894 2647 2943 2698 in
2986 2649 3223 2701 ascetica
3260 2648 3509 2717 palatstra

1918 2735 2222 2802 prmcipuus
2252 2743 2307 2787 et
2336 2734 2442 2787 vita
2469 2734 2769 2789 monastica
2794 2736 3021 2814 illustris
3053 2752 3279 2807 magnus
3302 2740 3509 2812 Euthyo

1917 2825 2077 2891 iuius,
2110 2826 2201 2895 qui
2236 2826 2590 2882 solitudinem
2616 2828 2668 2881 in
2699 2829 2852 2881 urbis
2876 2828 3105 2882 formant
3144 2831 3370 2903 redegit,
3397 2832 3506 2885 imo

1915 2935 2089 2975 canon
2128 2919 2230 2975 fuit
2259 2930 2314 2975 et
2357 2920 2594 2977 formula
2637 2920 2873 2977 instituti
2915 2925 3230 2991 tnonastici,
3266 2938 3324 2979 ut
3357 2926 3385 2997 §
3414 2942 3506 2980 se-

1916 3013 2100 3086 quenti
2162 3013 2392 3068 dicet‘ur.
2434 3012 2696 3084 Corporis
2726 3013 2869 3085 .ejus
2915 3016 3165 3084 exuvias,
3226 3018 3369 3072 haud
3410 3018 3505 3073 ditt

1918 3114 2200 3174 postquam
2230 3106 2337 3160 vita
2367 3099 2586 3162 functus
2614 3116 2723 3169 est,
2759 3109 2810 3162 in
2843 3123 3062 3164 Sacram
3085 3110 3257 3165 aedem
3288 3111 3508 3166 honori-

1919 3197 2019 3251 tice
2045 3198 2317 3252 transtulit
2343 3200 2664 3255 Anastasius
2687 3202 3016 3271 patriarcha,
3042 3201 3181 3257 infra
3208 3218 3357 3257 num.
3379 3204 3504 3268 ΗΞ,

1920 3288 1989 3343 ad
2023 3304 2161 3358 quas
2192 3290 2336 3345 illius
2382 3302 2674 3347 successor
2718 3293 3011 3363 Martyrius
3044 3297 3360 3366 prxclaraut
3398 3301 3509 3366 egit

1917 3384 2162 3454 synaxim
2188 3393 2239 3439 et
2265 3385 2526 3454 vigiliam,
2557 3402 2680 3441 cum
2713 3388 2897 3442 multis
2920 3388 3259 3458 lampadibus
3283 3399 3337 3445 et
3362 3392 3509 3445 solii-

1920 3472 2089 3534 tibus,
2117 3490 2267 3528 nttm.
2292 3474 2416 3538 122,
2449 3477 2557 3530 into
2584 3477 2856 3531 festivitas
2886 3479 3129 3533 miraculi
3156 3481 3221 3534 ad
3253 3496 3345 3536 eas
3379 3484 3459 3535 l'ac
3492 3485 3504 3534 i

1915 3567 2208 3636 quotannis
2233 3568 2637 3635 celebrabatur,
2672 3584 2826 3623 num.
2860 3570 2985 3625 155.
3342 3566 3346 3570 “

1985 3659 2038 3714 6.
2087 3660 2252 3732 Syros
2303 3661 2499 3716 imitati
2546 3661 2765 3728 Graeci,
2831 3664 2973 3732 apud
3026 3680 3163 3733 quos
3212 3666 3505 3719 festivitate

1916 3753 2200 3807 admodum
2219 3753 2907 3809 solemnicelebrabatnrin
2933 3754 3287 3811 Sanctissima
3312 3755 3502 3825 Magna

1914 3844 2144 3898 ecclesia
2191 3846 2815 3922 CttltSlaillitleiillana,
2859 3856 2918 3900 ut
2944 3848 3139 3902 docent
3175 3864 3360 3902 eorum
3397 3852 3506 3901 Mt-

1914 3952 2052 4003 nara,
2088 3946 2142 3992 et
2166 3939 2525 4005 Autltologiou
2562 3941 2888 3995 auctoritate
2921 3939 3224 3997 Clementis
3252 3940 3361 3995 Vill
3397 3946 3507 3996 eai-

1917 4038 2055 4093 ttttu,
2100 4046 2163 4084 ac
2194 4017 2461 4085 Maiimus
2506 4009 2852 4101 Cythereus;
2897 4031 2948 4084 in
2989 4031 3190 4099 quibus
3229 4034 3331 4087 hoc
3366 4034 3503 4089 Vitae

1914 4120 2028 4190 ejus
2049 4121 2427 4191 compendium
2459 4130 2639 4178 exstat
2663 4141 2676 4178 :
2704 4143 2722 4175 ι
2750 4126 2983 4180 Sanctus
3001 4125 3328 4198 lticmagnus
3344 4126 3458 4181 Pati
3482 4146 3507 4180 r

1916 4226 2095 4267 noster
2124 4215 2449 4286 Euthymius
2492 4215 2703 4270 vivi-bat
2740 4218 3043 4287 imperante
3082 4204 3316 4287 'l’rajano
3347 4219 3506 4290 (Lege

1914 4303 2235 4372 Marciano),
2257 4307 2507 4361 Melitith
2525 4310 2561 4361 A
2574 4312 2793 4362 rmcnia:
2813 4310 3126 4379 metropolis
3145 4326 3207 4365 ex
3234 4312 3504 4366 nobilibus

1914 4411 2064 4454 ortus
2087 4402 2397 4468 pttt‘cttlibtts
2417 4400 2581 4454 Pauli)
2597 4419 2660 4457 ac
2678 4403 2951 4473 Dionysia;
2979 4413 3032 4456 et
3050 4406 3501 4471 quemadmodum

225 4487 607 4555 unusquisque
660 4500 755 4554 per
796 4499 856 4539 se
900 4483 1165 4539 inclusus.
1228 4480 1412 4536 Solum
1453 4492 1632 4534 autem
1672 4479 1804 4534 Sab-

1921 4509 2143 4562 magnus
2169 4495 2256 4547 ille
2273 4493 2528 4560 Joannes,
2555 4514 2616 4549 rx
2645 4496 2819 4550 sterili
2841 4507 2894 4551 et
2917 4496 3208 4571 infecundo
3226 4508 3380 4551 utero
3396 4500 3506 4551 edi-
3531 4515 3538 4522 ’

223 4581 356 4634 bato
399 4588 455 4633 et
490 4576 773 4632 Dominico
811 4588 1212 4645 congregantur
1252 4578 1305 4630 in
1348 4574 1615 4639 ccclesiis,
1659 4585 1713 4628 et
1751 4590 1811 4628 se

224 4670 465 4725 invicem
490 4661 791 4736 excipiunt.
822 4685 842 4720 ›
882 4665 1196 4722 Conl'ormia
1221 4668 1304 4721 his
1341 4666 1648 4722 referuntur
1670 4664 1810 4719 inl‘ra

225 4780 383 4819 num.
429 4763 518 4828 89,
558 4771 610 4816 et
655 4763 710 4816 in
763 4744 885 4817 Vita
931 4762 990 4817 S.
1039 4758 1218 4816 Sabai.
1259 4759 1372 4815 Nec
1417 4761 1638 4825 tuirum,
1685 4776 1810 4814 cunt

226 4856 421 4911 eadem
459 4856 546 4909 hic
579 4854 815 4925 viguerit
846 4853 1129 4924 disciplina
1164 4869 1283 4924 qua:
1332 4855 1470 4923 apud
1506 4853 1807 4923 Aﬂgyptios.

223 4949 370 5002 Hinc
413 4947 585 5002 festus
631 4946 749 5002 dies
788 4948 846 5003 S.
897 4947 1160 5012 Antonii,
1202 4956 1464 5015 tanquam
1505 4948 1811 5000 communis

224 5039 463 5111 patroni,
493 5038 920 5111 solemnivigilia
948 5041 1015 5093 ab
1046 5040 1193 5093 hisce
1227 5041 1602 5109 peragebatur,
1641 5050 1698 5091 ut
1717 5041 1811 5108 .iu-

227 5138 313 5189 l'ra
342 5151 490 5187 nunt.
520 5132 642 5197 106,
677 5145 732 5187 et
760 5134 812 5187 in
845 5132 967 5188 Vita
1000 5130 1058 5186 S.
1091 5131 1245 5187 Saba:
1286 5132 1575 5186 indicatur.
1614 5132 1671 5186 8.
1707 5132 1813 5185 Ett-

226 5227 470 5298 tltymius
500 5226 730 5281 virtutes
759 5224 1042 5280 S.‘Arsenii
1073 5235 1184 5278 tum
1218 5225 1270 5278 iit
1305 5222 1542 5295 Egypto
1574 5226 1810 5296 viventis

224 5319 571 5382 imitabatur,
602 5329 697 5372 aut
731 5319 897 5373 etiam
934 5318 987 5371 in
1017 5315 1287 5385 aliquibus
1312 5317 1624 5385 superabat,
1658 5334 1807 5371 num.

224 5412 320 5468 59.
352 5411 492 5464 Suos
514 5411 766 5480 exemplo
792 5409 1184 5464 monachorum
1209 5407 1587 5479 Egyptiorutn
1612 5424 1640 5462 a
1664 5409 1811 5466 vitiis

224 5503 593 5566 absterrebat,
618 5510 780 5570 atque
796 5502 863 5554 ad
886 5501 1139 5554 virtutem
1169 5499 1457 5565 incitabat,
1476 5516 1634 5555 num.
1660 5501 1726 5555 51
1756 5511 1812 5556 ct

225 5597 317 5652 64.
380 5595 624 5666 Denique
668 5593 972 5649 Nitrienses
1033 5596 1332 5650 monachos
1389 5593 1702 5665 Martyrium
1754 5604 1813 5650 et

227 5688 424 5755 Etiam,
459 5691 550 5758 qui
582 5688 778 5744 deinde
808 5688 1137 5757 patriarchae
1165 5686 1664 5766 Hierosolymorum
1688 5686 1809 5743 fue-

218 5794 371 5852 runt,
413 5783 482 5839 ad
536 5797 595 5836 se
645 5780 1040 5851 confugientes,
1084 5781 1513 5849 persecutionem
1559 5791 1810 5838 movente

540 5884 809 5946 PATROL.
853 5878 972 5942 Gtt.
1010 5877 1150 5941 CXI
1161 5879 1232 5942 γ.

1914 4594 2034 4640 tus:
2064 4588 2204 4640 unde
2226 4596 2277 4641 et
2302 4604 2498 4641 nomen
2526 4606 2627 4657 per
2654 4589 3070 4656 promissionem
3101 4589 3330 4657 accepit.
3365 4587 3501 4643 Cmu

1912 4679 2057 4732 enim
2103 4674 2355 4747 parentes
2401 4680 2606 4747 prolem
2650 4680 2750 4733 sibi
2794 4681 2912 4735 dari
2962 4690 3357 4749 precarentur,
3400 4697 3501 4736 vox

1914 4772 2128 4826 coalitus
2156 4772 2318 4827 missa
2346 4779 2449 4837 εει,
2487 4788 2606 4841 qua:
2645 4788 2738 4826 eos
2770 4772 3049 4844 εὐθυμεῖν,
3085 4773 3136 4828 id
3165 4786 3267 4840 est,
3300 4774 3422 4828 laeto
3451 4788 3506 4828 et

1913 4865 2080 4920 alacri
2105 4865 2284 4918 animo
2308 4880 2431 4919 esse
2453 4865 2694 4936 juberet.
2725 4865 2886 4922 Patre
2918 4875 3158 4933 mortuo,
3187 4883 3216 4920 a
3243 4876 3417 4921 matre
3436 4873 3503 4920 ad

1912 4953 2159 5024 Otrejum
2206 4954 2457 5025 Magnum
2519 4955 2772 5009 Melitime
2824 4958 3138 5028 episcopum
3184 4959 3499 5025 adducitur,

1916 5056 2076 5115 atque
2153 5048 2220 5100 ab
2278 5064 2345 5101 co
2386 5048 2573 5119 ordini
2623 5047 2944 5104 clericorum
3000 5052 3313 5106 ascribitur.
3364 5051 3501 5104 Cum

1915 5137 2110 5193 deinde
2169 5140 2237 5193 ad
2292 5154 2476 5194 sacras
2532 5140 2854 5209 disciplinas
2904 5142 3209 5206 adhibitus,
3266 5142 3505 5213 aequales

1913 5246 2106 5285 oumes
2148 5242 2203 5285 et
2239 5232 2358 5285 vita:
2402 5232 2672 5302 religiosm
2711 5234 3106 5289 exercitatione
3145 5245 3199 5289 et
3242 5235 3503 5288 virtutum

1914 5328 2157 5394 profectu
2212 5326 2896 5396 antecelleret,‘quamvis
2942 5328 3144 5383 invitus
3198 5327 3505 5397 sacerdmio

1913 5418 2180 5482 iuitiatur,
2214 5427 2269 5471 ct
2296 5433 2585 5473 sacrorum
2621 5421 3079 5476 monasteriorum
3111 5435 3297 5475 curam
3327 5419 3506 5474 susci-

1914 5512 2011 5581 pit.
2047 5513 2202 5565 Anno
2230 5511 2426 5567 deinde
2463 5516 2638 5568 astatis
2671 5530 2815 5568 nono
2844 5524 2899 5569 et
2944 5515 3206 5570 vicesimo
3246 5512 3504 5567 Hierosoo

1912 5604 2111 5677 lymam
2149 5604 2547 5673 proﬁciscitur,
2575 5617 2630 5661 et
2671 5623 2796 5662 cum
2831 5607 2889 5662 S.
2924 5605 3241 5662 Theoctisto
3283 5605 3339 5658 in
3372 5620 3506 5672 qua-

1914 5699 2038 5751 dam
2080 5695 2283 5750 montis
2330 5696 2588 5766 spelunca
2636 5699 2805 5769 degit,
2863 5699 2953 5754 ubi
3000 5711 3196 5769 graves
3244 5710 3273 5747 a
3320 5693 3506 5749 multis

1920 5788 2136 5846 morbos
2170 5789 2393 5861 depulit.
2429 5787 2641 5846 Dicitur
2680 5791 2767 5847 hic
2797 5792 2853 5846 iu
2888 5789 3107 5846 nomine
3134 5785 3343 5843 Domini
3372 5799 3504 5856 pan-

3027 5883 3098 5950 19
