3846 6478
371 301 480 367 δεῖ

1619 300 1901 361 MENSIS
1930 289 2394 361 JANUABIUS.

3554 305 3661 370 583

386 418 466 470 cis
508 425 561 469 ct
593 414 800 486 exiguis
839 414 1089 486 pauihus‘,
1130 410 1572 481 quadringentos,
1594 410 1684 481 qui
1731 411 1798 464 ad
1844 425 1954 465 mo-
1993 416 2038 473 Α
2070 418 2341 480 tempora,
2366 423 2429 464 ac
2460 408 2575 479 ipse
2613 408 2850 482 Cyrillus
2880 428 2894 464 :
2919 412 3072 479 dum,
3104 425 3227 482 qua:
3256 412 3372 483 ipse
3397 416 3552 479 vidit,
3572 417 3662 474 vel

374 524 411 561 ιι
433 508 675 562 ister-inm
719 507 786 561 dc
840 506 925 559 via
991 504 1346 569 divcrtcrant,
1382 502 1613 573 pavisse.
1648 500 1765 557 Non
1796 502 1966 557 solum

378 613 511 652 vero
561 598 676 669 ipse
718 596 897 652 divina
944 597 1146 651 virtute
1193 604 1476 666 parentum
1522 609 1743 650 suorum
1788 595 1965 650 soluta

376 689 666 745 sterilitate
713 698 875 743 natus
905 698 991 744 est
1017 704 1032 755 ;
1070 688 1163 743 sed
1189 687 1324 742 alias
1358 687 1665 756 complures
1694 699 1969 743 matronas

384 782 538 849 prole
568 790 839 845 carentes,
865 781 978 836 suis
1003 781 1255 854 precibus
1279 779 1538 835 fecundas
1566 779 1818 835 reddidit.
1849 778 1969 849 ipse

377 886 615 942 quoque,
645 880 702 926 ut
726 872 855 927 olim
887 886 1119 942 magnus
1151 870 1333 939 Elias,
1361 870 1701 938 coslijanuas
1733 869 1966 941 aperuit,

378 974 435 1021 et
471 977 630 1019 terrae
663 963 950 1020 sterilitate
986 974 1042 1019 et
1100 964 1192 1019 siti
1226 963 1491 1019 laboranti
1528 964 1802 1018 subvenit.
1832 961 1967 1017 Pro-

379 1056 516 1109 didit
548 1057 724 1127 etiam,
738 1056 857 1125 ejus
887 1053 1156 1110 internum
1191 1055 1493 1110 claritatem
1525 1055 1775 1110 columna
1804 1054 1963 1125 ignis,

380 1162 542 1217 quam
595 1162 662 1203 eo
703 1147 1043 1202 incruentam
1087 1145 1321 1201 hostiam
1362 1146 1623 1203 ollerente
1664 1146 1848 1202 videre
1875 1145 1967 1216 qui

379 1232 812 1295 circumstabant
865 1253 897 1295 e
954 1238 1095 1295 cutio
1167 1239 1606 1305 descendentem,
1676 1246 1732 1293 et
1778 1247 1967 1293 sancto

380 1344 650 1388 astantem
675 1341 789 1388 toto
812 1331 1068 1387 sacrificii
1100 1341 1357 1402 tempore.
1383 1332 1513 1403 Ejus
1545 1347 1708 1403 porro
1740 1333 1967 1387 sanctis-

380 1427 533 1481 simae
564 1435 615 1481 et
643 1425 949 1496 purissimae
973 1426 1172 1481 mentis
1204 1425 1256 1480 id
1284 1432 1367 1480 est
1399 1437 1800 1496 argumentum,
1823 1409 1984 1494 qnud‘

382 1533 568 1571 eorum
606 1517 696 1586 qui
730 1518 795 1571 ad
827 1517 1029 1573 divina:
1060 1518 1460 1573 communionis
1494 1518 1961 1587 participationem

381 1606 717 1661 accedebant
753 1615 954 1662 statum
988 1606 1328 1677 pervidebat.
1359 1616 1413 1662 et
1435 1608 1556 1676 quis
1574 1622 1765 1665 eorum
1805 1622 1960 1689 pura,

380 1701 503 1771 quis
527 1700 665 1754 mala
702 1700 1037 1755 conscientia
1068 1709 1235 1755 esset.
1269 1699 1372 1754 Hic
1401 1713 1522 1755 cum
1547 1700 1962 1770 nonaginta‘se-

2070 503 2395 555 sanctorttm'
2414 498 2559 554 omni
2588 500 2857 570 probitate
2887 501 3262 571 praestantium
3290 505 3531 560 virorum
3570 524 3664 564 re-

2070 592 2273 648 latione
2310 592 2542 659 didicit,
2590 593 2797 663 absque
2849 593 2956 650 levi
3001 595 3314 665 suspicione
3365 600 3664 668 mendacii,

2070 686 2340 741 sinceram
2370 686 2653 742 veritatem
2697 686 2863 741 veluti
2900 672 3312 744 sacrosanctum
3355 689 3664 758 depositum

2071 778 2305 849 posteris
2353 778 2592 845 tradidit,
2638 793 2830 848 nempe
2874 781 3011 833 Acta
3059 778 3371 851 Euthymii,
3422 782 3667 852 itemque

2072 869 2228 924 Salue
2257 875 2313 924 et
2332 868 2562 925 Joannis
2585 868 2909 924 Silentiarii.
2942 889 2962 921 ι
2994 868 3050 924 1η
3083 871 3142 925 8.
3171 869 3448 943 Euthymii
3478 875 3658 940 Actis,

2069 975 2189 1031 qua:
2222 977 2251 1016 a
2277 976 2426 1016 num.
2472 960 2596 1027 155,
2624 971 2813 1016 narrat
2841 962 3125 1029 miracula,
3160 963 3275 1033 ipse
3304 978 3488 1018 coram
3517 965 3664 1022 facta

2067 1052 2371 1122 conspexit,
2418 1051 2626 1122 reliqua
2668 1067 2697 1106 a
2758 1052 2924 1107 variis
2976 1052 3234 1110 Patribus
3279 1058 3555 1125 accepisse.
3600 1073 3668 1113 se

2070 1154 2316 1200 testatur.
2350 1144 2464 1199 Non
2508 1145 2653 1200 enim
2696 1144 2995 1214 discipulus
3030 1143 3134 1200 fuit
3162 1148 3223 1203 8.
3268 1149 3569 1219 Euthymii,
3601 1159 3666 1205 ut

2068 1236 2341 1292 Baronitts
2398 1236 2567 1291 citato
2627 1252 2780 1291 num.
2828 1236 2921 1302 45,
2974 1237 3254 1308 opinatur,
3313 1249 3406 1292 aut
3462 1239 3669 1294 saeculo

2065 1329 2253 1399 quinto
2290 1329 2449 1393 vixit,
2478 1341 2537 1383 ut
2568 1327 2710 1383 idem
2742 1344 2832 1384 an.
2859 1328 2961 1384 Ch.
2999 1328 3127 1395 49.0,
3182 1345 3237 1384 n.
3284 1330 3374 1395 5|,
3430 1332 3663 1398 scribit;

2065 1418 2158 1473 sed
2211 1418 2409 1473 sreculo
2457 1428 2613 1473 sexto
2647 1433 2740 1472 an.
2788 1417 2891 1473 Cb.
2927 1418 3029 1475 550
3067 1429 3160 1473 aut
3214 1423 3460 1490 sequenti
3527 1437 3668 1489 puer

2065 1511 2132 1564 ad
2166 1510 2226 1566 S.
2264 1507 2458 1563 Sabam
2499 1524 2529 1562 a
2565 1508 2881 1578 parentibus
2928 1508 3266 1580 Scytlmpoli,
3300 1510 3443 1564 unde
3468 1513 3668 1564 oriun-

2063 1603 2164 1656 dus
2191 1610 2331 1668 erat,
2357 1601 2646 1667 adductus,
2675 1600 2745 1655 ab
2774 1615 2840 1656 eo
2864 1602 2917 1655 in
2964 1601 3291 1670 discipulum
3349 1602 3547 1657 meruit
3573 1617 3668 1657 co-

2063 1696 2264 1765 epturi,
2283 1707 2334 1750 et
2361 1711 2389 1749 a
2420 1697 2762 1765 metropolita
2791 1707 2982 1752 tonsus
3010 1697 3064 1751 in
3090 1698 3463 1753 ecclesiastico
3485 1699 3666 1770 gradu

377 1802 524 1865 ptem
586 1801 733 1848 esset
801 1808 1114 1856 annorum,
1187 1792 1441 1863 migravit
1524 1794 1591 1847 ad
1652 1783 2347 1861 Dominum,Bconstitui.
2401 1788 2482 1843 Ad
2534 1788 2591 1842 S.
2638 1787 2915 1859 Euthymii
2961 1790 3378 1854 monasrerinm,
3424 1791 3476 1845 in
3506 1793 3668 1859 quod

375 1883 561 1941 Leone
598 1885 798 1953 Magno
854 1884 1178 1955 imperante.
1209 1882 1409 1939 Forma
1441 1892 1557 1939 erat
1586 1884 1819 1949 eximia,
1852 1884 1966 1939 siu-

377 1976 522 2031 ceris
544 1975 811 2041 moribus,
847 1976 1030 2031 colore
1060 1975 1313 2041 candido,
1365 1985 1646 2031 senectute
1686 1975 1883 2031 decora
1912 1985 1968 2033 ct

380 2067 697 2134 venerabili,
744 2084 879 2124 caua
917 2069 1172 2135 caesarie,
1222 2068 1389 2124 barba
1447 2084 1625 2140 usque
1657 2070 1723 2124 ad
1759 2067 1965 2125 femora

383 2160 673 2226 promissa.
697 2157 894 2213 Fertur
924 2158 992 2213 de
1021 2158 1162 2228 ipso,
1187 2158 1331 2228 quod
1362 2174 1483 2213 cum
1515 2159 1816 2215 monachus
1841 2160 1965 2231 qui-

382 2252 505 2303 dam
538 2248 700 2305 morti
732 2249 1013 2320 proximus
1039 2260 1215 2317 esset,
1244 2251 1334 2319 qui
1368 2259 1674 2320 temperans
1703 2267 1767 2307 ac
1791 2253 1967 2309 conti-

383 2357 517 2397 nens
546 2341 709 2412 vulgo
734 2341 1081 2410 credebatur,
1109 2357 1298 2398 revera
1358 2351 1539 2398 autem
1566 2359 1670 2399 non
1698 2354 1841 2413 erat,
1869 2345 1965 2401 sed

378 2444 568 2490 contra
597 2435 860 2500 lascivus,
897 2436 1034 2490 vidit
1071 2435 1265 2491 beatus
1297 2437 1547 2506 angelum
1578 2438 1811 2494 tridente
1851 2438 1969 2495 ani-

378 2541 519 2581 mam
549 2526 670 2598 ejus
709 2526 962 2594 evellere,
996 2542 1296 2599 vocemque
1343 2543 1447 2583 una
1475 2529 1667 2595 audiit,
1686 2531 1964 2586 occultam

378 2620 767 2691 turpitudinem
801 2620 948 2678 illius
982 2621 1236 2677 monachi
1261 2621 1613 2692 prodentem.
1644 2623 1966 2679 Celebratur

374 2710 496 2781 ejus
524 2712 718 2769 festum
763 2713 817 2768 in
885 2713 1232 2770 sanctissima
1259 2714 1451 2785 Magna
1486 2714 1741 2770 ecclesia.
1787 2734 1807 2768 ι
1841 2713 1966 2773 Haec

373 2802 617 2863 Menaea.
668 2806 800 2874 Quae
837 2807 923 2864 hic
964 2807 1033 2864 de
1083 2808 1288 2865 lascivo
1340 2809 1602 2864 monacho
1647 2807 1964 2876 narrantur,

336 2964 339 2965 ν
372 2898 600 2975 deerant
621 2898 677 2954 in
700 2900 954 2957 Gentiani
975 2890 1245 2970 versione,
1269 2901 1513 2973 suppleta
1531 2916 1597 2956 ex
1625 2918 1729 2958 ms.
1753 2898 1963 2967 Graeco,

308 3008 311 3013 ·
368 2991 429 3047 in
455 3007 564 3063 quo
593 2991 919 3065 Euthymius
947 2993 1066 3050 bare
1099 3004 1284 3050 narrat
1316 3010 1377 3051 se
1405 2995 1473 3050 ah
1504 2993 1777 3065 Egyptiis
1805 3012 1963 3051 acce-

270 3142 278 3147 ,
375 3085 541 3156 pisse,
566 3094 626 3140 ut
660 3101 812 3140 num.
841 3086 912 3141 65
936 3094 1106 3156 patet.
1306 3091 1316 3099 '
1926 3074 1936 3083 ’

446 3176 499 3233 7.
542 3175 746 3234 Praeter
777 3178 953 3249 Magni
982 3193 1284 3250 cognomen
1309 3219 1326 3246 ,
1355 3180 1499 3252 quod
1529 3181 1578 3237 ei
1611 3180 1679 3235 ah
1712 3182 1967 3238 omnibus

377 3268 658 3336 tribuitur,
681 3270 843 3326 etiam
868 3269 1227 3337 Theuphorus
1246 3273 1550 3342 appellatur
1566 3287 1598 3327 a
1622 3275 1965 3343 quibusdam.

371 3361 435 3417 ln
484 3360 779 3435 Horologio
828 3363 1134 3420 Graecorum
1188 3381 1208 3419 :
1237 3364 1332 3419 τοῦ
1374 3365 1522 3420 ὁσίου
1567 3368 1660 3421 καὶ
1703 3368 1965 3439 θεοφόρου

374 3453 598 3525 Πατρὶς
644 3443 803 3525 ἡμῶν
845 3454 1126 3525 Εὐθυμίου
1168 3453 1264 3509 τοῦ
1302 3456 1566 3527 μεγάλου.
1605 3454 1967 3528 Menologium

372 3566 401 3600 a
434 3547 657 3604 Cauisio
690 3548 896 3604 editum
931 3564 948 3604 :
986 3564 1007 3601 ι
1046 3547 1235 3605 Sancti
1269 3558 1326 3606 et
1365 3538 1559 3607 d'eiferi
1585 3550 1766 3606 Patris
1794 3551 1966 3606 nostri

372 3637 648 3709 Euthymii
692 3638 895 3709 magni.
928 3656 953 3692 ι
991 3636 1257 3693 Referunt
1296 3638 1571 3707 eumdem,
1609 3639 1967 3710 Menologium

372 3729 750 3799 Clu-istOphori
806 3732 1150 3801 proconsulis
1197 3730 1524 3804 Mitylenaei,
1580 3742 1635 3787 et
1684 3732 1968 3786 Kalenda-

373 3821 513 3875 rium
564 3839 593 3876 a
619 3823 970 3879 Gencbrardo
991 3823 1285 3894 vulgatum.
1317 3823 1362 3878 E
1386 3824 1595 3881 Latinis
1616 3825 1692 3880 ita
1724 3824 1970 3881 Molanus

374 3912 430 3967 in
457 3912 644 3969 Addit.
702 3917 769 3969 ad
817 3914 1124 3971 Usuardum
1171 3934 1186 3973 :
1233 3934 1253 3969 ι
1300 3916 1396 3972 Die
1432 3918 1687 3973 vicesima
1723 3921 1892 3973 sancti
1914 3927 1970 3973 et

377 4006 665 4075 tlteOphori
710 4004 891 4062 Patris
931 4005 1205 4079 Euthymii
1248 4009 1452 4078 magni.
1508 4027 1529 4062 ι
1562 4007 1717 4079 ,Ιιὶιιο
1751 4010 1968 4065 occasio

280 4160 287 4167 ε
380 4097 646 4153 Ferrario
698 4099 752 4153 in
802 4099 1060 4170 Catalogo
1096 4100 1337 4169 generali
1384 4110 1696 4155 sanctorum
1740 4101 1969 4157 halluci-

375 4191 560 4256 uandi,
612 4202 972 4261 sanctumque
1010 4191 1249 4262 aliquem
1292 4191 1678 4260 Tlteopborum
1730 4194 1798 4248 ab
1854 4194 1967 4248 Eu-

378 4281 582 4353 thymio
610 4281 886 4338 diversum
930 4285 1225 4340 statuendi.
1268 4302 1288 4337 ι
1326 4285 1385 4341 in
1416 4283 1729 4350 Palaestina,
1761 4286 1965 4357 inquit,

384 4380 485 4431 loc
531 4375 618 4431 die
645 4375 705 4432 S.
744 4375 1055 4448 TheOphori
1083 4378 1429 4444 confessoris,
1456 4396 1489 4431 -ι
1518 4378 1758 4448 citatqne
1787 4379 1971 4435 Meno-

1990 3133 2037 3192 C

2068 1896 2222 1954 laura
2288 1888 2618 1935 commutata
2655 1890 2793 1947 erat,
2836 1880 2989 1936 venit
3027 1896 3121 1937 au.
3161 1882 3268 1937 545
3309 1893 3368 1937 ιιι
3413 1882 3553 1937 infra
3598 1898 3667 1937 ιι.

2070 1976 2194 2041 155,
2227 1986 2283 2031 et
2327 1975 2382 2030 in
2416 1974 2571 2031 Actis
2616 1973 2720 2030 SS.
2774 1973 2933 2032 Saba:
2983 1985 3038 2033 et
3084 1974 3312 2033 Joannis
3355 1976 3670 2033 Silentiarii

2068 2068 2296 2139 ipsemet
2324 2067 2390 2124 de
2407 2081 2469 2123 se
2499 2078 2709 2123 narrat.

2138 2159 2192 2216 9.
2227 2159 2311 2214 Ab
2340 2160 2444 2215 hoc
2474 2170 2720 2229 tempore
2751 2174 2874 2231 qua:
2904 2159 2970 2215 de
3024 2158 3084 2237 S.
3132 2157 3423 2231 Euthymio
3465 2158 3671 2217 Patres

2066 2262 2122 2309 et
2154 2254 2398 2310 seniores
2428 2253 2504 2309 illi
2548 2262 2867 2321 narrarunt,
2917 2261 2976 2307 ut
3023 2251 3102 2307 ait
3155 2268 3304 2307 num.
3344 2251 3430 2319 18,
3463 2252 3569 2308 155
3602 2262 3671 2308 et.

2069 2347 2194 2415 161,
2233 2348 2568 2418 conscripsit
2606 2347 3049 2414 accuratissime,
3086 2346 3313 2403 confuse
3360 2356 3539 2403 tamen
3571 2357 3669 2401 ta-

2067 2455 2192 2496 men
2222 2448 2279 2494 et
2303 2440 2608 2495 inordinate
2642 2457 2657 2494 :
2688 2452 2744 2493 at
2766 2451 2885 2509 post
2923 2439 3176 2509 quintam
3216 2437 3481 2510 synodum
3507 2436 3667 2493 Con-

2071 2533 2429 2604 stantinopoli
2467 2548 2558 2588 an.
2591 2532 2696 2588 Ch.
2755 2532 2861 2588 555
2892 2533 3157 2596 habitam,
3191 2532 3244 2586 in
3312 2531 3464 2586 laura
3515 2546 3666 2587 nova

2068 2626 2203 2681 duos
2231 2640 2401 2679 annos
2427 2625 2714 2680 continuos
2753 2634 2990 2693 emptum
3022 2639 3159 2695 opus
3190 2632 3275 2678 est
3301 2636 3664 2694 prosecutus,

2068 2730 2192 2769 cum
2230 2714 2332 2769 SS.
2373 2713 2645 2785 Euthymii
2670 2725 2724 2769 et
2759 2714 2917 2769 Saba:
2937 2713 3040 2768 sibi
3085 2715 3465 2784 apparentium
3491 2715 3667 2768 benc-

2071 2812 2193 2867 licio
2223 2809 2483 2865 divinitus
2511 2818 2839 2864 consecutus
2868 2816 3010 2863 esset
3035 2808 3266 2876 gratiam
3289 2816 3439 2875 gesta
3464 2822 3665 2862 eorum

2067 2914 2192 2975 apte
2223 2901 2624 2958 conscribendi.
2650 2899 2843 2957 Patres
2888 2900 3038 2965 vero,
3072 2901 3165 2970 qui
3197 2900 3245 2954 ei
3276 2899 3536 2969 pleraque
3591 2901 3669 2954 de

2064 2996 2130 3052 S.
2196 2994 2471 3067 Eutltymii
2551 2994 2842 3049 virtutibus
2904 3000 3439 3054 commemorarent,
3502 2989 3668 3045 fuere

2072 3090 2131 3145 8.
2157 3090 2464 3164 Qniriacus,
2488 3102 2583 3143 seu
2618 3087 2902 3157 Cyriacus,
2929 3085 2988 3141 S.
3012 3082 3252 3140 Joannes
3285 3082 3660 3149 Silentiarius,

2073 3183 2337 3252 hnjnsque
2362 3180 2541 3236 socius
2575 3178 2899 3243 Thalelmns,
2940 3177 3007 3233 de
3062 3192 3170 3247 quo
3231 3192 3289 3233 n.
3332 3175 3422 3241 71,
3476 3175 3661 3246 plura.

2070 3274 2204 3328 Cum
2239 3271 2297 3328 S.
2329 3270 2539 3329 Joanne
2574 3272 2799 3341 ejusque
2825 3270 3106 3339 discipulis
3154 3268 3387 3324 habebat
3434 3268 3664 3337 juvenis

2071 3364 2339 3431 notitiam,
2391 3362 2534 3432 quod
2575 3362 2630 3418 hi
2686 3361 2996 3433 Scytlmpoli
3063 3361 3128 3414 ad
3177 3359 3318 3415 aedes
3362 3368 3662 3430 parentum

2069 3458 2186 3526 eius
2235 3459 2603 3521 divertereut,
2663 3462 2919 3525 tanquam
2961 3456 3027 3508 ad
3079 3454 3361 3524 proprium
3414 3454 3663 3508 xenodo-

2070 3547 2274 3611 chium,
2330 3554 2386 3603 et
2438 3561 2673 3602 annuam
2720 3544 3174 3609 benedictionem,
3206 3545 3320 3600 sive
3359 3545 3664 3617 eleemosy-

2072 3658 2218 3707 nam,
2251 3641 2562 3711 acciperent
2619 3639 2687 3694 ab
2746 3637 2863 3706 ejus
2910 3639 3226 3707 parentibus
3270 3652 3368 3708 pro
3401 3638 3662 3693 coenobio

2070 3743 2126 3787 et
2158 3734 2402 3801 partibus
2433 3731 2634 3797 laurea;
2668 3747 2733 3787 ex
2766 3745 2873 3801 quo
2897 3729 3070 3785 Sabas
3101 3745 3223 3785 cum
3269 3730 3355 3799 iis,
3402 3739 3465 3785 ut
3511 3731 3661 3785 disi-

2070 3841 2215 3889 mus,
2251 3832 2454 3894 egerat.
2479 3823 2685 3879 Deinde
2711 3821 2870 3892 hujus
2893 3822 3124 3878 consilio
3157 3820 3224 3875 ad
3259 3822 3656 3876 monasterium

2073 3917 2134 3973 S.
2171 3900 2448 3987 Euthymii
2478 3917 2647 3985 venit,
2691 3925 2752 3970 ut
2788 3925 2977 3971 narrat
3023 3915 3137 3985 ipse
3183 3915 3250 3969 de
3300 3928 3361 3969 se
3414 3914 3658 3984 Cyrillus

2071 4009 2211 4064 infra
2264 4023 2413 4062 num.
2463 4007 2588 4074 156,
2639 4016 2696 4062 et
2736 4006 2925 4062 inVita
2963 4006 3022 4061 S.
3075 4005 3321 4068 Joannis,
3366 4005 3434 4060 ad
3482 4020 3652 4075 quem

2072 4100 2265 4156 deinde
2285 4116 2316 4156 c
2350 4100 2682 4155 monasterio
2703 4090 2761 4154 S.
2792 4097 3071 4170 Euthymii
3104 4096 3351 4152 discessit
3378 4097 3443 4150 ad
3469 4097 3529 4150 S.
3551 4097 3657 4151 Sa-

2072 4192 2153 4248 ba:
2181 4192 2412 4257 lauram,
2450 4198 2504 4247 et
2538 4191 2713 4246 factus
2742 4201 2826 4246 est
2854 4191 2904 4245 ei
2965 4189 3211 4244 minister
3245 4192 3547 4244 litterarum
3583 4188 3656 4243 ad

2073 4283 2134 4340 S.
2173 4283 2510 4352 Quiriacnm.
2541 4280 2697 4337 Hunc
2730 4290 2913 4336 autem
2941 4280 3196 4335 convenit
3236 4280 3288 4334 in
3313 4279 3464 4333 laura
3497 4279 3659 4333 Suom

2071 4376 2314 4442 veteris;
2345 4373 2436 4444 qui
2459 4373 2547 4428 ubi
2580 4372 2845 4433 intellexit
2879 4370 3139 4443 Cyrillum
3177 4386 3296 4426 esse
3334 4371 3654 4425 monasterii

365 4471 574 4540 .logium
594 4468 919 4526 ercarum.
945 4470 1022 4526 De
1040 4468 1337 4542 Euthymio
1357 4471 1429 4525 ita
1450 4471 1646 4526 tabulze
1664 4470 1925 4527 Romanae
1946 4492 1960 4528 :
1995 4477 2040 4533 ι)
2070 4467 2250 4539 magni
2274 4465 2575 4537 Euthymii,
2603 4479 2726 4518 cum
2745 4479 2938 4535 magno
2957 4463 3203 4532 protinus
3222 4462 3416 4531 gaudio
3443 4480 3459 4515 :
3485 4459 3652 4526 Ecce,

380 4584 396 4611 ι
444 4562 501 4616 in
530 4561 816 4618 Palaestina
850 4562 1052 4618 natalis
1077 4562 1136 4618 S.
1167 4561 1440 4634 Euthymii
1469 4563 1701 4633 abbatis,
1727 4564 1817 4635 qui
1845 4565 1963 4621 zelo

374 4655 672 4713 Catholica:
705 4656 1004 4727 disciplina:
1047 4666 1102 4712 ct
1137 4656 1338 4711 virtute
1370 4656 1778 4726 miraculorum,
1820 4666 1960 4713 tent-

376 4762 508 4817 pore
532 4746 794 4804 Marciani
819 4747 1192 4819 imperatoris,
1223 4746 1279 4802 in
1300 4745 1548 4803 Ecclesia
1581 4748 1780 4803 ﬂoruit.
1813 4765 1831 4799 ι

800 4884 828 4955 §
865 4882 960 4939 lli.
1006 4879 1129 4936 Vita
1158 4879 1216 4936 S.
1249 4880 1544 4951 Eutltymii.

446 5026 500 5078 8.
546 5020 723 5077 Vitam
766 5020 823 5074 S.
875 5019 1152 5091 Eutltymii
1199 5017 1420 5088 scripsit
1455 5014 1711 5087 Cyrillus.
1756 5015 1962 5072 Nomen

378 5121 493 5185 ipse
526 5133 679 5172 suum
704 5116 759 5171 in
790 5115 1004 5185 epilogo
1033 5130 1187 5171 num.
1215 5114 1335 5177 165,
1373 5104 1576 5184 prodit.
1611 5113 1843 5170 Baronio
1870 5131 1958 5170 an.

376 5210 492 5273 Clu!
514 5208 640 5273 475,
673 5222 825 5261 ιιυιιι.
871 5204 960 5272 45,
1004 5205 1332 5277 praedicatur
1360 5204 1591 5275 diligens
1624 5212 1680 5259 et
1719 5204 1963 5260 veritatis

379 5304 576 5369 cultor,
616 5310 672 5356 et
704 5300 918 5355 illorqu
957 5308 1260 5368 temporum
1306 5298 1504 5353 ﬂorens
1537 5297 1850 5353 historicus.
1887 5296 1962 5352 De

379 5410 488 5465 quo
517 5403 572 5448 et
606 5401 767 5447 antea
814 5391 882 5447 ad
920 5406 1012 5446 an.
1045 5391 1171 5458 591,
1220 5407 1372 5447 num.
1408 5391 1499 5459 15,
1544 5390 1958 5462 pronuntiarat:

386 5508 404 5542 ι
444 5486 633 5542 Liceat
657 5485 881 5556 absque.
920 5484 1121 5540 invidia
1152 5484 1355 5550 dicere,
1386 5499 1476 5540 me
1507 5484 1779 5539 neminem
1811 5497 1964 5552 repe-

384 5580 519 5632 risse
548 5588 671 5646 post
695 5572 797 5630 SS.
834 5574 1191 5631 Athanasium
1226 5582 1388 5642 atque
1427 5573 1837 5644 Hieronymum,
1870 5572 1960 5642 qui

382 5669 579 5738 majori
624 5667 729 5723 fide
776 5668 1061 5740 scripserit
1098 5669 1567 5724 sanctissimorum
1600 5667 1841 5722 virorum
1872 5682 1959 5723 res

379 5769 585 5833 gestas,
621 5760 871 5835 digerens
909 5776 1003 5820 eas
1033 5773 1197 5833 atque
1221 5761 1557 5832 distinguens
1589 5770 1843 5817 accurate
1866 5774 1957 5829 per

2071 4558 2273 4627 inquit,
2302 4573 2334 4609 ο
2360 4555 2551 4621 frater,
2592 4563 2648 4608 tu
2686 4569 2747 4609 es
2770 4554 3038 4624 ejusdem,
3081 4555 3237 4620 cnjns
3275 4568 3375 4623 ego
3413 4552 3651 4608 coenohii

2070 4652 2236 4720 (nam
2279 4661 2311 4702 e
2350 4647 2604 4701 manibus
2665 4646 2723 4700 8.
2765 4644 3040 4716 Euthymii
3083 4644 3383 4698 monastieo
3420 4643 3658 4716 ’indutus

2064 4739 2248 4796 fuerat
2277 4738 2505 4805 habitu);
2528 4747 2581 4792 et
2606 4736 2773 4806 coepit
2802 4737 3049 4791 oratione
3077 4728 3328 4805 persequi
3354 4749 3442 4790 res
3470 4745 3657 4803 gestas

2068 4833 2170 4890 SS.
2194 4831 2469 4902 Euthymii
2494 4839 2549 4885 et
2582 4828 2761 4886 Sabas.
2813 4829 2903 4884 lllc
2936 4838 3115 4883 autem
3163 4843 3286 4883 cum
3326 4842 3419 4883 eas
3464 4839 3653 4895 aperte

2070 4924 2357 4980 didicisset
2400 4922 2467 4977 ah
2501 4922 2607 4979 hoc
2640 4921 2702 4975 B.
2728 4920 3005 4986 Quiriaco,
3067 4919 3390 4987 conscripsit
3440 4904 3651 4988 singula

2066 5018 2121 5073 in
2148 5017 2234 5082 iis,
2252 5031 2392 5085 quos
2420 5016 2488 5071 de
2522 5014 2655 5086 ipsis
2678 5013 2897 5084 scripsit
2930 5012 3121 5076 libros,
3152 5019 3212 5067 ut
3250 5010 3395 5066 illinc
3422 5010 3652 5080 quilibet

2065 5111 2278 5168 discere
2319 5117 2519 5179 potest,
2555 5107 2602 5163 si
2640 5121 2748 5162 non
2795 5105 2988 5160 leviter
3033 5115 3091 5159 et
3128 5103 3273 5165 aliud
3310 5116 3500 5170 agens,
3558 5103 3651 5155 sed

2064 5209 2318 5258 accurate
2344 5214 2408 5255 ea
2439 5199 2583 5269 legat
2612 5196 2977 5268 (potissimum
3020 5210 3168 5249 num.
3211 5191 3301 5256 48,
3330 5191 3422 5258 49,
3464 5191 3557 5257 58,
3583 5194 3652 5245 tit)
3714 5233 3722 5239 .

2065 5306 2120 5352 et
2162 5294 2252 5363 76,
2287 5292 2484 5363 quibus
2529 5290 2665 5347 locis
2716 5290 3090 5361 producuntur
3146 5296 3332 5350 testes,
3385 5299 3415 5338 a
3454 5285 3651 5355 quibus

2065 5392 2182 5461 ipse
2210 5387 2441 5459 plurima
2474 5383 2762 5452 Quiriacus
2789 5380 3101 5452 didicerat).
3126 5381 3303 5449 Atque
3330 5378 3413 5435 sic
3432 5380 3649 5448 quidem

2063 5481 2280 5537 divinus
2316 5477 2629 5545 Quiriacus.
2676 5474 2812 5531 Cum
2850 5475 2953 5530 hoc
2980 5484 3159 5528 autem
3198 5486 3457 5527 sermone
3484 5466 3650 5526 ethis

2062 5568 2463 5627 narrationibus
2478 5583 2634 5622 suum
2658 5565 2997 5636 implevisset
3021 5564 3258 5618 animum
3278 5562 3649 5634 Cyrillus,dis-

2064 5663 2231 5719 cessit
2258 5662 2312 5715 in
2355 5674 2514 5731 pace.
2540 5656 2647 5714 Sed
2676 5673 2800 5712 cum
2829 5657 3027 5712 iterum
3056 5654 3372 5710 incessisset
3387 5651 3649 5724 Cyrillum
3724 5710 3733 5716 ,

2063 5756 2331 5827 quoddam
2372 5749 3083 5823 desiderium_conveniendi
3110 5746 3450 5816 Quiriacum,
3486 5744 3653 5802 adivit
