3846 6456
253 297 357 364 589

1242 293 1420 353 VITA
1459 294 1519 353 S.
1561 293 1969 354 EUTHYMII.
2000 316 2073 327 -
2106 292 2491 353 PROCEMLA.

3414 289 3519 354 590

253 426 372 464 eum
398 408 449 462 in
475 405 723 478 Susacim
758 419 901 460 anno
921 406 1099 461 aetatis
1114 405 1231 474 ejus
1248 403 1340 469 99,
1364 404 1566 460 Christi
1588 403 1713 459 546.
1741 403 1842 458 Ue-
1868 407 1917 465 A
1945 403 2090 473 genti
2123 403 2226 458 viri
2273 403 2464 458 reiecti
2500 410 2649 460 sunt.
2685 397 2944 462 Mulieres
2995 406 3217 467 steriles,
3258 404 3521 461 fecundas

257 515 397 563 nium
423 513 530 567 quo
548 504 790 566 tempore
809 495 1014 566 Cyrillo
1034 497 1087 550 in
1111 511 1247 549 nova
1272 495 1423 548 laura
1450 495 1676 551 htevita:
1699 494 1844 546 bien-

258 594 346 645 nio
362 591 577 659 integro
601 598 757 643 erant
774 588 875 642 sub
894 588 1165 651 manibus,
1187 587 1535 642 continenter
1553 584 1846 638 accedebat

260 679 316 733 S.
341 678 655 743 Quiriacum
676 677 727 729 in
766 687 922 731 antro
949 677 1126 746 magni
1153 672 1486 735 Charitonis,
1512 681 1567 725 et
1588 685 1841 740 magnum

262 774 329 827 ab
362 772 465 825 hoc
505 782 696 824 sancto
728 768 1061 839 percipiebat
1099 767 1521 821 emolumentum
1556 774 1610 818 ct
1639 762 1846 816 utilita-

262 876 390 930 tem,
425 879 547 917 cum
580 862 667 916 hic
690 872 818 916 tunc
851 872 1068 915 centum
1093 870 1382 928 et-septem
1407 860 1533 910 vita:
1558 871 1727 909 annos
1749 870 1848 907 nu-

259 964 515 1011 meraret.
580 951 707 1019 Haec
757 954 810 1006 itt
857 951 1015 1019 hujus
1040 950 1291 1017 Quiriaci
1312 947 1431 1003 Vita
1466 947 1533 1001 50
1567 944 1844 1016 Septemb.

258 1046 409 1116 cujus
459 1031 736 1099 auctorem
778 1046 1035 1113 opinatur
1078 1042 1343 1096 Barouius
1378 1039 1665 1110 Cyrillum,
1703 1037 1848 1105 quod

260 1139 414 1194 nobis
435 1138 613 1190 adhuc
636 1136 855 1190 dubium
883 1152 1024 1188 nunc
1050 1144 1156 1201 est,
1183 1134 1301 1187 istic
1319 1133 1525 1203 plenius
1547 1132 1847 1187 discutien-

260 1233 404 1285 dum.
438 1227 1367 1301 Eumdemexistimabatscripsisse
1390 1223 1564 1278 Vitam
1586 1224 1643 1277 8.
1673 1222 1870 1293 Theo:

267 1321 426 1383 desii,
456 1323 598 1391 quod
626 1320 683 1372 Η
714 1318 959 1373 Januarii
979 1319 1136 1372 nobis
1158 1319 1298 1374 haud
1322 1317 1809 1388 probaridiximns.

334 1412 422 1467 10.
456 1414 630 1466 Vitam
678 1414 820 1467 hanc
870 1428 899 1464 a
949 1410 1153 1481 Cyrillo
1181 1413 1567 1480 conscriptam,
1618 1409 1849 1463 intexuit

162 1564 167 1569 ,
259 1505 373 1559 suis
434 1514 746 1558 sanctorum
804 1501 943 1557 Vitis
999 1502 1397 1572 Metapbrastes
1450 1500 1521 1556 20
1565 1500 1845 1565 Januarii,

258 1615 419 1669 quam
465 1597 621 1652 Latio
659 1615 687 1650 a
736 1596 1004 1652 Gentiauo
1036 1596 1276 1652 Hcrveto
1304 1600 1558 1659 donatam
1611 1597 1847 1668 vulgavit

257 1693 517 1763 Aloysius
541 1690 878 1761 Liponiatius
912 1701 1044 1744 tom.
1076 1689 1118 1743 V
1137 1701 1194 1744 et
1219 1705 1285 1745 ex
1306 1706 1371 1745 eo
1393 1688 1717 1744 Laurentius
1737 1688 1811 1743 Su
1827 1717 1845 1728 -

1946 496 2198 551 reddidit.
2224 495 2359 549 Cum
2388 496 2560 551 sacris
2591 498 2836 567 mysticis
2864 508 3201 566 operaretur,
3242 498 3331 551 lux
3369 497 3521 553 caeli-

1948 593 2033 640 tus
2050 587 2277 655 perinde
2304 598 2465 655 atque
2491 586 2740 641 columna
2776 588 3043 657 effulgens
3062 605 3184 643 eum
3217 589 3524 643 circumde-

1947 680 2047 742 dit,
2085 678 2246 732 veluti
2288 694 2417 734 voce
2453 680 2652 735 emissa
2688 692 2891 750 quanta
2945 681 3068 755 vitae
3102 684 3340 753 puritate
3363 685 3447 735 vir
3477 681 3524 735 is

1948 776 2091 823 esset
2124 769 2387 824 iudicans.
2416 771 2481 824 Et
2512 786 2618 841 quo
2642 771 2875 840 quisque
2919 788 3107 829 eorum
3140 774 3322 827 animo
3355 783 3521 837 esset,

1947 860 2039 929 qui
2068 860 2134 914 ad
2163 875 2374 915 sacram
2402 863 2838 918 communionem
2868 865 3267 935 percipiendam
3301 866 3528 920 accede-

1948 952 2099 1016 bant,
2125 969 2220 1022 per
2251 968 2509 1009 arcanam
2546 954 2927 1010 revelationem
2958 957 3353 1028 perspiciebat;
3382 957 3527 1026 qttod

1949 1044 2309 1100 clarissimum
2333 1061 2554 1115 prorsus
2576 1048 2951 1101 sanctimoniae
2976 1048 3096 1117 ejus
3125 1064 3350 1104 summa:
3381 1048 3525 1101 iudi-

1950 1138 2095 1191 cium
2131 1136 2248 1190 fuit.
2283 1136 2537 1208 Migravit
2567 1147 2746 1192 autem
2780 1138 2863 1192 vir
2904 1139 3096 1193 Leatus
3140 1139 3215 1193 ad
3236 1137 3525 1193 Dominum

1949 1244 2072 1283 cum
2108 1230 2395 1299 nonaginta
2424 1240 2479 1285 et
2524 1241 2731 1300 septem
2782 1246 2954 1286 annos
3009 1210 3305 1301 exegisset,
3345 1229 3528 1285 Leone

1948 1322 2140 1395 Magno
2169 1325 2486 1395 imperante.
2523 1322 2645 1378 Vita
2678 1324 3011 1388 moderatus,
3037 1334 3092 1379 et
3122 1324 3363 1379 moribus
3397 1338 3527 1392 per-

1950 1432 2111 1487 quam
2162 1418 2391 1488 simplex
2436 1416 2573 1484 Iuit;
2614 1417 2798 1473 colore
2846 1418 3128 1484 candidus,
3157 1425 3211 1470 et
3231 1416 3297 1470 ad
3324 1415 3529 1469 femora

1951 1525 2122 1579 usque
2144 1510 2489 1579 promissam,
2520 1523 2749 1579 eamque
2780 1508 3027 1575 densam,
3051 1509 3255 1564 habens
3276 1507 3527 1568 barbam.

1953 1606 2027 1660 De
2066 1619 2173 1673 quo
2207 1605 2336 1659 illud
2386 1603 2625 1659 historia:
2670 1612 2992 1659 memorant.
3042 1602 3176 1658 Cum
3229 1600 3530 1656 monachus

1952 1697 2169 1766 Quidam
2194 1708 2516 1763 moreretur,
2549 1695 2641 1763 qui
2672 1697 2943 1766 egregiam
2973 1695 3191 1750 virtutis
3224 1704 3278 1749 et
3300 1695 3528 1748 castita-

258 1786 409 1850 rius;
446 1795 500 1838 et
529 1786 581 1837 in
609 1783 989 1851 compendium
1028 1785 1322 1848 redactam,
1373 1782 1665 1839 Zacharias
1712 1782 1841 1853 Lip-

1961 1792 2021 1845 tis
2045 1790 2243 1845 famam
2262 1790 2556 1854 obtineret,
2584 1789 2889 1858 impudicus
2912 1798 3091 1843 autem
3122 1803 3346 1858 prorsus
3360 1796 3526 1847 esset,

259 1878 471 1948 pelous,
502 1890 555 1931 et
587 1875 919 1932 Fraueiscus
950 1875 1198 1941 llarazus,
1244 1891 1476 1946 eamque
1508 1876 1673 1931 variis
1712 1876 1847 1931 locis

260 1971 497 2026 inseruit
530 1968 785 2025 Historiae
832 1969 1215 2025 ecclesiasticae
1266 1969 1555 2023 Baronius.
1586 1966 1698 2024 Nos
1725 1984 1845 2023 eam

260 2062 455 2117 damus
492 2063 743 2118 collatam
772 2078 894 2117 cum
924 2076 1026 2115 ms.
1070 2059 1286 2127 Graeco,
1323 2061 1417 2116 sed
1467 2059 1588 2131 (pro
1635 2061 1845 2132 dolor!)

261 2153 481 2219 ntutilo;
522 2169 643 2207 nam
678 2169 847 2223 pauca
876 2154 1144 2224 principio
1175 2153 1435 2219 deerant,
1459 2153 1608 2222 plura
1655 2155 1754 2209 sub
1787 2153 1848 2208 li-

260 2260 386 2298 nem
416 2259 446 2297 a
482 2260 630 2297 num.
656 2243 747 2301 97.
791 2245 869 2299 Ex
898 2245 998 2299 hoc
1020 2232 1082 2299 ea
1114 2245 1378 2313 suppleta,
1412 2260 1532 2314 quae
1575 2261 1724 2300 num.
1758 2244 1849 2313 64,

261 2335 332 2390 65
364 2347 417 2389 et
442 2334 534 2400 66,
574 2335 906 2401 referuntur,
938 2349 969 2390 a
1019 2333 1285 2391 Gentiano
1318 2336 1559 2402 omissa,
1618 2351 1848 2407 quorum

263 2440 444 2484 tamen
477 2429 680 2485 mentio
712 2438 797 2506 est
827 2428 880 2483 ili
915 2428 1134 2483 Nemnis
1187 2437 1241 2482 et
1293 2428 1432 2498 apud
1461 2426 1845 2495 Nicephorum.

262 2523 328 2578 de
358 2538 468 2593 quo
498 2538 642 2577 mox.
678 2521 969 2592 Prologum
1014 2521 1364 2591 prmh’gimus,
1424 2521 1511 2591 qui
1576 2518 1708 2574 Vita:
1744 2537 1846 2576 ms.

263 2613 325 2668 S.
355 2614 512 2667 Saba:
537 2628 785 2667 annexus
816 2623 958 2680 erat,
990 2622 1045 2667 et
1088 2614 1190 2667 huc
1230 2613 1408 2683 potius
1451 2614 1705 2683 pertinet.
1744 2611 1850 2667 Ex~

262 2715 538 2775 punxerat
571 2720 692 2759 eum
736 2704 1159 2774 Metaphrastes,
1198 2694 1306 2760 alio
1350 2705 1665 2773 substituto,
1708 2707 1853 2776 quod

262 2800 312 2851 ei
360 2799 475 2852 fere
522 2797 782 2865 solemne,
830 2809 887 2852 ut
933 2800 1133 2868 passim
1192 2814 1418 2853 cernere
1468 2808 1548 2852 est
1586 2808 1700 2854 toto
1751 2799 1853 2855 hoc

264 2905 453 2959 opere,
483 2900 538 2945 et
570 2890 681 2959 jam
720 2890 986 2960 proximis
1011 2891 1202 2944 diebus
1232 2890 1304 2943 22
1345 2889 1576 2945 Januar.
1619 2891 1671 2943 in
1701 2891 1853 2945 Actis

266 2983 328 3035 8.
360 2980 633 3034 Anastasii
666 2978 868 3043 Persae,
900 2989 954 3034 et
994 2980 1065 3033 ‘23
1103 2982 1155 3035 in
1190 2981 1342 3036 Actis
1372 2980 1432 3035 S.
1458 2979 1684 3037 Joannis
1708 2979 1853 3035 Elee-

267 3073 586 3144 mnsynarii.
625 3071 835 3127 Caetera
876 3084 998 3142 post
1045 3073 1324 3144 prologum
1368 3077 1632 3144 genuinus
1663 3074 1847 3145 Cyrilli
1877 3109 1920 3167 α

266 3164 419 3219 fetus
458 3174 617 3224 sunt,
649 3172 705 3218 et
741 3173 839 3218 sat
865 3178 965 3218 sua
1009 3177 1069 3218 se
1118 3163 1500 3218 conformitate
1552 3163 1850 3219 vindicant.

267 3254 381 3312 Nec
409 3272 636 3327 usquam
672 3273 701 3311 a
737 3256 855 3312 Vita
883 3258 1193 3325 discrepant
1245 3257 1304 3313 S.
1332 3259 1511 3327 Saliae,
1542 3274 1702 3329 quam
1737 3258 1851 3329 ple-

272 3353 480 3406 niorem
503 3352 751 3404 dabimus
774 3350 808 3404 5
838 3349 1090 3419 Decemb.
1123 3350 1251 3405 olim
1297 3350 1544 3420 plurimis
1573 3361 1699 3405 ante
1727 3360 1857 3406 teta-

271 3451 378 3496 tem
414 3440 797 3510 Metaphrasta:
853 3440 1012 3493 anuis
1070 3437 1266 3495 Latine
1316 3439 1606 3501 redditam,
1664 3452 1694 3491 e
1750 3454 1853 3508 qua

271 3537 552 3605 prologum
581 3535 666 3588 hic
703 3534 1063 3598 restituimus,
1108 3544 1291 3604 utpote
1318 3534 1483 3602 priori
1537 3532 1677 3589 libro
1722 3548 1859 3602 pra:-

271 3632 438 3683 tixum
492 3629 561 3682 ab
611 3639 854 3681 auctore.
915 3626 1048 3680 Nam
1087 3615 1383 3682 secundmn
1418 3625 1613 3681 librutn
1659 3627 1861 3683 oratio-

271 3736 464 3775 ncmve
518 3718 634 3787 ipse
683 3718 914 3788 Cyr-illus
966 3718 1142 3773 Vitam
1188 3717 1246 3773 8.
1300 3717 1455 3772 Saba:
1514 3717 1759 3788 indigitat
1807 3719 1859 3773 in

224 3804 229 3809 ’
273 3815 446 3882 ipsius
478 3809 634 3865 Saba:
660 3822 717 3865 et
756 3809 814 3865 8.
845 3808 1074 3865 Joannis
1116 3809 1413 3864 Silentiarii
1439 3810 1613 3875 Actis,
1638 3809 1862 3880 hzecque

278 3907 496 3959 tertium
523 3905 703 3957 locum
730 3913 1021 3973 occupant.

350 3998 438 4052 tl.
469 3994 741 4067 Euthymii
769 3996 1013 4051 meminit
1032 3995 1364 4064 Nicephorus
1378 3994 1635 4051 Callistus
1658 3995 1753 4051 lib.
1773 4011 1863 4050 xiv

277 4089 448 4143 variis
503 4088 669 4153 locis;
723 4088 1039 4143 nominatim
1105 4087 1292 4141 isthtec
1351 4086 1543 4140 scribit
1594 4086 1687 4140 lib.
1732 4102 1860 4151 xiv,

284 4199 405 4250 cap.
434 4180 505 4235 52
539 4198 553 4234 :
594 4198 613 4231 ι
654 4178 768 4233 Sub
813 4179 1002 4233 eodem
1060 4178 1318 4232 Marciani
1356 4177 1584 4246 imperio
1637 4194 1866 4248 magnus

279 4279 444 4328 etiam
484 4274 572 4327 ille
607 4285 661 4327 et
690 4272 923 4341 inclytus
948 4269 1274 4340 Euthymius
1294 4271 1347 4325 in
1376 4270 1662 4326 Palaestina
1688 4272 1867 4327 excel-

281 4368 400 4422 luit.
436 4365 537 4432 Qui
578 4368 680 4420 sub
704 4363 930 4421 Valente
961 4366 1177 4434 quidem
1208 4379 1273 4417 ex
1301 4364 1661 4434 promissione
1685 4374 1862 4432 natus,

1949 1887 2199 1932 sanctum
2233 1879 2374 1934 hunc
2398 1880 2570 1934 virum
2624 1879 2874 1949 angelum
2906 1879 3177 1934 horrenda
3218 1878 3400 1948 specie
3431 1878 3528 1931 tri-

1950 1968 2113 2023 dente
2143 1969 2291 2038 gravi
2349 1970 2587 2024 animam
2623 1969 2790 2037 illius,
2841 1968 3115 2024 crudelem
3150 1969 3204 2023 in
3246 1969 3461 2023 modum
3497 1985 3529 2022 e

1952 2077 2178 2132 corpore
2212 2063 2589 2119 extrahentem
2626 2063 2868 2119 vidisse:
2897 2069 2953 2119 et
2978 2077 3162 2118 vocem
3195 2061 3355 2117 simul
3387 2061 3530 2116 coeli-

1955 2165 2059 2219 tus,
2085 2156 2296 2210 occulta
2318 2155 2683 2225 turpitudinis.
2699 2154 2939 2212 facinora
2968 2164 3153 2225 aperte
3170 2154 3524 2219 revelantem,

1953 2245 2392 2301 audisse.Alium
2420 2260 2637 2315 quoque
2676 2260 2968 2316 pauperem
3004 2245 3291 2317 quemdam
3326 2245 3529 2300 nudum

1953 2339 2006 2393 in
2041 2338 2154 2394 solo
2177 2338 2446 2409 jacentem
2493 2338 2563 2394 ab
2612 2353 2678 2394 eo
2724 2326 3076 2411 conspectum
3122 2353 3265 2405 esse,
3293 2339 3529 2395 lacerum

1951 2444 2180 2500 prorsus
2200 2439 2252 2484 et
2272 2429 2466 2499 pannis
2490 2429 2685 2486 vilibus
2703 2432 2939 2486 obsitum
2962 2445 2974 2480 :
3004 2430 3162 2500 cujus
3188 2431 3422 2485 animam
3441 2429 3532 2499 qui

1955 2522 2106 2577 multi
2134 2525 2180 2577 ei
2214 2532 2411 2592 przesto
2459 2524 2708 2589 aderant,
2747 2522 2923 2593 angeli
2974 2533 3292 2578 reverenter
3333 2537 3534 2577 evoca-

1955 2614 2093 2679 rint;
2129 2614 2216 2669 cui
2240 2611 2409 2668 David
2444 2628 2662 2683 quoque
2704 2628 2830 2668 cum
2882 2613 3078 2669 summi
3127 2622 3426 2670 concentus
3458 2612 3537 2669 ci-

1955 2711 2110 2763 thara
2144 2722 2241 2761 sua
2276 2707 2536 2771 adfuerit,
2575 2706 2908 2762 carminibus
2930 2705 3099 2764 .illam
3132 2706 3298 2762 veluti
3321 2706 3536 2763 demul-

1956 2813 2086 2854 cens
2108 2807 2271 2868 atque
2309 2799 2638 2868 producens.
2991 2800 2996 2803 ’

1954 2955 2093 3029 διγ.
2123 2954 2283 3010 ditas
2319 2954 2378 3011 S.
2413 2956 2703 3029 Eutliymt'i,
2744 2955 3145 3029 discipulorum.
3175 2969 3533 3009 successorum

2094 3039 2141 3082 et
2169 3044 2263 3082 sex
2289 3024 2714 3096 patriarcharum
2736 3024 3358 3097 Hierbsolymituuorum.

2029 3162 2117 3217 12.
2142 3158 2440 3216 Historiam
2469 3159 2526 3213 S.
2550 3157 2848 3230 Euthymii,
2875 3157 3100 3228 ejusque
3129 3171 3532 3220 successorum,

1956 3255 2174 3312 deducit
2207 3254 2441 3326 Cyrillus
2465 3253 2532 3307 ad
2565 3266 2660 3307 sua
2696 3262 2959 3320 tempora,
2996 3254 3196 3322 quibus
3239 3260 3359 3306 aeta
3392 3251 3530 3320 ejus,

1959 3349 2019 3404 8.
2072 3347 2227 3403 Saba:
2275 3356 2330 3402 et
2381 3346 2437 3400 S.
2488 3344 2716 3399 Joannis
2766 3330 3061 3399 Silentiarii
3111 3342 3345 3413 scripsit.
3391 3342 3535 3396 ldem

1959 3441 2260 3511 praestitum
2288 3440 2339 3492 in
2368 3438 2519 3493 Actis
2561 3436 2619 3491 S.
2670 3436 2931 3503 Quiriaci,
2976 3437 3090 3490 sive
3116 3452 3144 3488 a
3180 3435 3404 3505 Cyrillo,
3441 3450 3536 3489 seu

1960 3545 2069 3601 quo
2095 3529 2201 3583 alio
2246 3528 2389 3582 illius
2440 3526 2632 3596 :rquali
2674 3536 2729 3581 et
2776 3526 2946 3581 socio.
2971 3526 3240 3580 Accurata
3272 3526 3538 3589 locorum,

1960 3637 2026 3677 ac
2053 3619 2392 3690 potissimum
2435 3627 2736 3688 temporum
2771 3625 2827 3671 et
2862 3632 3238 3687 personarum,
3277 3617 3415 3670 ratio
3447 3617 3543 3670 ha-

1962 3716 2094 3771 bita.
2128 3711 2477 3777 lndietiones,
2506 3711 2847 3778 consulatus,
2894 3710 3023 3765 anni
3067 3710 3454 3777 imperaturum
3484 3720 3539 3765 et

1964 3809 2394 3881 patriarcharum
2451 3804 3072 3875 llierosolymitanorum
3111 3790 3397 3874 diligenter
3443 3821 3535 3857 ex-

1965 3902 2154 3973 pressi.
2196 3900 2374 3966 Quare
2400 3913 2582 3967 operm
2616 3898 2850 3966 pretium
2881 3895 3133 3950 duximus
3179 3910 3274 3949 eos
3305 3895 3542 3950 breviter

1966 3994 2133 4049 veluti
2162 3994 2214 4047 in
2250 3991 2444 4047 tabella
2470 3992 2539 4047 ob
2562 3989 2750 4046 oculos
2774 4004 2996 4060 ponere.
3045 3989 3303 4045 Nascitur
3344 3987 3400 4042 S.
3438 3988 3542 4041 liu-

1969 4087 2206 4159 thymius
2249 4095 2444 4156 quarto
2491 4082 2776 4139 consulatu
2826 4081 3071 4136 Gratiani
3117 4099 3208 4136 an.
3266 4081 3369 4137 Ch.
3398 4080 3540 4144 βπ,

1969 4182 2263 4238 indictione
2294 4180 2357 4246 γ,
2386 4179 2523 4233 forte
2548 4178 2711 4234 Juuio
2737 4191 2944 4242 mense,
2974 4186 3033 4230 ut
3066 4177 3132 4231 ad
3174 4176 3335 4230 vitam
3382 4191 3436 4229 n.
3487 4175 3541 4229 ὅ.

1969 4273 2131 4330 Patre
2180 4282 2397 4328 mortuo
2439 4271 2669 4326 oil‘ertur
2718 4268 2904 4338 Otrejo
2947 4269 3204 4337 episcopo
3246 4268 3402 4322 tertio
3425 4276 3548 4336 post

1970 4381 2117 4421 anno
2146 4366 2249 4421 sub
2274 4365 2485 4418 initium
2528 4360 2824 4416 Theodosii
2858 4360 3197 4427 imperatoris
3229 4375 3241 4409 :
3282 4360 3548 4412 educatur

279 4477 311 4515 a
352 4476 547 4529 Inagno
569 4469 747 4514 autem
794 4455 978 4512 Otreio
1024 4466 1078 4511 el
1117 4455 1318 4510 Acacio
1354 4454 1707 4509 Melitinensis
1763 4454 1866 4509 Ec-
1891 4450 1946 4510 D
1973 4460 2026 4514 in
2059 4458 2255 4513 studiis
2297 4456 2559 4510 :adultus
2600 4453 2848 4507 iuitiatur
2892 4450 3236 4506 sacerdotio:
3271 4448 3382 4502 abit
3424 4446 3547 4502 llic—

282 4556 458 4610 elesia:
483 4555 753 4623 episcopis
777 4553 880 4606 rite
901 4553 1092 4606 doctus
1115 4560 1278 4620 atque
1305 4549 1532 4602 eductus
1559 4564 1573 4601 :
1602 4548 1794 4602 deinde
1812 4546 1865 4600 in

284 4647 731 4717 presbyterorum
758 4646 1006 4700 ordinem
1056 4642 1312 4706 allectus,
1345 4656 1624 4699 sacrarum
1659 4649 1867 4693 tantum

286 4756 467 4793 rerum
505 4753 688 4793 curam
724 4738 911 4806 gessit.
945 4735 1140 4791 Postea
1184 4735 1237 4789 in
1281 4733 1569 4789 Palaestina
1606 4748 1716 4787 una
1745 4746 1867 4786 eum

287 4834 610 4886 admirando
640 4828 954 4884 Theoctisto
984 4828 1037 4881 in
1065 4839 1223 4883 antro
1255 4826 1490 4895 quodam
1513 4823 1730 4878 virtutis
1759 4829 1871 4876 sta-

289 4926 392 4978 tuit
418 4923 712 4980 oﬂieinam.
739 4920 1031 4988 multisque
1076 4927 1132 4974 et
1175 4917 1342 4973 variis
1373 4916 1548 4983 cellis,
1582 4914 1870 4969 sanctioris

293 5017 647 5086 philosophiae
678 5014 854 5068 mellis
884 5012 1124 5081 stipandi
1164 5012 1338 5081 gratia
1388 5010 1741 5073 constructis,
1786 5009 1871 5063 itt-

293 5126 422 5179 geus
452 5108 695 5162 condidit
735 5106 1149 5161 monasterium.
1184 5104 1242 5157 ln
1284 5114 1491 5157 tantttut
1541 5110 1720 5156 autem
1760 5103 1873 5156 vir-

295 5211 408 5255 tute
426 5201 643 5265 enituit,
666 5210 722 5251 ιιι
748 5214 869 5251 cum
903 5210 1076 5251 canon
1098 5205 1324 5259 essetet
1363 5192 1593 5247 formula
1642 5192 1873 5247 instituti

297 5291 608 5352 tumiastici,
639 5301 749 5342 tum
785 5287 1062 5342 miraculis
1089 5287 1251 5340 etiam
1300 5285 1527 5339 edendis
1554 5283 1871 5353 praeclarum

294 5387 570 5440 obtineret
596 5397 812 5437 nomen.
854 5379 988 5434 Nam
1018 5377 1308 5434 Persarum
1340 5376 1620 5448 cujusdam
1669 5376 1873 5431 tribuni

296 5481 466 5535 lilium
516 5479 707 5533 morbo
754 5477 1040 5532 liberatum
1072 5474 1138 5527 ad
1171 5471 1595 5528 incolumitatem
1638 5470 1868 5531 reduxit,

295 5583 350 5628 et
373 5573 499 5628 creti
544 5571 739 5640 januas
768 5568 1002 5639 aperuit,
1039 5577 1199 5635 atque
1232 5563 1401 5619 sterili
1436 5572 1592 5616 terra:
1624 5559 1872 5614 fertilita-

302 5675 408 5721 tem
466 5665 805 5719 orationibus
865 5661 1194 5717 conciliavit.
1245 5656 1437 5710 Eﬂ‘eeit
1490 5654 1675 5718 etiam,
1718 5662 1776 5705 ut
1806 5666 1872 5706 ex

260 5825 279 5842 ν
299 5746 648 5828 paucisSimis
689 5756 908 5827 plurimi
944 5769 1112 5825 partes
1141 5755 1351 5816 fierent,
1379 5753 1575 5825 quibus
1602 5749 1875 5816 quadrin-

1970 4550 2294 4620 rosolymam
2318 4562 2464 4600 anno
2482 4546 2661 4599 aetatis
2678 4544 2769 4609 ‘29,
2789 4542 2991 4597 Christi
3016 4541 3141 4605 406,
3162 4539 3367 4594 habitat
3386 4538 3543 4606 juxta

1972 4644 2176 4697 lauram
2208 4638 2447 4692 Pharan.
2477 4635 2728 4704 Quinque
2754 4635 2806 4687 in
2845 4633 3061 4687 Pbaran
3105 4629 3399 4684 transactis
3444 4644 3544 4680 an-

1972 4733 2078 4797 nis,
2107 4730 2312 4787 secedit
2354 4730 2419 4782 ad
2465 4726 2801 4798 speluncam,
2846 4740 2936 4778 an.
2974 4720 3075 4777 Cb.
3122 4720 3249 4777 4H.
3302 4720 3547 4774 Exstruit

1972 4825 2199 4880 inferius
2259 4818 2653 4877 monasterium
2722 4817 2780 4870 S.
2844 4813 3164 4870 Theoctisti.
3229 4810 3549 4865 Proveetior

1973 4921 2231 4987 canisque
2258 4929 2584 4985 conspersus
2606 4911 2844 4983 atdilicat
2885 4907 3032 4962 aliud
3070 4904 3457 4960 monasterium
3497 4905 3548 4957 in

1972 5010 2263 5068 solitudine
2314 5005 2599 5077 Engaddi:
2654 5004 2892 5066 lauram,
2938 5014 2969 5053 a
3013 5014 3114 5054 suo
3167 4998 3290 5053 dein
3334 4996 3550 5049 nomine

1974 5103 2432 5174 cognominatam,
2463 5095 2667 5152 condit.
2691 5093 2973 5164 Templum
3016 5091 3183 5145 latine
3236 5106 3264 5144 a
3290 5086 3551 5169 Juvenale

1973 5197 2228 5266 episcopo
2265 5190 2751 5261 Hierosolymitano
2771 5187 3079 5251 dedicatur,
3105 5199 3228 5239 cum
3258 5197 3432 5236 annos
3457 5196 3550 5234 na—

1976 5298 2063 5343 tus
2100 5295 2247 5342 esset
2278 5284 2368 5348 5‘2,
2418 5298 2447 5336 a
2482 5282 2685 5337 Christi
2737 5279 3025 5335 nativitate
3050 5278 3190 5342 4‘29,
3220 5274 3546 5330 volveretur.

1977 5381 2174 5452 Ephesi
2216 5378 2453 5450 synodus
2504 5376 2838 5432 meumenica
2894 5380 3251 5442 congregatur
3307 5383 3396 5421 an.
3445 5365 3548 5445 Ch.

1976 5476 2103 5539 451,
2162 5471 2234 5525 22
2274 5470 2445 5535 Junii,
2498 5469 2674 5523 astatis
2727 5467 2788 5523 8.
2836 5464 3110 5536 Euthymii
3163 5461 3251 5518 δτι.
3298 5452 3553 5514 Nascitur

1980 5567 2037 5620 8.
2074 5564 2250 5617 Sabas
2298 5563 2431 5629 imp.
2461 5559 2773 5622 Theodosio
2812 5573 2924 5613 xvn
2970 5553 3212 5616 consule,
3246 5564 3429 5604 mense
3459 5547 3552 5603 Ja-

1980 5656 2173 5711 nuario
2199 5669 2288 5707 an.
2324 5652 2427 5706 Cb.
2459 5650 2586 5706 459.
2624 5650 2852 5706 Moritur
2878 5646 3217 5704 Theodosius
3242 5641 3436 5697 Junior
3460 5658 3551 5695 an.

1980 5748 2078 5804 Ch.
2104 5736 2230 5809 450,
2256 5747 2354 5800 sub
2380 5744 2535 5815 cujus
2564 5744 2724 5797 linem
2767 5742 3007 5797 nascitur
3040 5737 3100 5793 S.
3136 5736 3421 5803 Quiriacus
3447 5733 3571 5813 Cit“:
