3846 6472
284 280 400 346 ’591

1544 282 1832 344 MENSIS
1871 282 2332 346 JANUARIUS.

3451 293 3564 357 592

299 399 437 455 cim-
460 413 552 453 ειη,
575 399 712 472 pm,
747 398 872 464 με,
904 401 1069 471 utqui
1100 416 1243 457 anno
1277 400 1472 454 Leonis
1503 401 1560 466 9,
1602 402 1873 456 decimum
1901 407 1951 466 Α
1979 397 2238 466 legendus
2270 399 2587 455 Herwartus
2624 402 2676 455 in
2703 403 3072 478 Chronologia
3103 423 3221 480 cap.
3251 409 3380 464 237.
3414 410 3561 468 Idem

301 501 546 546 octavum
589 491 763 548 tetatis
818 492 1033 563 agebat,
1082 504 1138 548 et
1194 508 1282 549 an.
1343 493 1446 548 Ch.
1498 494 1624 561 475,
1680 494 1873 550 Martio

301 598 508 647 mense,
531 584 852 654 vigesimum
881 596 1115 653 sextum,
1143 597 1197 642 ut
1225 602 1292 642 ex
1331 588 1450 656 ejus
1487 599 1540 643 et
1577 589 1634 643 8.
1670 590 1875 661 Edtby-

300 676 393 730 inii
429 677 536 730 vita
573 687 808 732 constat.
841 679 1185 735 Chalcedone
1215 683 1452 752 synodus
1493 683 1685 737 «itidem
1725 699 1874 740 tecu~

306 769 517 823 meuica
574 769 890 825 celebratur
962 786 1146 826 mense
1201 771 1443 836 Octobri,
1501 788 1645 829 anno
1697 776 1874 829 aetatis

301 859 359 914 8.
397 861 664 931 Euthymii
713 863 812 928 75,
865 863 1066 920 Christi
1134 866 1259 920 451.
1308 869 1465 921 Anno
1515 866 1770 924 Marciani
1815 869 1871 933 4,

299 951 504 1006 Christi
527 952 652 1017 454,
682 953 979 1009 indictione
1018 970 1114 1020 vu,
1144 956 1390 1012 nascitur
1413 957 1660 1023 {Joannes
1695 959 1871 1014 Silen-

300 1045 513 1100 tiarius.
545 1047 652 1101 Leo
690 1047 986 1117 imperator
1010 1051 1253 1106 succedit
1293 1050 1570 1106 Marciano
1596 1067 1685 1106 an.
1737 1051 1869 1105 Chr.

297 1136 426 1193 457.
461 1138 724 1208 Sequenti
748 1125 898 1220 anno
943 1141 1221 1198 Juvenalis
1252 1144 1469 1199 excedit
1496 1159 1527 1198 e
1559 1146 1665 1199 vita
1693 1155 1749 1199 et
1779 1161 1874 1214 pa-

299 1230 538 1286 triarcha
581 1231 702 1302 ejus
741 1233 860 1289 loco
907 1235 1191 1288 ordinatur
1238 1236 1577 1303 Anastasius,
1611 1253 1700 1291 an.
1741 1237 1871 1293 Chr.

296 1318 424 1376 458.
453 1321 512 1376 S.
547 1323 718 1378 Sabas
739 1339 882 1380 anno
910 1326 1086 1380 tetatis
1119 1326 1208 1394 18,
1228 1327 1327 1382 Ch.
1347 1327 1472 1393 457,
1507 1329 1655 1384 venit
1679 1328 1874 1384 Hiero-

298 1411 560 1482 solymam
592 1430 607 1469 :
641 1415 784 1486 degit
817 1417 870 1470 in
895 1419 1222 1473 monasterio
1254 1417 1314 1473 S.
1347 1420 1691 1476 Passarionis
1723 1423 1874 1475 :adit

300 1503 358 1559 S.
391 1505 774 1577 Euthymium,
822 1523 969 1564 anno
1013 1513 1189 1568 mtatis
1231 1514 1391 1584 hujus
1439 1515 1508 1570 82
1535 1557 1548 1580 ,
1585 1516 1692 1571 Ch.
1741 1517 1869 1584 458,

300 1596 536 1650 mitittur
567 1597 634 1652 ad
661 1602 1050 1657 monasterium
1077 1601 1136 1658 S.
1170 1601 1489 1660 Theoctisti.
1517 1605 1613 1663 Hic
1646 1609 1875 1664 moritur

295 1687 473 1742 {etatis
499 1687 556 1742 S.
594 1690 868 1763 Euthymii
893 1694 989 1760 90,
1009 1695 1212 1751 Christi
1242 1698 1384 1767 i467,
1435 1715 1557 1754 cum
1603 1701 1871 1757 decimum

289 1779 400 1846 jam
475 1797 674 1838 annum
753 1785 828 1840 illi
898 1787 1072 1844 Sabas
1117 1764 1486 1848 cohabitaret.
1559 1764 1948 1850 TheoctistoB

294 1872 537 1928 succedit
602 1873 804 1944 Maris;
869 1879 1169 1952 11111οξ0031
1248 1876 1550 1950 biennium,
1621 1901 1713 1940 an.
1766 1886 1868 1942 Ch.

292 1960 420 2029 469,
454 1963 753 2037 Longinus.
778 1970 990 2027 Interea
1022 1975 1173 2029 venit
1196 1975 1630 2050 Hierosolymam
1661 1980 1872 2046 8.(ξυί-

295 2054 474 2112 riacus
497 2073 670 2114 annos
697 2072 855 2118 natus
884 2063 976 2131 18,
1012 2065 1212 2122 Leonis
1250 2067 1598 2138 imperatoris
1637 2085 1780 2126 anno
1809 2070 1864 2137 9,

295 2146 569 2204 Anastasii
608 2153 936 2222 patriarchae
977 2156 1033 2223 8,
1069 2157 1271 2215 Christi
1310 2159 1455 2225 465;
1491 2163 1682 2234 hyeme
1729 2165 1872 2233 apud

294 2235 638 2312 Eustorg-iurn
671 2244 1074 2319 Hierosolymis
1123 2262 1366 2320 peracta,
1403 2254 1515 2308 adit
1565 2252 1625 2308 8.
1671 2255 1876 2329 Euthy-

297 2330 487 2398 tnium,
523 2334 592 2389 ab
614 2351 682 2391 eo
708 2343 1008 2396 monastico
1032 2343 1218 2398 habitu
1257 2346 1496 2412 indutus,
1527 2359 1739 2404 mortuo
1761 2352 1874 2420 jam

295 2422 630 2496 Theoctisto,
657 2431 894 2486 mittitur
927 2435 992 2489 ad
1021 2436 1077 2489 S.
1101 2434 1471 2492 Gerasimum.
1502 2436 1512 2444 ’

367 2514 456 2572 15.
500 2517 739 2576 Tandem
792 2525 1006 2581 meritis
1057 2528 1289 2597 plenus,
1342 2530 1517 2586 electo
1559 2547 1878 2593 successore

295 2604 436 2674 Elia,
462 2609 693 2666 moritur
714 2612 772 2668 8.
797 2613 1120 2688 Euthymius
1146 2617 1216 2673 20
1243 2619 1483 2674 Januarii
1511 2623 1598 2678 die
1626 2624 1875 2694 Sabbati,

293 2710 482 2771 noctu,
529 2719 675 2762 anno
716 2708 783 2762 16
820 2707 1035 2780 imperii
1063 2709 1284 2778 Leonis,
1311 2713 1432 2782 qui,
1457 2730 1578 2768 cum
1601 2732 1741 2772 unus
1762 2717 1876 2787 jam

293 2796 650 2862 praeteriisset
693 2813 870 2856 annus
914 2814 1036 2873 post
1078 2816 1306 2862 mortem
1361 2810 1539 2879 magni
1580 2811 1876 2882 Euthymii,

292 2886 457 2942 etiam
487 2891 706 2946 excedit
729 2907 759 2949 e
781 2895 911 2961 vita;
949 2895 1021 2951 ita
1045 2896 1184 2952 infra
1212 2914 1366 2954 1111111.
1389 2902 1510 2967 105,
1537 2903 1639 2958 109
1664 2916 1720 2960 et
1751 2905 1874 2961 115.

287 2977 524 3036 Άᾶάἰιω·
564 2983 620 3039 in
650 2983 774 3040 Vita
817 2987 876 3042 8.
910 2988 1068 3044 Saba:
1111 3006 1214 3048 ms.
1260 2995 1599 3062 requievisse
1638 3013 1782 3054 anno
1812 2998 1879 3052 15

1977 489 2409 570 animadvertere
2439 499 2523 548 cst
2547 492 2598 546 io
2627 491 2749 548 Vita
2785 493 2846 550 8.
2875 493 3032 551 Sabas
3059 499 3128 552 ab
3155 497 3566 569 cederrtscripta

1976 577 2201 651 Cyrillo.

2048 696 2135 750 14.
2178 696 2306 752 Post
2329 700 2534 754 obitum
2577 699 2634 756 8.
2663 703 2936 775 Euthymii
2971 704 3027 760 S.
3053 705 3222 760 Sabas
3259 722 3403 761 anno
3427 719 3562 763 teta-

1980 789 2046 842 tis
2085 789 2175 852 55,
2217 789 2318 844 Ch.
2349 793 2472 856 475,
2505 794 2728 849 discedit
2759 813 2822 850 ex
2857 797 3102 852 inferiori
3141 801 3472 853 monasterio
3495 801 3564 852 ad

1979 879 2036 932 S.
2070 879 2624 942 Cerasimum._Anno
2653 886 2720 941 ab
2760 887 2910 942 obitu
2934 887 2990 942 S.
3021 889 3296 960 Euthymii
3334 891 3566 945 moritur

1977 971 2088 1026 Leo
2119 974 2431 1044 imperator,
2471 992 2559 1032 an.
2596 978 2696 1033 Ch.
2727 979 2851 1034 474.
2900 979 3155 1036 Succedit
3201 979 3310 1035 Leo
3341 981 3562 1049 Nepos;

1977 1064 2123 1130 huic,
2162 1081 2283 1122 cum
2339 1069 2481 1122 haud
2532 1071 2623 1124 diu
2671 1071 2918 1136 vixisset,
2977 1082 3130 1142 pater
3180 1073 3328 1126 Zeno
3369 1074 3564 1127 eodem

1977 1156 2376 1212 auno.Moritur
2405 1160 2463 1214 S.
2499 1158 2816 1216 Gerasimus
2839 1163 3135 1232 (num.95.)
3163 1165 3195 1217 5
3235 1162 3439 1227 Martii,
3481 1164 3568 1217 in-

1976 1247 2215 1306 dictione
2265 1252 2360 1317 15,
2410 1254 2694 1308 consulatu
2735 1254 2971 1310 Zenonis
3019 1256 3241 1326 Augusti
3301 1257 3562 1318 secundo,

1977 1353 2064 1393 au.
2097 1341 2194 1395 Ch.
2239 1342 2367 1397 475.
2407 1345 2466 1399 8.
2501 1343 2762 1413 Cyriacus
2796 1363 2940 1402 anno
2974 1349 3148 1403 aetatis
3185 1349 3276 1414 27,
3318 1348 3457 1404 redit
3497 1348 3566 1402 ad

1977 1430 2186 1486 lauram
2231 1435 2290 1489 S.
2327 1435 2640 1506 Euthymii,
2688 1438 2875 1508 ibique
2919 1439 3078 1510 longo
3117 1452 3397 1510 tempore,
3447 1442 3566 1495 sive

1977 1521 2161 1576 decem
2193 1539 2386 1592 annos,
2429 1539 2694 1595 moratur,
2731 1547 2783 1586 n.
2830 1530 2918 1596 49,
2961 1541 3016 1586 et
3048 1532 3099 1586 in
3135 1532 3253 1602 ejus
3285 1531 3426 1586 Vita.
3461 1531 3567 1583 Ba-

1976 1613 2190 1670 siliscus
2236 1631 2302 1671 ex
2341 1618 2554 1675 insidiis
2597 1620 2805 1675 invadit
2847 1622 3135 1692 imperimn
3179 1639 3271 1678 an.
3301 1623 3404 1678 Ch.
3434 1623 3562 1678 476.

1976 1702 2209 1762 Moritur
2252 1710 2580 1767 Anastasius
2625 1715 2960 1782 patriarcha,
3015 1731 3158 1770 anno
3203 1716 3396 1786 quinto
3437 1727 3567 1786 post

1975 1810 2205 1854 mortem
2240 1800 2511 1874 Euthymii
2551 1806 2880 1874 exspiraute,
2920 1809 3214 1878 incipiente
3244 1823 3428 1864 mense
3465 1807 3564 1862 Ja-

1975 1893 2166 1944 nuario
2201 1908 2291 1946 an.
2326 1893 2426 1948 Ch.
2449 1895 2575 1962 477,
2605 1900 2842 1965 peractis
2877 1899 2930 1952 iu
2962 1900 3255 1968 przesulatu
3291 1899 3355 1954 19
3379 1899 3560 1954 anuis.

1977 1981 2176 2037 Eodem
2211 1998 2354 2040 anno
2383 1985 2528 2042 Zeno
2569 1998 2856 2057 recuperat
2904 1990 3214 2059 imperium,
3265 2000 3320 2044 et
3347 1991 3564 2060 Marty-

1973 2076 2090 2130 rius
2121 2086 2340 2132 creatur
2374 2080 2710 2148 patriarcha,
2742 2091 2816 2151 ut,
2839 2099 2986 2138 num.
3031 2084 3134 2138 115
3181 2085 3473 2145 iudicatur,
3511 2094 3569 2136 ct.

1975 2166 2030 2221 in
2057 2164 2210 2222 Notis
2246 2169 2312 2222 ad
2343 2179 2505 2240 caput
2535 2171 2626 2225 20.
2675 2171 2874 2227 Eadem
2907 2180 3227 2243 repetuntur
3262 2175 3313 2228 in
3347 2173 3469 2228 Vita
3500 2171 3564 2226 S.

1977 2257 2170 2326 Sabas;
2194 2261 2284 2330 qui
2316 2262 2518 2316 dicitur
2549 2263 2682 2318 inita
2715 2275 2844 2318 ante
2868 2280 2965 2334 per
2985 2266 3563 2332 quemdamAntbum,

1977 2365 2070 2407 seu
2102 2352 2348 2419 Florum,
2377 2355 2617 2409 amicitia
2644 2371 2766 2410 cum
2806 2357 2864 2411 8.
2895 2356 3202 2411 Theodosio
3232 2355 3563 2412 (1010011101-

1977 2445 2102 2510 cba,
2152 2447 2418 2516 migrasse
2466 2447 2517 2502 in
2557 2448 2898 2517 speluncam,
2933 2448 3023 2502 ubi
3061 2463 3204 2502 anno
3249 2449 3427 2502 aetatis
3472 2447 3566 2508 40.

1977 2537 2144 2606 cmpit
2187 2541 2481 2612 discipulos
2534 2557 2900 2614 congregare,
2956 2554 3010 2599 et
3043 2545 3252 2599 laurum
3306 2547 3565 2601 condere.

1980 2624 2037 2683 S.
2079 2628 2314 2685 Joannes
2375 2631 2717 2689 Silentiarius
2765 2637 2822 2690 tit
2871 2637 3159 2708 episcopus
3209 2637 3261 2691 in
3307 2636 3571 2691 Armenia

1979 2735 2122 2777 anno
2164 2724 2340 2778 aetatis
2375 2724 2468 2790 28,
2512 2725 2713 2781 Christi
2750 2726 3110 2782 48l.luterea
3158 2727 3309 2781 laura
3353 2727 3412 2781 S.
3456 2727 3572 2781 En-

1981 2811 2172 2884 tbymii
2233 2825 2475 2869 mutatur
2526 2818 2579 2871 in
2648 2822 3036 2872 monasterium
3101 2837 3114 2872 :
3168 2819 3571 2874 dedicationem

1981 2905 2221 2960 celebrat
2257 2906 2550 2980 Martyrius
2581 2912 2891 2978 patriarcha
2925 2911 2955 2964 7
2989 2909 3111 2963 Maii
3138 2925 3281 2964 anno
3314 2912 3381 2963 ab
3413 2911 3566 2965 obitu

1983 2995 2042 3050 S.
2075 2997 2347 3068 Euthymii
2376 2999 2463 3067 12,
2499 3011 2616 3068 post
2643 3001 2917 3056 Christum
2953 3013 3138 3055 uatum
3172 3001 3299 3056 484.
3332 3000 3574 3056 Discedit

280 3073 1114 3177 upratsulatusinastasii.‘Quae
1153 3083 1364 3154 singula
1400 3085 1648 3169 incidunt
1685 3089 1737 3142 in
1781 3104 1947 3177 an-c
1985 3089 2042 3144 S.
2071 3089 2332 3161 Cyriacus
2356 3107 2386 3146 e
2417 3094 2748 3147 monasterio
2799 3094 2858 3148 8.
2887 3093 3162 3164 Euthymii
3199 3110 3290 3148 an.
3322 3093 3450 3159 485,
3499 3094 3568 3147 ad

293 3180 426 3221 num
449 3166 550 3222 Ch.
579 3168 710 3233 473,
733 3170 910 3226 littera
935 3170 1260 3229 Dominicali
1281 3175 1348 3240 G,
1370 3166 1479 3232 non
1507 3193 1708 3234 annum
1737 3197 1870 3251 prte-

293 3257 575 3314 cedentem
623 3259 753 3327 472,
806 3278 916 3333 quo
956 3278 1083 3319 eum
1127 3265 1329 3322 obiisse
1369 3269 1558 3324 scribit
1601 3270 1870 3331 Barouius

284 3367 446 3408 =num.
479 3353 534 3421 8,
567 3369 676 3426 quo
705 3357 822 3413 dies
851 3358 922 3413 20
951 3358 1194 3416 Januarii
1231 3362 1418 3418 incidit
1448 3365 1501 3419 in
1537 3367 1676 3421 diem
1701 3367 1869 3434 Jovis,

283 3454 522 3514 eratque
555 3445 752 3503 Leonis
779 3449 970 3504 saltem
1000 3448 1259 3508 Januario
1300 3439 1487 3511 mense
1519 3457 1696 3511 solum
1728 3460 1873 3514 deci-

296 3552 416 3592 mus
441 3539 660 3606 quintus
704 3555 897 3597 annus.
927 3543 1178 3615 Aloysius
1213 3546 1544 3616 Lipomauus
1581 3549 1874 3608 adnotarat

285 3644 419 3686 cum
447 3632 656 3689 obiisse
686 3649 774 3689 an.
803 3633 906 3691 Ch.
937 3637 1064 3704 475;
1097 3639 1186 3693 alii
1208 3639 1314 3696 alia
1350 3642 1567 3699 tradunt
1595 3661 1610 3698 :
1643 3659 1870 3712 quorum

289 3723 608 3803 conjectura
632 3741 696 3782 ex
721 3727 878 3783 dictis
902 3730 1125 3786 corruit.
1151 3731 1271 3785 Alia
1296 3743 1379 3786 est
1404 3731 1706 3801 dimcultas,
1731 3739 1874 3806 quod

295 3813 508 3869 dicatur
539 3832 688 3888 nu,m.
726 3817 850 3885 109,
890 3822 1102 3876 venisse
1135 3822 1190 3876 in
1219 3822 1568 3880 Solitudinem
1600 3828 1744 3882 circa
1774 3845 1874 3883 an-

295 3921 396 3963 uos
421 3909 692 3978 vigintiret
731 3927 924 3973 novem
964 3914 1108 3979 vitae,
1142 3929 1207 3993 ac
1235 3919 1514 3987 sexaginta
1538 3901 1598 3975 et
1628 3930 1751 3978 octo
1774 3938 1873 3978 an-

297 4011 396 4051 nos
430 3998 483 4052 in
522 4013 584 4054 ea
627 4005 979 4074 transegisse,
1007 4016 1060 4061 et
1085 4009 1388 4066 excessisse
1423 4026 1454 4065 e
1495 4013 1603 4067 vita
1637 4029 1876 4087 nonage-

297 4089 438 4145 simo
483 4098 540 4145 et
583 4106 727 4148 nono
768 4110 912 4149 anno
939 4098 1152 4166 etatis;
1211 4115 1332 4154 cum
1387 4105 1772 4175 nonagesitnus
1827 4118 1877 4164 ct

295 4181 562 4250 septimus
584 4198 651 4238 ex
695 4187 902 4243 duobus
923 4203 1083 4259 supra
1106 4192 1287 4247 citatis
1309 4196 1548 4251 numeris
1568 4198 1874 4267 colligatur,

298 4287 406 4340 quo
432 4275 591 4330 modo
621 4276 767 4332 hunc
794 4278 970 4334 locum
1003 4281 1340 4353 Nicephorus
1371 4287 1462 4342 lib.
1495 4305 1611 4354 xrv,
1639 4307 1758 4362 cap.
1782 4293 1874 4360 52,

296 4366 586 4434 expressit,
627 4370 906 4444 Ἐξεδήμει
926 4375 1006 4442 δὲ,
1040 4377 1235 4447 inquit,
1259 4381 1395 4449 πρὸς
1419 4383 1626 4454 Κύριον
1653 4387 1681 4439 ὁ
1709 4387 1877 4457 μακά-

1981 3182 2186 3238 lauram
2220 3185 2421 3239 veteris
2445 3185 2622 3249 Sucze,
2659 3186 2841 3255 ibique
2869 3198 2925 3240 et
2951 3185 3144 3241 vicinis
3177 3187 3312 3241 locis
3349 3197 3576 3256 septua-

1979 3275 2128 3344 ginta
2157 3275 2272 3331 fere
2315 3278 2472 3332 anuis
2517 3280 2837 3347 supervixit,
2873 3296 2931 3336 n.
2977 3279 3046 3333 48
3087 3289 3142 3333 et
3174 3280 3226 3334 in
3256 3295 3376 3351 ejus
3421 3278 3568 3336 Vita.

1979 3366 2274 3439 Martyrius
2312 3369 2620 3438 patriarcha
2656 3372 2887 3425 moritur
2928 3372 2993 3425 15
3025 3370 3229 3440 Aprilis
3275 3372 3576 3426 indictione

1980 3478 2058 3525 rx,
2094 3479 2184 3519 an.
2211 3461 2313 3517 Cb.
2336 3462 2462 3526 486,
2488 3463 2578 3534 qui
2609 3464 2785 3518 :etatis
2823 3463 2880 3518 S.
2915 3463 3072 3519 Saba.-
3105 3475 3222 3520 erat
3244 3465 3332 3519 48.
3370 3465 3577 3536 Marty—

1984 3556 2062 3608 rio
2085 3557 2328 3610 succedit
2358 3554 2649 3612 Salustius.
2673 3557 2925 3612 .Zeuonis
2948 3557 3294 3626 imperatoris
3326 3557 3575 3612 defuncti

1983 3648 2274 3716 imperium
2321 3650 2534 3706 obtinet
2583 3650 2909 3705 Anastasius
2967 3651 3264 3706 indictione
3320 3667 3434 3716 xtv,
3464 3666 3572 3721 qua

1982 3741 2169 3795 eadem
2204 3740 2519 3807 indictione,
2560 3743 2626 3797 15
2671 3742 2948 3808 Decemb.,
2991 3745 3233 3798 dedicata
3293 3752 3374 3808 est
3425 3743 3607 3798 basi-.

1977 3830 2086 3885 ‘lica
2140 3831 2307 3886 laurze
2331 3832 2390 3887 S.
2440 3833 2626 3898 Saba-2,
2687 3850 2828 3889 anno
2867 3836 3041 3890 aetatis
3089 3835 3206 3902 ejus
3255 3835 3356 3900 55,
3416 3835 3577 3889 Chri-

1985 3924 2052 3979 sti
2106 3924 2230 3988 491,
2289 3941 2398 3994 quo
2439 3929 2628 3980 eodem
2678 3925 2917 3983 Joannes
2964 3927 3336 3992 Silentiarius,
3379 3929 3574 3982 relicto

1984 4018 2322 4087 episcopatu,
2357 4018 2424 4072 10
2462 4019 2618 4073 anuis
2648 4018 3048 4081 administrato,
3077 4022 3228 4074 venit
3259 4021 3323 4074 ad
3365 4021 3573 4074 lauram

1985 4108 2141 4163 Sabze
2164 4124 2305 4162 anno
2334 4110 2508 4163 aetatis
2529 4124 2640 4164 suae
2661 4109 2749 4164 58.
2777 4108 2900 4163 Vita
2930 4111 3237 4179 utriusque.
3272 4110 3369 4165 SS.
3401 4110 3578 4167 Sabas

1987 4211 2043 4255 et
2087 4199 2427 4255 Theodosius
2475 4199 2873 4255 C(enohiarcha:
2930 4200 3307 4270 prmﬁciuntur
3351 4203 3578 4269 reliquis

1988 4293 2334 4362 monasteriis
2364 4309 2394 4347 a
2421 4292 2660 4349 Salustio
2701 4294 3045 4358 moribundo,
3074 4295 3189 4364 qui,
3224 4295 3454 4364 expletis
3482 4311 3582 4363 pa-

1985 4385 2324 4439 triarchatus
2377 4386 2534 4440 anuis
2561 4384 2594 4439 7
2623 4400 2686 4440 ac
2726 4387 2760 4440 5
2794 4386 3092 4451 rneusibus,
3137 4387 3271 4440 obiit
3311 4385 3381 4440 25
3423 4385 3577 4448 Julii,

301 4473 437 4551 ptes,
477 4461 674 4516 ἑκατὸν
709 4465 846 4520 ἐτῶν
886 4468 1148 4537 γεγονὼς,
1187 4471 1418 4528 δεόντων
1465 4477 1642 4547 μόνων
1687 4479 1875 4551 τριῶν.

1987 4493 2362 4534 successorem
2389 4478 2705 4548 relinquens
2743 4478 2800 4534 S.
2829 4479 3025 4543 Eliam,
3056 4479 3142 4534 cui
3182 4495 3301 4534 eam
3345 4481 3579 4550 dignita-

304 4565 322 4597 1
355 4546 606 4619 Migravit
629 4553 696 4607 ad
723 4553 1010 4612 Dominum
1043 4559 1104 4614 Β.
1131 4561 1450 4634 Euthymius
1471 4546 1690 4621 cctrtum
1709 4546 1882 4624 annos

301 4651 482 4710 natus,
543 4645 725 4703 minus
779 4649 974 4706 tribus.
1027 4669 1046 4704 1
1107 4652 1333 4721 Menaea,
1384 4657 1776 4729 Authologion,
1828 4672 1883 4717 et

293 4731 620 4804 Cythereus,
649 4739 814 4794 etiam
843 4756 992 4796 anno
1018 4745 1197 4800 aztatis
1233 4747 1301 4802 97
1331 4758 1604 4805 mortuum
1633 4753 1878 4808 tradunt.

298 4827 486 4898 Atqui
528 4838 689 4885 natus
717 4841 803 4887 est
836 4849 978 4890 anno
1012 4835 1112 4891 (Jb.
1161 4837 1262 4892 577
1291 4847 1454 4910 atque
1491 4843 1625 4896 obiit
1658 4859 1748 4900 an.
1782 4845 1882 4902 Ch.

300 4919 427 4986 475,
468 4919 824 4990 20Januarii,
859 4936 920 4982 ut
953 4930 1237 4998 probatum
1272 4941 1375 4998 est,
1408 4947 1513 4986 non
1545 4935 1764 4991 omnino
1797 4941 1883 4991 111-

302 5026 484 5083 tegres
531 5020 823 5088 nonaginta
868 5036 964 5076 sex
1011 5025 1165 5080 vixit.
1207 5022 1410 5082 Verum
1461 5032 1588 5099 quia
1630 5032 1873 5103 Cyrillus

303 5119 411 5161 tam
447 5109 535 5163 hic
569 5126 730 5180 quam
760 5113 811 5166 in
849 5112 964 5169 Vita
993 5116 1054 5174 8.
1099 5117 1274 5184 Sa-bae,
1302 5135 1422 5188 quae
1459 5123 1525 5176 ad
1559 5133 1880 5192 sequentem

298 5199 651 5258 i'ndictionem
679 5217 952 5277 spectant,
985 5209 1052 5263 ad
1080 5209 1243 5262 alium
1269 5210 1432 5265 etiam
1458 5228 1658 5268 annum
1684 5215 1882 5283 aetatis,

293 5291 415 5349 sive
446 5294 742 5368 Euthymii,
779 5315 876 5356 seu
918 5300 1095 5367 Sahze,
1139 5302 1277 5358 solet
1305 5303 1546 5373 referre;
1594 5307 1722 5362 anni
1763 5309 1878 5378 pri-

301 5402 423 5444 mus
449 5399 502 5444 et
528 5392 754 5449 ultimus
785 5393 1097 5464 incompteti
1123 5403 1252 5449 sunt
1275 5398 1690 5464 annumerandi,
1723 5409 1888 5469 atque

298 5482 375 5537 ita
402 5485 666 5540 cxsistent
691 5487 817 5541 anui
835 5485 931 5543 '97.
945 5483 1108 5552 Quod
1132 5502 1261 5542 vero
1281 5502 1454 5544 annus
1480 5492 1671 5546 mortis
1691 5492 1886 5546 ibidem

297 5592 456 5633 num.
488 5578 594 5635 109
623 5581 836 5637 dicatur
879 5581 1083 5638 Christi
1117 5582 1244 5650 465,
1284 5599 1312 5636 a
1342 5598 1494 5640 more
1523 5579 1887 5655 quorumdam

301 5669 661 5729 Orientalium
683 5682 786 5740 est,
808 5674 900 5745 qui
931 5687 1102 5730 aram
1133 5690 1288 5732 suam
1316 5689 1347 5729 a
1373 5674 1576 5731 Christi
1603 5679 1889 5732 nativitate

305 5772 431 5820 octo
459 5767 617 5822 anuis
639 5780 808 5835 quam
841 5783 938 5825 nos
987 5771 1168 5828 serius
1196 5769 1571 5834 ordiebantur,
1601 5768 1667 5825 de
1693 5785 1800 5832 qua
1831 5785 1890 5826 re

1993 4578 2098 4622 tem
2127 4570 2454 4638 praedixerat
2484 4565 2543 4626 S.
2575 4569 2898 4640 Euthymius
2925 4586 2979 4625 n.
3007 4569 3098 4626 95.
3130 4572 3317 4624 Annus
3343 4571 3433 4624 hic
3458 4581 3580 4623 erat

1987 4662 2191 4719 Christi
2218 4663 2347 4729 495,
2385 4663 2560 4717 aetatis
2611 4662 2668 4717 S.
2725 4661 2883 4716 Saba:
2920 4662 3011 4717 '56.
3052 4662 3147 4717 Hic
3196 4663 3338 4716 Elias
3378 4678 3578 4718 novam

1992 4755 2279 4810 ecclesiam
2318 4755 2564 4824 Deiparte
2596 4753 2837 4826 Virginis
2870 4771 2898 4809 a
2936 4755 3076 4810 Saba
3110 4766 3448 4810 exstructam
3481 4756 3575 4809 de-

1992 4845 2138 4899 dicat
2173 4861 2190 4899 t
2224 4844 2371 4910 Julii,
2407 4845 2701 4901 indictione
2740 4861 2817 4910 rx,
2857 4861 2946 4899 an.
2989 4844 3088 4899 Cb.
3141 4844 3266 4910 501,
3304 4847 3484 4898 111111ιί8
3512 4845 3570 4900 8.

1995 4935 2151 4991 Sabas
2179 4934 2269 4992 65.
2301 4934 2358 4990 8.
2385 4935 2624 4992 Joannes
2655 4935 3004 4991 Silentiarius
3035 4937 3264 4991 discedit
3289 4937 3341 4989 in
3380 4937 3572 4990 Bubon

1994 5028 2289 5084 indictione
2311 5045 2389 5096 xi,
2419 5045 2561 5084 anno
2591 5031 2768 5084 aetatis
2796 5044 2907 5085 sua:
2933 5027 3022 5092 50.
3049 5028 3250 5084 Christi
3279 5029 3406 5094 505,
3437 5029 3578 5084 redit

1994 5122 2060 5175 ad
2109 5121 2318 5175 lauram
2365 5120 2430 5178 S.
2487 5119 2667 5188 Sabae,
2731 5121 2920 5176 indict.
2965 5135 3025 5187 ll,
3071 5136 3215 5176 anno
3262 5123 3436 5176 tetatis
3484 5121 3574 5185 56,

1989 5214 2196 5271 Christi
2228 5214 2352 5270 509.

2069 5307 2162 5365 15.
2201 5307 2370 5375 Elias,
2403 5308 2614 5378 primus
2637 5307 2952 5364 monasterii
2997 5306 3053 5362 8.
3082 5305 3360 5378 Euthymii
3399 5306 3577 5376 hegu-

1998 5413 2212 5464 menus,
2244 5413 2364 5452 cum
2413 5396 2483 5452 58
2527 5412 2697 5453 annos
2748 5412 2866 5452 eam
2916 5395 3295 5468 praefecturam
3344 5396 3579 5450 admini-

1997 5500 2247 5557 strasset,
2275 5490 2504 5544 moritur
2536 5504 2626 5544 an.
2658 5489 2769 5559 ,Ch.
2796 5490 2920 5544 511.
2961 5487 3025 5542 Εἰ
3076 5488 3317 5544 succedit
3353 5487 3577 5541 Simeon

1995 5584 2394 5652 Apameensis;
2437 5583 2512 5636 illi
2550 5583 2781 5636 triennio
2821 5594 2941 5652 post
2971 5581 3227 5636 deluncto
3268 5579 3578 5650 Stephanus

1995 5677 2170 5733 Arabs
2203 5690 2293 5731 an.
2329 5673 2429 5729 Ch.
2471 5674 2599 5730 514.
2631 5673 2882 5742 Migravit
2911 5691 2940 5729 e
2965 5675 3071 5728 vita
3105 5683 3249 5729 teste
3282 5671 3485 5742 Cyrillo
3518 5672 3576 5724 in

1997 5767 2122 5822 Vita
2168 5765 2228 5823 S.
2261 5766 2419 5822 Sabte
2458 5783 2548 5822 an.
2592 5766 2692 5824 Ch.
2725 5766 2850 5823 518.
2885 5767 3205 5823 Anastasius
3240 5764 3574 5836 Imperator,
