3846 6476
288 519 390 584 593

1271 519 1447 579 νΙΤΑ
1487 520 1544 578 S.
1590 516 1995 578 EUTHYMII.
2027 542 2097 552 —
2134 517 2520 580 PROCEML-l.

286 635 312 688 1
356 630 512 697 Julii,
549 639 602 686 et
655 631 714 686 S.
746 628 894 684 Elias
923 628 1231 698 patriarcha
1263 627 1762 698 Hierosolymorum
1804 626 1865 680 ll
1899 623 1951 683 A
1973 627 2300 696 patriarchae
2329 628 2684 686 Alexandrini
2721 632 3016 688 consiliarii
3061 632 3300 701 fuerunt,
3335 632 3402 689 de
3433 651 3564 704 qui-

285 723 434 779 Julii.
495 722 790 776 Anastasio
852 721 1118 776 successit
1166 719 1412 775 Justinus
1467 721 1680 784 senior,
1734 717 1869 775 Elite

285 815 543 880 Joannes,
569 814 662 885 qui
693 815 926 884 septimo
948 823 1071 885 post
1094 828 1237 868 anno
1265 814 1399 868 obiit
1427 814 1498 866 22
1519 813 1742 879 Aprilis,
1779 812 1864 866 in-

285 907 411 962 dict.
435 921 500 972 ιι,
519 921 610 961 an.
635 904 736 961 Cb.
754 904 880 971 524,
903 919 1272 959 successorem
1297 903 1604 973 relinquens
1619 901 1864 956 Petrum.

283 997 497 1055 Justino
535 1013 773 1069 quoque,
813 1007 939 1068 post
979 997 1030 1059 9,
1066 995 1275 1064 imperii
1323 984 1519 1058 annos,
1555 995 1591 1048 2
1636 994 1865 1062 Augusti

283 1091 561 1156 defuncto,
604 1106 696 1145 an.
733 1087 835 1144 Ch.
879 1088 1006 1153 527,
1055 1088 1321 1143 successit
1352 1086 1712 1152 Justinianus,
1752 1085 1865 1155 jam

284 1192 407 1236 ante
455 1195 644 1237 mense
695 1180 889 1249 Aprili,
941 1179 1076 1235 feria
1120 1195 1151 1233 ν
1203 1178 1255 1232 in
1297 1179 1466 1233 Coena
1512 1176 1746 1241 Domini,
1800 1176 1867 1231 ad

287 1273 568 1341 imperium
610 1279 911 1342 promotus.
964 1269 1120 1325 Anno
1172 1270 1300 1334 529,
1351 1271 1534 1324 vivere
1589 1269 1750 1323 desiit
1805 1268 1865 1324 S.

284 1363 624 1419 Theodosius
674 1363 1081 1428 emnobiarcha,
1138 1363 1331 1417 indict.
1380 1378 1478 1428 vu,
1531 1363 1591 1416 11
1636 1359 1864 1417 Januar.

283 1455 814 1525 Constantinopolim
861 1469 1049 1510 mense
1081 1455 1281 1525 Aprili,
1333 1455 1625 1509 indictione
1669 1456 1723 1520 6,
1776 1469 1864 1508 an.

282 1548 405 1611 528,
432 1550 799 1617 proliciscitur
824 1547 882 1603 S.
921 1545 1112 1611 Sabas,
1147 1547 1286 1601 redit
1315 1545 1621 1616 Septembri
1655 1558 1863 1606 mense,

280 1641 472 1694 ἱηάὶοι.
499 1639 557 1703 9,
585 1655 676 1694 an.
703 1639 802 1695 Ch.
823 1639 947 1702 530,
979 1654 1105 1693 mox
1127 1637 1456 1702 Caesaream,
1485 1637 1608 1692 inde
1638 1635 1871 1709 Scytho-

280 1730 442 1798 polim
482 1729 655 1785 tendit
687 1747 700 1784 :
730 1729 991 1800 Cyrillum
1028 1732 1220 1782 harum
1243 1727 1494 1783 Vitarum
1544 1729 1866 1798 scriptorem

279 1827 332 1882 in
365 1821 690 1889 discipulum
714 1821 973 1887 admittit,
1009 1831 1065 1876 et
1093 1838 1198 1877 non
1239 1821 1334 1875 diu
1361 1829 1485 1889 post
1516 1823 1746 1876 moritur
1781 1821 1869 1875 in-

279 1914 415 1968 dict.
462 1930 518 1980 x,
561 1915 594 1970 5
644 1915 978 1980 Decembris,
1013 1929 1157 1969 anno
1195 1914 1373 1969 (etatis
1400 1912 1470 1966 94
1508 1913 1705 1967 Christi
1740 1913 1864 1967 53L

1978 721 2079 776 bus
2105 721 2264 791 plura
2285 723 2351 776 ad
2375 721 2492 790 ejus
2515 723 2715 780 Vitam.

2393 835 2766 896 PROLOGUS
2806 837 3112 900 CYRILLl.

2429 949 2514 1005 Ea:
2545 953 2700 1006 veteri
2734 952 2924 1008 Latino
2969 972 3066 1008 ms.

2048 1089 2101 1142 1.
2143 1086 2448 1144 Venerabili
2478 1097 2640 1159 atque
2673 1090 2960 1161 magniﬁco
2987 1091 3101 1145 viro
3126 1089 3270 1160 patri
3298 1104 3417 1146 meo
3447 1090 3552 1158 spi-

1975 1178 2181 1244 rituali,
2227 1179 2461 1249 Georgio
2482 1180 2734 1235 videlicet
2768 1182 3103 1253 presbytero,
3133 1197 3348 1238 necnon
3371 1193 3429 1237 et
3458 1183 3559 1235 he-

1977 1286 2210 1340 gumeno
2245 1271 2346 1342 (a),
2393 1272 2650 1344 Cyrillus,
2680 1273 2932 1344 indignus
2955 1277 3240 1346 presbyter
3283 1283 3338 1330 et
3376 1290 3565 1330 mona-

1975 1362 2130 1428 chus,
2161 1363 2212 1417 in
2245 1363 2472 1418 Domino
2501 1365 2756 1422 salutem.

2048 1455 2185 1521 Quia
2219 1457 2372 1523 mihi,
2406 1458 2714 1513 venerande
2747 1457 2936 1521 Pater,
2976 1466 3064 1512 tua
3106 1459 3470 1529 praeceptione
3497 1461 3565 1516 de

1940 1542 1943 1545 ’
1980 1560 2304 1615 magnorum
2343 1546 2588 1600 virorum
2636 1548 2870 1613 actibus,
2915 1549 3017 1604 hoc
3051 1558 3155 1614 est,
3198 1549 3473 1621 Euthymii
3499 1565 3565 1606 ac

1976 1637 2277 1693 beatissimi
2312 1637 2492 1702 Sabze,
2517 1638 2716 1709 aliquid
2745 1641 3016 1696 disserere
3041 1640 3251 1710 jussisti
3279 1642 3348 1697 ob
3381 1643 3560 1696 moni-

1978 1739 2218 1782 mentum
2254 1729 2506 1785 videlicet
2549 1730 2894 1798 futurorum,
2941 1748 3028 1787 me
3069 1733 3247 1787 minus
3303 1733 3558 1788 idoneum

1977 1819 2045 1873 ad
2095 1820 2197 1874 hoc
2243 1817 2546 1874 faciendum
2589 1819 2706 1875 fore
2741 1821 3100 1892 perpendens,
3133 1830 3281 1874 tuum
3337 1820 3563 1877 acclinis

1976 1909 2221 1981 ﬂagitare
2259 1911 2476 1966 decrevi
2536 1912 2828 1978 solatium,
2878 1928 2988 1982 quo
3044 1912 3299 1968 videlicet
3347 1913 3562 1984 adjutus

282 2004 340 2060 S.
389 2008 546 2061 Saba:
582 2007 828 2062 succedit
861 2007 1064 2073 Melita,
1105 2015 1161 2061 et
1201 2007 1254 2060 in
1287 2006 1618 2060 monasterio
1664 2005 1722 2059 S.
1756 2003 1866 2058 Eu-
1894 1991 1941 2050 Β
1971 2003 2183 2073 plenius
2208 2018 2481 2074 exsequar
2516 1990 2831 2073 injunctum
2878 2005 3139 2061 ofﬁcium.
3188 2003 3322 2061 Volo
3361 2006 3562 2076 quippe

280 2097 477 2166 thymii
510 2097 788 2167 Stephano
836 2097 1003 2153 Arabi
1048 2111 1140 2152 an.
1170 2097 1273 2151 Ch.
1303 2096 1410 2152 554
1445 2095 1704 2150 defuncto
1727 2094 1872 2150 Tho-

283 2202 403 2241 mas
441 2188 832 2257 Apemeensis;
860 2188 988 2244 huic
1025 2189 1096 2244 25
1120 2188 1424 2272 Μπιίἰρη.
1467 2186 1568 2248 Ch,
1602 2187 1727 2251 542,
1749 2197 1871 2257 post

281 2276 492 2334 obitum
518 2278 790 2352 Euthymii
820 2281 909 2347 70,
933 2279 1192 2336 Leontius
1215 2280 1283 2336 ad
1319 2294 1481 2350 quem
1510 2295 1540 2333 a
1574 2277 1633 2334 S.
1665 2277 1872 2335 Joanne

285 2369 603 2426 Silentiario
634 2373 834 2429 missus
867 2373 1100 2445 Cyrillus
1135 2374 1281 2428 inter
1322 2371 1719 2444 Euthymianos
1756 2387 1871 2426 mo-

283 2454 491 2519 nachos
522 2465 792 2522 admissus
823 2476 928 2533 est,
965 2469 1258 2525 indictione
1287 2466 1342 2532 6,
1375 2481 1562 2521 mense
1583 2463 1747 2531 Julio,
1779 2481 1869 2520 an.

284 2555 412 2622 545,
457 2558 546 2626 qui
583 2566 702 2627 post
743 2575 778 2613 v
807 2559 1074 2630 synodum
1111 2555 1584 2627 Constantinopoli
1630 2558 1868 2612 habitam

283 2646 540 2704 discessit
581 2651 647 2704 ad
685 2650 894 2706 lauram
930 2667 1122 2706 novam
1159 2666 1249 2708 an.
1287 2651 1390 2705 Ch.
1423 2649 1549 2704 555.
1583 2648 1867 2704 Biennium

284 2741 577 2810 insumpsit
623 2742 676 2796 in
720 2744 1127 2800 conscribendis
1163 2742 1302 2798 Vitis
1335 2741 1437 2798 SS.
1489 2741 1769 2811 Euthymii
1811 2749 1870 2796 et

287 2829 446 2886 Saliae
467 2847 482 2886 :
507 2832 649 2886 circa
681 2834 822 2902 quod
852 2844 1062 2904 tempus
1080 2835 1213 2890 obiit
1237 2835 1296 2890 S.
1325 2831 1626 2904 Cyriacus;
1678 2847 1872 2903 super-

285 2933 406 2976 erat
442 2933 623 2979 autem
644 2924 701 2980 S.
732 2924 968 2982 Joannes
996 2925 1366 2991 Silentiarius,
1395 2940 1525 2979 ann.
1554 2925 1734 2983 aetatis
1757 2940 1871 2982 sua:

286 3014 416 3080 104,
451 3014 654 3071 Christi
690 3018 816 3085 557,
850 3035 971 3074 cum
1009 3018 1126 3089 ejus
1155 3018 1335 3074 Vitam
1367 3016 1871 3089 publicaretCyril-

285 3105 390 3160 lus.
443 3106 652 3163 Interea
701 3109 929 3167 Leontio
974 3113 1026 3166 in
1069 3112 1390 3181 prmiectura
1446 3114 1760 3169 monasterii
1808 3113 1864 3168 S.

285 3199 587 3273 Euthymii,
635 3204 896 3259 successit
933 3205 1223 3261 Gerontius
1258 3207 1617 3275 Medahensis,
1658 3207 1726 3262 de
1764 3221 1870 3276 quo

284 3292 388 3346 sibi
422 3294 624 3362 optime
651 3306 799 3362 noto,
835 3296 1063 3366 ejusque
1094 3306 1250 3366 patre
1276 3307 1332 3352 et
1357 3313 1460 3354 avo
1490 3298 1600 3370 agit
1639 3297 1870 3369 Cyrillus

219 3410 258 3441 ο
286 3386 341 3439 in
387 3386 507 3442 Vita
560 3389 618 3444 S.
672 3389 848 3448 Sabaa.
882 3393 952 3445 At
990 3407 1108 3460 qua:
1154 3392 1244 3448 hic
1289 3393 1582 3448 Gerontius
1628 3393 1870 3447 narravit

284 3474 479 3531 JOanni
527 3478 748 3534 Moscho
787 3490 839 3535 et
869 3481 1180 3550 Sophronia
1229 3481 1496 3554 Sophista:
1563 3482 1873 3538 referuntur

287 3569 358 3623 ab
391 3567 460 3624 iis
492 3571 546 3625 in
583 3571 752 3627 Prata
781 3572 1046 3644 spirituali
1086 3589 1205 3644 cap.
1253 3575 1344 3633 21.
1381 3576 1780 3646 Supertuerunt
1814 3576 1866 3630 hi

286 3659 396 3716 duo
429 3664 628 3721 saeculo
662 3667 932 3758 sequenti,
973 3677 1029 3724 et
1075 3667 1135 3724 S.
1174 3667 1400 3726 Joannis
1444 3669 1869 3742 Eleemosynarii

400 3843 417 3875 ί
449 3842 590 3899 Psal.
619 3860 785 3911 Lxxx,
815 3847 904 3902 Η.
970 3849 990 3879 ²
1020 3849 1152 3904 Luc.
1177 3864 1290 3918 ιιι,
1323 3849 1417 3904 25.

1975 2097 2232 2166 implores
2288 2097 2406 2166 ejus
2455 2097 2716 2153 auxilium
2775 2101 2868 2169 qui
2922 2115 3020 2170 per
3069 2099 3559 2169 Psalmographum

1974 2189 2115 2243 dixit
2157 2205 2170 2243 :
2207 2207 2224 2240 ι
2255 2189 2419 2259 Aperi
2469 2204 2530 2244 os
2558 2200 2728 2257 tuum,
2768 2200 2822 2246 et
2855 2205 2956 2260 ego
2990 2191 3294 2262 adimplebo
3317 2191 3444 2246 illud
3472 2191 3510 2244 ι.
3536 2208 3558 2244 ι

1974 2281 2234 2350 Quamvis
2262 2291 2442 2336 autem
2476 2298 2563 2338 me
2597 2283 2924 2339 imbecillem
2952 2297 3075 2339 esse
3107 2283 3470 2348 considerem,
3499 2297 3562 2338 ac

1977 2373 2070 2430 Dei
2115 2374 2257 2429 dono
2299 2374 2454 2430 valde
2493 2375 2798 2444 indignum,
2847 2383 3028 2432 tamen
3072 2375 3183 2430 tuis
3222 2374 3562 2443 jussionibus

1973 2479 2306 2534 coarctatus,
2353 2468 2496 2522 ultra
2539 2483 2689 2524 meas
2726 2471 2876 2524 vires
2917 2469 3238 2539 praesumpsi
3280 2469 3560 2539 progredi,

1973 2562 2355 2617 inobedientiae
2409 2560 2607 2615 malum
2651 2562 2992 2628 horrescens,
3049 2563 3158 2618 imo
3215 2561 3559 2618 Dominicam

1971 2669 2340 2724 expavescens
2380 2654 2732 2721 sententiam,
2767 2670 2870 2725 qna
2911 2655 3245 2710 inobedicnti
3300 2669 3365 2710 ac
3407 2654 3560 2725 pigro

1973 2761 2132 2802 servo
2159 2745 2356 2800 dicitur
2390 2762 2405 2800 :
2455 2764 2473 2797 ‹
2513 2746 2683 2801 Serve
2731 2747 2872 2800 male
2911 2755 2967 2801 et
2999 2748 3172 2818 piger,
3210 2748 3454 2818 oportuit
3510 2757 3560 2804 te

1973 2839 2103 2895 dare
2144 2839 2428 2909 pecuniam
2481 2852 2656 2893 meam
2703 2839 2768 2894 ad
2801 2853 3042 2895 mensam
3076 2841 3120 2906 ¹,
3147 2850 3296 2895 ietc.
3343 2840 3558 2911 Itaque,

1973 2931 2084 2986 Deo
2130 2929 2362 2994 favente,
2386 2929 2671 3002 aggrediar
2708 2931 2774 2986 de
2814 2931 3196 3000 praedictorum
3241 2941 3558 2988 sanctorum

1971 3024 2387 3080 conversatione
2418 3023 2703 3080 historiam
2736 3033 2945 3091 texere,
2979 3025 3096 3081 loca
3129 3025 3382 3082 videlicet
3415 3033 3555 3081 tem-

1971 3132 2213 3189 poraque
2245 3132 2309 3172 ac
2334 3131 2594 3187 personas
2624 3119 2946 3185 ostendens,
2977 3118 3139 3174 sicuti
3168 3133 3230 3175 ea
3263 3119 3557 3191 diligenter

1973 3208 2136 3264 didici
2155 3224 2186 3264 a
2215 3207 2464 3264 ﬁdelibus
2487 3215 2541 3263 et
2566 3208 2822 3266 veridicis
2850 3209 3002 3267 viris.
3037 3209 3189 3282 Rogo
3208 3225 3338 3266 vero
3369 3225 3558 3267 omnes

1973 3303 2064 3371 qui
2097 3303 2214 3357 haec
2246 3300 2443 3356 lecturi
2483 3309 2628 3368 sunt,
2662 3303 2776 3357 sive
2809 3303 2952 3359 lecta
2979 3305 3272 3373 audierint,
3303 3312 3363 3360 ut
3397 3304 3556 3360 ﬁdem

1972 3394 2130 3450 lectis
2159 3395 2271 3450 sive
2292 3393 2494 3449 auditis
2519 3393 2837 3458 adhibeant,
2873 3398 3042 3452 Deum
3078 3399 3206 3453 totis
3231 3399 3556 3469 praecordio-

1973 3503 2091 3542 rum
2113 3487 2415 3544 visceribus
2441 3495 2757 3554 c‘xorantes,
2781 3497 2840 3543 ut
2861 3490 3100 3560 ipsorum
3129 3505 3218 3546 me
3238 3491 3555 3562 participem

1971 3579 2158 3646 faciat,
2178 3593 2409 3650 quorum
2435 3585 2584 3649 gesta
2611 3580 2796 3638 multis
2819 3581 3099 3653 profutura
3131 3582 3223 3638 vili
3243 3581 3397 3639 valde
3419 3583 3554 3655 stylo

1972 3683 2248 3740 percurro.

362 3995 441 4068 (a)
476 3998 634 4080 éliud
674 3999 964 4060 Exordium
1006 4002 1143 4060 Vitae
1182 4004 1416 4076 praeﬁxit
1447 4003 1860 4080 Metaphrastes.
1903 4006 2196 4066 Exordium
2252 4018 2306 4066 et
2351 4007 2531 4065 Vitam
2573 4009 2779 4079 primus
2807 4007 2996 4066 Graece
3029 4007 3197 4066 edidit
3231 4005 3552 4065 Cotelerius.

291 4068 445 4124 Eutr.
480 4071 711 4136 PJmtOL.

3460 519 3531 581 59
3541 516 3570 577 ι’

3583 871 3590 943 ι
