3846 6480
1534 522 1817 581 ΜΕΝΞΙΒ
1851 522 2017 582 JANI

1998 524 2094 583 U.—\
2107 524 2312 585 lllUS.
3454 528 3559 592 595

693 866 922 953 ΤΟΥ
994 869 1331 958 ΟΣΙΟΥ
1404 876 1599 960 ΚΑΙ
1654 876 2263 965 ΘΕΟΦΟΡΟΥ
2315 877 2748 963 ΠΑΤΡΟΣ
2822 877 3148 965 ΗΜΩΝ

1486 1097 2378 1233 ΕΥΘΥΜΙΟΥ

937 1369 1474 1427 ΗΓΟΥΜΕΝΟΥ
1534 1374 1640 1427 ΕΝ
1703 1374 1994 1447 ΕΡΗΜῼ
2054 1375 2214 1429 ΤΗΣ
2271 1376 2522 1429 ΛΙῚΛΣ
2587 1377 2923 1431 ΠΟΛΕΩΣ

1136 1562 1531 1709 B102
1570 1568 1846 1678 KAI
1924 1531 2710 1683 IIOAITEIA.

1128 2071 1488 2191 VITA
1576 2076 1755 2186 ET
1851 2076 2106 2189 RES
2191 2030 2700 2258 GES'l‘fE

728 2370 969 2527 δ.
1169 2380 1340 2525 Ρ.
1520 2378 1716 2529 Ν.
1922 2375 3016 2575 EUTHYMII

1014 2668 1437 2731 HEGUMENI
1502 2671 1583 2732 ΙΝ
1661 2671 1941 2732 EREMO
2007 2671 2341 2736 SANCTJE
2415 2671 2844 2734 ClVlTATlS.

1158 2859 1253 2925 (Ex
1289 2858 1433 2910 Joan.
1458 2860 1601 2924 Bapt.
1636 2859 1876 2911 Cotelerii
1909 2861 2127 2910 Monum.
2165 2860 2294 2910 Eccl.
2330 2862 2435 2922 Gr.,
2470 2864 2591 2909 tom.
2625 2858 2714 2921 Il.)

1615 3271 2237 3367 MONITUM.

3572 3408 3611 3425 ο

376 3476 495 3533 Vita
526 3479 662 3544 haec,
686 3480 878 3539 Latine
893 3498 1038 3555 saepe
1063 3486 1228 3549 edita,
1262 3486 1447 3545 Grzece
1471 3491 1715 3548 nondum
1747 3494 1925 3549 lucem
1982 3494 2231 3561 aspexit:
2274 3494 2578 3564 composita
2610 3492 2882 3563 'primitus
2932 3506 2963 3546 a
3009 3488 3230 3562 Cyrillo,
3268 3485 3555 3542 monacho

308 3567 700 3639 Stqthopolita,
734 3572 1038 3630 clarissimo
1068 3576 1301 3632 vitarum
1329 3579 1615 3649 scriptore,
1636 3592 1824 3651 postea
1856 3600 2005 3650 vero,
2031 3595 2090 3638 ut
2124 3584 2361 3646 videtur,
2393 3584 2716 3654 interpolata
2755 3599 2855 3653 per
2880 3583 3203 3653 Symeonezn
3241 3578 3556 3647 .‘lletaphra—

308 3679 424 3719 sica
462 3685 474 3731 ;
504 3684 625 3721 nam
664 3666 720 3720 in
742 3667 981 3723 Diatriba
1007 3668 1206 3724 Leonis
1237 3670 1416 3726 Allatii
1451 3673 1525 3728 De
1557 3673 1906 3742 Symeonibus
1939 3677 2167 3747 legimus
2194 3695 2207 3731 :
2232 3677 2420 3747 ϐυτ-ἰΗὶ
2448 3678 2689 3730 monachi
2723 3686 2771 3731 et
2800 3676 3085 3746 presbyteri
3110 3671 3535 3742 Scythopolitani

310 3758 437 3826 περὶ
471 3755 574 3832 τοῦ,
596 3756 713 3827 ῥίου
736 3757 831 3809 τοῦ
862 3760 919 3811 ὲν
941 3758 1118 3826 ἁγίοις
1143 3760 1357 3830 Πατρδς
1387 3762 1543 3832 ἡμῶν
1582 3764 1858 3833 Εὑθυμίου
1884 3767 2037 3835 πρὸς
2054 3767 2239 3841 ,ἁεϐᾶν
2269 3766 2541 3837 Γεωργιον
2568 3767 2661 3818 καὶ
2694 3765 2993 3836 ἡγούμενον
3019 3766 3078 3816 ἐν
3098 3760 3421 3832 κεφαλαίοις
3442 3758 3546 3815 νϐ’.

311 3846 638 3915 Principium
682 3847 966 3915 epistolaz:
1011 3847 1199 3911 Πίστις
1269 3853 1615 3921 προηγείσθω
1668 3856 1798 3926 περί
1845 3856 2017 3927 Εὑθυρ

1995 3857 2153 3927 μὶουο
2192 3857 2318 3911 Vita:
2347 3876 2367 3911 :
2422 3858 2480 3911 Ὀ
2547 3858 2845 3928 μονογενὴς
2900 3858 3028 3921 Υἱὸς
3084 3856 3180 3909 καὶ
3222 3855 3397 3925 Λόγος
3430 3853 3536 3907 τοῦ

309 3938 463 3993 Θεοῦ.
493 3938 700 3995 AtVita
728 3948 915 3996 nostra
940 3956 1040 3996 nec
1067 3942 1348 4013 epistolam
1379 3945 1660 4003 babetnec
1686 3964 1752 4003 eo
1774 3948 1935 4005 modo
1968 3950 2177 4022 incipit.
2211 3951 2570 4006 COTBLERIUS.
3422 3954 3431 3967 “

393 4120 436 4174 Ι.
497 4116 803 4186 Cujuslibet
848 4120 1064 4189 quidem
1140 4123 1219 4176 rei
1294 4123 1613 4178 exercitatio
1657 4141 1798 4196 αδετις
1834 4133 1889 4179 ct
1919 4133 1965 4189 Α

2066 4131 2143 4182 Λ¹.
2174 4131 2282 4182 Καὶ
2333 4130 2533 4192 παντὸς
2591 4130 2691 4198 μὲν
2739 4129 2899 4183 ἄλλου
2955 4128 3281 4197 πράγματος
3307 4127 3568 4199 ἄσκησις,

307 4211 595 4267 ditlieulter
629 4212 834 4282 absque
860 4214 1108 4284 exemplo
1139 4224 1286 4270 recte
1325 4217 1436 4287 geri
1466 4228 1675 4287 pulesl;
1719 4222 1887 4276 multo

308 4310 492 4358 autem
536 4304 707 4375 magis
741 4305 962 4360 virtutis
984 4307 1245 4376 Operatio.
1272 4323 1381 4377 quo
1407 4309 1679 4364 diliicilior
1710 4321 1799 4371 est
1823 4329 1887 4370 ac

309 4397 651 4459 laboriosior,
692 4407 747 4454 et
772 4409 1033 4469 perpetua
1066 4416 1231 4471 opera
1270 4411 1431 4472 atque
1469 4404 1758 4461 tolerantia
1796 4408 1885 4462 in-

306 4485 471 4557 diget.
515 4487 723 4544 idcirco
764 4490 949 4545 multis
989 4492 1271 4561 exemplis,
1303 4493 1585 4564 multaque
1637 4494 1886 4551 Vitarum

308 4578 534 4633 historia
560 4595 697 4650 opus
729 4590 809 4637 est
847 4582 915 4637 iis
951 4583 1042 4653 qui
1080 4583 1186 4639 hoc
1220 4585 1323 4639 iter
1363 4601 1618 4656 asperum
1672 4588 1884 4659 ingredi

309 4671 715 4727 constituerunt
743 4688 756 4726 :
783 4689 905 4741 quae
931 4674 1149 4744 quidem
1181 4685 1238 4730 et
1264 4677 1406 4730 viam
1438 4677 1648 4732 faciunt
1674 4679 1888 4749 planio-

308 4778 447 4826 rem,
477 4779 581 4817 nec
612 4764 800 4820 sinunt
821 4764 1103 4836 defatigari
1136 4781 1395 4835 spemque
1423 4769 1680 4838 abjicere,
1710 4770 1887 4839 respi-

308 4851 504 4907 ciendo
536 4869 698 4923 quam
730 4870 793 4909 ea
824 4856 894 4909 sit
925 4871 1118 4924 aspera
1148 4864 1204 4911 et
1234 4859 1423 4911 ardua.
1459 4858 1517 4911 In
1551 4859 1618 4912 iis
1652 4875 1887 4929 namque

309 4946 598 5002 inveniens
645 4948 768 5017 quis
805 4947 995 5005 modos
1025 4957 1081 5003 et
1110 4958 1380 5019 prmcepta
1432 4951 1633 5020 quibus
1670 4966 1761 5007 res
1784 4953 1889 5006 illis

313 5038 627 5092 hominibus
666 5048 815 5093 recte
858 5042 1211 5107 successerit;
1254 5041 1383 5112 quin
1428 5044 1588 5097 etiam
1625 5059 1887 5113 quasnam

309 5130 631 5214 ipsi‘rursus
664 5131 944 5186 consecuti
967 5133 1077 5187 sint
1107 5141 1162 5188 et
1191 5142 1600 5203 consequentur
1629 5150 1889 5189 remune-

311 5225 571 5289 rationcs;
594 5224 805 5280 etiamsi
823 5227 943 5296 ejus
964 5227 1133 5282 hebes
1156 5227 1227 5281 sit
1242 5227 1478 5289 animus,
1500 5226 1713 5283 etiamsi
1738 5228 1889 5299 igna-

310 5333 412 5371 vus
446 5326 500 5371 et
532 5318 778 5387 supinus,
817 5320 962 5374 volet
993 5331 1171 5375 tamen
1202 5320 1497 5391 aliquando
1541 5322 1799 5386 excitari,
1835 5331 1891 5377 et

308 5407 376 5463 ad
408 5422 591 5477 parem
611 5409 833 5464 accendi
866 5410 1291 5475 aamulationem,
1314 5419 1371 5465 et
1399 5411 1618 5482 aggredi
1665 5411 1732 5465 ad
1759 5411 1887 5465 imi-

1992 4218 2386 4286 ὑποδείγματος
2414 4220 2566 4283 ἄνευ,
2606 4219 3011 4290 ἐργωδεστέραν
3040 4218 3154 4289 ἔχει
3185 4221 3279 4272 καὶ
3323 4219 3566 4289 δυσχερῆ

1988 4310 2088 4380 τὴν
2128 4310 2464 4382 κατόρθωσιν
2492 4328 2505 4343 ·
2557 4309 2737 4379 πολλῷ
2803 4310 2858 4363 δὲ
2897 4310 3098 4379 μᾶλλον
3132 4311 3164 4380 ή
3211 4310 3310 4379 τῆς
3362 4309 3569 4378 ἀρετῆς

1990 4402 2241 4472 ἐργασία,
2281 4403 2390 4471 ὅσῳ
2416 4404 2511 4457 καὶ
2532 4402 2740 4472 χαλεπή
2769 4402 2852 4465 τίς
2881 4404 2997 4455 ἐστι
3032 4400 3128 4454 καὶ
3159 4401 3434 4461 ἐπίπονος,
3468 4399 3566 4451 καὶ

1989 4497 2238 4567 καμάτου
2271 4494 2466 4564 συχνοῦ
2517 4494 2612 4547 καὶ
2657 4491 2859 4561 μόχθου
2898 4492 3190 4553 διαπαντὸς
3212 4490 3419 4559 ἐνδεής.
3461 4489 3568 4542 Διὰ

1988 4586 2149 4640 τοῦτο
2201 4585 2411 4638 πολλῶν
2468 4582 2567 4654 μὲν
2615 4581 3053 4649 ὑποδειγμάτων,
3109 4580 3309 4650 πολλῆς
3341 4578 3397 4630 δὲ
3431 4577 3565 4647 βίων

1993 4677 2234 4747 ἱστορίας
2267 4676 2426 4746 χρεία
2483 4675 2592 4735 τοῖς
2643 4672 2742 4742 τὴν
2774 4674 3031 4742 τραχεῖαν
3088 4669 3295 4740 ταύτην
3349 4668 3569 4722 ὁδεῦσαι

1989 4769 2377 4840 προελομένας
2402 4784 2416 4799 ο
2448 4765 2484 4820 ἃ
2512 4765 2575 4834 δὴ
2604 4765 2699 4818 καὶ
2729 4764 2929 4835 μᾶλλον
2950 4762 3199 4834 ὁμαλίζει
3232 4763 3331 4834 τὴν
3354 4761 3567 4832 τρίϐον,

1990 4862 2085 4915 καὶ
2118 4861 2218 4913 οὐκ
2252 4856 2619 4928 ἀπαγορεύειν
2648 4858 2732 4926 ἐᾷ,
2769 4856 3005 4931 πρὸςιτδ
3025 4857 3201 4927 τραχὺ
3231 4854 3437 4921 ταύτης
3471 4855 3572 4907 καὶ

1990 4951 2217 5010 ἄναντες
2237 4948 2579 5021 ἀφορῶντας.
2616 4947 2863 5020 Τρόπους
2901 4947 3009 5018 γὰρ
3060 4947 3125 5001 ἄν
3172 4963 3256 5009 τις
3298 4947 3356 4998 ἐν
3382 4946 3572 5009 αὑτοῖς

1989 5047 2260 5118 εὑρίσκων
2281 5047 2376 5100 καὶ⁹
2403 5045 2707 5115 ὑποθήκας,
2732 5045 2883 5107 ὅπως
2915 5060 2972 5096 τε
3008 5045 3101 5097 καὶ
3133 5042 3201 5096 δι’
3223 5037 3298 5096 ὧν
3339 5042 3572 5104 ἐκείνοις

1988 5138 2021 5207 ἡ
2056 5138 2395 5209 κατόρθωσις
2446 5137 2695 5207 γέγονεν,
2751 5137 2886 5190 ἀλλὰ
2937 5137 3033 5190 καὶ
3063 5137 3190 5190 οἵων
3222 5135 3375 5189 αὑτοὶ
3405 5135 3572 5189 πάλιν

1990 5230 2305 5285 ἀπέλαυσαν
2336 5248 2397 5283 τε
2424 5230 2519 5284 καὶ
2550 5229 2956 5283 ἀπολαύσουσιν
2993 5229 3325 5294 ὑποθέσεων,
3385 5228 3433 5279 εἰ
3471 5227 3573 5279 καὶ
3643 5294 3649 5299 ,

1990 5324 2205 5395 νωθρὰν
2239 5318 2395 5385 οὗτος
2446 5322 2557 5393 ἔχοι
2603 5322 2780 5393 ψυχὴν
2798 5332 2841 5388 ⁸,
2902 5323 2951 5375 εἰ
3014 5322 3108 5374 καὶ
3160 5319 3399 5392 ῥᾴθυμον
3473 5320 3573 5370 καὶ

1991 5416 2213 5481 ὑπτίαν,
2249 5417 2362 5470 ἀλλ’
2389 5414 2482 5469 οὖν
2506 5417 2599 5469 καὶ
2628 5415 2980 5486 διαναστῆναι
3014 5430 3142 5467 ποτε
3185 5412 3452 5483 θελήσειε,
3473 5412 3571 5464 καὶ

314 5498 599 5554 tationem.
629 5498 812 5565 Qualis
828 5501 1193 5556 ntibivitletur
1220 5502 1381 5556 etiam
1412 5481 1533 5557 esse
1556 5501 1678 5556 Vita
1708 5502 1888 5573 magni
1917 5481 1962 5536 Β
1991 5527 2017 5562 τ

1991 5509 2128 5579 πρὸς
2161 5510 2254 5562 τὸν
2290 5509 2405 5562 ἴσον
2438 5506 2906 5578 διαθερμανθῆναι
2940 5505 3123 5574 ζῆλον,
3170 5505 3267 5558 καὶ
3293 5504 3572 5556 ἀποδύσα-

309 5593 491 5649 Patris
519 5593 815 5665 Euthymii,
871 5596 1031 5650 simul
1060 5605 1114 5650 et
1139 5596 1536 5666 jucundissima
1571 5606 1627 5651 et
1657 5598 1891 5652 laborio-

1991 5598 2115 5651 σθαι
2149 5597 2281 5667 πρὸς
2311 5600 2410 5667 τὴν
2442 5599 2696 5667 μίμησιν.
2741 5596 2957 5648 Ὀποῖον
2985 5589 3124 5646 εἷναί
3156 5610 3245 5663 μοι
3280 5591 3422 5644 δοκῶ
3473 5590 3572 5643 καὶ

310 5687 558 5753 sissima,
604 5704 821 5744 necnon
865 5690 1146 5760 aptissima
1186 5691 1251 5744 ad
1288 5690 1640 5746 laetiﬁcandos
1676 5690 1889 5744 demul-
1988 5706 2017 5742 τ

1989 5689 2080 5743 τὸν
2105 5688 2198 5742 τοῦ
2224 5690 2461 5760 μεγάλου
2485 5691 2697 5759 Πατρδς
2721 5688 2996 5757 Εὑθυμίου
3030 5688 3164 5755 βίον,
3192 5686 3306 5754 ἅμα
3336 5684 3435 5751 μὲν
3469 5701 3569 5752 χα-

311 5782 621 5850 ccndosque
646 5795 741 5835 eos
780 5781 871 5851 qui
905 5798 1023 5837 eam
1058 5782 1306 5854 legerint,
1333 5792 1388 5837 et
1417 5783 1485 5838 ad
1523 5798 1707 5837 rerum
1739 5783 1893 5838 simi-
1933 5776 1941 5781 ’
1993 5801 2017 5855 ρ

1993 5783 2295 5855 ριὲστατον,
2327 5783 2442 5854 ἄμα
2464 5782 2520 5837 δὲ
2556 5780 3015 5852 φιλοπονώτατον,
3051 5780 3166 5851 ἅμα
3198 5778 3257 5833 δὲ
3296 5778 3571 5831 ἱκανώτα-

312 5872 444 5927 Ξίυιη
477 5872 718 5928 studium
742 5874 1060 5931 excitandos
1090 5892 1102 5927 :
1136 5876 1272 5930 adeo
1301 5884 1358 5930 ut
1389 5876 1434 5931 si
1478 5876 1602 5946 quis
1635 5892 1755 5930 eam
1797 5891 1894 5928 vo-

310 5960 475 6018 luerit
504 5962 724 6034 imitari,
750 5966 795 6023 is
834 5975 945 6023 tum
980 5967 1131 6023 vivus
1173 5977 1285 6025 tum
1320 5977 1567 6023 mortuus
1604 5967 1888 6033 clarissimi
2000 5984 2017 6019 π

2000 5968 2094 6020 καὶ
2127 5967 2263 6037 πρὸς
2282 5965 2507 6036 τὴντῶν
2534 5963 2735 6034 ὁμοίων
2765 5962 3084 6033 ἐπιμέλειαν
3102 5962 3365 6031 διεγεῖραι
3382 5973 3395 5987 ο
3420 5954 3569 6010 ὥστε

1991 5891 2082 5927 τον
2108 5874 2298 5946 ήδῦναί
2318 5891 2379 5927 τε
2418 5874 2512 5928 καὶ
2564 5872 2896 5938 καταθέλξαι
2952 5873 3077 5932 τοὺς
3111 5868 3566 5938 ἐντυγχάνοντας,
3668 5898 3675 5904 -
