3846 6454
290 493 400 561 59³1
1557 496 1732 559 VITA
1771 495 1830 555 S.
1870 493 2281 557 EUTHYMII.
3346 492 3356 502 '
3442 485 3550 552 593

279 614 339 665 ιτ
366 629 450 675 τις
470 609 636 665 αὐτὸν
657 608 855 681 ζηλοῦν
891 607 1192 680 ἐθελήσειε,
1230 611 1323 664 καὶ
1353 610 1462 677 ζῶν
1484 611 1551 665 ἂν
1579 611 1608 663 ὀ
1628 609 1870 672 τοιοῦτος

1982 608 2210 663 nominis
2263 606 2476 661 futurus
2513 603 2606 660 sit.
2644 603 2721 660 De
2753 603 2874 672 ejus
2910 600 3093 671 itaque
3140 600 3303 656 rebus
3332 600 3445 671 jam
3467 602 3556 656 in-

279 704 381 757 καὶ
399 702 732 774 τελευτήσας
767 700 1195 772 ὀνομαστότατος
1216 702 1447 771 γένοιτο.
1491 701 1751 774 Ἀρκτέον
1772 697 1868 755 οὖν

1982 698 2287 770 cipiendum
2336 704 2423 751 est
2463 694 2597 750 milii
2643 694 2712 749 ab
2746 692 2858 749 alto
2889 692 3096 759 dicere,
3132 699 3189 747 ct
3223 705 3302 746 eae
3334 689 3558 747 auribus

280 799 386 867 ἠδη
416 815 506 867 μοι
534 797 645 851 τῶν
668 798 793 852 κατ’
822 796 986 853 αὐτὸν
1015 796 1244 866 ἄνωθεν,
1290 798 1387 852 καὶ
1420 790 1611 862 ἀκοαῖς
1650 796 1726 862 ὡς
1756 791 1870 852 οἷόν

280 908 347 942 τε
386 889 565 943 δοτέον
596 889 646 944 ιι.

360 985 436 1037 B'.
497 985 659 1054 Ἀρτι
703 982 798 1037 τοῦ
861 980 1158 1046 δυσσεϐοῦς
1214 981 1509 1036 Ἰουλιανοῦ
1574 982 1716 1052 μετά
1770 983 1873 1054 τῆς

281 1078 465 1148 ἀρχῆς
491 1075 690 1139 ἀθλίως
724 1075 819 1129 καὶ
870 1074 966 1146 τὴν
1006 1073 1154 1146 ζωὴν
1214 1073 1714 1145 καταστρέψαντος,
1753 1069 1874 1129 εἷτα
1917 1092 1920 1095 '

287 1168 413 1238 μετ’
450 1168 630 1235 ὀλίγον
659 1168 753 1222 καὶ
774 1169 855 1232 είς
876 1168 1156 1223 Οὐάλεντα
1188 1168 1558 1239 μετελθούσης
1579 1168 1683 1240 τῆς
1715 1169 1873 1239 βασι·-

282 1260 459 1327 λείας,
480 1260 707 1329 πόλεμοι
753 1261 1096 1332 πανταχόθεν
1141 1261 1239 1326 τὰς
1277 1262 1610 1333 Ἐκκλησίας
1638 1262 1744 1316 ὐπὸ
1775 1263 1875 1335 τῆς

238 1369 249 1406 ε
286 1352 496 1419 πικρᾶς
538 1351 752 1421 ’Λρείου
785 1350 1073 1415 κοινωνίας
1104 1351 1335 1422 χαλεποὶ
1362 1351 1752 1424 περιέστησαν,
1780 1352 1876 1406 καὶ
1902 1356 1906 1361 ’

242 1429 254 1495 ῗ
283 1443 385 1496 τοῦ
424 1441 775 1514 Ἑλληνισμοῦ
803 1441 1089 1514 λήξαντος,
1121 1445 1150 1498 ὀ
1176 1443 1271 1497 τοῦ
1298 1444 1682 1515 Ἀρειανισμοῦ
1712 1445 1874 1499 πόλε-

243 1517 259 1631 3
288 1553 394 1606 ρος
421 1535 654 1605 ἰσχυρῶς
678 1536 923 1606 ἐκράτει,
946 1537 1041 1590 καὶ
1076 1536 1146 1591 τὰ
1170 1537 1281 1591 τῶν
1319 1536 1660 1608 Ἐκκλησιῶν
1700 1537 1873 1593 ἐνόσει

212 1656 215 1657 ν
246 1626 254 1631 ⁷
286 1631 629 1703 περιφανῶς.
665 1626 775 1685 Ἦν
797 1631 855 1685 δέ
875 1648 961 1695 τις
987 1632 1045 1685 ὲν
1071 1634 1138 1704 τῇ
1188 1631 1327 1703 πρὸς
1368 1631 1662 1703 Εὐφράτην
1708 1630 1876 1686 Μελι-

282 1728 424 1797 τηνῇ
460 1736 482 1765 ο
515 1725 618 1795 τῆς
645 1800 653 1807 .
679 1724 994 1795 ’Δρμενίας,
1035 1724 1209 1797 ὄνομα
1236 1724 1472 1791 Παῦλος,
1494 1726 1717 1793 γυναικὶ
1751 1729 1874 1779 Διο-

281 1817 448 1888 νυσίᾳ
478 1816 792 1890 καλουμένῃ
836 1815 1039 1883 συζῶν,
1088 1818 1375 1886 ἐπιφανείς
1422 1816 1591 1888 ἄμφω
1624 1817 1718 1870 καὶ
1773 1816 1872 1889 τὴν

280 1910 486 1980 ἀρετὴν
531 1908 626 1962 καὶ
657 1909 717 1963 τὸ
748 1911 923 1977 γένος.
977 1909 1175 1980 Στεῖρα
1206 1910 1264 1964 δὲ
1294 1911 1326 1981 ἡ
1360 1910 1500 1983 γυνὴ
1538 1911 1635 1965 κα)⁴
1665 1909 1873 1965 παίδων

281 2000 493 2073 ἔρημος
516 2000 672 2065 οῦσα,
697 2001 759 2055 οὐ
798 2001 1019 2073 μέτριον
1049 2003 1236 2073 ἠγεῖτο
1263 2003 1326 2056 τὸ
1365 2003 1558 2068 πάθος,
1607 2004 1725 2057 οὐδὲ
1757 1997 1869 2058 οἷον

279 2093 475 2163 ὀλίγης
507 2092 693 2157 ἀξιοῦν
724 2093 1026 2165 φροντίδος,
1060 2092 1197 2148 ἀλλά
1233 2094 1529 2167 μερίμναις
1562 2094 1662 2166 τὴν
1688 2094 1868 2167 ψυχὴν

194 2251 200 2256 _
280 2182 490 2248 ὀξείαις
539 2183 820 2249 ἐϐάλλετο,
883 2185 981 2238 καὶ
1027 2184 1246 2248 ὀδύναις
1304 2185 1604 2249 ὲκόπτετο,
1653 2187 1749 2241 καὶ
1798 2188 1868 2240 τά

282 2277 571 2347 σπλάγχνα
614 2279 708 2330 καὶ
748 2276 849 2349 τὴν
903 2277 1134 2347 καρδίαν
1180 2277 1260 2349 τῷ
1297 2278 1398 2349 τῆς
1435 2279 1695 2343 ἀπαιδίας
1733 2283 1869 2353 πυρὶ

277 2370 673 2440 διεπίμπρατο,
707 2370 922 2442 καρποῦ
956 2370 1167 2437 κοιλίας
1220 2371 1507 2445 ὲφιεμένη·
1558 2371 1586 2425 ὀ
1636 2373 1868 2443 πρᾶγμα

278 2464 500 2531 γυναιξὶ
562 2466 684 2528 ταῖς
762 2462 1006 2518 πλείοσιν
1075 2464 1462 2519 εὐκταιότατον
1495 2506 1511 2531 ,
1567 2465 1867 2536 ὀφθαλμοῖς

278 2555 501 2627 ἥδιστον
555 2554 661 2621 ὃν,
704 2553 802 2610 καὶ
857 2556 1043 2610 ίκανδν
1088 2555 1282 2619 αὐταῖς
1333 2556 1641 2628 περιθεῖναι
1686 2556 1864 2623 δόξαν,

278 2649 382 2703 καὶ
412 2648 485 2720 μὴ
517 2648 772 2702 ταπεινὸν
817 2650 951 2721 ὀρᾷν
985 2648 1110 2720 μηδ’
1159 2649 1609 2721 ἀπαρρησίαστον
1642 2650 1723 2714 εἰς
1769 2650 1868 2714 τάς

278 2742 393 2797 τῶν
442 2742 651 2813 ἀνδρῶν
702 2741 855 2812 ὄψεις
890 2743 1336 2813 παρασκευάσαι.
1392 2741 1548 2797 Οὐτω
1575 2741 1867 2813 τοιγαροῦν

281 2836 507 2906 ἔχουσα,
541 2835 639 2888 καὶ
677 2836 935 2907 συμφορᾷ
964 2834 1191 2907 τοιαύτῃ
1242 2834 1564 2906 πιεζομένη,
1609 2834 1747 2906 πρὸς
1775 2834 1867 2888 τὸν

283 2926 513 2997 πλησίον
545 2925 884 2993 Πολυεύκτου
935 2926 1031 2980 τοῦ
1066 2926 1212 2981 θείου
1246 2927 1527 2999 μάρτυρος
1572 2927 1699 2982 ναὸν
1729 2927 1869 2999 μετὰ

282 3019 379 3075 τοῦ
413 3019 672 3089 ,συζύγου
728 3019 1032 3092 ἀφικομένη
1109 3020 1405 3093 (ὲλάμὸανε
1459 3020 1568 3093 γάρ
1628 3021 1724 3075 καὶ
1771 3022 1870 3094 τῆς

283 3113 449 3183 εὐχῆς
479 3110 751 3177 κοινωνὸν,
782 3110 842 3165 δν
868 3113 964 3166 καὶ
999 3113 1100 3183 τῆς
1118 3113 1298 3184 λύπης
1325 3112 1643 3182 ἀναγκαίως
1679 3109 1869 3184 εἶχεν),

286 3203 384 3259 ἐπὶ
415 3203 638 3269 πολλαῖς
684 3206 920 3278 ἡμέραις
951 3206 1009 3259 ὲν
1039 3205 1214 3276 τούτῳ
1272 3208 1337 3278 τῇ
1386 3208 1663 3278 προσευχῇ
1700 3223 1871 3278 προσ-

285 3297 532 3367 ήδρευον.
559 3297 799 3368 Δυθῆναί
820 3314 880 3352 τε
909 3298 1093 3361 αὐτοῖς
1121 3297 1189 3353 τὰ
1207 3298 1381 3369 δεσμά
1408 3300 1507 3370 τῆς
1528 3297 1871 3371 στειρὼσεως

1974 791 2252 848 tradendae
2274 805 2373 861 pro
2404 788 2636 845 vicibus.

2046 968 2113 1023 ll.
2142 964 2279 1022 Cum
2294 962 2758 1035 impiusJulianus
2784 962 2943 1033 paulo
2960 967 3084 1017 ante
3113 961 3359 1016 una'cum
3386 959 3559 1029 impe-

1976 1061 2058 1117 rio
2070 1061 2235 1116 vitam
2251 1073 2467 1129 quoque
2488 1057 2689 1111 misere
2702 1055 2973 1110 amisisset
2995 1054 3095 1124 (Ι),
3127 1069 3191 1108 ac
3215 1053 3413 1108 deinde
3432 1068 3560 1122 pau-

1961 1153 2031 1209 'lo
2052 1161 2177 1223 post
2204 1149 2497 1221 imperium
2527 1147 2768 1203 delatum
2808 1145 3000 1210 fuisset
3030 1144 3100 1199 ad
3130 1145 3412 1201 Valentem
3450 1144 3556 1215 (εὶ),

1975 1239 2119 1295 bella
2153 1236 2392 1293 difﬁcilia
2420 1245 2639 1306 prOpter
2665 1235 2923 1291 acerbam
2956 1235 3070 1289 Arii
3113 1233 3558 1289 communionem

1978 1328 2460 1388 circumsistebant
2499 1327 2648 1382 omni
2691 1342 2759 1382 ex
2803 1334 2958 1397 parte
2995 1306 3300 1389 Ecclesias;
3343 1332 3399 1378 et
3433 1338 3558 1377 cum

1976 1429 2246 1480 cessasset
2286 1420 2658 1491 paganismus,
2708 1417 2985 1472 arianismi
3020 1416 3223 1472 bellum
3262 1415 3559 1471 admodum

1977 1515 2366 1580 invalescebat,
2399 1528 2594 1583 resque
2611 1510 2872 1579 Ecclesiae
2908 1509 3192 1581 insigniter
3213 1508 3557 1564 laborabant.

1978 1611 2106 1667 Erat
2133 1620 2312 1665 autem
2346 1607 2635 1667 hlelitcnze,
2658 1622 2777 1675 qua:
2797 1603 2881 1660 est
2908 1603 3039 1658 urbs
3059 1603 3330 1658 Armenia:
3352 1601 3421 1657 ad
3452 1599 3563 1655 Eu-

1977 1705 2261 1775 phratem.
2289 1700 2506 1771 quidam
2541 1695 2765 1752 nomine
2793 1695 3012 1757 Paulus,
3044 1694 3133 1749 cui
3171 1693 3299 1749 vitae
3331 1705 3560 1747 consors

1978 1805 2099 1851 erat
2135 1793 2357 1863 conjux,
2398 1798 2582 1848 vocata
2620 1787 2895 1858 Dionysia,
2928 1786 3087 1843 ambo
3118 1785 3251 1841 clari
3289 1794 3399 1841 tam
3444 1784 3556 1838 vir-

1981 1898 2094 1944 tute
2122 1902 2284 1958 quam
2321 1900 2541 1959 genere.
2576 1882 2701 1938 llaec
2732 1896 2861 1937 vero
2906 1897 3029 1935 cum
3058 1890 3205 1935 esset
3244 1877 3468 1942 sterilis,
3505 1885 3561 1932 et

1903 1994 1944 2048 Β
1973 1989 2182 2037 careret
2207 1979 2414 2045 liberis,
2438 1978 2492 2033 id
2522 1977 2758 2032 ducebat
2795 1990 2906 2029 non
2939 1972 3216 2029 mediocre
3237 1986 3359 2027 esse
3387 1970 3558 2025 infor-

1940 2135 1946 2141 ,
1977 2074 2211 2140 tunium,
2243 2086 2421 2142 neque
2453 2085 2619 2141 parva
2649 2069 2874 2140 dignum
2900 2064 3285 2128 sollicitudine;
3306 2063 3403 2119 sed
3435 2080 3559 2135 gra-

1976 2168 2133 2224 vibus
2157 2167 2306 2222 curis
2335 2163 2519 2220 animo
2549 2162 2876 2235 agitabatur,
2901 2167 2957 2214 et
2978 2157 3324 2213 lacerabatur
3352 2155 3560 2211 dolori-

1974 2264 2100 2329 bus,
2133 2260 2363 2331 ejusque
2391 2274 2486 2314 cor
2515 2266 2572 2313 et
2614 2256 2822 2330 viscera
2866 2253 3012 2324 quod
3049 2251 3252 2307 liberos
3286 2265 3394 2304 non
3432 2263 3560 2318 pro-

1976 2362 2218 2413 creasset
2248 2353 2393 2409 velut
2416 2351 2539 2423 igne
2568 2348 3028 2409 accendebantur.
3063 2354 3122 2400 ut
3158 2358 3280 2414 quze
3320 2341 3561 2397 fructum

1976 2449 2183 2506 ventris
2225 2446 2596 2510 desideraret;
2644 2458 2767 2514 quae
2806 2457 2894 2499 res
2926 2439 3202 2511 plerisque
3239 2433 3562 2492 mulieribus

1976 2541 2385 2614 exoptatissima
2408 2546 2521 2604 est,
2555 2546 2617 2591 ut
2646 2551 2767 2606 quae
2809 2534 2878 2589 sit
2921 2531 3097 2588 oculis
3134 2526 3557 2600 jucundissima.

1975 2649 2206 2710 quaeque
2234 2633 2405 2704 possit
2433 2632 2513 2687 eis
2541 2628 2735 2685 afferre
2764 2628 3022 2700 gloriam,
3054 2634 3219 2695 atque
3246 2623 3463 2679 ellicere
3502 2631 3562 2675 ut

1975 2747 2088 2787 non
2122 2728 2359 2786 demisse
2389 2737 2444 2782 et
2472 2725 2678 2795 absque
2708 2722 2903 2778 fiducia
2957 2735 3053 2774 ora
3112 2719 3440 2774 maritorum
3474 2715 3562 2768 iu~

1974 2831 2250 2880 tueantur.
2265 2819 2401 2876 Cum
2429 2796 2507 2874 sic
2531 2831 2660 2887 ergo
2682 2829 2741 2870 se
2764 2813 3009 2874 haberet,
3025 2810 3562 2879 etstali-premeretur

1975 2913 2303 2976 calamitate,
2321 2910 2389 2966 ad
2418 2908 2782 2979 propinquum
2800 2902 3169 2976 PolyeuctitS)
3203 2899 3375 2957 divini
3408 2913 3559 2954 mar-

1978 3006 2107 3079 tyris
2120 3004 2382 3073 templum
2408 3000 2653 3074 profecta
2682 3015 2809 3055 cum
2840 2997 3074 3069 conjuge
3096 3011 3198 3053 suo
3227 2997 3379 3065 (eum
3412 2992 3561 3053 enim

1977 3097 2186 3168 accepit
2200 3096 2310 3152 voti
2327 3110 2543 3166 quoque
2567 3092 2798 3160 socium,
2813 3087 3306 3163 queinnecessario
3328 3084 3563 3168 habebat

1978 3192 2256 3263 tristitiae),
2294 3190 2351 3246 in
2394 3205 2461 3246 eo
2501 3193 2995 3260 perseveraverunt
3037 3181 3226 3238 multis
3269 3179 3465 3235 diebus
3504 3177 3562 3232 in

1980 3286 2248 3343 oratione.
2286 3284 2556 3342 Petebant
2593 3290 2797 3344 autem,
2830 3288 2887 3335 ut
2924 3277 3029 3334 sibi
3059 3276 3403 3332 solverentur
3440 3270 3563 3326 vin-

285 3386 483 3458 ᾔτουν,
531 3387 625 3440 καὶ
660 3386 874 3460 καρπὸν
921 3387 1140 3441 οἰκείων
1187 3386 1398 3443 ὠδίνων
1425 3388 1554 3442 ἰδεῖν
1609 3387 1865 3459 ηὔχοντο.

1982 3379 2102 3434 cula
2132 3376 2457 3440 sterilitatis,
2488 3382 2542 3430 et
2571 3372 2853 3444 rogabant,
2888 3378 2950 3423 ut
2977 3367 3214 3422 fructum
3253 3380 3323 3419 ex
3350 3378 3409 3419 se
3432 3377 3563 3434 pro-

290 3481 503 3546 Νυκτὺς
534 3482 591 3536 δέ
621 3499 751 3536 ποτε
779 3482 1094 3552 καταμόνας
1123 3482 1439 3554 εὐχομένοις
1481 3483 1699 3548 αὐτοῖς,
1753 3482 1873 3536 θεία

285 3592 371 3640 τις
401 3575 744 3646 ἐπιφαίνεται
770 3574 911 3646 δψις,
932 3574 1258 3646 Εὐθυμεῖτε,
1281 3576 1539 3646 λέγουσα,
1566 3575 1879 3646 εὐθυμεῖτε·

290 3670 400 3724 ἰδοὺ
438 3670 546 3742 γὰρ
573 3669 757 3724 δίδωσι
783 3670 948 3724 παῖδα
980 3670 1110 3740 ὐμϊν
1136 3671 1166 3724 ὀ
1197 3667 1355 3733 Θεὸς,
1396 3666 1663 3739 εὐθυμίας
1688 3684 1748 3721 τε
1780 3667 1879 3739 τὴν

291 3762 486 3832 κλῆσιν
513 3761 856 3832 φερώνυμον,
885 3762 980 3816 καὶ
1012 3762 1140 3826 τοὺς
1170 3761 1407 3833 τρόπους
1434 3759 1622 3827 ἀξίους
1661 3758 1881 3830 ἐκείνης

289 3856 521 3924 ἔχοντα’
580 3854 675 3908 ἐπὶ
717 3855 773 3910 δὲ
837 3858 903 3927 τῇ
954 3853 1122 3909 αὐτοῦ
1187 3853 1443 3925 γεννήσει
1480 3852 1576 3906 καὶ
1613 3851 1881 3923 εὐθυμίαν

288 3951 410 4013 ταῖς
442 3947 606 4004 αὐτοῦ
640 3949 990 4022 Ἐκκλησίαις
1014 3948 1232 4004 δίδωσιν
1259 3949 1287 4002 ὀ
1321 3946 1477 4011 Θεός.

359 4231 436 4284 Ι“¹.
512 4229 740 4283 Ἐκεῖνοι
792 4223 1010 4300 μὲνοῦν
1061 4226 1364 4298 τηνικαῦτα
1401 4224 1495 4279 τὸν
1546 4223 1739 4296 καιρὸν
1782 4225 1882 4295 τῆς

291 4324 558 4387 ὀπτασίας
590 4323 678 4377 διὰ
715 4323 777 4375 τὸ
831 4319 1135 4392 παράδοξον
1168 4320 1270 4389 τῆς
1323 4317 1453 4382 θέας
1502 4317 1881 4388 ἐπισημήναν-

292 4432 406 4481 τες,
435 4414 765 4485 ἀνέστρεφον
803 4412 1009 4476 οἶκαδε,
1044 4415 1138 4465 καὶ
1171 4411 1292 4481 Θεῷ
1320 4411 1484 4464 πάλιν
1508 4409 1789 4464 ἀναθεῖναι
1818 4408 1881 4462 τὸ

294 4505 558 4576 γεννηθὲν
593 4504 1013 4577 ζιπηγγέλλοντο.
1041 4502 1198 4559 Μετά
1250 4502 1447 4574 μικρὸν
1485 4502 1544 4556 δὲ
1593 4500 1688 4555 καὶ
1721 4504 1748 4554 ὁ
1780 4500 1881 4571 τῆς

293 4599 533 4669 γαστρὸς
580 4598 742 4668 δγκος
787 4598 886 4669 τὴν
926 4597 1123 4667 κύησιν
1152 4597 1435 4667 ἠγγυᾶτο,
1490 4593 1585 4648 καὶ
1631 4594 1807 4664 χαρᾶς
1844 4593 1877 4664 ἡ

292 4690 546 4745 Διονυσία
574 4692 673 4761 τὴν
697 4689 874 4761 ψυχὴν
899 4689 1225 4762 ἐπληροῦτο.
1256 4689 1492 4743 Ἔπειτα
1523 4682 1874 4769 γεννηθέντος
1902 4728 1956 4788 D

293 4784 481 4846 αὐτοῖς
536 4781 629 4836 τοῦ
692 4781 902 4846 παιδὸς,
961 4780 1056 4834 ἐπὶ
1104 4782 1201 4851 τῆς
1260 4779 1531 4852 τετάρτης
1572 4776 1874 4848 Γρατιανοῦ

293 4874 582 4939 ὑπατείας,
611 4874 797 4929 τοῦτον
835 4873 951 4944 μὲν,
993 4873 1289 4945 συνᾴδοντα
1313 4874 1379 4943 τῇ
1402 4870 1637 4942 ὀπτασίᾳ
1657 4869 1877 4924 ποιοῦν-

291 4982 404 5030 τες,
466 4963 739 5036 Εὐθύμιον
796 4961 1143 5036 ὀνομάζουσι.
1207 4963 1285 5034 Τῇ
1330 4963 1570 5033 ὀπτασίᾳ
1601 4961 1658 5015 δὲ
1695 4960 1790 5014 καὶ
1816 4959 1879 5013 τὸ

292 5056 457 5129 ἔργον
502 5055 861 5125 ἐπηκολούθει
883 5075 898 5090 ο
931 5056 1025 5110 καὶ
1056 5055 1086 5107 ὁ
1108 5053 1251 5108 κατὰ
1286 5054 1397 5107 τῶν
1440 5053 1738 5126 ὀρθοδόξων
1774 5052 1872 5106 πό-

1984 3477 2208 3543 gnatum
2251 3466 2519 3521 viderent.
2552 3463 2729 3518 Noctu
2760 3468 2941 3516 autem
2978 3458 3062 3513 eis
3090 3455 3381 3526 aliquando
3415 3468 3565 3509 seor-

1983 3578 2106 3620 sum
2148 3560 2454 3624 orantibus,
2502 3555 2687 3612 divina
2730 3554 2977 3625 quaedam
3020 3556 3247 3621 apparet
3283 3546 3438 3611 visio,
3478 3545 3564 3600 di-

1984 3671 2114 3713 cens
2139 3672 2153 3715 ;
2183 3652 2389 3718 Estote,
2421 3657 2597 3707 estote
2639 3649 2784 3704 bono
2814 3645 3031 3708 animo;
3071 3657 3201 3698 ecce
3230 3639 3380 3696 enim
3419 3638 3565 3694 Deus

1984 3747 2077 3804 dat
2103 3744 2256 3802 vobis
2271 3744 2461 3810 tilium,
2493 3739 2585 3812 qui
2605 3740 2701 3796 ab:
2726 3737 3058 3809 euthymia,»
3096 3734 3200 3789 hoc
3231 3740 3315 3788 est
3342 3732 3488 3787 bono
3512 3741 3567 3785 et

1986 3839 2277 3912 tranquillo
2298 3837 2501 3901 animo,
2534 3849 2736 3889 nomen
2773 3813 2969 3887 merito
2996 3828 3249 3899 accipiet,
3288 3839 3354 3881 ac
3373 3839 3441 3880 eo
3478 3823 3564 3878 di-

1985 3950 2119 4008 gnos
2162 3947 2344 3988 mores
2389 3938 2476 3986 est
2516 3928 2853 3983 habiturus:
2897 3923 2953 3978 in
3005 3922 3152 3977 illius
3203 3927 3388 3975 autem
3439 3931 3564 3971 Ol'tlt

1984 4028 2148 4084 etiam
2181 4022 2633 4095 tranquillitatem
2669 4027 2726 4074 ct
2765 4018 2973 4073 bonum
3004 4014 3249 4069 animum
3291 4011 3382 4068 dat
3424 4008 3566 4066 Deus

1984 4118 2101 4175 suis
2128 4118 2414 4174 Ecclesiis.

2055 4209 2148 4267 lll.
2191 4209 2367 4278 Atque
2394 4206 2469 4261 illi
2499 4205 2719 4277 quidem
2748 4214 2899 4265 tunc,
2936 4211 3179 4273 tempore
3199 4197 3425 4256 visionis
3444 4196 3568 4252 ideo

1984 4304 2218 4375 signato,
2238 4301 2385 4372 quod
2405 4298 2775 4371 spectaculum
2801 4304 2948 4352 esset
2976 4291 3316 4353 admirabile.
3343 4290 3568 4346 domum

1966 4399 2294 4467 redierunt,
2330 4395 2551 4464 Deoque
2584 4407 2644 4448 se
2687 4391 2868 4447 adhuc
2903 4389 3250 4445 dedicaturos
3280 4383 3427 4453 quod
3470 4398 3568 4436 na-

1987 4504 2099 4548 tum
2148 4489 2317 4544 fuerit
2355 4486 2591 4558 professi
2638 4494 2786 4540 sunt.
2832 4482 2996 4536 Paulo
3041 4488 3162 4550 post
3197 4485 3381 4531 autem
3425 4472 3567 4528 uteri

1983 4597 2202 4656 quoque
2247 4590 2430 4636 tumor
2468 4585 2795 4646 conceptum
2858 4571 3217 4628 conﬁrmabat
3260 4576 3315 4622 et
3351 4572 3567 4635 partum

1984 4675 2360 4749 promittebat,
2383 4670 2730 4742 etDionysite
2756 4666 2971 4722 animus
3011 4663 3337 4734 implebatur
3359 4657 3568 4713 laetitia.

1982 4770 2192 4828 Deinde
2224 4782 2349 4824 cum
2384 4766 2465 4822 eis
2489 4771 2650 4820 natus
2668 4770 2814 4818 esset
2844 4756 3082 4831 νοω-(4),
3108 4760 3303 4826 quarto
3325 4749 3569 4809 Gratiani

1983 4863 2292 4926 consulatu;
2338 4875 2461 4917 cum
2491 4855 2710 4929 quidem
2743 4859 3109 4926 congruenter
3156 4846 3351 4904 visioni
3392 4843 3570 4900 norni-

1986 4967 2118 5014 nant
2160 4955 2533 5027 Eutbymium.
2565 4948 2842 5006 Visionem
2885 4960 3016 5001 vero
3050 4944 3215 5000 etiam
3250 4956 3338 4997 res
3367 4954 3569 4997 conse-

1986 5061 2111 5109 cuta
2140 5060 2223 5107 est
2258 5067 2272 5104 :
2303 5058 2359 5105 et
2387 5043 2638 5115 componi
2665 5041 2830 5112 coepit
2857 5039 3063 5097 bellum
3089 5035 3566 5094 adversusortlroe

1575 5211 1810 5268 VARI/lii
1862 5209 2274 5269 LECTIONES.

372 5386 397 5415 ⁸
426 5374 498 5431 al.
532 5373 875 5433 ἀντιδόσεων.
952 5375 980 5415 δ
1013 5375 1085 5429 al.
1120 5372 1455 5444 παραδοτέον
1485 5378 1540 5427 et
1570 5370 1864 5443 ὲνηχητέον
1896 5381 1953 5426 et
1977 5368 2249 5441 φιλοθὲοις
2271 5365 2448 5420 ταῦτα
2466 5362 2780 5438 διηγητέον.
2858 5373 2881 5402 ο
2914 5360 2989 5417 al.
3019 5360 3295 5432 Μελιτινῇ,
3308 5366 3366 5416 et
3387 5326 3556 5415 infra.

1495 5528 1686 5586 JOAN.
1729 5524 2072 5585 BOLLANDI
2111 5526 2342 5582 ΝΟΤᾸῦ.

369 5694 447 5765 (ι)
472 5692 621 5765 Junii
649 5692 741 5759 26,
768 5707 914 5765 anno
940 5691 1301 5765 Christi365.

372 5757 449 5835 (2)
478 5757 788 5835 (Ξυιηίοοῐο
842 5764 955 5820 fere
996 5764 1291 5835 mensibus
1332 5757 1603 5835 Jovianus
1657 5773 1881 5835 regnas-

334 5829 389 5890 r't'
408 5829 440 5901 ;’
460 5836 529 5891 ab
554 5834 714 5903 hujus
738 5850 1055 5890 successore
1086 5831 1466 5903 Valentiniano
1487 5829 1879 5903 Valensfrater

299 5948 310 5960 .
342 5908 373 5961 tl
406 5899 694 5976 imperium
724 5915 1038 5976 assumptus
1062 5913 1148 5959 cst
1170 5902 1242 5957 ‘29
1276 5900 1453 5976 Martii
1486 5915 1579 5956 au.
1607 5899 1733 5956 564.

378 5978 454 6049 (3)
485 5970 619 6049 Ejus
648 5978 750 6035 sub
774 5970 937 6034 Decio
967 5982 1245 6048 peractum
1273 5970 1526 6030 Melitene
1556 5971 1878 6045 martyrium

1986 5688 2238 5743 dabimus
2276 5687 2340 5743 l5
2363 5686 2668 5742 Februarii.
2703 5686 2777 5740 De
2799 5686 2916 5755 ipsa
2963 5683 3213 5755 Meliteue
3241 5679 3562 5755 urbe__plura

1987 5760 2226 5823 reperies
2264 5758 2569 5815 lOJannar.
2602 5757 2670 5812 ad
2701 5755 2760 5810 S.
2795 5748 3085 5811 Domitiani
3103 5750 3343 5823 episcopi
3368 5748 3560 5823 Vitam.

2052 5818 2137 5902 ’(4)
2177 5831 2336 5885 Anno
2375 5828 2478 5884 577
2514 5844 2654 5886 coss.
2686 5834 2841 5883 erant
2885 5818 3180 5881 Gratianus
3219 5818 3355 5892 Aug.
3392 5818 3459 5877 IV
3507 5830 3562 5874 et

1985 5900 2066 5958 F1.
2102 5899 2493 5958 Merobaudes.
