3846 6458
307 467 417 528 599

1540 471 1826 532 MENSIS
1853 472 2319 534 JANUARIUS.

3471 470 3584 533 6ῧῖ

297 562 486 624 tiosos,
521 562 740 632 jamque
768 575 798 613 a
833 557 1033 614 difﬁcili
1063 567 1387 630 tempestate
1411 561 1760 632 respirabant
1786 563 1884 619 Ec-

2002 565 2181 635 λεμος.
2241 560 2415 633 ἀρχὴν
2472 558 2747 632 ἐλάμϐανε
2802 558 3136 626 διαλύσεως,
3187 560 3280 618 καὶ
3315 561 3586 616 ἀνέπνεον

297 651 508 714 ctesize;
541 661 596 706 et
626 667 721 706 ver
752 651 1098 706 illucesccbat
1143 651 1384 722 pictatis,
1427 662 1594 722 atque
1623 653 1689 709 ad
1736 661 1890 709 tran-

297 741 618 812 quillitatem
651 757 740 796 res
765 741 948 797 tristes
973 741 1234 798 Ecclesiis
1263 743 1742 798 convertebantur.
1755 741 1892 798 Nam

299 853 420 889 mn
469 853 497 890 τι
554 835 898 905 temporibus
927 835 1235 892 Constantii
1275 837 1589 907 persecutio
1639 845 1892 892 vexasset

303 927 390 979 I-Zu
414 929 593 989 lcsias.
630 937 686 982 et
711 927 816 983 sub
838 927 1059 984 Juliano
1088 937 1339 1000 tyranno,
1373 937 1432 984 ut
1455 930 1567 998 jam
1608 945 1772 1000 supra
1801 929 1894 984 de-

301 1020 654 1084 clat-arimos.
677 1028 733 1075 et
759 1020 1069 1091 imperante
1101 1029 1292 1092 postea
1329 1037 1428 1091 per
1458 1019 1744 1076 Orientem
1780 1021 1892 1076 Va-

301 1111 469 1175 lente,
493 1125 598 1166 nec
627 1111 811 1166 minus
844 1127 1007 1182 quam
1053 1127 1154 1182 per
1201 1112 1560 1209 quadraginta
1611 1115 1688 1185 (5)
1719 1130 1892 1170 annos

299 1201 489 1258 Ariani
521 1203 770 1276 ingentes
797 1203 1074 1260 eﬂlassent
1089 1207 1316 1277 spiritus
1333 1201 1592 1262 adversus
1609 1207 1892 1278 pietatem,

303 1296 598 1368 Euthymio
625 1297 735 1368 jam
775 1305 926 1365 nato,
964 1297 1082 1354 viro
1117 1315 1244 1354 vere
1283 1301 1524 1356 nominis
1565 1301 1670 1365 sui,
1715 1303 1892 1358 desie-
1929 1343 1935 1348 -

303 1395 433 1440 runt
493 1386 678 1442 omnia
734 1387 1106 1443 Ecclesiarum
1160 1389 1603 1447 tristia.‘Valens
1667 1392 1888 1462 quippe,

303 1481 548 1536 nondum
579 1481 770 1550 quinto
797 1479 875 1552 (6)
902 1496 1090 1537 mense
1120 1493 1242 1552 post
1261 1483 1532 1554 Euthymii
1563 1484 1893 1539 nativitatem

305 1573 514 1636 elapso,
556 1571 858 1628 exercitum
912 1572 1122 1628 ducens
1152 1572 1417 1628 adversus
1473 1573 1763 1639 Barbaros,
1801 1574 1893 1644 qui

305 1681 500 1722 secure
531 1666 801 1722 vexabant
833 1675 889 1720 et
931 1666 1336 1736 populabantur
1377 1666 1689 1746 Thraciam,
1736 1667 1895 1723 ansis

304 1762 426 1828 ejus
457 1758 652 1830 copiis,
691 1761 806 1831 ipsa
839 1776 1058 1831 quoque
1099 1770 1286 1832 postea
1319 1777 1512 1832 poenas
1553 1761 1652 1816 luit
1681 1761 1895 1816 debitas

196 1860 212 1870 ‘
307 1853 575 1924 impietati
605 1869 710 1926 qua
730 1855 993 1912 adversus
1018 1853 1187 1910 Deum
1215 1861 1570 1926 pugnaverat.
1601 1853 1737 1908 Nam
1767 1869 1894 1908 cum

304 1946 534 2018 fugisset
571 1947 641 2002 ad
679 1947 972 2017 quemdam
1013 1947 1194 2002 vicum
1241 1946 1592 2012 Adrianopoli
1639 1946 1884 2016 adjacen-

2002 1968 2123 2024 μεις
2183 1949 2510 2022 περικοπεὶς
2529 1990 2544 2014 ,

307 2045 448 2105 tem,
476 2037 730 2106 Barbari,
767 2039 1082 2096 incursione
1112 2041 1272 2103 facta,
1329 2055 1455 2094 eum
1505 2039 1738 2110 turpiter
1802 2054 1896 2093 ca-

305 2129 485 2200 piunt,
503 2139 556 2184 et
577 2145 686 2184 una
706 2146 830 2185 cum
861 2133 980 2186 vico
997 2130 1320 2197 incendunt;
1337 2139 1498 2202 atque
1521 2129 1687 2186 veluti
1713 2145 1896 2200 prom-

306 2221 482 2278 mium
507 2221 676 2279 futuri
699 2223 810 2279 illic
842 2223 1212 2297 ignisaccipit
1242 2225 1635 2296 temporarium
1673 2225 1768 2295 qui
1804 2223 1921 2280 bic-

309 2320 420 2368 est.

376 2525 470 2582 IV.
502 2526 690 2586 Tertio
731 2537 915 2586 autem
953 2539 1074 2600 post
1101 2545 1266 2594 anno,
1295 2530 1496 2586 Paulus
1521 2529 1744 2601 quidem
1782 2529 1893 2585 Eu—

305 2617 500 2688 tltymii
547 2625 726 2690 pater,
773 2633 806 2675 e
849 2619 963 2675 vita
997 2620 1241 2688 excedit;
1288 2621 1402 2676 sola
1438 2637 1568 2676 vero
1613 2637 1738 2676 cum
1780 2621 1892 2678 filio

305 2721 482 2768 mater
511 2720 566 2768 et
603 2712 765 2768 vidua
796 2713 1008 2778 relicta,
1037 2713 1207 2769 filium
1251 2729 1442 2770 secum
1473 2715 1772 2782 adducens,
1800 2731 1893 2770 ac-

301 2801 448 2856 cedit
483 2801 552 2856 ad
588 2800 815 2857 fratrem
851 2803 1184 2870 Eudoxium,
1215 2819 1378 2874 quem
1407 2802 1628 2874 Otrejus
1667 2803 1766 2875 (7),
1797 2803 1891 2874 qui

299 2894 640 2952 Melitenensi
661 2906 895 2967 praeerat
914 2898 1190 2960 Ecclesiae,
1207 2896 1366 2954 suum
1389 2898 1594 2954 fecerat
1611 2899 1892 2957 confesso-

283 3003 418 3042 .rem
451 2987 554 3058 (8);
590 2987 878 3058 positoque
900 2995 1028 3044 ante
1052 2990 1174 3058 ejus
1195 3005 1370 3061 genua
1393 2990 1891 3060 pucrd,vebemen-

305 3091 390 3136 ter
413 3081 626 3150 orabat,
653 3081 921 3152 laerymas
964 3083 1226 3138 etnittens
1243 3099 1311 3138 ex
1332 3084 1754 3153 ocnlis,‘casque
1768 3099 1890 3140 cre-

303 3172 442 3227 dens
477 3187 601 3230 esse
651 3173 892 3229 validum
959 3175 1336 3245 persuasionis
1393 3177 1887 3244 medicamentum;

1993 657 2098 728 ἤδη
2121 653 2218 710 τοῦ
2249 653 2487 726 χαλεποῦ
2526 655 2796 726 χειμῶνος
2828 655 2884 708 ai
2937 653 3284 724 Ἑκκλησίαι,
3338 654 3434 708 καὶ
3473 655 3584 726 ἔαρ

1995 749 2322 821 ὑπέλαμπεν
2373 747 2675 810 εὐσεΰείας.
2729 747 2827 802 καὶ
2871 747 2951 811 είς
2981 746 3251 816 εὐθυμίαν
3281 746 3473 810 αὐταῖς
3509 747 3587 800 τὰ

1996 843 2302 916 σκυθρωπὰ
2353 840 2739 918 μετεϐάλλετο.
2809 840 2944 895 Ἀπὸ
2976 842 3088 912 γὰρ
3121 839 3230 893 τῶν
3284 841 3589 895 Κωνσταν-

1991 937 2109 990 τίου
2147 937 2356 1007 χρόνων
2389 933 2634 1006 διωγμοῦ
2674 936 2798 998 ταῖς
2813 931 3175 1001 Ἐκκλησίαις
3200 931 3588 1001 ἐπικειμένου,

1993 1027 2050 1082 ἓν
2085 1045 2144 1082 τε
2175 1027 2292 1092 τοῖς
2331 1025 2628 1082 Ἰουλιανοῦ
2658 1025 2753 1080 τοῦ
2802 1025 3071 1098 τυράννου
3102 1027 3337 1096 καιροῖς,
3387 1021 3586 1092 ὥσπερ

1993 1121 2096 1193 ἢδη
2123 1120 2432 1190 φθάσαντες
2471 1118 2846 1190 ἐδηλώσαμεν,
2900 1119 2995 1172 καὶ
3036 1117 3130 1172 τοῦ
3166 1117 3461 1186 μετέπειτα
3482 1115 3589 1184 τῆς

2005 1211 2177 1282 Ἐᾠας
2207 1211 2506 1274 Οὐάλεντος
2529 1210 2968 1283 βασιλεύσαντος,
3001 1209 3100 1262 οὐκ
3134 1207 3354 1262 ἔλαττον
3385 1206 3418 1277 ἢ
3453 1222 3592 1260 τεσ-

1985 1306 2308 1376 ,σαράκοντα
2341 1304 2566 1376 χρόνους
2597 1303 2704 1356 τῶν
2748 1300 3044 1372 Ἀρειανῶν
3098 1301 3244 1370 μέγα
3287 1299 3427 1354 κατὰ
3481 1298 3594 1368 τῆς

1995 1399 2282 1462 εὐσεϐείας
2334 1397 2710 1460 πνευσάντων,
2765 1393 3073 1466 Εὐθυμίου,
3103 1393 3196 1447 τοῦ
3244 1386 3592 1462 φερωνύμως

1996 1492 2308 1562 κληθέντος,
2345 1491 2444 1563 ἤδη
2491 1491 2867 1560 γεννηθέντος,
2927 1487 2998 1540 τὰ
3047 1487 3348 1558 σκυθρωπὰ
3400 1485 3591 1537 πάντα

1997 1583 2106 1636 τῶν
2151 1583 2494 1654 Ἐκκλησιῶν
2527 1579 3010 1650 διελύετο.οὐἀλης
3045 1580 3144 1649 μὲν
3173 1577 3280 1648 γὰρ
3299 1575 3454 1630 οῦπω
3486 1574 3594 1628 τοῦ

1996 1674 2252 1744 πέμπτου
2285 1673 2454 1744 μηνὸς
2492 1671 2628 1744 μετὰ
2666 1672 2768 1742 τὴν
2807 1671 3087 1742 Εὐθυμίου
3141 1670 3394 1741 γέννησιν
3432 1684 3597 1738 παρ-

1996 1765 2266 1831 ελθόντος,
2337 1765 2778 1836 ἐπιστρατεύσας
2870 1763 3200 1836 Βαρϐἀροις,
3250 1762 3596 1833 ταράττουσι

1997 1859 2098 1929 τὴν
2144 1856 2378 1928 Θρᾳκῶν
2419 1857 2594 1921 ἀδεῶς
2640 1857 2736 1910 καὶ
2767 1855 3140 1926 ληϊζομένοις,
3167 1854 3262 1908 καὶ
3285 1853 3383 1916 τὰς
3421 1852 3597 1906 δυνά-

2608 1949 2764 2021 δὶκην
2817 1947 3044 2020 ὓστερον
3083 1947 3208 2002 ’καὶ
3273 1945 3434 2008 αὐτὸς
3483 1943 3598 2013 τῆς

1999 2043 2295 2115 θεομαχίας
2329 2042 2485 2109 ἀξίαν
2517 2042 2684 2098 ἔτισε.
2747 2041 2890 2112 Πρός
2923 2057 3043 2094 τινα
3077 2039 3202 2112 γὰρ·
3223 2039 3272 2092 οἱ
3303 2035 3596 2108 Βάρϐαροι

1997 2141 2274 2207 φεύγοντα
2319 2135 2514 2207 κώμην
2567 2137 2696 2209 περὶ
2744 2133 3188 2206 Ἀδριανούπολιν
3214 2126 3378 2186 οὖσαν
3412 2146 3595 2184 κατα-

1995 2229 2312 2303 δραμόντες,
2349 2227 2566 2298 αίροῦσί
2593 2245 2652 2282 τε
2694 2228 2858 2282 αὐτὸν
2892 2227 3155 2298 αζσχρῶς,
3176 2223 3273 2280 καὶ
3300 2227 3368 2294 τῇ
3409 2222 3590 2295 κώμῃ

1999 2323 2489 2392 συγκατακαίουσι,
2546 2321 2830 2392 προοίμιον
2881 2319 3070 2388 ὥσπερ
3103 2317 3199 2370 τοῦ
3235 2315 3446 2370 ἐκεῖθεν
3472 2332 3594 2367 πυ-

1998 2415 2116 2486 ρδς,
2158 2417 2220 2468 τε»
2254 2411 2490 2466 ἐνταῦθα
2526 2412 2864 2482 πρόσκαιρον
2895 2407 3054 2463 τοῦτο
3089 2404 3401 2476 δεχὸμενον.

2067 2522 2143 2579 A'.
2201 2523 2386 2594 Τρίτῳ
2416 2523 2472 2576 δὲ
2503 2521 2640 2592 μετᾶ
2679 2520 2854 2573 ταῦτα
2885 2515 3140 2585 ἐνιαυτῷ,
3170 2514 3384 2576 Παῦλος
3415 2511 3519 2582 μὲν
3560 2513 3596 2564 ὁ

1994 2617 2089 2673 τοῦ
2145 2617 2422 2688 Εὐθυμίου
2461 2615 2645 2686 πατὴρ
2681 2611 2945 2668 καταλύει
2973 2612 3066 2664 τὸν
3100 2599 3214 2680 βίον
3239 2626 3253 2641 ο
3291 2607 3496 2677 ἔρημος
3523 2605 3592 2658 δὲ

1999 2712 2140 2783 μετὰ
2167 2711 2262 2765 τοῦ
2313 2710 2503 2784 παιδὸς
2538 2709 2572 2780 ἡ
2603 2709 2788 2780 μήτηρ
2822 2706 2916 2759 καὶ
2953 2705 3097 2776 χήρα
3131 2699 3589 2770 καταλειφθεῖσα,

1993 2804 2074 2876 τῷ
2103 2802 2315 2874 ἀδελφῷ
2345 2801 2627 2873 πρόσεισιν
2654 2797 2914 2868 Εὐδοξίῳ,
2938 2797 2997 2850 τὸ
3021 2795 3214 2850 τέκνον
3235 2791 3587 2862 ἐπαγομένη·

1993 2897 2178 2952 ὅντινα
2202 2896 2268 2968 δὴ
2324 2893 2584 2966 σύνεδρον
2626 2892 2876 2963 Ὀτρὴῖος
2901 2891 2930 2944 ὁ
2969 2889 3069 2959 τῆς
3097 2887 3239 2941 κατὰ
3267 2881 3593 2952 Μελιτηνὴν

1973 2988 2278 3062 -’προεστὼς
2317 2986 2646 3057 Ἐκκλησίας
2670 2983 2936 3055 πεποίητο
2959 2999 2974 3013 ⁸
3008 2983 3102 3036 καὶ
3134 2981 3242 3053 πρὸ
3271 2979 3380 3032 τῶν
3409 2978 3592 3047 γονά-

1994 3103 2104 3138 των
2138 3083 2306 3138 αὐτοῦ
2341 3083 2500 3136 θεῖσα
2527 3081 2620 3134 τὸν
2651 3079 2843 3144 παῖδα,
2875 3078 3050 3134 ἐδεῖτο
3097 3075 3338 3148 θερμῶς,
3367 3073 3592 3142 δάκρυα

1995 3177 2102 3230 τῶν
2155 3175 2452 3246 ὀφθαλμῶν
2505 3174 2756 3243 ἀφιεῖσα,
2809 3171 2904 3226 καὶ
2947 3167 3122 3222 ταῦτα
3159 3165 3384 3230 πειθοῦς
3439 3159 3592 3218 εἶναι

268 3255 762 3336 "rogabat-autem,
811 3273 874 3320 ut
910 3274 966 3321 et
1003 3266 1230 3322 infantis
1265 3277 1320 3323 et
1378 3269 1464 3323 sui
1509 3269 1884 3334 misereretur,

2002 3271 2285 3343 φάρμακον
2307 3269 2526 3341 ἰσχυρὸν
2550 3267 2906 3322 πιστεύουσα’
2930 3264 3101 3318 ἐδεῖτο
3121 3262 3200 3330 δὲ,
3219 3259 3280 3315 τό
3296 3277 3355 3313 τε
3387 3259 3594 3328 νήπιον

300 3369 646 3428 puerumque
676 3360 743 3414 ad
777 3357 1024 3432 Otrejum
1068 3360 1385 3424 adduceret.
1410 3377 1475 3418 ac
1511 3362 1562 3417 ei
1599 3379 1696 3434 pro
1729 3375 1882 3433 patre

300 3446 542 3502 offerret.
587 3449 761 3522 Atque
789 3460 966 3529 mater
1003 3452 1224 3522 quidem
1267 3453 1404 3508 vidit
1440 3454 1762 3524 petitionem
1789 3454 1890 3510 sibi

299 3541 633 3596 successisse
673 3555 738 3595 ex
777 3542 1048 3597 sententia
1078 3559 1092 3598 ;
1124 3559 1264 3614 puer
1305 3543 1410 3599 fuit
1441 3545 1658 3600 oblatus
1681 3544 1888 3616 Otrejo,

298 3647 363 3686 ac
391 3646 485 3702 per
513 3648 638 3688 eum
671 3632 806 3701 Deo,
829 3635 972 3690 sicut
1001 3636 1094 3690 diu
1128 3644 1256 3692 ante
1285 3637 1357 3692 ab
1386 3637 1544 3692 Anna
1571 3637 1814 3695 Samuel.

374 3913 441 3968 V.
493 3913 714 3988 Otrejus
762 3933 894 3974 vero
937 3936 1064 3976 eum
1113 3922 1375 3988 intuitus,
1410 3940 1522 3978 non
1567 3923 1892 3997 simpliciter

301 4016 514 4063 tantum
555 4011 785 4080 aspexit,
819 4013 912 4068 sed
944 4013 1108 4068 etiam
1138 4015 1302 4069 animi
1353 4015 1686 4086 profundum
1727 4015 1888 4070 simul

299 4101 499 4165 subiit,
536 4103 782 4172 ejusdem
813 4107 980 4161 animi
1017 4109 1286 4178 quosdam
1325 4109 1654 4164 secretiores
1687 4117 1886 4174 tnotus,

299 4195 479 4262 quoad
514 4193 630 4250 fieri
678 4200 857 4268 potuit
904 4200 1223 4270 conjectans
1271 4202 1610 4256 acutissime.
1653 4202 1721 4256 Et
1760 4217 1888 4255 vero

298 4302 424 4340 cum
450 4288 518 4342 de
543 4290 730 4346 matris
761 4293 1046 4349 sterilitate
1079 4294 1397 4359 audivisset,
1433 4308 1496 4348 ac
1523 4287 1888 4349 de'diviniore

299 4378 386 4433 illa
423 4383 784 4452 apparitione,
835 4395 888 4440 et
909 4387 1365 4457 quemadmodum
1392 4402 1530 4458 epus
1560 4389 1913 4458 precationis.

299 4471 475 4528 fuerat
505 4463 811 4547 conceptio,
835 4481 1089 4548 quodque
1111 4488 1403 4549 antequam
1439 4491 1759 4536 nasceretur
1789 4499 1886 4553 pa-

298 4574 482 4621 rentes
520 4582 646 4620 eum
685 4569 797 4622 Deo
827 4582 1320 4637 consecraverant;
1359 4572 1459 4626 fuit
1508 4589 1673 4628 verus
1717 4575 1884 4631 futuri

1994 3366 2092 3420 καὶ
2133 3365 2304 3435 αὐτὴν
2357 3363 2624 3433 οἰκτεῖραι
2653 3362 2747 3416 καὶ
2781 3361 3156 3431 προσαγαγεῖν
3216 3355 3455 3427 Ὀτρηῖῳ
3483 3352 3588 3406 τὸν

1993 3460 2181 3523 παῖδα,
2211 3458 2308 3512 καὶ
2338 3457 2489 3527 αὐτῷ
2517 3457 2638 3510 ἀντὶ
2683 3454 2891 3526 πατρδς
2911 3452 3212 3508 ἀναθεῖναι.
3255 3450 3322 3503 Ἡ
3359 3449 3457 3518 μὲν
3483 3445 3590 3501 οὖν

1997 3553 2182 3624 μήτηρ
2235 3551 2381 3606 κατὰ
2432 3550 2662 3620 γνώμην
2719 3548 2966 3602 ἐκϐᾶσαν
3023 3547 3160 3616 αὐτῇ
3211 3541 3312 3615 τὴν
3361 3542 3589 3611 αττησιν

1991 3643 2152 3712 εἶδεν,
2189 3644 2438 3716 ’Ὀτρηϊῳ
2467 3661 2527 3696 τε
2555 3644 2583 3696 ὁ
2609 3643 2740 3706 παῖς
2763 3640 3060 3702 ἀνετίθετο,
3092 3637 3188 3693 καὶ
3216 3637 3284 3690 δι’
3307 3634 3474 3690 αὐτοῦ
3499 3633 3592 3704 τῷ

1989 3739 2131 3808 Θεῷ,
2161 3737 2414 3808 καθάπερ
2443 3734 2622 3808 πολλῷ
2681 3735 2948 3807 πρότερον
3005 3732 3112 3787 ὐπὸ
3162 3733 3262 3802 τῆς
3313 3731 3517 3796 Ἀννης
3553 3727 3588 3778 ὁ

1990 3827 2067 3880 Σα
2075 3823 2268 3894 μουήλ.

2063 3937 2140 3990 E'.
2193 3935 2444 4007 Ὀτρήϊος
2472 3935 2530 3988 δὲ
2576 3935 2768 3988 τοῦτον
2824 3931 2982 4000 ἰδὼν,
3021 3931 3120 4003 οὐχ
3182 3929 3373 3991 ἁπλῶς
3414 3921 3586 3990 εἶδεν,

1989 4027 2126 4083 ἀλλὰ
2157 4029 2252 4080 καὶ⁹
2286 4029 2366 4091 εἰς
2399 4028 2461 4080 τὸ
2521 4027 2686 4098 βάθος
2729 4027 2844 4097 ἅμα
2895 4026 2996 4096 τῆς
3047 4023 3226 4094 ψυχῆς
3277 4019 3584 4083 εἰσεδύετο,

1991 4119 2084 4174 καί
2106 4137 2268 4172 τινων
2291 4119 2463 4189 αὐτῆς
2492 4119 2952 4192 ἁπορῤητοτέρων
2978 4117 3051 4180 ὡς
3075 4116 3203 4186 ἐνῆν
3233 4112 3585 4183 κινημάτων,

1987 4210 2227 4278 ὀξύτατα
2259 4195 2687 4284 στοχασάμενος.
2732 4210 2937 4266 Μαθὼν
2966 4210 3022 4264 δὲ
3049 4209 3145 4262 καλ⁸
3179 4207 3246 4261 τὰ
3291 4206 3392 4272 τῆς
3434 4220 3589 4256 στει-

1991 4306 2212 4378 ρώσεως
2255 4307 2358 4374 τῆς
2401 4305 2629 4378 μητρὸς,
2685 4303 2782 4360 καὶ
2809 4305 2878 4359 τὰ
2909 4303 3010 4373 τῆς
3045 4301 3324 4369 θειοτέρας
3372 4301 3585 4367 ἐπιφα-

1987 4399 2158 4462 νείας,
2201 4398 2298 4450 κοιλ⁸
2326 4399 2476 4461 ὅπως
2533 4397 2699 4468 εὐχῆς
2755 4396 2916 4468 ἔργον
2949 4397 2983 4467 ἡ
3039 4393 3302 4464 σύλληψις
3346 4387 3436 4462 ἦν,
3485 4391 3588 4444 καὶ

1987 4491 2064 4556 ὼς
2115 4487 2227 4545 εἷεν
2286 4491 2449 4546 αὐτὸν
2500 4493 2550 4544 οἱ
2585 4494 2762 4561 γονεῖς
2807 4492 2896 4544 καὶ
2961 4491 3068 4560 πρὸ
3113 4489 3211 4557 τῆς
3266 4487 3585 4556 γεννήσεως

1989 4583 2460 4654 καθαγιασάμενοι
2507 4583 2584 4650 τῷ
2617 4583 2770 4654 Θεῷ,
2826 4584 3114 4654 προφήτης
3138 4580 3230 4634 τοῦ
3289 4577 3587 4650 μέλλοντος

299 4656 586 4725 propheta.
615 4658 682 4713 Et
726 4661 992 4726 profecto,
1033 4661 1229 4732 inquit,
1290 4665 1594 4734 requiescet
1649 4669 1884 4737 Spiritus

2002 4676 2224 4749 Ξιψευδὴς
2271 4672 2360 4748 ἦν.
2389 4678 2500 4731 Καὶ
2537 4678 2727 4744 ὅντως,
2773 4675 3225 4732 ὲπαναπαύσεται
3261 4674 3322 4726 τὸ
3349 4671 3584 4742 Πνεῦμα

301 4745 392 4800 Dei
424 4763 588 4817 super
618 4751 764 4804 hunc
803 4767 1052 4820 puerum.
1091 4755 1296 4811 Deinde
1343 4772 1469 4810 cum
1513 4757 1665 4812 illum
1706 4761 1881 4832 bapti-

263 4848 497 4903 ~zasset,
541 4849 597 4894 et
635 4842 952 4910 capillorum
983 4856 1246 4915 quantum
1299 4849 1384 4903 lex
1422 4851 1490 4905 de
1523 4853 1712 4921 pueris
1738 4870 1882 4923 prae-

298 4929 490 4984 scribit
535 4933 895 5000 totondisset,
933 4935 989 4990 in
1033 4938 1259 5009 gradum
1319 4941 1584 4996 lectorum
1637 4955 1877 5016 cooptat.

293 5021 466 5080 Porro
497 5035 726 5082 matrem
759 5028 1089 5101 Dionysium,
1122 5041 1184 5087 ut
1212 5049 1333 5104 qua:
1359 5035 1560 5092 divinis
1596 5038 1760 5094 rebus
1788 5057 1882 5096 va-

1988 4770 2082 4822 τοῦ
2113 4768 2394 4836 Θεοῦ,ὲπὶ
2437 4770 2500 4823 τὸ
2549 4770 2760 4824 παιδίον
2811 4769 2990 4832 τοῦτο,
3052 4767 3240 4838 φησίν.
3296 4761 3430 4820 Εἶτα
3485 4767 3580 4817 καὶ

1991 4859 2262 4929 βαπτίσας
2323 4860 2509 4926 αὐτὸν,
2547 4862 2643 4914 καὶ
2693 4862 2801 4914 τῶν
2851 4859 3056 4931 τριχῶν
3101 4861 3203 4913 ὅσα
3247 4859 3412 4930 νόμος
3463 4861 3580 4921 τοῖς

1992 4953 2180 5004 παισὶν
2235 4952 2577 5024 ἀποκείρας,
2635 4953 2715 5024 τῷ
2761 4953 2871 5007 τῶν
2919 4952 3284 5021 ὰναγνωστῶν
3330 4951 3573 5020 ἐγκρίνει

1989 5043 2205 5116 βαθμῷ.
2230 5043 2341 5116 Τὴν
2366 5045 2466 5116 μὲν
2493 5043 2588 5100 οὖν
2621 5046 2833 5118 μητέρα
2856 5047 3162 5112 Διονυσίαν,
3190 5041 3278 5101 οἷα
3309 5043 3580 5114 διηνεκῶς

1485 5213 1682 5272 JOAN.
1719 5215 2071 5275 BOLLANDI
2109 5219 2344 5278 NOTAE.

362 5375 440 5446 (5)
476 5373 624 5430 Obiit
651 5365 1044 5455 Constantinus
1076 5379 1434 5455 Magnnsan.
1475 5385 1598 5450 537,
1639 5389 1761 5455 ipso.
1785 5388 1873 5443 die

290 5449 680 5524 Pentecostes;
706 5445 1260 5524 cuiAConstantius'in
1299 5453 1519 5508 Oriente
1549 5445 1868 5524 succedens,

287 5535 414 5576 ιιιοι
443 5533 500 5592 ες
532 5517 756 5592 haeresis
780 5517 996 5592 Ariana;
1025 5522 1289 5576 fautorem
1317 5525 1594 5592 professus
1621 5538 1724 5582 est.

359 5592 434 5661 (6)
457 5587 878 5666 Fortotlecitntts
903 5587 1460 5666 quintttslegent'luni:
1489 5599 1674 5666 sicque
1704 5597 1870 5657 Junio

286 5658 476 5714 mense
549 5665 738 5712 natum
793 5658 1058 5714 dicemus.
1117 5658 1330 5717 Interiit
1387 5658 1601 5719 Valens-
1661 5666 1701 5720 Υ
1751 5671 1871 5724 ἰιΙιις

291 5730 550 5805 Augusti,
575 5744 668 5805 an.
691 5728 818 5805 δεῖ,
855 5746 978 5785 cum
1030 5748 1100 5788 eo
1127 5749 1270 5788 anno
1292 5737 1406 5805 ipse
1426 5748 1644 5790 sextum
1679 5743 1868 5796 consul
1923 5766 1926 5770 ·

285 5797 451 5870 esset,
497 5797 908 5870 Valrgttinianus
928 5805 1254 5870 secundum,
1299 5797 1358 5860 nt
1396 5807 1640 5862 scribunt
1667 5809 1870 5865 Idalios

285 5869 344 5922 in
377 5869 576 5946 Fastis,
607 5867 859 5925 Socrates
885 5874 992 5946 lib.
1023 5892 1096 5937 tv,
1133 5867 1254 5946 cap.
1277 5878 1374 5932 ult.
1410 5878 1734 5932 Ammianus
1769 5881 1862 5936 lib.

286 5953 439 6006 xxxi,
471 5941 688 6012 aliique,
711 5951 765 5997 et
808 5943 1022 6013 quidem
1059 5941 1355 6004 indictione
1393 5947 1426 6002 5
1467 5949 1622 6019 ettjns
1667 5950 1864 6005 residui

1977 5399 2136 5443 erant
2169 5401 2382 5446 menses
2407 5390 2632 5460 aliquot.
2681 5389 2750 5446 ad
2799 5389 3176 5460 Septembrem
3231 5402 3426 5460 usque,
3459 5405 3571 5457 quo

1977 5469 2031 5513 et
2083 5460 2116 5513 6
2164 5460 2387 5516 indictio
2441 5459 2700 5529 etiannus
2726 5462 2866 5529 apud
2909 5459 3220 5515 Orientales
3265 5459 3574 5515 inchoaba-

1979 5538 2084 5602 tn_r.
2128 5529 2266 5586 Hinc
2299 5547 2420 5600 quae
2464 5541 2582 5601 post
2621 5521 2996 5602 SeptI-mhrem
3037 5531 3361 5602 inchoatum
3400 5531 3574 5595 facta,

1981 5600 2047 5653 ad
2070 5612 2386 5672 sequentem
2413 5600 2616 5672 annum
2649 5600 2920 5672 Euthymii
2967 5600 3296 5656 referuntur.

2053 5671 2131 5739 (7)
2164 5669 2412 5744 Interfuit
2441 5671 2658 5744 Otrejus
2696 5669 2901 5744 synodo
2932 5672 3555 5742 Constantinopolitanae

1981 5742 2333 5796 menmenicae
2365 5759 2402 5798 ll
2441 5754 2496 5798 et
2525 5742 2966 5799 Macedoniaitam
2999 5744 3252 5799 haeresim
3281 5761 3407 5800 cum
3438 5745 3568 5800 aliis

1982 5812 2254 5881 episcopis
2293 5813 2675 5868 condemnavit
2713 5829 2840 5867 ann.
2876 5813 3012 5869 Chr.
3046 5814 3171 5870 58f.

2050 5882 2130 5952 (8)
2181 5884 2474 5948 Perperam
2514 5884 2566 5937 in
2623 5885 2784 5940 Surio
2840 5901 3102 5939 excusutn
3165 5884 3569 5944 confessorem.

1977 5951 2552 6010 Conscssorem'vertit
2579 5953 2844 6012 ﬂervctus
2869 5973 2882 6022 ;
2919 5968 3086 6011 recte.
