3846 6498
295 521 395 590 ﬁlii

1577 523 1751 584 VITA
1795 525 1859 584 S.
1891 471 2297 594 EU'IO'HYMII.

3467 529 3570 592 602

297 643 424 712 περὶ
463 642 532 695 τὰ
577 639 696 694 Θεία
739 637 1128 710 σχολάζουσαν,
1165 637 1414 694 διάκονον
1460 638 1686 708 τῆς.ὑπ’
1727 639 1892 695 αὐτὸν

2005 651 2142 698 :arct
2189 641 2428 708 assidue,
2497 638 2868 698 Diaconissam
2917 641 3139 697 ordinat
3167 639 3368 697 Eecsite
3414 641 3572 696 sibilc

309 731 642 804 Ἐκκλησίας
667 733 980 802 χειροτονεῖ·
1000 730 1090 784 τὸν
1122 729 1180 784 δὲ
1203 729 1369 784 παῖδα
1400 729 1880 802 εἰσποιησάμενος,

291 827 354 881 οὗ
402 825 638 896 τροφεὺς
675 822 836 894 μόνον
867 822 1020 894 αὐτῷ
1057 825 1154 876 καὶ
1184 823 1558 892 παιδαγωγὸς,
1605 823 1744 878 ἀλλὰ
1789 825 1886 878 καὶ

294 917 486 988 πατὴρ
528 915 625 969 καὶ
672 915 856 986 μήτηρ
887 913 1185 979 διαθέσεως
1231 915 1417 987 νόμοις
1445 916 1677 984 ἐγίνετο·
1708 917 1768 971 οὐ
1805 917 1884 990 τῷ

295 1010 456 1064 παιδὶ
490 1009 690 1080 μᾶλλον
719 1007 992 1068 ἐντεῦθεν,
1047 1007 1080 1078 ἢ
1137 1007 1317 1078 ἐαυτῷ
1371 1007 1746 1080 χαριζόμενος,
1794 1008 1886 1063 καὶ

299 1103 494 1166 παιδὸς
528 1097 670 1155 εἶναι
710 1100 917 1154 τοιοῦδε
963 1101 1218 1172 κηδεμὼν
1249 1101 1556 1172 ἐφιέμενος.
1610 1103 1886 1172 Εὐθυμίου

297 1197 484 1251 τοίνυν
528 1193 704 1258 οὕτως
747 1195 812 1247 ὲκ
843 1191 1069 1264 πρώτης
1115 1193 1334 1264 ἡλικίας
1365 1193 1719 1258 ἀνατεθέντος
1745 1193 1886 1263 Θεῷ,

301 1287 395 1340 καὶ
424 1287 538 1348 τοῖς
561 1283 1039 1352 ὲκκλησιαστικοῖς
1089 1282 1418 1350 καταλόγοις
1444 1283 1604 1354 ἱερῶς
1633 1285 1888 1352 ἐνταγὲν-

295 1395 412 1440 τος,
435 1374 744 1437 καταπόδας
761 1374 922 1437 εὐθὺς
941 1373 1036 1426 καὶ
1057 1373 1336 1438 Θεοδόσιος
1356 1377 1384 1429 ὁ
1406 1376 1594 1444 Μέγας
1617 1377 1890 1446 ἐγκρατὴς

280 1470 398 1548 ,τῆς
433 1467 714 1538 βασιλείας
740 1466 1067 1521 καθίσταται
1095 1483 1112 1498 θ
1139 1468 1238 1521 καὶ
1264 1466 1437 1530 οὕτως
1472 1471 1528 1520 ὲν
1557 1467 1740 1539 ταυτῷ
1776 1470 1890 1532 τοῖς

299 1577 356 1614 τε
386 1561 686 1623 πολιτικοῖς
719 1559 1044 1630 πράγμασιν
1069 1559 1245 1623 ὁΘεὸς
1281 1561 1376 1613 καὶ
1407 1562 1526 1624 ταῖς
1543 1559 1892 1631 Ἑκκλησίαις

301 1654 532 1725 εἰρήνην
562 1651 882 1722 παραδόξως
926 1651 1306 1724 ἐπιϐραϐεύει·
1342 1654 1455 1715 τοῖς
1493 1652 1592 1724 μὲν
1633 1653 1724 1704 τδν
1763 1652 1893 1705 Θεο-

306 1745 480 1798 δόσιον
505 1743 829 1814 ἀπονείμας,
863 1745 983 1806 ταῖς
1006 1743 1062 1796 δὲ
1092 1743 1183 1796 τὸν
1203 1743 1476 1814 Εὐθύμιον
1497 1744 1890 1815 χαρισάμενος·

307 1837 448 1891 ὥστε
483 1835 801 1906 συμϐαίνειν
837 1835 924 1888 ἐπ’
964 1835 1146 1899 αὐτοῖς
1176 1833 1484 1898 ἀκολούθως
1519 1837 1630 1896 τοῖς
1666 1835 1894 1906 ὀνόμασι

309 1930 404 1981 καὶ
430 1927 500 1981 τὰ
526 1926 847 1998 πράγματα.

1987 732 2246 801 subjectae
2272 747 2286 783 :
2322 745 2550 802 puerum
2577 747 2706 787 vero
2727 731 3025 800 adoptavit,
3061 747 3165 788 nec
3196 731 3370 786 solum
3395 731 3444 786 ei
3471 732 3572 785 fuit

1989 824 2224 880 nutritor
2265 832 2322 879 et
2361 823 2702 896 pmdagogus,
2754 825 2850 898 sed
2887 825 3052 880 etiam
3098 833 3256 895 pater
3287 834 3573 894 materque

1988 919 2200 974 ratione
2246 917 2552 972 affectionis
2581 933 2594 970 :
2621 933 2728 972 non
2777 933 2846 974 eo
2889 917 3110 972 nomine
3160 916 3332 988 magis
3375 933 3566 987 puero.

1987 1026 2150 1082 quam
2168 1009 2272 1066 sibi
2287 1009 2616 1080 gratificans,
2651 1017 2706 1063 et
2728 1009 2848 1064 talis
2868 1009 3023 1080 pueri
3042 1023 3232 1063 curam
3263 1024 3452 1080 gerere
3477 1025 3573 1063 cu.

1987 1105 2166 1176 piens.
2193 1105 2533 1174 Cum-itaque
2549 1103 2872 1176 Euthymius
2893 1109 2908 1169 (
2917 1102 3065 1170 9)sic
3077 1103 3144 1156 ab
3167 1101 3388 1156 ineunte
3417 1110 3574 1156 aetate

1989 1197 2102 1252 Deo
2135 1195 2328 1252 fuisset
2359 1197 2662 1260 dedicatus,
2701 1203 2758 1250 et
2799 1195 2854 1249 in
2890 1195 3280 1250 EcClesi-astico
3317 1193 3576 1264 Catalogo

1989 1289 2081 1360 pie
2110 1297 2406 1358 sancteque
2433 1287 2747 1352 collocatus,
2774 1287 2954 1342 statim
2971 1293 3371 1355 consequenter
3398 1284 3578 1359 Theo-

1991 1381 2176 1436 dosius
2209 1379 2433 1452 Magnus
2453 1379 2658 1450 potitur
2680 1378 2912 1448 imperio
2935 1394 2949 1430 :
2973 1377 3163 1447 sicque
3193 1376 3390 1430 eodem
3434 1383 3574 1428 tem-

1991 1484 2124 1538 pore
2157 1468 2301 1523 Deus
2325 1469 2522 1521 mirum
2551 1483 2617 1522 ac
2645 1467 2984 1536 inopinatum
3022 1465 3078 1520 in
3104 1465 3324 1520 modum
3357 1474 3467 1518 tam
3499 1464 3580 1518 οτ-

1993 1561 2191 1616 vilibus
2221 1562 2386 1617 rebus
2416 1577 2578 1631 quam
2627 1560 2890 1618 Ecclesiis
2921 1574 3112 1630 pacem
3160 1558 3444 1623 conciliat;
3475 1557 3580 1614 illis

1993 1655 2214 1724 quidem
2244 1653 2614 1722 Theodosium
2640 1653 2906 1717 tribuens,
2937 1652 3022 1706 his
3048 1667 3182 1706 vero
3209 1651 3446 1722 largiens
3468 1649 3578 1704 Eu-

1997 1745 2258 1816 thymium
2293 1763 2306 1798 :
2338 1745 2473 1824 adeo
2501 1754 2560 1799 ut
2597 1745 2652 1798 in
2689 1744 2770 1799 eis
2803 1753 3208 1814 consequenter
3237 1757 3328 1798 res
3362 1757 3581 1813 quoque

1997 1838 2356 1893 convenirent
2379 1837 2718 1892 nominibus.

381 2015 471 2087 ς’.
515 2019 806 2090 Προϊόντος
861 2018 920 2072 δὲ
961 2016 1056 2072 τοῦ
1089 2017 1305 2090 χρόνου,
1333 2016 1428 2070 καὶ
1449 2015 1544 2071 τοῦ
1577 2017 1766 2080 παιδὸς
1791 2018 1892 2090 ἤδη

2067 2030 2160 2084 Vl.
2201 2028 2540 2086 Procedente
2591 2035 2772 2082 autem
2824 2035 3092 2097 tempore,
3124 2041 3250 2080 cum
3283 2025 3396 2097 jam
3444 2043 3584 2098 puer

307 2111 417 2166 τῶν
472 2111 685 2182 νηπίων
729 2111 1056 2182 ἀμείϐοντος
1092 2112 1333 2181 ἡλικίαν,
1375 2109 1724 2181 γραμμάτων
1746 2111 1895 2165 διδα-

309 2204 531 2268 σκάλοις
561 2203 724 2258 αὑτὸν
763 2206 790 2258 ὁ
831 2204 1136 2268 ἐπίσκοπος
1179 2205 1498 2275 ἐγχειρίζει.
1549 2205 1612 2258 Ol
1646 2203 1702 2258 δὲ
1752 2201 1896 2277 ἦσαν

321 2299 577 2362 Ἀκάκιος
608 2298 705 2352 καὶ
735 2299 1002 2362 Συνόδιος,
1045 2298 1298 2370 εὐγενείᾳ
1339 2315 1397 2351 τε
1431 2299 1528 2353 καὶ
1559 2298 1772 2353 συνέσει
1799 2297 1896 2354 καὶ

310 2390 632 2464 σωφροσύνῃ
665 2390 743 2462 τῷ
766 2391 876 2444 τῶν
909 2391 1278 2460 ἀναγνωστῶν
1303 2391 1448 2464 χορῷ
1475 2392 1894 2464 διαλάμποντες,

311 2485 406 2538 καὶ
426 2483 526 2546 τοὶς
547 2501 606 2538 τε
639 2484 788 2547 Θείας
813 2483 1036 2554 Γραφὰς
1083 2479 1141 2536 εὖ
1168 2483 1495 2554 ἠσκημένοι,
1525 2485 1620 2538 καὶ
1646 2485 1898 2549 παιδείας

309 2577 540 2648 ἐρασταὶ
573 2577 672 2648 τῆς
722 2575 957 2646 θύραθεν
1013 2576 1114 2630 οὐκ
1165 2575 1394 2647 ἀμελεῖς,
1427 2575 1611 2641 ὄντες·
1657 2577 1707 2630 οἳ
1759 2576 1899 2649 μετὰ

311 2667 542 2730 πολλοὺς
578 2667 666 2721 διὰ
721 2667 960 2740 Χριστὸν
1012 2666 1232 2738 ἀγῶνας
1257 2706 1273 2730 ,
1313 2670 1408 2722 καὶ
1449 2668 1550 2739 τὴν
1586 2668 1763 2740 ἀρχὴν
1797 2669 1899 2740 τῆς

312 2763 453 2815 κατὰ
485 2761 796 2832 Μελιτηνὴν
830 2761 1184 2834 Ἐκκλησίας,
1228 2762 1336 2834 ἰδίᾳ
1369 2761 1464 2815 καὶ
1513 2763 1656 2816 κατὰ
1707 2763 1899 2833 καιρὸν

311 2852 570 2922 ἑκάτερος
619 2852 798 2906 αὐτῶν
831 2853 1271 2924 ὲγχειρίζονται·
1307 2846 1382 2908 ὧν
1413 2854 1634 2919 πολλοῖς
1673 2856 1707 2926 ἡ
1739 2856 1900 2909 Μελι-

310 2944 490 3016 τηνῶν
511 2944 687 3010 πόλις,
711 2945 808 2999 καὶ
832 2947 1000 3000 εἰσέτι
1028 2948 1120 3000 καὶ
1145 2947 1242 3002 νῦν
1267 2949 1511 3020 ἐντρυφᾷ
1539 2949 1898 3020 διηγήμασιν,

325 3033 666 3108 Ἐκκλησιῶν
711 3055 769 3090 τε
815 3037 892 3100 ὡς
941 3039 1160 3108 ἀληθῶς
1209 3041 1518 3115 προστασίᾳ
1561 3043 1655 3095 καὶ
1713 3041 1900 3112 ψυχῶν

314 3129 616 3200 κηδεμονίᾳ
667 3131 1035 3198 προσήκουσι.
1079 3132 1416 3202 Παραδοθεὶς
1461 3135 1642 3189 τοίνυν
1689 3135 1900 3198 τούτοις

314 3225 524 3289 ὀ-παῖς,
564 3227 661 3280 καὶ
717 3227 914 3298 δαψιλῆ
957 3227 1029 3280 τὰ
1083 3229 1375 3300 σπέρματα
1412 3228 1512 3298 τῆς
1551 3228 1901 3300 διδασκαλίας

313 3317 374 3368 ἐν
411 3318 528 3379 τοῖς
560 3318 658 3384 τῆς
689 3316 932 3381 διανοίας
984 3317 1204 3381 κόλποις
1229 3318 1586 3388 παραλαϐὼν,
1616 3319 1786 3373 πολὺν
1809 3318 1901 3372 τὸν

315 3406 528 3477 καρπὸν
553 3407 612 3460 ὲν
645 3407 840 3479 βραχεῖ
872 3410 965 3460 καὶ
1003 3408 1142 3480 ὑπὲρ
1175 3409 1504 3480 τὴνὴλικίαν
1535 3411 1896 3480 προήνεγκεν.

327 3498 536 3570 Ὧμίλει
590 3501 834 3572 μὲνγὰρ
874 3503 996 3564 ταῖς
1048 3500 1222 3564 θείαις
1271 3502 1551 3572 Γραφαῖς,
1603 3503 1700 3556 καὶ
1751 3503 1900 3570 φιλο-

316 3594 496 3656 πόνως
539 3595 732 3658 αὑταῖς
767 3594 1112 3664 προσέκειτο.
1176 3594 1370 3648 Ἦνίκα
1410 3595 1468 3647 δὲ
1501 3593 1612 3648 ,τῶν
1659 3593 1902 3648 παλαιῶν

314 3687 528 3758 ἀνδρῶν
563 3689 655 3740 καὶ
691 3687 852 3742 θείων
884 3681 1012 3758 εἶ’)ρέ
1039 3705 1160 3740 τινα
1195 3688 1417 3757 μνήμην
1453 3687 1626 3749 αὐτὰς
1659 3690 1739 3750 εἰς
1777 3687 1900 3756 ἀρε-

316 3780 418 3851 τὴν
448 3781 803 3852 ποιουμένας,
858 3780 1086 3852 θήραμα
1125 3775 1281 3843 οὗτος
1326 3777 1592 3848 Εὐθυμίῳ
1623 3777 1683 3831 τὸ
1733 3793 1904 3832 σπουο

318 3872 604 3926 δαιότατον
634 3869 723 3944 ἦν,
747 3874 844 3927 καὶ
875 3875 1039 3928 πόθον
1072 3875 1235 3938 εὐθὺς
1262 3871 1539 3943 ἐλάμϐανε
1569 3871 1664 3926 τοῦ
1687 3871 1901 3942 ἀνδρὸς,

317 3967 412 4020 καὶ
456 3968 594 4040 πρὸς
643 3968 734 4022 τὸν
788 3969 973 4038 ὅμοιον
1019 3969 1228 4022 ἐκείνου
1269 3967 1433 4036 ζῆλον
1469 3967 1900 4038 διεθερμαίνετο.

319 4055 574 4108 Τοιοῦτον
629 4057 741 4128 γὰρ
790 4057 972 4128 ἀγαθὴ
1021 4057 1168 4128 ψυχὴ
1199 4057 1296 4111 καὶ
1327 4057 1652 4127 φιλόκαλος.
1699 4057 1904 4128 ἀρετῆς

325 4148 604 4220 πρόφασιν
635 4149 992 4219 λαμϐάνουσα
1029 4151 1124 4204 καὶ
1157 4150 1406 4222 μετρίαν.
1459 4149 1632 4222 Ξυρὸς
1659 4153 1740 4216 είς
1771 4151 1906 4206 ἀκό-

271 4283 290 4304 ς
319 4260 420 4310 νην
456 4241 597 4302 ἐστὶ,
636 4242 792 4306 δαλὸς
827 4246 908 4308 εἰς
939 4244 1074 4316 πῦρ,
1123 4245 1292 4308 ἵππος
1321 4244 1463 4298 κατὰ
1493 4245 1696 4299 πεδίουο
1733 4245 1908 4302 ταῦτα

317 4334 384 4405 δὴ
431 4337 499 4388 τὰ
561 4335 818 4406 ᾀδόμενα.
881 4337 1043 4390 Ὥστε
1102 4337 1280 4390 πάντα
1333 4339 1425 4392 τον
1472 4339 1666 4408 χρόνον
1694 4381 1708 4400 ,
1747 4337 1908 4410 ἔργον

317 4425 583 4496 Εὐθυμίῳ
633 4426 1069 4496 φιλοπονώτατον
1104 4426 1242 4482 εἶναι
1283 4429 1344 4492 (ί,
1381 4430 1460 4502 τῷ
1513 4442 1537 4469 θ
1593 4433 1701 4484 τῶν
1749 4432 1910 4486 θείων

317 4521 556 4590 Γραφῶν
583 4521 794 4575 ἐπιέναι
825 4522 921 4585 τὰς
941 4522 1176 4591 βίϐλους.
1207 4523 1301 4578 καὶ
1320 4523 1417 4594 τὴν
1443 4523 1552 4576 τῶν
1575 4525 1928 4601 ἐγκειμένων.

317 4610 553 4679 δύναμιν
583 4610 882 4680 ἐγγράφειν
913 4615 981 4682 τῇ
1005 4613 1235 4684 διανοίᾳ.

292 4765 298 4776 ν
393 4705 464 4757 Z'.
532 4705 788 4774 Ζῆλωτὴς
845 4704 905 4757 δὲ
959 4706 1052 4758 καὶ
1105 4705 1213 4758 τῶν
1239 4705 1501 4759 ’Λκακίου
1545 4706 1765 4777 τρόπων
1809 4707 1906 4761 τοῦ

292 4792 648 4874 ξδιδαεκὰλου
683 4797 1000 4858 καθίστατο,
1047 4799 1140 4850 καὶ
1185 4798 1382 4862 αὐτοὺς
1425 4798 1498 4862 ὡς
1535 4799 1760 4852 δυνατὸν
1787 4800 1909 4868 ἐμι-

295 4879 501 4958 μεῖτο·
553 4888 630 4952 ὡς
665 4891 742 4960 μὴ
781 4890 888 4942 τῶν
913 4889 1088 4957 λόγων
1123 4891 1232 4944 τῶν
1258 4889 1423 4944 αὐτοῦ
1453 4890 1644 4962 μόνον,
1675 4889 1808 4943 ἀλλὰ
1839 4890 1905 4962 δὴ

295 4982 416 5076 Vati.
475 4979 588 5032 τῶν
649 4979 827 5051 ἔργων
885 4981 1132 5053 μαθητὴς
1185 4983 1492 5046 δείκνυται,
1557 4987 1646 5036 καὶ
1714 4983 1902 5056 ὥσπερ

298 5070 602 5140 ’ὁμιλοῦντι
653 5072 750 5144 τὴν
810 5074 1005 5146 ἀκοὴν,
1057 5075 1200 5127 οὕτω
1250 5075 1312 5147 δὴ
1367 5077 1460 5128 καὶ
1512 5074 1752 5129 ποιοῦντι
1813 5077 1906 5130 τὸν

318 5159 603 5232 ὀφθαλμὸν
665 5163 919 5234 ἐμμελῶς
970 5165 988 5203 ί
1049 5165 1284 5220 διδόναι⁸
1340 5169 1516 5239 τροφῇ
1561 5167 1700 5238 μὲν,
1748 5167 1810 5220 οὐ
1836 5171 1902 5240 τῇ

1931 4750 1986 4810 D

1997 2125 2321 2182 excessisset
2361 2139 2429 2179 ex
2467 2121 2711 2178 infantiae
2755 2130 2936 2189 aetate,
2969 2121 3268 2175 litterarum
3307 2121 3582 2192 magistris

1998 2235 2122 2276 eum
2144 2218 2306 2274 tradit
2332 2217 2640 2288 episc0pus.
2665 2214 2833 2269 Erant
2853 2228 3015 2284 porro
3037 2212 3114 2268 illi
3135 2213 3361 2269 Aeacius
3386 2211 3496 2284 (10)
3527 2224 3586 2270 et

1998 2303 2266 2386 Synodius
2287 2311 2336 2383 (l
2354 2311 2426 2381 l),
2449 2309 2540 2380 qui
2572 2317 2796 2380 propter
2821 2307 3184 2372 nobilitatem,
3210 2306 3576 2375 prudentiam,

2000 2399 2464 2466 moderationem,
2507 2401 2788 2456 clarebant
2808 2401 2861 2454 in
2882 2401 3055 2456 choro
3075 2401 3362 2465 lectorum,
3387 2410 3500 2456 tum
3525 2401 3579 2455 in

1999 2497 2170 2551 sacris
2205 2494 2508 2560 Scripturis
2533 2503 2682 2548 recte
2712 2492 3020 2554 exercitati.
3051 2499 3164 2547 tum
3187 2501 3425 2546 externae
3453 2506 3580 2553 cru.-

1998 2589 2226 2646 ditionis
2262 2597 2536 2644 amatores
2583 2603 2694 2642 non
2754 2585 3050 2652 incuriosi;
3100 2585 3194 2654 qui
3245 2591 3368 2654 post
3413 2583 3583 2638 multa

1999 2691 2223 2755 propter
2251 2669 2530 2737 Christum
2575 2687 2828 2749 suscepta
2871 2679 3200 2742 certamina,
3236 2677 3399 2732 etiam
3431 2675 3582 2730 Meli-

1998 2775 2242 2832 tenensis
2271 2772 2525 2828 Ecclesiae
2555 2771 2866 2843 principatu
2905 2785 3152 2826 seorsum
3183 2777 3240 2824 et
3283 2783 3384 2824 suo
3419 2767 3584 2822 ambo

2001 2876 2244 2936 tempore
2273 2865 2456 2919 donati
2485 2871 2644 2928 sunt;
2687 2876 2920 2932 quorum
2961 2859 3147 2914 multis
3182 2871 3366 2912 rerum
3406 2863 3588 2928 gesta-

2000 2973 2122 3014 rum
2158 2955 2566 3011 narrationibus
2594 2953 2650 3008 in
2693 2951 3018 3008 hodiernum
3051 2961 3223 3019 usque
3253 2947 3398 3003 diem
3433 2945 3586 3000 dele—

2001 3059 2181 3106 ctatur
2205 3037 2396 3104 civitas
2436 3043 2824 3110 Melitenensis,
2859 3053 2915 3098 et
2935 3039 3196 3096 Ecclesia:
3223 3038 3584 3110 praelectum,

2001 3151 2058 3198 et
2078 3156 2224 3198 cura:
2253 3140 2558 3194 animarum
2581 3153 2708 3192 vere
2735 3135 3209 3191 convenientibus.
3230 3131 3376 3186 Puer
3403 3131 3589 3200 itaque

2003 3227 2090 3291 his
2123 3234 2372 3300 traditus,
2401 3232 2638 3304 copiosis
2663 3229 2928 3286 doctrinae
2957 3227 3260 3283 seminibus
3294 3225 3350 3280 in
3387 3223 3590 3280 mentis

2006 3329 2161 3384 sinus
2198 3327 2459 3396 acceptis.
2501 3325 2656 3380 brevi
2701 3323 2941 3377 fructum
2983 3319 3278 3390 plurimum
3317 3325 3372 3372 et
3421 3329 3586 3386 supra

2005 3427 2216 3474 aetatem
2251 3416 2495 3488 protulit.
2521 3414 2734 3468 Etenim
2767 3412 2824 3466 in
2854 3411 3054 3466 divinis
3084 3408 3385 3480 Seripturis
3407 3423 3592 3462 versa-

2005 3511 2185 3576 batur,
2222 3510 2396 3579 iisque
2426 3507 2669 3563 studioso
2711 3505 2899 3560 labore
2947 3503 3320 3558 incumbebat.
3361 3499 3592 3566 Quando

2005 3612 2188 3658 autem
2217 3600 2530 3656 inveniebat
2560 3599 2680 3652 illas
2715 3597 2948 3668 alicujus
2983 3611 3050 3650 ex
3073 3594 3208 3650 viris
3232 3592 3474 3662 antiquis
3505 3591 3592 3646 di-

2004 3697 2256 3766 vinisque
2297 3693 2482 3750 facere
2517 3693 2585 3747 ad
2624 3691 2884 3746 virtutem
2936 3686 3276 3744 mentionem
3314 3685 3549 3755 aliquam
3574 3722 3590 3746 ,

2005 3799 2121 3846 erat
2155 3790 2200 3844 is
2227 3788 2310 3843 vir
2341 3785 2634 3858 Enthymio
2663 3781 2882 3839 venatio
2919 3779 3339 3844 studiosissima,
3375 3777 3593 3832 statim-

2005 3896 2112 3952 que
2135 3880 2282 3934 illius
2310 3876 2586 3934 desiderio
2613 3874 3034 3944 corripiebatur,
3067 3879 3125 3926 et
3161 3869 3226 3926 ad
3253 3867 3592 3924 consimilem

2005 3973 2412 4031 accendebatur
2441 3970 2872 4026 aemulationem.
2917 3966 3068 4022 Talis
3096 3965 3300 4036 quippe
3332 3970 3415 4018 est
3448 3962 3590 4016 bona

2007 4069 2209 4130 anima,
2263 4065 2620 4138 praeclarique
2669 4061 2948 4125 studiosa,
2987 4057 3202 4130 quoties
3245 4055 3463 4111 virtutis
3501 4050 3592 4109 vel

2008 4161 2276 4216 modicam
2301 4157 2498 4228 accipit
2520 4155 2886 4212 occasionem.
2906 4151 3178 4207 Novacula
3199 4149 3266 4204 ad
3288 4156 3466 4204 cotem
3489 4155 3594 4208 est.

2011 4255 2175 4311 torris
2209 4253 2276 4309 ad
2321 4253 2526 4324 ignem,
2569 4263 2744 4320 equus
2778 4248 2834 4302 in
2869 4263 3086 4318 campo,
3127 4245 3280 4316 juxta
3309 4243 3596 4298 decantata

2009 4348 2172 4418 vulgo
2207 4345 2496 4416 proverbia
2530 4361 2545 4397 :
2584 4343 2720 4398 adeo
2759 4349 2818 4395 ut
2850 4339 3001 4396 omni
3024 4348 3269 4408 tempore
3289 4348 3430 4404 opus
3453 4337 3600 4387 esset

2011 4439 2304 4510 Euthymio
2334 4453 2634 4503 summum,
2659 4451 2982 4508 percurrere
3005 4431 3314 4488 divinarum
3351 4425 3600 4496 Scriptu-

2009 4542 2195 4586 rarum
2221 4531 2409 4597 libros,
2431 4539 2488 4585 et
2517 4531 2628 4585 vim
2655 4543 2847 4584 eorum
2866 4541 2988 4598 quae
3016 4525 3068 4578 in
3087 4523 3178 4578 'els
3211 4522 3402 4576 insunt
3428 4515 3596 4572 menti

2011 4621 2336 4676 inscribere.

2083 4712 2196 4768 Vll.
2239 4714 2412 4768 Porro
2453 4721 2636 4768 autem
2683 4710 2788 4764 fuit
2847 4709 3008 4764 etiam
3051 4705 3336 4763 aemulator
3380 4717 3594 4758 morum

2011 4804 2194 4860 Acacii
2232 4805 2604 4874 prarceptoris,
2639 4817 2778 4874 quos
2807 4801 3125 4856 imitabatur
3149 4813 3246 4868 pro
3273 4795 3510 4861 viribus;
3541 4805 3600 4848 ut

2011 4912 2122 4951 non
2155 4897 2329 4951 solum
2369 4898 2490 4964 ejus
2521 4907 2858 4955 sermonum,
2894 4893 3072 4946 sed'et
3101 4902 3329 4958 operum
3366 4899 3599 4956 appare-

2013 4995 2097 5040 ret
2122 5000 2245 5040 esse
2271 4983 2592 5054 discipulus,
2621 4989 2676 5036 et
2707 4981 2850 5036 sicut
2885 4977 3274 5034 sermocinanti
3307 4990 3490 5040 aures,
3525 4975 3597 5028 ita

2013 5079 2178 5132 etiam
2203 5076 2424 5132 facienti
2455 5075 2643 5131 oculos
2671 5075 2962 5146 diligenter
2993 5067 3601 5127 accommodaretzcibo

2013 5169 2234 5240 quidem
2262 5177 2440 5236 utens,
2458 5183 2568 5222 non
2587 5166 2758 5234 vario,
2777 5175 2831 5220 et
2849 5164 3172 5236 composito,
3193 5161 3594 5233 superﬂuoque,

1529 5352 1720 5406 JOAN.
1765 5351 2108 5408 BOLLANDl
2149 5352 2383 5408 ΝΟΤίῙῢ.

403 5529 479 5598 (9)
515 5528 659 5582 infra
683 5544 738 5582 ιι.
771 5527 896 5592 109,
927 5529 1039 5583 lucc
1067 5529 1143 5583 sic
1166 5529 1496 5584 efferuntur:
1525 5550 1542 5580 ι
1568 5531 1702 5584 Tres
1728 5543 1907 5586 autem

325 5597 510 5654 annos
536 5610 712 5668 natus.
758 5597 866 5653 Deo
890 5599 986 5652 fuit
1016 5609 1384 5666 ecusecrutus,
1411 5603 1462 5654 in
1512 5603 1775 5668 principio
1798 5605 1908 5656 sci-

327 5667 657 5740 licelgmagni
674 5668 992 5740 Theodosii.
1018 5688 1036 5722 ι
1064 5671 1158 5724 Est
1174 5673 1260 5726 hic
1277 5667 1588 5740 assumptus
1604 5687 1632 5725 τι
1647 5667 1906 5726 Gratiano

325 5739 386 5794 in
419 5741 856 5810 communionem
898 5739 1112 5810 imperii
1159 5742 1226 5796 M
1275 5739 1435 5796 Febr.
1467 5739 1611 5796 anno
1661 5743 1784 5805 579,
1825 5745 1906 5796 iu-

325 5810 571 5885 dictioue
609 5825 706 5874 vn,
753 5809 994 5884 ideoque
1051 5812 1098 5868 is
1148 5813 1340 5867 tertius
1401 5827 1572 5868 amms
1627 5813 1902 5885 Euthymii

328 5879 684 5936 censebatur.

405 5949 795 6032 (l0)_A_cac_ius
831 5951 1124 6032 episcopus
1185 5949 1469 6018 Melitenaz,
1512 5951 1762 6032 interfuit
1806 5970 1914 6032 _sy-

327 6020 806 6092 nodo'Ephcsinaa
859 6020 1206 6080 tecumeiiicae
1237 6037 1322 6090 ιιι,
1357 6032 1548 6080 contra
1605 6020 1914 6082 Ncstoriu'm

2021 5553 2110 5591 an.
2153 5537 2284 5591 Chr.
2317 5536 2446 5601 451,
2477 5537 2544 5590 tle
2577 5535 2733 5604 cujus
2781 5533 2900 5589 zelo
2950 5529 3091 5586 infra
3127 5545 3285 5604 unm.
3323 5527 3412 5604 δι.
3444 5527 3598 5604 Alius

2018 5607 2256 5675 ejusdem
2310 5599 2566 5662 Ecclesia:
2635 5599 2929 5676 episcopus
2978 5599 3386 5676 Acaciusnaed
3439 5601 3600 5653 annis

2019 5669 2235 5732 centum
2266 5680 2436 5746 prior.
2469 5669 2723 5734 colitur'a
2757 5669 2961 5731 Gr'mcis
2999 5672 3061 5746 δι
3107 5669 3310 5746 Martii.

2090 5747 2203 5820 (ll)
2240 5739 2510 5820 Synodius
2549 5747 2834 5820 successit
2897 5741 3095 5820 Acacio
3151 5743 3203 5820 i_n
3275 5739 3595 5820 episcopatu

2020 5809 2386 5886 Meliténet'isi;
2415 5819 2490 5873 illi
2539 5816 2944 5886 Constantinus,
2985 5809 3422 5886 quisubscripsit
3446 5825 3594 5886 -s_y_n_-

2020 5890 2126 5945 odo
2189 5879 3018 5946 Chalcédonensimzumenicw'
3051 5894 3126 5944 Iv,
3171 5894 3262 5934 an.
3311 5881 3443 5937 Chr.
3469 5879 3594 5937 451.

2025 5959 2250 6030 Synodii
2282 5961 2482 6016 mentio
2511 5957 2572 6014 lit
2599 5957 2738 6013 infra
2771 5968 2920 6012 num.
2942 5950 3006 6008 41
3037 5960 3090 6006 et
3119 5949 3208 6006 55.
