3846 6472
226 495 334 557 003

1436 488 1719 550 MENSIS
1755 487 2217 549 JANUARIUS.

3378 479 3486 544 θοι

226 609 319 663 scd
352 606 679 671 inaffectata,
706 603 1035 668 necessario,
1061 618 1125 658 ac
1145 603 1375 673 simplici
1402 618 1417 655 :
1453 614 1508 657 at
1536 601 1805 656 lau‘titiam

1940 599 2130 673 ιοικίλῃ
2146 599 2241 652 καὶ
2271 596 2507 666 συνθέτῳ
2531 592 2624 647 καὶ
2650 592 2899 663 περιττῇ,
2929 588 3066 643 ἀλλὰ
3088 590 3155 660 τῇ
3175 584 3491 657 ἁπεριέργῳ

225 699 505 766 epularum
527 698 834 768 apponebat
868 696 1063 752 anima:
1096 694 1151 750 in
1183 694 1416 764 eloquiis
1457 692 1712 765 Spiritus.
1740 694 1809 748 Et

227 791 468 845 divinum
499 790 717 860 quidem
741 790 1127 845 ecclesiastica:
1156 789 1356 860 regulae
1389 787 1648 847 officium.
1683 802 1808 840 cum

227 882 526 937 attentione
557 883 756 936 mentis
795 882 1090 952 cordisque
1131 881 1487 941 contritione.
1521 878 1810 950 praefinitis

230 974 518 1046 peragebat
548 975 923 1044 temporibus;
952 990 1066 1029 non
1113 974 1244 1028 risui
1281 982 1337 1028 et.
1377 972 1639 1038 susurris,
1672 972 1813 1027 sicut

231 1066 405 1131 multi,
446 1065 689 1120 animum
739 1065 1028 1129 adhibens,
1081 1064 1177 1119 sed
1214 1072 1271 1119 ut
1306 1064 1396 1133 qui
1459 1071 1661 1118 astaret
1687 1069 1812 1116 ante

230 1159 416 1213 oculos
449 1158 759 1214 communis
795 1157 1008 1212 Domini
1044 1156 1294 1228 regisque
1323 1156 1600 1219 omnium,
1633 1162 1687 1209 et
1718 1168 1815 1209 co-

233 1264 347 1302 ram
374 1248 441 1305 ad
467 1264 530 1304 os
553 1264 678 1304 cum
706 1262 772 1303 eo
800 1248 1134 1318 loqueretur.

306 1530 443 1586 VIII.
504 1531 583 1586 Eo
634 1537 818 1586 autem
883 1539 1128 1599 tempore
1199 1529 1344 1599 quod
1409 1527 1815 1591 intercedebat,

236 1624 383 1680 domi
415 1639 636 1688 vacans,
669 1639 778 1678 non
806 1624 985 1678 otioso
1016 1622 1256 1692 cuipiam
1291 1621 1557 1685 sermoni,
1578 1628 1675 1673 aut
1699 1619 1818 1672 ina-

236 1715 388 1770 nium
445 1729 626 1769 rerum
699 1713 1036 1768 meditationi
1102 1720 1221 1767 erat
1269 1712 1555 1777 intentus;
1624 1725 1817 1767 verum

239 1807 333 1861 Dei
382 1806 552 1877 legem
595 1804 689 1860 ditt
732 1814 1007 1874 noctuque
1048 1805 1435 1868 meditabatur,
1488 1813 1544 1859 et
1584 1803 1817 1857 fructum

238 1914 395 1955 suum
430 1898 485 1952 in
516 1906 759 1968 tempore
788 1898 1071 1957 afferebat,
1117 1896 1268 1966 juxta
1302 1897 1527 1950 arbores
1554 1895 1820 1965 plantatas

1911 695 2006 747 καὶ
2054 689 2329 761 ἀναγκαίᾳ
2360 686 2456 741 καὶ
2482 686 2628 757 ἁπλῇ
2669 683 2954 755 χρώμενος
2976 696 2991 712 ·
3023 680 3085 733 τὸ
3114 680 3173 733 δὲ
3211 677 3492 747 φιλότιμον

1910 786 2012 855 τῆς
2058 783 2270 854 τρυφῆς
2302 785 2348 847 ⁸,
2381 783 2439 834 ὲν
2492 781 2606 841 τοῖς
2656 774 2751 830 τοῦ
2799 772 3114 845 Πνεύματος
3164 770 3367 837 λογίοις
3421 771 3493 840 τῇ

1912 878 2056 950 ψυχῇ
2086 874 2392 946 παρετίθει.
2426 872 2539 925 Καὶ
2568 870 2667 942 τὴν
2708 868 2810 938 μὲν
2838 865 2989 919 θείαν
3022 863 3366 934 λειτουργίαν
3395 860 3494 914 τοῦ

1914 966 2372 1040 ὲκκλησιαστικοῦ
2406 964 2652 1027 κανόνος,
2692 964 2751 1015 ἐν
2806 961 3049 1030 προσοχῇ
3106 955 3347 1017 διανοίας
3398 956 3499 1007 καὶ

1867 1096 1871 1100 -
1917 1061 2175 1133 συντριϐῇ
2228 1059 2474 1130 καρδίας,
2523 1056 2665 1110 κατὰ
2720 1054 2847 1115 τοὺς
2877 1050 3217 1121 ὡρισμένους
3269 1047 3499 1117 καιροὺς

1915 1155 2194 1216 ἐκτελῶν,
2246 1153 2308 1206 οὐ
2367 1152 2569 1220 γέλωτι
2630 1148 2726 1202 καὶ
2785 1141 3104 1215 ψιθυρισμῷ
3163 1140 3304 1194 κατὰ
3368 1139 3498 1203 τοὺς

1920 1246 2150 1307 πολλοὺς
2179 1242 2485 1313 προσέχων.
2516 1238 2633 1295 ἀλλ’
2660 1237 2851 1307 ὥσπερ
2894 1236 2981 1288 ἐπ’
3008 1232 3163 1302 ὄψεσι
3190 1231 3285 1284 τοῦ
3315 1231 3347 1270 ιι
3379 1247 3502 1282 κοι-

1918 1336 2011 1391 νοῦ
2042 1334 2316 1390 Δεσπότου
2369 1332 2465 1385 καὶ
2514 1328 2777 1401 βασιλέως
2832 1327 3050 1380 πάντων
3108 1321 3499 1393 παρεστηκὼς,

1921 1431 2015 1485 καὶ
2052 1408 2201 1497 αὐτῷ
2230 1426 2374 1481 κατὰ
2405 1424 2580 1492 στόμα
2613 1422 3019 1490 διαλεγόμενος.

1990 1536 2073 1594 Η’.
2117 1538 2221 1591 Τὸν
2267 1535 2323 1589 δὲ
2374 1531 2575 1605 μεταξῦ
2624 1529 2814 1601 χρόνον
2859 1524 3001 1581 οἴκοι
3042 1522 3355 1595 σχολάζωνο
3399 1523 3504 1573 οὐκ

1920 1630 2223 1705 ἁργολογίᾳ
2271 1629 2379 1681 τινὶ
2417 1625 2514 1680 καί¹
2550 1622 2796 1694 ματαίων
2837 1619 3041 1691 μελέτῃ
3078 1615 3500 1686 προσκείμενος,

1924 1723 2064 1780 ἀλλὰ
2088 1722 2180 1776 τὸν
2209 1720 2305 1774 τοῦ
2328 1716 2463 1773 Θεοῦ
2495 1717 2659 1783 νόμον
2685 1713 2904 1785 ἡμέρας
2946 1727 3006 1763 τε
3041 1707 3138 1762 καὶ
3171 1706 3366 1769 νυκτὸς
3401 1723 3505 1777 με-

1924 1818 2114 1883 λετῶν,
2141 1816 2236 1871 καὶ
2265 1814 2356 1867 τὸν
2379 1813 2578 1865 οἰκεῖον
2611 1809 2755 1863 κατὰ
2787 1805 2980 1876 καιρὸν
3004 1802 3296 1875 προφέρων
3321 1799 3334 1838 ί
3365 1817 3506 1869 καρ-

1929 1913 2049 1978 πὸν,
2086 1908 2230 1964 κατὰ
2259 1907 2328 1961 τὰ
2353 1903 2735 1975 πεφυτευμένα
2783 1899 2979 1969 δένδρα
3008 1895 3162 1967 παρὰ
3206 1896 3320 1958 τοῖς
3362 1893 3506 1963 ψαλ-

239 1992 304 2046 ad
342 1992 459 2046 illas
489 1991 684 2046 Psalmi
712 1992 916 2061 inquas.
972 1989 1097 2043 Erat
1149 1989 1332 2057 itaque
1377 1998 1591 2058 tempus
1622 2002 1821 2041 excau—

1940 2009 2111 2080 μικοῖς
2178 1988 2359 2059 ὕδασι.
2409 1999 2616 2071 Καιρὺς
2652 1994 2942 2067 τοιγαροῦν
2974 1989 3146 2062 θυμοῦ
3195 1990 3289 2044 καὶ¹
3332 1989 3508 2059 ὀργῆς

239 2084 530 2139 dcscentiae
565 2092 620 2138 et
651 2083 779 2138 irae?
811 2083 908 2137 Ille
940 2098 1071 2137 vero
1099 2081 1538 2135 mansuetudinis
1587 2079 1822 2133 fructum

240 2184 297 2231 et
352 2175 634 2230 charitatis
694 2175 1053 2244 producebat‘.
1100 2172 1304 2228 Aderat
1351 2188 1568 2226 rursum
1613 2180 1826 2242 tempus

242 2268 381 2338 gula:
412 2275 467 2321 et
495 2267 857 2322 deliciarum?
895 2266 977 2320 Illi
1020 2274 1200 2320 autem
1248 2264 1460 2318 fructus
1501 2271 1619 2317 erat
1658 2279 1825 2331 gene-

245 2375 420 2426 rosus,
455 2358 812 2415 continentia.
866 2359 931 2413 Et
984 2359 1160 2413 inanis
1192 2358 1411 2426 quidem
1442 2356 1626 2427 gloriae
1672 2355 1825 2426 cogi-

247 2452 499 2516 tationes,
534 2450 699 2505 animi
748 2450 1154 2517 moderatione;
1198 2450 1436 2520 plurium
1473 2464 1603 2504 vero
1638 2463 1822 2503 rerum

243 2541 616 2611 cupiditatem,
653 2542 955 2598 voluntaria
986 2551 1305 2613 paupertate
1336 2542 1587 2597 vincebat
1616 2560 1628 2594 :
1658 2551 1822 2611 atque

249 2621 320 2686 ita
350 2632 577 2701 singulis
629 2633 920 2690 virtutibus
976 2634 1250 2690 contraria
1279 2633 1541 2689 fundebat
1569 2633 1826 2706 fugabat-

250 2741 358 2795 que
395 2725 547 2781 vitia.

317 2818 406 2873 IX.
450 2818 719 2874 Caeterum
774 2836 839 2876 eo
891 2820 1138 2887 eruditus
1200 2820 1396 2885 modo,
1460 2828 1514 2875 et
1564 2836 1662 2890 per
1707 2834 1831 2875 om-

244 2926 373 2967 nem
425 2913 689 2983 graduum
742 2913 987 2968 ordinem
1049 2928 1408 2984 progressus,
1489 2913 1557 2967 ab
1609 2928 1675 2966 eo
1741 2913 1832 2981 qui

246 3015 380 3062 tunc
419 3000 550 3060 erat
607 3005 875 3060 Melitenae
931 3007 1245 3076 episcopus,
1294 3007 1522 3069 invitus,
1563 3004 1835 3059 'tradcnte

248 3096 400 3154 illum
454 3099 676 3164 virtute,
734 3099 1014 3170 presbyter
1073 3099 1378 3165 ordinatur,
1430 3100 1658 3168 ejusque
1710 3097 1834 3152 ﬁdei

247 3187 603 3243 committitur
667 3204 798 3243 cura
869 3188 1326 3242 monasteriorum
1409 3198 1465 3242 οι
1535 3188 1836 3242 asceterio-

251 3296 371 3333 rum
428 3296 549 3351 quae
598 3281 752 3335 urbis
797 3280 941 3335 illius
977 3290 1153 3334 erant.
1211 3280 1316 3335 Sed
1349 3281 1606 3351 quoniam
1643 3295 1837 3350 magno

247 3374 358 3444 jam
424 3373 552 3429 inde
605 3389 637 3429 a
714 3373 948 3445 pueritia
1019 3374 1311 3429 tenebatur
1373 3382 1579 3430 sanctae
1638 3374 1839 3444 quietis

251 3465 572 3532 desiderio,
624 3467 878 3522 veniebat
950 3466 1169 3521 assidue
1225 3466 1291 3520 ad
1349 3465 1518 3519 divini
1581 3466 1839 3537 martyris

250 3558 523 3631 l‘ulyeucti
554 3558 947 3613 monasterium
988 3559 1124 3628 (12),
1156 3566 1320 3628 atque
1341 3558 1408 3613 ad
1435 3557 1567 3613 illud
1594 3556 1838 3629 Triginta

252 3651 413 3704 trium
463 3650 573 3722 (l5)
639 3660 951 3705 Sanctorum
1010 3657 1367 3721 martyrum,
1409 3660 1465 3705 ct
1521 3650 1839 3721 longissimo

253 3754 495 3813 tempore
516 3744 573 3798 in
607 3743 671 3797 iis
704 3744 1042 3798 versabatur.
1078 3743 1250 3796 Porro
1271 3743 1340 3796 ab
1371 3742 1485 3812 ipsa
1513 3742 1674 3796 etiam
1702 3742 1843 3797 civis

254 3846 360 3892 tate
382 3836 549 3891 semel
581 3836 806 3890 omnino
830 3834 1136 3899 secedebat,
1146 3844 1266 3905 post
1288 3851 1534 3906 magnam
1548 3834 1840 3890 Lumiuum

251 3929 600 3985 festivitatem
644 3928 779 4001 (l4),
823 3937 879 3983 et
914 3928 1205 3999 prmclaros
1234 3929 1565 3999 deeorosque
1593 3926 1843 4000 Jejunio-

252 4043 373 4082 rum
401 4027 517 4081 dies
551 4026 603 4079 in
635 4033 820 4080 monte
848 4023 1155 4094 propinquo
1190 4023 1556 4094 transigebat;
1590 4023 1682 4087 qui
1712 4032 1844 4079 tunc

255 4119 476 4189 quidem
521 4125 642 4172 erat
688 4117 945 4179 solitudo,
977 4124 1033 4171 et
1063 4131 1220 4170 mons
1243 4114 1649 4185 Assumptionis
1677 4129 1844 4169 voca-

257 4221 345 4265 tus
371 4210 550 4265 fuerat
588 4210 658 4265 ab
688 4204 889 4265 accolis
912 4227 927 4277 ;
950 4225 1097 4264 nunc
1124 4219 1306 4265 autem
1332 4207 1727 4262 monasterium
1759 4215 1844 4262 est

256 4318 367 4356 nun
422 4302 710 4375 indignum
769 4302 1151 4370 admiratione,
1209 4299 1538 4356 aedificatum
1594 4299 1844 4370 proxime

255 4393 561 4450 civitatem.

324 4486 394 4541 Χ.
429 4486 567 4542 Cum
592 4486 710 4543 haec
733 4489 805 4543 ita
838 4503 896 4542 se
925 4487 1214 4554 baberent,
1246 4495 1300 4541 et
1328 4486 1404 4540 ita
1433 4486 1545 4557 jam
1572 4484 1666 4540 diu
1697 4492 1845 4539 esset

254 4580 453 4651 quietis
485 4588 696 4635 amator
723 4581 1086 4653 Eutliymius;
1137 4580 1283 4651 quod
1313 4587 1368 4634 et
1403 4589 1608 4634 rectam
1644 4576 1843 4631 animat

1862 3324 1909 3387 C

1928 2099 2025 2173 ἦν·
2058 2103 2085 2155 ὁ
2114 2099 2195 2163 δὲ,
2244 2098 2306 2151 τὸ
2346 2096 2523 2166 πρᾶον
2559 2094 2655 2147 καὶ
2688 2090 2787 2162 τὴν
2838 2087 3062 2156 ἀγάπην
3110 2082 3506 2153 ὲκαρποφόρει.

1928 2189 2382 2263 Γαστριμαργίας
2432 2185 2591 2239 πάλιν
2639 2182 2736 2236 καὶ
2775 2177 2987 2249 τρυφῆς
3037 2176 3238 2244 ἐπέστη
3285 2173 3507 2242 καιρός;

1930 2284 2007 2355 τῷ
2031 2284 2088 2336 δὲ
2120 2280 2330 2353 καρπὸς
2361 2275 2429 2349 ἦν
2461 2275 2713 2345 εὐγενὴς,
2761 2274 2793 2341 ἡ
2852 2270 3171 2339 ἐγκράτεια.
3222 2266 3328 2318 Καὶ
3378 2264 3512 2325 τοὺς

1934 2378 2034 2449 μὲν
2061 2376 2160 2446 τῆς
2194 2373 2356 2441 κενῆς
2386 2371 2545 2438 δόξης
2568 2366 2884 2435 λογισμοὺς,
2925 2358 3381 2431 μετριοφροσύνῃ,
3409 2355 3512 2425 τὴν

1931 2470 1988 2523 δὲ
2011 2468 2120 2522 τῶν
2160 2465 2424 2519 πλειόνων
2470 2458 2789 2528 ἐπιθυμίαν,
2841 2452 3152 2522 αὐθαιρέτῳ
3185 2449 3346 2520 πενίᾳ
3380 2466 3518 2502 κατ-

1932 2558 2263 2633 ητωνὲζετο·
2316 2555 2412 2609 καὶ
2469 2552 2644 2614 οὕτως
2706 2548 2914 2620 ὲκάττῃ
2965 2544 3075 2597 τῶν
3126 2541 3360 2614 ἀρετῶν,
3412 2539 3518 2602 τὰς

1933 2654 2248 2714 ἀντιθέτους
2280 2647 2577 2722 ὲτροποῦτο
2608 2642 2831 2706 κακίας.

2007 2820 2084 2878 9'.
2113 2820 2356 2894 Τραφεὶς
2381 2818 2439 2872 δὲ
2480 2816 2623 2870 οὕτω
2656 2816 2752 2867 καὶ
2779 2812 3113 2883 παιδευθεὶς,
3151 2810 3245 2863 καὶ
3287 2808 3377 2862 διὰ
3402 2808 3516 2861 πά-

1938 2931 2037 2986 σης
2066 2913 2168 2983 τῆς
2206 2910 2317 2964 τῶν
2380 2907 2608 2979 βαθμῶν
2655 2905 2982 2968 ἀκολουθίας
3028 2900 3222 2963 ἐλθὼν,
3271 2898 3381 2953 ὑπὸ
3417 2896 3522 2951 τοῦ

1936 3004 2238 3077 τηνικαῦτα
2278 2992 2378 3072 τῆς
2426 2999 2740 3070 Μελιτηνῆς
2782 2996 3085 3052 ἐπισκόπου
3136 2989 3518 3064 πρεσϐύτερος

1938 3101 2230 3163 ἀκουσίως.
2277 3098 2377 3165 τῆς
2422 3098 2623 3168 ἀρετῆς
2652 3093 2815 3147 αὐτὸν
2849 3087 3288 3161 ὲγχειριζουσης,
3331 3100 3520 3157 χειρο-

1938 3198 2197 3256 τονεῖται,
2244 3191 2337 3245 καί¹
2375 3190 2473 3259 τὴν
2506 3186 2764 3258 φροντίδα
2793 3183 2903 3238 τῶν
2931 3184 3061 3252 περὶ
3096 3180 3194 3252 τὴν
3227 3177 3386 3232 πόλιν
3421 3193 3521 3246 μο-

1939 3284 2246 3357 ναστηρίων
2272 3299 2330 3336 τε
2352 3281 2449 3335 καὶ
2476 3277 2833 3349 ἁσκητηρίων
2861 3273 3201 3328 πιστεύεται.
3233 3267 3375 3323 Ἀλλ’
3394 3267 3525 3321 ἐπεὶ

1944 3378 2109 3442 πόθος
2128 3376 2292 3432 αὑτὸν
2322 3371 2467 3444 εἶχεν
2489 3375 2561 3425 ἐκ
2580 3371 2789 3424 παίδων
2810 3367 2980 3430 πολὺς
3016 3363 3270 3437 ἡσυχίας,
3303 3359 3440 3431 πρδς
3459 3358 3525 3411 τὸ

1942 3470 2037 3524 τοῦ
2070 3468 2218 3522 θείου
2249 3467 2525 3537 μάρτυρος
2552 3459 2894 3515 Πολυεύκτου
2922 3452 3309 3528 σεμνεῖὀν,καὶ
3338 3449 3404 3522 δὴ
3424 3450 3525 3504 καὶ

1942 3563 2002 3618 τὺ
2032 3560 2143 3615 τῶν
2171 3559 2340 3628 ἁγίων
2358 3555 2542 3627 Τριῶν
2567 3554 2661 3607 καὶ
2686 3551 2981 3624 τριάκοντα
2998 3548 3312 3619 μαρτύρων,
3331 3544 3526 3613 ἐφοίτα

1944 3653 2209 3725 συνεχῶς,
2233 3651 2331 3704 καὶ
2356 3648 2448 3701 τὸν
2482 3646 2738 3700 πλεῖστον
2781 3645 2839 3697 ὲν
2886 3643 3072 3705 αὐτοῖς
3112 3638 3350 3710 διέτριϐε
3394 3635 3529 3707 χρό-
3587 3698 3600 3709 ,

1942 3764 2055 3804 νον.
2099 3743 2392 3814 Ἀνεχώρει
2436 3740 2494 3794 δὲ
2541 3739 2636 3794 καὶ
2667 3737 2843 3808 αὐτῆς
2879 3732 3138 3798 καθάπαξ
3163 3734 3264 3804 τῆς
3291 3729 3523 3801 πόλεως,

1947 3838 2087 3911 μετὰ
2126 3838 2226 3907 τὴν
2272 3834 2516 3904 μεγάλην
2540 3832 2649 3886 τῶν
2681 3830 2883 3885 Φώτων
2929 3827 3147 3900 ἑορτὴν,
3173 3826 3269 3880 καὶ
3301 3824 3400 3887 τὰς
3434 3822 3526 3874 εὐ-

1945 3931 2183 4001 κόσμους
2216 3927 2325 3982 τῶν
2349 3926 2614 3997 νηστειῶν
2650 3924 2888 3996 ἡμέρας,
2937 3924 2996 3975 ὲν
3036 3919 3114 3990 τῷ
3146 3915 3375 3987 πλησίον
3404 3914 3525 3984 ὄρει

1944 4023 2157 4094 διήνυεν
2173 4037 2185 4050 ’
2211 4020 2240 4074 ὃ
2267 4020 2388 4073 τότε
2416 4019 2514 4088 μὲν
2536 4016 2775 4087 ἕρημοςὶ
2819 4011 2911 4087 ἦν,
2936 4013 3031 4067 καὶ
3050 4012 3149 4080 τῆς
3170 4006 3526 4077 Ἀναλήψεως

1947 4115 2099 4186 παρὰ
2123 4115 2239 4178 τοῖς
2266 4111 2579 4184 προσοίκοις
2607 4108 2916 4180 ὠνόμαστο,
2945 4105 3040 4159 νῦν
3074 4104 3129 4158 δὲ
3162 4098 3529 4172 μοναστήριόν

1946 4211 2093 4262 ἐστιν
2133 4207 2233 4260 οὐκ
2266 4205 2642 4274 ἀθαύμαστον,
2686 4199 2971 4270 ἐγγυτάτω
3014 4200 3116 4269 τῆς
3142 4195 3351 4259 πόλεως
3384 4191 3529 4263 ᾠκο-

1945 4300 2001 4354 δο
2009 4317 2085 4370 μη
2096 4300 2277 4370 μένον.
3223 4284 3231 4291 ’

2022 4480 2078 4538 ι’.
2122 4480 2280 4534 Ἐπεὶ
2323 4474 2416 4533 οὖν
2466 4476 2675 4542 ταῦτα,
2724 4476 2819 4530 καὶ
2853 4473 3028 4538 οὕτως
3073 4474 3102 4527 ό
3152 4469 3424 4540 Εὑθύμιος
3462 4468 3532 4522 ὲκ

1947 4576 2147 4631 πολλοῦ
2176 4575 2277 4644 τῆς
2311 4572 2545 4644 ἡσυχίας
2588 4567 2656 4644 ἦν
2680 4570 2948 4642 ἐραστής
2992 4568 3021 4621 ὃ
3061 4568 3158 4621 καὶ
3199 4565 3261 4619 τὸ
3288 4562 3534 4618 εὖκατάο

255 4675 373 4744 ejus
403 4674 873 4740 constitutionem,
923 4675 1307 4742 internamque
1359 4672 1633 4726 indicabat
1691 4680 1829 4724 tran-

1952 4686 2148 4723 στατον
2186 4666 2352 4722 αὑτοῦ
2398 4667 2498 4736 τῆς
2534 4663 2736 4733 ψυχῆς,
2790 4662 2887 4716 καὶ
2927 4660 3024 4731 τὴν
3068 4660 3215 4713 ἔνδον
3257 4655 3531 4725 ὑπεδήλου

256 4765 575 4836 quillitatem
596 4809 611 4833 ,
642 4777 793 4821 ratus
820 4766 1276 4821 monasteriorum
1315 4763 1693 4835 prazfecturam
1734 4761 1829 4816 sibi

1948 4761 2193 4830 γαλήνην
2213 4775 2227 4790 ο
2260 4757 2517 4828 ἐμπόδιον
2568 4753 2714 4827 αὐτῷ
2744 4753 2847 4824 τῆς
2871 4753 3073 4824 ἀρετῆς
3112 4746 3252 4805 εἶναι
3293 4749 3529 4819 νομίσας
3562 4788 3574 4796 ρ

254 4857 321 4912 ad
381 4857 634 4913 virtutem
682 4858 880 4912 afferre
930 4856 1404 4926 impedimentum,
1467 4854 1627 4924 fugae,
1661 4853 1732 4905 ita
1779 4861 1829 4906 ul

1950 4852 2050 4921 τὴν
2093 4849 2199 4902 τῶν
2253 4846 2631 4920 μοναστηρίων
2677 4846 3029 4911 ἐπιστασίαν,
3078 4845 3226 4915 φυγῇ
3260 4841 3336 4905 ὠς
3385 4836 3537 4910 εἶχεν

1524 4997 1759 5054 vanus
1815 4994 2223 5056 LECTIONES.
3554 4962 3573 5017 ῖ

323 5185 348 5224 ἀ
381 5187 449 5240 al.
488 5181 575 5257 ἦν.
658 5197 683 5226 ⁸
716 5184 787 5240 al.
825 5186 903 5239 τὸ.
984 5184 1005 5224 ί
1041 5185 1110 5242 al.
1143 5184 1409 5257 εὐμενῶς.
1486 5186 1512 5226 δ
1548 5183 1619 5239 al.
1648 5186 1829 5257 τροφῆη

1954 5183 1981 5222 ιι
2008 5185 2165 5240 abest
2198 5183 2267 5239 ab
2308 5182 2379 5237 al.
2462 5180 2581 5235 ial.
2620 5176 2968 5252 προσφέρων.
3098 5173 3113 5226 i
3161 5175 3232 5230 al.
3267 5171 3500 5243 ἔρημον.

1461 5363 1653 5422 JOAN.
1695 5362 2037 5420 BOLLANDI
2075 5360 2304 5418 NOT/E.

2014 5523 2124 5597 (Li)
2154 5521 2471 5597 Infrannut.
2507 5519 2647 5597 ll_et
2677 5514 2801 5597 103.
2833 5514 3039 5597 Octavo
3066 5514 3156 5568 die
3176 5520 3295 5597 pgs‘t
3331 5510 3536 5597 festum

1940 5581 2228 5648 Luininmn
2264 5590 2371 5645 abit
2406 5590 2457 5643 in
2492 5587 2864 5649 solitudinem,
2915 5595 2970 5639 et
3015 5600 3162 5637 mnu.
3210 5582 3277 5636 68
3310 5592 3364 5635 et
3404 5581 3538 5644 105,

1941 5675 2058 5733 post
2112 5663 2255 5733 diem
2326 5667 2576 5733 octavam
2646 5667 2960 5733 sanctorum
3026 5652 3537 5733 Tlieophanioruni.

1940 5723 2088 5789 llanc
2107 5730 2384 5802 Euthyrnii
2410 5731 2550 5802 piant
2583 5725 3181 5802 secedendiquotannis
3205 5730 3255 5802 i_u
3283 5723 3404 5802 loca
3439 5726 3536 5775 de-

1937 5815 2106 5863 serta.
2146 5791 2593 5856 con§uvtudinem
2618 5808 2744 5852 sunt
2767 5791 2960 5851 imitati
2993 5795 3093 5849 SS.
3139 5795 3334 5857 Sabas,
3357 5791 3535 5863 (ir-ra.

1946 5861 2139 5940 simus,
2164 5873 2471 5939 Qniriacus,
2499 5868 2770 5935 Zosimas,
2791 5869 2856 5923 de
2881 5882 2989 5937 quo
3014 5870 3044 5920 Δ
3077 5864 3299 5934 Aprilis,
3331 5861 3540 5932 aliique

1949 5946 2068 6016 ejus
2097 5944 2339 6013 collegia.

333 5534 442 5603 (l2)
471 5533 657 5587 Graeca
683 5545 786 5584 vox
811 5533 1077 5601 σεμνεῖον,
1102 5531 1277 5585 locum
1300 5544 1513 5585 sacrum
1536 5525 1827 5599 signiﬁcat.

258 5604 526 5658 Ιιιεννριιις
560 5603 945 5657 Inomtsterium
974 5603 1155 5656 vertit.

329 5676 441 5746 (15)
467 5675 540 5728 De
564 5674 649 5746 bis
680 5670 1235 5746 ageuiu_s7_Novetnb.
1267 5669 1381 5746 Dux
1402 5684 1587 5746 eorum
1614 5668 1670 5723 S.
1707 5667 1831 5746 llic-

260 5740 379 5802 roa.
415 5747 536 5800 fuit.
563 5741 842 5812 Templum
868 5744 932 5798 iis
960 5744 1155 5798 ibidem
1187 5742 1425 5812 erexisse
1452 5740 1830 5812 Clit'ysaplritts

260 5817 479 5880 dicitur,
521 5815 572 5868 in
604 5808 790 5869 eorum
827 5813 995 5867 Actis.
1048 5815 1326 5869 Diversum
1372 5810 1421 5865 id
1448 5826 1476 5863 a
1510 5808 1831 5879 S.‘Polyeu-

260 5888 353 5940 eti.
391 5887 652 5940 Henetus
698 5899 861 5936 unum
921 5885 1139 5951 fecerat,
1201 5884 1271 5935 ita
1328 5882 1415 5935 hic
1461 5880 1830 5937 soribeuswt

264 5956 574 6028 longissimo
602 5965 841 6022 tempore
882 5954 933 6009 in
984 5971 1049 6012 co
1093 5954 1430 6012 versabatur.
