3846 6464
297 473 406 540 607

293 587 374 642 eis
415 599 665 642 secessus
720 594 966 656 tempore
1014 601 1028 639 :

297 685 593 734 torrentem
671 677 958 748 quemdam
1027 676 1362 750 praecipitem
1421 693 1484 735 ac
1538 679 1872 752 profundum

295 770 635 830 accedentes.
669 786 918 842 magnam
966 769 1282 842 speluncam
1329 769 1613 828 offendunt
1652 772 1718 826 ad
1775 771 1876 827 bo-

295 863 439 918 reale
488 863 746 917 torrentis
806 862 1190 932 praecipitium,
1245 863 1393 918 velut
1451 864 1607 918 tracti
1656 879 1687 917 a
1739 879 1876 934 qua-

294 957 416 1010 dim
493 969 660 1009 manu
725 954 1049 1008 deducente.
1113 952 1232 1020 Qua
1315 954 1385 1009 de
1459 968 1624 1010 causa
1706 955 1872 1009 laetati

294 1045 513 1110 animis,
557 1055 614 1101 et
643 1045 743 1100 rati
793 1061 904 1099 non
956 1045 1060 1099 hoc
1107 1045 1189 1100 eis
1217 1054 1498 1100 ostensum
1530 1046 1737 1115 absque
1775 1044 1869 1100 Dei

295 1138 566 1200 numine,
635 1137 748 1192 illic
800 1151 953 1191 suam
1017 1135 1226 1191 faciunt
1284 1135 1700 1192 habitationem.
1766 1134 1871 1202 Qui

293 1227 512 1298 quidem
544 1227 698 1282 locus
725 1242 848 1282 cum
877 1237 1023 1282 esset
1043 1227 1196 1297 prius
1221 1226 1458 1283 ferarum
1480 1228 1886 1300 refugium,sa--

294 1335 446 1374 crum
493 1320 756 1389 templum
810 1329 998 1388 postea
1049 1319 1224 1374 evasit
1269 1329 1324 1375 et
1367 1321 1683 1392 angelorum
1714 1319 1871 1374 habi-

294 1411 557 1466 taculum.
590 1411 758 1481 Igitur
787 1411 878 1466 diu
910 1411 1189 1467 latuerunt
1221 1413 1276 1466 in
1301 1413 1583 1482 spelunca,
1605 1429 1706 1469 nec
1729 1415 1870 1469 ullus

292 1503 358 1557 ad
389 1518 484 1556 eos
527 1503 838 1566 accedebat.
885 1503 970 1559 vel
1017 1505 1219 1574 aliquid
1261 1521 1292 1560 e
1347 1506 1510 1561 rebus
1548 1507 1872 1563 necessariis

295 1593 726 1664 itnpertiebatur,
765 1595 861 1649 sed
911 1595 1062 1664 solis,
1097 1611 1216 1665 quae
1241 1596 1349 1651 illic
1389 1597 1604 1653 adﬂata:
1633 1597 1868 1672 fuerant,

295 1685 496 1753 herbis,
552 1695 608 1740 ut
653 1686 868 1752 licebat,
921 1688 1230 1743 alebantur.
1269 1687 1541 1744 Cmterum
1582 1689 1714 1754 Deo,
1750 1705 1871 1746 mea

174 1793 198 1820 ο
293 1777 510 1846 quidem
560 1779 851 1844 sententia,
922 1795 1032 1833 non
1083 1779 1318 1850 amplius
1366 1782 1674 1836 sustinente
1705 1782 1870 1838 celari

293 1884 479 1924 eorum
534 1869 792 1925 virtutem
851 1868 1147 1941 (quomodo
1195 1872 1380 1926 enim?
1430 1873 1870 1944 quandoquidem

1501 472 1786 534 MENSIS
1821 471 2278 535 IANUARIUS.

1095 592 1152 642 et
1218 599 1316 657 per
1385 585 1734 644 solitudinem
1803 586 1873 671 ad

1976 587 2063 642 τὸν
2093 584 2402 660 εἰθισμένον
2425 585 2525 659 τῆς
2549 585 2950 661 ἀναχωρήσεως
2976 587 3162 654 αὐτοῖς
3195 591 3386 662 καιρόν
3404 607 3419 624 ·
3453 595 3550 649 καί

3435 475 3551 541 608

1972 696 2094 733 τινα
2119 678 2208 733 διὰ
2237 679 2336 746 τῆς
2364 679 2573 750 ἐρήμου
2631 677 2934 750 χείμαρρον
2981 679 3281 751 κρημνώδη
3327 684 3424 736 καὶ
3455 683 3550 753 βα-

1977 769 2130 824 θὺν-³
2162 768 2476 841 παριόντες,
2506 768 2996 840 καταλαμϐάνουσί
3017 787 3068 824 τι
3098 771 3366 842 σπήλαιον
3402 773 3546 842 μέγα

1977 859 2111 932 πρὸς
2139 860 2218 932 τῷ
2255 859 2484 931 βορεινῷ
2527 859 2620 913 τοῦ
2660 859 2966 932 χειμάρρου
3009 860 3262 934 κρημνῷ,
3295 863 3551 933 καθάπερ

1973 949 2078 1004 ὑπό
2125 968 2271 1016 τινος
2303 951 2608 1023 ὁδηγούσης
2649 953 2834 1025 χειρὸς
2881 952 3187 1025 ἑλκόμενοι.
3261 953 3550 1019 Ἦσθέντες

1973 1038 2067 1097 οὖν
2095 1046 2182 1097 ἐπ’
2213 1042 2363 1114 αὑτῷ
2398 1043 2500 1108 τὰς
2545 1043 2746 1114 ψυχὰς,
2804 1043 2902 1100 καὶ
2928 1045 3030 1099 οὐκ
3056 1044 3210 1099 ἀθεεὶ
3229 1045 3386 1100 τοῦτο
3415 1046 3552 1100 ὐπο-

1972 1134 2260 1205 δειχθῆναι
2304 1137 2488 1200 αὐτοῖς
2521 1137 2866 1207 νομίσαντες,
2928 1137 3108 1191 ἐκεῖσε
3141 1136 3422 1191 ποιοῦνται
3447 1137 3550 1208 τὴν

1973 1226 2464 1298 κατοικίαν.Ὄπερ
2487 1226 2596 1298 ἄρα
2621 1226 2828 1298 θηρίων
2851 1227 3144 1298 καταφυγὴ
3169 1228 3440 1300 πρότερον
3463 1227 3548 1293 ὃν,

1971 1317 2098 1381 ναὸς
2133 1317 2277 1390 ἱερὸς
2301 1319 2525 1388 γέγονεν
2553 1319 2780 1392 ὕστερον
2810 1318 2906 1373 καλ⁸
2947 1319 3243 1389 ἀγγέλωνιι
3283 1337 3552 1392 κατοικη-

1971 1412 2180 1480 τήριον.
2225 1409 2548 1464 Ἐλάνθανον
2580 1409 2681 1481 μὲν
2720 1405 2816 1463 οὗν
2864 1410 2922 1463 ἐν
2954 1409 3033 1480 τῷ
3087 1408 3342 1480 σπηλαίῳ
3385 1409 3551 1481 μέχρι

1973 1501 2193 1565 πολλοῦ,
2227 1503 2322 1556 καὶ
2365 1503 2544 1566 οὐδεὶς
2589 1505 2619 1556 ὁ
2673 1502 3046 1576 παραϐάλλων
3091 1501 3276 1566 αὐτοῖς
3302 1496 3391 1574 ἦν,
3421 1501 3553 1556 οὔτε

1971 1595 2118 1658 τινὸς
2147 1593 2256 1649 τῶν
2296 1594 2436 1658 πρὸς
2464 1594 2658 1666 χρείαν
2688 1594 2830 1660 ὅλως
2855 1593 3152 1661 κοινωνῶν,
3188 1593 3326 1648 sua
3357 1593 3554 1663 μόναις

1972 1687 2093 1748 ταῖς
2124 1685 2609 1758 παραπεφυκυίαις
2647 1686 2798 1757 αὐτῷ
2839 1685 3123 1758 βοτάναις,
3165 1685 3242 1750 ὡς
3270 1681 3552 1755 ἐγχωροῦν

1971 1773 2061 1849 ἦν,
2091 1778 2404 1849 ἐτρέφοντο.
2451 1776 2806 1850 Κρὺπτεσθαι
2842 1779 2900 1833 δέ
2944 1780 3044 1850 τὴν
3085 1778 3313 1832 ἐκείνων
3348 1775 3553 1848 ἀρετὴν

1974 1872 2254 1939 ἐπιπλέον,
2278 1867 2455 1944 οἶμαι,
2470 1872 2565 1926 τοῦ
2583 1872 2718 1926 Θεοῦ
2737 1875 2813 1944 μὴ
2835 1872 3209 1944 ἀνασχομένου
3234 1871 3375 1943 (πῶς
3400 1871 3513 1942 γάρ
3533 1888 3556 1939 ;

292 1978 396 2018 nec
421 1964 560 2017 horti
595 1965 786 2029 clausi,
816 1939 918 2019 nec
947 1964 1114 2019 fontis
1139 1965 1356 2035 signati,
1393 1939 1464 2019 ad
1500 1939 1700 2020 multos
1731 1966 1872 2020 redit

1976 1969 2057 2022 ὅτι
2094 1966 2231 2038 μηδέ
2261 1939 2655 2037 κεκλεισμένου
2684 1939 2889 2036 κήπου,
3090 1939 3271 2036 πηγῆς
3293 1939 3556 2035 ἐσφραγι⁸

292 2057 550 2123 utilitas),
596 2057 691 2112 sed
734 2058 952 2111 volente
992 2058 1176 2127 potius
1225 2072 1320 2112 eos
1349 2057 1470 2111 aliis
1504 2073 1722 2128 quoque
1751 2073 1872 2114 esse

292 2163 512 2204 causam
537 2148 725 2204 Salutis
769 2149 1158 2219 copiosumque
1183 2150 1572 2219 et,communis
1606 2166 1735 2205 usus
1774 2151 1873 2206 bo-

293 2255 446 2304 num,
471 2239 784 2309 hujusmodi
831 2255 921 2296 res
972 2241 1115 2296 circa
1137 2256 1232 2297 eos
1259 2257 1326 2298 ex
1353 2242 1716 2299 Providentia:
1753 2244 1876 2301 dis-

291 2335 613 2405 pensatione
645 2335 861 2390 accidit.

365 2443 508 2502 Xlll.
539 2443 771 2511 Quidam
792 2459 858 2499 ex
877 2444 1090 2501 Lazarii
1128 2445 1338 2517 (ΞΟ-91)
1373 2445 1679 2516 pastoribus
1701 2445 1888 2502 addu-s

293 2545 422 2593 cunt
440 2537 734 2606 aliquando
749 2551 880 2592 oves
891 2536 957 2592 ad
974 2545 1288 2604 torrentem,
1301 2547 1354 2592 et
1371 2538 1564 2592 obtutu
1581 2539 1631 2592 in
1647 2539 1876 2608 spelun-

293 2644 411 2684 cam
444 2630 708 2694 immisso,
739 2629 926 2685 vident
945 2645 1040 2686 eos
1067 2630 1418 2685 imminentes
1443 2631 1642 2702 capiti;
1673 2648 1879 2704 repen-

294 2723 408 2778 tino
435 2733 616 2778 autem
643 2730 702 2778 et
747 2723 966 2779 insolito
997 2725 1196 2780 turbati
1220 2726 1554 2794 spectaculo,
1581 2726 1618 2780 ii
1649 2726 1868 2796 quidem

295 2814 541 2883 protinus
584 2815 638 2869 in
693 2817 870 2888 fugam
907 2827 1109 2888 quanta
1158 2829 1409 2890 poterant
1439 2821 1637 2890 pedum
1674 2821 1879 2875 celeri-

295 2917 404 2962 tate
431 2922 489 2962 se
516 2908 821 2972 dederunt;
846 2908 921 2962 illi
949 2925 1078 2964 vero
1107 2909 1356 2965 timorem
1374 2911 1454 2965 eis
1471 2911 1872 2981 appositissime

295 3001 594 3066 dentientes,
638 3018 770 3057 voce
819 3019 981 3073 quam
1026 3013 1327 3075 potuerunt
1377 3006 1773 3076 benignissima
1816 3015 1874 3061 et

294 3092 572 3146 lenissima
606 3090 723 3147 :Ne
771 3092 1037 3161 timeatis,
1094 3109 1127 3148 ο
1178 3095 1405 3160 fratres,
1469 3096 1751 3158 dixerunt,
1801 3111 1874 3152 ne

296 3183 550 3237 timeatis.
579 3181 712 3237 Nam
743 3183 842 3253 ipsi
869 3199 1086 3253 quoque
1117 3185 1369 3240 homines
1403 3202 1614 3252 sumus,
1653 3189 1870 3244 etiarnsi

1976 2057 2204 2129 σμένης,
2236 2059 2328 2111 ἐπὶ
2358 2057 2588 2122 πολλοὺς
2631 2059 2664 2128 ἡ
2705 2055 2987 2126 ὠφέλεια),
3029 2055 3166 2110 ἀλλὰ
3219 2054 3554 2126 βουλομένου

1977 2150 2179 2220 μᾶλλον
2209 2149 2306 2204 καὶ
2348 2150 2532 2214 ἄλλοις
2589 2151 2862 2222 σωτηρίας
2893 2150 3091 2214 αὐτοὺς
3119 2147 3374 2218 γενέσθαι
3415 2146 3554 2217 πρό-

1975 2258 2161 2312 φασιν,
2193 2242 2289 2295 καὶ
2321 2241 2556 2311 ἄφθονόν
2578 2259 2632 2296 τι
2660 2243 2753 2296 καὶ
2782 2241 3109 2312 κοινωφελὲς
3143 2239 3372 2310 άγαθδν,
3399 2239 3554 2293 οἰκο⁹

1973 2335 2220 2406 νομεῖταί
2247 2351 2299 2388 τι
2324 2335 2563 2390 τοιοῦτον
2591 2335 2720 2408 περὶ
2749 2336 2946 2408 αὐτούς
2965 2350 2983 2368 ’

2047 2443 2149 2501 ῙΓ.
2178 2446 2524 2518 Προσάγουσί
2553 2462 2698 2510 τινες
2724 2444 2833 2498 τῶν
2851 2443 2946 2498 τοῦ
2965 2441 3240 2514 Λαζαρίου
3267 2439 3548 2510 ποιμένων

1971 2540 2042 2596 τὰ
2078 2541 2328 2612 πρόϐατά
2355 2556 2487 2593 ποτε
2527 2537 2606 2608 τῷ
2636 2537 2958 2610 χειμάρρῳ,
3004 2535 3100 2590 καὶ
3135 2533 3274 2606 πρὸς
3312 2533 3374 2587 τὸ
3407 2532 3552 2600 σπή-

1972 2633 2123 2690 λαιον
2153 2631 2506 2694 ἐπιῧαλόντες
2550 2629 2614 2685 τὸ
2659 2630 2900 2701 βλέμμα,
2937 2627 3138 2698 όρῶσιν
3183 2625 3381 2689 αὐτοὺς
3408 2625 3551 2696 ὑπὲρ

1973 2726 2255 2798 κεφαλῆς,
2291 2725 2388 2779 καὶ
2433 2723 2514 2796 τῷ
2557 2723 2741 2794 άθρόῳ
2786 2722 2878 2775 καὶ
2918 2721 3178 2791 ἀσυνήθει
3227 2719 3328 2790 τῆς
3373 2717 3552 2788 ὅψεως

1973 2818 2451 2892 διαταραχθέντες,
2471 2817 2522 2870 οἱ
2544 2816 2642 2887 μὲν
2731 2815 2910 2870 ποδῶν
2935 2810 3082 2885 εἶχον
3103 2811 3267 2876 εὐθὺς
3292 2812 3554 2882 ἔφευγον,

1974 2910 2172 2964 ἐκεῖνοι
2201 2909 2259 2963 δέ
2285 2910 2384 2980 τὴν
2409 2907 2614 2961 δειλίαν
2642 2905 2822 2961 αὐτῶν
2847 2904 3227 2976 ἐμμελέστατα
3253 2901 3556 2972 ἀφαιροῦν-

1973 3020 2086 3070 τες,
2119 3004 2382 3074 προσηνεῖ
2413 3001 2487 3064 ὡς
2514 2995 2658 3070 εἶχον
2680 3001 2748 3071 τῇ
2780 3001 2930 3068 φωνῇ
2967 2997 3062 3052 καὶ
3096 2997 3305 3068 ἡμέρῳ,
3337 2996 3428 3068 Μὴ
3457 3012 3554 3065 φο-

1975 3094 2179 3160 ϐεῖσθε,
2205 3093 2446 3163 ἀδελφοὶ,
2465 3092 2675 3160 ἔλεγον,
2710 3087 3414 3162 μὴ,φο6εῖσθε.”Δνθρωποι
3442 3087 3556 3158 γάρ

1975 3188 2072 3242 καὶ
2103 3187 2260 3241 αὐτοὶ
2279 3197 2319 3252 ο,
2345 3186 2394 3240 εί
2422 3185 2518 3241 καὶ
2545 3185 2632 3239 διά
2662 3183 2763 3246 τάς
2797 3181 3268 3255 ἁμαρτίας-ἡμῶν,
3296 3180 3387 3234 τὸν
3407 3196 3553 3250 παρ-

297 3284 521 3344 propter
543 3284 763 3345 peccata
809 3285 994 3330 nostra
1025 3287 1348 3347 praesentem
1402 3280 1580 3334 locum
1631 3279 1873 3337 habitare

1977 3279 2106 3334 όντα
2131 3279 2298 3333 τόπον
2340 3281 2510 3332 οἰκεῖν
2538 3277 2922 3350 προειλόμεθα.
2949 3276 3084 3330 Τότε
3111 3273 3245 3343 γοῦν
3271 3273 3322 3327 οἱ
3349 3289 3438 3327 ποι
3448 3273 3554 3343 μέ-

296 3367 700 3425 eonstituimus.
722 3367 876 3422 Tunc
905 3384 1034 3441 ergo
1059 3373 1441 3450 pastorcs'ausi
1473 3363 1540 3426 ad
1567 3387 1662 3428 eos
1682 3389 1878 3430 ascen-

297 3462 446 3526 dere,
473 3470 527 3516 ct
560 3462 788 3533 ingressi
817 3462 1153 3533 speluncam,
1189 3481 1352 3535 quam
1389 3465 1490 3536 ipsi
1532 3467 1870 3534 incolebant,

297 3570 422 3610 cum
479 3555 615 3610 nihil
673 3557 898 3613 omnino
953 3557 1292 3613 invenissent
1343 3573 1530 3614 eorum
1578 3575 1698 3631 qua:
1747 3568 1876 3616 sunt

301 3647 454 3702 utilia
483 3649 720 3719 corpori,
757 3649 962 3705 reversi
991 3660 1118 3706 sunt
1146 3650 1302 3706 valde
1333 3651 1689 3716 admirantes.
1718 3653 1875 3711 suis-

297 3755 402 3810 que
425 3740 634 3813 singula
679 3750 1093 3797 enarra-verunt.
1126 3742 1333 3814 Deinde
1358 3759 1468 3798 non
1498 3752 1782 3798 cessarunt
1807 3743 1876 3821 de

299 3840 494 3886 caetero
530 3832 720 3888 incola:
749 3832 958 3888 Lazarii
991 3834 1072 3888 eis
1091 3847 1212 3889 esse
1233 3850 1416 3889 rerum
1444 3834 1874 3906 necessariarum

301 3921 565 3991 ministri;
605 3923 686 3978 sic
719 3915 830 3980 Deo
872 3924 976 3979 ista
1007 3925 1281 3996 sapienter
1329 3934 1388 3982 et
1435 3927 1736 3982 clementer
1761 3926 1874 3982 dis-

303 4020 587 4084 pensante,
621 4021 685 4068 ut
715 4022 768 4068 et
797 4013 898 4083 ipsi
926 4029 988 4070 ea
1036 4015 1302 4071 baberent
1323 4016 1526 4087 quibus
1550 4016 1872 4088 indigebant

1978 3388 2068 3434 νες
2093 3371 2193 3443 τὴν
2217 3371 2293 3434 ῶς
2317 3371 2516 3434 αὐτοὺς
2544 3371 2926 3442 θαρρήσαντες
2959 3367 3168 3431 ἄνοδον,
3197 3365 3259 3418 τὸ
3283 3364 3555 3436 σπήλαιόν

1977 3481 2037 3520 τε
2070 3464 2400 3528 εἰσελθόντες
2430 3464 2565 3534 ὅπερ
2597 3462 2774 3534 ᾤκουν
2804 3461 2978 3526 αὐτοὶ,
3031 3460 3128 3515 καὶ
3187 3458 3356 3530 μηδὲν
3419 3456 3556 3528 μηδ-

1977 3557 2114 3622 όλως
2136 3557 2245 3612 τῶν
2274 3555 2562 3628 χρησίμων
2588 3555 2666 3626 τῷ
2693 3553 2907 3625 σώματι
2935 3553 3250 3626 εὑρηκότες,
3281 3551 3554 3622 ὑπέστρε-

1979 3649 2079 3720 φόν
2102 3666 2162 3702 τε
2202 3647 2409 3718 σφόδρα
2448 3645 2820 3717 θαυμάζοντες
2843 3683 2858 3712 ,
2893 3645 2988 3699 καὶ
3015 3645 3128 3708 τοῖς
3161 3642 3310 3705 ἰδίοις
3343 3641 3555 3695 ἔκαστα

1978 3742 2292 3811 διεσάφουν.
2329 3737 2462 3795 Εἶτα
2486 3739 2547 3794 τὺ
2579 3739 2708 3810 ἑξῆς
2728 3779 2745 3805 ,
2775 3739 2838 3792 οὐ
2882 3737 3123 3792 διέλιπον
3156 3736 3206 3789 οἱ
3234 3733 3328 3788 τοῦ
3363 3732 3555 3798 Δαιτα-

1981 3835 2098 3908 ρίου
2157 3834 2394 3888 διάκονοι
2458 3832 2568 3888 τῶν
2614 3832 2932 3902 ἀναγκαίων
3002 3829 3188 3892 αὐτοῖς
3239 3826 3554 3898 γινόμενον

1979 3926 2120 3981 οὕτω
2148 3925 2242 3986 τοῦ
2274 3925 2411 3980 Θεοῦ
2436 3919 2608 3980 ταῦτα
2637 3923 2818 3994 σοφῶς
2847 3925 2941 3979 καὶ
2977 3919 3381 3994 φιλανθρώπως
3406 3919 3560 3972 οίκο-

1981 4016 2293 4088 νομοῦντος,
2319 4017 2408 4071 ἵνα
2430 4016 2526 4071 καὶ
2555 4015 2713 4069 αὐτοὶ
2737 4007 2812 4068 ὧν
2838 4014 3051 4068 ἐδέοντο
3080 4012 3215 4084 πρὸς
3243 4009 3434 4081 χρείαν
3457 4008 3556 4062 τοῦ

302 4107 371 4160 ad
404 4121 564 4161 usum
591 4107 855 4178 corporis,
903 4116 959 4164 et
1004 4108 1071 4164 iis
1099 4108 1193 4180 qui
1224 4125 1289 4164 ea
1334 4108 1727 4180 largiebantur,
1761 4124 1873 4164 rem

1982 4109 2259 4182 σώματος,
2289 4109 2476 4180 ἔχωσι,
2527 4109 2622 4163 καὶ
2670 4109 2785 4171 τοῖς
2815 4106 3024 4160 τούτων
3075 4101 3443 4174 μεταδιδοῦσι,
3492 4100 3557 4155 τὸ

303 4198 461 4261 longe
513 4198 945 4270 praestantiorem
979 4201 1330 4272 praeberent,
1387 4200 1622 4255 salutem
1651 4199 1873 4254 animae.

1981 4203 2163 4274 πολλῷ
2193 4204 2462 4274 κρεῖττον,
2495 4199 2772 4273 σωτηρίαν
2795 4198 2975 4270 ψυχῆς
3001 4195 3304 4267 παρέχωσι.

375 4309 515 4367 XIV.
555 4310 692 4389 Cum
715 4320 898 4366 autem
922 4311 991 4366 de
1020 4311 1088 4367 iis
1119 4326 1336 4382 quoque
1363 4310 1706 4383 guaesiissent
1737 4310 1873 4366 Pha-

2054 4311 2148 4366 IA'.
2181 4313 2525 4382 Ζητήσαντες
2553 4309 2612 4364 δέ
2641 4301 2772 4380 περὶ
2807 4304 2988 4362 αὐτῶν
3018 4304 3113 4358 καὶ
3147 4303 3196 4356 οί
3226 4301 3324 4372 τῆς
3349 4299 3556 4389 Φαράν,

302 4404 520 4471 ranitaa,
575 4388 639 4460 et
683 4405 1005 4460 didicissent
1046 4404 1138 4460 ubi
1181 4405 1511 4468 habitarent,
1563 4403 1779 4458 assidue
1809 4401 1873 4456 ad

1986 4403 2078 4457 καὶ
2113 4401 2374 4473 μαθόντες
2422 4399 2556 4454 ὅπου
2586 4397 2845 4466 διάγοιεν,
2900 4393 3138 4464 συνεχῶς
3189 4389 3320 4461 παρ’
3358 4388 3558 4451 αὐτοὺς

303 4512 402 4553 eos
425 4497 790 4554 ventitabant.
823 4495 902 4552 Ac
945 4496 1180 4566 primum
1213 4496 1432 4567 quidem
1463 4497 1573 4552 duo
1602 4512 1668 4550 ex
1699 4495 1873 4550 fratri-

1983 4495 2238 4564 ἐφοίτων.
2269 4494 2379 4548 Καὶ
2407 4491 2598 4564 πρῶτα
2630 4490 2730 4560 μὲν
2758 4487 2853 4542 δύο
2894 4485 3004 4539 τῶν
3053 4483 3297 4552 ἀδελφῶν
3351 4480 3558 4578 αὐτοῖς,

302 4589 408 4646 bus
437 4591 506 4646 ad
535 4605 629 4647 eos
655 4589 904 4662 profecti,
932 4589 1170 4644 Marinus
1200 4597 1255 4644 et
1288 4587 1484 4654 Lucas,
1513 4604 1624 4644 non
1649 4588 1873 4659 amplius

1984 4584 2227 4657 Μαρῖνός
2250 4600 2310 4636 τε
2341 4583 2436 4637 καὶ
2463 4582 2678 4644 Λουκᾶς
2703 4618 2718 4644 ,
2761 4576 3172 4649 προσελθόντες,
3208 4573 3562 4662 ὑποστροφῆς

305 4682 504 4738 reverti
549 4683 873 4748 voluerunt;
913 4681 1012 4738 sed
1062 4697 1096 4736 a
1143 4679 1326 4736 verbis
1377 4695 1566 4735 eorum
1597 4689 1652 4734 et
1678 4679 1873 4734 virtute

1989 4651 2150 4732 πάλιν
2189 4675 2444 4746 οὐδεμιᾶς
2491 4671 2864 4745 ἐμνήσθησαν.
2909 4667 3050 4724 Ἀλλ’
3109 4664 3215 4719 ὑπὸ
3243 4663 3352 4717 τῶν
3383 4661 3562 4730 λόγων

307 4776 473 4844 capti,
508 4785 768 4846 tanquam
812 4789 852 4830 π
887 4775 1211 4846 quibusdam
1256 4789 1367 4829 non
1399 4773 1684 4828 fallacibus
1726 4771 1873 4827 Sire-

1989 4769 2168 4825 αὐτῶν
2211 4768 2306 4822 καὶ
2338 4767 2441 4837 τῆς
2480 4764 2718 4836 ἀρετῆς,
2749 4762 2938 4833 ὥσπερ
2985 4757 3092 4813 ὑπό
3120 4773 3284 4810 τινων
3298 4753 3567 4856 ,ἀψευδῶν

308 4865 505 4934 nibus,
544 4882 604 4922 se
628 4845 775 4938 ipsis
821 4845 1046 4924 tradunt
1090 4868 1237 4922 velut
1275 4867 1523 4938 patribus
1568 4873 1624 4921 et
1671 4864 1873 4919 anima-

1989 4861 2257 4935 σειρήνων
2294 4857 2538 4922 ἁλόντες,
2587 4855 2664 4920 ὠς
2698 4853 2974 4924 πατράσιν
3002 4850 3187 4912 αὐτοῖς
3227 4847 3322 4900 καὶ
3371 4845 3567 4938 ψυχῶν

311 4971 430 5010 rum
457 4937 820 5012 curatoribus.
849 4957 998 5024 Quos
1025 4957 1236 5028 supinis
1263 4937 1514 5011 manibus
1535 4969 1766 5026 magnus
1787 4969 1873 5009 ex-

1989 4954 2350 5026 ἐπιμεληταῖς
2391 4947 2618 5012 ἑαυτοὺς
2671 4945 3073 5018 ἐγχειρίζουσιν
3093 4958 3108 4973 ·
3133 4938 3230 5005 οὓς
3252 4938 3347 4992 καί⁵
3371 4937 3567 5008 χερσὶν

311 5048 523 5118 cipicns
571 5047 918 5120 Euthymius,
965 5049 1022 5104 in
1071 5049 1219 5105 omni
1259 5048 1442 5104 erudit
1467 5047 1718 5102 asceticaa
1756 5045 1873 5102 vita

1990 5049 2018 5102 ό
2043 5046 2218 5118 μέγας
2241 5043 2515 5115 Εὐθύμιος
2541 5038 2762 5103 ὑπτίαις
2789 5033 3210 5104 ὑποδεξάμενος,
3243 5031 3425 5084 πᾶσαν
3469 5029 3570 5081 ἐκ-

313 5141 628 5211 disciplina;
660 5142 796 5197 adeo
817 5141 1095 5212 praeclare,
1132 5151 1193 5196 ut
1220 5141 1387 5197 iidem
1419 5137 1731 5196 consecutis
1759 5145 1873 5209 post

1993 5138 2238 5194 παιδεύει
2280 5135 2555 5191 πολιτείαν
2603 5131 2939 5202 ἀσκητικήν·
2976 5126 3121 5182 οὕτω
3169 5123 3374 5190 καλῶς,
3421 5120 3568 5176 ὥστε

1566 5313 1798 5373 ἾΑΒΙιΕ
1828 5312 2234 5370 LECTIONES.

378 5516 414 5538 ³·
449 5507 519 5562 al.
555 5505 802 5578 κρημνὸν
837 5503 932 5558 καὶ
964 5501 1123 5574 βαθύ.
1195 5508 1225 5538 υ
1261 5500 1505 5574 intellige
1533 5498 1725 5588 ἁγίων.
1802 5509 1822 5529 °
1850 5499 1922 5552 al.
1957 5497 2144 5569 ἡμεῖς.

1527 5633 1720 5742 ιόΑΝ.
1758 5677 2101 5740 BOLLANDI
2139 5677 2371 5736 NOTAE.

320 5841 1063 5981 tu.leus
1087 5839 1300 5898 Lazarii
1349 5839 1618 5898 Palladius
1663 5839 1716 5896 in
1763 5836 2024 5908 Historia!
2056 5835 2316 5895 [.ausiaca
2346 5849 2466 5907 cap.
2530 5832 2653 5890 l03.
2687 5829 2985 5888 Lazariota:
3015 5824 3206 5884 incolae
3225 5824 3344 5896 ejus
3367 5822 3574 5880 dicuno
