3846 6504
314 337 433 403 643

1592 333 1769 395 VITA
1811 332 1874 395 S.
1911 331 2323 394 EUTHYMII.

3488 326 3595 390 (ili

317 418 868 518 Ἀσπέϐετοςδνομα,
898 442 1231 518 Σαρακηνῶν
1259 441 1431 513 φυλῆς
1461 440 1645 514 ἄρχων
1669 458 1904 513 γεγενη-

2018 441 2400 510 Γιιιιιιιε,ι“ιιοι·αι
2434 440 2689 514 princeps
2738 444 2914 499 tribus
2962 442 3384 498 Saracenorum.
3429 438 3596 493 Porro

317 543 498 614 μένος.
523 537 777 610 Διωγμοῦ
802 538 860 591 δὲ
885 536 1036 610 παρὰ
1057 534 1168 590 τῶν
1195 534 1384 605 μάγων
1408 535 1537 605 περὶ
1558 532 1626 587 τὰ
1646 533 1774 605 τέλη
1797 534 1895 604 τῆς

326 633 671 706 ’Ῐσδηγέρδου
696 646 723 673 κ
766 630 1045 703 βασιλείας
1085 629 1228 683 κατὰ
1265 626 1610 700 Χριστιανῶν
1645 627 1903 697 κινηθέν-

313 744 427 791 τος,
472 726 633 800 ἔργον
676 726 874 778 ἐκεῖνοι
924 722 1144 791 θέμενοι
1195 720 1645 783 σπουδαιότατον,
1690 719 1902 783 πάντας

317 820 554 891 θηρᾶσαι
571 816 949 889 Χριστιανοὺς,
964 814 1089 878 τοὺς
1105 813 1197 868 ὑπ’
1211 814 1411 877 αὐτοὺς
1428 811 1672 875 ἅπαντας
1692 810 1903 881 φυλάρ-

316 932 468 984 χους,
500 912 638 966 ἀλλὰ
664 911 730 982 δὴ
760 911 854 964 καὶ
882 909 1047 964 αὐτὸν
1069 908 1422 973 Ἀσπὲϐετον,
1453 906 1705 979 ἀκριϐεῖς
1731 904 1904 973 φύλα·

318 1025 421 1071 κας
462 1004 740 1081 πανταχοῦ
782 1005 905 1067 ταῖς
949 1003 1091 1065 ὁδοῖς
1133 1003 1450 1072 ἐφιστᾶσιν,
1494 992 1648 1068 Egit?)
1695 998 1904 1070 μηδένα

318 1098 658 1171 Χριστιανῶν
710 1097 895 1151 λαθεῖν
947 1095 1278 1166 δυνηθέντα,
1325 1096 1391 1164 τῇ
1421 1092 1709 1165 Ῥωμαίων
1756 1094 1901 1164 ἀρχῇ

320 1192 676 1261 προσφυγεῖν.
715 1190 775 1243 'O
821 1187 954 1258 γοῦν
997 1186 1322 1250 Ἀσπὲϐετος
1377 1179 1567 1251 οὗτος,
1616 1184 1759 1256 ὁρῶν
1805 1186 1903 1256 τὴν

323 1279 522 1350 πολλὴν
552 1269 932 1350 ταύτηνκατὰ
967 1276 1312 1347 Χριστιανῶν
1344 1276 1517 1348 φορὰν
1549 1278 1642 1330 καὶ
1682 1276 1901 1347 μανίαν,

269 1388 272 1391 τ
306 1356 414 1467 ἐκαὶ
443 1367 623 1424 οἶκτον
652 1370 832 1424 αὐτῶν
858 1369 1155 1440 λαμϐάνων
1180 1369 1277 1439 τῆς
1306 1370 1622 1439 συμφορᾶς,
1649 1369 1712 1422 οὐ
1744 1367 1904 1439 μόνον

320 1462 418 1513 οὐκ
445 1463 710 1531 ἀπεῖργεν
734 1463 917 1525 αὐτοῖς
939 1461 1038 1532 τὴν
1061 1460 1261 1532 φυγὴν,
1288 1459 1424 1514 ἀλλὰ
1453 1461 1548 1514 καὶ
1576 1463 1738 1532 χεῖρα
1767 1460 1905 1531 μᾶλ-

321 1553 409 1605 λον
454 1555 716 1623 παρεῖχεν
765 1551 965 1615 ἱκανῶς
1015 1550 1525 1622 συλλαμϐάνουσαν.
1558 1552 1677 1622 Ἐφ’
1703 1547 1784 1616 οἷς
1828 1551 1906 1623 τῷ

324 1643 533 1715 βασιλεί
561 1644 866 1715 διαϐληθεὶς
885 1643 1217 1717 Ἰσδηγέρδῃ,
1245 1646 1339 1698 καὶ
1361 1644 1460 1715 τὴν
1484 1645 1696 1699 ἐκείνου
1724 1644 1908 1709 δείσας

322 1736 612 1802 ἀπήνειαν,
641 1733 739 1803 τὴν
766 1723 953 1786 οὐσίαν
981 1732 1143 1797 εὐθὺς
1175 1734 1269 1787 καὶ
1303 1734 1648 1802 συγγένειαν.
1680 1736 1778 1787 καὶ
1804 1734 1906 1787 Τε-

2007 543 2155 589 mota
2170 535 2282 606 (27}
2306 550 2401 604 per
2428 534 2611 606 Magos
2629 535 2739 608 (28)
2767 536 2910 592 circa
2926 535 3087 591 finem
3118 535 3261 607 regis
3289 533 3597 603 lsdegerdis

2009 629 2393 696 persecutione
2414 629 2676 685 adversus
2698 628 3145 695 Christianos,illi
3170 630 3435 685 ducentes
3460 641 3598 696 opus

2009 736 2130 776 esse
2168 736 2384 776 summo
2424 722 2608 776 studio
2631 726 3096 786 contendendum,
3133 732 3194 777 ut
3224 732 3454 778 cunctos
3503 739 3597 777 vc-

2007 820 2273 868 narentur
2321 811 2709 879 Christianos,
2762 832 2953 872 omnes
3017 817 3256 871 tribuum
3311 817 3598 887 praefectos

2009 902 2233 959 ditionis
2271 918 2404 966 sua),
2432 903 2720 973 ipsumque
2750 901 2915 959 etiam
2970 906 3326 977 Aspebetum,
3356 905 3413 959 in
3469 905 3599 959 dili-

2011 1007 2204 1069 gentes
2252 998 2462 1051 viarum
2495 997 2751 1053 custodes
2804 999 3006 1069 ubique
3067 999 3428 1063 constituunt,
3490 1013 3599 1069 quo

2012 1087 2196 1144 nullus
2226 1085 2570 1143 Christianus
2600 1097 2786 1158 posset
2837 1090 3142 1144 clanculum
3185 1089 3481 1162 confugere
3530 1090 3597 1145 ad

2010 1182 2304 1252 imperium
2330 1181 2728 1236 Romanorum.
2765 1183 2817 1236 Is
2846 1182 3030 1252 itaque
3052 1183 3380 1253 Aspehetus,
3404 1184 3600 1237 videns

2012 1273 2286 1344 ingentem
2325 1272 2466 1327 hanc
2486 1272 2542 1326 in
2571 1269 2916 1328 Christianos
2949 1272 3328 1330 incursionem
3359 1283 3416 1329 ct
3447 1276 3598 1327 insa-

2011 1367 2179 1431 niam,
2216 1377 2420 1448 motus.
2452 1367 2823 1422 misericordia
2865 1381 3057 1422 eorum
3088 1368 3437 1432 calamitatis,
3484 1381 3594 1423 non

2011 1459 2176 1528 modo
2213 1474 2329 1514 non
2378 1459 2665 1529 prohibuit
2693 1458 2897 1531 fugam.
2927 1459 3024 1514 sed
3070 1469 3126 1514 et
3150 1474 3370 1513 manum
3416 1461 3598 1529 potius

2012 1551 2245 1622 praebuit
2265 1565 2376 1605 non
2411 1551 2761 1607 mediocriter
2786 1552 3133 1621 adjutricem.
3162 1551 3279 1618 Qua
3334 1552 3404 1606 de
3436 1567 3598 1606 causa

2012 1653 2301 1699 accusatus
2339 1645 2483 1714 apud
2515 1660 2697 1716 regem
2727 1645 3094 1716 lsdegerdem,
3116 1653 3166 1700 et
3200 1645 3345 1700 illius
3393 1644 3600 1700 veritus

2013 1735 2412 1801 crudelitatem,
2457 1737 2754 1807 assumptis
2784 1737 3037 1806 protinus
3066 1737 3180 1791 suis
3226 1737 3596 1803 facultatibus,

327 1826 537 1895 ρέϐωνα
571 1827 663 1879 τὸν
696 1825 861 1879 παῖδα
895 1824 1252 1898 παραλαϐὼν,
1282 1824 1584 1893 αὐτόμολος
1614 1826 1740 1897 ἥκει
1776 1825 1909 1878 Ῥω-

2018 1842 2136 1882 cum
2163 1827 2407 1898 cognatis
2426 1844 2491 1883 ac
2510 1827 2793 1884 Terebone
2821 1843 3014 1898 puero,
3035 1829 3102 1883 ad
3127 1827 3403 1883 Romanos
3423 1838 3597 1883 trans-

326 1918 528 1989 μαίοις.
553 1917 660 1983 Οὓς
684 1918 976 1987 δεξάμενος
992 1918 1301 1980 Ἀνατόλιος
1337 1912 1516 1989 (οὗτος
1536 1918 1644 1991 γὰρ
1668 1919 1788 1971 τότε
1811 1918 1912 1987 τῆς

335 2011 509 2083 Ἐᾠας
535 2015 841 2084 στρατηγὸς
859 2020 885 2060 1
905 2008 1017 2084 ἦν),
1035 2014 1114 2075 εἰς
1138 2011 1240 2083 τὴν
1259 2010 1316 2064 'A
1326 2011 1509 2081 ράϐων
1519 2028 1579 2065 τε
1589 2009 1910 2077 κατοικίζει,

323 2106 416 2161 καὶ
456 2105 555 2178 τὴν
599 2108 777 2160 ἐκεῖσε
807 2106 1101 2177 Ῥωμαίοις
1150 2103 1388 2175 ὑποτελῆ
1431 2104 1540 2159 τῶν
1583 2104 1914 2175 Σαρακηνῶν

325 2197 632 2270 φυλαρχίαν
667 2199 965 2271 ἐγχειρίζει
994 2198 1072 2269 τῷ
1095 2198 1437 2269 Ἀσπεϐἐτῳ,
1471 2198 1734 2269 ἐχέγγυον
1766 2195 1915 2267 αὐτῷ

326 2290 495 2344 ποιῶν
522 2290 701 2355 οὕτω,
734 2291 828 2344 καὶ
860 2291 1013 2345 δόλου
1046 2290 1460 2361 καθαρεύουσαν
1489 2288 1587 2361 τὴν
1619 2290 1909 2361 ὑποδοχήν.

400 2380 501 2437 ιε’.
535 2382 723 2446 Οὕτως
748 2378 839 2436 οὖν
857 2381 1151 2454 Ῥωμαίοις
1172 2380 1339 2435 αὐτοῦ
1368 2380 1913 2452 προκεχωρηκότος,

331 2475 597 2548 ἐτύγχανε
636 2475 734 2546 μὲν
766 2474 1021 2546 Τερέϐων
1055 2476 1082 2528 6
1116 2477 1279 2540 παῖς,
1317 2474 1423 2538 ἓως
1465 2473 1548 2529 ἔτι
1592 2474 1791 2545 ἄνηϐος
1823 2469 1913 2545 ἦν,

333 2570 429 2623 καὶ
458 2568 619 2621 τοῦτο
650 2567 784 2620 αὐτὸ
817 2564 1019 2636 δηλαδὴ
1054 2568 1183 2629 παῖς
1203 2604 1219 2630 ,
1251 2564 1507 2636 δαιμονίᾳ
1542 2564 1771 2634 πληγεὶς
1810 2563 1918 2633 μά-

331 2646 505 2729 στιγι,
546 2660 714 2731 μέρος
748 2676 807 2712 τε
841 2659 937 2712 τοῦ
976 2657 1229 2730 σώματος
1264 2658 1324 2725 ἐξ
1358 2657 1617 2729 ἡμισείας
1651 2657 1711 2710 τὸ
1743 2654 1917 2723 δεξιὸν

329 2753 465 2825 ἒχων
494 2754 683 2824 ξηρὸν,
713 2754 808 2806 καὶ
834 2755 1047 2824 νεκροῖς
1078 2750 1285 2822 ὅμοιον,
1314 2754 1409 2805 καὶ
1438 2751 1642 2823 ἥκιστα
1669 2751 1914 2823 ἐνεργόν.

329 2845 500 2914 Τοῦτο
538 2846 593 2898 δὲ
632 2844 805 2903 οὕτως
842 2839 990 2915 εἶχεν
1025 2843 1181 2915 αὖτῷ
1217 2843 1327 2897 ἀπὸ
1366 2842 1611 2913 κεφαλῆς
1651 2843 1779 2914 ἄχρι
1821 2860 1917 2897 πο-

330 2938 459 3003 δῶν,
493 2938 634 2992 ῶστε
670 2937 891 2991 καὶτοῦ
925 2938 1136 3009 πατρὸς
1163 2946 1186 2973 ι
1221 2936 1283 2990 τὸ
1317 2936 1453 2989 πολὺ
1486 2935 1586 3006 τῆς
1618 2935 1808 3000 οὐσίας
1839 2936 1919 3000 είς

333 3034 534 3106 ἰατρῶν
579 3031 961 3096 ἀναλώσαντος
1007 3033 1218 3102 χεῖρας,
1262 3030 1417 3083 οὐδὲν
1458 3030 1487 3083 6
1527 3028 1778 3098 Τερέϐων
1820 3029 1920 3099 τῆς

332 3126 557 3182 ἐκείνων
593 3126 851 3180 ἀπώνατο
894 3124 1115 3194 τέχνης.
1145 3122 1300 3175 Ἐπεὶ
1323 3121 1379 3175 δὲ
1418 3123 1497 3185 είς
1522 3121 1620 3193 τὴν
1672 3120 1919 3192 Ἀράϐων

332 3217 684 3291 μετῴκησαν,
723 3219 826 3290 ὁρᾷ
857 3234 910 3270 τι
948 3215 1082 3286 δναρ
1120 3216 1149 3268 6
1175 3217 1325 3281 παῖς,
1364 3217 1458 3268 καὶ
1494 3215 1633 3285 πρὸς
1665 3215 1763 3284 τὴν
1799 3214 1919 3284 ὄᾷιν

329 3309 687 3375 διυπνισθεὶς,
722 3308 799 3380 τῷ
818 3307 983 3380 πατρὶ
1016 3307 1221 3377 ταύτην
1255 3307 1544 3377 διηγεῖται.
1583 3308 1693 3361 Καὶ
1724 3307 1782 3370 ὃς
1818 3309 1920 3361 αὺ-

328 3402 458 3456 τίκα
490 3402 638 3474 μάλα
657 3402 748 3455 τὸν
774 3401 958 3464 παῖδα,
982 3400 1077 3454 καὶ
1107 3401 1334 3463 πολλοὺς
1358 3401 1467 3455 τῶν
1492 3400 1583 3453 ὑπ’
1602 3400 1752 3469 αὑτῷ
1781 3401 1926 3472 Βαρ-

334 3494 543 3566 βάρων,
584 3490 940 3565 παραλαϐὼν,
984 3491 1136 3563 παρὰ
1174 3492 1233 3546 τὸ
1275 3491 1555 3561 Εὑθυμίου
1590 3492 1782 3545 τούτου
1825 3492 1921 3547 καὶ

332 3587 660 3641 Θεοκτίστου
700 3587 963 3660 σπήλαιον
996 3587 1332 3657 ἀφικνεῖται.
1364 3586 1503 3658 Τῇδε
1536 3586 1646 3658 γὰρ
1679 3587 1854 3640 ἐλθεῖν
1884 3588 1915 3657 ἡ

335 3681 569 3749 φανεῖσα
603 3679 727 3749 ὄψις
761 3681 1099 3750 ἐπέσκηπτε.
1131 3679 1271 3736 Τοὺς
1310 3678 1411 3748 μὲν
1440 3674 1534 3732 οὗν
1564 3679 1827 3749 ἀδελφοὺς
1860 3678 1920 3732 τὸ

334 3771 540 3843 πλῆθος
572 3771 804 3839 ἰδόντας,
831 3771 1041 3840 ἀγωνία
1066 3787 1127 3823 τε
1158 3770 1374 3841 εἰλήφει
1404 3769 1499 3823 καὶ
1525 3770 1666 3835 δέος,
1698 3771 1792 3823 καὶ
1821 3770 1921 3824 οὐκ

331 3860 480 3938 εἴχον
509 3865 539 3918 ὃ
567 3882 620 3919 τι
659 3866 757 3918 καὶ
794 3864 1059 3933 γένωνται
1081 3876 1131 3918 ι.
1185 3862 1324 3916 Ἀλλ’
1356 3865 1384 3916 6
1427 3863 1741 3934 μακαρίτης
1788 3863 1919 3916 Θεό-

334 3972 556 4019 κτιστος
587 3956 689 4025 τὴν
718 3954 931 4023 ,δειλίαν
962 3954 1177 4025 ἐκείνην
1205 3952 1455 4007 ἐκϐαλὼν
1487 3954 1667 4007 αὐτῶν
1696 3954 1795 4023 τῆς
1817 3954 1921 4024 ψυ-

335 4052 431 4120 χῆς
450 4090 466 4116 ,
497 4048 714 4104 κάτεισι
745 4046 1094 4121 θαρρούντως
1125 4046 1262 4119 πρὸς
1292 4048 1417 4111 τοὺς
1449 4037 1796 4119 Βαρϐἁρους,
1830 4050 1924 4102 καλ⁸

331 4143 433 4212 τὴν
458 4143 648 4214 χρείαν
673 4143 795 4214 ἥτις
817 4141 845 4181 b
870 4142 1067 4206 αὐτοὺς
1094 4141 1293 4209 ἀγάγοι
1320 4133 1723 4196 διεπυνθάνετο.
1750 4142 1813 4195 Οἱ
1841 4142 1919 4210 δὲ,

336 4231 495 4285 Κατά
523 4232 683 4299 θέαν,
719 4228 873 4287 εἷπον
893 4271 907 4298 ,
938 4232 1148 4302 ἥκομεν
1180 4230 1648 4300 Εὐθυμίου.Καὶό
1678 4232 1918 4303 μακαρί-

336 4338 434 4391 της
488 4322 836 4389 Θεόκτιστος,
880 4321 1023 4376 Ἀλλ’
1044 4322 1273 4383 ἐκεῖνος,
1298 4319 1483 4388 φησίν,
1514 4319 1917 4389 ἡσυχάζεινῦν,

340 4415 434 4467 καὶ
463 4415 564 4470 οὐκ
593 4418 659 4470 ἂν
684 4415 807 4470 οὔτε
838 4416 917 4478 είς
937 4414 1062 4468 θέαν
1089 4410 1233 4465 ἔλθοι
1268 4411 1433 4482 μέχρι
1465 4411 1562 4464 καὶ
1587 4410 1681 4464 τοῦ
1711 4411 1921 4467 Σαϐϐά-

2014 1920 2142 1992 fuga
2174 1923 2344 1978 venit.
2376 1921 2526 1989 Quos
2546 1924 2829 1994 excipiens
2880 1923 3169 1978 Anatolius
3203 1922 3315 1994 (29)
3354 1923 3422 1993 (is
3451 1925 3596 1977 enim

2015 2022 2148 2069 tunc
2186 2024 2307 2069 erat
2345 2017 2636 2085 praefectus
2683 2015 2948 2086 Orientis)
2984 2015 3219 2071 collocat
3256 2015 3312 2069 in
3358 2014 3598 2081 Arabia;

2016 2115 2071 2160 et
2099 2104 2499 2162 Saracenorum
2549 2107 2953 2177 praefecturam,
3007 2123 3129 2178 qua:
3175 2106 3287 2162 illic
3339 2105 3603 2160 Romanis

2016 2200 2259 2265 suberak
2286 2200 2452 2255 tradit
2481 2200 2756 2270 Aspeheto
2785 2218 2800 2269 ;
2844 2201 2923 2256 sic
2955 2200 3224 2256 exhibens
3245 2199 3321 2254 illi
3355 2214 3603 2254 securam

2004 2285 2305 2362 'omnisque
2340 2292 2449 2347 doli
2470 2301 2748 2362 expertem
2781 2293 3209 2362 susceptionem.

2087 2383 2231 2439 XIX.
2255 2382 2394 2440 Cum
2444 2385 2492 2439 is
2523 2400 2650 2457 ergo
2687 2384 2766 2440 sic
2823 2385 2891 2441 ad
2925 2375 3204 2441 Romanos
3257 2393 3603 2448 accessmsct.
3636 2448 3641 2452 _

2016 2492 2155 2548 puer
2203 2475 2422 2546 quidem
2464 2466 2698 2542 Terebo,
2735 2477 2865 2531 dum
2921 2484 3068 2532 esset
3103 2477 3286 2532 adhuc
3329 2475 3604 2545 impubes,

2017 2579 2179 2639 atque
2235 2568 2374 2624 adeo
2395 2583 2522 2623 vere
2555 2583 2711 2639 puer,
2743 2583 3039 2638 percussus
3060 2577 3180 2624 erat
3230 2568 3442 2640 ﬂagello
3490 2568 3604 2623 da:-

2017 2661 2218 2727 monis,
2268 2668 2329 2715 ut
2363 2659 2455 2729 qui
2488 2668 2697 2730 partem
2743 2661 2991 2731 corporis
3022 2677 3090 2717 ex
3147 2662 3376 2717 dimidio
3415 2663 3606 2717 dexte—

2018 2768 2134 2807 ram
2176 2753 2412 2808 haberet
2435 2754 2658 2816 siccam,
2683 2754 3020 2824 mortuisqne
3051 2754 3305 2819 similem,
3351 2770 3416 2811 ac
3453 2754 3606 2825 Operi

2019 2844 2246 2898 minime
2294 2844 2568 2908 idoneam,
2598 2843 2714 2899 Hoc
2767 2852 2949 2899 autem
2969 2845 3020 2900 ei
3058 2845 3133 2900 ita
3191 2861 3250 2901 se
3282 2846 3520 2901 habebat
3575 2862 3605 2900 a

2020 2935 2197 3005 capite
2222 2950 2395 3003 usque
2422 2934 2488 2988 ad
2524 2934 2692 3004 pedes
2720 2951 2734 3002 ;
2774 2934 2911 2989 adeo
2936 2943 2991 2989 ut
3038 2934 3165 2989 licet
3194 2944 3345 3005 pater
3370 2935 3603 2990 multum

2023 3026 2337 3081 facultatum
2398 3027 2828 3098 consumpsisset
2872 3027 2927 3081 in
2984 3028 3319 3084 medicorum
3363 3043 3557 3084 manus
3591 3065 3607 3084 .

2023 3119 2234 3173 nullum
2291 3117 2542 3174 Terebon
2600 3134 2669 3174 ex
2697 3126 2813 3174 arte
2862 3118 3077 3174 illorum
3128 3121 3401 3191 acct‘perit
3448 3121 3607 3191 adju-

2020 3221 2289 3268 mentum.
2343 3215 2638 3284 Postquam
2691 3230 2822 3270 vero
2882 3214 3188 3287 migrarunt
3232 3217 3288 3270 in
3328 3216 3604 3281 Arabiam,

2017 3307 2167 3362 videt
2194 3308 2405 3377 puerin
2441 3308 2650 3363 somnis
2679 3309 2904 3379 aliquid,
2937 3319 2991 3364 et
3018 3309 3083 3365 ad
3112 3309 3381 3364 visionem
3411 3325 3607 3379 exper-

2019 3396 2283 3468 gefactus,
2306 3413 2428 3452 eam
2475 3400 2613 3469 patri
2638 3410 2858 3465 narrat;
2895 3399 2987 3469 qui
3015 3400 3152 3455 citra
3180 3399 3344 3453 ullam
3392 3414 3605 3453 moram

2019 3502 2306 3543 assumens
2355 3503 2587 3558 puerum
2625 3490 2936 3559 multosque
2965 3505 3034 3544 ex
3073 3489 3121 3543 ei
3170 3490 3437 3559 subiectis
3473 3489 3605 3544 Bar-

2019 3580 2189 3645 baris,
2222 3583 2402 3653 pergit
2430 3583 2499 3638 ad
2527 3583 2799 3654 Euthymii
2829 3581 2994 3652 hujus
3031 3592 3087 3637 et
3130 3582 3427 3637 Tbeoctisti
3485 3598 3610 3653 spc-

2023 3676 2265 3730 luneam.
2322 3677 2403 3732 Eo
2460 3676 2606 3733 enim
2663 3686 2723 3731 ut
2777 3677 3025 3741 veniret,
3080 3676 3433 3746 prtecipiebat
3486 3692 3608 3746 quae

2021 3779 2350 3841 apparuerat
2402 3771 2561 3826 visio.
2605 3770 2781 3840 Atque
2833 3770 3028 3825 fratres
3068 3769 3287 3839 quidem
3321 3809 3336 3835 ,
3399 3778 3604 3823 tantam

2022 3863 2433 3918 multitudinem
2476 3862 2744 3927 videntes,
2803 3862 3276 3918 invasitanxietas
3303 3872 3359 3917 et
3405 3871 3607 3930 metus,

2022 3972 2127 4011 nec
2169 3966 2516 4026 compertum
2566 3956 2861 4022 habebant,
2909 3956 3174 4026 quidnam
3207 3972 3267 4010 se
3310 3955 3487 4011 ﬁeret.
3537 3954 3609 4010 At
3710 4010 3714 4019 ,

2024 4049 2219 4104 beatus
2241 4048 2611 4113 Theoctistus,
2651 4049 2829 4117 eiecto
2856 4065 2920 4104 ex
2955 4065 3147 4104 eorum
3185 4049 3384 4104 animis
3409 4050 3608 4105 timore

2024 4142 2137 4209 illo,
2160 4143 2444 4199 descendit
2463 4144 2690 4198 fidenter
2709 4143 2775 4198 ad
2797 4143 3086 4210 Barbaros,
3113 4152 3168 4199 et
3189 4153 3341 4216 rogat
3358 4160 3608 4215 quamam

2024 4233 2327 4290 necessitas
2351 4249 2447 4288 eos
2476 4233 2810 4288 adduxisset.
2838 4235 3261 4304 Responderunt
3288 4234 3364 4287 illi
3394 4254 3406 4289 :
3442 4233 3611 4287 Veni-

2025 4340 2149 4378 mus
2177 4324 2245 4378 ad
2287 4324 2578 4379 videndum
2610 4324 2980 4395 Euthymium.
3003 4322 3145 4378 Tum
3197 4325 3393 4379 beatus
3424 4323 3605 4377 Theo-

2024 4416 2217 4468 ctistus
2246 4413 2357 4485 (50)
2384 4416 2487 4468 :At
2517 4414 2625 4477 ille,
2658 4414 2858 4483 inquit,
2888 4429 3037 4469 nunc
3068 4415 3123 4468 in
3159 4416 3608 4484 secessusquiete

339 4525 431 4561 του
462 4511 595 4577 τινὶ,
625 4510 748 4565 οὔτε
787 4509 893 4581 μὴν
913 4507 1050 4571 ὅλως
1082 4506 1162 4569 είς
1196 4503 1430 4575 ὁμιλίαν.
1462 4504 1596 4557 Τότε
1628 4504 1912 4575 λαϐόμενος

2033 4506 2204 4578 degit,
2238 4522 2420 4576 neque
2461 4505 2689 4561 omnino
2716 4520 2889 4576 usque
2922 4506 2990 4561 ad
3015 4506 3313 4563 Sabbatum
3344 4508 3398 4562 in
3425 4508 3608 4578 cujus-

1632 4623 1864 4679 VARIIE
1904 4623 2307 4680 LECTIONES.

411 4748 440 4776 ³
473 4740 545 4795 al.
584 4740 932 4813 Ἰσδιγέρδου.

1037 4750 1068 4791 γ
1097 4740 1168 4796 al.
1204 4739 1553 4813 στρατηγῶν.
1631 4746 1654 4774 ³
1690 4736 1761 4801 al.
1796 4738 1924 4793 add.
1949 4739 2139 4793 αὐτοῦ.
2214 4750 2240 4779 ε
2265 4739 2334 4794 al.
2364 4740 2626 4808 γένοιντο.
2698 4739 2726 4780 δ
2756 4740 2827 4794 al.
2859 4740 3039 4804 εἴτις.

1527 4855 1720 4912 JOAN.
1769 4854 2112 4914 BOLLANDI
2150 4856 2384 4914 NOTAE.

411 4948 523 5020 (‘27)
549 4948 890 5005 Marcellinus
912 4949 963 5004 in
979 4949 1274 5014 Chronico,
1295 4950 1603 5007 Theodosio
1622 4949 1692 5005 IX
1711 4946 1767 5005 e't
1784 4952 1927 5006 Con-

340 5020 539 5074 stantio
559 5020 627 5074 ιιι
648 5036 791 5076 coss.
824 5039 842 5071 ι
862 5020 919 5074 In
937 5020 1159 5076 Perside
1176 5032 1365 5076 contra
1388 5022 1727 5077 Christianos
1743 5038 1927 5090 perse-

342 5091 493 5146 cutio
540 5094 795 5162 desazvit.
820 5110 839 5142 ›
869 5090 919 5145 ls
948 5102 1193 5162 erata-tt.
1240 5093 1340 5145 Cb.
1382 5093 1507 5148 4‘20.
1550 5093 1924 5145 'l‘heoilorrtus

341 5162 435 5215 ιιι».
462 5177 547 5226 ιιι,
583 5176 704 5232 cap.
739 5160 829 5226 38,
863 5161 940 5216 ait
968 5178 982 5215 :
1014 5180 1032 5212 ι
1061 5160 1323 5217 Peritlem
1349 5175 1559 5231 tempus
1585 5162 1714 5232 (quo
1745 5161 1927 5216 Theo-

340 5234 500 5286 tiotus
550 5233 865 5301 patriarcha
914 5234 1224 5287 Alexandro
1271 5232 1576 5287 Antiochiae
1636 5234 1921 5295 successit,

336 5302 482 5370 quod
533 5300 569 5357 8
616 5301 862 5357 Januarii
915 5304 968 5356 in
1015 5300 1137 5356 Vita
1171 5302 1229 5356 S.
1259 5301 1425 5358 Attici
1458 5303 1693 5356 diximus
1718 5303 1920 5356 factum

339 5389 432 5427 an.
462 5373 566 5428 Cb.
611 5374 740 5444 ΩΟ,
793 5382 849 5427 et
877 5373 1003 5428 hinc
1039 5374 1419 5444 confirmatur)
1453 5388 1548 5442 per
1597 5372 1757 5444 idem
1796 5389 1927 5443 ergo

341 5443 939 5514 tempusglsdigerdes,
992 5460 1083 5499 rex
1121 5443 1435 5513 Persarum,
1492 5443 1923 5513 persecutionem

339 5525 530 5567 contra
567 5512 840 5569 Ecclesias
874 5516 1197 5580 concitavit;
1234 5534 1252 5566 ι
1290 5526 1385 5570 aut
1420 5512 1609 5585 potius
1652 5529 1723 5585 co,
1766 5516 1923 5585 senio

341 5585 657 5655 morbisque
694 5585 983 5653 languente
1008 5585 1150 5653 magi
1194 5586 1338 5637 illam
1371 5584 1735 5639 concitarunt.
1761 5584 1834 5637 Ea
1855 5586 1923 5638 ab

343 5654 634 5723 lsdigerdis
666 5657 775 5709 filio
815 5655 1096 5709 Varadaue
1121 5656 1380 5709 atrociter
1397 5664 1727 5723 propagata;
1758 5670 1918 5723 quem

343 5725 467 5778 ideo
495 5726 890 5794 persecutionis
919 5733 1199 5778 auctorem
1231 5728 1476 5779 scribunt
1518 5728 1775 5779 Socrates
1823 5724 1916 5778 lib.

342 5808 439 5858 stt.
459 5810 581 5866 cap.
608 5795 695 5864 18,
724 5807 776 5850 et
805 5794 1138 5865 Nicephorus
1169 5794 1391 5863 lih.xrv,
1417 5811 1536 5865 cap.
1571 5795 1658 5850 l9-

2107 4952 2218 5023 (9-8)
2246 4951 2382 5025 Magi
2425 4952 2481 5006 hi
2518 4951 2779 5025 elementa
2827 4960 2883 5005 et
2938 4954 3191 5025 maxime
3230 4954 3406 5025 ignem
3468 4958 3609 5014 inter

2034 5022 2165 5077 deos
2199 5024 2511 5076 censebant.
2542 5022 2690 5076 lianc
2719 5033 2901 5077 autem
2932 5022 3362 5091 persecutionem
3397 5031 3610 5082 excita-

2032 5104 2161 5146 runt
2218 5095 2320 5146 acti
2377 5094 2427 5146 in
2469 5093 2754 5164 furorem,‘
2784 5103 3069 5163 propterea
3127 5096 3268 5164 quod
3318 5097 3377 5153 S.
3428 5098 3609 5153 Amlas

2032 5166 2274 5235 πυρεῖον.
2306 5166 2418 5218 sive
2445 5160 2906 5235 templumlg'nis,
2952 5160 3230 5231 diruisset,
3281 5178 3339 5221 ut
3385 5168 3451 5222 l6
3480 5168 3608 5224 Maii

2034 5233 2277 5307 dicemus
2306 5245 2358 5289 et
2383 5246 2616 5307 narrant
2661 5233 3118 5307 Theodoretuset
3142 5235 3503 5307 Nicepltorus.

2104 5304 2335 5375 l'22i)!lic
2364 5306 2650 5360 Anatolius
2699 5303 2807 5375 du;
2852 5304 3094 5361 Orientis
3140 5303 3407 5375 Procopio
3448 5311 3542 5364 lih.
3591 5325 3607 5364 ι

2036 5373 2167 5428 Belli
2186 5375 2429 5449 APersici,
2456 5383 2741 5449 at_prtetor
2765 5373 3005 5432 Orientis
3027 5373 3345 5449 Tlte0pltani
3384 5380 3474 5433 lib.
3494 5396 3606 5447 xtv,

2036 5460 2154 5514 cap.
2179 5444 2497 5516 8.7Legatus
2512 5446 2818 5502 Theodosio
2842 5449 3042 5502 missus
3065 5444 3224 5503 estad
3241 5444 3605 5516 Varadanem,

2032 5530 2213 5637 regem
2239 5515 2552 5584 PerSarum,
2588 5531 2710 5572 cum
2742 5518 2941 5573 bellum
2985 5516 3230 5576 Romano
3262 5519 3490 5589 imperio
3518 5515 3604 5574 in?

2034 5595 2089 5637 tu
2118 5596 2269 5637 Isset.

2034 5595 2269 5641 tulisset.

2107 5657 2218 5727 (30)
2255 5656 2351 5712 llic
2396 5660 2451 5732 ξ.
2501 5658 2813 5732 Theoctisto
2865 5658 3122 5732 defuncto
3167 5657 3328 5732 hujus
3375 5659 3608 5717 eoenobii

2032 5727 2376 5797 hegumenus
2402 5729 2525 5799 fuit,
2560 5739 2620 5786 ut
2649 5729 2786 5786 infra
2814 5749 2867 5787 ιι.
2903 5731 3031 5787 102.

3603 5894 3647 5913 δ..
