3846 6466
288 301 396 365 615

1499 300 1786 361 MENSIS
1823 298 2287 363 JANUARIUS.

3448 302 3562 367 6l6

287 432 449 489 quam
517 424 867 487 conspectum
931 425 1195 471 γοηιυνιιε
1239 426 1341 482 081»,
1398 427 1452 473 Cl.
1496 431 1868 488 congressum.

1984 415 2070 470 τοῦ
2102 414 2428 470 Θεοκτίστου
2462 414 2559 484 τῆς
2596 414 2778 484 χειρὸς
2811 414 3210 482 όἋσπέδετος,
3244 417 3559 474 ὕποδείκνυυ

290 511 442 565 'l’unc
492 508 800 579 Aspebetus
845 523 1068 562 manum
1113 507 1418 565 Thcoctisti
1474 510 1865 581 prehendens.

287 600 526 656 ostendit
578 601 627 655 ei
681 599 851 655 ﬁlium
910 601 1263 657 semiaridum
1301 646 1316 670 ,
1356 604 1660 658 ctdcxtera
1714 613 1869 673 parte

288 692 453 747 veluti
488 699 762 747 mortuum
798 710 813 759 ;
863 692 1061 748 deinde
1096 709 1265 764 puero
1301 696 1492 750 annuit
1525 694 1865 766 superciliis;

288 792 343 837 et
373 785 461 838 ille
496 784 785 853 incipiens,
815 800 930 840 rem
965 802 1186 840 omnem
1214 798 1403 842 narrat
1433 788 1647 843 ordine.

359 879 478 933 XX.
519 879 646 950 Fgo,
678 880 871 950 inquit,
906 881 960 935 in
983 881 1224 945 ;Pcrsidc
1256 883 1489 937 amictus
1538 883 1638 937 hac
1691 883 1865 953 plaga.

287 972 582 1040 multisque
637 973 866 1027 medicis
914 981 972 1027 et
1011 972 1236 1043 magicis
1299 974 1510 1028 artibus
1557 974 1866 1035 contritus,

288 1066 421 1119 nihil
461 1064 695 1135 amplius
737 1065 864 1120 inde
902 1063 1112 1119 fructus
1147 1065 1385 1135 percepi,
1437 1064 1544 1118 nisi
1588 1063 1764 1117 solum
1813 1071 1871 1115 ut

290 1159 627 1223 damnarent,
679 1167 734 1214 et
775 1174 885 1212 non
937 1156 1195 1211 haberem
1228 1158 1383 1212 valde
1427 1156 1533 1211 illis
1570 1156 1867 1209 conlidere.

292 1252 498 1306 Deinde
535 1252 623 1305 ubi
663 1252 716 1304 in
764 1252 902 1305 hanc
948 1251 1189 1304 Arabum
1233 1249 1484 1303 venimus
1540 1248 1816 1317 regionem
1852 1288 1867 1311 ,

294 1344 380 1397 hic
434 1357 652 1412 quoque
682 1356 873 1396 rursus
898 1356 1022 1395 eum
1053 1340 1217 1410 priori
1251 1341 1493 1395 luctabar
1540 1339 1867 1401 calamitate,

290 1442 348 1490 et
377 1436 532 1490 malis
565 1436 796 1489 vexabar
825 1434 1114 1489 similibus.
1165 1434 1337 1489 Noctu
1362 1444 1543 1488 autem
1581 1432 1871 1503 aliquando

292 1526 580 1580 attendens
618 1525 747 1579 mihi
787 1525 912 1594 ipsi,
958 1537 1015 1578 et
1047 1524 1401 1579 considerans
1435 1540 1503 1578 an
1558 1540 1785 1593 usquam
1840 1538 1869 1576 a

292 1618 484 1672 morbo
507 1617 743 1685 aliquam
775 1616 1079 1671 invenirem
1115 1617 1490 1671 liberationem
1520 1634 1535 1682 ;
1565 1616 1693 1685 quia
1745 1614 1872 1668 nul-

295 1712 397 1762 lam
429 1725 490 1762 ex
522 1710 724 1763 nostris
758 1709 1047 1763 cernebam
1082 1710 1209 1764 mali
1238 1710 1602 1773 curationem,
1635 1708 1753 1778 ipse
1791 1708 1871 1761 sic

1974 524 2059 561 σιν
2082 508 2231 577 αὕτῷ
2252 507 2345 561 τὸν
2369 507 2505 570 υἱὸν,
2533 507 2799 577 ἡμίξηρον
2827 506 2957 562 ὄντα
2980 518 3027 573 α,
3053 510 3146 563 καὶ
3173 509 3232 563 τὸ
3260 512 3425 582 μέρος
3447 507 3559 568 οἷον

1970 600 2385 671 άποτεθνηκὸτα
2424 601 2486 654 τὸ
2521 600 2696 666 δεξιόν
2721 616 2737 632 ο
2782 597 2899 655 εἶτα
2953 602 3048 655 καὶ
3082 604 3204 666 ταῖς
3243 603 3443 673 ὀφρύσι
3482 606 3560 675 τῷ

1970 692 2126 746 παιδὶ
2183 692 2425 746 ἐπινεύει
2454 708 2468 723 ·
2508 692 2779 759 κάκεῖνος,
2843 691 3190 764 ἀρξάμενος,
3249 695 3561 761 ἀκολούθως

1972 781 2191 837 ἅπαντα
2220 782 2443 855 διεξῄει.

2043 878 2128 931 Κ’.
2185 875 2347 945 Ἐγὼ,
2367 878 2560 947 φησιν,
2587 878 2645 930 ὲν
2672 877 2893 948 Περσίδι
2929 878 3134 950 ταύτην
3149 880 3446 952 δεξάμενος
3462 883 3561 952 τὴν

1973 968 2207 1039 πληγὴν,
2242 969 2338 1023 καὶ
2369 969 2591 1033 πολλαῖς
2625 970 2899 1041 ἰατρικαῖς
2928 987 2986 1023 τε
3015 972 3112 1024 καὶ
3144 981 3406 1041 μαγικαῖς
3432 976 3562 1044 τέχ-

1972 1078 2088 1125 ναις
2115 1061 2491 1134 κατατριϐεὶς,
2514 1062 2666 1115 οὐδὲν
2689 1062 2852 1117 πλέον
2874 1063 3087 1116 ἐκεῖθεν
3109 1065 3526 1137 ἐκαρπωσάμην
3544 1110 3559 1130 ,

1972 1154 2055 1208 ὅτι
2092 1155 2167 1227 μὴ
2199 1156 2259 1209 τὸ
2298 1158 2648 1224 καταγνῶναι
2696 1158 2893 1227 μόνον,
2930 1158 3028 1211 καὶ
3065 1159 3140 1229 μὴ
3177 1160 3383 1229 σφόδρα
3417 1161 3561 1230 ἔχειν

1973 1247 2060 1301 ἐπ’
2078 1249 2309 1313 ἐκείνοις
2340 1249 2583 1319 θαρρεῖν.
2610 1251 2839 1304 Ἔπειτα
2867 1250 2941 1314 ὡς
2970 1252 3050 1315 είς
3079 1251 3441 1323 τὴνἈράόων
3468 1255 3535 1323 ﬁl

1974 1339 2139 1409 θομεν
2168 1333 2392 1411 ταύτην,
2424 1343 2490 1411 τῇ
2526 1342 2772 1413 προτέρα
2804 1342 3082 1395 κάνταῦθα
3112 1343 3272 1395 πάλιν
3301 1342 3561 1396 ἐπάλαιον

1976 1433 2252 1503 συμφορᾷ,
2282 1433 2377 1486 καὶ
2404 1435 2514 1495 τοῖς
2544 1435 2753 1503 ὁμοίοις
2784 1435 3092 1505 ἐϐαλλόμην
3123 1440 3333 1500 κακοῖς,
3367 1436 3561 1497 νυκτὸς

1973 1523 2028 1577 δέ
2060 1542 2191 1578 ποτε
2221 1526 2473 1597 προσχὼν
2502 1526 2727 1598 ἐμαυτῷ
2754 1528 2849 1581 καὶ
2879 1528 3099 1581 σκοπῶν
3124 1528 3177 1581 εἴ
3202 1547 3306 1582 που
3333 1530 3429 1582 τοῦ
3458 1530 3537 1583 πα

1976 1616 2101 1682 θους
2123 1618 2244 1672 τινὰ
2268 1619 2419 1672 λύσιν
2457 1619 2679 1692 ἐφεύρω
2699 1664 2713 1685 ,
2751 1621 2874 1674 ἐπεὶ
2902 1622 3177 1693 μηδεμίαν
3202 1625 3267 1697 ἐκ
3291 1624 3402 1676 τῶν
3428 1637 3557 1692 παρ’

1974 1711 2106 1780 ἡμῖν
2135 1710 2323 1783 ἐώρων
2354 1713 2448 1765 τοῦ
2485 1714 3002 1783 κακοῦθεραπείαν,
3054 1711 3125 1767 Ὦ
3150 1716 3422 1786 Τερέῖων,
3457 1718 3561 1769 αὕ-

291 1817 504 1856 mecurn
568 1801 916 1871 colloqucbar
952 1819 967 1863 ;
997 1800 1044 1857 Ο
1095 1800 1369 1867 Terebon,
1402 1802 1495 1856 ubi
1547 1817 1697 1855 nunc
1738 1809 1873 1855 sunt

1984 1803 2066 1866 τὸς
2099 1804 2236 1876 πρὸς
2270 1805 2507 1876 ἐμαυτὸν
2539 1806 2852 1875 διωμὶλουν,
2888 1807 2992 1860 ποῦ
3030 1809 3127 1861 νῦν
3160 1811 3297 1861 εἰσιν
3334 1810 3390 1863 αί
3428 1810 3562 1881 παρ’

289 1909 411 1964 qua:
435 1894 577 1963 apud
621 1892 840 1949 Gnaeos
892 1904 948 1948 et
971 1892 1165 1949 Persas
1210 1893 1466 1948 feruntur
1499 1892 1781 1947 medicina:
1819 1901 1873 1947 et

292 1988 482 2055 magia:
510 1994 674 2052 artes,
706 2000 1188 2056 acnugac-earum,
1220 1985 1487 2056 vulgoque
1513 1984 1716 2053 iactata
1747 1983 1874 2039 inde

294 2077 502 2132 utilitas
531 2078 553 2130 ?
588 2075 686 2131 Ubi
726 2094 852 2131 vero
905 2077 1304 2147 astrologorum
1340 2077 1648 2147 praestigiae,
1696 2085 1752 2130 et
1786 2091 1877 2130 sa-

290 2182 508 2222 crorum
551 2177 862 2222 nOstrorum
902 2168 1148 2222 conﬁcta:
1193 2168 1762 2237 fabulze,inutilesque
1792 2168 1876 2221 in-

293 2256 654 2312 vocationes?
705 2257 953 2312 Profecto
980 2267 1177 2313 cuncta
1222 2257 1441 2313 fraudes
1475 2267 1683 2313 suntet
1734 2260 1876 2313 risus

296 2346 652 2415 manifestus;
716 2364 838 2418 qua:
880 2348 1037 2414 nihil,
1086 2349 1330 2420 inquam,
1380 2358 1611 2420 possunt
1661 2349 1875 2403 clliccre

294 2438 500 2508 absque
549 2440 937 2492 universorum
975 2437 1183 2509 Opiﬁce
1206 2448 1263 2494 et
1312 2439 1564 2493 Domino.
1617 2439 1712 2493 llis
1748 2454 1877 2508 ergo

293 2531 440 2601 apud
497 2546 583 2586 me
633 2531 796 2586 dictis
837 2546 901 2585 ac
938 2531 1242 2586 dissertatis
1270 2573 1285 2597 ,
1338 2532 1511 2586 Deum
1558 2531 1879 2586 ardentissi-

295 2639 386 2678 me
413 2634 666 2692 precatus
701 2639 844 2687 sum,
870 2632 926 2677 et
963 2623 1033 2677 ab
1057 2638 1123 2679 eo
1157 2622 1285 2693 petii
1313 2639 1342 2677 a
1377 2624 1569 2678 morbo
1604 2623 1878 2677 liberatio-

296 2732 457 2771 nem:
500 2725 663 2785 atque
690 2715 931 2770 vicissim
968 2715 1083 2786 ipse
1128 2716 1404 2787 pollicitus
1442 2732 1562 2772 sum
1613 2731 1876 2787 repensu-

294 2825 413 2864 rum
450 2824 534 2862 me
565 2810 689 2863 vita:
725 2808 1107 2873 mutationem,
1132 2818 1186 2863 et
1214 2808 1584 2863 Christiamnu
1612 2810 1749 2863 fore.
1819 2818 1833 2831 '

366 2902 506 2959 XXI.
572 2903 709 2957 Dum
781 2917 913 2957 vero
983 2902 1101 2957 haec
1160 2911 1366 2967 essent,
1453 2902 1724 2971 talemque
1809 2905 1876 2958 ad

294 2994 469 3049 Deum
555 2992 828 3048 diferrem
912 2993 1390 3064 supplicationem,
1486 2994 1751 3063 paulatim
1822 2995 1876 3049 in

295 3102 550 3142 somnum
581 3086 870 3151 deductus,
900 3086 1037 3140 mihi
1064 3085 1289 3140 videb'ar
1326 3087 1619 3154 quemdam
1652 3100 1878 3141 cernere

296 3182 624 3235 monachum
662 3181 928 3250 promissa
951 3179 1231 3249 densaque
1288 3179 1480 3245 barba,
1542 3181 1655 3250 jam
1714 3160 1947 3233 sene-C

297 3283 545 3332 scentem
575 3281 631 3327 et
664 3272 815 3327 canis
839 3287 1222 3342 conspersum,
1246 3274 1342 3342 qui
1369 3272 1740 3343 interrogabat
1757 3287 1843 3326 me
1859 3315 1875 3338 ,

295 3366 547 3433 quisnam
577 3364 980 3430 essetmorbus,
1002 3364 1261 3434 quidnam
1285 3365 1410 3419 mali
1439 3381 1538 3419 nos
1567 3364 1875 3420 invasisset.

295 3458 544 3526 Cumque
573 3471 674 3527 ego
704 3456 756 3511 ei
787 3456 1039 3511 morbum
1074 3458 1459 3523 ostendissem,
1521 3458 1612 3511 ille
1642 3475 1655 3510 :
1680 3457 1878 3526 Imple-

297 3548 475 3609 bisne,
508 3547 707 3617 inquit,
761 3556 819 3600 tu
872 3562 1215 3617 quaecunque
1264 3547 1376 3602 Deo
1439 3563 1498 3602 es
1551 3549 1880 3619 pollicitus?

294 3640 502 3695 Deinde
531 3655 655 3695 cum
688 3656 788 3709 ego
818 3640 1018 3693 iterum
1080 3641 1478 3709 promisissem,
1508 3658 1596 3695 me
1626 3653 1879 3714 prompto

296 3742 351 3786 et
382 3733 548 3786 alacri
572 3733 756 3787 animo
783 3733 968 3786 orunia
1017 3732 1369 3802 impleturum
1404 3751 1417 3787 :
1476 3735 1607 3805 Ego,
1682 3736 1877 3804 inquit,

297 3838 417 3875 sum
496 3822 839 3891 Euthymius,
881 3822 973 3892 qui
1034 3822 1105 3877 ad
1156 3824 1479 3879 orientalem
1529 3825 1878 3880 solitudinem

298 3914 487 3969 habito
518 3915 573 3968 in
602 3924 844 3969 torrente
908 3916 978 3969 ad
1042 3917 1337 3971 aUstralem
1396 3929 1600 3987 partem
1634 3919 1736 3973 viae
1759 3935 1879 3987 qua:

297 4006 713 4061 llierichuntem
747 4007 898 4063 ducit
953 4009 1079 4073 sito,
1114 4008 1302 4063 decem
1364 4010 1606 4064 millibus
1658 4010 1880 4066 dissitus

298 4116 326 4153 a
352 4096 761 4169 Hierosolymis.
786 4098 842 4152 Si
860 4100 940 4155 vis
957 4116 1086 4171 ergo
1108 4101 1357 4154 invenire
1380 4100 1508 4155 mali
1525 4100 1876 4170 solutionem,

298 4191 422 4245 verti
456 4191 524 4243 ad
554 4207 663 4255 me,
689 4191 785 4255 ait,
827 4200 883 4246 et
908 4206 1006 4261 per
1035 4207 1138 4246 nos
1186 4192 1402 4247 sanabit
1456 4202 1507 4247 te
1561 4193 1725 4249 Deus.
1755 4182 1882 4250 Haec

302 4286 356 4337 in
403 4284 614 4338 somnis
636 4293 923 4354 postquam
952 4283 1228 4348 vidissem,
1272 4299 1560 4354 essemque
1591 4286 1877 4353 excitatus,

294 4376 439 4447 patri
470 4376 652 4430 statim
702 4376 942 4430 narravi.
978 4375 1045 4431 Et
1085 4392 1215 4431 ecce
1245 4378 1502 4432 omnibus
1532 4378 1873 4448 postpositis,

302 4467 430 4533 huc,
468 4478 525 4520 ut
575 4466 739 4537 jussit
804 4467 968 4534 visio,
1004 4467 1259 4522 venimus
1288 4484 1459 4534 nunc,
1528 4479 1688 4539 teque
1719 4472 1878 4526 valde
1912 4522 1956 4576 υ
1984 4466 2100 4555 vso,

299 4571 353 4613 et
380 4559 539 4614 enixe
570 4575 844 4631 rogamus,
901 4568 960 4613 ut
989 4560 1147 4616 nobis
1202 4561 1459 4616 ostendas
1483 4577 1607 4616 vere
1637 4563 1880 4618 divinum

301 4662 355 4705 ct
383 4651 757 4707 admirabilem
804 4652 955 4706 illum
987 4651 1280 4719 medicum,
1335 4654 1429 4724 qui
1480 4669 1576 4725 per
1615 4655 1877 4710 visionem

302 4744 461 4799 nobis
488 4744 764 4799 indicatus
793 4746 915 4800 fuit.

375 4833 541 4888 XXII.
574 4833 704 4891 Haec
756 4838 990 4913 audiens
1045 4839 1238 4895 beatus
1286 4839 1656 4907 Theoctistus,
1685 4851 1739 4895 et
1770 4855 1879 4910 quo

301 4926 464 4980 modo
514 4926 652 4983 visio
723 4938 973 4998 apertum
1028 4931 1122 4986 Dei
1177 4931 1365 5004 gratiae
1420 4939 1564 4987 esset
1616 4932 1874 4987 indicium

300 5018 623 5087 admiratus,
658 5021 956 5094 Euthymio
996 5024 1654 5097 interrumpit'quietem,
1719 5027 1879 5097 eique

303 5110 486 5171 omnia
545 5112 761 5179 ordine,
842 5115 998 5184 pueri
1058 5112 1334 5181 morbum,
1417 5116 1694 5172 neminem
1782 5118 1877 5187 qui

301 5213 522 5260 curaret
569 5206 878 5285 'mventum,
925 5211 1192 5279 promissa
1241 5210 1521 5266 communi
1552 5210 1783 5267 Domino
1808 5211 1913 5266 ab-

300 5314 369 5353 eo
393 5298 558 5365 facta,
599 5315 850 5357 somnum
900 5303 1074 5369 illum,
1134 5304 1401 5359 visionem
1440 5314 1735 5367 ostensam,
1767 5320 1877 5360 uno

300 5395 471 5448 verbo
509 5395 643 5449 nihil
674 5411 782 5451 non
803 5412 870 5451 ac
913 5397 1224 5468 singulatim
1278 5407 1550 5454 recenset.
1607 5396 1709 5463 Qui
1764 5397 1881 5467 ipse

302 5497 522 5553 quoque
547 5499 846 5555 persuasus
890 5499 1007 5540 rem
1055 5486 1203 5542 illam
1228 5486 1415 5543 divino
1466 5486 1578 5559 geri
1616 5486 1876 5565 consilio,

1980 1895 2243 1967 Ἕλλησιν
2271 1898 2615 1968 καὶΠέρσαις
2649 1900 2892 1970 ίατρικαί
2911 1918 2967 1953 τε
3000 1902 3094 1954 καὶ
3126 1887 3357 1972 μαγικαὶ
3376 1906 3447 1965 c‘,
3468 1903 3563 1958 καί

1975 1989 2004 2041 ό
2026 1989 2276 2044 ἐντεῦθεν
2294 1989 2474 2055 ὕθλος,
2503 1992 2597 2044 καὶ
2618 1994 2650 2061 ἡ
2671 1992 3040 2063 θρύλλουμένη
3061 1994 3267 2047 τούτων
3294 1995 3563 2064 ὡφέλειας

1935 2117 1943 2127 -
1976 2081 2082 2135 ποῢ
2108 2082 2163 2136 δὲ
2188 2083 2535 2153 ἀστρολόγων
2559 2085 2615 2136 al
2643 2089 2911 2155 γοητεῖαι,
2937 2086 3030 2139 καὶ
3059 2088 3115 2139 αἱ
3140 2086 3249 2140 τῶν
3273 2090 3563 2162 ἡμετέρων

1979 2172 2343 2244 σεϐασμάτων
2390 2175 2726 2245 μυθοποιίαι,
2771 2177 2867 2230 καὶ
2910 2177 3161 2249 ἀνόνητοι
3207 2180 3565 2251 ἐπικλήσειςς

1982 2266 2186 2328 Ὄντως
2214 2265 2399 2337 ἀπάτη
2419 2266 2595 2319 πάντα
2611 2266 2704 2319 καὶ
2722 2267 2893 2333 γέλως
2920 2269 3192 2339 ἐπιφανής
3212 2286 3225 2299 ·
3254 2271 3405 2324 οὐδὲν
3433 2270 3566 2326 ἄνευ

1976 2357 2070 2410 τοῦ
2098 2357 2209 2412 τῶν
2240 2357 2376 2412 ὅλων
2402 2359 2944 2431 Δημιουργού,φημὶ,
2963 2362 3056 2415 καὶ
3082 2364 3353 2416 Δεσπότου
3379 2364 3569 2421 ἀνύειν

1977 2452 2271 2521 δυνάμενα.
2292 2449 2479 2503 Ταῦτα
2510 2452 2690 2505 τοίνυν
2715 2454 2849 2523 πρὸς
2877 2455 3113 2523 ἐμαυτὸν
3135 2454 3306 2509 εἰπὼν
3330 2458 3421 2509 καὶ
3449 2458 3570 2511 δια-

1978 2543 2209 2615 λεχθεὶς,
2237 2543 2466 2614 ἐδεόμην
2494 2543 2806 2614 θερμότατα
2828 2545 2925 2598 τοῦ
2959 2546 3222 2611 escium).
3251 2548 3568 2620 παράὕτοῦ

1978 2638 2079 2706 τὴν
2112 2634 2207 2689 τοῦ
2249 2636 2455 2699 πάθους
2495 2635 2723 2706 ἐζήτουν
2763 2638 3085 2710 ἀπαλλαγήν
3113 2656 3127 2670 ο
3163 2641 3474 2696 ἀντιδοῦναί
3509 2662 3570 2697 τε

1980 2730 2146 2783 πάλιν
2180 2729 2342 2791 αὐτὸς
2377 2730 2475 2799 τὴν
2510 2729 2605 2782 τοῦ
2655 2730 2771 2800 βίου
2823 2732 3155 2803 μεταϐολὴν,
3198 2736 3292 2788 καὶ
3332 2736 3394 2789 τὸ
3434 2738 3572 2810 Χριο

1982 2822 2196 2885 mm;
2224 2822 2503 2890 γενέσθαι,
2537 2817 2958 2896 ἐπηγγελλόμην
2979 2825 3029 2882 δ.

2054 2912 2181 2968 KA'.
2204 2915 2292 2967 Ἐν
2315 2916 2424 2985 ὅτῳ
2447 2915 2503 2969 δὲ
2536 2915 2705 2969 ταῦτα
2734 2913 2824 2989 ἦν,
2849 2920 2943 2971 καὶ
2976 2920 3237 2991 τοιαύτην
3269 2922 3404 2993 πρὸς
3431 2918 3571 2977 Θεὸν

1982 3007 2285 3080 ἐποιούμην
2313 3010 2412 3081 τὴν
2469 3010 2682 3064 ἱκεσίαν
2714 3023 2759 3076 ε,
2793 3015 2873 3075 είς
2914 3012 3080 3068 ὕπνον
3127 3017 3309 3088 ἠρέμα
3341 3035 3570 3072 κατενε-

1981 3101 2151 3171 χθεὶς,
2177 3101 2393 3157 ἐδόκουν
2406 3105 2528 3159 τινὰ
2565 3106 2820 3177 μοναχὴν,
2844 3106 3013 3177 βαθὺν
3033 3109 3127 3163 τὸν
3151 3110 3392 3179 πώγωνα
3424 3113 3567 3167 καθ-

1986 3194 2226 3261 ειμένον,
2296 3195 2558 3267 γηρῶντα
2595 3199 2721 3269 ἤδη,
2758 3201 2852 3254 καὶ
2900 3201 3116 3265 πολιαῖς
3152 3206 3571 3276 κατηρτυμένον

1981 3291 2136 3361 ὀρᾷν,
2162 3289 2281 3359 ἥτις
2315 3306 2371 3342 τε
2402 3291 2435 3360 ἡ
2467 3292 2622 3353 νόσος
2657 3291 3005 3363 διερωτῶντὰ
3041 3311 3134 3365 με,
3160 3298 3254 3349 καὶ
3283 3297 3335 3349 τί
3376 3298 3436 3351 τδ
3464 3312 3570 3352 κα-

1981 3382 2273 3451 τασκῆνῷαν
2331 3383 2409 3446 είς
2440 3384 2590 3452 ἡμᾶς
2630 3382 2649 3421 ί
2686 3385 2876 3451 κακὸν,
2921 3384 3350 3459 πυνθανόμενον.
3397 3391 3569 3460 Ἐμοῦ

1982 3472 2037 3525 δὲ
2078 3471 2138 3525 τὸ
2163 3472 2335 3536 πάθος
2358 3473 2505 3544 αύτῴ
2538 3473 2934 3541 ὑποδείξαντος,
2966 3479 3194 3543 ἐκεῖνος,
3229 3479 3392 3534 Ἀλλά
3425 3483 3570 3554 πλη-

1984 3569 2119 3636 ροῖς,
2152 3563 2326 3633 εἶπεν,
2360 3568 2521 3631 αὐτὸς
2554 3566 2882 3640 ὅσατῷθεῷ
2913 3573 3261 3642 ὲπηγγείλω;
3298 3573 3432 3628 Εἶτα
3458 3576 3567 3629 πά-

1982 3661 2065 3713 λιν
2097 3660 2230 3730 ἐμοῦ
2272 3663 2368 3713 καὶ
2391 3662 2534 3731 μάλα
2561 3662 2866 3733 προθύμως
2894 3666 3073 3719 πάντα
3097 3666 3408 3738 πληρώσειν
3435 3670 3570 3723 ὕπο-

1984 3754 2273 3823 σχομένου,
2302 3752 2453 3821 Ἐγὼ
2476 3757 2589 3825 εἰμι
2622 3754 2919 3825 Εὕθύμιος,
2947 3759 3075 3828 ἔφη,
3104 3761 3133 3812 ὁ
3157 3761 3293 3831 πρὸς
3308 3765 3375 3834 τῇ
3409 3762 3569 3816 Ἀνα-

1982 3846 2166 3916 τολικῇ
2228 3847 2421 3917 ἐρήμῳ
2457 3850 2512 3899 ἐν
2544 3848 2623 3918 τῷ
2662 3851 2804 3902 κατὰ
2850 3851 2999 3904 νότον
3025 3861 3053 3900 ι
3099 3853 3200 3922 τῆς
3248 3856 3383 3926 πρὸς
3413 3858 3572 3930 Ἰερι·

1983 3938 2183 4008 χοῦντα
2217 3940 2656 4013 όδοῦ,χειμάρῤῳ
2685 3942 2872 4009 οἰκῶν,
2915 3944 3053 3999 δέκα
3103 3947 3299 4013 μιλίοις
3339 3949 3569 4020 Ἱεροσο-

1982 4029 2169 4099 λύμων
2197 4031 2222 4070 1³
2254 4031 2470 4101 διέχων.
2506 4033 2679 4099 Εἴπερ
2740 4031 2832 4088 οὖν
2868 4035 3049 4107 βούλει
3082 4040 3175 4092 τοῦ
3240 4040 3413 4094 κακοῦ
3470 4043 3568 4113 τὴν

1981 4120 2136 4175 λύσιν
2168 4123 2369 4195 εὑρεῖν,
2419 4124 2541 4178 ἐλθὲ
2581 4126 2722 4198 πρός
2771 4124 2862 4198 με,
2896 4131 3051 4200 φησὶ,
3083 4131 3181 4185 καὶ
3231 4133 3377 4187 ίᾶταί
3409 4151 3471 4188 σε
3500 4136 3567 4190 δι’

1983 4215 2140 4284 ἡμῶν
2173 4218 2189 4255 i
2246 4218 2274 4268 ό
2298 4217 2449 4281 Θεὸς.
2490 4217 2677 4273 Ταῦτα
2703 4220 2837 4291 ὄναρ
2892 4222 3038 4287 tam,
3073 4225 3168 4278 καὶ
3200 4224 3565 4292 διυπνισθεὶς,

1978 4307 2280 4379 τῷιπατρὶ
2325 4310 2526 4365 αὐτίκα
2579 4312 2960 4384 διηγησάμην.
3003 4316 3115 4369 Καὶ
3176 4317 3286 4370 ἰδοὺ
3336 4318 3568 4392 δεύτερα

1984 4398 2205 4469 θέμενοι
2232 4402 2430 4464 πάντα,
2493 4401 2569 4465 ὡς
2597 4404 2630 4473 ἡ
2662 4402 2789 4473 ὄψις
2846 4406 3151 4477 ἐπέσκηψε,
3189 4411 3571 4482 κατελάϐομεν

2133 4491 2226 4543 καὶ
2249 4491 2482 4563 δεόμεθα
2502 4494 2687 4564 δέησιν
2727 4497 2871 4551 πάνυ
2907 4499 3115 4570 σφόδρα.
3154 4497 3167 4550 i
3208 4500 3421 4573 θερμὴν
3473 4506 3571 4558 καὶ

1989 4583 2312 4648 σπουδαίαν,
2366 4584 2647 4651 ὑποδεῖξαι
2696 4588 2787 4641 τὸν
2819 4589 2910 4644 διὰ
2956 4591 3056 4662 τῆς
3106 4591 3375 4660 ὀπτασίας
3434 4598 3572 4667 ημῖν

1989 4674 2297 4745 μηνυθέντα
2323 4675 2465 4732 θεῖον
2493 4677 2662 4742 ὅντως
2684 4680 2780 4733 καὶ
2808 4681 3112 4753 παράδοξον
3150 4685 3353 4757 ίατρόν.

2054 4849 2184 4907 KB’.
2202 4850 2402 4907 Τοῦτον
2417 4853 2443 4891 ¹ι
2465 4856 2493 4908 ό
2514 4854 2829 4928 μακαρίτης
2845 4856 3084 4922 ἀκούσας
3103 4858 3446 4931 Θεόκτιστος,
3471 4866 3572 4922 καὶ

1984 4942 2133 5007 ὅπως
2169 4944 2201 5014 ἡ
2234 4942 2355 5014 ὄψις
2380 4944 2580 5013 δεῖγμα
2615 4947 2786 5017 σαφὲς
2822 4943 2893 5020 ἦν
2919 4949 3021 5019 τῆς
3040 4950 3136 5004 τοῦ
3172 4952 3310 5007 Θεοῦ
3340 4957 3570 5026 χάριτος

1985 5035 2305 5104 ἐκπλαγεὶς,
2370 5037 2649 5093 διακόπτει
2674 5040 2774 5112 τὴν
2804 5043 3036 5114 ἡσυχίαν
3064 5044 3142 5116 τῷ
3167 5046 3448 5121 Εὑθυμίῳ,
3471 5053 3570 5106 καὶ

1986 5130 2165 5185 πάντα
2210 5130 2336 5201 ἑξῆς
2370 5132 2537 5202 αὐτῷ,
2574 5132 2669 5186 τοῦ
2717 5134 2907 5199 παιδὸς
2960 5137 3021 5191 τὸ
3075 5139 3270 5205 πάθος,
3314 5144 3412 5216 τὴν
3469 5147 3567 5199 τοῦ

1988 5217 2421 5289 θεραπεύσοντος
2453 5222 2709 5294 ἀπορίαν,
2740 5226 2839 5290 τὰς
2865 5227 3032 5281 αὐτοῦ
3066 5232 3205 5301 πρὸς
3241 5232 3334 5287 τὸν
3385 5236 3571 5290 κοινὸν

1985 5310 2267 5381 Δεσπότην
2294 5311 2651 5381 ἐπαγγελίας,
2697 5316 2866 5370 ὕπνον
2905 5319 3135 5388 ἐκεῖνον,
3168 5323 3269 5394 τὴν
3299 5329 3568 5394 φανεῖσαν

1986 5398 2131 5468 δψιν,
2162 5401 2259 5455 καὶ
2308 5402 2496 5467 ἁπλῶς
2522 5406 2665 5458 κατὰ
2696 5408 2863 5480 μέρος
2901 5412 3109 5468 ἕκαστα
3150 5418 3459 5486 καταλέγει.
3502 5420 3568 5475 ’0

1990 5488 2047 5541 δὲ
2076 5488 2226 5546 θείαν
2252 5494 2371 5548 τινὰ
2398 5496 2459 5549 τὸ
2490 5499 2723 5569 πρᾶγμα
2752 5503 3065 5576 οἰκονομίαν
3095 5510 3187 5563 καὶ
3219 5514 3382 5577 αὐτὸς
3421 5512 3567 5568 εἶναι

1602 5622 1837 5680 VARUS
1861 5623 2269 5685 LECTIONES.

380 5746 401 5773 ε
432 5737 504 5792 al.
540 5736 645 5792 ins.
676 5736 872 5805 οὕτως,
897 5739 969 5793 al.
1002 5740 1193 5805 ὅντως.

302 5803 489 5864 νῶτον.
563 5808 591 5850 ll
621 5808 695 5865 al.
728 5810 835 5865 ins.
860 5803 999 5865 άπὸ.
1078 5811 1095 5852 i
1128 5803 1199 5868 al.
1224 5811 1382 5883 ἐμοῦ.
1422 5803 1475 5864 ’ἱ
1511 5803 1667 5870 abes-ti
1698 5811 1767 5868 ab
1788 5812 1859 5869 al.

1275 5740 1779 5829 εζευρριθιῖέκνξιξ·
1796 5812 1835 5829 ,.
1855 5738 1882 5781 δ
1908 5742 1981 5829 al-
2022 5747 2468 5829 ἐπηγϊελάμηνοέ

1940 5814 1969 5855 κ
1996 5813 2065 5870 al.
2117 5813 2340 5875 τούτων.

2535 5766 2557 5796 ο
2584 5757 2657 5811 al.
2694 5758 2946 5819 ἱκετείαν.
2976 5764 3051 5849 mf
3078 5768 3152 5823 al.
3180 5768 3344 5841 ὑμᾶς.
3428 5773 3455 5814 ⁸
3481 5755 3559 5831 al.
