3846 6466
284 340 388 409 617

1550 342 1721 403 νιΤΑ
1766 342 1823 402 S.
1870 339 2274 403 EUTHlMII.

3429 333 3534 398 διδ

286 454 606 519 πιστεύσας,
642 452 887 508 κάτεισιν
927 450 1129 516 εὐθέως
1164 450 1300 524 πρὸς
1351 451 1476 515 τοὺς
1504 450 1845 524 Βαρϐἀρους,

1984 451 2136 507 tatim
2170 449 2457 506 descendit
2490 448 2558 504 ad
2602 449 2892 515 Barbaros,
2954 456 3010 503 et
3077 446 3394 503 ardentibus
3440 461 3536 515 pro

286 544 379 598 καὶ
405 541 846 615 ύπερευξάμενος
875 540 1090 613 θερμῶς
1119 539 1216 595 τοῦ
1254 540 1459 606 παιδὸς,
1485 542 1580 595 καὶ
1611 542 1866 613 αὐτῷπὸν

284 631 377 686 τοῦ
406 630 642 699 σταυροῦ
665 630 836 684 τύπον
853 628 1152 696 ἐπιϐαλὼν,
1181 629 1244 682 οὐ
1266 629 1454 700 χρόνου
1471 629 1671 701 ’ἐδεήθη
1693 631 1862 696 τινὸς,

285 724 346 776 οὐ
381 721 624 786 πλείονος
653 721 752 792 τῆς
791 721 928 792 πρὸς
977 722 1076 792 τὴν
1111 722 1274 794 εὐχὴν
1326 722 1701 793 προσεδρείας,
1742 723 1864 776 ἀλλ’

286 814 598 888 ἐρρωμένον
631 812 794 870 αὐτὸν
846 814 942 867 καὶ
995 813 1126 881 ὑγιᾶ
1171 812 1420 880 καθάπαξ
1448 811 1469 850 ί
1530 814 1868 886 παραχρῆμα

287 906 603 978 ἐργάζεται.

358 997 450 1050 ΚΓ
451 993 488 1052 ¹.
537 995 917 1066 Καταπλήττει
955 995 1084 1059 τοὺς
1139 995 1458 1068 Βαρϐάρους
1502 995 1565 1050 τὸ
1617 995 1862 1065 γεγονὸς,

289 1089 382 1142 καὶ
439 1089 636 1143 θᾶττον
673 1087 707 1157 ἢ
759 1090 789 1142 ὁ
834 1088 1058 1158 πάσχων
1079 1089 1140 1142 τὸ
1165 1087 1344 1160 σῶμα,
1374 1089 1470 1144 καὶ
1509 1089 1664 1142 αὐτοὶ
1694 1088 1862 1159 θερα-

289 1180 548 1235 -πεύονται
584 1180 684 1244 τὰς
713 1179 924 1251 ψυχάςο
975 1179 1174 1250 μᾶλλον
1204 1180 1263 1235 δὲ
1297 1181 1494 1244 κοινῶς
1529 1181 1714 1235 ἰῶνται
1767 1180 1867 1251 τὴν

287 1274 385 1344 τῆς
417 1273 598 1344 ψυχῆς
630 1273 800 1337 ῖασιν,
857 1272 953 1326 καὶ
1009 1273 1192 1326 πιστοὶ
1256 1272 1572 1343 παραυτίκα
1602 1271 1863 1340 γίνονται.

291 1367 381 1419 Διὸ
407 1366 506 1420 καὶ
537 1369 765 1437 πρηνεῖς
793 1367 881 1418 ἐπ’
906 1365 1138 1435 ἐδάφους
1160 1366 1391 1430 ἑαυτοὺς
1420 1366 1696 1436 ῥίψαντες,
1723 1365 1867 1418 δέον-

290 1477 378 1512 ται
413 1457 512 1528 τῆς
535 1458 697 1528 ἀγίας
729 1459 949 1530 ἐκείνης
983 1458 1183 1529 ψυχῆς,
1218 1457 1358 1512 ὥστε
1386 1460 1453 1529 τῇ
1501 1457 1595 1511 τοῦ
1626 1455 1866 1528 Χριστοῦ

293 1547 547 1616 σφραγῖδι
579 1547 976 1618 σημειωθῖψαι,
1011 1548 1102 1600 καί⁵
1133 1546 1227 1600 τοῦ
1250 1547 1360 1604 τῶν
1393 1546 1736 1618 Χριστιανῶν
1767 1546 1866 1618 μέ-

295 1656 419 1709 ρους
441 1638 738 1710 ἀξιωθῆναι
769 1639 864 1694 καὶ
908 1639 1002 1693 τοῦ
1024 1639 1308 1711 ὀνόματος.

364 1732 489 1784 KA'.
526 1730 748 1794 Πάντως
787 1729 845 1783 δὲ
875 1730 976 1783 οὐκ
1015 1726 1083 1802 ἦν
1117 1730 1310 1802 ἀνδρὸς
1353 1729 1603 1800 φιλοθέου
1636 1728 1696 1783 τὸ
1735 1727 1865 1800 μέλ-

293 1825 403 1878 λειν
427 1824 484 1876 ἐν
514 1825 626 1886 τοῖς
650 1822 934 1886 τοιούτοις.
971 1822 1184 1877 Οὐκοῦν
1221 1820 1344 1876 οὐδὲ
1379 1821 1639 1893 Εὐθυμίῳ
1668 1821 1731 1875 τὸ
1758 1817 1864 1874 ποί-
1892 1802 1939 1862 Β

299 1919 474 1988 ρέιπαν
501 1915 757 1987 μέλλησις
789 1910 876 1986 ἧν.
917 1914 1054 1968 Ἀλλ’
1080 1915 1202 1968 ἰδὼν
1225 1914 1421 1978 αὐτοὺς
1444 1913 1640 1985 καρδία
1667 1911 1864 1984 μᾶλλον

289 2009 326 2079 ἢ
355 2008 583 2079 στόματι.
609 2007 669 2061 τὺ
695 2007 838 2080 ἱερὸν
899 2007 1182 2078 βάπτισμα
1235 2007 1609 2078 αἰτουμένους,
1655 2005 1866 2060 κελεύει

299 2098 520 2170 μακρὰν
553 2106 588 2128 ¹¹³
617 2097 674 2150 ἐν
703 2115 809 2152 τινι
838 2097 930 2151 τοῦ
971 2097 1238 2170 σπηλαίου
1273 2097 1446 2169 γωνίᾳ
1479 2096 1866 2168 κολυμϐήθραν

299 2189 676 2260 σκεδασθῆναι
696 2206 711 2220 ’
741 2189 864 2260 ἥτις
894 2189 991 2244 καὶ
1049 2191 1129 2254 εἰς
1157 2189 1276 2242 τόδε
1305 2187 1498 2262 χρόνου
1536 2188 1686 2260 μένει
1741 2207 1868 2244 συν-

299 2280 592 2352 ισταμένη*
624 2281 837 2345 καὶτὰς
872 2279 1124 2352 συνήθεις
1153 2280 1319 2352 εὐχὰς
1353 2280 1616 2348 ἐπειπὼν,
1644 2283 1740 2336 καὶ
1768 2283 1867 2336 ὃσα

295 2373 458 2444 νόμος
483 2373 572 2428 ἐπ’
591 2373 777 2437 αὐτοῖς
795 2373 1044 2441 τελέσας,
1066 2374 1259 2444 πρῶτα
1288 2374 1388 2444 μὲν
1411 2373 1504 2429 τὸν
1535 2372 1868 2429 Ἀσπέϐετον

301 2465 570 2536 βαπτίζει,
597 2465 804 2536 Πέτρον
832 2465 1230 2538 μετονομάσας,
1253 2465 1384 2536 ἑξῆς
1411 2466 1468 2520 δὲ
1489 2467 1690 2537 Μάριν,
1715 2465 1869 2521 ἀδελ-

299 2559 399 2629 φὸν
427 2557 526 2629 τῆς
555 2558 814 2628 γυναικὸς
853 2558 1185 2612 Ἀσπεϐἐτου
1207 2574 1222 2588 ο
1270 2559 1562 2628 ἐπιφανεῖς
1615 2559 1782 2630 ἄμφω
1809 2557 1870 2612 τὸ

298 2650 474 2719 γένος,
507 2649 721 2722 πλούτῳ
771 2666 831 2703 τε
865 2649 1020 2722 βαθεί
1051 2651 1366 2722 κομῶντας,
1405 2651 1502 2704 καὶ
1537 2650 1752 2704 συνέσει
1775 2651 1870 2706 καὶ

301 2746 468 2815 ἀρετῇ
497 2743 696 2814 μᾶλλον
723 2742 814 2797 τὸν
847 2742 1083 2797 πλοῦτον
1110 2743 1478 2814 κοσμοῦντας,
1521 2741 1554 2813 ἢ
1583 2742 1680 2796 καὶ
1707 2742 1871 2797 αὐτὸν

300 2835 391 2888 τὸν
437 2834 664 2890 πλοῦτον
693 2835 950 2890 ὑπόθεσιν
993 2836 1192 2906 ἀρετῆς
1228 2835 1585 2906 ποιουμένους
1609 2851 1626 2866 ο
1679 2833 1870 2889 ἔπειτα

293 2928 358 2980 δὲ
386 2927 674 2998 Τερέϐωνα
709 2928 802 2981 κα)⁸
854 2927 968 2998 μετ’
1005 2928 1168 2982 αὐτὸν
1201 2928 1328 2992 τοὺς
1357 2926 1577 2990 λοιπούς
1597 2941 1611 2957 ⁶
1655 2925 1747 2990 οὒς
1772 2926 1871 2999 δή-

303 3035 404 3073 που
444 3019 540 3074 καὶ
564 3021 972 3092 τεσσαράκοντα
1018 3023 1146 3093 παρ’
1187 3022 1369 3094 ἑαυτῷ
1420 3021 1707 3093 κατασχὼν
1735 3021 1872 3093 ἠμέ-

306 3128 427 3183 ρας,
458 3112 554 3166 καὶ
592 3113 926 3183 παραινέσας
956 3122 1009 3178 ιι,
1040 3113 1138 3166 καὶ
1190 3113 1288 3184 τὴν
1341 3113 1624 3168 εὐσέϐειαν
1684 3114 1868 3178 αὐτοῖς

300 3201 834 3272 ἑξακριϐωσάμενος,
866 3202 961 3274 καὶ
985 3202 1164 3256 πάντα
1191 3203 1393 3274 τρόπον
1436 3201 1505 3271 τᾲ
1537 3202 1673 3273 πρὸς
1691 3220 1868 3272 σωτη-

305 3291 430 3362 ρίαν
461 3292 675 3365 ἀσφαλῆ
715 3292 959 3363 θέμενος,
990 3293 1215 3364 ἀφίησιν
1249 3295 1308 3347 ἐν
1348 3294 1537 3366 εἰρήνῃ
1562 3312 1576 3326 ο
1606 3293 1871 3365 οὐμενοῦν

317 3382 671 3453 Ἀγαρηνούς,
725 3381 805 3436 ἔτι
849 3381 906 3436 δὲ
957 3381 1080 3436 οὐδὲ
1113 3382 1458 3454 Ίσμαηλίτας
1491 3390 1537 3450 ο,
1593 3382 1728 3436 ἀλλά
1771 3385 1872 3453 τῆς

307 3474 522 3544 Σάρρας
553 3474 874 3542 ἀπογόνους,
924 3472 1022 3527 καὶ
1069 3474 1442 3546 κληρονόμους
1473 3474 1721 3544 ἀψευδεῖς
1773 3475 1872 3545 τῆς

302 3562 664 3631 ἐπαγγελίας,
700 3561 790 3616 διά
827 3561 924 3615 τοῦ
954 3561 1101 3615 θείου
1129 3561 1524 3633 βαπτίσματος.

380 3653 507 3710 ΚΕ’.
556 3652 614 3707 '0
646 3654 832 3724 μέντοι
886 3654 1089 3725 Μάρις,
1119 3655 1149 3708 ὁ
1182 3655 1274 3709 καὶ
1305 3655 1447 3719 θεῖος
1478 3653 1614 3727 πρὸς
1668 3654 1873 3727 μητρὸς

306 3744 386 3816 τῷ
417 3744 713 3815 Τερέϐωνι,
745 3745 930 3800 οὐκέτι
959 3745 1079 3799 οὐδὲ
1135 3746 1352 3818 βλέψειν
1384 3749 1464 3811 είς
1491 3747 1560 3801 τά
1589 3749 1763 3801 ὀπίσω
1796 3749 1877 3800 εῖ-

307 3837 454 3902 λετο,
498 3836 620 3890 οὐδὲ
673 3836 978 3908 ἀποστῆναι
1036 3838 1136 3908 τῆς
1201 3839 1368 3910 μονῆς
1400 3839 1536 3903 ὅλως
1586 3840 1873 3911 ἠνέσχετο·

309 3928 448 3982 ἀλλά
473 3930 650 3983 πᾶσαν
675 3929 1019 4002 καθιερώσας
1052 3930 1194 4003 αὐτῇ
1222 3933 1322 4002 τὴν
1345 3932 1554 3998 οὐσίαν,
1590 3933 1685 3986 καὶ
1708 3932 1880 4003 μικρά

311 4020 379 4072 τὰ
411 4020 467 4073 ἐν
485 4019 562 4091 τῷ
592 4019 781 4091 κόσμῳ
804 4021 984 4077 πάντα
1011 4021 1261 4093 νομίσας,
1293 4023 1388 4077 καὶ
1436 4022 1558 4076 οὐδὲ
1585 4023 1736 4090 ἄξιον
1788 4022 1881 4076 τὸν

314 4111 450 4181 πρὸς
480 4113 619 4166 αὐτὰ
649 4111 812 4167 πόθον
839 4113 1018 4184 ψυχῆς
1046 4113 1298 4182 εὐγενοῦς
1325 4131 1384 4168 τε
1410 4113 1508 4168 καὶ
1536 4115 1880 4185 μεγαλόφρο-

315 4219 374 4254 νο
385 4221 424 4266 ς,
455 4201 575 4274 Θεῷ
614 4204 1016 4273 προσκολλᾶται
1054 4205 1222 4276 μόνῳ,
1250 4205 1346 4258 καὶ
1371 4205 1462 4259 ὑπ’
1492 4204 1640 4276 αὐτῷ
1670 4205 1769 4277 ζῇν
1794 4205 1883 4259 διὰ

316 4295 496 4365 πάσης
525 4294 623 4365 τῆς
646 4295 791 4366 ζωῆς
814 4293 1044 4359 τίθεται,
1077 4295 1154 4367 τῷ
1187 4297 1407 4367 μεγάλῳ
1428 4295 1712 4368 καθηγητῇ
1737 4294 1882 4368 χρώ-

320 4402 500 4455 μενος.

1969 558 2141 614 puero
2179 542 2314 598 fusis
2353 542 2626 611 precibus,
2678 540 2932 611 factaque
2977 555 3142 610 super
3171 538 3322 594 illum
3355 539 3536 594 crucis

1969 635 2156 706 ﬁgura,
2189 650 2296 690 non
2323 634 2501 704 aliquo
2517 648 2654 705 opus
2677 633 2866 688 habuit
2897 642 3158 703 tempore,
3191 645 3301 684 non
3331 630 3538 700 majore

1969 725 2024 780 in
2056 726 2260 782 orando
2291 725 2716 796 perseverantia,
2736 725 2832 779 sed
2864 739 2988 778 eum
3022 724 3291 778 valentem
3325 731 3381 778 et
3419 737 3540 776 om-

1965 818 2100 875 nino
2129 833 2320 873 sanum
2351 817 2534 873 statim
2561 815 2742 872 edicit.

2043 1000 2230 1056 XXII].
2263 999 2512 1056 Perccllit
2542 997 2806 1054 Barbaros
2831 997 2884 1052 id
2913 995 3056 1065 quod
3094 993 3296 1048 factum
3337 990 3532 1052 fuerat.

1963 1102 2023 1148 et
2087 1092 2248 1148 citius
2305 1107 2467 1158 quam
2531 1088 2715 1161 :rgroti
2769 1103 3006 1158 corpus,
3065 1099 3253 1140 eorum
3319 1097 3535 1152 quoque

1968 1193 2229 1241 curantur
2288 1184 2522 1249 animm,
2611 1197 2707 1237 seu
2781 1178 2953 1250 magis
2993 1177 3189 1233 anima:
3243 1174 3534 1231 sanitatem

1968 1273 2332 1329 communiter
2386 1271 2688 1341 accipiunt,
2743 1270 2986 1338 ﬁuntque
3022 1285 3029 1292 ’
3065 1266 3247 1322 statim
3327 1263 3534 1318 ﬁdeles.

1962 1364 2230 1432 Quocirca
2292 1363 2449 1434 proni
2490 1362 2542 1416 in
2580 1361 2754 1416 solum
2808 1357 3156 1429 projicirntes
3202 1369 3296 1421 se,
3345 1361 3538 1423 rogant

1967 1465 2214 1512 sanctam
2265 1455 2412 1509 illam
2468 1453 2726 1519 animam,
2776 1461 2837 1506 ut
2909 1449 3109 1505 Christi
3181 1446 3537 1518 ohsignentur

1965 1547 2274 1618 signaculo,
2349 1555 2667 1616 partemque
2728 1558 2791 1599 ac
2838 1557 3042 1598 nomen
3097 1539 3534 1598 Christianorum

1969 1645 2394 1706 consequantur.

2039 1726 2228 1782 XXIV.
2265 1728 2381 1782 Non
2412 1735 2529 1784 erat
2556 1737 2738 1782 autem
2777 1724 3004 1780 omnino
3030 1723 3131 1779 viri
3171 1721 3248 1793 pii
3275 1730 3330 1776 et
3362 1721 3534 1775 Deum

1966 1822 2217 1884 amantis,
2259 1820 2504 1876 cunctari
2545 1821 2602 1874 in
2635 1819 2797 1875 rebus
2835 1815 3167 1887 huiusmodi.
3195 1814 3382 1884 Neque
3409 1827 3536 1882 ergo

1968 1909 2068 1966 fuit
2094 1909 2381 1982 Euthymio
2409 1910 2518 1964 ulla
2541 1909 2855 1965 cunctatio:
2887 1906 2982 1961 sed
3011 1905 3205 1961 videns
3231 1918 3328 1960 eos
3368 1901 3534 1956 corde

1968 2002 2135 2073 magis
2167 2016 2327 2071 quam
2357 2015 2451 2056 ore
2486 2015 2696 2056 sacrum
2737 1997 3001 2069 baptisma
3054 1996 3347 2067 postulare,
3377 1995 3538 2066 jubet

1969 2108 2190 2164 pawam
2231 2092 2491 2164 piscinam
2523 2092 2578 2147 in
2613 2093 2847 2161 quodam
2901 2091 3174 2161 speluncae
3229 2087 3428 2160 angulo
3471 2103 3537 2141 ex

1970 2191 2214 2255 tempore
2246 2184 2361 2239 ﬁeri
2391 2202 2407 2251 ;
2443 2199 2563 2254 quae
2611 2183 2830 2253 quidem
2889 2197 3061 2253 usque
3123 2181 3181 2235 in
3211 2180 3358 2235 hunc
3393 2179 3534 2235 diem

1969 2276 2250 2344 consistit;
2322 2283 2375 2332 et
2441 2284 2732 2332 consuetas
2806 2275 3083 2330 orationes
3148 2272 3532 2344 pronuntians,

1969 2369 2288 2440 cunctisque
2337 2384 2459 2440 qum
2510 2369 2598 2424 lex
2655 2368 2904 2439 praecipit
2935 2382 3102 2438 super
3129 2367 3249 2422 illos
3279 2365 3533 2438 peractis,

1970 2461 2148 2531 primo
2170 2460 2390 2533 quidem
2417 2459 2750 2531 ASpebetum
2781 2459 3042 2530 baptizat,
3100 2458 3320 2514 Petrum
3355 2466 3536 2512 trans-

1969 2554 2298 2619 nominans;
2327 2552 2585 2622 deinceps
2619 2560 2798 2607 autem
2843 2551 3052 2617 Marim,
3086 2551 3306 2606 fratrem
3349 2548 3538 2604 uxoris

1970 2642 2251 2714 Aspebeti:
2276 2643 2464 2698 ambos
2493 2643 2666 2699 claros
2694 2658 2912 2716 genere,
2943 2652 2999 2700 et
3024 2641 3372 2713 amplissimis
3397 2640 3537 2697 divi-

1970 2737 2062 2792 tiis
2107 2737 2419 2803 instructos,
2452 2752 2550 2793 seu
2594 2737 2775 2808 potius
2802 2738 2892 2808 qui
2925 2737 3212 2809 prudentia
3244 2745 3298 2792 et
3339 2736 3538 2792 virtute

1971 2836 2232 2884 ornarent
2257 2827 2497 2893 divitias,
2526 2837 2621 2884 aut
2648 2829 2812 2884 etiam
2839 2829 2932 2899 qui
2961 2829 3108 2899 ipsas
3134 2843 3266 2898 opes
3298 2828 3539 2883 facerent

1971 2920 2253 2975 materiam
2308 2920 2564 2988 virtutis;
2633 2920 2830 2976 deinde
2889 2935 3019 2976 vero
3083 2920 3446 2984 Terebonem,
3473 2934 3539 2974 ac

1973 3021 2096 3082 post
2119 3012 2292 3082 ipsum
2319 3012 2594 3082 reliquos:
2629 3027 2768 3083 quos
2828 3012 3015 3084 utique
3071 3021 3126 3068 et
3181 3013 3535 3085 quadraginta

1974 3103 2089 3158 dies
2119 3103 2259 3174 apud
2287 3117 2344 3158 se
2381 3103 2625 3169 retinuit,
2662 3111 2719 3159 et
2747 3104 2929 3172 multa
2977 3105 3209 3173 monuit,
3280 3106 3540 3177 piumque

1974 3196 2248 3267 religionis
2267 3196 2472 3251 cultum
2501 3205 2754 3252 accurate
2785 3197 2990 3266 docuit,
3018 3207 3183 3268 atque
3208 3200 3356 3253 omni
3378 3200 3538 3254 modo

1970 3288 2139 3344 ﬁrmis
2167 3289 2405 3360 tutisque
2432 3289 2658 3346 redditis
2690 3305 2811 3360 quae
2839 3290 2907 3345 ad
2938 3291 3168 3346 salutem
3222 3292 3530 3362 pertinent,

1968 3381 2177 3437 dimisit
2217 3383 2272 3437 in
2329 3398 2502 3453 pace;
2553 3397 2665 3438 non
2723 3395 2904 3439 tamen
2951 3387 3183 3457 amplius
3239 3391 3538 3462 Agarenos.

1973 3488 2076 3528 nec
2108 3473 2436 3539 lsmaelitas,
2465 3473 2560 3530 sed
2595 3473 2766 3555 Sarra.
2783 3477 3118 3548 progeniem,
3192 3488 3370 3536 certos
3412 3498 3542 3552 pro-

1973 3569 2249 3624 missionis
2285 3569 2549 3635 lizeredes,
2597 3583 2695 3638 per
2721 3568 2963 3624 divinum
3010 3572 3298 3641 baptisma.

2043 3659 2212 3714 XXV.
2274 3659 2345 3715 At
2395 3659 2580 3727 Maris,
2655 3662 2956 3718 Terebonis
3041 3646 3363 3731 avunculus,
3435 3681 3541 3721 non

1977 3751 2206 3822 amplius
2278 3751 2448 3807 voluit
2528 3761 2676 3808 retro
2738 3752 3002 3824 aspicere,
3086 3770 3264 3825 neque
3322 3758 3546 3812 omnino

1978 3838 2235 3894 sustinuit
2262 3839 2543 3894 discedere
2569 3857 2598 3894 a
2626 3840 2990 3907 monasterio;
3031 3842 3126 3896 scd
3156 3843 3205 3897 e‘i
3253 3858 3544 3899 consecra-

1982 3925 2048 3980 tis
2072 3925 2323 3980 omnibus
2352 3924 2723 3992 facultatibus,
2773 3938 3079 3998 cunctaque
3136 3929 3300 3998 hujus
3356 3933 3540 3986 mundi

1979 4025 2128 4071 ratus
2157 4031 2278 4071 esse
2310 4031 2492 4086 parva,
2517 4032 2859 4087 quorumque
2896 4017 3230 4073 desiderium
3259 4019 3546 4075 dedeceret

1980 4110 2220 4164 animum
2243 4124 2566 4181 generosum
2586 4119 2640 4164 et
2661 4109 3027 4181 magniﬁcum,
3052 4111 3150 4166 soli
3175 4109 3288 4166 Deo
3309 4111 3550 4168 adhaertt

1981 4214 2035 4260 et
2063 4220 2159 4276 per
2193 4215 2358 4261 totam
2403 4215 2618 4261 aetatem
2651 4205 2752 4260 sub
2775 4219 2840 4260 eo
2876 4205 3059 4260 vivere
3114 4205 3322 4272 statuit,
3353 4222 3549 4278 magno

1983 4307 2140 4353 utens
2175 4298 2420 4354 ductore.

392 4476 535 4542 KG".
570 4472 676 4528 Τοῦ
716 4473 989 4544 θαύματος
1015 4475 1073 4529 δὲ
1099 4476 1365 4547 πολλαχοῦ
1407 4478 1504 4547 τῆς
1534 4479 1742 4548 ἐρήμου
1763 4478 1874 4534 δια-

2057 4476 2245 4531 XXVI.
2285 4477 2386 4532 Ubi
2421 4487 2600 4533 autem
2661 4479 2980 4534 miraculum
3012 4479 3315 4550 dispersum
3347 4488 3430 4535 est
3454 4495 3550 4550 per

313 4565 580 4632 δοθέντος,
613 4566 796 4620 πολλοὶ
817 4568 954 4639 πρὸς
991 4568 1082 4621 τὸν
1105 4567 1248 4622 θεῖον
1272 4567 1546 4638 Εὐθύμιον
1570 4568 1765 4622 πάθεσι
1793 4570 1888 4623 καὶ

317 4657 497 4721 νόσοις
548 4658 996 4730 κατειλημμένοι,
1030 4658 1367 4729 πολλαχόθεν
1423 4658 1714 4732 συνέρρεον
1741 4677 1756 4691 ο
1791 4660 1888 4715 καὶ

317 4745 490 4809 οὕτως
528 4747 756 4817 ἀμισθόν
777 4764 836 4800 τε
868 4748 962 4802 καὶ
986 4748 1189 4819 εὐχερῆ
1220 4747 1521 4819 θεραπείαν
1548 4749 1883 4819 τρυγῶντες,

318 4840 597 4911 χαίροντες
624 4838 928 4910 ἐπανῄεσαν
947 4856 962 4870 °
993 4839 1133 4894 ὥστε
1167 4839 1338 4903 οὐτως
1371 4843 1429 4894 ἐν
1452 4840 1648 4912 βραχεί
1665 4840 1734 4894 δι’
1759 4842 1887 4914 ὅλης

319 4929 588 5001 ἐξέλαμψε
624 4932 724 5000 τῆς
781 4931 1015 5003 ἐρήμου,
1064 4931 1139 4994 ὡς
1192 4931 1328 5002 μηδὲ
1391 4932 1538 5002 πάσῃ
1593 4930 1782 4986 τούτου
1825 4933 1886 4987 τὸ

316 5021 487 5092 ὄνομα
531 5025 598 5094 τῇ
633 5022 966 5094 Παλαιστίνῃ
1020 5023 1265 5096 χωρητὸν
1299 5019 1461 5091 εἶναι,
1517 5024 1655 5079 ἀλλά
1680 5025 1745 5098 δὴ
1791 5027 1886 5080 καὶ

321 5113 456 5183 πρὸς
490 5113 590 5177 τὰς
647 5113 834 5185 κύκλῳ
879 5114 1178 5169 διαϐαίνειν
1231 5116 1529 5186 ἐπαρχίας,
1592 5117 1687 5170 καὶ
1749 5118 1887 5172 πολὺ

319 5204 476 5258 τοῦτο
511 5203 606 5259 καὶ⁸
637 5207 696 5258 ἐν
732 5207 922 5270 αὐταῖς
948 5207 1201 5279 ᾄδεσθαιο
1233 5209 1372 5280 ὅπερ
1420 5210 1564 5281 ἄλλῳ
1593 5210 1712 5280 μὲν,
1761 5211 1892 5275 ἴσως

321 5299 414 5352 καὶ
443 5298 582 5370 πρὸς
601 5300 792 5372 ἡδονῆς
812 5295 879 5372 ἦν
897 5315 912 5330 ’
937 5299 1194 5372 Εὐθυμίῳ
1221 5299 1300 5366 δὲ,
1327 5303 1657 5372 ἀγανακτεῖν
1680 5303 1895 5357 ἐποίειι³

323 5390 527 5462 σφόδρα
554 5392 649 5446 καὶ
685 5392 1062 5464 δυσχεραίνειν
1087 5410 1102 5426 ·
1142 5393 1204 5446 οὐ
1268 5393 1431 5464 μόνον
1475 5394 1552 5462 τῷ
1582 5394 1682 5465 τὴν
1738 5395 1896 5462 δόξαν

323 5482 825 5558 ἀπεστράφθαιτὴν
851 5485 1220 5557 ἀνθρωπίνην,
1242 5486 1379 5540 ἀλλά
1411 5487 1506 5540 καὶ
1524 5486 1603 5558 τῷ
1633 5488 1731 5557 τῆς
1766 5490 1896 5558 ἡσυ-

327 5575 446 5647 χίας
471 5577 978 5650 ἀναμιμνήσκεσθαι
1011 5580 1108 5649 τῆς
1138 5578 1432 5650 προτέρας,
1461 5579 1556 5633 καὶ
1584 5581 1730 5644 ὅπως
1761 5581 1897 5632 ἁπε-

1988 4569 2190 4623 multas
2229 4577 2411 4638 partes
2443 4568 2772 4635 solitudinis,
2806 4569 2963 4624 multi
2992 4570 3195 4626 morbis
3243 4579 3309 4626 et.
3331 4571 3551 4642 aegritu-

1988 4659 2204 4714 dinibus
2224 4659 2457 4730 correpti
2489 4659 2557 4714 ad
2585 4659 2826 4715 divinum
2882 4661 3232 4730 Euthymium
3263 4664 3548 4733 undequa-

1986 4765 2094 4821 que
2123 4749 2471 4812 conﬂuebant
2500 4769 2514 4804 :
2545 4750 2732 4821 sicque
2770 4751 3108 4806 curationem
3140 4752 3258 4808 sine
3299 4755 3552 4810 mercede

1987 4859 2050 4898 ac
2099 4838 2311 4898 facilem
2366 4843 2703 4915 colligentes,
2763 4845 3178 4900 revertebantur
3211 4846 3358 4914 laeti;
3414 4848 3552 4903 adeo

1987 4945 2046 4990 ut
2070 4936 2217 4992 brevi
2247 4936 2326 4992 sic
2361 4952 2460 5006 per
2489 4945 2654 4992 totam
2684 4936 2862 4992 clarus
2908 4937 3143 4993 evaserit
3183 4939 3548 5006 solitudinem,

1985 5038 2046 5084 ut
2068 5043 2169 5084 nec
2199 5029 2318 5098 ejus
2343 5044 2542 5084 nomen
2573 5036 2684 5083 tota
2707 5038 2926 5098 caperet
2982 5027 3292 5098 Palaestina,
3343 5032 3440 5087 sed
3485 5034 3554 5088 ad

1986 5122 2295 5193 provincias
2379 5106 2540 5177 etiam
2593 5123 2854 5178 transiret
2910 5123 3263 5180 circumcirca
3327 5126 3552 5195 positas,

1991 5215 2171 5285 ibique
2189 5214 2345 5271 valde
2371 5214 2762 5271 celebraretur.
2790 5214 2946 5282 Quod
2971 5216 3061 5271 alii
3085 5217 3301 5287 quidem
3326 5218 3556 5273 fortasse

1992 5307 2190 5362 fuisset
2206 5307 2500 5377 voluptati;
2523 5307 2816 5379 Euthymio
2839 5317 3020 5364 autem
3043 5324 3290 5380 magnam
3313 5310 3559 5380 pariebat

1997 5398 2424 5470 indignationem
2480 5408 2536 5456 et
2592 5399 2940 5467 molestiam;
2989 5415 3098 5455 non
3168 5400 3344 5456 solum
3412 5402 3558 5471 quod

1999 5489 2295 5542 humanam
2350 5499 2693 5552 aversaretur
2740 5490 2987 5561 gloriam,
3041 5491 3139 5546 sed
3203 5492 3368 5547 etiam
3415 5494 3560 5562 quod

2000 5579 2200 5649 prioris
2228 5576 2571 5637 meminisset
2613 5581 2837 5651 quietis,
2877 5583 3330 5651 quemadmodum
3397 5583 3450 5637 in
3498 5599 3562 5638 ea

1577 5669 1810 5727 VARIAE
1854 5670 2253 5728 LECTIONES.

405 5757 425 5800 ι
465 5760 621 5817 abest
641 5761 709 5815 ab
742 5760 814 5815 al.
887 5770 926 5798 ω
959 5760 1028 5815 al.
1062 5761 1286 5832 μικράν.

648 5862 916 5921 Parnm.
967 5862 1082 5921 (in.
1131 5860 1343 5923 CXIV.

1362 5773 1388 5800 η
1413 5764 1482 5817 al.
1526 5763 1630 5820 ins.
1669 5765 1860 5821 πολλὰ.

1941 5783 1961 5802 ο
1988 5765 2143 5821 abest
2177 5766 2244 5821 ab
2273 5765 2343 5819 al.

2449 5777 2473 5816 ιι
2502 5766 2573 5822 al.
2609 5767 2788 5839 ἐπῄει.

3169 5859 3244 5921 20
