3846 6496
343 301 450 364 619

1581 298 1860 358 MENSIS
1899 299 2353 360 IANUARIUS.

3509 307 3613 370 620

343 425 690 486 nequaquam
739 410 1034 464 distractus
1068 409 1290 480 degeret
1349 408 1418 461 ab
1478 408 1625 462 omni
1686 409 1900 461 tumulti

2029 411 2327 480 ρίσπαστος
2356 410 2412 462 ἐν
2447 411 2583 479 αὐτῇ
2619 412 2709 463 καὶ
2737 410 2968 481 θορύϐου
3023 412 3170 478 ξένος
3214 414 3413 480 παντὸς
3477 417 3604 488 καθ-

267 482 275 490 ’
341 482 568 562 alienus.
601 503 891 572 Propterea
919 510 972 556 et
997 499 1385 555 clancularium
1439 498 1506 553 ad
1569 497 1762 552 Ruban
1831 514 1918 553 se-

345 614 558 654 cessum
597 596 984 651 meditabatur.

411 688 631 745 XXVII.
684 687 886 741 Verum
944 684 1162 740 divinus
1209 684 1564 749 Theoctistus
1597 725 1611 750 ,
1673 700 1794 739 cum
1840 684 1918 738 rei

343 782 612 836 meditatae
659 795 878 835 sensum
937 778 1123 832 nescio
1155 794 1262 848 quo
1310 778 1474 833 modo
1511 780 1838 849 accepisset,
1863 787 1920 833 et

339 875 593 930 fratribus
625 874 728 927 hoc.
772 871 1194 937 manifestasset,
1232 882 1344 926 tuin
1379 887 1573 926 omnes
1602 881 1914 943 congregat.

341 974 452 1019 tum
502 978 818 1019 communes
854 962 1313 1030 vehementcsque
1348 976 1539 1031 preces
1587 963 1829 1024 adhibet,
1857 971 1917 1015 ut

337 1072 524 1112 eorum
582 1055 832 1110 orbitatis
891 1053 1256 1117 misereatur,
1305 1069 1483 1123 neque
1533 1053 1611 1108 sic
1651 1055 1915 1123 despiciat

336 1165 548 1222 gregem
568 1164 726 1217 quem
747 1148 862 1218 ipse
883 1145 1188 1210 constituit,
1218 1146 1308 1216 qui
1348 1154 1468 1216 post
1487 1146 1606 1216 ejus
1636 1162 1910 1201 recessum

334 1253 451 1300 erat
506 1241 760 1297 atrociter
805 1238 1190 1295 dilacerandus
1245 1255 1275 1293 a
1329 1239 1608 1294 communi
1664 1239 1909 1292 omnium

335 1335 516 1390 hoste.
555 1334 677 1388 llaec
708 1331 866 1393 dixit,
922 1331 1192 1400 simulque
1244 1331 1539 1400 persuasit,
1577 1346 1646 1385 ne
1682 1331 1734 1384 in
1769 1346 1908 1401 pra:-

333 1430 507 1483 sentia
539 1427 864 1487 discederet.
896 1439 996 1478 nec
1019 1439 1112 1479 eos
1139 1424 1493 1493 relinqueret.

403 1518 640 1572 XXVIII.
693 1516 832 1583 Quia
866 1532 996 1570 vero
1027 1524 1212 1586 postea
1245 1530 1399 1569 amor
1431 1515 1632 1585 quietis
1660 1530 1784 1568 eum
1817 1531 1908 1570 ve-

332 1610 640 1664 hementius
685 1607 924 1670 invasit,
976 1621 1086 1659 non
1137 1605 1350 1660 habens
1379 1606 1635 1674 quidnam
1682 1614 1903 1675 ageret,

327 1701 564 1772 quodam
598 1714 780 1754 secum
804 1706 1103 1766 assumpto,
1123 1697 1212 1766 qui
1240 1697 1580 1752 Domitianus
1601 1697 1713 1767 (3i)
1737 1713 1905 1754 voca-

2030 503 2231 556 ίστατο.
2256 506 2352 555 Διὰ
2377 505 2548 557 ταῦτα
2573 505 2665 556 καὶ
2687 504 2950 576 λαθραίαν
2970 506 3070 578 μὲν
3101 507 3331 577 ἐμελέτα
3354 509 3490 580 πρὸς
3521 509 3614 561 τὸν

2036 594 2265 648 Ῥουϐἀν
2296 596 2663 666 ἀναχώρησιν,

2096 688 2220 741 KZ'.
2252 687 2389 739 Ἀλλ’
2417 689 2444 738 ὁ
2469 687 2610 751 Baio;
2657 688 3002 752 Θεόκτιστος,
3035 689 3136 744 οὐκ
3179 687 3274 743 οἷδ’
3319 692 3470 756 ὅπως
3508 690 3594 746 αί-

2021 778 2212 848 σθησιν
2237 777 2418 832 λαϐὼν
2442 780 2534 832 τοῦ
2562 780 2964 852 μελετωμένου,
2991 783 3086 837 καὶ
3116 782 3276 853 δῆλον
3302 782 3464 838 τοῦτο
3479 786 3594 848 τοῖς

2019 867 2270 936 ἀδελφοῖς
2303 866 2555 938 θέμενος,
2603 869 2845 938 ἀθροίζει
2901 887 2962 923 τε
2992 870 3222 936 πάντας,
3259 871 3354 925 καὶ
3409 872 3593 943 κοινὴν

2019 961 2267 1030 εἰσφέρει
2299 960 2482 1030 δέησιν
2511 963 2602 1014 καὶ
2638 962 2867 1032 θερμὴν,
2901 963 3052 1018 ἔλεον
3081 963 3262 1017 αὐτῶν
3295 964 3393 1034 τῆς
3417 964 3592 1035 ὀρφα-

2017 1049 2135 1115 νίας
2167 1050 2374 1117 λαϐεῖν,
2403 1052 2498 1104 xat
2521 1053 2596 1124 μὴ
2625 1054 2888 1124 περιιδεῖν
2921 1065 2950 1104 σι
2979 1055 3123 1109 οὕτω
3152 1055 3390 1125 ποίμνην
3415 1055 3592 1125 ἥνπερ

2015 1142 2178 1206 αὐτὸς
2220 1145 2611 1209 συνεστήσατο,
2647 1143 2838 1208 δεινῶς
2871 1145 3006 1214 μετὰ
3028 1143 3126 1215 τὴν
3172 1143 3338 1197 αὐτοῦ
3374 1143 3591 1215 ἀναχώ-

2015 1251 2174 1305 ρησιν
2193 1235 2574 1305 σπαραχθῆναι
2596 1234 2898 1304 μέλλουσαν
2917 1235 3021 1288 ὑπὸ
3037 1235 3131 1288 τοῦ
3160 1235 3342 1289 κοινοῦ
3368 1236 3589 1291 πάντων

2014 1325 2466 1395 ἐχθροῦ.;Ἱάὖτα
2513 1327 2705 1398 εἴρηκέ
2729 1344 2788 1380 τε
2823 1327 2919 1380 καὶ
2948 1326 3132 1380 ἔπεισε
3181 1327 3255 1400 μὴ
3286 1328 3590 1399 ἀποστῆναι

2011 1418 2133 1486 τόγε
2171 1419 2265 1471 νῦν
2296 1418 2443 1488 ἕχον,
2479 1421 2615 1490 μηδὲ
2643 1418 2870 1482 τούτους
2908 1420 3216 1473 ἀπολιπεῖν.
3273 1477 3294 1486 ,

2083 1507 2218 1562 KH'.
2256 1511 2408 1564 Ἐπεὶ
2452 1511 2509 1564 δὲ
2538 1512 2600 1564 τὸ
2653 1512 2794 1582 μετὰ
2824 1511 3001 1566 ταῦτα
3033 1512 3364 1584 θερμότερον
3400 1515 3428 1568 ὁ
3487 1516 3590 1584 τῆς

2009 1600 2242 1671 ἡσυχίας
2272 1595 2412 1672 ἔρως
2434 1601 2600 1654 αὑτοῦ
2632 1602 2918 1668 καθίκετο,
2955 1604 3032 1675 μὴ
3055 1603 3192 1672 ἔχων
3214 1604 3242 1657 ὅ
3263 1620 3314 1656 τι
3346 1603 3439 1656 καὶ
3455 1602 3590 1674 aps.

2010 1709 2143 1760 σειε,
2177 1694 2623 1766 συμπαραλαϐών
2683 1712 2805 1749 τινα
2857 1695 2977 1766 μεθ’
3033 1694 3229 1750 ἑαυτοῦ
3261 1696 3590 1765 Δομετιανὸν

330 1761 509 1858 batur,
542 1800 660 1846 erat
689 1799 870 1846 autem
920 1789 1210 1845 Melitenus
1244 1805 1462 1863 genere,
1497 1799 1659 1860 atque
1691 1790 1900 1846 virtutis

2011 1784 2200 1854 ὖνομα,
2229 1761 2532 1858 Μελιτηνὸν
2565 1785 2665 1856 μὲν
2717 1786 2778 1839 τὸ
2809 1761 2986 1856 γένος,
3026 1787 3125 1840 οὐκ
3177 1761 3350 1858 ἀμελῆ
3387 1787 3443 1840 δὲ
3491 1786 3587 1856 τῆς

327 1894 536 1939 amator
581 1883 822 1948 sedulus,
860 1899 967 1937 una
1005 1898 1129 1936 cum
1172 1898 1238 1936 eo
1281 1882 1576 1954 egreditur,
1633 1883 1905 1939 sentiente

325 1978 567 2038 nemine,
593 1983 646 2028 et
669 1975 723 2028 in
749 1974 1097 2028 solitudinem
1126 1972 1321 2028 Ruban
1348 1975 1481 2044 (52),
1503 1989 1623 2044 quae
1645 1976 1816 2046 vergit
1838 1977 1902 2030 ad

323 2077 591 2130 austrum,
625 2067 796 2127 venit,
842 2065 994 2134 juxta
1038 2080 1188 2120 mare
1217 2065 1506 2120 Mortuum.
1551 2067 1752 2122 Deinde
1781 2067 1903 2124 hinc

323 2159 568 2213 ascendit
597 2157 651 2210 in
685 2157 850 2210 altum
875 2157 1164 2224 quemdam
1207 2167 1468 2220 montem,
1495 2157 1563 2211 ab
1593 2157 1710 2212 aliis
1744 2173 1901 2212 mon-

323 2249 467 2304 tibus
493 2255 780 2310 remotum,
812 2247 905 2318 qui
929 2247 1236 2317 appellatur
1260 2247 1454 2302 Mardre
1481 2249 1619 2316 (55).
1644 2248 1899 2304 transmi-

321 2358 482 2414 grans
514 2343 569 2395 in
599 2352 836 2404 montes,
889 2341 1030 2394 sicut
1072 2355 1278 2409 passer,
1314 2340 1635 2410 utloquitur
1681 2341 1902 2397 divinus

323 2434 509 2498 David,
542 2440 597 2488 et
647 2447 804 2488 arcus
853 2431 1069 2501 telaque
1123 2433 1337 2503 fugiens
1388 2443 1777 2504 peccatorum:
1809 2435 1898 2489 ubi

320 2539 444 2579 cum
471 2523 767 2578 invenisset
808 2529 1054 2593 puteum,
1087 2520 1346 2591 humique
1371 2523 1517 2592 jacta
1565 2523 1816 2590 mdilicia,
1847 2535 1901 2580 et

320 2618 581 2688 templum
611 2614 966 2680 condidisset,
1004 2623 1165 2684 atque
1210 2615 1378 2668 altare
1413 2616 1701 2670 struxisset
1724 2656 1738 2681 ,
1779 2633 1902 2688 qua!

317 2709 534 2778 quidem
570 2714 713 2760 stant
741 2705 920 2759 adhuc
945 2704 1091 2773 (54),
1134 2704 1264 2758 inibi
1296 2716 1666 2760 commoratur
1688 2723 1783 2776 per
1808 2705 1904 2761 ali-

316 2803 458 2871 quod
505 2809 740 2869 tempus,
797 2797 1112 2851 alimoniam
1149 2796 1367 2866 corpori
1411 2799 1778 2852 necessariam
1831 2815 1897 2854 ex

315 2893 506 2948 herbis
527 2891 642 2963 (55)
669 2891 781 2946 illic
800 2891 994 2960 positis
1023 2890 1204 2944 subito
1228 2889 1330 2944 sibi
1353 2904 1698 2959 comparans,
1724 2891 1899 2961 iisque

313 2993 568 3054 tanquam
601 2999 787 3038 mensa
815 2982 1094 3052 Splendida
1121 2989 1293 3036 utens.

2006 1879 2209 1950 ἀρετῆς
2252 1880 2509 1953 ἐραστὴν,
2543 1879 2744 1946 ἔξεισιν
2785 1880 2901 1950 ἅμα
2929 1879 3126 1950 τούτῳ,
3160 1880 3432 1951 μηδεμίαν
3462 1879 3585 1940 δοὺς

2005 1972 2282 2044 αἴσθησιν,
2319 1973 2424 2028 κάν
2447 1976 2512 2045 τῇ
2542 1974 2682 2046 πρὸς
2708 1973 2859 2027 νότον
2892 1975 3085 2045 ἐρήμῳ
3105 1972 3198 2027 τοῦ
3218 1972 3418 2026 Ῥουϐᾶ
3436 1971 3587 2040 παρά

2003 2063 2100 2133 τὴν
2138 2064 2356 2135 Ns):in
2399 2066 2676 2119 θάλασσαν
2705 2066 3035 2135 ἀφικνεῖται.
3065 2062 3178 2120 Εἶθ’
3218 2065 3391 2128 οὕτως
3422 2064 3502 2128 εἷς
3533 2081 3587 2116 τι

2003 2154 2130 2226 ὅρος
2179 2155 2382 2225 ὑψηλὸν
2416 2157 2652 2212 καὶτῶν
2693 2157 2872 2212 ἄλλων
2909 2158 3081 2230 ὀρέων
3135 2158 3438 2230 διεστηκὸς,
3485 2158 3579 2210 τοῦ

2003 2246 2202 2319 Μαρδᾶ
2235 2246 2575 2319 καλούμενον
2598 2249 2794 2314 ἄνεισι,
2831 2250 3250 2320 μεταναστεύων
3274 2250 3354 2313 είς
3388 2247 3452 2302 τὰ
3477 2248 3580 2317 ὅρη

2003 2339 2078 2402 ὡς
2128 2339 2431 2412 στρουθίον,
2470 2341 2614 2394 κατὰ
2663 2341 2755 2394 τὸν
2799 2341 2944 2395 θεῖον
3001 2341 3188 2405 Δαϐὶό,
3222 2341 3318 2394 καὶ
3356 2339 3426 2394 τὰ
3470 2339 3581 2391 τῶν

2001 2432 2340 2502 ἁμαρτωλῶν
2360 2431 2488 2497 τόξα
2507 2433 2928 2505 περιιστάμενος
2953 2443 2970 2465 '
2993 2451 3003 2462 ·
3029 2435 3087 2488 ὲν
3107 2427 3150 2503 ᾧ
3179 2433 3356 2504 φρέαρ
3379 2432 3578 2502 εὑρὼν,

2003 2524 2096 2576 καὶ
2125 2524 2415 2596 οἰκοδομὰς
2448 2527 2528 2590 εἰς
2559 2526 2755 2594 ἔδαφος
2789 2527 3311 2598 καταϐεϐλημένας,
3353 2527 3478 2580 ναόν
3520 2541 3581 2578 τε

2001 2613 2314 2685 ἀνεγείρας,
2348 2617 2443 2668 καὶ
2480 2616 2866 2687 θυσιαστήριον
2919 2620 3098 2670 ἐκεῖσε
3149 2616 3502 2687 πηξάμενος·
3543 2613 3581 2668 ἂ.

1999 2706 2062 2776 δὴ
2093 2707 2186 2760 καὶ
2216 2709 2294 2771 είς
2328 2709 2489 2778 δεῦρο
2517 2709 2787 2780 ἑστήκασι
2813 2726 2826 2740 °
2862 2709 3132 2782 διατρίϐει
3167 2711 3271 2780 μέν
3309 2727 3432 2762 τινα
3456 2708 3582 2778 χρό-

2001 2817 2088 2853 νον
2116 2802 2173 2854 ὲν
2195 2801 2362 2872 αὐτῷ,
2393 2803 2491 2871 τὴν
2521 2804 2826 2872 ἀναγκαίαν
2863 2803 2942 2874 τῷ
2973 2802 3190 2874 σώματι
3233 2803 3579 2872 λειτουργίαν

2000 2893 2107 2946 ἀπὸ
2141 2893 2248 2946 τῶν
2278 2895 2455 2948 ἐκεῖσε
2480 2896 2718 2963 βοτανῶν
2755 2896 3072 2966 σχεδιάζων,
3109 2896 3206 2950 καὶ
3233 2896 3577 2968 ὼςτραπέζῃ

1999 2982 2224 3047 ταύταις
2250 2984 2456 3056 λιπαρᾷ
2483 2985 2791 3056 χρώμενος.
3536 2979 3554 2986 ”

385 3076 574 3130 XXIX.
607 3075 814 3129 Deinde
849 3074 1016 3128 subiit
1039 3089 1162 3128 eum
1195 3073 1448 3145 cogitatio
1472 3074 1807 3146 ingrediendi
1838 3077 1890 3131 in

2075 3075 2204 3127 ΚΘ.
2241 3071 2373 3128 Εἶτα
2403 3077 2668 3147 λογισμοῦ
2698 3094 2842 3142 τινος
2877 3078 3040 3132 αὐτὸν
3086 3077 3446 3145 είσελθόντος,
3476 3079 3573 3131 καὶ

311 3168 788 3235 solitudinem(56)
808 3166 1124 3234 Ziphorum,
1145 3180 1314 3235 prope
1337 3166 1514 3221 vicum
1531 3168 1891 3224 Aristobulia-

312 3262 471 3323 dem;
508 3259 573 3313 ad
622 3257 939 3320 videndum,
987 3257 1230 3326 inquam,
1270 3258 1388 3313 illas
1431 3259 1723 3329 speluncas
1753 3261 1892 3332 (37).

311 3369 430 3424 quae
467 3352 596 3405 olim
621 3351 877 3405 Davidem
923 3365 1260 3419 exceperunt
1283 3366 1312 3406 a
1335 3351 1498 3407 Saule
1526 3351 1891 3420 insectatum;

308 3454 471 3513 atque
496 3444 543 3498 ei
577 3441 886 3514 cogitationi
915 3449 1106 3510 paret;
1133 3442 1302 3506 venit,
1331 3451 1387 3497 et
1423 3443 1542 3498 loco
1570 3444 1891 3511 delectatus,

307 3536 417 3590 ilIic
444 3533 748 3588 construxit
773 3531 1188 3587 monasterium;
1209 3533 1437 3589 Causam
1458 3544 1637 3588 autem
1660 3545 1886 3605 praeter-

308 3628 542 3690 mittere,
568 3640 728 3694 quam
781 3623 972 3677 habuit
996 3623 1159 3694 hujus
1181 3623 1497 3678 monasterii
1523 3627 1880 3692 constructio,

304 3721 560 3772 damnum
599 3717 759 3771 fuerit
786 3716 909 3785 piis.

377 3811 545 3866 XXX.
585 3809 883 3879 Cujusdam
909 3823 939 3862 e
970 3809 1072 3863 vici
1093 3808 1506 3864 Aristobuliadis
1531 3809 1724 3868 incolis
1753 3831 1874 3886 gra-

303 3902 443 3957 viter
504 3901 782 3955 laborabat
841 3899 1001 3963 (ilius,
1041 3914 1071 3953 a
1126 3899 1270 3953 malo
1323 3901 1517 3968 spiritu
1565 3914 1869 3974 correptus.

1992 3167 2072 3227 εἰς
2120 3165 2217 3238 τὴν
2261 3166 2468 3238 ἔρημον
2497 3168 2744 3238 Ζηφῶν⁸
2799 3168 3058 3239 ἐμϐαλεῖν
3089 3170 3323 3240 ἐχόμενα
3367 3169 3566 3241 κώμης

2005 3258 2061 3312 ’A
2071 3259 2497 3330 ριστοϐουλιάδος
2514 3259 2675 3331 (κατὰ
2697 3260 2826 3314 θέαν
2843 3260 3091 3328 ἐκείνων,
3113 3262 3283 3332 φημὶ,
3298 3260 3407 3314 τῶν
3426 3276 3568 3331 σπη-

1990 3349 2179 3415 λαίων,
2227 3351 2263 3406 ὃ.
2293 3352 2357 3422 δὴ
2396 3352 2563 3405 πάλαι
2611 3353 2703 3408 τὸν
2730 3351 2898 3406 Δαϐὶδ
2928 3354 3287 3424 ἐλαυνόμενον
3318 3353 3423 3406 ὑπὸ
3469 3353 3562 3406 τοῦ

1991 3445 2164 3498 Σαοὺλ
2197 3445 2544 3517 ὑπεδέξατο),
2580 3445 2828 3500 πείθεται
2853 3445 3061 3514 τσδὺτῳο
3088 3447 3181 3499 καὶ
3215 3445 3566 3515 ἀφικόμενος,

1994 3541 2088 3592 καὶ
2117 3539 2194 3606 τῷ
2219 3540 2368 3609 τόπῳ
2405 3539 2611 3610 ἡσθεὶς,
2642 3540 3003 3611 μοναστήριον
3026 3541 3144 3593 ἐκεῖ
3171 3539 3561 3608 συνεστήσατο.

1992 3633 2064 3684 Τὸ
2086 3631 2266 3701 δὲτὴν
2289 3631 2467 3685 αἰτίαν
2505 3631 2835 3700 παραλιπεῖν
2876 3633 2943 3704 ἢν
2993 3633 3210 3704 ἐσχενή
3247 3633 3345 3702 τῆς
3389 3628 3562 3699 μονῆς

1991 3721 2274 3784 σύστασις,
2311 3721 2488 3793 ζημία
2527 3725 2639 3786 τοῖς
2666 3722 2952 3792 φιλοθέοις.

2058 3817 2138 3868 Λ⁸.
2175 3815 2420 3893 ’ῌπασχε
2454 3815 2643 3880 δεινῶς
2668 3833 2772 3868 τινι
2795 3816 2904 3869 τῶν
2933 3815 3072 3870 κατὰ
3097 3817 3194 3886 τὴν
3217 3814 3411 3885 κώμην
3426 3815 3562 3884 Ἀρι-

1983 3909 2327 3965 στοϐουλιάδα
2359 3911 2490 3976 υἱὸς,
2526 3911 2617 3965 καὶ
2683 3910 2906 3984 πονηρῷ
2942 3911 3215 3984 συνείχετο
3268 3908 3559 3981 πνεύματι.

1563 4013 1798 4070 VARle
1854 4018 2148 4080 LECTION
2155 4024 2258 4079 ES.

390 4114 416 4156 It
447 4105 517 4159 al.
541 4102 809 4172 παριδεῖν.
892 4111 915 4140 ν
959 4103 1030 4156 aI.
1059 4102 1510 4174 περιιπτάμενος.

1625 4115 1646 4141 ³
1679 4111 1751 4166 al.
1781 4113 1983 4184 Ζιφῶν.

1570 4227 1760 4284 .IOAN.
1802 4231 2141 4289 BOLLANDI
2182 4233 2413 4290 NOTIE.

369 4315 479 4385 (3t)
519 4313 618 4393 Hic
642 4315 892 4393 deinceps
913 4314 1221 4371 individuus
1245 4317 1363 4383 ejus
1386 4319 1715 4393 sociusI‘uit,
1738 4325 1858 4393 plus

296 4403 457 4463 quam
492 4387 896 4463 quinquaginta
941 4401 1038 4463 per
1095 4401 1301 4463 annos;
1359 4400 1409 4442 ει
1456 4387 1707 4463 septimo
1738 4387 1859 4463 host

295 4439 412 4527 ejus
456 4439 668 4511 οιῖῆιιιιιῖ
702 4439 787 4508 die
823 4471 854 4511 e
890 4439 1024 4510 vita
1061 4467 1115 4510 et
1141 4439 1261 4527 ipse
1287 4439 1861 4525 Exéieséiﬁiii'ex'éél
1897 4439 1940 4496 θ

295 4526 601 4597 quentibus,
632 4535 687 4580 et
719 4527 953 4597 maxime
985 4541 1103 4597 cap.
1130 4526 1197 4580 I8
1231 4539 1282 4582 et
1320 4529 1386 4583 I9
1421 4533 1716 4587 constabit.

363 4596 478 4668 (52)
518 4597 578 4652 In
630 4598 768 4668 hanc
813 4596 1383 4668 solitudinemRuban
1419 4603 1617 4668 sapius
1670 4604 1763 4657 ivit
1803 4604 1862 4660 S.

293 4664 610 4738 Eutbyniius
645 4664 871 4738 infran.
905 4665 959 4728 7,
999 4667 1087 4730 84,
1110 4667 1201 4732 95,
1237 4669 1324 4722 ubi
1361 4664 1554 4724 CutiIa:
1582 4673 1862 4731 solitudini

289 4736 654 4806 coniungitur.
699 4737 752 4790 In
798 4736 936 4791 hanc
971 4739 1131 4791 etiam
1168 4739 1511 4794 solitudinem
1556 4740 1745 4796 Ruban
1774 4759 1864 4799 se-

289 4816 568 4860 cesserunt
599 4805 701 4859 SS.
735 4802 972 4860 Joannes
1001 4806 1372 4866 Silentiarius.
1407 4808 1599 4866 Sabas.
1637 4812 1860 4866 Gerasi-

289 4821 568 4860 cesserunt
600 4821 701 4859 δδ.
735 4821 972 4860 Joannes
1001 4821 1372 4870 attenttartus,
1407 4821 1599 4874 Satias,
1637 4821 1860 4867 Gerasi-

289 4891 426 4937 nius,
463 4887 516 4930 et
548 4875 854 4942 Quiriacus,
887 4885 944 4928 ut
980 4876 1111 4929 Acta
1146 4892 1335 4932 eorum
1369 4880 1628 4934 indicant.
1667 4881 1854 4937 Memio

288 4947 367 5019 uit
389 4947 545 5019 hujus
579 4945 888 5019 solitudinis
920 4943 1155 5019 Joannes
1190 4946 1442 5019 Moschus
1475 4950 1527 5004 in
1555 4949 1720 5006 Prato
1746 4956 1856 5019 spi-

285 5014 464 5068 rituali
507 5032 622 5083 cap.
664 5014 784 5067 167.
835 5015 910 5068 Ex
958 5013 1144 5070 Rubau
1193 5019 1258 5072 ad
1311 5018 1528 5073 ﬂuvium
1569 5013 1857 5077 Jordanem

284 5085 526 5159 proxime
553 5085 768 5159 t_r:u_tsiit
791 5085 849 5139 S.
887 5085 1076 5140 Sabas.
1108 5087 1447 5159 Quapropter
1477 5103 1696 5158 prorsus
1727 5093 1859 5146 soli-

285 5153 526 5227 tudinem
559 5153 1443 5227 Rubansuspicamur'desertitm,
1477 5153 1533 5212 in
1568 5175 1674 5227 quo
1701 5161 1859 5216 Chri-

280 5233 402 5298 stus
427 5223 692 5298 jejubavit
721 5225 791 5280 40
820 5223 1010 5298 diebus
1043 5238 1097 5281 et
1126 5229 1392 5287 noctibus.
1425 5230 1566 5298 quod
1587 5223 1627 5282 ὀ
1668 5245 1858 5285 recen-

281 5293 510 5366 tioribus
542 5293 822 5366 Desertum
847 5296 1206 5363 Quarautanae
1237 5293 1455 5353 dicitur;
1481 5300 1698 5353 Consnli
1731 5315 1855 5366 pos-

277 5375 404 5438 sunt
454 5365 839 5438 Adricbomius
888 5368 940 5419 in
994 5369 1133 5438 tribu
1191 5368 1477 5438 Benjamin
1541 5385 1660 5438 cap.
1687 5365 1777 5436 97,
1801 5383 1855 5426 et

278 5434 633 5508 Quare‘smius
665 5434 756 5488 lib.
787 5433 842 5508 6,
871 5437 1141 5508 peregrin.
1175 5437 1229 5500 6,
1276 5433 1391 5508 cap.
1430 5437 1514 5503 12,
1553 5433 1641 5508 qui
1689 5433 1854 5496 tradit

276 5517 338 5556 ex
371 5506 556 5583 variis,
590 5507 884 5583 monachos
907 5505 974 5559 ad
999 5508 1299 5576 exemplum
1322 5507 1522 5562 Christi
1563 5505 1690 5583 olim
1719 5511 1853 5565 soli-

276 5577 480 5645 tosribic
512 5575 883 5640 paenitentiam
914 5590 1096 5645 agere.

348 5644 462 5713 ('55)
502 5645 654 5699 Mons
681 5653 766 5720 est
800 5644 966 5720 circa;
990 5660 1136 5720 mare
1179 5648 1477 5720 Mortuum,
1512 5650 1602 5720 qui
1637 5649 1850 5706 Mardes

277 5726 520 5780 vocatur,
560 5715 806 5770 excelsus
845 5716 1020 5782 valde,
1063 5719 1236 5786 inquit
1267 5715 1674 5790 Moschus'cap.
1718 5720 1844 5775 I58.

1970 4329 2772 4406 hians_QuarantanmAvidetur
2801 4335 2932 4406 dici,
2967 4337 3020 4406 in
3052 4351 3210 4406 quem
3241 4337 3494 4392 Christus
3525 4355 3554 4395 τι

1970 4399 2187 4455 diabolo
2231 4410 2474 4458 tentante
2521 4403 2732 4458 delatus
2784 4405 2908 4460 fuit.
2962 4405 3035 4461 De
3069 4399 3144 4460 eo
3199 4408 3554 4472 Quaresniius

1970 4486 2158 4540 supra.

2044 4542 2156 4610 (54)
2195 4540 2447 4617 Moschus
2468 4541 2667 4617 _Cyrillo
2689 4560 2904 4600 coaevus
2932 4555 3158 4602 testatur
3179 4562 3278 4601 suo
3307 4561 3552 4617 tempore

1970 4611 2036 4665 ab
2076 4614 2421 4667 anachoretis
2462 4611 2632 4668 fuisse
2681 4617 3067 4672 inhabitatum.
3115 4617 3180 4670 Et
3232 4611 3553 4676 Bonifacius

1967 4682 2218 4752 oculatus
2249 4682 2406 4736 testis
2446 4683 2610 4738 refert
2639 4687 2778 4752 apud
2825 4685 3227 4752 Quarestuium,
3265 4689 3549 4746 innumera

1969 4751 2040 4827 ibi
2066 4759 2376 4806 sanctorum
2399 4751 2864 4827 anachoretaruut
2882 4771 3105 4827 corpora
3144 4761 3388 4827 reperiri,
3416 4762 3552 4817 adeo

1966 4820 2206 4893 integra,
2236 4831 2294 4874 ut
2325 4836 2424 4893 nec
2447 4823 2675 4890 capillus
2708 4825 2760 4879 in
2791 4820 3164 4893 capile'desit.

2038 4891 2152 4959 (35)
2195 4891 2336 4945 Idem
2369 4891 2624 4948 Moschus
2651 4891 2870 4949 hortum
2895 4898 3346 4954 anachoretarnm
3379 4901 3548 4956 fuisse

1963 4962 2152 5014 scribit
2175 4963 2240 5031 a_d
2274 4962 2507 5016 radicem
2541 4966 2760 5031 montis,
2796 4967 2939 5021 circa
2984 4968 3148 5021 maris
3179 4968 3401 5024 labium.

2033 5031 2148 5107 (56)
2185 5029 3052 5107 EasolitudoEngaddidiriturl
3080 5035 3288 5107 Regum
3321 5056 3469 5102 xxiv,
3492 5042 3543 5094 in

1962 5100 2133 5172 cujus
2166 5101 2422 5168 spelunca
2487 5100 2654 5157 distai
2700 5121 2727 5158 a
2775 5106 3086 5160 Bethlebent
3133 5100 3263 5172 séx,
3328 5127 3354 5160 ιι
3406 5100 3543 5165 mari

1972 5169 2181 5245 Mortuo
2222 5182 2425 5245 septem
2471 5176 2689 5227 circiter
2731 5177 3002 5239 milliaria,
3036 5187 3086 5228 ut
3118 5169 3371 5232 observat
3402 5183 3546 5245 Qua-

1959 5241 2190 5313 resmitts
2223 5239 2315 5295 lib.
2351 5242 2402 5306 6,
2441 5249 2774 5313 peregrinat.
2818 5247 2872 5309 5,
2906 5263 3020 5312 cap.
3063 5246 3148 5300 10.
3183 5248 3245 5300 Et
3275 5239 3537 5303 Adriani-

1957 5311 2099 5364 mitis
2141 5325 2302 5379 supra
2360 5311 2524 5367 reiert
2570 5313 2930 5379 Qllzlrallltlllﬂ.‘
2974 5311 3268 5371 desertum
3322 5322 3541 5375 extendi

1956 5394 2132 5454 usque
2154 5383 2220 5454 a_d
2261 5383 2533 5454 desertum
2568 5385 2838 5438 Ther-una:
2867 5397 2920 5440 et
2950 5387 3209 5454 Engaddi.

2026 5449 2307 5524 (57)‘Duas
2327 5453 2506 5524 adhuc
2536 5463 2752 5508 exstare
2791 5464 3018 5509 testatur
3034 5449 3421 5524 Quaresmius,
3451 5458 3538 5512 la-

1957 5520 2045 5574 tas
2075 5520 2282 5587 palmus
2311 5521 2402 5585 24,
2443 5522 2632 5590 longas
2685 5526 2902 5578 circiter
2950 5526 3039 5589 50,
3067 5520 3137 5579 in
3193 5527 3362 5584 latere
3407 5520 3535 5584 sese

1954 5590 2226 5668 peculiare
2258 5606 2448 5668 cavum
2487 5594 2562 5646 ait
2606 5596 2949 5662 observasse,
3005 5598 3058 5652 in
3105 5612 3214 5667 quo
3251 5609 3407 5668 putat
3452 5601 3536 5654 la-

1955 5659 2125 5713 tuisse
2159 5658 2284 5713 llavi
2297 5662 2436 5716 dem.
