3846 6466
329 350 429 416 621

1584 348 1760 408 vrrA
1797 347 1855 407 s.
1898 309 2300 406 aurarium.

3456 352 3560 413 (322

334 463 565 532 Πάσχων
601 458 656 513 δὲ
691 457 855 525 οὕτω,
887 458 976 511 καὶ
1020 457 1124 512 ὑπὸ
1177 456 1415 529 χαλεποῦ
1454 457 1710 528 δαίμονος
1769 474 1894 511 συν-

2012 455 2131 512 Ξιιῐη
2157 466 2337 511 autem
2387 457 2464 513 sic
2503 467 2798 529 pateretur,
2829 469 2884 515 et
2921 459 2987 513 ab
3019 459 3239 513 immani
3280 475 3562 516 vexaretur

330 554 607 623 σχόμενος,
639 551 700 604 τὸ
750 551 844 604 τοῦ
880 550 1151 621 Εύθυμίου
1175 551 1347 622 ὄνομα
1374 551 1603 623 λαμπρᾷ
1645 555 1710 624 τῇ
1744 554 1894 623 φωνῇ

335 645 489 698 ἐϐόα’
529 643 656 697 ἐϐόα
710 641 768 696 δὲ
832 642 899 695 δι’
940 642 1105 696 αὐτοῦ
1145 643 1346 713 μᾶλλον
1394 645 1491 715 ούχ
1529 644 1690 709 ἑκὼν,
1716 644 1831 697 ἀλλ’
1869 647 1898 698 ό

333 734 612 805 τυραννῶν
665 735 926 804 ἄντικρυς
973 735 1425 805 τυραννούμενος.
1497 736 1761 804 Ὀρῶντες
1804 736 1898 790 οῦν

334 826 492 879 αὑτὸν
520 826 572 878 οῖ
596 841 655 878 τε
681 826 916 898 πατέρες
943 827 1036 878 καὶ
1057 828 1105 879 οἰ
1155 827 1548 898 προσήκοντες,
1581 827 1756 892 οὕτως
1803 827 1899 881 ἐπὶ

333 917 578 989 γλώττης
619 919 706 971 ἀεὶ
740 919 802 971 τὸ
823 919 915 970 τοῦ
952 918 1228 988 Εύθυμίου
1258 919 1556 990 στρέφοντα
1583 920 1776 990 ὄνομα,
1803 923 1898 975 καὶ

336 1003 570 1080 μάλιστά
594 1027 654 1078 γε
680 1011 845 1080 ἡνίκα
873 1011 1228 1081 σφοδρότερον
1250 1012 1278 1064 ό
1305 1012 1498 1083 μιαρὸς
1524 1013 1672 1083 αύτῷ
1689 1013 1899 1083 δαίμων

334 1104 540 1164 ἐκεῖνος
575 1102 836 1161 ἐπίθοιτο.
879 1103 964 1164 τίς
1015 1102 1080 1154 ἂν
1129 1102 1156 1153 ὁ
1187 1101 1458 1172 Εὑθύμιος
1495 1095 1647 1165 οὗτος
1685 1102 1772 1173 εἴη
1801 1119 1898 1155 πε-

338 1193 566 1260 ριιόντες
593 1191 1040 1253 ἀνεπυνθάνοντο,
1078 1191 1172 1244 καὶ⁵
1209 1193 1357 1256 ὄπως
1388 1194 1452 1246 ἄν
1483 1211 1534 1247 τι
1573 1194 1701 1262 περὶ
1731 1194 1898 1247 αὐτοῦ

338 1283 580 1352 μάθοιεν,
628 1284 848 1354 φροντὶς
893 1280 960 1353 ἦν
988 1284 1233 1354 αύτοίςή
1292 1285 1549 1356 μεγίστη.
1606 1285 1793 1357 Μικρὰ
1843 1286 1899 1338 δὲ

337 1376 461 1446 περί
483 1374 580 1446 τὴν
612 1375 820 1429 ἐκείνου
848 1375 1073 1446 ζήτησιν
1095 1377 1363 1443 καμόντες
1382 1391 1395 1406 °
1431 1377 1602 1448 μεστὴ
1632 1379 1737 1449 γὰρ
1765 1379 1797 1448 ἡ
1823 1377 1902 1430 οἰ-

335 1467 575 1538 κουμένη
608 1470 757 1520 πᾶσα
784 1469 881 1537 τῆς
909 1468 1113 1520 ἐκείνου
1140 1470 1328 1541 φήμης
1356 1470 1452 1521 καὶ
1479 1469 1573 1522 τοῦ
1601 1470 1861 1541 ὀνόματος
1882 1487 1895 1501 ⁶

336 1560 644 1623 ἀκούουσιν,
684 1560 760 1623 ὼς
785 1561 870 1631 εἴη
923 1560 1126 1630 μεταξὺ
1159 1562 1288 1631 παρ’
1309 1561 1616 1632 ’Δϐαριχῶν
1654 1565 1672 1599 ί
1699 1580 1756 1615 τε
1808 1564 1901 1617 καὶ

335 1651 850 1719 Ἀριστοϐουλιάδος.
912 1653 1020 1705 Καὶ
1075 1653 1480 1722 παραλαϐόντες
1551 1653 1752 1718 εὐθέως
1810 1654 1901 1707 τὸν

337 1743 518 1806 παῖδα,
584 1744 718 1812 πρὸς
765 1743 925 1796 αὑτὸν
958 1744 1143 1814 ᾔεσαν.
1188 1745 1342 1798 Ἐπεὶ
1373 1744 1429 1798 δὲ
1487 1745 1770 1817 πόρρωθεν
1819 1746 1900 1799 ἔτι

336 1834 634 1903 προϊοῦσιν,
673 1834 895 1904 εῦδηλος
954 1836 1160 1899 ἐκεῖνος
1206 1835 1284 1906 τῷ
1340 1836 1604 1908 νεανίσκῳ
1669 1835 1896 1905 γίνεται,
1936 1811 1976 1868 Β

337 1924 766 1995 προαισθόμενον
795 1925 981 1995 ὥσπερ
1004 1927 1062 1979 τὸ
1095 1927 1337 1980 ἐνοικοῦν
1363 1927 1512 1997 αύτῷ
1537 1927 1773 1998 πνεῦμα,
1805 1930 1902 1998 τῆς

335 2017 427 2070 τοῦ
482 2019 817 2084 ἐνοικοῦντος
872 2019 951 2090 τῷ
1011 2019 1264 2090 Εὑθυμίῳ
1329 2020 1534 2090 ἀγαθοῦ
1587 2020 1902 2091 Πνεύμεντος

336 2111 635 2179 ἐνεργείας,
662 2114 741 2174 εἰς
771 2113 947 2182 φυγὴν
972 2111 1186 2181 ἑϐλεψε,
1219 2114 1359 2166 κατὰ
1400 2114 1527 2176 τοὺς
1559 2113 1768 2176 δειλοὺς
1791 2113 1902 2166 τῶν

337 2203 643 2256 ἀντιπάλων
670 2203 761 2256 καὶ
787 2205 1054 2271 ἀγεννεῖς,
1082 2205 1130 2257 οἳ
1178 2206 1312 2276 μηδὲ
1338 2206 1662 2278 προσιόντας
1690 2206 1768 2258 ἔτι
1804 2206 1902 2274 μέο

338 2311 483 2346 νουσι
529 2296 654 2358 τοὺς
683 2295 926 2359 ὁπλίτας.
957 2297 1092 2350 ἀλλὰ
1142 2299 1234 2350 καὶ
1279 2298 1383 2370 πρὸ
1428 2297 1525 2367 τῆς
1580 2297 1903 2370 συμπλοκῆς

341 2387 663 2454 ἐξίστανται.
717 2390 1006 2460 Σπαράξαν
1051 2386 1144 2444 οῦν
1191 2391 1403 2461 ἀθρόως
1441 2391 1534 2444 τὸν
1601 2391 1902 2458 νεανίσκον,

341 2480 542 2548 ἀφανὲς
569 2479 756 2552 ᾤχετο.
786 2483 932 2534 Ἔδει
957 2483 1065 2553 γὰρ
1092 2483 1150 2536 τὸ
1172 2483 1427 2553 πονηρὸν,
1448 2484 1660 2554 πονηρὰ
1683 2483 1902 2552 δρᾶσαι,

341 2575 433 2628 καὶ
475 2576 706 2646 μανικὴν
756 2576 920 2628 αὑτοῦ
979 2578 1070 2628 καὶ
1123 2577 1538 2648 τεταραγμένην
1591 2577 1758 2642 δεῖξαι
1807 2577 1906 2647 τὴν

343 2664 704 2736 ἀναχώρησιν.
739 2667 826 2728 Ὡς
852 2667 908 2720 δὲ
951 2669 1126 2720 ἐκεῖνο
1155 2667 1397 2721 ἐκποδὼν
1427 2663 1514 2739 ἦν,
1546 2669 1730 2737 νήφων
1760 2669 1787 2721 ό
1813 2670 1907 2722 ἄν·

345 2757 558 2827 θρωπος
618 2759 711 2810 καὶ
753 2758 1047 2830 σωφρονῶν
1077 2759 1293 2812 ἐθεᾶτο·
1327 2760 1515 2830 ἐτέρου
1555 2759 1775 2828 μᾶλλον,
1807 2761 1906 2814 οὐκ

347 2852 549 2903 ἐκείνου
583 2851 756 2920 δηλῶν
786 2849 924 2906 εἰναι
951 2852 1050 2922 τὴν
1080 2850 1462 2922 προλαϐδῦσαν
1505 2850 1676 2922 ζάλην
1713 2851 1806 2905 καὶ
1837 2851 1906 2904 τά

342 2941 489 2993 δεινὰ
511 2940 753 3011 κύματα.

411 3034 538 3085 AA'.
574 3033 662 3084 Ἐν
693 3031 885 3103 βραχεί
911 3033 967 3086 δὲ
995 3033 1089 3086 τοῦ
1121 3033 1395 3105 θαύματος
1420 3038 1522 3106 τὴν
1575 3035 1780 3106 ἔρημον
1801 3035 1907 3088 πᾶ-

349 3137 444 3172 σαν
475 3121 876 3191 περιλαϐόντος,
911 3123 1095 3194 συχνοὶ
1117 3124 1253 3194 πρὸς
1283 3125 1443 3177 αὐτὸν
1473 3123 1532 3190 ἐξ
1561 3125 1730 3196 αὐτῆς
1763 3125 1907 3196 Ἀρι-

349 3189 716 3279 στοϐουλιάδος
775 3217 869 3270 καὶ
899 3189 1012 3271 τῶν
1039 3189 1198 3289 πέρι-ξ
1236 3218 1436 3289 κωμῶν
1480 3189 1781 3283 συνθέούσι,
1811 3189 1906 3272 καὶ
1933 3189 1974 3245 C

350 3307 709 3378 μοναστήριον
729 3307 1104 3378 οἰκοδομοῦσιν
1121 3309 1268 3378 αὐτῷ
1291 3324 1305 3338 ·
1332 3311 1389 3362 ἐν
1413 3303 1456 3377 ᾦ
1482 3309 1577 3363 καὶ
1603 3309 1787 3362 πολλοὶ
1801 3309 1909 3362 τῶν

348 3399 586 3452 εύλαϐῶν
621 3400 824 3454 εἵλοντο
853 3402 1213 3472 παραμένειν,
1244 3402 1335 3455 τοῦ
1365 3402 1499 3456 Θεοῦ
1528 3402 1736 3456 ἄνωθεν
1784 3403 1908 3455 ἐπι-

347 3492 702 3563 χορηγοῦντος
727 3494 793 3546 τὰ
823 3494 957 3564 πρὸς
987 3496 1084 3565 τὴν
1117 3495 1309 3567 χρείαν
1332 3495 1425 3548 τοῦ
1459 3493 1729 3564 σώματος.

415 3584 536 3640 AB’.
567 3587 642 3640 Οὐ
673 3587 808 3657 μόνα
835 3588 890 3640 δὲ
923 3587 988 3639 τὰ
1009 3589 1173 3658 νοητὰ
1201 3587 1387 3658 θηρία,
1409 3588 1480 3641 τὰ
1503 3587 1786 3658 πνεύματα
1812 3589 1911 3659 τῆς

350 3679 630 3748 πονηρίας,
667 3681 832 3749 φημὶ,
861 3679 1032 3743 οῦτως
1073 3679 1222 3750 αὐτῷ
1246 3680 1609 3733 ὑποτέτακτο’
1640 3679 1774 3733 ἀλλὰ
1815 3679 1911 3732 καὶ

347 3773 455 3833 τοῖς
487 3771 764 3841 αἰσθητοῖς
790 3771 1024 3835 τούτοις,
1061 3774 1160 3824 ὅσα
1200 3788 1259 3824 τε
1295 3772 1624 3842 σαρκοϐόρα,
1681 3772 1774 3824 καί
1809 3771 1910 3824 ὅσα

348 3861 454 3914 τῶν
508 3863 729 3915 ἰοϐόλων
760 3865 886 3929 εἰσί,
927 3863 1496 3934 συναναστρεφόμενος
1547 3865 1732 3928 αὐτοῖς
1771 3864 1912 3918 κατὰ

349 3953 444 4015 τὰς
461 3954 702 4024 ἐρήμους
726 3959 818 4006 καὶ
846 3954 1110 4023 διηνεκῶς
1137 3953 1360 4025 ὁμιλῶν,
1378 3955 1634 4025 οὐδεμίαν
1666 3957 1794 4024 παρ’
1822 3957 1913 4008 ού-

347 4045 492 4110 δενδς
527 4045 817 4116 ἐπιϐουλὴν
851 4047 883 4116 ἢ
921 4047 1127 4118 βλάϐην
1151 4048 1379 4118 ὑπέστη.
1414 4049 1523 4100 Καὶ⁵
1549 4047 1757 4110 τούτοις
1782 4053 1914 4105 ἀπι-

352 4137 542 4190 στείτω
559 4137 777 4208 μηδείςο
808 4137 960 4200 εἰδὼς
999 4138 1145 4202 ὅπως
1168 4139 1380 4208 ἄμαχόν
1408 4156 1462 4192 τι
1496 4139 1706 4209 χρῆμα,
1740 4138 1913 4192 Πνεύ-

347 4245 518 4299 ματος
549 4229 647 4282 τοῦ
683 4229 887 4298 ἀγαθοῦ
914 4229 1164 4298 δύναμις,
1216 4232 1309 4283 καὶ
1340 4231 1517 4283 πάντα
1545 4231 1742 4302 ῥᾳδίως
1776 4231 1909 4284 θαυ-

351 4325 678 4392 ματουργεῖν
725 4322 1018 4392 δυναμένη.
1067 4323 1358 4392 Μαρτυρεῖ
1397 4321 1474 4394 τῷ
1530 4323 1672 4393 λόγῳ
1733 4323 1913 4394 ῥάϐδῳ

351 4413 591 4466 θάλασσα
626 4416 954 4484 τεμνομένη,
987 4413 1081 4466 καὶ
1103 4415 1431 4484 κελεύσματι
1459 4414 1605 4484 μόνῳ
1627 4415 1912 4483 ἱστάμενος

1996 551 2261 618 dzemone,
2315 551 2586 623 Euthymii
2639 567 2837 607 nomen
2891 553 3157 607 clamabat
3209 554 3351 606 c‘ara
3399 569 3560 618 voco;

1998 657 2095 696 seu
2129 643 2308 712 potius
2353 659 2450 712 per
2489 659 2612 699 eum
2647 645 2914 699 clamabat
2949 660 3056 698 non
3085 645 3274 698 volens
3320 645 3559 714 quidem,

1999 735 2094 790 sed
2135 736 2471 806 tyrannidem
2505 751 2570 790 ex
2615 737 2844 791 adverso
2873 751 3067 806 passus
3095 736 3186 805 qui
3222 737 3561 806 tyrannidem

1999 826 2306 881 exercebat.
2341 825 2595 880 Videntes
2638 841 2765 897 ergo
2796 825 2944 880 illum
2977 835 3229 896 parentes
3259 835 3314 880 et
3343 826 3566 896 propiu-
3648 880 3661 885 ,

1999 919 2092 990 qui
2131 918 2208 972 sic
2264 933 2464 973 nomen
2501 917 2778 987 Euthymii
2829 932 3044 986 semper
3099 916 3279 990 lingua
3325 919 3562 982 volvere,

1999 1012 2408 1083 prtesertimque
2439 1011 2658 1081 quando
2688 1011 3057 1066 exsecrandus
3082 1010 3170 1065 illc
3205 1011 3418 1065 dmmon
3440 1027 3565 1066 eum

2000 1103 2280 1157 invaderet
2327 1103 2726 1168 vehementius,
2760 1103 3011 1173 quisnam
3045 1115 3188 1160 esset
3218 1105 3308 1159 hic
3358 1105 3567 1174 Euthy-

2000 1194 2162 1256 mius,
2197 1193 2520 1248 oberrantes
2552 1194 2992 1254 sciscitabantur,
3021 1203 3074 1249 et
3113 1195 3567 1264 quemadmodum

2000 1286 2068 1340 de
2129 1301 2195 1339 eo
2247 1285 2449 1354 aliquid
2502 1286 2796 1351 discerent,
2854 1289 3090 1341 maxime
3121 1294 3273 1339 erant
3325 1287 3566 1340 solliciti.

1999 1377 2243 1448 Cumque
2274 1379 2416 1435 circa
2449 1379 2591 1432 illius
2634 1379 3040 1449 inquisitionem
3084 1393 3370 1449 parumper
3416 1379 3571 1434 labo-

2001 1480 2215 1524 rassent
2270 1473 2439 1539 (totus
2492 1470 2639 1524 enim
2696 1471 2844 1525 orbis
2897 1480 3161 1524 terrarum
3217 1471 3408 1540 plenus
3453 1483 3572 1525 erat

2001 1559 2140 1615 fama
2164 1563 2304 1616 illius
2335 1579 2396 1617 ac
2431 1561 2691 1633 nomine),
2711 1563 2938 1617 audiunt
2970 1578 3087 1618 esse
3114 1564 3255 1617 inter
3285 1563 3571 1618 Parabari-

2002 1655 2134 1708 chos
2176 1664 2229 1708 et
2275 1655 2749 1710 Aristobuliadem.
2793 1658 2967 1724 Atque
3005 1655 3333 1726 accipientes
3385 1656 3568 1710 statim

2002 1761 2252 1814 puerum,
2305 1747 2371 1801 ad
2402 1763 2525 1802 eum
2565 1749 2798 1802 iverunt.
2839 1745 2938 1801 Ubi
2968 1757 3146 1801 autem
3174 1747 3361 1817 procul
3392 1746 3572 1800 adhuc

2007 1838 2444 1906 procedentibus,
2495 1838 2584 1894 ille
2613 1838 2940 1894 adolescenti
2998 1839 3177 1894 evadit
3224 1837 3566 1898 manifestus.

2005 1929 2169 1982 veluti
2209 1931 2564 2000 prmsentiens
2595 1931 2684 2000 qui
2749 1930 3081 1986 inhabitabat
3124 1930 3346 2000 spiritus
3378 1929 3486 1985 vim
3517 1938 3571 1984 et

2004 2024 2372 2090 operationem
2401 2023 2525 2077 boni
2552 2022 2788 2093 Spiritus
2806 2024 2863 2077 in
2879 2022 3170 2094 Euthymio
3193 2021 3569 2087 inbabitantis,

2003 2114 2070 2168 ad
2113 2114 2289 2184 fugam
2325 2115 2597 2183 respexit;
2634 2130 2742 2169 non
2784 2129 2940 2168 secus
2975 2131 3037 2169 ac
3083 2116 3254 2169 timidi
3299 2126 3355 2170 et
3393 2116 3570 2187 ignavi

2006 2205 2209 2268 hostes,
2243 2204 2331 2273 qui
2371 2221 2546 2275 neque
2588 2206 2907 2261 accedentes
2934 2207 3110 2261 adhuc
3137 2220 3454 2278 exspectant
3481 2226 3570 2266 ar-

2005 2306 2178 2351 matos
2207 2296 2428 2361 milites,
2477 2297 2570 2351 sed
2601 2306 2727 2351 ante
2758 2297 3102 2352 commissam
3135 2314 3368 2370 pugnam
3418 2317 3571 2358 rece-

2004 2387 2120 2458 ptui
2153 2396 2376 2441 canunt.
2408 2385 2508 2441 Ubi
2545 2401 2674 2457 ergo
2704 2385 3100 2443 adolescentem
3160 2399 3384 2458 repente
3439 2407 3572 2446 con-

2007 2479 2274 2542 torsisset,
2311 2480 2551 2534 evanuit.
2588 2478 2886 2549 Oportebat
2915 2481 3060 2535 enim
3093 2481 3294 2535 malum
3325 2483 3464 2538 mala
3491 2483 3572 2538 fa-

2004 2587 2148 2637 cere,
2174 2572 2580 2640 discessumque
2619 2586 2777 2625 suum
2820 2571 3082 2626 furiosum
3113 2581 3168 2626 et
3193 2575 3572 2630 conturbatum

2006 2665 2312 2719 ostendere.
2349 2663 2638 2733 Postquam
2668 2673 2848 2717 autem
2879 2663 2969 2717 ille
3004 2664 3342 2730 recessisset,
3379 2681 3573 2722 cerne-

2004 2756 2166 2811 batur
2189 2757 2351 2810 homo
2404 2756 2736 2826 compositus
2787 2763 2841 2809 et
2895 2770 3026 2809 saua
3083 2764 3300 2820 mente;
3349 2758 3575 2815 alterius

2005 2866 2224 2921 nempe,
2261 2866 2370 2904 non
2416 2850 2587 2920 ipsius
2636 2847 2947 2920 significans
2975 2863 3097 2902 esse
3132 2863 3248 2902 eam
3287 2865 3407 2918 quae
3437 2867 3576 2921 prae-

2007 2953 2245 3000 cesserat
2272 2951 2645 3012 tempestatem
2680 2940 3449 3013 gravemquefluctuationem.

2079 3033 2268 3088 XXXI.
2295 3033 2562 3088 Caeterum
2595 3030 2741 3087 brevi
2773 3031 3092 3085 miraculum
3123 3039 3290 3085 totam
3337 3032 3576 3101 pervasit

2011 3126 2358 3182 solitudinem
2383 3143 2396 3191 ;
2419 3132 2578 3194 atque
2595 3124 2660 3178 ad
2680 3139 2802 3179 eum
2823 3122 3132 3192 frequentes
3150 3139 3213 3177 ex
3234 3123 3346 3194 ipsa
3367 3124 3577 3179 Aristo-

2007 3217 2502 3285 buliade,vicisque
2541 3214 3021 3269 circumstantibus
3045 3224 3397 3278 concurrunt,
3434 3230 3497 3270 ac
3518 3216 3569 3270 ei

2007 3308 2397 3363 monasterium
2419 3305 2624 3378 (58-59)
2639 3305 2935 3373 adificant;
2953 3306 3006 3359 in
3027 3321 3134 3376 quo
3152 3306 3313 3360 etiam
3337 3306 3576 3375 piimulti

2009 3405 2319 3453 statuerunt
2380 3410 2722 3467 permanere,
2777 3394 2885 3449 Deo
2939 3394 3173 3464 desuper
3196 3410 3257 3449 ea
3323 3397 3572 3466 suppedi-

2010 3500 2159 3545 tante
2191 3505 2310 3559 qua:
2333 3498 2490 3543 erant
2519 3487 2585 3542 ad
2610 3487 2854 3557 corporis
2881 3502 3040 3540 usum
3067 3488 3396 3542 necessaria.

2081 3583 2296 3639 XXXII.
2331 3583 2518 3654 Neque
2551 3583 2726 3638 solum
2751 3583 2852 3638 sub
2882 3582 3294 3654 intelligentiam
3320 3583 3578 3640 cadentes

2010 3679 2158 3743 ferre,
2190 3676 2434 3747 spiritus,
2459 3677 2698 3746 inquam,
2732 3675 2974 3747 maligni,
3017 3675 3091 3730 ita
3121 3675 3171 3730 ei
3209 3677 3577 3745 subjicieban-

2010 3781 2127 3837 tur;
2153 3770 2249 3826 sed
2270 3769 2433 3823 etiam
2466 3768 2520 3820 in
2547 3767 2934 3821 solitudinibus
2968 3781 3299 3822 conversaris
3325 3769 3576 3822 assiduo-

2009 3878 2116 3933 que
2153 3859 2512 3931 congrediens
2539 3872 2663 3913 cum
2700 3857 3050 3912 sensibilibus
3102 3857 3234 3911 feris
3259 3898 3273 3922 ,
3319 3867 3426 3912 tam
3460 3875 3580 3927 qua:

2011 3961 2138 4008 sunt
2152 3951 2448 4006 carnivnra:
2479 3963 2640 4020 quam
2668 3963 2786 4018 qua:
2803 3954 3101 4010 venenatm,
3119 3947 3294 4001 nullas
3310 3951 3377 4002 ab
3392 3964 3578 4003 caram

2011 4045 2117 4099 ulla
2164 4058 2358 4114 passus
2391 4051 2476 4096 est
2513 4040 2760 4106 insidias,
2809 4040 3019 4094 nullum
3076 4039 3356 4095 damnum.
3395 4040 3580 4111 Neque

2013 4141 2099 4196 bis
2127 4141 2413 4210 quisquam
2449 4138 2610 4193 ﬁdem
2659 4139 2920 4208 deneget,
2955 4137 3136 4193 sciens
3176 4152 3335 4206 quam
3384 4138 3452 4192 sit
3495 4149 3582 4191 res

2013 4233 2470 4303 inexpugnabilis,
2532 4231 2660 4287 boni
2712 4230 2948 4299 Spiritus
2999 4231 3195 4298 virtus,
3249 4246 3368 4300 quae
3402 4239 3582 4300 potest

2013 4322 2195 4378 omnia
2229 4322 2386 4376 facile
2416 4321 2578 4375 edere
2603 4321 2887 4375 miracula.
2916 4321 3014 4374 Cui
3042 4321 3279 4375 sermoni
3312 4320 3416 4374 fert
3441 4320 3584 4373 testi-

2013 4417 2258 4472 monium
2316 4431 2468 4470 mare
2525 4415 2674 4486 virga
2734 4416 2986 4479 scissum,
3047 4424 3101 4468 et
3157 4414 3236 4468 sol
3261 4415 3414 4482 jussu
3467 4413 3583 4467 solo

349 4507 496 4577 ἥλιος
547 4509 642 4559 καὶ
689 4508 786 4576 τῆς
835 4509 1024 4578 πρόσω
1082 4510 1250 4577 φορᾶς
1286 4508 1623 4577 εἰργόμενος,
1679 4506 1789 4576 πῦρ
1833 4508 1905 4570 εἰς

2017 4509 2234 4569 sistens,
2289 4507 2706 4577 prohibitusque
2741 4507 2972 4560 ulterius
3023 4505 3296 4575 pregredi,
3349 4503 3490 4576 ignis
3525 4504 3581 4558 in

346 4600 534 4668 δρόσον
565 4600 1056 4670 μεταϐαλλόμενον,
1103 4601 1196 4653 καὶ
1251 4599 1383 4654 ἄλλα
1413 4601 1514 4652 ὅσα
1551 4597 1774 4651 τοιαῦτα
1809 4617 1913 4651 πα-

351 4693 587 4762 ραδόξως
611 4693 1181 4762 τεθαυματούργηται.

416 4787 538 4840 AI".
580 4786 793 4839 Γίνεται
825 4787 881 4838 δὲ
931 4788 1025 4838 καὶ
1056 4785 1184 4838 ἄλλο
1223 4783 1344 4838 κατ’
1397 4784 1568 4846 αὐτὴν
1611 4783 1783 4855 δήπου
1815 4784 1912 4856 τὴν

352 4879 457 4932 τῶν
486 4877 684 4948 Ζηφῶν
713 4879 940 4948 ἔρημον,
981 4878 1128 4942 ἄξιον
1162 4881 1260 4947 τῆς
1287 4876 1381 4930 τοῦ
1398 4877 1696 4947 δράσαντος
1736 4878 1910 4930 Εὑθυ·

352 4963 477 5040 μίσυ
506 4972 601 5024 καὶ
630 4969 872 5040 γνώμης,
913 4969 1005 5022 καὶ
1029 4971 1128 5040 τῆς
1167 4971 1296 5040 περὶ
1325 4971 1426 5040 τὴν
1447 4968 1727 5022 εὐσέϐειαν
1756 4969 1915 5038 ἀκρι·
1949 4983 1953 4988 ·

351 5063 524 5126 ϐείας.
566 5059 758 5133 Eupth
800 5062 908 5132 γάρ
939 5077 1088 5124 τινας
1119 5062 1176 5112 ὲν
1206 5063 1344 5132 αὐτῇ
1372 5061 1472 5131 τὴν
1501 5059 1593 5113 τοῦ
1641 5061 1918 5122 Μάνεντος

355 5157 640 5219 νοσοῦντας
672 5152 890 5225 μανίαν,
924 5153 1018 5207 καὶ
1053 5151 1252 5224 πολλὴν
1294 5153 1382 5205 ἀεὶ
1415 5153 1493 5221 τῷ
1518 5152 1786 5222 νοσήματι
1818 5151 1918 5220 τὴν

354 5246 596 5301 ἐπίδοσιν
635 5244 1014 5317 ποιουμένους,
1064 5244 1141 5315 τῷ
1201 5244 1407 5316 μηδένα
1455 5243 1777 5316 προσίεσθαι
1831 5243 1917 5296 τὸν

2017 4615 2195 4655 rorem
2226 4613 2547 4661 conversus,
2591 4607 2645 4652 et
2673 4595 2978 4651 consimilia
3020 4595 3124 4649 alia
3157 4594 3415 4649 miracula
3462 4609 3583 4664 qua:

2019 4699 2215 4763 praater
2253 4689 2563 4760 opinionem
2594 4686 2734 4742 facta
2763 4695 2912 4742 sunt.

2091 4785 2328 4840 XXXIII.
2364 4783 2448 4839 Fit
2476 4792 2656 4838 autem
2685 4782 2829 4837 aliud
2863 4797 3078 4852 quoque
3122 4781 3176 4835 in
3199 4795 3261 4836 ea
3289 4780 3582 4851 Zipborum

2022 4877 2334 4942 solitudine,
2378 4876 2598 4947 dignum
2629 4873 2900 4945 Euthymii
2931 4873 3167 4929 auctoris
3207 4881 3263 4927 et
3289 4883 3492 4940 mente,
3533 4882 3588 4926 et

2023 4980 2208 5026 exacta
2231 4969 2447 5040 pietate.
2492 4967 2626 5022 Nam
2656 4982 2778 5022 cum
2804 4966 3101 5021 invenisset
3132 4965 3186 5020 in
3219 4980 3280 5021 ea
3301 4966 3582 5034 quosdam,

2020 5063 2113 5132 qui
2139 5061 2366 5115 Manetis
2409 5058 2727 5114 laborabant
2775 5056 3007 5124 insania,
3042 5055 3325 5125 morbique
3359 5054 3583 5110 multam

2022 5166 2236 5221 semper
2287 5149 2557 5205 faciebant
2593 5148 2984 5214 accessionem,
3027 5162 3095 5204 eo
3118 5146 3262 5218 quod
3293 5145 3476 5201 nullus
3515 5143 3582 5198 ad

2022 5245 2271 5299 morbum
2291 5241 2588 5298 curandum
2614 5241 2842 5298 idoneus
2868 5241 3170 5306 accederet,
3186 5240 3276 5295 ille
3297 5254 3356 5296 se
3377 5235 3582 5295 dedens

1638 5381 1724 5436 VA
1735 5381 1885 5451 RUE,
1904 5383 2193 5440 LECTION
2203 5383 2302 5439 ES.

428 5533 446 5565 ί
487 5529 558 5584 al.
579 5523 852 5598 Βαριχῶν.
879 5522 988 5577 Int.
1017 5517 1441 5590 Παραϐαριχῶν.

1548 5659 1739 5715 JOAN.
1790 5657 2131 5715 BOLIAJSDI
2167 5655 2402 5713 NOTAE.

425 5793 642 5862 (38-39)
671 5787 1018 5859 Quaresmius
1060 5793 1308 5850 testatur,
1336 5797 1497 5855 prope
1524 5782 1808 5855 speluncas
1841 5782 2053 5838 aedilicii
2087 5781 2434 5838 fundamenta
2469 5776 2643 5833 arllutc
2677 5784 2894 5830 exstare
2923 5778 2976 5827 et
3008 5770 3323 5826 cisternam.
