3846 6462
258 329 366 395 623

1481 322 1762 384 ΜΕΝὲΙὸ
1801 320 2254 384 JANUARIUS.

3386 323 3497 388 θΞί

261 437 553 500 visitationi
573 435 851 493 hominum
902 435 1037 491 adeo
1072 432 1472 506 azgrotantium,
1521 441 1575 490 et
1621 433 1798 491 consti

1932 430 2270 503 θεραπεῦσαι
2304 432 2365 488 τδ
2417 433 2587 499 πάθος
2620 434 2818 500 ίκανῶς
2872 434 3080 506 ἔχοντα,
3125 436 3249 503 δοὺς
3303 437 3497 491 ἐαυτδν

260 541 421 587 tuens
466 529 521 585 in
552 528 943 600 peritissimum
978 526 1280 594 medicum,
1325 534 1475 581 tanta
1502 540 1610 582 eos
1630 541 1819 598 agres-

256 638 354 678 sus
378 630 463 678 est
481 630 627 688 arte,
659 620 846 690 sicque
877 626 937 673 ut
986 634 1017 673 a
1063 618 1252 673 monbo
1276 616 1616 673 discederent
1653 616 1818 686 (idem

255 725 436 770 autem
469 712 693 770 omnino
709 721 792 767 est
812 710 1016 774 dicere,
1042 707 1268 779 Περι-θεῖ)
1300 709 1584 764 verissime
1616 707 1817 772 effecit,

258 815 316 861 ut
345 807 523 877 ipsum
553 820 769 875 quoque
793 803 938 858 illius
968 811 1175 873 patrem
1212 799 1481 855 Manetem
1510 807 1696 870 aperte
1722 799 1818 855 abe-

254 897 520 963 dicarent,
550 904 607 952 et
633 894 780 952 claro
808 890 1487 964 subjicerentanathemati
1520 889 1819 960 ﬁerentquc

254 988 358 1060 ipsi
392 1003 514 1061 pars
554 985 865 1059 apostolica:
900 992 952 1042 et
988 984 1305 1041 orthodoxae
1331 983 1475 1039 ﬁdei.

317 1258 569 1318 XXXIV.
594 1259 700 1317 Sed
725 1268 1010 1332 postquam
1035 1257 1127 1314 hic
1152 1271 1367 1329 quoque
1397 1256 1599 1313 multos
1627 1271 1817 1312 rursus

247 1356 385 1415 vidit
405 1353 738 1411 conﬂuentes
789 1352 929 1424 (ipsa
956 1350 1103 1408 enim
1143 1349 1378 1406 solitudo
1426 1358 1542 1405 erat
1580 1349 1816 1406 circum-

244 1463 398 1524 septa
425 1451 580 1517 vicis,
606 1459 662 1506 et
684 1448 777 1520 qui
799 1457 919 1503 erat
954 1445 1099 1517 apud
1125 1444 1304 1515 ipsum
1322 1442 1627 1499 thesaurus
1653 1458 1816 1499 voca-

242 1548 338 1603 bat
367 1552 639 1600 amatores
666 1542 859 1598 barum
882 1536 1204 1610 spiritalium
1229 1535 1435 1592 cmlesti
1446 1550 1644 1606 umque
1673 1535 1814 1591 divi-

242 1637 484 1708 tiarum),
513 1642 794 1705 assumpto
829 1646 1024 1689 rursus
1058 1629 1449 1701 discipulosuo
1486 1627 1810 1692 Domitiano,

244 1724 618 1784 revertiturad
649 1722 843 1778 fratres
882 1730 939 1779 et
971 1722 1189 1778 beatum
1219 1718 1593 1776 Theoctistum
1634 1736 1648 1773 :
1690 1734 1813 1789 quae

1924 522 2130 586 ἐκεῖνος
2169 525 2249 589 είς
2303 526 2591 601 ἐπίσκεψιν
2629 528 2736 582 τῶν
2785 527 2929 582 οὕτω
2963 530 3213 600 πονήρως
3237 530 3495 602 ἐχόντων,

1922 615 2015 667 καὶ
2038 615 2220 685 ίατρὸς
2246 616 2647 687 ἐμμελέστατος
2664 620 2850 684 αὐτοῖς
2872 621 3171 687 καταστάς,
3187 619 3332 675 οὕτω
3358 638 3491 690 μετο

1922 704 2083 776 ἦλθεν
2130 707 2376 779 ἀτεχνῶς
2404 721 2454 775 ιι,
2486 711 2581 762 καὶ
2635 708 2806 775 οὕτως
2836 712 3140 782 άποστῆναι
3201 711 3303 783 τὴν
3335 712 3491 765 νόσον

1922 797 2137 869 (ταυτὸν
2163 799 2221 852 δὲ
2262 800 2480 866 πάντως
2528 802 2705 857 εἰπεῖν
2750 802 2849 874 τὴν
2877 801 3114 875 αἵρεσιν)
3150 802 3492 873 ἀληθέστατα

1922 889 2361 961 παρεσκεύασεν,
2382 891 2468 955 νὼς
2497 893 2591 947 καὶ
2606 892 2769 947 αὐτὸν
2783 893 2875 947 τὸν
2906 895 3119 966 ἐκείνης
3143 892 3355 965 πατέρα
3375 895 3492 947 Μά-

1920 996 2096 1045 νεντα,
2126 982 2375 1053 φανερῶς
2405 982 2750 1054 ἀποκηρύξαι
2783 986 2876 1038 καὶ
2915 987 3223 1055 άναθέματι
3249 970 3492 1057 λαμπρῷ

1919 1071 2340 1139 καθυποσαλετν,
2360 1075 2455 1127 καὶ
2482 1076 2648 1146 μέρος
2670 1077 2870 1136 αὐτοὺς
2892 1077 2988 1147 τῆς
3013 1077 3377 1149 ἀποστολικῆς
3396 1081 3492 1132 καὶ

1919 1163 2202 1234 ὀρθοδόξου
2234 1166 2488 1234 γενέσθαι
2511 1166 2765 1232 πίστεως.

1991 1255 2115 1312 ΛΔ’.
2154 1256 2305 1311 Ἐπεὶ
2329 1257 2390 1312 δέ
2421 1258 2650 1324 πολλοὺς
2670 1260 2950 1316 κάνταῦθα
2998 1262 3160 1316 πάλιν
3188 1262 3333 1333 ἐώρα
3362 1266 3489 1335 συρ⁸

1919 1347 2141 1418 ῥέοντα..
2182 1347 2410 1420 (κύκλῳ
2459 1350 2569 1424 γάρ
2594 1350 2737 1423 αὕτη
2784 1355 2907 1417 ταῖς
2922 1353 3159 1424 ζκώμαις
3205 1356 3240 1426 ἡ
3287 1354 3490 1426 ἔρημος

1918 1440 2281 1509 ἐστεφάνωτο,
2338 1441 2433 1496 καὶ
2455 1442 2486 1496 ό
2515 1441 2649 1514 παρ’
2678 1443 2828 1516 αὐτῷ
2860 1444 3134 1517 θησαυρὸς
3157 1446 3340 1500 ἐκάλει
3367 1450 3488 1511 τοὺς

1916 1531 2154 1604 ἐραστάς
2183 1532 2278 1587 τοῦ
2306 1535 2682 1605 πνευματικοῦ
2710 1536 2902 1591 τούτου
2938 1537 3169 1592 πλούτου
3195 1539 3289 1593 καὶ
3318 1539 3488 1611 ούρα-

1917 1622 2090 1705 νίου),
2115 1624 2207 1679 τὸν
2238 1625 2438 1681 οἰκεῖον
2488 1627 2736 1700 μαθητὴν
2764 1628 2920 1693 αὖθις
2953 1629 3287 1701 παραλαϐὼν
3314 1634 3481 1703 Aous-

1915 1715 2122 1782 τιανὸν,
2184 1716 2322 1788 πρὸς
2370 1718 2498 1782 τοὺς
2560 1719 2822 1786 άδελςοὺς
2899 1721 3208 1791 ἐπανήκει,
3245 1725 3339 1776 καὶ
3395 1725 3487 1778 τὸν

241 1836 329 1877 res
352 1832 540 1875 eorum
574 1816 748 1873 oculis
771 1814 1076 1887 gratissima
1107 1811 1245 1878 fuit,
1289 1810 1433 1866 sicut
1453 1818 1641 1867 aestate
1670 1824 1803 1880 aqua

1918 1808 2229 1882 μακαρίτην
2255 1809 2578 1867 Θεόκτιστον
2600 1814 2864 1885 ’πρᾶγμα
2877 1814 2990 1877 τοῖς
3016 1812 3197 1867 αὐτῶν
3219 1813 3487 1885 ποθούμεο

241 1914 309 1969 iis
338 1912 432 1983 qui
462 1911 548 1967 siti
577 1915 917 1981 premuntur.
944 1905 1081 1961 Cum
1111 1912 1292 1960 autem
1322 1902 1390 1959 ad
1419 1902 1707 1973 quemdam
1732 1901 1812 1957 lo-

241 2019 363 2060 cum
406 2000 750 2075 pervenisset
777 1998 959 2054 tribus
983 1995 1255 2068 lapidibus
1289 1993 1539 2051 dissitum
1569 2008 1602 2049 a
1623 2006 1811 2048 emno-

241 2096 351 2162 bio,
385 2107 620 2165 eumque
646 2090 946 2147 invenisset
968 2095 1082 2143 tum
1104 2095 1252 2143 recte
1283 2101 1343 2142 se
1371 2086 1574 2141 habere
1590 2093 1807 2150 natura,

242 2187 444 2258 positu,
483 2200 545 2241 ac
594 2181 876 2254 temperiei
919 2180 1201 2245 felicitate,
1253 2188 1369 2233 tum
1410 2177 1811 2249 iucundissimo

240 2279 640 2350 purissimaque
702 2288 828 2329 aere
877 2271 1207 2343 perspirari,
1242 2277 1357 2325 tum
1406 2270 1575 2324 multa
1626 2269 1809 2341 quiete

239 2375 385 2429 omni
408 2387 473 2428 ex
512 2379 666 2442 parte
686 2365 946 2431 serenari,
976 2364 1085 2419 illic
1111 2379 1235 2419 cum
1268 2363 1540 2434 discipulo
1583 2378 1807 2435 parvam

241 2470 518 2539 ingressus
546 2446 882 2534 speluncam,
915 2458 971 2514 in
985 2472 1058 2514 ea
1082 2467 1331 2514 versatus
1359 2465 1463 2514 est.

307 2627 524 2686 XXXV.
577 2626 803 2683 Divinus
863 2641 1029 2697 porro
1085 2624 1472 2695 Tlteoctistus,
1524 2639 1809 2700 comperto

238 2720 382 2776 illius
408 2719 665 2782 adventu,
706 2718 816 2774 non
893 2732 953 2773 se
1003 2718 1240 2789 amplius
1270 2723 1557 2775 continere
1608 2722 1805 2791 potuit,

236 2815 331 2869 scd
393 2813 462 2869 ad
517 2827 642 2868 eum
697 2810 965 2877 ascendit,
998 2811 1481 2869 vehementissime
1517 2814 1585 2869 ab
1613 2814 1805 2870 affectu

236 2915 560 2961 commotus.
605 2903 742 2959 Cum
773 2919 903 2960 vero
935 2904 1171 2960 libenter
1205 2912 1262 2960 et
1308 2905 1533 2962 vidisset
1571 2917 1627 2961 ct
1656 2908 1805 2962 visus

233 3007 400 3063 esset,
432 3012 498 3053 ac
524 2997 839 3068 spiritaliter
865 2997 1177 3063 salutasset,
1236 2997 1458 3054 nolebat
1499 2998 1569 3054 ab
1591 3014 1659 3054 eo
1687 2999 1801 3055 dis-

232 3090 407 3163 jungi,
452 3088 653 3145 amoris
706 3088 1116 3144 inevitabilibus
1164 3089 1413 3159 alligatus
1453 3090 1718 3149 vinculis.
1750 3099 1804 3145 et
1831 3126 1873 3183 ο

232 3196 345 3237 non
392 3180 671 3235 fallacibus
708 3178 983 3251 Euthymii
1035 3179 1311 3236 sireuibus
1361 3180 1639 3237 astrictus.
1688 3182 1802 3239 llo-

234 3274 391 3346 gabat
412 3287 539 3345 ergo
564 3279 623 3328 ut
654 3271 725 3327 ad
755 3271 1063 3328 cmnobium
1092 3279 1147 3328 et
1185 3271 1381 3329 fratres
1423 3273 1803 3340 descenderet,

234 3378 691 3435 communemque
732 3378 857 3419 cum
911 3364 995 3419 eis
1052 3372 1239 3436 ageret
1281 3364 1446 3420 vitam
1484 3366 1800 3422 asceticam.

235 3455 328 3510 lile
382 3461 587 3521 autem,
637 3468 852 3509 summo
879 3452 1082 3524 quietis
1131 3467 1318 3510 amore
1374 3463 1683 3526 correptus,
1747 3456 1801 3512 id

229 3545 452 3616 quidem
484 3558 596 3599 non
620 3543 814 3599 annuit
839 3540 1178 3608 Theoetisto,
1206 3543 1304 3599 sed
1333 3544 1608 3615 pollicitus
1628 3554 1713 3602 est
1739 3560 1800 3601 se

229 3637 457 3710 singulis
480 3635 776 3692 Dominicis
813 3634 883 3692 ad
904 3648 1011 3692 eos
1036 3649 1408 3702 accessurum,
1443 3635 1803 3693 adfuturum-

229 3746 335 3801 que
362 3745 552 3787 eorum
579 3728 798 3800 synaxi.

300 3822 539 3879 XXXVI.
584 3821 723 3878 Cum
758 3830 943 3877 autem
990 3821 1109 3895 ejus
1133 3822 1403 3881 adventus
1452 3824 1646 3883 nescio
1688 3841 1798 3897 quo

225 3917 389 3973 modo
418 3916 612 3971 fuisset
637 3914 973 3986 signiﬁcatus
1014 3914 1310 3984 Aspebeto,
1343 3917 1436 3985 qui
1463 3916 1569 3995 fuit
1605 3927 1799 3989 postea

226 4008 643 4079 cognominatus
671 4006 886 4073 Petrus,
920 4005 1126 4062 licebat
1152 4006 1335 4061 statim
1364 4007 1546 4064 videre
1569 4024 1797 4065 examen

226 4102 600 4173 Agareuorum
630 4106 1040 4170 congregatum.
1074 4096 1170 4153 Ille
1199 4097 1343 4153 enim
1375 4098 1561 4154 multis
1583 4114 1794 4168 eorum,

225 4193 374 4247 omni
410 4208 476 4246 ex
512 4204 710 4261 genere
741 4197 797 4244 et
822 4196 1000 4255 aetate,
1031 4188 1294 4252 collectis,
1330 4197 1390 4244 ut
1412 4189 1506 4260 qui
1532 4189 1649 4260 ipse
1687 4190 1799 4262 pri-

215 4300 350 4338 mus
415 4284 617 4338 bonum
658 4287 947 4353 gustasset,
997 4288 1054 4336 et
1092 4280 1333 4336 studeret
1381 4290 1443 4337 ut
1474 4282 1548 4336 illi
1579 4298 1798 4353 quoque

226 4386 410 4434 essent
428 4375 717 4447 participes
746 4371 1077 4437 dulcedinis,
1099 4373 1323 4429 adducit
1351 4390 1447 4430 cos
1483 4376 1551 4432 ad
1583 4376 1795 4448 Euthy-

1914 1917 2002 1954 vov
2030 1900 2352 1973 ὀφθαλμοῖς,
2377 1902 2454 1968 ὡς
2479 1905 2537 1959 ἐν
2566 1905 2714 1977 θέρει
2741 1906 2885 1977 ὕδωρ
2909 1908 3024 1969 τοῖς
3057 1906 3202 1977 διψει
3230 1906 3487 1980 πιεζομέο

1912 2009 2045 2057 νοις.
2076 1991 2173 2048 Ἐν
2196 1995 2386 2050 τινιδέ
2406 1996 2557 2067 τόπῳ
2593 1995 2743 2068 τρισὶ
2773 1997 3023 2068 σημείοις
3055 1997 3369 2069 διεστηκότι
3388 2000 3485 2055 τοῦ

1912 2085 2181 2141 κοινοόίου
2210 2087 2523 2158 γενόμενος,
2580 2090 2675 2142 καὶ
2698 2087 2888 2143 τοῦτον
2946 2088 3125 2162 εὑρὼν
3170 2090 3394 2161 φύσεώς
3424 2108 3483 2146 τε

1911 2178 2006 2232 καὶ
2040 2177 2241 2244 θέσεως
2302 2180 2398 2234 καὶ
2452 2179 2614 2253 ὡρῶν
2649 2180 2938 2253 εὐμοιρίας
2984 2182 3213 2249 καλῶςν
3266 2183 3481 2256 ἔχοντα,

1912 2275 2111 2347 ἡδίστῳ
2144 2292 2203 2329 τε
2235 2276 2359 2346 άέρι
2404 2275 2503 2331 καὶ
2532 2274 2912 2350 καθαρωτάτῳ
2938 2278 3350 2351 διαπνεόμενον,
3385 2283 3482 2336 καὶ

1911 2366 2079 2437 πολλῇ
2143 2366 2405 2422 πάντοθεν
2456 2366 2798 2438 γαληνιῶντα
2860 2370 2927 2440 τῇ
2979 2369 3217 2441 ἡσυχίᾳ,
3285 2368 3482 2442 μικρὸν

1910 2453 2235 2538 ύπεισῆλθεγ
2285 2456 2408 2509 ἐκεῖ⁹
2435 2455 2533 2509 σὺν
2574 2454 2653 2527 τῷ
2699 2455 2915 2529 μαθητῇ
2949 2459 3231 2531 σπήλαιον,
3259 2463 3354 2515 καὶ
3381 2462 3482 2525 τὰς

1908 2544 2189 2616 διατριϐάς
2227 2546 2288 2597 ἐν
2323 2545 2472 2618 αὐτῷ
2499 2547 2753 2601 ἐποιεῖτο.

1981 2635 2104 2691 ΛΕ’.
2164 2635 2370 2692 Μαθὼν
2433 2635 2491 2690 δὲ
2520 2638 2549 2691 ό
2599 2636 2742 2701 θεῖος
2793 2637 3118 2706 Θεόκτιστος
3149 2640 3246 2711 τὴν
3268 2642 3479 2697 ἐκείνου

1908 2728 2225 2798 ἐπιδημίαν,
2274 2727 2375 2782 οὐκ
2405 2728 2488 2781 ἐτι
2524 2727 2793 2793 καθεκτὸς
2823 2726 2913 2801 ἦν,
2959 2731 3077 2786 ἀλλ’
3134 2732 3309 2788 άνεισι
3339 2734 3480 2805 πρὸς

1908 2818 2092 2884 αὐτὸν,
2123 2818 2342 2891 θερμῶς
2364 2819 2471 2873 ὑπὸ
2502 2816 2597 2873 τοῦ
2634 2819 2839 2885 πάθους
2860 2830 2889 2859 ι
2917 2824 3294 2895 κεκινημένος.
3334 2826 3480 2882 Ἰδών

1907 2926 1967 2962 τε
1997 2910 2089 2964 καὶ
2115 2909 2301 2979 ὀφθεὶς
2339 2909 2433 2963 καὶ
2462 2908 2655 2979 ἡδέως,
2681 2909 2774 2963 καὶ
2801 2914 3190 2981 πνευματικῶς
3219 2915 3474 2970 ἀσπασά-

1910 3018 2092 3071 μενος,
2123 3002 2225 3055 οὺκ
2279 3000 2440 3071 ἡθελε
2483 3001 2675 3055 τούτου
2719 3000 3061 3073 διαζυγῆναι,
3090 3006 3307 3076 δεσμοῖς
3340 3008 3481 3076 ἀφύ-

1907 3108 2054 3155 κτοις
2082 3091 2173 3144 τοῦ
2193 3091 2415 3162 φίλτρου
2438 3090 2831 3162 πεπεδημένος,
2857 3093 2952 3145 καὶ
2971 3092 3076 3146 ὑπὸ
3092 3092 3200 3146 τῶν
3231 3094 3481 3165 ἀψευδῶν

1910 3178 2186 3253 Εὑθυμίου
2232 3182 2502 3252 σειρὴνων
2535 3180 2780 3254 στερρῶς
2830 3181 3110 3253 ἐχόμενος.
3145 3184 3347 3239 Ἐδεῐτο
3384 3180 3482 3239 οὖν

1910 3276 2006 3330 καὶ
2049 3274 2186 3346 πρὸς
2219 3274 2280 3328 τὸ
2302 3272 2567 3327 κοινόθιον
2600 3274 2698 3328 καὶ
2727 3273 2854 3338 τοὺς
2882 3274 3143 3346 ἀδελφοὺς
3174 3276 3478 3339 κατελθεῖν,

1908 3364 2004 3419 καὶ
2037 3364 2222 3434 κοινὴν
2251 3363 2437 3426 αὐτοῖς
2466 3362 2737 3417 ποιεῖσθαι
2765 3362 2864 3434 τὴν
2887 3363 3122 3436 ἄσκησιν
3141 3374 3190 3422 1.
3229 3365 3291 3421 ὐ
3308 3367 3367 3421 δὲ
3399 3368 3480 3438 τῷ

1909 3455 2125 3528 σφοδρῷ
2147 3456 2243 3525 τῆς
2262 3454 2491 3526 ἡσυχίας
2513 3452 2839 3525 βαλλόμενος
2865 3455 3051 3527 ἔρωτι,
3074 3457 3234 3512 τοῦτο
3257 3458 3360 3529 μὲν
3376 3461 3480 3514 οὐκ

1905 3552 2165 3607 ἐπένευσε
2183 3550 2510 3620 Θεοκτίστῳ,
2537 3547 2805 3619 ὑπέσχετο
2825 3549 2882 3604 δέ
2899 3551 3243 3622 καθεκάστην
3267 3553 3480 3624 Κυρια-

1906 3643 2009 3717 κὴν
2043 3643 2173 3715 παρ’
2202 3642 2401 3705 αὐτοὺς
2429 3639 2587 3704 ίέναι,
2618 3638 2714 3693 καὶ
2745 3642 3002 3713 παρεῖναι
3027 3643 3127 3696 καὶ
3146 3642 3326 3697 αὐτῶν
3355 3652 3378 3680 ιι
3408 3646 3476 3714 τῇ

1907 3736 2146 3802 συνάξει.

1973 3828 2478 3900 ΛςαΜηνυθείσης
2506 3829 2563 3884 δὲ
2582 3829 2682 3885 οὐκ
2702 3823 2819 3883 οῖδα
2846 3827 2994 3890 ὅπως
3017 3825 3120 3897 τῆς
3142 3825 3308 3881 αὑτοῦ
3330 3843 3477 3899 παρ-

1903 3921 2091 3983 ουσίας
2124 3920 2216 3975 καὶ
2254 3920 2572 3992 Ἀσπεὸέτῳ
2599 3920 2677 3992 τῷ
2716 3920 2813 3975 καί⁵
2835 3918 3029 3989 Πέτρῳ
3075 3918 3303 3990 ὕστερον
3340 3936 3473 3989 μετα

1903 4012 2284 4085 ονομασθέντι,
2320 4014 2525 4085 σμῆνος
2582 4008 2652 4085 ἧν
2694 4011 2896 4075 εὐθέως
2925 4012 3060 4083 όρᾷν
3080 4011 3192 4065 τῶν
3228 4012 3476 4083 Ἀγαρη-

1902 4105 2010 4159 νῶν
2063 4105 2471 4177 ἀθροιζόμενον.
2534 4102 2771 4165 Πολλοὺς
2818 4104 2928 4174 γὰρ
2955 4102 3135 4156 αὐτῶν
3172 4103 3379 4167 ἐκεῖνος
3408 4104 3475 4157 ἐκ

1902 4196 2105 4262 παντὸς
2132 4198 2328 4267 γένους
2368 4196 2465 4251 καὶ
2513 4194 2696 4267 πάσης
2741 4194 2960 4265 ἡλικίας
2999 4195 3349 4263 συναγαγὼν,
3384 4190 3477 4249 οἷα

1901 4291 1996 4344 καὶ
2041 4289 2259 4361 πρῶτος
2289 4287 2451 4351 αὐτὸς
2488 4286 2582 4342 τοῦ
2612 4285 2779 4341 καλοῦ
2832 4286 3192 4356 γευσάμενος,
3226 4286 3475 4340 σπεύδων

1902 4399 1961 4435 τε
1997 4381 2282 4445 κάκείνους
2314 4379 2637 4452 μεταλαϐεῖν
2675 4381 2777 4449 τῆς
2808 4377 3167 4448 γλυκύτητος,
3206 4380 3475 4449 προσάγει

225 4469 415 4523 mium.
457 4466 559 4534 Qui
606 4464 934 4521 adductione
966 4461 1122 4519 valde
1169 4462 1489 4531 delectatus,
1537 4465 1791 4537 virosque

1914 4472 1976 4543 τῷ
2003 4472 2280 4545 Εὑθυμίῳ.
2316 4472 2375 4525 '0
2417 4471 2475 4525 δὲ
2503 4472 2597 4524 καί⁵
2618 4470 2737 4524 λίαν
2771 4469 2961 4539 ἡσθεὶς
2995 4472 3067 4541 τῇ
3111 4475 3472 4541 προσαγωγῇ,

225 4560 490 4614 hilaribus
533 4558 707 4614 oculis
754 4556 1019 4623 intuitus,
1079 4558 1452 4626 pronuntiatis
1485 4573 1652 4628 super
1697 4573 1795 4614 eos

223 4652 395 4708 solitis
429 4650 703 4721 precibus,
733 4648 963 4705 deduxit
983 4648 1051 4704 ad
1081 4647 1277 4705 fratres
1303 4658 1360 4704 et
1378 4649 1793 4706 monasterium.

222 4745 428 4800 Deinde
470 4759 596 4800 cum
646 4757 742 4798 eos
786 4741 899 4797 illic
948 4741 1277 4814 baptizassct
1323 4757 1388 4798 ac
1442 4741 1791 4809 instituisset,

220 4847 383 4908 atque
416 4850 484 4890 ex
530 4835 621 4891 illo
654 4844 900 4905 tempore
931 4843 1142 4905 septem
1181 4833 1298 4889 dies
1339 4848 1465 4889 cum
1518 4833 1600 4889 eis
1648 4841 1797 4889 esset

221 4936 490 4993 versatus,
521 4942 740 4982 manere
759 4942 884 4983 cum
913 4927 1097 4983 multis
1116 4942 1226 4983 non
1248 4927 1350 4983 sibi
1372 4926 1607 4997 amplius
1635 4926 1793 4983 duxit

221 5019 502 5075 tolerabile
533 5033 549 5072 :
579 5034 768 5075 verum
817 5019 1039 5089 quietis,
1086 5027 1149 5074 ut
1185 5019 1440 5085 diximus,
1476 5018 1787 5088 inexplebili

220 5119 410 5181 captus
437 5109 730 5177 desiderio,
772 5110 841 5165 ad
864 5118 1181 5166 consuetam
1215 5110 1412 5166 iterum
1437 5109 1578 5166 redit
1598 5110 1784 5166 solitu-

219 5203 425 5259 dinem.

289 5292 545 5351 XXXVII.
578 5293 774 5351 Petrus
806 5295 971 5365 igitur
992 5294 1187 5351 videns
1216 5309 1341 5351 eum
1378 5294 1452 5350 ita
1487 5294 1608 5349 sine
1648 5303 1792 5349 tecto

218 5396 275 5441 et
304 5385 525 5458 inopem
553 5386 748 5444 sedere
781 5387 838 5442 in
859 5387 983 5443 loco
1012 5387 1251 5455 deserto,
1282 5403 1382 5459 pro
1412 5387 1662 5443 maximis
1691 5387 1788 5442 be-

216 5478 448 5548 neﬂciis,
481 5478 772 5551 bapt'smo,
803 5479 1046 5550 inquam,
1083 5486 1141 5536 et
1190 5479 1399 5546 salute,
1454 5479 1786 5535 mediocrem

1894 4566 1991 4620 καὶ
2013 4566 2171 4635 ,τοὺς
2220 4564 2421 4635 ἄνδρας
2453 4562 2661 4633 ἱλαροῖς
2690 4560 2815 4618 ίδὼν
2857 4561 3180 4632 ὀφθαλμοῖς,
3217 4561 3386 4632 εὐχάς
3412 4578 3475 4615 τε

1891 4658 1992 4721 τὰς
2045 4655 2105 4721 ἐξ
2157 4655 2313 4719 ἔθους
2347 4654 2532 4717 αὐτοῖς
2566 4654 2832 4717 ἐπειπὼν,
2898 4653 3129 4721 κατάγει
3175 4653 3311 4724 πρὸς
3344 4653 3472 4717 τοὺς

1894 4749 2158 4818 ἀδελφοὺς
2177 4747 2273 4802 καὶ
2298 4748 2359 4800 τὸ
2382 4746 2771 4817 μοναστὴριον.
2802 4739 2939 4799 Εἶτα
2968 4744 3238 4815 βαπτίσας
3268 4745 3471 4808 αὐτοὺς

1896 4842 2072 4893 ἐκεῖσε
2095 4840 2190 4893 καὶ
2220 4838 2534 4902 τελειώσας,
2568 4838 2662 4890 xal
2697 4837 2911 4907 ἡμέραν
2938 4836 3176 4907 ἑϐδόμην
3201 4837 3386 4901 αὐτοῖς
3410 4838 3470 4903 ἐξ

1898 4930 2108 4986 ἐκείνου
2136 4929 2543 5000 συνδιατρίψας,
2570 4929 2632 4983 τδ
2672 4931 2813 5000 μετά
2856 4927 3095 4995 πολλῶν,
3122 4928 3223 4982 οὐκ
3250 4927 3333 4981 ἔτι
3366 4945 3470 4997 φο-

1898 5022 2061 5092 ρητὸν
2110 5021 2259 5092 αὐτῷ
2313 5020 2530 5091 ἔκρινεν
2570 5032 2598 5062 ι
2620 5035 2634 5051 ο
2670 5018 2810 5074 ἀλλὰ
2845 5020 2945 5089 τῆς
2997 5020 3250 5091 ἡσυχίας,
3276 5019 3466 5091 ῶσπερ

1896 5113 2131 5183 ἔφημεν.
2157 5115 2446 5185 ἀπλήστως
2480 5113 2642 5185 ἐρῶν,
2663 5112 2801 5183 πρὸς
2832 5113 2931 5182 τὴν
2955 5113 3158 5184 συνήθη
3191 5114 3286 5167 καὶ
3304 5113 3469 5169 πάλιν

1898 5203 2177 5257 ἐπάνεισιν
2208 5205 2306 5275 ἐρη
2317 5202 2467 5273 μίαν.

1972 5291 2093 5347 ΛΖ’.
2133 5292 2190 5346 '0
2248 5293 2455 5363 Πέτρος
2498 5291 2592 5346 οὖν
2620 5291 2795 5358 οὕτως
2838 5293 3003 5348 αὑτὸν
3032 5293 3262 5364 άστεγόν
3291 5311 3350 5348 τε
3373 5296 3471 5350 καὶ

1897 5384 2101 5454 ἄπορον
2131 5384 2223 5436 ἐπὶ
2261 5383 2361 5453 τῆς
2386 5383 2624 5453 ἐρημίας
2654 5382 2782 5439 ίδὼν
2814 5384 3146 5457 καθήμενον,
3175 5385 3272 5440 καὶ
3299 5386 3467 5458 χάρι-

1894 5493 1994 5541 τας
2025 5476 2214 5546 ὥσπερ
2240 5473 2389 5546 αύτῷ
2426 5474 2679 5546 μεγάλων
2719 5475 2947 5548 μετρίας
2995 5476 3313 5545 ἀντιδιδοὺς,
3369 5479 3464 5533 τοῦ
3499 5510 3503 5516 -

1514 5588 1748 5645 VARUE
1790 5584 2197 5645 LECTIONES.

280 5683 391 5759 "al.
419 5682 686 5759 εύτέχνως
703 5691 768 5759 _et
792 5683 1076 5754 ἐντέχνως.
1153 5692 1179 5720 ν
1212 5683 1282 5738 al.
1328 5683 1517 5754 καλῆς.
1594 5693 1618 5719 ι
1641 5682 1710 5737 al.
1748 5680 1935 5736 πόθου.
2016 5685 2044 5726 1
2079 5676 2149 5731 al.
2184 5676 2287 5731 ius.
2332 5676 2578 5749 ἀγωγὴν,
2607 5677 2790 5759 κοινὴν
2810 5678 2904 5733 καὶ
2929 5681 3048 5752 τήν.
3130 5694 3153 5721 ι
3180 5688 3249 5746 al.
3276 5687 3461 5746 αὐτόν·

215 5765 241 5793 ι
271 5754 341 5809 al.
374 5753 578 5825 κρίνειν
609 5753 802 5819 ἔδοξεν.
