3846 6472
369 416 479 483 625

1634 421 1813 482 VlTA
1855 423 1913 482 S.
1955 424 2362 487 EUTHYMII.

3521 428 3628 492 626

367 532 768 604 βαπτίσματος,
802 533 966 603 φημὶ,
1002 533 1097 588 καὶ
1133 534 1232 606 τῆς
1268 534 1540 606 σωτηρίας
1567 575 1580 598 ,
1626 535 1948 606 οἰκοδόμους

2057 539 2216 596 veluti
2253 539 2503 596 referens
2539 541 2791 613 gratiam,
2823 539 3247 597 aediﬁcatoribus
3278 539 3464 596 multis
3490 557 3629 596 mero

367 627 461 680 ἐπὶ
497 624 676 696 μισθῷ
731 626 963 696 συχνοὺς
988 626 1018 666 ιι
1053 613 1590 698 μετακαλεσάμενος,
1647 627 1853 681 λάκκον
1887 630 1946 682 ἐν

366 719 444 789 τῷ
491 719 678 789 κήπῳ,
724 717 898 788 μέγαν
936 734 995 769 τε
1029 717 1124 770 καὶ
1156 717 1412 788 δίστομον
1441 717 1768 789 ἀνορὺσσει·
1798 718 1948 781 ὅστις

365 813 460 866 καὶ
495 814 576 870 είς
605 812 766 883 δεῦρο
811 812 892 865 ἔτι
940 811 1262 883 ὁρώμενόςο
1302 815 1485 866 ἐστιν·
1518 813 1856 883 ἀρτοποιεῖόν
1888 829 1947 866 τε

365 906 516 976 παρὰ
553 905 633 976 τῷ
671 905 860 976 λάκκῳ
911 905 1210 976 οἰκοδομεῖ,
1266 906 1360 959 καὶ
1393 905 1519 976 τρία
1553 904 1630 975 τῷ
1686 904 1948 975 Εὑθυμίῳ

368 998 556 1052 κελλία
615 997 1047 1062 κατασκευάζει·
1109 998 1314 1068 μεταξὺ
1374 999 1638 1052 δὲ-αὑτῶν
1665 998 1757 1052 καὶ
1799 995 1947 1051 οἷκον

365 1091 661 1162 εὐκτήριον
704 1091 1015 1161 ἀνεγείρει·
1060 1091 1204 1145 ὥστε
1247 1093 1475 1163 μηδενὸς
1509 1093 1617 1146 τῶν
1647 1094 1726 1156 είς
1759 1091 1948 1162 χρείαν

365 1185 552 1238 ἐπιδεᾶ
577 1183 934 1238 καθίστασθαι
960 1185 1050 1238 τὸν
1076 1185 1369 1255 Εὐθύμιον.

437 1276 564 1332 AH'.
622 1279 696 1331 Τὸ
739 1278 924 1348 μέντοι
983 1277 1092 1331 τῶν
1136 1276 1464 1349 Ἀγαρηνῶν
1523 1279 1748 1348 πλῆθος,
1807 1279 1945 1351 ὅπερ

366 1368 458 1422 ὑπ’
492 1367 679 1434 αὐτοῦ,
702 1367 955 1438 καθάπερ
994 1367 1165 1439 ἔφθην
1198 1367 1389 1433 εἰπὼν,
1442 1367 1796 1433 ἑϐαπτίσατο,
1860 1369 1947 1422 πί-

363 1477 474 1513 νειν
505 1460 593 1518 ἀεὶ
616 1460 857 1530 νάματος
893 1459 1157 1529 ἠδυτᾶτου
1181 1459 1498 1528 ποθοῦντες,
1533 1460 1670 1531 ὅπερ
1704 1463 1737 1531 ἡ
1772 1460 1943 1516 Εὐθυ-

367 1548 490 1618 μίου
522 1548 742 1617 γλῶττα
775 1548 1027 1618 φανερῶς
1059 1544 1152 1619 ἦν,
1189 1548 1391 1603 οὐκέτι
1427 1549 1549 1603 οὐδὲ
1584 1553 1780 1621 μικρὸν
1821 1553 1946 1604 ἁπο-

369 1642 562 1710 στῆναι
610 1642 860 1712 ἠνείχετο
887 1640 936 1707 δ,
993 1641 1129 1695 ἀλλὰ
1163 1641 1384 1714 θερμῶς
1417 1643 1548 1714 παρ’
1585 1641 1733 1714 αὖτῷ
1763 1643 1946 1714 μένειν

364 1735 554 1796 ἐδεῖτο,
601 1735 695 1787 καὶ
727 1733 941 1805 τρυφὴν
974 1733 1139 1787 αὐτοῦ
1188 1735 1281 1787 καὶ
1315 1735 1460 1807 ζωῆς
1494 1734 1641 1806 ὕδωρ
1674 1736 1945 1790 ποιεῖσθαι

364 1828 488 1888 τοὺς
506 1826 714 1895 ἳόγους.
733 1826 790 1880 Ὀ
807 1825 886 1888 δὲ,
905 1827 1315 1897 ἀπερίσπαστον
1329 1827 1508 1898 ἐαυτῷ
1524 1828 1585 1882 τὸ
1601 1829 1700 1899 τῆς
1715 1827 1945 1898 ἡσυχίας

2048 633 2179 688 cede
2231 633 2530 699 arcessitis,
2598 650 2852 707 magnam
2907 634 3204 692 cisternam
3281 632 3392 690 duo
3424 633 3630 690 haben-

2052 734 2160 780 tem
2191 726 2331 781 ostia
2363 725 2500 782 fudit
2534 727 2590 782 in
2617 727 2780 782 horto
2805 768 2820 793 ,
2855 743 2976 798 quae
3011 727 3067 784 in
3095 727 3431 784 hodiernum
3454 741 3628 796 usque

2052 813 2199 869 diem
2235 815 2478 870 cernitur
2514 815 2768 883 fessique
2802 824 3089 881 remanet;
3129 813 3198 870 ad
3228 829 3391 885 quam
3431 814 3626 868 cister-

2051 920 2178 960 nam
2213 905 2448 962 aediﬁcat
2478 906 2718 977 paniﬁcii
2748 905 3038 972 oﬁicinam,
3069 915 3124 962 et
3154 907 3318 960 cellas
3352 915 3462 960 tres
3490 920 3627 960 con-

2051 999 2219 1053 struit
2262 999 2599 1070 Eutbymio;
2655 999 2800 1053 inter
2837 1013 2932 1054 eas
2981 1008 3164 1054 autem
3217 997 3419 1054 excitat
3463 996 3629 1051 etiam

2048 1089 2347 1145 oratorium
2375 1107 2388 1144 :
2427 1090 2566 1145 adeo
2595 1099 2656 1144 ut
2685 1090 2887 1145 nullius
2935 1104 3128 1144 eorum
3149 1127 3166 1154 ,
3210 1104 3332 1159 quae
3362 1087 3430 1143 ad
3469 1103 3628 1143 usum

2047 1183 2416 1237 necessarium
2440 1182 2812 1252 pertinebant.
2849 1190 3034 1252 egeret
3058 1180 3412 1252 Euthymius.

2120 1272 2412 1330 XXXVIII.
2457 1275 2835 1344 Agarenorum
2863 1289 2997 1329 vero
3038 1272 3354 1337 multitudo,
3397 1287 3536 1342 quae,
3572 1281 3632 1326 ut

2047 1367 2198 1437 prius
2232 1367 2364 1430 dixi,
2385 1366 2487 1420 fuit
2513 1367 2580 1420 ab
2609 1382 2675 1421 eo
2695 1364 2989 1436 baptizata,
3014 1379 3045 1420 e
3070 1364 3394 1420 snavissimo
3424 1362 3630 1416 ﬁuento

2050 1475 2268 1528 semper
2321 1459 2507 1514 bibere
2563 1458 2929 1523 desiderans,
2982 1456 3129 1528 quod
3180 1455 3396 1526 quidem
3443 1464 3630 1526 aperte

2045 1561 2168 1606 erat
2221 1551 2402 1622 lingua
2433 1550 2734 1621 Euthymii,
2793 1564 2907 1605 non
2956 1549 3193 1619 amplius
3226 1563 3295 1603 ne
3344 1547 3630 1602 minimum

2048 1643 2272 1714 quidem
2318 1643 2386 1698 ab
2439 1658 2506 1697 eo
2537 1641 2821 1696 disre'ere
2884 1639 3243 1705 sustinebat;
3286 1640 3381 1695 sed
3433 1639 3634 1696 aciter

2048 1734 2376 1803 precabatur
2406 1743 2467 1788 ut
2500 1732 2646 1804 apud
2676 1733 2852 1802 ipsum
2874 1740 3140 1795 maneret,
3166 1732 3393 1801 ejusque
3425 1746 3633 1786 sermo-

2051 1844 2149 1883 nes
2187 1827 2414 1882 haberet
2439 1841 2538 1897 pro
2569 1826 2784 1885 deliciis
2813 1830 2870 1881 et
2907 1840 3047 1896 aqua
3089 1824 3234 1880 vitm.
3296 1824 3390 1878 llle
3424 1833 3628 1888 autem,

365 1919 526 1972 καλὸν
553 1920 855 1990 συντηρῶν,
874 1921 1003 1991 τῇδε
1034 1920 1134 1991 μὲν
1154 1921 1350 1985 αὐτοὺς
1379 1922 1478 1975 οὐκ
1517 1923 1582 1994 ἐᾷ
1607 1922 1905 1994 διατρίϐειν
1925 1940 1938 1952 ’

2057 1921 2140 1992 qui
2173 1920 2276 1974 sibi
2313 1920 2668 1976 conservabat
2693 1919 3025 1976 indivulsum
3052 1917 3253 1987 quietis
3277 1918 3508 1979 bonum,
3532 1933 3629 1971 eos

365 2012 598 2079 ἑτέρωσε
644 2009 979 2079 δέιὰγαγὼν,
1049 2011 1142 2064 κού⁵
1179 2010 1306 2065 ναὸν
1353 2009 1539 2074 αὐτοῖς
1583 2011 1679 2064 καὶ
1738 2010 1942 2081 σκηνὰς

367 2102 552 2172 κύκλῳ
575 2101 908 2172 διαχαρὰξας
950 2101 1088 2173 (ἔστι
1118 2101 1174 2154 δὲ
1207 2102 1236 2154 6
1269 2101 1434 2166 τόπος
1469 2101 1675 2172 μεταξὺ
1717 2101 1825 2154 τῶν
1850 2101 1942 2154 δύο

365 2194 847 2264 φροντιστηρίων),
872 2192 1166 2264 δείμασθαι
1217 2193 1416 2257 αὐτοὺς
1445 2205 1471 2232 ο
1500 2193 1642 2247 κατὰ
1669 2193 1728 2246 τὸ
1758 2196 1945 2264 σχῆμα

363 2287 465 2354 τῆς
487 2286 751 2356 γραμμῆς
780 2285 874 2338 καὶ
910 2285 972 2338 τὸ
1006 2285 1263 2355 μέγεθος,
1288 2285 1381 2338 καὶ
1417 2285 1603 2355 μένειν
1639 2287 1695 2340 ἐν
1727 2284 1939 2349 αὐτοῖς(

365 2381 718 2450 ἐπισκήπτει.
746 2371 822 2432 Οὖ
843 2379 908 2450 δὴ
938 2379 1034 2432 καὶ¹
1051 2379 1475 2449 οίκοδομήσασιν
1506 2379 1718 2444 ἐαυτοῑς
1741 2381 1942 2450 οἰκίας,

366 2473 458 2524 καὶ
491 2473 569 2534 είς
635 2472 694 2524 τὸ
727 2471 856 2541 ἑξῆς
911 2471 1264 2542 εὐπαρέδρως
1318 2471 1804 2542 διαμεμενηκόσιν,
1843 2473 1945 2525 ἐπ-

366 2564 560 2628 εφοίτα
603 2562 842 2632 συνεχῶς
866 2562 894 2615 6
927 2562 1104 2631 μέγας
1137 2562 1432 2633 Εὐθύμιος,
1468 2563 1560 2617 καὶ
1587 2547 1736 2628 ὅπως
1777 2560 1943 2635 εἶχον,

369 2655 455 2706 ἀεὶ
487 2655 878 2709 ἐπεσκέπτετο.
913 2655 1069 2726 ’ᾙδει
1101 2657 1214 2727 γὰρ
1264 2650 1375 2708 οἷον
1420 2655 1720 2710 κάντεῦθεν
1763 2656 1945 2728 ἐαυτῷ

370 2747 582 2816 πορίζει
619 2745 680 2799 τὸ
722 2746 934 2817 κέρδος.
981 2747 1092 2800 Καὶ
1117 2748 1178 2800 οὐ
1231 2748 1502 2820 πρότερον
1531 2749 1747 2818 ἀπέστη
1783 2749 1946 2803 τοῦτο

367 2837 557 2900 ⁴ποιῶν,
589 2836 693 2899 ἕως
720 2837 962 2908 ἐκάθηρέ
1003 2854 1062 2890 τε
1093 2837 1189 2891 καὶ
1215 2838 1427 2910 ἤσκησε
1448 2837 1546 2902 τὰς
1577 2837 1802 2892 ἐκείνων
1838 2836 1946 2907 ψυ-

367 2929 490 2999 χὰς,
524 2929 620 2982 καὶ
675 2929 780 2982 ὑπὸ
811 2928 1170 3000 πρεσϐυτέρῳ
1203 2929 1297 2983 καὶ
1325 2931 1595 2994 διακόνοις
1652 2929 1947 2984 τάττεσθαι

367 3013 799 3092 παρεσκεύασεν.
834 3021 998 3074 Ὥστε
1047 3022 1325 3094 διαμένειν
1375 3023 1492 3076 ἐκεῖ
1521 3022 1800 3095 ἔστερξαν,
1849 3024 1949 3095 οὐχ

368 3115 424 3168 οἱ
444 3115 707 3185 πρότεροι
742 3115 769 3156 8
798 3113 1211 3184 βαπτισθέντες,
1252 3114 1392 3168 ἀλλὰ
1418 3116 1514 3168 καὶ
1553 3115 1738 3169 πολλοὶ
1770 3115 1948 3187 ἕτεροι

367 3203 476 3258 τῶν
511 3203 858 3275 καθεκὰστην
892 3206 1228 3276 προσιόντων
1279 3205 1430 3278 αὑτῷ
1473 3207 1566 3260 καὶ
1613 3205 1947 3278 βαπτιζομέ-
1977 3271 2016 3292 Π

369 3314 492 3352 νων.

435 3391 560 3446 ΛΘ“.
616 3391 802 3455 Οὕτως
834 3391 929 3445 οὖν
975 3391 1185 3464 σφόδρα
1233 3392 1658 3464 πληθυνομένων
1694 3392 1803 3446 τῶν
1847 3393 1947 3463 τῆς

372 3482 552 3556 Ἀγαρ
576 3483 729 3552 υίῶν,
761 3484 855 3538 καὶ
879 3485 958 3548 είς
987 3484 1086 3555 τὴν
1109 3485 1283 3557 ἀληθῆ
1313 3484 1598 3555 εὐγένειαν
1622 3502 1972 3557 μεταποιουυ

371 3576 570 3647 μένων,
601 3577 681 3641 είς
712 3575 1000 3647 διαφόρους
1029 3594 1091 3630 τε
1115 3576 1539 3648 πλατυνομένων
1570 3577 1947 3650 παρεμϐολὰς»

370 3669 580 3739 πέμπει
608 3668 745 3740 πρὸς
781 3669 1138 3723 Ἰουϐενάλιον
1200 3669 1292 3724 τδν
1327 3669 1678 3742 πατριάρχην
1718 3671 1950 3740 Ἱεροσο-

369 3759 555 3830 λύμων
585 3762 614 3814 6
649 3761 792 3824 θεῖος
820 3761 1093 3832 Εὑθύμιος
1127 3761 1426 3815 ἐπίσκοπον
1473 3761 1657 3824 αὐτοῖς
1691 3778 1814 3814 τινα
1844 3778 1952 3832 χει-

373 3851 730 3923 ροτονηθῆναι
752 3852 951 3924 ζητῶν.
977 3853 1087 3906 Καὶ
1109 3853 1191 3919 ὃς,
1219 3853 1426 3925 Πέτρον
1448 3852 1598 3924 αὑτῷ
1619 3852 1712 3906 τὸν
1737 3853 1952 3924 πατέρα

370 3944 708 4016 Τερέβωνος,
748 3945 1098 4012 ἀποστέλλει,
1159 3938 1247 3998 οἷα
1287 3944 1593 4017 προστῆναι
1624 3961 1686 3998 τε
1735 3944 1948 4015 ψυχῶν,

369 4038 464 4092 καὶ
491 4037 758 4108 ὁδηγῆσαι
785 4037 921 4105 πρὸς
952 4037 1250 4110 σωτηρίαν,
1282 4037 1484 4102 ἱκανῶς
1505 4037 1720 4108 ἔχοντα.
1746 4031 1953 4108 Πέτρος

376 4129 470 4199 μὲν
493 4128 588 4183 οὖν
622 4128 797 4193 οὕτως
831 4131 860 4170 ιι
891 4131 1187 4194 ἐπίσκοπος
1218 4129 1324 4184 τῶν
1359 4129 1724 4202 παρεμϐολῶν
1752 4131 1809 4184 ἐν
1845 4131 1955 4186 [Ια-

373 4219 620 4292 λαιστίνῃ
657 4221 874 4292 πρῶτος
896 4222 1306 4292 χειροτονεῖται.
1325 4219 1391 4272 Ἢ
1410 4219 1468 4272 δὲ
1492 4219 1601 4273 τῶν
1624 4217 1956 4290 Σαρακηνῶν

378 4312 618 4381 πληθὺς,
673 4312 766 4368 ίσα
835 4314 931 4367 καὶ
985 4312 1246 4380 ποταμῶν
1323 4310 1592 4383 ῥεύμασιν
1639 4311 1954 4365 ἀνεννάωνί

375 4403 633 4474 ἐπέρρει·
669 4405 763 4458 καὶ
793 4405 844 4458 οἱ
867 4403 963 4460 νῦν
998 4405 1339 4475 προσιόντες,
1375 4405 1488 4466 τοῖς
1521 4403 1762 4472 φθάσασι
1784 4419 1956 4472 προσ-

377 4497 616 4551 ετίθεντο
636 4514 650 4528 ·
685 4499 780 4552 καὶ
807 4489 956 4552 οὗτοι
1004 4497 1204 4561 πάντες
1236 4500 1304 4568 τῇ
1357 4497 1611 4568 σφραγῖδι
1640 4496 1733 4549 τοῦ
1764 4495 1958 4567 βαπτί-

2045 2016 2266 2087 quidem
2301 2030 2412 2070 non
2447 2014 2579 2070 sinit
2603 2015 2694 2072 hic
2721 2013 2969 2081 versari;
3003 2013 3098 2069 sed
3133 2013 3242 2067 alio
3267 2029 3363 2068 eos
3399 2013 3627 2073 ducens,

2047 2119 2172 2162 cum
2203 2103 2462 2175 templum
2499 2113 2554 2158 et
2587 2103 2937 2162 tabernacula
2983 2102 3063 2156 eis
3117 2099 3637 2171 circumscripsissa

2048 2199 2153 2268 (est
2177 2205 2358 2253 autem
2382 2197 2538 2253 locus
2568 2198 2710 2252 inter
2735 2197 2845 2251 duo
2879 2194 3254 2266 monasteria),
3264 2193 3426 2266 jussit
3452 2203 3510 2248 ut
3535 2208 3643 2248 ex.

2049 2292 2426 2361 struantjuxta
2451 2290 2834 2361 descriptionis
2855 2289 3081 2360 ﬁguram
3103 2298 3155 2344 et
3175 2286 3630 2358 magnitudinem,

2049 2395 2210 2453 atque
2234 2383 2368 2438 inibi
2400 2383 2672 2438 habitent.
2715 2381 2837 2450 Quo
2859 2381 3079 2452 quidem
3113 2380 3166 2434 in
3198 2380 3319 2435 loco
3348 2390 3631 2450 postquam

2049 2475 2155 2530 sibi
2188 2473 2528 2530 aediﬁcarunt
2560 2473 2751 2529 domos
2773 2517 2785 2540 ,
2831 2480 2886 2527 et
2912 2473 2968 2526 in
2993 2471 3074 2526 eis
3105 2469 3363 2539 deinceps
3410 2467 3634 2522 as:iduc

2049 2575 2506 2639 perseverarunt,
2557 2565 2874 2635 frequenter
2918 2577 3147 2635 magnus
3194 2561 3500 2619 ventitabat
3523 2560 3632 2615 Eu-

2052 2660 2328 2731 thymius;
2375 2668 2431 2714 et
2467 2658 2928 2729 quemadmodum
2963 2672 3022 2712 se
3061 2656 3369 2722 haberent,
3417 2669 3635 2724 semper

2050 2753 2278 2806 visebat.
2317 2751 2534 2806 Sciebat
2557 2751 2702 2806 enim
2731 2759 2994 2821 quantum
3022 2765 3092 2805 ex
3112 2765 3177 2805 eo
3199 2749 3334 2804 lucri
3357 2748 3458 2804 sibi
3481 2763 3632 2804 com—

2051 2852 2284 2916 pararet.
2319 2842 2429 2899 Nec
2455 2843 2607 2911 prius
2628 2841 2841 2897 destitit
2864 2842 2968 2896 hoc
2992 2839 3190 2904 facere,
3217 2840 3392 2894 donec
3418 2839 3634 2893 illorum

2049 2934 2258 2990 animas
2273 2933 2523 3004 purgavit
2550 2941 2607 2987 et
2631 2931 2894 2996 exercuit,
2918 2929 3212 3000 etl‘ecitque
3235 2937 3294 2984 ut
3318 2929 3636 3000 presbytero

2051 3041 2115 3081 ac
2153 3024 2400 3079 diaconis
2453 3024 2762 3080 subcssent.
2823 3022 3189 3089 Quamobrem
3234 3020 3346 3076 illic
3385 3020 3638 3075 lubenter

2051 3127 2377 3174 manserunt
2400 3159 2414 3180 .
2472 3133 2580 3172 non
2614 3116 2649 3174 ii
2678 3117 2777 3172 soli
2825 3117 2917 3186 qui
2955 3115 3174 3171 fuerant
3205 3115 3418 3186 priores
3444 3114 3638 3184 bapti—

2053 3209 2193 3277 zati,
2246 3210 2341 3266 sed
2373 3211 2536 3264 etiam
2567 3207 2725 3262 multi
2772 3207 2862 3262 alii
2914 3223 2982 3261 ex
3042 3205 3110 3261 iis
3160 3206 3252 3278 qui
3279 3205 3525 3276 quotidie
3567 3205 3636 3260 ad

2051 3319 2176 3360 eum
2207 3302 2500 3357 veniebant
2528 3310 2581 3356 et
2614 3299 3054 3370 baptizabantur.

2122 3395 2366 3453 XXXIX.
2408 3395 2543 3450 Cum
2577 3410 2705 3465 ergo
2735 3409 2906 3463 usque
2943 3392 3080 3446 adeo
3147 3391 3638 3460 multiplicareatur

2052 3491 2147 3548 ﬁlii
2179 3493 2388 3562 Agaue,
2425 3498 2482 3546 et
2503 3487 2568 3542 ad
2604 3503 2784 3544 veram
2817 3486 3238 3545 traducerentur
3268 3482 3636 3546 nobilitatem,

2053 3585 2219 3654 inque
2261 3583 2476 3639 diversa
2511 3587 2893 3636 excrescerent
2938 3584 3154 3642 castra,
3205 3575 3374 3630 mittit
3422 3573 3638 3630 divinus

2052 3675 2381 3748 Euthymius
2417 3674 2482 3728 ad
2516 3671 2834 3726 Iuvenalem
2869 3668 3371 3740 Hierosolymorum
3405 3667 3638 3737 patriar-

2054 3765 2344 3838 chamﬂﬁ)
2365 3763 2652 3836 postulans
2677 3770 2735 3816 ut
2751 3761 2831 3815 eis
2847 3759 3198 3815 ordinaretur
3218 3774 3232 3808 ι
3251 3757 3526 3830 pisCupns.
3543 3756 3638 3810 ille

2055 3870 2191 3912 vero
2215 3855 2285 3910 ad
2315 3869 2440 3911 eum
2479 3851 2644 3907 mittit
2678 3851 2896 3906 Petrum
2926 3857 3135 3920 patrem
3164 3846 3495 3912 Terehonis,
3548 3854 3636 3900 ut-

2056 3959 2182 4021 pote
2216 3949 2474 4004 idoneum
2499 3946 2591 4018 qui
2625 3943 3436 4016 praeossetanimabusmasque
3469 3940 3640 3997 dedu-

2056 4051 2208 4100 ceret
2225 4042 2292 4098 ad
2311 4041 2466 4096 eﬂllll'
2486 4057 2558 4094 m.
2576 4039 2666 4096 Sic
2682 4044 2864 4108 itaque
2890 4038 3088 4093 Petrus
3111 4036 3400 4107 episcopus
3420 4033 3640 4090 Castro-

2060 4149 2181 4189 rum
2213 4131 2326 4203 (M)
2353 4132 2407 4186 in
2459 4130 2747 4189 Palaestina
2771 4129 2982 4200 primus
3003 4128 3312 4187 ordinatur.
3335 4126 3640 4181 Saraceno-

2061 4240 2183 4279 rum
2214 4233 2396 4279 aulem
2429 4221 2750 4287 multitudo,
2800 4236 2912 4274 non
2942 4235 3100 4275 secus
3128 4235 3192 4274 ac
3218 4219 3504 4273 ﬂuviorum
3539 4232 3637 4288 pe-

2062 4318 2314 4374 rennium
2345 4317 2569 4379 ﬂuenta,
2595 4313 2883 4380 aﬁluebat;
2917 4323 2971 4367 et
2998 4313 3092 4382 qui
3116 4328 3261 4368 nunc
3289 4311 3640 4374 accedebant,

2063 4409 2461 4478 adﬁciebantur
2493 4408 2810 4478 prioribus;
2844 4406 2989 4476 iique
3015 4419 3206 4460 omnis
3231 4403 3428 4474 signati
3459 4407 3643 4474 s’gna-

2064 4502 2188 4557 culo
2215 4501 2469 4570 baptismi
2495 4539 2510 4562 ,
2560 4501 3098 4555 cunnumerabantur
3135 4513 3259 4552 cum
3291 4511 3452 4568 grege
3481 4494 3643 4550 Chri—

379 4605 584 4658 σματος
619 4588 1032 4660 σημειούμενοι,
1087 4592 1154 4662 τῇ
1189 4589 1295 4643 τῶν
1357 4589 1703 4660 Χριστιανῶν
1737 4589 1948 4660 ποίμνῃ

2065 4596 2385 4650 stianorum.
2442 4593 2552 4650 Sed
2576 4593 2642 4648 de
2685 4593 2771 4650 bis
2819 4593 3040 4662 quidem
3085 4606 3148 4646 ea
3194 4606 3314 4660 qua:
3343 4589 3485 4644 dicta
3515 4600 3644 4644 sunt

381 4680 831 4752 συνηριθμοῦντο.
875 4682 1038 4736 Ἀλλὰ
1082 4682 1212 4753 περὶ
1258 4681 1358 4754 μὲν
1392 4682 1631 4747 τούτων,
1649 4682 1862 4752 ἀπόχρη
1890 4682 1961 4736 τὰ

379 4775 669 4845 εἰρημένα.
703 4776 865 4847 Ἠμῖν
895 4776 953 4830 δὲ
1009 4777 1200 4832 λοιπὸν
1231 4777 1319 4832 ἐπ’
1354 4776 1638 4846 ἐκεῖνατῷ
1670 4775 1814 4846 λόγῳ
1857 4775 1958 4847 βα-

377 4867 605 4931 διστέον,
631 4868 753 4922 ὅθεν
782 4869 956 4922 ταῦτα
983 4870 1160 4925 εἰπεῖν
1190 4869 1482 4940 ἐξέϐημεν.

451 4961 536 5014 Μ’.
581 4963 694 5014 Οὐκ
729 4957 844 5033 εἶχε
892 4961 1121 5034 γνώμης
1167 4964 1195 5016 6
1247 4963 1422 5032 μέγας
1482 4961 1776 5033 Εὑθύμιος,
1834 4960 1958 5018 οὔτε

381 5051 646 5106 κοινόϐιον
685 5054 816 5124 περὶ
841 5055 934 5106 τὸν
968 5055 1134 5107 τόπον
1159 5055 1387 5124 ἐκεῖνον,
1429 5048 1554 5106 οὔτε
1585 5051 1798 5124 λαύραν
1815 5051 1955 5118 ὅλως

383 5144 774 5213 συστήσασθαι.
805 5145 904 5202 Διὰ
935 5145 1108 5202 ταῦτα
1138 5147 1232 5203 καὶ
1253 5146 1416 5218 ἡνίκα
1449 5147 1592 5210 τινὲς
1626 5146 1759 5216 πρὸς
1791 5146 1956 5200 αὑτὸν

2065 4688 2362 4744 sufﬁciunt.
2425 4686 2592 4742 Nobis
2637 4703 2767 4743 vero
2795 4687 3055 4756 deinceps
3095 4702 3158 4740 eo
3194 4683 3523 4754 conferenda
3559 4693 3646 4740 ist

2063 4780 2261 4844 oratio,
2294 4779 2440 4834 unde
2470 4780 2538 4836 ad
2564 4780 2680 4835 haec
2706 4778 2936 4835 dicenda
2966 4778 3192 4850 dignSsi
3227 4793 3441 4832 sumus.

2102 4956 2250 5019 'XL.
2289 4959 2411 5014 Non
2461 4959 2694 5014 habebat
2741 4973 2972 5030 magnus
2994 4958 3319 5030 Euthymius
3345 4958 3402 5014 in
3435 4959 3642 5025 animo,

2065 5067 2171 5108 nec
2225 5050 2570 5116 coenobium,
2611 5065 2714 5107 nec
2745 5051 2951 5106 lauram
3004 5050 3228 5107 omnino
3260 5065 3328 5106 eo
3369 5050 3471 5106 loci
3511 5066 3649 5107 con-

2065 5154 2298 5202 struere.
2338 5146 2514 5215 Atque
2542 5153 2832 5217 pmptcrea
2866 5146 3080 5215 quoties
3110 5144 3276 5216 aliqui
3304 5143 3370 5199 ad
3394 5159 3521 5200 eum
3554 5161 3648 5208 ve,

1615 5239 1850 5296 VARIIE
1911 5239 2319 5297 LECTIONES.

454 5337 484 5412 ἓξ
513 5337 583 5391 al.
616 5337 798 5412 συχνῴ
834 5335 989 5412 οἶμαῄι
1020 5341 1190 5412 τόπῳ.

384 5404 718 5480 πρότερον.”
752 5404 779 5446 5
817 5404 1101 5476 διξοῦτος.
1142 5404 1153 5412 ’
1185 5414 1201 5453 ί
1235 5413 1306 5467 al.
1340 5404 1594 5475 ἀεινᾶως.

1275 5353 1296 5380 ιτ
1333 5342 1405 5396 al.
1432 5338 1842 5411 ὀρωρυγμένος.
1915 5338 1942 5378 ά
1980 5338 2054 5393 al.
2100 5337 2268 5392 inser.
2312 5336 2501 5390 αὑτοῦ.

2584 5349 2608 5379 9
2639 5339 2709 5393 al.
2741 5338 2929 5402 αὑτάς.
3017 5339 3036 5378 ί
3072 5339 3142 5394 al.
3188 5338 3402 5403 αὑταῖς.
3517 5338 3545 5379 ⁸
3571 5336 3642 5391 al.

1574 5503 1766 5561 .IOAN.
1809 5503 2153 5562 BOLLANDI
2192 5501 2428 5559 NOTAE.

457 5598 568 5675 (ῥθ)
597 5597 672 5654 De
695 5599 844 5655 obitu
881 5599 1000 5668 ejus
1021 5609 1333 5671 ettempore
1367 5601 1792 5675 patriarchatns,
1825 5603 1963 5658 intra

386 5685 440 5723 ιι.
470 5669 562 5724 96.

456 5740 800 5815 (-H)_Gr:ece_
817 5741 1118 5805 ἐπίσκοπος
1146 5743 1254 5815 τῶν
1273 5745 1658 5815 παρεμϐολῶν.
1695 5745 1810 5812 Quo
1849 5763 1936 5797 um

386 5810 467 5885 «_|_o_
513 5811 843 5885 subscripsit
881 5815 1100 5885 synodo
1180 5810 1467 5885 Ephesium
1522 5835 1611 5870 an.
1675 5810 1775 5871 Ch.
1835 5817 1958 5881 451,

388 5883 429 5935 Ι]
448 5881 600 5952 έτρος
616 5881 999 5955 Παρεμϐολῆς,
1023 5881 1308 5956 episcopus
1335 5889 1631 5955 cupiarum,
1664 5899 1958 5940 casti-mne-

2077 5605 2362 5662 talionum.
2393 5614 2486 5657 ant
2513 5599 2888 5653 tentoriorum.
2918 5595 3050 5648 Vide
3087 5611 3204 5662 qua:
3245 5599 3311 5649 de
3343 5597 3647 5650 Saraceno-

2080 5692 2196 5728 rum
2234 5677 2478 5729 moribus
2511 5672 2574 5725 Μ
2602 5668 2826 5723 Jannar.
2863 5685 2890 5720 ιι
2934 5667 2992 5720 S.
3023 5667 3140 5719 Nlo
3173 5671 3422 5718 dicuntur
3470 5670 3520 5718 in
3569 5669 3649 5719 hi-

2059 5747 2236 5798 storia
2282 5746 2445 5800 czedis
2491 5742 2710 5795 Patrum
2762 5737 3113 5790 Sinaitaruln.
3155 5767 3225 5777 --
3263 5736 3416 5790 Alius
3455 5738 3650 5792 Petrus

2070 5817 2364 5883 episcopus
2387 5815 2494 5866 τῶν
2525 5807 2894 5883 Παρεμϐολῶν
2921 5807 3241 5872 subscripsit
3268 5809 3497 5863 "Ollt'lllo
3524 5807 3651 5862 llic-

2072 5877 2460 5956 rusolyniitano
2495 5877 2624 5937 anni
2663 5881 2784 5933 556.
2820 5877 3178 5931 (ὶοτιίιιειιιυέ.
