3846 6500
215 387 319 448 02⁷1
1476 385 1634 445 ΜΕΝ
1640 387 1755 446 $15
1786 429 1792 447 ε

1895 387 2246 449 ἿυΑΒΙΗΞ.
3345 385 3452 452 523

219 504 449 566 nissent,
495 499 609 555 sive
639 498 844 553 mundo
871 497 1279 564 renuntiantes,
1330 500 1447 556 sive
1492 500 1784 556 afferentes

1895 501 2274 574 παραδάλοιεν,
2303 501 2412 556 εἴτε
2434 500 2626 572 κόσμῳ
2666 501 3125 572 ἀποτασσόμινοι,
3164 503 3275 560 εἴτε
3328 506 3454 562 τινὰ

222 593 462 663 quaadam
493 591 562 646 ad
589 606 748 646 usum
775 590 1020 661 corporis
1044 594 1370 655 necessaria,
1409 593 1477 647 ab
1501 608 1568 648 eo
1592 608 1784 650 rursus

1895 594 1997 649 τῶν
2032 596 2169 665 πρὸς
2200 592 2296 665 τὴν
2350 591 2542 663 χρείαν
2569 591 2665 646 τοῦ
2699 591 2951 663 σώματος
2982 594 3451 666 ἐπικομιζόμενοι,

222 686 289 741 ad
349 686 570 741 beatum
622 683 997 739 Theoctistum
1043 684 1572 740 transmittebantur.
1647 685 1783 752 Quia

222 794 354 835 vero
376 779 487 851 jam
510 792 744 848 superne
766 775 1112 833 Providentia
1138 777 1411 847 sapienter
1426 777 1783 846 dZSpnsueiat,

223 879 284 924 ut
304 870 417 924 haec
442 868 780 923 habitaretur
805 869 1079 936 solitudo;
1100 876 1287 939 utpote
1310 885 1430 940 qua:
1452 880 1602 926 certo
1618 871 1788 927 si-iret

223 958 277 1014 id
296 958 439 1028 quod
461 967 581 1013 erat
608 956 875 1025 futurum,
899 972 1010 1014 rem
1027 958 1236 1013 scilicet
1251 958 1366 1014 fore
1388 960 1572 1015 multis
1596 961 1786 1019 salutis

222 1065 440 1105 causam
466 1067 480 1116 ;
502 1049 769 1104 accedunt
790 1049 857 1104 ad
882 1064 1008 1103 eum
1025 1050 1246 1120 quidam
1265 1066 1495 1105 numero
1512 1060 1623 1107 tres
1647 1050 1784 1124 (42),

220 1140 418 1195 fratres
471 1137 770 1195 secundum
836 1155 1088 1207 carnem;
1124 1140 1214 1209 qui
1276 1140 1519 1211 germina
1565 1141 1787 1210 quidem

218 1240 377 1287 erant
409 1231 791 1302 Cappadocum
816 1228 1073 1302 regionis,
1098 1230 1153 1285 in
1185 1230 1351 1302 Syriae
1399 1240 1578 1312 autem
1610 1239 1786 1285 tractu

220 1325 456 1387 educati,
486 1324 596 1379 illic
623 1324 676 1378 in
707 1323 908 1378 virtute
931 1332 985 1377 et
1012 1322 1255 1378 doctrina
1299 1338 1357 1377 se
1384 1330 1741 1377 exercue:ant
1771 1340 1785 1388 ;

220 1402 593 1481 Cdsmasﬂii),
626 1413 959 1485 Chrysippus
975 1414 1110 1484 (44),
1134 1413 1580 1483 GabrieliusUS).
1616 1413 1665 1466 ls
1695 1428 1790 1467 an-

229 1516 336 1560 tem
362 1504 569 1560 faciens
592 1513 647 1560 ut
677 1513 1058 1569 consueverat,
1086 1520 1187 1560 nec
1213 1521 1307 1560 eos
1327 1504 1567 1567 admisit,
1588 1513 1642 1558 et
1658 1512 1788 1557 acta-

227 1609 334 1651 tcm
374 1605 520 1652 certe
569 1612 799 1652 causans
825 1596 1145 1667 iuvenilem,
1193 1604 1551 1667 mutuumque
1580 1606 1788 1651 natura:

222 1688 590 1759 amorem,qui
619 1689 782 1743 etiam
810 1689 947 1744 solet
967 1698 1024 1743 ut
1050 1687 1338 1759 plurimum
1363 1703 1591 1745 avocare
1615 1703 1789 1743 acon-

224 1788 466 1835 tenttone
494 1780 938 1845 exercitationis;
980 1790 1036 1836 et
1069 1780 1303 1835 maxime
1325 1781 1471 1851 quod
1511 1788 1661 1837 esset
1689 1780 1791 1836 Ga-

1886 684 1964 755 τῷ
1989 684 2263 756 μακαρίτῃ
2295 684 2456 739 πάλιν
2481 683 2573 739 ὑπ’
2593 684 2759 738 αὐτοῦ
2779 688 3206 757 παρεπέμποντο
3227 686 3453 741 Θεοκτί-

1888 793 2017 848 στῳ.
2053 777 2191 847 Ἤδη
2221 775 2277 830 δὲ
2303 775 2402 848 τὴν
2434 775 2640 848 ἔρημον
2688 776 2993 846 οἰκισθῆναι
3031 776 3238 848 ταύτην
3273 778 3454 846 σοφῶς

1886 867 2092 924 ἄνωθεν
2130 868 2231 939 τῆς
2260 866 2518 938 προνοίας
2564 866 2955 939 οἰκονομούσης
2977 907 2993 932 ,
3026 863 3118 921 οἷα
3145 868 3209 940 δὴ
3248 869 3345 922 καὶ
3393 869 3456 921 τὸ

1889 960 2084 1031 μέλλον
2134 959 2393 1028 ἀσφαλῶς
2448 958 2772 1028 ὲγνωκυίας,
2826 958 2908 1012 ὅτι.
2957 957 3171 1023 πολλοῖς
3213 958 3366 1011 ἔσται
3396 956 3456 1010 τὸ

1887 1055 2121 1124 πρᾶγμα
2150 1052 2422 1124 σωτηρίας
2454 1051 2707 1115 ὑπόθεσις
2728 1068 2743 1082 ·
2780 1051 3069 1122 προσίασιν
3098 1049 3248 1122 αὐτῷ
3284 1065 3453 1110 τινες,

1884 1145 1976 1197 τὶν
2009 1143 2237 1212 ἀριθμὸν
2296 1145 2466 1210 τρεῖς,
2509 1142 2729 1211 ἀδελφοὶ
2756 1142 2896 1195 κατά
2924 1141 3101 1212 σάρκα
3126 1157 3139 1172 °
3177 1138 3322 1209 φυτὰ
3354 1138 3457 1209 μὲν

1886 1236 1985 1302 τῆς
2016 1233 2398 1287 Καππαδοκῶν
2434 1234 2606 1297 ὄντες,
2659 1238 2717 1287 ἐν
2752 1237 2822 1305 γῇ
2864 1234 2920 1287 δὲ
2955 1234 3053 1303 τῆς
3088 1233 3288 1303 Συρίας
3317 1247 3450 1301 τρα-

1889 1329 2101 1397 φέντες,
2134 1327 2225 1380 καὶ
2263 1329 2464 1398 ἀρετὴν
2512 1328 2631 1380 ἐκεῖ
2660 1326 2755 1380 καὶ
2805 1326 3053 1380 παιδείαν
3081 1327 3454 1394 ἀσκήσαντεςο

1890 1420 2137 1490 Κοσμᾶς,
2161 1418 2505 1490 Χρύσιππος,
2540 1419 2635 1472 καὶ
2665 1417 3013 1489 Γαϐριήλιος.
3054 1416 3113 1470 Ὀ
3139 1415 3194 1469 δὲ
3223 1416 3293 1468 τὰ
3329 1432 3457 1467 συν-

1889 1508 1994 1580 ήθη
2027 1509 2216 1573 ποιῶν,
2248 1508 2370 1562 οὐδὲ
2417 1506 2642 1572 τούτους
2688 1507 2963 1578 προσίετο,
2994 1505 3054 1559 τό
3076 1522 3136 1559 τε
3189 1504 3307 1557 νέον
3356 1501 3459 1569 τῆς

1889 1600 2104 1671 ἡλικίας
2135 1601 2375 1669 ἀτεχνῶς
2397 1598 2751 1668 αἰτιώμενος,
2785 1596 2991 1651 καὶτὸν
3030 1595 3163 1667 πρὸς
3196 1593 3459 1664 ἀλλήλους

1889 1694 1988 1763 τῆς
2021 1694 2236 1762 φύσεως
2291 1690 2477 1755 πόθον,
2529 1690 2587 1754 ὃς
2626 1690 2721 1745 καὶ
2771 1688 3047 1760 περισπᾷν
3101 1682 3243 1740 οἶδεν
3282 1685 3357 1748 ὼς
3390 1683 3462 1738 τὰ

1892 1787 2063 1842 πολλὰ
2106 1786 2168 1839 τὸ
2191 1785 2442 1841 σύντονον
2470 1784 2573 1854 τῆς
2609 1782 2927 1854 ἀσκήσεωςο
2960 1781 3054 1834 καὶ
3097 1779 3351 1850 μάλιστα,
3399 1775 3462 1829 τὸ

220 1868 447 1926 brieltus
474 1872 653 1927 adhuc
676 1872 994 1927 adolescens
1020 1888 1084 1926 ac
1114 1872 1396 1928 imberbis.
1445 1872 1524 1927 Illi
1548 1887 1678 1943 ergo
1705 1872 1790 1927 his

1897 1879 2184 1953 μειράκιον
2214 1877 2297 1931 ἔτι
2322 1878 2412 1931 τὸν
2437 1875 2760 1947 Γαὸριήλιον
2786 1869 2948 1937 εἶναι,
2973 1872 3069 1940 καὶ
3092 1868 3295 1942 τριχῶν
3317 1869 3462 1938 ἔχειν

220 1962 287 2015 de
322 1963 499 2018 causis
541 1979 635 2018 eos
679 1962 965 2019 admittere
1013 1963 1324 2019 nullatenus
1388 1963 1654 2033 placebat.
1713 1963 1789 2017 Ea

221 2069 351 2108 vero
379 2062 541 2109 nocte
580 2055 729 2108 venit
755 2055 821 2109 ad
852 2055 1030 2123 ipsum
1064 2054 1117 2106 in
1146 2054 1355 2108 somnis
1382 2052 1595 2121 aliquis,
1641 2067 1794 2107 man-

221 2145 355 2200 dans
388 2153 503 2200 tum
536 2154 595 2199 ut
627 2145 823 2202 fratres
873 2147 1183 2216 exciperet:
1211 2145 1351 2199 Sunt
1387 2145 1565 2211 enim,
1596 2146 1789 2215 inquit,

220 2236 290 2290 ab
326 2235 447 2305 ipso
482 2237 590 2291 Deo
617 2236 682 2290 ad
715 2246 767 2291 te
796 2235 991 2301 missi;
1048 2245 1163 2290 tum
1205 2244 1263 2290 ut
1290 2235 1546 2305 deinceps
1575 2245 1795 2306 paratus

222 2333 367 2382 e‘sset
393 2327 459 2382 ad
487 2314 888 2398 susceptionem
924 2326 1213 2396 cujuslibet
1255 2326 1566 2382 accedentis
1607 2336 1665 2383 et
1692 2343 1792 2382 vo-

219 2418 404 2474 lentis.
451 2418 609 2473 Mane
641 2418 804 2490 igitur
835 2418 1149 2489 pra-claram
1201 2418 1346 2473 illam
1393 2418 1793 2475 fraternitatem

221 2520 276 2565 et
307 2511 688 2583 cognationem
724 2510 1052 2581 suscipiens,
1097 2520 1158 2565 ut
1183 2510 1488 2580 eijusserat
1515 2510 1673 2575 visio,
1717 2511 1795 2564 ait

220 2603 431 2659 Cosmze
462 2603 534 2673 (is
557 2603 757 2673 quippe
791 2603 999 2673 primus
1024 2612 1142 2659 erat
1182 2610 1338 2659 aetate
1367 2601 1510 2657 inter
1537 2600 1752 2672 fratres)
1776 2620 1790 2655 :

225 2694 320 2749 Sic
365 2710 464 2766 ego
501 2694 721 2764 quidem
760 2694 871 2764 jam
914 2693 1038 2759 feci,
1089 2694 1341 2749 nimirum
1384 2695 1537 2765 juxta
1583 2708 1648 2748 ea
1673 2708 1794 2764 qua:

222 2784 358 2839 mihi
387 2801 418 2840 a
444 2785 555 2841 Deo
584 2786 835 2842 mandata
865 2785 1106 2852 fuerunt,
1140 2795 1302 2857 atque
1326 2801 1425 2843 vos
1453 2786 1509 2840 in
1534 2786 1676 2841 lianc
1701 2785 1795 2840 do-

224 2894 369 2932 mum
409 2877 642 2940 admisi;
687 2877 755 2932 de
784 2886 978 2934 caetero
1003 2878 1100 2934 tibi
1132 2888 1349 2949 tempus
1373 2888 1490 2944 est,
1535 2876 1795 2948 utjunio-

225 2987 338 3025 rem
368 2986 431 3025 ex
458 2970 717 3028 fratribus
740 2970 1074 3028 Gabrielium
1104 2971 1243 3026 intra
1270 2971 1471 3026 cellam"
1491 2970 1793 3036 contineas,

1892 1973 2046 2044 ψιλὸν
2082 1972 2175 2026 τὸν
2228 1970 2487 2038 πώγωνα.
2526 1968 2749 2039 Ἑκείνῳ
2782 1967 2882 2038 μὲν
2912 1965 3005 2019 οὖν
3062 1960 3462 2034 προσδέξασθαι

1891 2062 2113 2125 τούτους
2141 2061 2228 2114 διὰ
2256 2059 2450 2122 ταῦτα,
2483 2060 2544 2112 τὸ
2569 2059 2830 2130 παράπαν
2860 2054 3181 2126 ἀβούλητον.
3206 2052 3371 2122 Φοιτᾷ
3403 2048 3462 2103 δέ

1892 2174 1979 2220 τις
2009 2155 2141 2225 ὄναρ
2165 2153 2314 2225 αὑτῷ
2339 2153 2440 2222 τῆς
2466 2150 2656 2214 νυκτὸς
2686 2150 2924 2220 ἐκείνης,
2957 2144 3214 2212 δέξασθαί
3252 2161 3312 2197 τε
3336 2142 3462 2203 τοὺς

1892 2248 2153 2316 ἀδελφοὺς
2185 2245 2543 2316 ἐπισκήπτων
2600 2242 2768 2311 (Πρὸς
2801 2239 2966 2294 αὑτοῦ
3010 2239 3118 2309 γάρ
3180 2238 3318 2290 εἰσιν
3351 2236 3463 2289 ἀπ-

1893 2337 2213 2408 εσταλμένοι
2233 2353 2338 2397 σοι,
2357 2338 2510 2404 φησὶ,
2537 2333 2631 2388 τοῦ
2661 2332 2847 2404 Θεοῦ),
2872 2334 2963 2384 καὶ
2987 2332 3047 2384 τὸ
3084 2328 3292 2392 λοιπὸν,
3323 2328 3465 2381 ἕτοι-

1894 2449 1994 2501 μον
2015 2431 2095 2492 είς
2130 2428 2399 2497 ὑποδοχὴν
2430 2423 2568 2481 εἶναι
2601 2425 2695 2479 τοῦ
2726 2424 3044 2497 προσιόντος
3077 2424 3170 2476 καὶ
3199 2419 3462 2492 βουλομέ-

1893 2539 1984 2576 νου
2016 2521 2235 2585 παντός.
2269 2520 2478 2574 Ἒωθεν
2511 2519 2695 2571 τοίνυν
2715 2517 2815 2589 τὴν
2845 2515 3014 2585 καλὴν
3062 2513 3277 2582 ἐκείνην
3302 2511 3464 2566 ἀδελ-

1894 2616 2102 2684 φότητα
2132 2612 2227 2666 καὶ
2247 2611 2522 2683 συμφυΐαν
2549 2608 2974 2678 ὑποδεξάμενος,
2996 2604 3071 2669 ὡς
3101 2605 3135 2674 ἡ
3164 2602 3285 2672 ὄψις
3315 2598 3466 2670 αὐτῷ

1895 2702 2217 2774 παρηγγύα,
2250 2703 2383 2771 φησὶ
2412 2700 2488 2771 τῷ
2509 2699 2707 2770 Κοσμᾷ
2747 2691 2923 2768 (οὗτος
2945 2695 3054 2767 γὰρ
3081 2696 3109 2747 ὁ
3167 2691 3466 2761 πρωτεύων

1893 2797 2014 2851 καθ’
2046 2796 2266 2868 ἠλικίαν
2298 2794 2407 2848 τῶν
2435 2792 2726 2861 ἀδελφῶν),
2759 2790 2835 2853 ὡς
2882 2787 3027 2857 Ἐγὼ
3057 2787 3155 2857 μὲν
3188 2787 3465 2855 πεποίηκα

1893 2883 2017 2955 ἤδη,
2063 2881 2207 2936 κατὰ
2252 2881 2423 2935 ταῦτα
2457 2879 2585 2946 γοῦν
2651 2896 2741 2950 μοι
2794 2878 2861 2933 τὰ
2904 2876 3270 2944 ἐντεταλμένα
3315 2873 3467 2945 παρὰ

1895 2975 2054 3042 Θεοῦ,
2088 2976 2184 3030 καὶ
2220 2976 2366 3048 ὑμᾶς
2394 2972 2627 3028 ἐνταῦθα
2658 2972 3057 3043 είσῳκισάμην.
3096 2969 3189 3022 Σοὶ
3223 2968 3277 3022 δὲ
3302 2964 3455 3038 ὧραί

221 3071 275 3116 et
322 3077 663 3133 nequaquam
707 3062 758 3117 ei
807 3062 1081 3118 licentiam
1135 3062 1369 3117 exeundi
1413 3061 1642 3116 tribuas.
1699 3062 1792 3115 Est

1896 3065 2080 3120 λοιπὸν
2108 3066 2199 3119 τὸν
2227 3066 2492 3137 νεώτερον
2522 3064 2631 3118 τῶν
2662 3061 2909 3130 ἀδελφῶν
2932 3059 3295 3132 Γαϐριήλιον,
3336 3057 3468 3110 εἵσω

221 3153 367 3209 enim
390 3168 476 3208 res
506 3153 660 3209 valde
684 3153 986 3224 periculosa
1011 3163 1066 3209 et
1096 3152 1350 3207 insidiosa
1365 3152 1602 3207 aliorum
1623 3152 1792 3208 oculis

1896 3157 1992 3212 τοῦ
2013 3159 2243 3230 ζκελλίου
2281 3155 2585 3228 καθεῖρξαι,
2621 3156 2715 3208 καὶ
2753 3152 3019 3224 μηδαμῶς
3046 3149 3193 3221 αὐτῷ
3240 3148 3466 3219 ἐφειμέ-

227 3246 511 3301 muliebris
539 3245 727 3311 facies,
768 3245 1014 3316 adeoque
1050 3245 1199 3300 laevis
1239 3256 1293 3299 et
1327 3244 1531 3315 glabra.
1586 3243 1792 3300 Deinde

1896 3270 1994 3323 qu
2028 3250 2200 3305 θεῖναι
2240 3250 2340 3319 τὴν
2391 3248 2591 3313 ἔξοδον.
2630 3247 2845 3318 Σφόδρα
2887 3246 2996 3316 γὰρ
3035 3242 3337 3311 ἐπισφαλὲς
3369 3240 3467 3293 καὶ

223 3338 484 3395 nonnulla
521 3354 736 3410 quoque
774 3338 984 3410 aperuit
1006 3354 1071 3393 ex
1114 3337 1180 3393 iis
1208 3353 1328 3408 quae~
1356 3346 1512 3392 erant
1546 3338 1596 3393 ei
1629 3353 1792 3394 even-

1895 3340 2011 3396 λίαν
2050 3342 2339 3395 ἐπίϐουλον
2365 3342 2476 3403 τοῖς
2508 3337 2617 3391 τῶν
2652 3337 2827 3391 ἄλλων
2852 3334 3149 3405 ὀφθαλμοῖς
3177 3330 3467 3401 γυναικεία

224 3440 344 3485 tura
371 3471 389 3496 ,
440 3429 666 3486 dicens:
716 3430 917 3487 Verum
964 3445 1074 3485 non
1103 3438 1238 3501 puto
1285 3438 1337 3483 te
1361 3428 1522 3501 longo
1554 3437 1792 3499 tempore

1895 3432 2037 3500 ὗψις,
2066 3432 2162 3486 καὶ
2195 3431 2339 3485 οὓτω
2383 3430 2543 3493 λείως
2570 3429 2666 3484 καὶ
2697 3427 2867 3498 ψιλῶς
2917 3425 3137 3496 ἔχουσα.
3186 3418 3336 3487 Εἶτα,
3372 3419 3469 3475 καὶ

226 3523 314 3578 hic
351 3524 515 3579 vitam
552 3533 842 3591 acturum;
908 3523 1003 3580 sed
1049 3521 1303 3579 Ecclesiae
1340 3520 1792 3593 Scythopolitanae

1895 3526 2000 3580 τῶν
2059 3525 2361 3597 μελλόντων
2389 3521 2537 3592 αύτῷ
2589 3519 2864 3594 συμϐῆναί
2916 3536 3041 3572 τινα
3072 3514 3464 3586 παρεγύμνου·

223 3616 594 3687 praefecturam
646 3616 962 3689 propediem
995 3616 1248 3687 accipies.
1304 3615 1481 3685 Atque
1526 3614 1642 3670 haec
1670 3614 1795 3685 qui-

223 3710 344 3764 dem
378 3709 432 3764 in
464 3711 817 3781 susceptione
840 3710 1105 3765 virorum.
1154 3774 1161 3782 ,

1906 3618 2053 3674 Ἀλλ’
2081 3618 2181 3672 οὐκ
2210 3611 2364 3687 οἶμαί
2397 3632 2481 3679 σε,
2500 3614 2696 3683 λέγων,
2722 3613 2889 3667 πολὺν
2918 3608 3149 3665 ἐνταῦθα
3184 3608 3372 3679 χρόνον
3392 3604 3469 3657 δι-

1894 3712 2157 3780 αγαγεῖνο
2191 3708 2328 3763 ἀλλὰ
2362 3708 2463 3779 τὴν
2501 3705 2836 3776 προστασίαν
2869 3702 2985 3775 μετ’
3020 3703 3079 3756 ού
3118 3700 3251 3754 πολὺ
3278 3699 3375 3769 τῆς
3410 3696 3467 3749 ὲν

224 3805 552 3861 Σκυθοπόλει
596 3805 921 3877 Ἐκκλησίας
982 3806 1387 3877 ὲγχειρισθήσῃ.
1467 3804 1608 3876 Πλὴν
1658 3803 1792 3860 ἀλλὰ
1845 3803 2017 3859 ταῦτα
2061 3805 2159 3876 μὲν
2212 3805 2305 3858 ἐπὶ
2359 3806 2427 3873 τῇ
2463 3801 2745 3871 παραδοχῇ
2795 3798 2904 3853 τῶν
2969 3797 3197 3868 ἀνδρῶν.

297 3901 429 3957 XLI.
472 3900 600 3957 Post
627 3918 727 3959 eos
760 3911 940 3957 autem
989 3899 1227 3971 seipsqu
1255 3897 1504 3969 permisit
1535 3895 1792 3952 oumibus

226 3990 434 4061 ingredi
462 3990 832 4058 cupientibus,
860 4000 1087 4060 eratque
1142 3990 1403 4059 deinceps
1429 3987 1495 4042 ad
1523 3985 1794 4056 excipieno

235 4083 353 4137 ilum
382 4083 779 4153 paratissimus.
838 4082 1053 4138 Etenim
1082 4081 1283 4152 excipit
1310 4080 1597 4152 quemdam
1631 4081 1796 4136 Dom-

229 4174 498 4247 num(46),
525 4193 588 4231 ex
612 4176 960 4232 Antiocliena
988 4174 1205 4245 quidem
1235 4173 1457 4229 civitate
1481 4171 1799 4239 oriundum,

225 4274 454 4329 Joannis
504 4285 653 4335 vero,
680 4267 771 4339 qui
820 4266 893 4322 illi
925 4264 1457 4337 praeeratEcelesite,
1504 4279 1572 4320 ex
1615 4279 1801 4321 sorore

227 4373 504 4436 nepotem.
553 4359 795 4433 Suscipit
821 4358 986 4415 etiam
1015 4358 1151 4414 alios
1186 4366 1320 4423 tres,
1360 4356 1554 4413 fratres
1582 4372 1802 4430 genere,

230 4458 401 4528 patria
424 4456 729 4523 Melitenos,
761 4453 1122 4510 consobrinos
1140 4449 1361 4524 Synodii
1382 4449 1527 4505 illius
1550 4450 1642 4522 qui
1676 4466 1801 4506 cum

228 4550 426 4606 Acacio
467 4550 794 4605 educaverat
822 4546 1212 4619 Eutbyiuium;
1262 4558 1491 4613 quorum
1541 4543 1790 4606 nomina,

228 4641 685 4715 Stephanus(47),
709 4637 1104 4709 Andreas(48),
1140 4633 1524 4706 Gaianus(49).
1548 4632 1680 4689 Post
1705 4649 1800 4689 eos

225 4751 355 4792 vero
378 4734 488 4807 (50)
543 4733 810 4790 Joannem
845 4746 1060 4806 quoque
1096 4729 1492 4785 Bliaithensem
1514 4727 1800 4799 presbyte—

1974 3895 2112 3953 ΜΝ.
2144 3898 2301 3952 Μετὰ
2341 3895 2397 3949 δὲ
2430 3896 2676 3959 τούτους,
2726 3894 2929 3961 ἀνῆκεν
2965 3891 3154 3944 ἑαυτὸν
3188 3890 3323 3942 πᾶσι
3356 3890 3469 3942 τοῖς

1901 3994 2241 4065 εἰσέρχεσθαι
2278 3990 2644 4064 βουλομένοις.
2687 3990 2797 4043 Καὶ
2843 3985 2910 4059 ἦν
2959 3986 3052 4040 τοῦ
3085 3983 3275 4038 λοιποῦ
3331 3983 3470 4054 πρὸς

1903 4085 2168 4156 ὑποδοχὴν
2198 4084 2564 4153 ἑτοιμότατος.
2600 4080 2949 4151 ’Υποδέχεται
2982 4079 3081 4149 μὲν
3131 4077 3238 4148 γὰρ
3265 4076 3469 4145 Δὸμνον

1902 4176 2045 4241 τινὰ,
2070 4177 2170 4246 τῆς
2204 4174 2523 4245 ’Δντιοχέων
2554 4174 2652 4244 μὲν
2689 4170 3037 4243 ὡρμημένον,
3065 4165 3379 4236 ἀδελφιδοῦν
3411 4163 3469 4218 δὲ

1903 4270 2177 4329 Ἰωάννου,
2210 4268 2304 4321 τοῦ
2332 4269 2430 4337 τῆς
2463 4266 2583 4321 κατ’
2615 4265 2782 4334 αὐτὴν
2837 4261 3164 4333 Ἐκκλησίας
3201 4274 3469 4337 προεστη-

1901 4361 2078 4425 κότος.
2112 4336 2464 4429 ’Υποδέχεται
2491 4358 2547 4411 δὲ
2567 4358 2658 4410 καὶ
2675 4358 2819 4433 τρεῖς
2851 4354 3093 4424 ἐτέρους,
3125 4349 3390 4418 ἀδελφοὺς
3408 4336 3471 4402 Σεδ

1897 4451 2074 4520 γένος,
2121 4450 2218 4519 τὴν
2253 4449 2488 4521 πατρίδα
2517 4446 2876 4518 Μελιτηνοὺς,
2936 4445 3183 4499 Συνοδίου
3214 4441 3470 4512 ἀνεψιοὺς

1896 4543 2132 4606 ἐκείνου,
2185 4541 2279 4594 τοῦ
2309 4541 2407 4594 σὺν
2444 4539 2686 4611 Ἀκακίῳ
2715 4540 2807 4592 τὸν
2838 4536 3112 4608 Εὑθύμιον
3157 4531 3472 4605 ἀναθρεψα-

1901 4637 2063 4707 μένου
2094 4652 2105 4667 ·
2138 4634 2408 4704 Στέφανος
2455 4633 2662 4697 αὐτοῖς,
2700 4631 2977 4702 Ἀνδρέας,
3015 4629 3109 4682 καὶ
3139 4626 3368 4689 Γαῖανὸς
3403 4624 3473 4678 τὰ

1895 4729 2158 4797 ὀνόματα.
2199 4727 2358 4782 Μετὰ
2418 4725 2475 4779 δὲ
2524 4723 2748 4787 τούτους
2797 4721 2895 4776 καὶ⁵
2917 4721 3174 4791 Ἰωάννην
3217 4717 3324 4772 ἀπὸ
3371 4715 3471 4787 τῆς

1520 4838 1752 4896 γΑιιιΑῑ
1783 4841 2182 4898 LECTIONES.

304 4955 318 4994 ι
354 4944 427 4999 al.
465 4945 529 4997 σὺ
554 4942 612 4997 δὲ
647 4945 769 5013 ὅρα.

1438 5008 1633 5066 JOAN.
1675 5006 1946 5064 BOLLAN
1956 5005 2018 5060 Dl
2055 5003 2284 5060 NOTAE.

304 5108 415 5177 (ιῖ)
448 5105 651 5160 "orum
690 5117 831 5177 aeta,
865 5106 1094 5177 virtutes
1130 5116 1180 5161 et
1221 5105 1444 5177 obitunr
1473 5101 1599 5157 huic
1632 5100 1808 5156 histo-

232 5180 324 5233 ria:
346 5172 574 5238 inseruit
605 5176 857 5247 Cyrillus,
883 5176 1225 5242 potissimum
1252 5194 1303 5228 ιι.
1344 5172 1466 5228 ιθδ.

301 5246 411 5318 (43)
445 5247 584 5318 Infra
620 5241 693 5318 ιι.
717 5246 795 5318 57Α
817 5241 1178 5318 ιιι-ὸειιγιθιῂίοι
1221 5255 1406 5300 custos
1438 5250 1641 5318 sanctae
1662 5241 1801 5318 _Cru-

231 5312 321 5373 eis
343 5316 730 5387 Hierosolymis
774 5312 950 5370 fartus
981 5312 1236 5383 traditur;
1259 5324 1314 5369 et
1345 5333 1399 5367 ιι.
1443 5312 1547 5367 105
1592 5313 1802 5382 episco-

234 5403 331 5456 pus
355 5387 719 5458 Scythopolis.

304 5455 444 5526 (Mf
489 5456 630 5513 lul't'a
705 5475 758 5511 tt.
817 5457 886 5511 60
957 5455 1121 5509 laura:
1184 5462 1802 5526 mi'quiimus,___custos

232 5521 432 5582 sancta:
452 5527 660 5593 Crucis,
690 5528 863 5595 primo
920 5526 971 5578 in
1003 5526 1167 5578 lauru!
1200 5542 1252 5579 ιι.
1281 5524 1369 5587 87,
1407 5533 1516 5576 tum
1551 5521 1796 5576 llieroso-

234 5599 394 5667 lymis
439 5615 493 5667 ιι.
522 5597 646 5663 105,
675 5598 891 5664 scriptis
930 5596 1082 5649 libris
1114 5596 1317 5667 clarus.

303 5669 414 5731 H5)
447 5666 751 5738 Presbyter,
788 5663 1044 5738 fundator
1088 5665 1210 5721 novi
1259 5663 1590 5727 monasterii,
1628 5664 1795 5717 mira-

234 5740 369 5791 (niis
398 5736 625 5805 insignis
653 5756 704 5791 ιι.
744 5736 843 5791 105
877 5747 931 5792 et
961 5737 1108 5791 alibi.

305 5808 413 5879 (i6)
450 5806 546 5861 llic
598 5808 863 5863 avunculo
924 5823 1020 5862 suo
1072 5805 1263 5861 Joanni
1316 5805 1578 5861 successit
1616 5804 1669 5859 in
1698 5818 1791 5872 pa-

1906 5097 2201 5153 triarcliatu
2238 5094 2594 5150 Antioclielio.
2624 5090 2699 5147 De
2723 5103 2951 5158 utroque
2981 5091 3116 5145 infra
3146 5105 3267 5159 cap.
3293 5090 3345 5144 9.

1975 5168 2088 5239 (47)
2125 5166 2262 5239 Infra
2275 5183 2322 5239 _n
2336 5206 2348 5219 .
2379 5165 2471 5239 57,
2492 5163 2694 5239 factus
2713 5162 3001 5239 episcopus
3015 5160 3282 5239 lamnae,
3309 5161 3473 5215 inter-

1901 5231 1999 5293 fuit
2030 5231 2241 5309 syimdo
2264 5233 2696 5309 Chalcedonensi
2723 5247 2811 5285 an.
2840 5231 3099 5309 Clr.__45].

1941 5298 2085 5394 ’μῆ
2113 5306 2612 5394 Furitnbegumenus
2666 5302 2977 5357 monasterii
3034 5302 3093 5356 S.
3141 5298 3369 5362 Menum,
3413 5309 3473 5352 ut

1901 5376 2102 5433 dicitur
2128 5392 2218 5431 an.
2248 5376 2338 5431 87.

1904 5520 1911 5521 ί
1974 5449 2085 5521 (49)
2115 5447 2258 5501 Infra
2283 5460 2430 5499 num.
2471 5443 2538 5500 97
2583 5440 2930 5499 constituitur
2961 5441 3252 5510 episc0pus
3281 5437 3463 5494 Meda-

1903 5520 2853 5662 μίξιίῖίῖΕρὶεοοριιεὲειιᾳιοσηοτυηι
2878 5581 3076 5662 dicitur
3100 5579 3237 5662 infra
3270 5596 3323 5662 ιι.
3359 5577 3469 5662 ςῖες

1902 5650 2380 5782 insinuando
2427 5654 2880 5712 Chalcedonensi.
2910 5652 2998 5726 De,
3025 5651 3220 5708 l'laitbo
3268 5650 3470 5705 dictum

1938 5761 1946 5769 ς
2032 5741 2261 5785 anuaru.
