3846 6512
290 382 395 449 631

1468 386 1471 389 ⁷
1532 385 1816 449 MENSIS
1863 384 2333 448 JANUARIUS-

3441 380 3547 444 632

290 515 465 562 moro,
522 498 588 554 ad
615 498 908 556 Jordanem
938 515 969 555 a
1015 508 1201 557 sancta
1247 501 1463 557 civitate
1506 498 1869 563 descendens,

1977 496 2145 569 δάνην
2167 499 2276 554 ἀπὸ
2298 497 2395 568 τῆς
2422 497 2585 567 ἁγίας
2622 496 2827 563 πόλεως
2863 494 3182 561 κατιοῦσαν,
3205 495 3454 551 ἐκκλῖναι
3486 514 3547 549 τε

292 592 516 647 dextera
545 591 612 647 de
647 591 843 647 itinere
872 592 1193 659 declinaret,
1225 592 1451 663 perinde
1474 608 1538 647 ac
1575 591 1758 662 aliquo
1788 588 1870 645 eis

291 684 432 738 viam
462 695 761 755 praeeunte,
787 695 844 741 et
864 684 930 740 ad
958 685 1167 740 lauram
1196 685 1340 740 illam
1387 684 1713 749 accederet;
1767 683 1871 738 hoc

292 777 482 840 etiam,
512 786 571 832 ut
594 777 855 843 arbitror,
904 777 1187 849 sapienter
1217 778 1543 849 disponente
1570 776 1870 831 Providen-

295 868 391 932 tia,
420 883 531 938 quo
564 882 759 939 magna
782 867 951 938 patris
971 869 1150 926 virtus
1176 869 1355 924 adhuc
1377 868 1579 925 clarior
1593 867 1868 922 evaderet.

286 966 440 1028 Quos
468 963 658 1019 videns
692 979 924 1036 magnus
957 962 1140 1018 ille'eo
1177 962 1282 1017 ioci
1325 961 1632 1023 divertisse,
1661 969 1721 1015 ut
1753 971 1814 1015 se
1839 974 1871 1014 ε

293 1059 478 1114 labore
513 1057 725 1114 itineris
766 1056 1163 1129 aliquantisper
1187 1063 1503 1111 rccrearent
1524 1093 1539 1120 ,
1584 1062 1744 1110 vocat
1767 1053 1871 1109 Do-

292 1151 602 1217 mitianum,
640 1149 728 1206 cui
763 1150 1116 1205 commiserat
1145 1149 1313 1204 laurae
1350 1163 1535 1204 rerum
1579 1148 1868 1218 dispensa-

291 1244 519 1305 tionem,
567 1252 731 1313 atque
753 1243 911 1314 jubet
938 1250 997 1298 ut
1025 1242 1105 1299 eis
1141 1257 1386 1299 mensam
1414 1251 1671 1314 apponat.
1731 1240 1869 1299 Cum

290 1334 337 1387 is
368 1342 554 1388 autem
586 1332 854 1403 obiiceret
883 1341 1197 1404 egestatem,
1224 1342 1280 1388 et
1313 1332 1690 1404 respondisset
1716 1346 1775 1387 se
1801 1346 1871 1387 ne

294 1426 456 1481 unius
485 1426 710 1496 quidem
740 1425 847 1481 diei
876 1425 1103 1481 fratrum
1136 1425 1339 1483 habere
1381 1426 1702 1481 alimentum
1726 1467 1742 1492 ,
1780 1423 1872 1479 ille

289 1533 355 1573 eo
377 1517 550 1574 fretus
581 1518 674 1590 qui
714 1518 889 1574 vidua:
918 1518 1206 1589 copiosum
1245 1518 1441 1573 effudit
1465 1517 1865 1573 nutrimentum

290 1618 508 1682 propter
528 1609 916 1666 abundantiam
942 1610 1097 1666 bona:
1120 1610 1238 1679 ejus
1258 1609 1557 1665 voluntatis
1573 1610 1599 1643 ⁸
1623 1607 1872 1680 praecipit

295 1699 602 1755 Domitiano
629 1699 710 1757 ire
738 1699 807 1755 ad
840 1699 1145 1770 panarium.
1186 1697 1457 1769 lntelliges
1476 1696 1647 1762 enim,
1669 1695 1867 1767 inquit.

294 1792 427 1863 quid
461 1792 563 1849 sibi
593 1792 810 1862 quidem
843 1792 1012 1847 velint
1039 1792 1295 1847 humana:
1327 1789 1708 1863 cogitationes,
1739 1788 1869 1860 quid

294 1900 427 1940 vero
450 1884 635 1941 divina
666 1883 841 1954 possit
867 1885 1037 1954 gratia
1070 1891 1269 1955 praeter
1301 1880 1616 1954 opinionem
1651 1879 1871 1952 dispen-

292 1993 413 2034 sare
449 1993 514 2034 ac
543 1978 853 2049 providere.

362 2067 547 2127 χειν.
590 2067 657 2124 Ει
697 2068 786 2125 ille
833 2069 1035 2125 cedens
1078 2070 1285 2133 statim,
1346 2076 1402 2124 et
1459 2066 1749 2134 accedens,
1785 2066 1868 2138 (0

293 2158 676 2215 inenarrabilia
697 2166 811 2224 tua,
834 2159 1079 2226 Christe,
1108 2159 1426 2229 miracula!)
1448 2157 1660 2214 invenit
1687 2157 1871 2213 divina

293 2251 525 2321 quadam
549 2260 605 2308 et
623 2251 872 2322 sapiente
887 2251 1249 2322 providentia,
1271 2251 1444 2307 aedem
1472 2238 1707 2322 panibus
1732 2248 1871 2305 adeo

294 2346 536 2415 plenam,
569 2354 626 2401 ut
660 2359 732 2399 ne
782 2344 941 2400 facile
984 2344 1204 2416 quidem
1248 2353 1397 2400 esset
1435 2359 1630 2415 parum
1656 2342 1870 2414 aperire

293 2437 520 2503 ostium,
551 2436 890 2507 prohibitum
918 2452 1116 2506 nempe
1153 2436 1503 2492 multitudine
1538 2436 1683 2492 intus
1726 2434 1872 2507 posi-

295 2536 498 2582 torum.
527 2525 748 2583 Vocatis
775 2540 906 2596 ergo
930 2523 1057 2580 aliis
1085 2524 1365 2591 fratribus,
1398 2532 1455 2580 et
1488 2538 1680 2580 eorum
1703 2536 1870 2594 opera

291 2631 487 2673 everso
506 2616 673 2683 ostio,
696 2615 850 2672 videt
885 2630 950 2672 ea
996 2629 1118 2686 quae
1145 2622 1302 2671 erant
1336 2615 1505 2679 intus,
1553 2616 1870 2671 innumera-

292 2709 456 2765 bilem
485 2724 688 2781 panum
719 2707 1161 2773 multitudinem;
1203 2708 1273 2764 ad
1301 2707 1419 2765 haec
1448 2708 1580 2775 vini,
1622 2707 1867 2780 inquam,

291 2810 349 2857 et
372 2801 477 2857 olei
520 2800 798 2871 ingentem
831 2800 1066 2871 copiam,
1098 2809 1263 2870 atque
1290 2799 1516 2855 omnino
1539 2799 1871 2856 convenien-

293 2902 401 2950 tem
433 2892 712 2965 Eutbymii
743 2892 801 2949 in
830 2892 1011 2949 dando
1040 2892 1480 2965 magnificentiae.

360 2983 522 3041 XLV.
561 2982 690 3041 Haec
718 2995 780 3042 ut
836 2984 974 3051 vidit
1025 2983 1388 3050 Domitianus,
1431 2986 1632 3043 divinae
1680 2987 1870 3060 gratia;

289 3077 669 3148 operationem
693 3077 1025 3150 intelligens,
1057 3078 1309 3148 procedit
1343 3078 1408 3134 ad
1454 3079 1621 3149 pedes
1660 3080 1867 3150 magni,

1898 1835 1947 1897 B

1976 593 2076 664 τῆς
2105 590 2226 647 ὁδοῦ
2282 590 2453 664 δεξιᾷ,
2490 590 2741 662 καθάπερ
2784 590 2932 655 τινὸς
2987 590 3172 655 αὐτοῖς
3201 590 3301 661 τῆς
3329 590 3557 661 πορείας

1962 684 2421 757 προηγουμένου,
2458 683 2554 739 καὶ
2581 685 2663 750 εἰς
2695 686 2795 757 τὴν
2823 685 3034 756 λαύραν
3064 684 3283 756 ἐκείνην
3313 699 3556 755 παραγε-

1972 776 2160 832 νέσθαι
2181 793 2196 807 ⁸
2229 777 2329 849 τῆς
2355 777 2619 850 Προνοίας
2643 776 2798 848 οἶμαι
2825 777 3102 832 καὶτοῦτο
3129 776 3314 848 σοφῶς
3339 779 3574 872 οἰιιιονο·Ι
3633 772 3640 778 ’

1978 869 2208 941 μούσης,
2269 868 2411 927 ὥστε
2465 870 2567 939 τὴν
2599 869 2846 942 μεγάλην
2890 869 2989 924 τοῦ
3054 869 3273 938 Πατρδς
3330 867 3552 940 ἀρετὴν,

1973 961 2372 1034 λαμπροτέραν
2392 962 2473 1015 Et:
2505 961 2868 1032 καταστῆναι.
2887 961 2995 1025 υὺς
3030 960 3156 1015 ἰδὼν
3179 962 3210 1014 ό
3241 959 3419 1032 μέγας
3438 959 3559 1014 ἐκεῖ

1973 1055 2408 1122 καταλύσαντας,
2439 1054 2579 1109 ὥστε
2605 1054 2699 1109 τδν
2726 1054 2792 1107 ὲκ
2820 1054 2921 1123 τῆς
2946 1052 3069 1109 ὀδοῦ
3099 1053 3268 1107 κόπον
3303 1049 3481 1125 βραχύ
3503 1068 3557 1104 τι

1971 1146 2358 1213 διαναπαῦσαι,
2406 1146 2564 1201 καλεῖ
2592 1148 2941 1218 Δομετιανὸν,
2991 1146 3299 1215 οἰκονομεῖν
3345 1143 3418 1198 τά
3457 1141 3558 1213 τῆς

1971 1239 2180 1313 λαύρας
2216 1238 2307 1295 ὑπ’
2335 1239 2502 1294 αὑτοῦ
2529 1237 3073 1311 προκεχειρισμένον,
3104 1237 3201 1293 καὶ
3226 1234 3558 1308 παραθεῖναι

1972 1332 2185 1397 τούτοις
2217 1332 2497 1402 τράπεζαν
2522 1330 2870 1401 ἐπαγγέλλει.
2897 1331 3004 1385 Τοῦ
3021 1330 3079 1385 δέ
3101 1327 3552 1402 προϐαλλομένου

1972 1425 2074 1498 τὴν
2122 1423 2351 1488 ἔνδειαν,
2387 1422 2481 1477 καὶ
2521 1422 2597 1488 ὡς
2644 1421 2768 1477 ούδέ
2808 1420 2910 1493 τὴν
2957 1421 3238 1491 ἐφήμερον
3290 1417 3407 1489 ἔχοι
3442 1415 3557 1470 τῶν

1974 1517 2218 1587 ἀδελφῶν
2251 1515 2458 1588 τροφὴν
2483 1512 2951 1587 ἀποκριναμένου,
2987 1510 3207 1584 θαρῤῶν
3238 1510 3445 1573 ἐκεῖνος
3475 1507 3556 1579 τῷ

1974 1612 2069 1667 καὶ
2096 1612 2243 1683 χήρᾳ
2291 1607 2497 1681 τροφὴν
2531 1606 2799 1663 πλουσίαν
2825 1606 2898 1662 δι’
2931 1603 3196 1676 ἀφθονίαν
3240 1603 3555 1674 πηγάσαντι

1973 1702 2374 1775 προαιρέσεως,
2407 1699 2746 1771 πορευθῆναι
2776 1697 2930 1772 παρά
2957 1697 3018 1752 τδ
3045 1694 3483 1769 ἀρτοφυλακεῐον
3509 1700 3554 1725 ⁸·

1974 1794 2277 1850 ἐντέλλεται
2302 1791 2634 1864 Δομετιανῷ.
2658 1791 2793 1864 Εἴσῃ
2825 1791 2935 1862 γὰρ
2963 1788 3090 1861 ἔφη,
3119 1788 3172 1843 τί
3219 1788 3318 1859 μὲν
3342 1785 3555 1857 ἀνθρῶο

1974 1904 2120 1942 πινοι
2173 1886 2458 1957 βούλονται
2486 1884 2765 1955 λογισμοὶ,
2803 1882 2857 1938 τί
2885 1882 2943 1937 δὲ
2968 1880 3091 1937 Θεία
3120 1878 3349 1935 δύναται
3395 1877 3554 1949 χάρις

1974 1977 2300 2048 παραδόξως
2331 1977 2662 2048 οἰκονομεῖν.

2044 2068 2173 2126 MA'.
2200 2071 2312 2126 Καὶ
2347 2070 2408 2135 ὃς
2428 2070 2579 2139 είξας
2609 2069 2775 2132 εὐθὺς
2806 2068 2902 2123 καὶ
2930 2066 3375 2140 παραγενόμενος
3397 2078 3414 2095 ·
3443 2064 3555 2118 τῶν

1971 2163 2380 2235 ἀνεκδιηγήτων
2406 2180 2523 2228 σου,
2542 2161 2768 2233 Χριστὲ.
2792 2159 3139 2231 Θαυμασίων,
3161 2158 3408 2229 εὑρίσκει
3430 2156 3555 2228 θείᾳ

1970 2257 2079 2310 τινὶ
2112 2255 2209 2311 καὶ
2254 2257 2392 2327 σοφῇ
2426 2255 2658 2328 προνοίᾳ
2675 2253 2776 2327 τὴν
2808 2254 2986 2308 οἰκίαν
3021 2250 3196 2316 οὕτως
3238 2250 3421 2322 ἄρτων
3452 2265 3555 2319 με·

1975 2349 2131 2422 στῆν.
2161 2348 2237 2414 ὡς
2276 2348 2534 2421 mea;th
2565 2347 2737 2420 θύραν
2773 2345 2969 2419 μικρόν
2995 2362 3051 2399 τι
3076 2341 3404 2416 παρανοῖξαι
3457 2341 3557 2414 ῥᾴ-

1971 2442 2087 2498 διον
2112 2440 2196 2506 ὃν,
2243 2439 2324 2511 τῷ
2355 2439 2554 2512 πλήθει
2590 2438 2700 2493 τῶν
2732 2438 2880 2492 ἔνδον
2915 2435 3339 2509 ἀνειργομένην.
3374 2433 3560 2488 Καλέ-

1974 2552 2070 2597 σας
2101 2532 2281 2588 τοίνυν
2303 2535 2398 2587 καὶ
2424 2531 2620 2596 ἄλλους
2655 2531 2766 2585 τῶν
2799 2529 3067 2601 ἀδελφῶν,
3107 2528 3204 2582 καὶ
3229 2528 3332 2596 τὴν
3376 2526 3557 2597 θυραν

1974 2626 2072 2681 σὺν
2132 2624 2319 2686 αὐτοῖς
2371 2620 2705 2694 ἀνατρέψας,
2737 2622 2839 2693 ὁρᾷ
2870 2619 2941 2675 τά
2986 2618 3155 2684 ἔνδον,
3191 2616 3471 2690 ἀμύθητόν
3502 2633 3559 2670 τι

1971 2714 2176 2787 πλῆθος
2207 2713 2425 2785 ἀρτων⁸
2450 2712 2596 2766 οῐνου
2640 2728 2721 2777 τε,
2753 2711 2917 2782 φημὶ,
2975 2708 3073 2765 καὶ
3125 2706 3318 2763 ἐλαίου
3352 2706 3557 2778 πολλὴν

1971 2808 2258 2880 ἀφθονίαν,
2298 2806 2395 2862 καὶ
2423 2805 2691 2875 ἀνάλογον
2719 2807 2787 2877 τῇ
2837 2802 2969 2877 περί
2995 2801 3058 2858 τὺ
3095 2800 3299 2856 διδόναι
3332 2800 3558 2864 πάντως

1972 2901 2247 2974 Εὐθυμίου
2278 2897 2584 2972 φιλοτιμίᾳ.

2041 2996 2177 3051 ME'.
2207 2993 2397 3050 Ταῦτα
2422 2990 2753 3063 Δομετιανὸς
2783 2988 2927 3057 ἰδὼν,
2952 2988 3047 3044 καὶ
3073 2990 3175 3061 τῆς
3212 2987 3362 3053 θείας
3390 2985 3556 3058 χάρι-

1970 3106 2063 3152 τος
2090 3086 2386 3159 συμϐαλὼν
2404 3086 2505 3158 τὴν
2528 3086 2834 3157 ἐνέργειαν,
2876 3083 3067 3138 πίπτει
3104 3082 3242 3155 πρὸς
3289 3082 3400 3146 τοῖς
3428 3079 3559 3135 ποσὶ

296 3166 514 3223 veniam
538 3167 714 3238 petiit,
736 3175 793 3223 et
812 3166 1094 3238 parcitatis
1114 3167 1306 3223 sordes
1323 3168 1639 3225 vehementi
1667 3184 1869 3241 repen-

1977 3181 2066 3236 τοῦ
2100 3179 2364 3253 μεγάλου,
2422 3179 2759 3249 συγγνώμην
2815 3175 3009 3241 αἰτῶν,
3042 3175 3141 3229 καὶ
3193 3171 3558 3246 μικρολογίας

292 3258 377 3315 dit
407 3259 751 3331 pmnitentia.
786 3259 882 3315 ille
909 3274 1043 3315 vero
1069 3274 1193 3316 cum
1232 3260 1541 3317 Domitiano
1577 3262 1869 3336 benignam

290 3360 348 3407 et
404 3361 644 3407 mentem
678 3360 735 3408 et
765 3368 988 3408 manum
1040 3354 1394 3425 porrexisset,
1444 3352 1733 3426 ipsumque
1758 3354 1870 3412 ele-

294 3450 499 3510 vasset,
533 3457 566 3499 ο
596 3442 692 3510 fili,
726 3444 927 3516 inquit,
954 3447 1047 3517 qui
1067 3446 1295 3501 seminat
1327 3445 1384 3501 in
1408 3446 1867 3515 benedictionibus,

290 3537 348 3594 in
382 3536 830 3594 benedictionibus
856 3547 906 3594 et
936 3548 1091 3595 metet
1116 3538 1161 3597 ⁸.
1192 3539 1296 3606 Qui
1327 3554 1455 3612 ergo
1484 3521 1873 3599 accedentibus

291 3644 587 3685 commune
629 3640 831 3686 tectum
867 3623 1113 3702 praebent
1150 3639 1206 3688 et
1252 3631 1353 3697 sal,
1406 3631 1720 3689 nescientes
1766 3632 1870 3689 sibi

292 3721 477 3792 potius
525 3732 845 3793 comparant
886 3723 1168 3794 copiosam
1211 3723 1729 3795 suppeditationem,
1768 3741 1873 3782 nec

291 3824 504 3871 tantum
553 3814 688 3873 dant
732 3823 1003 3886 quantum
1054 3815 1352 3887 accipiunt.
1388 3817 1545 3886 Quod
1589 3818 1813 3889 quidem
1839 3835 1872 3875 a

293 3908 455 3966 vobis
482 3922 705 3980 quoque
737 3908 1066 3965 servandum
1096 3919 1200 3973 est,
1234 3909 1464 3976 fratres,
1494 3910 1541 3967 si
1585 3911 1701 3968 Deo
1736 3912 1874 3968 estis

291 4000 669 4073 gratificaturi,
707 4009 765 4057 et
795 3999 1031 4071 plurima
1059 4016 1247 4057 rerum
1285 4003 1719 4071 necessariarum
1740 4017 1873 4075 sup-

292 4092 631 4163 peditatione
651 4108 873 4165 semper
889 4094 1243 4152 abundaturi.
1266 4094 1405 4153 Hinc
1425 4096 1694 4156 bonorum
1718 4111 1872 4154 acer-

292 4203 415 4255 vus,
444 4195 506 4242 ut
546 4185 723 4253 aiunt,
765 4188 1030 4256 constitit,
1061 4204 1261 4260 resque
1289 4189 1454 4245 laurze
1477 4200 1764 4261 coeperunt
1791 4191 1874 4248 vi-

290 4294 420 4350 gere
436 4294 500 4335 ac
525 4278 829 4335 exuberare
846 4297 859 4334 :
878 4280 1100 4351 quando
1118 4280 1341 4353 quidem
1358 4280 1593 4338 fratrum
1608 4298 1874 4340 numerus

290 4372 359 4426 ad
387 4370 779 4445 quinquaginta
802 4373 1075 4444 pervenit,
1113 4382 1170 4430 et
1193 4374 1498 4446 unicuique
1521 4390 1714 4432 eorum
1738 4376 1873 4432 cella

290 4462 395 4518 fuit
429 4461 727 4530 aedificata;
755 4471 920 4534 atque
951 4477 1110 4522 sacra
1135 4463 1390 4536 mysteria
1433 4466 1681 4537 quotidie
1748 4482 1874 4539 per-

288 4558 610 4629 agebantur.

361 4649 545 4707 XLVI.
589 4650 763 4708 Porro
807 4649 854 4708 is
899 4649 987 4707 cui
1034 4650 1242 4707 credita
1291 4650 1471 4708 fuerat
1512 4650 1867 4724 dispensatio,

290 4744 419 4799 dum
448 4744 670 4817 cogitat,
696 4744 764 4803 ad
796 4754 1006 4801 tantam
1035 4743 1267 4802 fratrum
1300 4744 1705 4802 multitudinem
1728 4747 1871 4802 mul-

292 4846 347 4892 to
379 4836 544 4891 etiam
576 4836 680 4891 sibi
710 4851 852 4907 Opus
889 4836 1008 4892 fore
1053 4834 1383 4900 ministerio,
1426 4837 1607 4893 mulos
1653 4853 1870 4909 quoque

292 4929 508 5000 paravit
533 4929 722 4984 laurae.
764 4929 892 4983 Erat
943 4934 1126 4983 autem
1160 4926 1382 4997 quidam
1426 4926 1481 4981 in
1530 4942 1594 4982 ea
1636 4928 1868 4991 Asianus

289 5034 506 5090 genere,
537 5019 754 5075 nomine
775 5017 1102 5081 Auxentius,
1126 5017 1220 5088 qui
1244 5025 1360 5073 erat
1382 5025 1542 5089 aptus
1579 5018 1649 5074 ad
1690 5021 1870 5078 mulo-

294 5127 415 5167 rum
436 5110 824 5167 ministerium.
850 5110 902 5167 ls
926 5124 1059 5182 ergo
1088 5109 1157 5165 ab
1189 5109 1294 5166 hoc
1312 5124 1600 5166 (economo
1628 5122 1865 5184 rogatus,

290 5210 349 5261 ut
379 5200 523 5257 illam
556 5200 744 5255 subire
773 5200 1304 5258 administrationem
1342 5201 1649 5271 differebat,
1676 5213 1866 5260 etnon

289 5294 599 5353 obedicbat.
635 5292 743 5350 Sed
773 5309 896 5352 cum
927 5312 1015 5351 res
1048 5306 1197 5352 esset
1228 5295 1295 5352 ad
1334 5311 1492 5351 usum
1535 5299 1863 5355 necessaria.

288 5386 562 5442 Joannem
586 5394 642 5441 et
667 5384 957 5457 Cyrionem
983 5389 1333 5460 presbyteros
1364 5403 1551 5445 secum
1589 5391 1866 5464 accipiens

288 5492 630 5544 meonomus,
674 5478 871 5533 iterum
920 5494 1043 5535 cum
1106 5480 1173 5536 iis
1227 5480 1454 5554 rogabat
1507 5482 1860 5540 Auxentium.

358 5598 379 5629 ³
406 5596 473 5653 lll
502 5595 632 5669 Reg.
670 5614 800 5664 xvu,
838 5600 891 5654 ὅ.
968 5599 990 5631 ’⁸
1019 5598 1064 5655 ll
1102 5599 1227 5657 Cor.
1260 5601 1408 5669 tx,6.

1973 3273 2275 3339 ἀντιδιδοὺς
2332 3273 2621 3345 μετανοίας
2683 3271 3018 3344 θερμότητα.
3043 3269 3315 3332 Κάκεῖνος
3348 3266 3555 3339 εὐμενῆ

1972 3386 2033 3424 τε
2071 3366 2387 3441 Δομετιανῷ
2418 3366 2513 3422 καὶ
2555 3365 2783 3437 γνώμην
2816 3364 2913 3418 καὶ
2968 3364 3130 3435 χεῖρα
3181 3360 3402 3435 ὀρέξας,
3458 3360 3556 3414 καί

1974 3462 2138 3518 αὑτὸν
2165 3460 2503 3532 ἀναστήσας,
2527 3454 2603 3511 Ὦ
2651 3457 2868 3524 τέκνον,
2903 3455 3010 3526 εφη
3034 3496 3049 3519 ,
3075 3457 3108 3509 ὁ
3140 3454 3409 3522 σπείρων
3463 3450 3558 3506 ἐπ’

1971 3556 2297 3626 εὐλογίαις,
2316 3551 2410 3607 ἐπ’
2429 3551 2733 3622 εὐλογίαις
2745 3550 2843 3604 καί
2860 3549 3108 3620 θερίσει.
3129 3547 3193 3604 Οἰ
3215 3546 3344 3617 γοῦν
3367 3544 3558 3617 κοινὴν

1971 3651 2087 3715 τοῖς
2111 3646 2374 3719 παριοῦσι
2407 3644 2510 3716 τὴν
2539 3643 2743 3716 στέγην
2771 3643 3015 3708 καὶτοὺς
3048 3641 3185 3706 ἃλας
3212 3639 3554 3708 ποιούμενοι,

1927 3792 1945 3806 ,
1972 3738 2297 3794 λανθάνουσι
2318 3733 2518 3806 δαψιλῆ
2553 3734 2755 3804 μᾶλλον
2781 3733 2996 3798 ἑαυτοῖς
3019 3729 3437 3805 περιποιοῦντες
3456 3728 3555 3801 τὴν

1975 3830 2261 3903 χορηγίαν.
2291 3830 2388 3883 καὶ
2420 3826 2496 3899 μὴ
2530 3826 2787 3881 τοσοῦτον
2815 3825 3047 3890 διδόντες
3081 3824 3207 3881 ὅσον
3229 3822 3549 3895 λαμϐάνου-

1976 3940 2080 3978 σιν.
2107 3922 2288 3995 Ὅπερ
2311 3919 2532 3989 ἀδελφοὶ
2559 3918 2655 3973 καὶ
2689 3919 2822 3990 ὑμῖν
2846 3916 3171 3988 φυλακτέον,
3220 3917 3271 3972 εἰ
3303 3914 3552 3986 μέλλοιτε

1974 4016 2069 4069 καὶ
2105 4012 2224 4084 Θεῷ
2254 4012 2597 4085 χαρίζεσθαι,
2626 4012 2722 4068 καὶ
2747 4010 2918 4083 πολλῇ
2943 4010 3172 4066 πάντοτε
3197 4017 3227 4048 ιι
3251 4009 3430 4081 κομᾷν
3444 4009 3557 4064 τῶν

1975 4106 2290 4176 ἀναγκαίων
2322 4108 2388 4178 τῇ
2437 4104 2695 4177 χορηγίᾳ.
2739 4103 3021 4160 Ἐντεῦθεν
3073 4103 3294 4174 ἀγαθῶν
3354 4101 3552 4174 σωρὸς,

1973 4198 2036 4253 τὸ
2059 4197 2155 4253 τοῦ
2184 4198 2369 4268 λόγου,
2412 4198 2667 4270 συνέστη,
2698 4198 2797 4252 καὶ
2821 4198 2892 4252 τὰ
2914 4196 3016 4269 τῆς
3043 4196 3255 4267 λαύρας
3300 4194 3555 4266 εὐθηνεῖν

1976 4291 2178 4363 ἤρχετο
2200 4291 2297 4345 καὶ
2330 4291 2411 4355 εἰς
2431 4290 2636 4360 πλῆθος
2667 4289 2963 4345 ἐπιδιδόναι
2987 4306 3000 4319 ⁸
3032 4289 3125 4343 ὅτε
3165 4287 3275 4342 τῶν
3308 4286 3559 4357 ἀδελφῶν

1975 4382 2227 4455 ἀριθμὸς,
2263 4384 2339 4447 εἰς
2376 4383 2717 4454 πεντήκοντα
2777 4382 3064 4453 περιέστη,
3099 4380 3317 4453 ἑκάστῳ
3349 4398 3409 4435 τε
3454 4379 3554 4435 αὑ-

1974 4472 2085 4528 τῶν
2111 4473 2324 4533 κελλίον
2348 4472 2675 4546 ᾠκοδομήθη
2700 4490 2716 4506 ο
2765 4472 2954 4528 καὶτὰ
2991 4472 3090 4543 τῆς
3130 4473 3283 4544 ίερᾱς
3308 4470 3555 4527 καθεκά-

1905 4552 1949 4607 D
1980 4585 2114 4638 στην
2144 4566 2381 4621 ἐτελεῖτο
2422 4567 2836 4638 μυσταγωγίας.

2048 4661 2201 4729 Μετ’.
2245 4659 2477 4715 Ἐννοῶν
2526 4660 2584 4713 δὲ
2628 4662 2657 4715 ὁ
2682 4660 2781 4733 τὴν
2813 4658 3131 4731 οἰκονομίαν
3160 4645 3552 4731 ἐγχειρισθεὶς,

1974 4753 2057 4809 ὅτι
2087 4753 2225 4825 πρὸς
2269 4752 2414 4807 οὕτω
2448 4752 2585 4808 πολὺ
2624 4752 2734 4808 τῶν
2785 4751 3036 4823 ἀδελφῶν
3083 4751 3311 4823 πλῆθος,
3350 4748 3553 4821 πολλῆς

1974 4844 2127 4917 αὐτῷ
2145 4844 2240 4898 καί
2266 4843 2571 4914 ὑπηρεσίας
2590 4842 2794 4915 δεήσει,
2815 4842 3232 4915 προσεκτήσατο
3258 4843 3325 4912 τῇ
3347 4838 3549 4912 λαύρᾳ,

1974 4936 2068 4991 καί
2096 4934 2377 5006 ἡμιόνους.
2404 4931 2513 4991 Ἦν
2539 4935 2597 4990 δέ
2641 4954 2727 5001 τις
2747 4935 2805 4989 ἐν
2833 4936 2971 5007 αὐτῇ
3001 4935 3062 4989 τὸ
3090 4934 3246 5004 γένος
3278 4932 3551 4998 ’Δσιανδς.

1978 5029 2078 5098 τὴν
2114 5026 2308 5098 κλῆσιν
2336 5026 2648 5093 Ᾱὺξέντιος,
2704 5026 3033 5098 ἐπιτηδείως
3095 5025 3238 5098 έχων
3286 5024 3428 5096 πρὸς
3451 5024 3553 5098 τὴν

1974 5117 2084 5171 τῶν
2139 5117 2379 5189 ἡμιόνων
2431 5115 2729 5170 διακονίαν.
2763 5108 2932 5180 Οῦτος
2976 5110 3070 5170 οῦν
3123 5115 3231 5170 ὑπὸ
3263 5114 3422 5170 τοῦδε
3458 5114 3552 5169 τοῦ

1972 5211 2261 5281 οἰκονόμου
2289 5207 2810 5281 παρακαλούμενος,
2864 5207 3006 5263 ὥστε
3060 5208 3161 5281 τὴν
3204 5208 3553 5279 λειτουργίαν

1975 5302 2228 5356 ὑπελθεῖν
2260 5300 2489 5371 ταύτην,
2549 5297 2877 5354 ἀνεϐάλλετο
2929 5299 3023 5353 καὶ⁹
3081 5299 3182 5371 οὐχ
3240 5298 3546 5369 ὑπήκουεν.

1984 5395 2309 5464 ’Λναγκαίου
2336 5393 2394 5447 δέ
2445 5392 2537 5447 καί
2558 5391 2835 5464 χρησίμου
2865 5389 2960 5444 τοῦ
3016 5391 3342 5462 πράγματος
3373 5388 3549 5452 ὄντος,

1970 5484 2306 5559 παραλαϐὼν
2336 5486 2428 5541 καὶ
2476 5483 2733 5555 Ἰωάννην
2762 5481 2887 5554 μεθ’
2916 5483 3109 5537 ἑαυτοῦ
3164 5481 3259 5538 καὶ
3287 5480 3549 5553 Κυρίωνα

1547 5723 1783 5785 VAle
1817 5725 2225 5786 LECTIONES.

358 5850 396 5880 ετ
425 5838 473 5894 al
531 5836 944 5907 ἁρτοφυλάκιον.
1048 5851 1075 5879 υ
1110 5842 1179 5899 al.
1220 5841 1506 5899 πάντοθεν.
