3846 6526
223 534 227 538 ι
259 485 364 548 633

1524 482 1702 544 VlTA
1743 483 1804 543 S.
1845 481 2254 544 EUTHYMII.

3395 481 3502 546 634

257 598 384 660 τοὺς
423 595 829 668 πρεσϐυτέρους
868 594 896 647 6
926 594 1228 664 οἰκονόμος,
1255 592 1409 663 ἠξίου
1444 593 1538 646 καὶ
1563 588 1717 655 αὖθις
1740 594 1836 645 σὺν

1957 591 2075 657 luia
2104 608 2233 647 vero
2260 592 2338 648 sic
2371 609 2588 664 quoque
2622 594 2990 670 inobsequens
3011 601 3148 659 erat,
3177 602 3232 650 et
3261 594 3373 665 jam
3403 595 3505 651 ad-

259 689 354 743 atat
383 688 566 750 αὐτοῖς
587 685 676 740 τὸν
702 685 1011 751 Αύξέντιον.
1044 685 1197 739 Ἐπεὶ
1221 685 1278 738 δὲ
1302 686 1396 738 καὶ
1417 683 1588 747 οὕτως
1605 684 1835 755 ἀνήκοος

155 835 158 838 ,
258 770 351 847 ἦν,
367 776 462 830 τοῦ
485 776 766 831 Σαϐϐάτου
790 775 892 847 ήδη
917 776 1310 844 διαγεγονότος,
1335 775 1497 845 ἡνίκα
1514 774 1592 846 τῷ
1615 775 1836 846 μεγάλῳ

261 867 392 939 ἐξῆν
422 868 688 937 ἐντυχεῖν,
719 867 979 937 ἀναφέρει
1010 866 1077 920 τά
1101 866 1242 920 κάτά
1270 866 1361 920 τὸν
1383 865 1666 930 Αύξέντιον
1688 865 1836 935 αὐτῷ

262 960 442 1014 πάντα
463 961 492 1012 6
513 960 814 1030 οἰκονόμος.
846 959 1110 1022 Κάκεῖνος
1150 957 1570 1029 μεταστέλλεται
1607 956 1708 1029 μὲν
1743 957 1836 1009 εὐ-

265 1053 406 1118 θέως
429 1053 522 1106 τὸν
543 1051 770 1121 ἀδελφὺν
795 1059 844 1116 ο,
891 1050 1188 1105 ὑπακούειν
1218 1049 1276 1104 δὲ
1320 1051 1599 1122 παραινεῖ,
1637 1050 1732 1102 καὶ
1763 1048 1838 1120 μὴ

263 1146 437 1209 οὕτως
482 1145 758 1201 ἀνένδοτον
807 1139 1072 1198 εἶναικαὶ
1133 1131 1360 1214 ἀπειθῆ,
1416 1139 1496 1212 τῷ
1545 1140 1658 1211 ἰδίῳ
1689 1139 1836 1211 μόνῳ

270 1235 591 1307 στοιχοῦντα
615 1235 902 1306 θελήματι,
933 1234 1028 1288 καὶ
1073 1234 1173 1305 τὴν
1210 1224 1396 1303 κοινὴν
1422 1234 1535 1296 τοῖς
1590 1229 1838 1299 ἀδελφοῖς

267 1327 704 1400 χρησιμεύουσαν
731 1325 1005 1382 διακονίαν
1024 1324 1475 1394 ἀποποιούμενον.
1510 1322 1618 1376 Τοῦ
1649 1322 1706 1376 δὲ
1732 1338 1839 1392 μη-

270 1419 327 1474 δὲ
359 1420 725 1491 παράκλησιν,
757 1418 891 1488 μηδὲ
943 1418 1110 1488 μόνην
1145 1416 1265 1486 ὄψιν
1289 1414 1626 1478 αἰδεσθέντος
1656 1414 1836 1467 τοιαύ-

270 1527 394 1581 την,
435 1509 571 1563 ἀλλά
597 1511 690 1564 καὶ
724 1508 896 1571 ούτως
927 1509 1290 1578 ἀναδυομένου
1323 1508 1531 1578 σαφῶς,
1561 1507 1654 1562 καὶ
1683 1507 1839 1561 ποίαν

270 1600 393 1670 οὐχὶ
428 1597 702 1662 κινοῦντος
726 1598 1018 1668 πρόφασιν,
1049 1598 1136 1652 ἵνα
1180 1598 1338 1668 μόνον
1374 1597 1583 1668 θέλημα
1613 1596 1675 1651 τὸ
1713 1597 1841 1650 ἐαυ-

269 1692 364 1746 τοῦ
389 1691 580 1762 κύριον
599 1689 746 1760 δείξῃ
765 1707 778 1720 ο
806 1691 900 1744 καὶ
922 1689 1018 1744 νῦν
1050 1691 1149 1761 μὲν
1171 1689 1230 1743 τὸ
1257 1689 1552 1744 ἀλλοδαπὸν
1579 1684 1720 1743 εῖναι
1747 1689 1842 1742 καὶ

269 1782 372 1850 τῆς
399 1781 698 1852 ἐπιχωρίου
737 1782 922 1851 φωνῆς
963 1781 1290 1853 ἀνομίλητον
1348 1781 1697 1847 αἰτιωμένου.
1743 1780 1839 1834 νῦν

268 1872 325 1926 δὲ
351 1871 452 1936 τάς
483 1873 581 1942 τῆς
623 1873 826 1944 σαρκὸς
868 1872 1159 1936 ἐπιϐουλὰς
1192 1872 1286 1924 καὶ
1317 1872 1414 1936 τὰς
1453 1873 1699 1936 ποικίλας
1743 1872 1838 1931 τοῦ

1936 692 2161 737 venerat
2191 683 2508 752 Sabbatum,
2561 703 2670 756 quo
2717 697 2960 756 tempore
3012 686 3208 741 licebat
3247 702 3500 757 magnum

1938 776 2248 841 convenire,
2280 777 2460 830 omnia
2491 779 2558 832 de
2584 779 2855 834 Auxentio
2883 778 2930 833 ei
2963 777 3133 834 refert
3163 793 3501 834 (economus.

1938 865 2004 920 Et
2034 866 2121 920 ille
2145 867 2364 932 quidem
2395 868 2616 922 fratrem
2665 869 2845 924 statim
2889 870 3150 937 arcessit;
3185 871 3377 924 suadet
3405 885 3504 923 au-

1940 968 2046 1013 tem
2076 969 2136 1014 ut
2163 960 2400 1025 obediat,
2431 976 2568 1015 neve
2608 961 2680 1016 sit
2723 962 2861 1016 adeo
2890 970 3182 1017 contumax
3220 971 3275 1016 et
3312 961 3504 1016 inobe-

1937 1049 2113 1115 diens,
2165 1053 2436 1121 propriam
2479 1052 2744 1108 duntaxat
2793 1054 3072 1124 sequendo
3129 1055 3501 1121 voluntatem,

1938 1151 1995 1197 et
2045 1143 2405 1198 ministerium
2455 1143 2715 1200 fratribus
2761 1147 3126 1201 communiter
3166 1146 3298 1203 utile
3350 1162 3508 1202 recu-

1939 1234 2132 1290 sando.
2172 1236 2222 1291 ls
2274 1251 2402 1292 vero
2442 1253 2547 1294 nee
2589 1238 3047 1306 adhortationem,
3095 1255 3196 1295 nec
3230 1240 3317 1295 vel
3347 1239 3508 1294 talem

1940 1327 2116 1381 solum
2149 1327 2466 1398 adspeetum
2512 1331 2802 1397 reveritus,
2832 1332 2928 1388 sed
2975 1332 3139 1387 etiam
3196 1332 3278 1386 sic
3311 1344 3511 1403 aperte

1940 1418 2298 1485 detrectabat,
2328 1428 2384 1475 et
2413 1436 2577 1491 quem
2621 1438 2730 1477 non
2774 1431 3097 1493 praetextum
3137 1421 3418 1485 afferebat,
3457 1430 3515 1477 ut

1941 1509 2114 1564 solam
2157 1510 2494 1566 voluntatem
2545 1527 2699 1566 suam
2739 1513 3017 1569 dominam
3066 1513 3413 1578 ostenderet;
3461 1522 3515 1567 et

1941 1615 2088 1655 nunc
2115 1602 2333 1672 quidem
2365 1604 2698 1659 causabatur
2741 1619 2801 1660 se
2844 1619 2966 1659 esse
2998 1603 3382 1675 alienigenam,
3415 1618 3516 1658 nec

1942 1692 2179 1764 peritum
2209 1695 2476 1750 sermonis
2520 1695 2755 1768 regionis
2787 1695 2963 1760 illius;
3004 1711 3153 1751 nunc
3179 1710 3308 1750 vero
3336 1693 3517 1750 carnis

1946 1784 2173 1841 insidias
2200 1787 2486 1858 variasque
2518 1788 2739 1859 maligni
2773 1797 2961 1843 artes:
2999 1786 3080 1842 Ne
3117 1786 3280 1851 forte,
3315 1785 3513 1856 inquit,

1943 1892 2030 1932 me
2053 1887 2207 1933 extra
2227 1880 2413 1934 oculos
2436 1889 2647 1935 vestros
2672 1880 2952 1934 inventum
2972 1879 3302 1950 supplantet,
3324 1893 3386 1933 ac
3404 1893 3517 1934 suae

271 1963 507 2036 πονηροῦ
525 1975 554 2014 Ρ
572 1965 784 2035 τέχναςο
807 1964 1035 2034 Μήποτε
1061 1981 1149 2034 με,
1171 1965 1355 2033 φησὶν,
1381 1963 1485 2027 ἔξω
1513 1964 1620 2017 τῶν
1645 1963 1842 2034 ὑμετέ-

1957 1971 2169 2026 malitiaa
2195 1987 2334 2042 opus
2367 1974 2654 2040 exhibeat;
2685 1974 2752 2030 ad
2783 1974 2899 2030 haec
2921 1990 2990 2029 ne
3012 1973 3350 2029 assuefactus
3369 1973 3516 2028 curis

277 2073 387 2127 ρων
412 2054 710 2126 ὀφθαλμῶν
737 2053 983 2126 ἐφευρὼν
1013 2055 1366 2126 ὑποσκελίσῃ,
1400 2055 1495 2109 καὶ
1519 2056 1718 2120 κακίας
1738 2055 1837 2126 τῆς

275 2148 472 2203 ἑαυτοῦ
504 2147 664 2219 ἔργον
688 2147 870 2218 δείξῃ·
905 2147 1042 2220 πρὸς
1073 2147 1152 2212 δὲ,
1180 2147 1272 2200 καί¹
1303 2148 1449 2210 ὅπως
1489 2149 1564 2218 μὴ
1594 2149 1841 2224 φροντίρι

1946 2071 2002 2117 et
2035 2063 2380 2130 tumultibus,
2417 2065 2484 2120 de
2515 2076 2712 2121 caetero
2741 2081 3090 2137 permaneam
3122 2065 3436 2136 discrepans
3463 2073 3518 2120 et

1945 2153 2206 2212 dissonus
2232 2157 2299 2212 ad
2332 2157 2499 2212 animi
2527 2159 2766 2230 quietem
2792 2167 2848 2214 et
2875 2155 3342 2226 tranquillitatem.

276 2243 370 2295 καὶ
416 2239 666 2312 θορύϐοις
704 2239 1059 2308 συνεθισθεὶς,
1107 2240 1328 2312 ἀπᾴδων
1387 2241 1483 2294 τοῦ
1551 2241 1742 2296 λοιποῦ
1786 2245 1882 2298 καὶ
1920 2246 2251 2320 ἀσύμφωνος
2295 2250 2432 2322 πρὸς
2465 2252 2698 2323 ἡσυχίαν
2733 2251 2828 2305 καὶ
2881 2249 3124 2320 γαλήνην
3183 2247 3363 2319 ψυχῆς
3413 2247 3521 2302 δια-

281 2336 468 2408 μείνω.

343 2435 478 2490 MZ'.
503 2433 738 2489 Τοιαῦτα
761 2433 1030 2504 λέγοντος,
1064 2435 1158 2489 καὶ
1179 2436 1276 2507 τὴν
1305 2437 1404 2508 τῆς
1431 2437 1610 2510 ψυχῆς
1639 2438 1844 2512 βλάϐην

276 2528 352 2593 ὡς
375 2528 696 2599 δυσωπῆσαι
731 2527 923 2600 ἱκανὴν
949 2524 1113 2583 οὖσαν
1134 2529 1595 2602 προϐαλλομένου,
1621 2535 1648 2587 6
1672 2532 1846 2604 μέγας

279 2622 440 2677 πάλιν
465 2620 760 2692 Εὐθύμιος,
791 2620 956 2675 Ἀλλά
1007 2622 1336 2694 δεησόμεθα,
1368 2617 1413 2677 ὦ
1439 2623 1648 2690 τέκνον,
1686 2627 1845 2696 φησὶ,

279 2716 374 2770 τοῦ
401 2714 556 2782 Θεοῦ,
617 2715 758 2770 ὥστε
809 2716 1000 2787 μηδενὶ
1045 2717 1152 2769 τῶν
1202 2715 1569 2792 βλαπτόντων,
1626 2718 1716 2772 διὰ
1750 2718 1847 2789 τὴν

281 2808 525 2878 ὑπακοὴν
579 2806 853 2878 ἁλώσιμον
905 2807 1136 2878 ὀφθῆναί
1200 2824 1281 2861 σε.
1336 2807 1510 2862 Αὑτοῦ
1560 2809 1669 2878 γάρ
1700 2811 1848 2862 ἐστιν

280 2901 313 2970 ἡ
339 2900 491 2970 φωνή
515 2916 529 2930 ο
557 2901 678 2954 Θύκ
709 2896 900 2970 ἦλθον
916 2898 1368 2969 διακονηθῆναι,
1395 2899 1554 2954 ἀλλὰ
1581 2897 1858 2969 διακονῆ-

281 3006 406 3043 σαι.
431 2988 570 3043 Καίο
601 2991 684 3044 Οὐ
716 2987 865 3042 ποιῶ
901 2987 969 3042 τὸ
1002 2987 1233 3058 θέλημα
1266 2988 1334 3042 τὸ
1392 2986 1560 3058 ἐμὸν,
1591 2987 1754 3042 ἀλλὰ
1779 2986 1852 3040 τὸ

283 3082 514 3152 θέλημα
545 3079 652 3135 τοῦ
695 3080 1047 3150 πέμψαντός
1090 3097 1166 3148 με
1213 3079 1464 3148 Πατρός.
1500 3079 1646 3150 Πρὸς
1679 3077 1854 3131 ταῦτα
1883 3142 1891 3156 ,

283 3174 362 3228 ἐτι
387 3173 586 3246 μᾶλλον
614 3168 1014 3244 τραχυνομένου
1033 3170 1128 3224 τοῦ
1153 3171 1440 3236 Αύξεντίου
1469 3172 1562 3225 καὶ
1587 3170 1854 3241 μηδαμῶς

2019 2440 2230 2498 XLVII.
2272 2444 2409 2500 Cum
2438 2444 2555 2500 ham
2587 2443 2818 2510 diceret,
2841 2449 2897 2499 et
2924 2442 3119 2498 anima:
3140 2456 3338 2497 noxam
3366 2451 3426 2496 ut
3453 2441 3522 2496 ad

1950 2535 2276 2590 movendum
2303 2536 2576 2602 idoneam,
2601 2534 2887 2606 proferret,
2933 2548 3161 2604 magnus
3187 2533 3382 2588 iterum
3411 2532 3524 2586 Eu-

1951 2626 2189 2698 thymius
2219 2617 2372 2680 {Sed
2404 2627 2596 2692 Deum,
2649 2625 2844 2696 inquit,
2892 2626 3188 2692 orabimus,
3244 2641 3277 2680 ο
3321 2623 3415 2688 fili,
3463 2630 3524 2677 ut

1964 2727 2188 2787 propter
2225 2717 2613 2782 obedientiam,
2645 2733 2672 2770 a
2704 2717 2854 2772 nullo
2901 2731 2970 2772 ex
3013 2717 3082 2772 iis
3133 2731 3254 2786 quae
3298 2715 3522 2782 laedunt,

1953 2820 2143 2880 captus
2175 2810 2428 2866 videaris.
2450 2811 2583 2880 Ejus
2608 2811 2755 2864 enim
2782 2825 2884 2865 vox
2915 2817 3000 2864 est
3031 2827 3045 2863 ε
3075 2808 3193 2863 Non
3220 2807 3336 2861 veni
3364 2807 3525 2860 mini-

1950 2903 2135 2968 strari,
2170 2901 2262 2956 sed
2288 2902 2593 2956 ministrare
2621 2901 2664 2955 ⁸.
2698 2901 2762 2956 Et
2816 2919 2829 2956 :
2881 2901 3000 2955 Non
3033 2901 3171 2972 facio
3203 2898 3524 2954 voluntatem

1956 3011 2150 3060 meam,
2181 2994 2271 3048 sed
2291 2993 2608 3049 voluntatem
2641 2993 2755 3063 ejus
2783 2993 2871 3064 qui
2900 2993 3042 3060 misit
3069 3009 3150 3047 me
3174 2991 3354 3047 Patris
3378 2992 3417 3043 ⁸.
3445 2990 3528 3045 Ad

1954 3085 2056 3141 ista
2077 3085 2259 3140 adhuc
2282 3087 2451 3157 magis
2475 3093 2793 3156 exasperato
2806 3084 3095 3150 Auxentio,
3117 3094 3173 3140 et
3188 3098 3529 3154 nequaquam

1953 3176 2202 3236 cedente.
2237 3177 2452 3247 gravius
2484 3176 2538 3230 in
2593 3191 2717 3232 eum
2754 3176 3020 3231 invehens
3073 3169 3530 3244 divinus'Euthy-

281 3269 398 3322 ετκο
411 3279 546 3332 ηος,
577 3265 876 3338 βαρύτερον
916 3265 1066 3338 αύτῷ
1113 3264 1502 3338 προσενεχθεὶς
1524 3266 1552 3316 6
1583 3263 1724 3328 θεῖος
1753 3263 1851 3316 E6-

1958 3267 2136 3322 mius:
2167 3267 2275 3322 Nos
2303 3266 2541 3337 quidem,
2565 3281 2598 3321 ο
2628 3266 2723 3330 ﬁli,
2747 3263 3119 3335 inquit,'quod
3143 3263 3240 3319 tibi
3264 3261 3366 3334 ipsi
3391 3278 3531 3333 quo-

285 3358 498 3430 θύμιος,
513 3357 702 3429 Ἡμεῖς
723 3357 844 3429 μὲν,
865 3350 1126 3424 ὧτέκνον,
1155 3354 1326 3425 εἶπεν,
1354 3357 1490 3428 ὅπερ
1509 3355 1573 3428 δὴ
1596 3355 1690 3408 καὶ
1710 3352 1856 3424 αὐτῷ

289 3468 372 3505 σοι
407 3449 698 3504 λυσιτελεῖν
723 3449 923 3516 ἐδόκει,
948 3449 1450 3520 συνεϐουλεύσαμεν
1467 3463 1481 3478 ⁸
1507 3448 1571 3501 σὺ
1593 3447 1648 3501 δὲ
1679 3447 1855 3518 μένων

287 3543 381 3596 ἐπὶ
396 3544 496 3613 τῆς
523 3542 692 3614 αὐτῆς
717 3542 1024 3607 ἀπειθείας,
1055 3541 1179 3596 ὅσον
1218 3541 1373 3596 οῦπω
1400 3540 1486 3604 τίς
1514 3541 1542 3593 6
1571 3540 1670 3610 τῆς
1697 3539 1856 3592 ἀπεια-

289 3636 439 3700 θείας
462 3635 670 3707 καρπὸς
705 3635 847 3708 εἴσῃ.
885 3633 1051 3690 Οῦπω
1074 3635 1247 3705 ίτέλος
1277 3631 1388 3713 εἶχε
1425 3633 1504 3705 τῷ
1536 3632 1757 3704 μεγάλῳ
1789 3631 1858 3686 τά

290 3727 583 3800 εἰρημένα,
618 3727 714 3782 καὶ
734 3727 922 3782 κλόνον
967 3728 1068 3781 οὐκ
1095 3723 1190 3781 οἷδ’
1221 3727 1342 3782 ὅθεν
1370 3728 1400 3780 6
1449 3724 1738 3790 Αύξέντιος
1762 3725 1857 3779 τοῦ

292 3821 544 3892 σώματος
570 3819 836 3885 ὑποστὰς,
886 3818 1072 3882 ἄθλιος
1100 3818 1194 3872 ἐπὶ
1220 3818 1321 3889 τὴν
1351 3821 1456 3889 γῆν
1496 3817 1855 3883 καταπίπτει,

292 3913 546 3986 δακρύων
576 3913 664 3967 διὰ
702 3912 802 3983 τὴν
850 3911 1138 3984 συμφορὰν
1173 3911 1332 3982 μόνον
1353 3922 1382 3962 (ι
1410 3911 1579 3976 ἄξιος.
1612 3912 1676 3964 Οἱ
1729 3910 1859 3980 γοῦν

295 4006 559 4078 παρόντες
595 4005 705 4061 τῶν
757 4004 1024 4073 ἀδελφῶν,
1084 4003 1505 4067 ἐπικλασθέντες
1553 4003 1704 4074 αύτῷ
1762 4001 1861 4061 τὰς

295 4097 468 4169 ψυχὰς
484 4097 655 4162 οὕτως
684 4095 932 4158 ἐλεεινῶς
962 4095 1156 4166 ἔχοντι,
1188 4094 1395 4149 ἐδέοντο
1425 4094 1722 4166 Εὐθυμίου,
1751 4093 1860 4146 ἰκέ-

296 4208 471 4256 τευον,
499 4189 847 4262 ὴντηϐόλουν,
882 4187 1146 4259 βοηθῆσαι
1167 4186 1426 4257 κειμένῳ,
1459 4188 1555 4242 καὶ
1577 4187 1860 4258 παρακοῆς

299 4283 591 4338 ὑποστάντι
611 4282 855 4353 πονηρὰν
877 4279 1104 4334 ἔκτισιν.
1124 4278 1183 4333 Ὀ
1211 4278 1290 4345 δὲ,
1308 4278 1444 4348 πρὸς
1463 4264 1638 4340 οὕτως
1659 4277 1860 4347 ἀπειθῆ

299 4372 388 4424 καὶ
417 4370 673 4439 ἀνήκοον,
711 4368 931 4439 ἕτοιμος
961 4362 1029 4438 ἦν
1055 4367 1376 4421 ὑπακούειν.
1421 4367 1532 4420 Καὶ
1560 4366 1859 4437 λαϐόμενος

300 4460 459 4516 αὑτοῦ
482 4461 591 4516 τῶν
616 4459 842 4532 χειρῶν,
876 4460 1130 4529 ἀνίστησι
1166 4458 1258 4512 τὸν
1290 4456 1600 4522 Αύξέντιον,
1632 4456 1864 4526 ὑπότρο-

303 4571 400 4626 μον
450 4553 555 4618 ἔτι,
598 4553 693 4606 atat
718 4553 807 4607 διά
859 4552 1078 4608 πάντων
1128 4550 1324 4623 μικροῦ
1370 4548 1478 4604 τῶν
1533 4549 1708 4620 μελῶν
1763 4547 1863 4618 τὴν

1959 3373 2066 3428 que
2103 3372 2225 3412 esse
2269 3356 2612 3412 conducibile
2659 3357 2966 3421 videbatur,
3003 3353 3382 3411 consuluimus
3417 3370 3431 3406 :
3472 3362 3530 3408 tu

1961 3458 2145 3504 autem
2184 3450 2241 3504 in
2268 3449 2458 3504 eadem
2503 3462 2732 3502 manens
2779 3443 3170 3512 inobedientia,
3206 3458 3329 3498 mox
3369 3442 3529 3509 scies,

1961 3537 2211 3609 quisnam
2235 3538 2308 3592 sit
2325 3536 2702 3591 inobedientia:
2720 3534 3207 3592 fructus.Nondum
3226 3533 3418 3586 horum
3446 3532 3533 3587 di-

1964 3639 2177 3686 ctorum
2208 3643 2436 3699 magnus
2480 3627 2642 3681 linem
2675 3625 2898 3692 fecerat,
2944 3633 3000 3680 et
3047 3638 3372 3680 concussum
3409 3638 3534 3678 eor-

1964 3721 2114 3792 poris
2141 3719 2328 3776 nescio
2349 3719 2494 3774 unde
2514 3732 2706 3789 passus
2728 3717 3051 3782 Auxentius,
3070 3714 3306 3770 miserin
3333 3723 3531 3769 terram

1944 3813 2187 3880 'deeidit,
2211 3811 2386 3868 solum
2408 3810 2605 3881 dignus
2625 3809 2876 3882 lacrymis
2905 3816 3124 3879 propter
3147 3807 3531 3862 calamitatem.

1965 3905 2068 3973 Qui
2097 3920 2227 3976 ergo
2256 3904 2480 3959 aderant
2511 3918 2578 3958 ex
2609 3901 2898 3965 fratribus,
2942 3899 3098 3956 fracti
3139 3899 3337 3953 animis
3369 3913 3535 3968 super

1966 4015 2033 4054 eo
2065 4007 2171 4053 tam
2215 3996 2416 4052 misere
2460 3995 2680 4063 affecto,
2710 3993 2972 4066 rogabant
2999 3991 3371 4063 Euthymium,
3401 4005 3538 4060 sup,-

1968 4090 2264 4162 plieabant,
2291 4086 2675 4153 obsecrahant,
2701 4093 2763 4140 ut
2789 4098 2950 4155 opem
2972 4081 3142 4137 ferret
3168 4080 3394 4151 iacenti,
3416 4094 3537 4151 gra-

1968 4197 2198 4253 vemque
2223 4195 2484 4253 perpesso
2520 4176 2908 4234 inobedientiaa
2937 4189 3181 4246 poenam.
3211 4175 3266 4228 Is
3291 4187 3419 4228 vero
3449 4187 3539 4227 er-

1969 4293 2033 4350 ga
2074 4277 2213 4333 adeo
2233 4285 2612 4331 contumacem
2638 4281 2694 4326 et
2721 4268 3154 4332 inobedientem,
3177 4277 3400 4338 paratus
3423 4273 3540 4320 erat

1947 4369 2225 4433 -obedire;
2253 4382 2317 4422 ac
2361 4366 2481 4437 ejus
2510 4363 2767 4420 manibus
2794 4361 3100 4433 prehensis,
3132 4358 3292 4430 erigit
3315 4357 3539 4412 Auxen-

1969 4462 2125 4526 tium,
2153 4457 2570 4514 tremebundum
2593 4456 2796 4520 adhuc,
2819 4461 2876 4510 et
2901 4468 2998 4524 per
3023 4450 3204 4508 omnia
3226 4449 3339 4504 fere
3363 4463 3536 4503 mem:

1969 4551 2066 4606 bra
2093 4563 2282 4620 ptenas
2315 4547 2666 4618 pendentem.
2699 4544 2910 4600 Deinde
2939 4557 3062 4599 cum
3099 4540 3312 4611 signum
3336 4537 3535 4603 crucis,

298 4614 563 4730 τιμωρίαν
595 4631 886 4721 ὑπέχοντα.
921 4645 1054 4702 Εῐτα
1082 4614 1174 4701 καὶ
1206 4614 1459 4714 καθάπερ
1490 4614 1546 4696 τί
1572 4614 1851 4714 φάρμακοι

1968 4614 2142 4694 instar
2169 4614 2454 4708 cujusdam
2483 4631 2899 4698 medicamenti,
2929 4631 2981 4687 ei
3011 4628 3346 4689 immisisset.
3379 4625 3540 4682 solvit

298 4741 444 4812 αὐτῷ
505 4742 568 4796 τὸ
613 4739 708 4795 τοῦ
764 4738 1000 4810 σταυροῦ
1051 4740 1277 4807 σημεῖον
1317 4733 1612 4799 ἐπιϐαλὼν,
1646 4731 1864 4802 λύειτῷ

299 4834 565 4906 ἀνθρώπῳ
596 4835 657 4889 τὸ
681 4833 875 4901 πάθος,
931 4833 1026 4888 καὶ
1068 4832 1198 4900 ὑγιᾶ
1257 4829 1598 4902 παραχρῆμα
1645 4825 1864 4881 δείκνυ-

301 4942 404 4982 σιν.

365 5021 504 5078 MH'.
532 5022 860 5091 Ἀνενεγκὼν
879 5019 971 5075 οῦν
987 5020 1016 5072 6
1038 5018 1343 5083 Αύξέντιος,
1365 5017 1460 5071 καὶ
1484 5015 1586 5087 τῆς
1610 5015 1708 5086 μὲν
1725 5031 1800 5068 πα
1810 5031 1870 5085 ρ-

299 5115 462 5186 ακοῆς
516 5117 596 5180 εἰς
631 5115 852 5186 μνήμην
877 5112 1070 5179 ἐλθὼν,
1106 5111 1282 5175 συνεὶς
1313 5110 1370 5164 δὲ
1395 5109 1567 5164 καὶτὸ
1589 5107 1866 5175 κατασκῆ-

299 5208 404 5277 ψαν
426 5210 506 5272 εἰς
533 5207 694 5262 αύτδν
743 5207 932 5274 πάθος,
957 5206 1049 5260 καὶ
1103 5205 1186 5260 ὅτι
1244 5203 1411 5274 μόνης
1454 5201 1522 5273 ἦν
1579 5198 1862 5262 ἀπειθείας

302 5299 458 5370 ἔργον
527 5299 604 5371 μὴ
656 5300 950 5369 ἀγνοήσας,
997 5296 1078 5350 ἔτι
1125 5297 1348 5366 μείζονα
1411 5293 1568 5361 δίκην
1607 5290 1712 5344 ὑπὸ
1766 5288 1861 5343 τοῦ

302 5392 598 5456 συνειδότος
623 5392 951 5463 ἐπράττετο,
1005 5389 1098 5442 καὶ
1173 5384 1508 5458 μεταμέλειά
1560 5400 1644 5446 τις
1706 5381 1868 5434 αὑτὸν

301 5481 468 5557 εἰσῄει
500 5483 666 5553 δεινή.
718 5481 933 5553 Ἀμέλει
966 5481 1061 5534 καὶ
1097 5477 1429 5549 προσπίπτει
1469 5471 1560 5543 τῷ
1584 5469 1864 5542 Εύθυμίῳ’

300 5573 455 5627 τοῦτο
495 5573 594 5644 μὲν
623 5573 954 5643 συγγνώμην
975 5572 1082 5625 τῶν
1107 5570 1206 5640 ήδη
1249 5565 1636 5638 γεγενημένων
1674 5563 1865 5627 αἰτῶν,

369 5711 389 5741 ⁸
433 5709 625 5766 Matth.
666 5709 849 5774 xx,28.
925 5708 1118 5766 ‘Joan.
1152 5726 1205 5774 v,
1240 5707 1327 5762 50.

1969 4731 2246 4788 hominem
2269 4729 2337 4786 ab
2360 4743 2427 4785 ea
2465 4726 2776 4793 affectione,
2803 4721 3097 4793 statimque
3117 4735 3310 4778 sanum
3336 4717 3534 4774 reddit.

2039 5005 2271 5062 XLVI".
2314 5004 2610 5060 Recreatus
2651 5001 2834 5070 itaque
2883 4993 3212 5058 Auxentius,
3257 5002 3314 5049 et
3352 4992 3540 5048 inobe-

1969 5100 2186 5156 dientiae
2214 5098 2429 5170 quidem
2451 5093 2789 5154 recordatus,
2816 5090 3120 5161 intelligens
3163 5102 3294 5144 vero
3317 5087 3540 5142 calami-

1972 5202 2135 5247 tatem
2166 5205 2286 5260 qua:
2328 5187 2378 5243 ei
2437 5183 2780 5249 incubuerat,
2815 5196 2914 5237 nec
2944 5177 3152 5235 inscius
3193 5192 3330 5247 opus
3373 5175 3540 5232 fuisse

1970 5286 2138 5342 solius
2174 5280 2550 5344 contumaciae,
2592 5279 2825 5349 majores
2856 5275 3038 5332 adhuc
3059 5275 3243 5329 luebat
3266 5288 3456 5344 pinnas
3508 5287 3538 5326 a

1965 5373 2318 5439 conscientia,
2339 5371 2626 5444 gravisque
2642 5384 2762 5424 eum
2787 5368 2954 5424 subiit
2995 5364 3338 5439 pmnitentia.
3361 5362 3540 5429 Quare

1966 5469 2033 5524 ad
2062 5467 2226 5538 pedes
2257 5464 2491 5537 procidit
2509 5460 2784 5533 Euthymii
2822 5477 2838 5528 ;
2877 5459 3076 5531 partim
3098 5469 3290 5530 petens
3327 5453 3540 5512 veniam

1964 5561 2075 5631 jam
2107 5567 2374 5626 actorum,
2409 5556 2606 5629 partim
2657 5554 2713 5612 in
2735 5553 2981 5611 futurum
3012 5549 3378 5608 securitatem.
3401 5544 3540 5600 Cum

1601 5800 1828 5859 νΑιιιΑῑ
1864 5795 2256 5855 LECTIONES.

374 5905 397 5934 ⁶
424 5899 495 5954 al.
519 5898 642 5954 add.
722 5910 745 5948 Ρ
776 5899 844 5954 al.
880 5899 1090 5969 ἐχθροῦ.
1164 5909 1190 5949 'l
1225 5899 1291 5972 al.
1333 5900 1532 5969 μόνων.
