3846 6468
335 413 443 476 635

1603 410 1891 475 MENSIS
1928 410 2390 473 IANUARIUS.

3493 414 3604 479 636

336 527 384 581 is
433 538 562 580 vero
624 525 672 580 ei
730 524 912 580 statim
972 525 1270 596 ignovisset
1321 526 1544 598 (anima
1598 531 1745 584 enim
1801 542 1923 598 quae

2043 525 2180 579 τοῦτο
2207 525 2264 579 δὲ
2298 525 2392 578 καὶ
2420 524 2555 594 πρὸς
2598 522 2659 576 τὸ
2688 522 2881 594 μέλλον
2913 523 3238 593 ἀσφάλειαν.
3265 524 3370 578 Τοῦ
3409 525 3467 578 δι
3509 530 3603 583 καὶ

339 618 427 672 vix
456 618 671 672 tandem
707 619 772 673 ad
806 619 941 672 iram
973 634 1234 674 conversa
1261 619 1473 684 fuerat,
1507 621 1780 692 quomodo
1810 635 1920 674 non

339 712 531 764 fuisset
580 721 827 781 prompte
877 727 1104 767 cursura
1141 713 1208 767 ad
1270 713 1803 769 commiserationem
1850 714 1920 784 ?),

338 811 394 856 et
449 801 690 857 futurum
750 812 963 874 tempus
994 821 1089 876 per
1118 805 1421 860 orationem
1483 806 1919 871 communiisset,

339 896 430 950 ille
457 911 578 950 cum
615 895 890 966 voluptate
917 906 971 952 et
1020 897 1186 952 animi
1223 897 1502 952 alacritate
1542 895 1771 966 suscipit
1804 911 1926 950 mu-

341 989 514 1040 lorum
543 987 927 1042 ministerium.
961 988 1052 1044 Sic
1073 988 1358 1058 disciplina
1389 989 1601 1043 Domini
1632 991 1675 1053 ',
1709 999 1769 1044 ut
1799 1003 1923 1044 cum

344 1083 523 1136 divina
567 1082 848 1153 Scriptura
880 1084 1069 1154 loquar
1103 1126 1117 1150 ,
1149 1095 1204 1140 et
1237 1101 1393 1139 aures
1427 1085 1638 1154 aperit;
1667 1097 1725 1139 et
1764 1085 1925 1155 plane

344 1175 531 1243 adjicit
579 1176 1014 1245 intelligentiam.
1069 1177 1135 1231 Et
1186 1177 1279 1248 qui
1314 1187 1605 1246 antequam
1653 1177 1924 1247 deprime-

346 1276 498 1320 retur
522 1266 853 1337 humilisque
894 1268 1234 1333 redderetur,
1266 1269 1626 1324 contumacia:
1646 1277 1925 1338 peccatum

348 1357 661 1420 admiserat,
705 1367 827 1427 post
865 1358 1278 1429 depressionem
1334 1361 1807 1430 humilitatemque
1863 1374 1928 1415 ex

348 1451 630 1519 disciplina
683 1459 858 1506 ortam
903 1491 918 1514 ,
982 1452 1235 1523 cognitus
1281 1452 1384 1508 fuit
1430 1454 1500 1508 ad
1559 1453 1926 1508 obedientiam

350 1552 655 1613 promptus.
674 1543 800 1600 Haec
817 1545 949 1600 mihi
966 1546 1292 1602 anachoreta
1314 1546 1573 1618 Cyriacus
1589 1545 1700 1619 (57)
1724 1547 1812 1602 ille
1837 1546 1929 1618 qui

351 1633 422 1687 ab
474 1634 696 1688 ineunte
727 1634 944 1705 quidem
972 1645 1132 1692 astate
1162 1648 1353 1693 tonsus
1393 1638 1571 1694 fuerat
1597 1639 1654 1693 in
1679 1640 1931 1695 coenobio

353 1726 773 1797 Euthymiij58),
793 1736 1077 1800 postquam
1098 1740 1278 1786 autem
1295 1747 1420 1787 eum
1444 1732 1562 1801 ejus
1585 1731 1695 1804 (59)
1715 1747 1933 1788 succes-

351 1819 569 1874 soribus
589 1820 720 1874 satis
753 1821 914 1894 longo
942 1831 1186 1894 tempore
1211 1833 1359 1879 esset
1388 1833 1659 1887 versatus,
1688 1839 1934 1879 omnem-

2025 621 2350 690 συγγνόντος
2377 619 2578 682 εὐθέως
2607 617 2756 689 αύτῷ
2788 617 2860 690 (ἡ
2925 619 3034 689 γὰρ
3061 619 3197 690 πρὸς
3253 619 3423 690 ὀργὴν
3471 637 3603 692 τρα-

2023 713 2186 764 πεῖσα
2214 709 2365 781 μόλις
2391 708 2558 780 ψυχὴ,
2603 708 2720 772 πῶς
2763 710 2862 763 οὐκ
2913 709 3132 779 ἔμελλεν
3183 711 3416 781 ἑτοίμοις
3475 711 3607 780 δρα-

2027 803 2148 872 μεῖν
2208 802 2287 864 είς
2340 800 2686 871 συμπάθειαν
2711 801 2777 866 ς),
2812 803 2909 852 καὶ
2954 801 3017 853 τὸ
3077 800 3271 870 μέλλον
3313 801 3380 854 δι’
3440 802 3605 871 εὐχῆς

2025 893 2493 963 ἀσφαλισαμένου.
2529 893 2646 963 μεθ’
2695 892 2890 964 ἡδονῆς
2923 892 3131 956 ἐκεῖνος
3172 893 3266 946 καὶ
3297 892 3606 964 προθυμίας

2024 985 2122 1057 τὴν
2166 985 2275 1039 τῶν
2330 987 2576 1057 ἡμιόνων
2629 988 2938 1055 ἀναιρεῖται
3003 985 3300 1040 διακονίαν.
3339 987 3530 1050 Οὖτως
3570 987 3606 1054 ἠ

2026 1078 2266 1132 παιδεία
2319 1080 2564 1147 Κυρίου,
2635 1078 2780 1132 κατὰ
2822 1079 2922 1148 τὴν
2970 1078 3117 1132 Θείαν
3163 1079 3329 1146 φάναι
3358 1078 3605 1148 Γραφὴν,

2025 1169 2232 1240 ἀνάγει
2261 1187 2324 1224 τε
2371 1171 2443 1225 τὰ
2481 1166 2622 1238 ὦτα,
2675 1171 2770 1224 καὶ
2799 1170 2933 1236 ενοῦν
2960 1169 3206 1242 ἀκριϐῶς
3253 1172 3604 1241 προστίθησι.

2030 1263 2138 1317 Καὶ
2173 1266 2200 1317 ὁ
2225 1265 2330 1334 πρὸ
2359 1263 2452 1317 τοῦ
2475 1264 2878 1333 ταπεινωθῆναι
2929 1266 3028 1335 τὴν
3089 1263 3374 1316 ἀπείθειαν
3428 1264 3609 1333 πλημ-

2032 1356 2290 1426 μελήσας,
2323 1355 2462 1425 μετά
2486 1355 2584 1426 τὴν
2613 1356 2674 1407 ὲκ
2701 1353 2949 1416 παιδείας
2983 1353 3338 1414 ταπείνωσιν,
3389 1353 3608 1421 ἕτοιμος

2030 1448 2165 1518 πρὸς
2213 1449 2457 1519 ὑπακοὴν
2502 1447 2848 1517 ὲγνωρίζετο.
2897 1445 3084 1500 Ταῦτά
3135 1447 3275 1515 μοιό
3325 1447 3610 1514 ἀναχωρη-

2030 1541 2130 1610 τὴς
2178 1540 2455 1611 Κυριακὺς
2505 1540 2805 1612 διηγήσατο
2830 1577 2845 1603 ,
2883 1538 3161 1608 Κυριακὸς
3190 1539 3418 1601 ἐκεῖνος,
3447 1535 3506 1600 ὃς
3547 1538 3609 1588 ὲκ

2031 1634 2152 1687 νέου
2216 1634 2313 1704 μὲν
2355 1632 2434 1705 τῷ
2455 1633 2549 1688 τοῦ
2587 1634 2825 1705 μεγάλου
2873 1631 3152 1700 Εὑθυμίου
3213 1628 3610 1698 ἐναπεκείρατο

2033 1727 2302 1798 κοινοϐίῳ,
2337 1729 2448 1790 τοῖς
2492 1727 2700 1780 ἐκείνου
2747 1727 2803 1778 δὲ
2851 1725 3114 1796 διαδόχοις
3158 1723 3348 1794 χρόνον
3427 1722 3612 1775 ἱκανὸν

2039 1820 2456 1890 συγγενόμενος,
2489 1819 2581 1872 καὶ
2611 1820 2794 1872 πᾶσαν
2847 1817 2992 1888 παρ’
3041 1815 3220 1870 αὐτῶν
3275 1817 3369 1868 τοῦ
3420 1813 3611 1883 ἀνδρὸς

351 1911 459 1980 que
483 1912 550 1965 ab
574 1912 653 1967 eis
678 1912 777 1967 viri
809 1923 862 1968 et
903 1915 1376 1982 exercitationem,
1417 1926 1471 1972 et
1495 1917 1616 1972 vita:
1665 1917 1928 1971 rationem

2043 1883 2287 1980 άσκήσίν
2309 1927 2368 1962 τε
2393 1910 2484 1964 καὶ
2517 1909 2792 1963 πολιτείαν
2819 1883 2955 1980 πρὸς
2991 1907 3278 1978 ἀκρίϐειαν
3331 1903 3610 1974 ἐκμαθὼν,

353 2011 604 2056 accurate
627 2001 924 2070 didicisset,
950 2015 1140 2075 postea
1170 2005 1226 2059 in
1252 2005 1403 2060 laura
1419 2008 1622 2062 veteris"
1643 2006 1797 2062 Sura:
1816 2005 1928 2077 (60)

355 2094 696 2166 septuaginta
715 2094 824 2166 (6|)
843 2095 958 2151 fere
972 2097 1096 2151 totis
1112 2097 1274 2151 annis
1293 2112 1351 2151 se
1369 2099 1634 2162 exercuit,
1655 2098 1805 2152 omni
1823 2098 1932 2152 vir-

357 2193 472 2238 tute
503 2199 566 2238 ac
598 2184 840 2241 honesta:
871 2186 991 2240 vita
1017 2187 1292 2256 praeclaris
1312 2187 1467 2242 factis
1489 2187 1778 2243 admodum
1810 2188 1935 2242 illu-

356 2279 502 2336 stris.

429 2372 614 2425 XLIX.
659 2373 721 2428 Et
742 2374 873 2429 illud
894 2382 1077 2429 autem
1107 2376 1224 2446 ipse
1250 2377 1381 2431 mihi
1413 2377 1617 2443 retulit,
1653 2377 1796 2448 quod
1823 2378 1932 2434 duo

358 2480 421 2518 ex
457 2467 731 2528 fratribus.
759 2467 908 2522 Maro
937 2477 993 2522 et
1021 2469 1338 2532 Clematius,
1371 2471 1437 2525 ad
1456 2472 1826 2527 austeritatem
1850 2473 1931 2526 vi-

359 2566 427 2610 tae
466 2574 530 2612 ac
587 2559 884 2630 disciplina:
928 2563 982 2617 in
1043 2563 1192 2618 laura
1233 2565 1531 2621 observatas
1599 2565 1933 2632 fatiscentes,

360 2646 502 2702 inter
529 2665 587 2704 se
638 2665 1035 2722 convenerunt,
1065 2665 1126 2710 ut
1184 2656 1332 2712 illinc
1371 2658 1680 2713 clanculum
1729 2659 1930 2730 elIuge-

362 2747 504 2808 rent,
534 2751 588 2796 et
637 2760 696 2798 se
723 2755 886 2800 noctu
915 2746 1097 2802 furtim
1127 2749 1495 2821 subriperent.
1520 2753 1647 2808 Haec
1705 2753 1779 2807 illi
1810 2755 1934 2824 qui-

363 2831 484 2885 dem
536 2838 808 2892 communi
856 2853 1143 2896 consensu‘
1167 2843 1530 2912 loquebantur
1572 2855 1628 2900 et
1683 2841 1823 2916 apud
1877 2861 1937 2900 se

366 2923 704 2994 cogitabant:
739 2929 832 2983 sed
883 2931 973 3000 qui
1003 2942 1212 2987 secreta
1240 2935 1433 3004 aperit,
1462 2944 1517 2989 et
1565 2937 1631 2991 iis
1668 2937 1760 3006 qui
1808 2944 1938 2991 sunt

364 3016 617 3086 dedicati,
659 3021 790 3075 dicit
825 3037 920 3092 per
948 3018 1208 3081 'lsaiam:
1249 3025 1371 3079 Non
1405 3029 1502 3080 erit
1560 3029 1652 3082 tibi
1707 3028 1937 3098 amplius

363 3109 441 3163 sol
473 3111 526 3163 in
571 3110 738 3166 lucem
771 3114 894 3177 diei,
925 3130 1085 3178 neque
1119 3125 1263 3170 ortus
1298 3117 1434 3172 luna?
1466 3117 1786 3173 illuminabit
1844 3121 1938 3176 tibi

366 3210 608 3266 noctem;
649 3203 739 3256 sed
790 3204 887 3257 erit
925 3204 1017 3257 tibi
1066 3204 1321 3260 Dominus
1363 3207 1456 3261 lux
1508 3210 1825 3277 sempiterna
1855 3210 1877 3242 "
1920 3229 1933 3264 :

367 3290 484 3359 ipse
513 3293 613 3345 hoc
644 3308 860 3363 quoque
903 3295 1255 3351 manifestum
1296 3297 1426 3354 facit
1454 3299 1656 3354 latnulo
1681 3315 1799 3355 suo.
1836 3297 1940 3355 Fa-

368 3382 443 3436 cit
490 3393 669 3438 autem
711 3385 815 3440 hoc
863 3397 1043 3458 pacto.
1077 3388 1138 3443 In
1184 3390 1367 3460 quiete
1393 3391 1538 3446 enim
1589 3391 1804 3464 degenti
1853 3386 1946 3450 ali-

368 3474 586 3540 quando
635 3469 761 3531 huic
795 3492 991 3550 magno
1020 3489 1074 3534 et
1105 3481 1410 3537 admirabili
1461 3482 1753 3555 Eutliymio
1794 3485 1945 3540 visus

368 3573 452 3618 est
501 3567 768 3638 malignus
829 3569 1034 3627 Maroni
1093 3581 1148 3627 et
1200 3572 1463 3630 Clematio
1498 3615 1513 3639 ,
1575 3584 1828 3647 tanquam
1874 3578 1944 3633 ob

370 3660 554 3718 oculos
587 3671 774 3718 sancto
803 3666 1205 3733 assistentibus,
1249 3668 1466 3723 frenum
1502 3670 1728 3741 injicere
1754 3712 1768 3736 ,
1819 3686 1944 3727 eos-

368 3764 474 3818 que
501 3750 556 3803 in
585 3751 835 3820 laqueum
868 3755 1082 3811 trahere
1113 3759 1512 3829 gravissimum.

447 3928 506 3985 L.
548 3931 598 3987 ls
621 3949 750 3989 vero
771 3937 950 3991 statim
991 3938 1286 3995 intellectis
1315 3940 1550 4006 insidiis,
1582 3941 1810 3997 arcessit
1842 3943 1948 3996 fra-

373 4029 483 4076 tres
520 4021 792 4078 Maronem
828 4035 881 4080 et
927 4026 1272 4094 Clematium,
1303 4047 1508 4100 eosque
1558 4033 1827 4099 hortatur,
1852 4035 1950 4088 ad-

374 4125 578 4181 monet,
610 4126 778 4187 rogat,
805 4117 980 4181 ducet,
1019 4121 1329 4191 alloquitur,
1368 4133 1423 4178 et
1458 4125 1721 4194 prolixam
1745 4127 1948 4181 oratio-

373 4224 498 4264 nem
524 4212 685 4266 habet
711 4212 775 4266 de
825 4215 1132 4281 tolerantia,
1187 4217 1442 4288 quodque
1471 4234 1611 4288 opus
1642 4219 1715 4273 sit
1747 4219 1950 4289 ubique

374 4305 603 4374 plurima
643 4309 886 4362 custodia
913 4321 967 4364 et
1018 4311 1292 4368 cautione.
1323 4311 1529 4367 Deinde
1557 4313 1611 4366 in
1641 4314 1947 4384 exemplum

376 4397 454 4452 eis
492 4400 711 4456 adducit
749 4402 1016 4458 Adamum
1053 4414 1103 4459 et
1138 4403 1376 4474 Jobum;
1431 4405 1583 4460 illum
1620 4407 1839 4477 quidem
1894 4408 1950 4462 in

374 4493 628 4572 paradiso
660 4495 895 4551 mandati
935 4497 1275 4567 violatorem,
1317 4500 1466 4556 hunc
1488 4515 1617 4555 vero
1643 4501 1949 4571 omnigenae

1939 3781 1948 3788 .
2052 3761 2143 3815 ὑπο
2178 3741 2492 3828 ὀφθαλμοὺς
2525 3754 2603 3820 τῷ
2655 3753 2795 3823 ἁγίῳ
2845 3748 3280 3821 παρισταμένοις
3314 3754 3356 3810 τ,

2037 2000 2265 2070 ὕστερον
2327 2001 2464 2071 πρὺς
2533 2001 2596 2069 τῇ
2681 1997 2861 2068 λαύρα
2937 1995 3032 2049 τοῦ
3116 1993 3350 2047 παλαιοῦ
3434 1991 3612 2045 Σουκᾶ

2039 2096 2169 2163 παρ’
2201 2094 2354 2155 ὂλους
2385 2092 2756 2162 ἐϐδομήκοντα
2784 2089 2967 2162 σχεδὸν
3029 2087 3310 2150 ἐνιαυτοὺς
3344 2086 3610 2156 ἤσκησεν,

2039 2189 2206 2259 ἀρετῇ
2261 2187 2408 2258 πάσῃ
2471 2186 2562 2238 καὶ
2617 2185 2730 2255 βίου
2756 2167 2954 2255 σεμνοῦ
3006 2179 3426 2253 κατορθώμασιν
3491 2181 3615 2232 ἐπι-

2042 2279 2227 2349 φανῶς
2262 2276 2592 2347 διαλάμψας.
3463 2319 3468 2322 .

2109 2372 2242 2427 ΜΘ’.
2269 2373 2504 2424 Κάκεῖνο
2527 2370 2584 2422 δέ
2623 2386 2712 2440 μοι
2739 2369 2766 2422 ὁ
2810 2367 2969 2431 αὐτὸς
2995 2366 3322 2436 διηγήσατο,
3380 2363 3463 2416 ὅτι
3521 2362 3616 2416 δύο

2039 2465 2184 2528 τινὲς
2211 2462 2320 2517 τῶν
2353 2461 2620 2531 ἀδελφῶν,
2652 2461 2860 2532 Μάρων
2897 2477 2955 2512 τε
2985 2460 3080 2512 καὶ
3107 2457 3445 2528 Κλημάτιος,
3481 2454 3618 2525 πρὸς

2039 2558 2102 2608 τδ
2130 2556 2302 2626 τραχὺ
2333 2555 2434 2623 τῆς
2467 2553 2607 2606 κατά
2632 2552 2729 2622 τὴν
2767 2549 2975 2622 λαύραν
3005 2548 3227 2618 ἀγωγῆς
3267 2547 3361 2599 καὶ
3405 2545 3618 2614 διαίτης

2041 2647 2539 2720 ἀπαγορεύσαντες,
2559 2645 2830 2715 συνθήκας
2855 2642 3036 2696 ἔθεντο
3060 2641 3194 2710 πρὸς
3214 2637 3446 2710 άλλήλου
3456 2657 3497 2702 ς,
3518 2638 3616 2690 λα-

2043 2741 2243 2814 θραίως
2271 2741 2477 2794 ἐκεῖθεν
2515 2741 2794 2808 ἐκφυγεῖν,
2837 2738 2930 2790 καὶ
2961 2735 3065 2790 ὑπὸ
3095 2733 3265 2788 νύκτα
3294 2733 3491 2800 κλέψαι
3522 2731 3618 2800 τὴν

2042 2836 2406 2906 ἀναχώρησιν.
2441 2819 2627 2886 Ταῦτα
2671 2833 2722 2885 οἱ
2749 2831 2848 2902 μὲν
2871 2827 3316 2896 ὲκοινολογοῦντο
3346 2827 3442 2879 καὶ
3493 2824 3618 2878 καθ’

2044 2928 2268 2991 ἑαυτοὺς
2307 2926 2683 2980 διεσκέπτοντο
2709 2939 2722 2953 ⁸
2756 2924 2870 2978 ἀλλ’
2907 2925 2934 2976 ὁ
2964 2920 3364 2976 ἀνακαλύπτων
3421 2916 3618 2988 βαθέα,

2043 3020 2139 3072 καὶ
2189 3021 2300 3082 τοῖς
2329 3018 2703 3088 ἀνακειμένοις
2741 3014 2888 3086 αὐτῷ
2923 3013 3012 3067 διὰ
3067 3011 3290 3097 Ἡσαΐου
3353 3008 3609 3074 φάσκων,

2043 3113 2127 3166 ὅτι
2161 3114 2286 3168 Οὐκ
2341 3113 2511 3167 ἔσται
2545 3125 2646 3166 σοι
2693 3110 2781 3164 ἔτι
2809 3112 2840 3165 ὀ
2870 3109 3046 3178 ἣλιος
3086 3109 3174 3172 είς
3217 3104 3343 3174 φῶς
3371 3101 3620 3172 ἡμέρας.

2044 3206 2185 3260 οὐδὲ
2264 3204 2529 3273 ἀνατολὴ
2570 3202 2843 3270 σελήνης
2906 3199 3112 3270 φωτιεῖ
3169 3213 3269 3252 σοι
3344 3194 3462 3261 τὴν
3512 3194 3620 3247 νύ·

2045 3313 2175 3360 κτα,
2245 3295 2384 3350 ἀλλ’
2453 3293 2628 3348 ἔσται
2681 3309 2780 3347 σοι
2852 3291 3068 3360 Κύριος
3159 3286 3283 3356 φῶς
3337 3282 3620 3345 αἰώνιονι

2043 3387 2205 3451 αύτδς
2228 3385 2448 3456 ἔκδηλον
2473 3383 2739 3440 καὶτοῦτο
2759 3384 2905 3436 ποιεῖ
2931 3380 3010 3452 τῷ
3072 3376 3258 3448 οἰκείῳ
3305 3375 3616 3446 θεράποντι.

2044 3483 2198 3536 Ποιεῖ
2217 3481 2275 3534 δὲ
2321 3477 2446 3535 ὧδε.
2509 3477 2870 3548 Ἡσυχάζοντι
2902 3473 3010 3545 γάρ
3066 3488 3198 3526 ποτε
3256 3469 3338 3540 τῷ
3389 3466 3616 3538 μεγάλῳ

2042 3573 2220 3643 τούτῳ
2249 3573 2343 3625 καὶ
2372 3568 2671 3642 θαυμαστῷ
2715 3565 2996 3637 Εὐθυμίῳ,
3053 3561 3214 3636 ὲῴκει
3277 3559 3508 3632 Μάρωνί
3568 3575 3625 3611 τε

2047 3666 2141 3721 καὶ
2171 3663 2474 3734 Κληματίῳ
2505 3659 2721 3734 χαλινὸν
2752 3658 3010 3730 ἐμϐαλεῖν
3035 3657 3064 3709 ό
3090 3654 3350 3726 πονηρδς,
3370 3651 3626 3720 καθάπερ

3401 3745 3498 3798 καὶ
3548 3745 3626 3805 εἰς

2049 3853 2251 3919 παγίδα
2302 3851 2524 3912 τούτους
2545 3848 2726 3901 ἕλκειν
2752 3843 3164 3917 χαλεπωτάτην.

2128 3943 2209 3998 Ν.
2269 3943 2326 3996 Ὀ
2369 3941 2444 4003 δὲ,
2488 3936 2779 4008 συμϐαλὼν
2805 3936 2965 3998 εὐθὺς
2994 3933 3092 4004 τὴν
3117 3929 3426 4000 ἐπιϐουλὴν,
3466 3944 3628 3999 μετα-

2049 4039 2295 4093 καλεῖται
2315 4035 2441 4099 τοὺς
2473 4031 2756 4102 ἀδελφοὺς,
2778 4031 3020 4100 Μάρωνα
3035 4027 3130 4082 καὶ
3150 4026 3263 4094 Κλη
3273 4024 3629 4095 μάτιον,παρ-

2049 4133 2214 4187 αινῶν
2265 4127 2781 4196 αύτοῖς,νουθετῶν,
2812 4122 3170 4196 παρακαλῶν,
3191 4119 3480 4180 διδάσκων,
3509 4114 3627 4166 δια-

2051 4225 2364 4294 λεγόμενος,
2386 4221 2625 4293 μακροὺς
2648 4237 2712 4274 πε
2725 4219 2775 4289 pl
2796 4215 3070 4286 ὑπομονῆς
3085 4214 3387 4267 ἀποτείνων
3413 4207 3626 4274 λόγους,

2055 4319 2150 4372 καὶ
2177 4319 2261 4372 ὅτι
2293 4315 2496 4386 πολλῆς
2537 4311 2813 4384 πανταχοῦ
2846 4309 3093 4379 φυλακῆς
3133 4305 3290 4376 χρεία
3317 4302 3409 4356 καὶ
3451 4302 3629 4368 ἀσφα-

2053 4410 2222 4472 λείας·
2252 4404 2370 4460 εἷτα
2393 4411 2487 4460 καὶ
2512 4406 2606 4460 τὸν
2627 4404 2800 4472 Ἀδὰμ
2814 4403 2993 4463 αὐτοῖς
3015 4399 3320 4468 ὑπόδειγμα
3345 4394 3626 4465 παράγων,

2059 4505 2154 4558 καὶ
2180 4503 2270 4557 τὸν
2303 4501 2449 4565 Ἰὼϐ,
2471 4502 2562 4555 τὸν
2597 4499 2695 4570 μὲν
2723 4501 2780 4552 ἒν
2815 4495 3122 4567 παραδείσῳ
3149 4493 3245 4564 τὴν
3267 4490 3489 4560 ἐντολὴν
3506 4487 3630 4542 ἀθε-

374 4586 588 4641 virtutis
620 4629 634 4653 ,
699 4589 750 4645 in
806 4591 1148 4660 sterquilinio
1194 4593 1706 4649 demonstratorem.
1766 4594 1935 4664 Nequt

2057 4597 2318 4666 τήσαντα,
2345 4594 2436 4648 τὸν
2461 4593 2515 4646 δὲ
2553 4591 2650 4647 καὶ
2682 4593 2790 4644 πᾶν
2816 4588 3016 4659 ἀρετῆς
3049 4582 3188 4645 εἶδος
3248 4584 3340 4638 ἐπὶ
3397 4580 3630 4652 κοπρίας

377 4681 494 4742 haec
514 4686 955 4755 praetermittens,
979 4690 1122 4759 quod
1154 4699 1369 4760 Oportet
1395 4691 1724 4746 monachum
1747 4706 1951 4762 nequa-

448 4801 467 4832 ⁷
491 4800 594 4854 lsa.
626 4819 676 4865 ι,
711 4803 762 4856 5.
879 4803 900 4834 ⁸
935 4803 1017 4857 lsa
1050 4820 1136 4868 1.x,
1165 4803 1252 4858 l9.

2057 4690 2477 4759 ἀποδειξάμενον
2507 4698 2574 4738 ιτ
2627 4684 2747 4739 οὐδὲ
2782 4684 2922 4738 αὐτὰ
2984 4679 3360 4752 παραλείπων,
3423 4677 3508 4730 ὅτι
3558 4675 3636 4727 δεῖ

1675 4873 1761 4928 VA
1771 4875 1914 4928 ΒΙΑΣ
1951 4871 2244 4929 LECTION
2253 4871 2356 4927 ES.

439 4971 460 5007 ι’
489 4962 559 5016 al.
606 4967 1071 5035 παρισταμένους.
1172 4974 1194 5002 ⁶
1226 4967 1295 5021 al.
1331 4967 1768 5038 ἐπιδειξάμενον.

1586 5060 1782 5115 ιοΑΝ.
1823 5059 2159 5116 BOLLANDI
2196 5058 2430 5114 ΝΟΤιΕ.

458 5173 568 5242 (57)
614 5175 684 5225 De
712 5173 766 5228 S.
805 5173 1053 5246 Cyriaco,
1090 5177 1204 5231 sive
1246 5176 1524 5244 Quiriaco,
1553 5187 1732 5231 aetum
1775 5188 1859 5232 est
1902 5179 1954 5232 in

405 5247 785 5318 irolegom.n.
838 5247 890 5318 9.
945 5246 1018 5300 De
1051 5250 1166 5313 ejus
1200 5261 1357 5303 astate
1397 5266 1546 5302 num.
1588 5247 1656 5302 12
1707 5259 1762 5302 et
1801 5265 1955 5318 seqq.

413 5317 560 5370 litam
594 5317 840 5370 dabimus
861 5317 930 5372 29
969 5318 1244 5386 Septemb.

458 5386 571 5458 (58)
613 5387 692 5440 Ab
729 5389 845 5456 ipso
878 5389 935 5442 S.
977 5387 1302 5459 Eutlrymio;
1332 5408 1350 5441 σ
1384 5389 1536 5458 cujus
1566 5389 1734 5444 beata:
1765 5405 1958 5446 manus

386 5474 601 5515 sacrum
651 5459 766 5527 ejus
805 5473 964 5525 caput
1006 5461 1328 5527 tetigerunt,
1376 5461 1538 5513 simul
1579 5461 1794 5528 quidem
1833 5477 1954 5514 eum

387 5529 691 5585 Inonastico
749 5531 1034 5584 induentes
1080 5531 1288 5592 habitu,
1331 5541 1386 5583 et
1435 5532 1486 5583 in
1537 5547 1658 5584 eum
1697 5539 1960 5585 vocantes

386 5601 690 5655 uberiorem
728 5600 960 5672 Spiritus
975 5601 1366 5669 operationem.
1406 5620 1424 5651 ι
1453 5603 1587 5655 Acta
1621 5602 1757 5672 ejus.
1789 5603 1846 5656 id
1882 5601 1961 5654 fa-

386 5681 529 5723 ctum
562 5684 701 5724 anno
726 5671 826 5726 Cll.
860 5669 982 5725 M35.

457 5740 570 5810 (59)
608 5742 653 5813 A_
682 5739 738 5813 S.
773 5741 1078 5813 Euthymio,
1109 5741 1540 5813 quodimberbis
1573 5750 1736 5806 esset,
1763 5740 1960 5813 missus

391 5813 442 5863 fu
471 5822 488 5864 t
533 5813 596 5882 ad
709 5811 1052 5867 Gerasimttm
1081 5829 1094 5866 :
1132 5829 1160 5865 a
1195 5812 1348 5882 cujus
1373 5814 1521 5867 obitu
1557 5813 1716 5867 rediit
1748 5813 1814 5864 ad
1845 5812 1960 5864 latt-

392 5898 504 5936 t'utn
539 5881 596 5935 S.
629 5881 902 5954 Eutbymii
943 5899 1087 5940 anno
1145 5881 1273 5951 475,
1317 5883 1626 5955 mansitque
1657 5883 1777 5938 istic
1809 5883 1962 5936 amns

2055 5177 2212 5250 illul
2241 5177 2308 5250 in_
2326 5176 2444 5245 ejus
2475 5174 2623 5228 Actis
2653 5173 2882 5250 legitur:
2919 5241 2930 5250 _
3102 5239 3114 5250 ι
3287 5239 3300 5250 ι
3325 5237 3357 5250 __

2123 5247 2238 5316 (60)
2281 5239 2440 5302 De'ea
2467 5256 2644 5299 actum
2679 5239 2828 5296 num.
2851 5242 2886 5295 2
2919 5241 2970 5294 in
2998 5239 3206 5316 proleg.
3236 5239 3456 5293 additur
3485 5247 3634 5290 vete-

2057 5313 2142 5372 ris‘
2165 5313 2234 5370 ob
2268 5317 2496 5371 Laurant
2523 5316 2735 5372 novam,
2760 5329 2862 5366 non
2897 5314 3082 5380 procul
3120 5313 3242 5364 inde
3266 5319 3630 5364 exstructam.

2127 5388 2242 5458 (6i)
2286 5389 2346 5440 Ili
2390 5389 2726 5458 septuaginta
2761 5383 2884 5458 anni
2931 5392 3220 5458 censentur
3259 5395 3286 5458 a
3325 5380 3636 5458 discessu:

2057 5446 2393 5515 tnonasterio
2536 5446 2808 5524 Eutliymii
2852 5470 2864 5505 :
2909 5469 2937 5504 e
2977 5454 3174 5519 quibus
3216 5449 3548 5524 ministravit
3569 5446 3636 5501 59

2057 5547 2228 5585 annos
2274 5532 2324 5580 in
2357 5529 2507 5581 l’aura
2544 5519 2732 5589 Suceé;
2770 5525 2834 5576 10
2868 5527 3128 5589 transegit
3167 5524 3216 5574 in
3248 5519 3635 5573 solitudinibus

2059 5601 2251 5666 partim
2280 5597 2549 5666 Natupha,
2572 5597 2762 5666 partim
2795 5593 2947 5647 [iuba
2969 5607 2983 5651 ;
3009 5592 3037 5643 7
3073 5593 3633 5666 mansit_in§nsaetm;

2056 5659 2159 5725 Sin
2183 5659 2438 5738 Spelunca
2466 5667 2524 5721 ὃ.
2570 5659 2912 5738 Charitonis;
2939 5672 2991 5738 et
3015 5664 3252 5738 rursus§
3278 5659 3632 5738 in_Susaeim;

2057 5757 2119 5795 ac
2149 5729 2360 5794 tandem
2389 5737 2424 5791 2
2446 5738 2604 5791 annis
2635 5733 2921 5790 transactis
2947 5733 3000 5785 in
3028 5744 3185 5789 antro
3211 5732 3270 5787 S.
3299 5729 3633 5792 Cbaritonis,

2061 5812 2215 5868 obiit.
2260 5811 2334 5865 ita
2369 5811 2484 5880 ejus
2515 5809 2673 5862 Acta.
