3846 6514
188 450 291 517 63Ἰ

1458 453 1637 514 VITA
1675 454 1735 515 S.

1851 456 2178 519 JTHYMlI.
3332 456 3440 521 638

186 562 276 616 τὸν
301 557 538 632 μοναχδν
568 559 950 630 ἀπαράδεκτον
980 555 1118 613 εἶναι
1151 560 1259 613 τῶν
1311 563 1376 615 ὲκ
1400 561 1495 615 τοῦ
1523 562 1748 634 πονηροῐ

1868 581 2030 634 quam
2061 568 2349 623 admittere
2376 567 2733 639 cogitationes
2768 583 2796 623 a
2847 568 3085 640 maligno
3132 581 3436 641 suggestas,

187 653 484 724 λογισμῶν,
515 653 620 706 κᾶν
642 652 819 723 λύπην
867 654 1097 719 ἐκεῖνος,
1133 654 1241 708 κᾶν
1282 659 1461 725 μῖσος,
1494 655 1599 707 κᾶν
1625 657 1761 725 ἀκη-

184 747 300 801 δίαν
323 747 367 810 ι,
386 744 486 799 κᾶν
510 744 737 815 ἑτέρωθι
756 744 1056 816 μετάϐασιν
1076 746 1361 809 ὑποϐάλοι,
1381 747 1516 817 μηδὲ
1538 748 1638 815 τὴν
1667 748 1765 818 ἁρ-

185 839 283 909 χὴν
316 836 464 906 αὐτῷ
497 836 738 907 μηδόλως
773 837 873 909 τὴν
908 836 1146 892 διάνοιαν
1179 839 1406 892 ἁνιέναν
1454 838 1592 891 ἀλλὰ
1635 838 1755 890 δια-

189 928 480 1000 κρούεσθαι
508 928 682 983 ταῦτα
701 930 796 983 καὶ
814 915 1153 985 ἀπωθεῖσθαι
1179 933 1328 1003 πάσῃ
1346 931 1517 1002 χειρί·
1551 932 1762 1001 μήποτε

188 1021 322 1090 λάθῃ
352 1020 442 1073 διὰ
504 1020 788 1089 μεθοδείας
822 1021 1183 1086 ὑποσκελίσας
1234 1024 1403 1093 ἡμᾶς,
1434 1026 1527 1077 καὶ
1558 1024 1761 1094 πτῶμα

190 1112 345 1183 ῥίψας
370 1110 622 1181 δακρύων
655 1111 824 1177 ἄξιον.
858 1112 921 1164 El
951 1112 1008 1164 δέ
1032 1130 1115 1177 τις
1150 1114 1385 1169 ἐνταῦθα
1413 1116 1577 1185 τυχὸν
1630 1117 1763 1187 ἀρε.

183 1206 278 1275 τὴν
333 1203 568 1270 ἀσκῆσαι
631 1203 705 1274 μὴ
758 1202 995 1269 δύναιτο,
1049 1204 1124 1276 μὴ
1170 1205 1438 1276 νομιζέτω
1522 1206 1758 1278 ἀλλαχοῦ

188 1296 445 1364 μεταϐὰς,
484 1296 613 1366 ρᾷον
667 1295 1012 1367 κατορθῶσαι
1048 1297 1109 1350 τὸ
1160 1299 1615 1370 σπουδαζόμενον.
1682 1300 1799 1353 Οὐ.

188 1388 295 1457 γὰρ
321 1390 468 1459 παρὰ
494 1388 593 1460 τὴν
630 1387 726 1440 τοῦ
782 1388 951 1442 τόπου
1026 1388 1209 1457 φύσιν,
1260 1391 1396 1444 ἀλλὰ
1459 1392 1609 1462 παρὰ
1660 1391 1759 1463 τὴν

189 1480 395 1534 οἰκείαν
452 1481 608 1551 ἡμῶν
659 1481 979 1552 προαίρεσιν
1020 1483 1051 1551 ἠ
1114 1481 1207 1534 τοῦ
1250 1482 1457 1551 ἀγαθοῦ
1502 1484 1756 1553 ἐργασία.

186 1572 517 1625 Τούναντίυν
572 1572 673 1641 μὲν
697 1572 790 1627 οῦν
836 1574 931 1627 καὶ
987 1574 1252 1646 σφαλερὸν
1280 1576 1438 1629 τοῦτο
1491 1578 1601 1639 τοῖς
1662 1594 1760 1645 μο-

184 1666 388 1734 ναχοῖς,
433 1663 525 1716 καὶ
558 1664 780 1726 ἀτόνους
814 1665 1013 1729 αὐτοὺς
1046 1666 1140 1719 καὶ
1198 1666 1411 1737 ἀρετῶν
1462 1668 1758 1739 ἀκάρπους

182 1756 355 1805 ποιεῖν
372 1752 684 1822 δυνάμενον.
736 1751 891 1806 Ἐπεὶ
929 1754 1063 1825 μηδὲ
1118 1754 1286 1823 ερυτδν
1310 1751 1423 1808 οἷόν
1449 1773 1507 1807 τε
1551 1771 1757 1826 καρπο-

184 1848 393 1914 φορεῖν,
434 1844 672 1914 συνεχῶς
703 1845 1227 1916 μεταφυτευόμενον.

1867 657 1979 711 sive
2030 657 2117 713 ille
2160 659 2457 725 tristitiam,
2493 660 2609 714 sive
2636 660 2843 726 odium,
2886 660 3001 716 sive
3027 662 3268 726 tzedium,
3322 663 3437 716 sive

1868 748 1921 800 in
1971 749 2135 804 alium
2180 750 2361 805 locum
2391 751 2771 821 migrationem
2828 752 3107 821 subjiciat,
3140 761 3323 808 etnec
3369 753 3438 807 ab

1866 839 2021 893 initio
2050 839 2099 895 ei
2136 840 2360 895 omnino
2415 853 2652 897 mentem
2682 843 3018 911 permittere,
3052 843 3145 898 sed
3185 843 3286 898 ista
3319 843 3442 912 reji-

1865 945 2009 995 cere,
2057 938 2222 1000 atque
2257 940 2368 986 tota
2425 947 2589 985 manu
2617 932 2905 1001 repellere,
2944 947 3012 987 ne
3043 932 3182 987 forte
3210 948 3314 988 nos
3356 933 3438 987 la-

1865 1027 2045 1072 tenter
2078 1034 2175 1089 per
2195 1019 2437 1074 fraudem
2477 1023 2811 1091 supplantet,
2842 1032 2897 1079 et
2942 1023 2993 1076 in
3024 1038 3208 1078 casum
3245 1023 3438 1092 praeci-

1864 1112 2003 1181 pitet
2029 1113 2451 1184 lacrymabilem.
2493 1113 2549 1169 Si
2580 1116 2704 1184 quis
2744 1124 2926 1169 autem
2965 1116 3057 1170 hic
3097 1115 3277 1170 forsan
3326 1131 3437 1169 non

1863 1204 2030 1274 possit
2061 1204 2313 1258 virtutem
2367 1221 2645 1272 exercere,
2710 1222 2780 1262 ne
2810 1207 3103 1270 existimet,
3136 1207 3281 1276 quod
3329 1207 3437 1261 alio

1863 1295 2153 1360 transiens,
2194 1294 2406 1352 facilius
2434 1299 2631 1368 poterit
2666 1308 2849 1367 optata
2880 1298 3025 1353 bono
3054 1300 3295 1367 exsequi.
3319 1298 3437 1351 Non

1861 1384 2004 1438 enim
2028 1400 2092 1439 ex
2121 1385 2225 1440 loci
2260 1396 2476 1452 natura,
2526 1386 2619 1441 sed
2656 1403 2720 1441 ex
2743 1387 2915 1440 libero
2939 1387 3106 1441 nostri
3132 1387 3295 1440 animi
3351 1387 3437 1440 in-

1861 1476 2053 1530 stituto
2079 1476 2207 1530 boni
2232 1477 2478 1546 procedit
2500 1479 2765 1548 operatio.
2792 1478 2997 1533 Contra
3024 1494 3151 1532 vero
3180 1478 3281 1531 hoc
3319 1492 3437 1530 mo-

1858 1567 2050 1622 nachis
2102 1568 2495 1637 periculosum,
2546 1570 2797 1640 quodque
2846 1577 3025 1640 potest
3068 1585 3164 1624 eos
3208 1568 3436 1623 reddere

1858 1659 2157 1715 imbecillos
2214 1660 2590 1731 virtutumque
2638 1661 3026 1715 infructuosos.
3077 1660 3435 1729 Quandoqui-

1858 1749 1981 1803 dem
2040 1765 2142 1805 ncc
2168 1751 2347 1820 planta
2395 1762 2574 1823 potest
2607 1750 2751 1808 ferre
2784 1753 3013 1818 fructus,
3046 1769 3168 1824 quae
3217 1753 3433 1807 assidue

1861 1843 2305 1911 transpiantatur.

241 1935 372 1992 NA'.
407 1936 547 2007 Πρὸς
581 1936 800 1990 πλείονα
826 1937 884 1990 δὲ
927 1938 1037 1990 τῶν
1077 1938 1384 2009 εἰρημένων
1417 1939 1627 1998 πίστιν,
1656 1937 1748 1991 καί

1927 1931 2012 1987 Ll.
2059 1934 2139 1988 Ad
2166 1934 2425 2006 majorem
2467 1951 2597 1991 vero
2625 1936 2893 1991 dictorum
2927 1935 3108 2000 ﬁdem,
3141 1937 3303 1991 etiam
3353 1936 3433 1992 eis

181 2044 344 2079 τινων
389 2027 662 2095 γερόντων
721 2027 903 2090 αὐτοῖς
950 2029 1263 2096 Αἰγυπτίων
1329 2029 1547 2100 ἐπεξῄει
1583 2040 1613 2068 ιι
1671 2028 1753 2082 δι-

181 2121 393 2190 ήγημα.
426 2119 650 2189 Ἔλεγεν
681 2115 795 2184 οὖν,
824 2120 899 2184 ὡς
926 2116 993 2192 ἦν
1022 2137 1104 2185 τις
1125 2121 1352 2191 ἀδελφὺς
1381 2122 1437 2174 ὲν
1474 2121 1752 2190 Αἰγύπτῳ,

182 2214 237 2265 ἐν
262 2211 514 2282 κοινοδίῳ
547 2212 655 2265 τινὶ
683 2213 1010 2282 καθήμενος,
1046 2212 1104 2276 ὃς
1152 2213 1390 2284 συνεχῶς
1444 2215 1523 2276 εἰς
1583 2213 1754 2283 θυμὸν

190 2305 575 2375 ἐκφερόμενος,
603 2304 862 2375 ἠγριοῦτο
892 2305 985 2359 καὶ
1012 2305 1358 2375 ἐταράττετο,
1387 2307 1481 2359 καὶ
1527 2305 1753 2377 πικρίας

180 2396 243 2448 τὺ
309 2397 483 2466 στόμα
535 2397 629 2449 καὶ
684 2396 854 2468 ὀργῆς
904 2396 1238 2468 ἐπίμπλατο.
1284 2397 1538 2451 Λαϐοῦσα
1576 2398 1634 2451 δέ
1670 2414 1754 2461 τις

180 2486 340 2539 αὑτὸν
372 2486 718 2556 μεταμέλεια,
765 2487 840 2551 ὡς
862 2486 948 2558 εῐη
978 2487 1067 2541 διὰ
1109 2488 1203 2541 τοῦ
1234 2488 1406 2560 θυμοῦ
1448 2490 1605 2543 τοῦδε
1658 2489 1753 2542 καὶ

181 2576 279 2645 τῆς
310 2576 447 2646 πρὸς
471 2574 570 2646 τὴν
596 2576 838 2647 ταραχὴν
859 2577 1106 2642 εὐκολίας
1139 2578 1317 2648 ἐαυτῷ
1360 2578 1633 2649 πολεμῶν,
1661 2578 1752 2631 καὶ

180 2667 233 2718 εί
249 2684 350 2718 που
375 2683 428 2719 τι
449 2668 543 2719 καὶ
571 2666 731 2720 καλὸν
758 2666 861 2739 ἤδη
894 2667 1108 2736 φθάσας
1142 2671 1431 2740 ἐκτήσατο,
1463 2669 1559 2723 καὶ
1595 2669 1753 2722 τοῦτο

180 2758 584 2827 προσαπολλὺς,
671 2759 846 2811 πείθει
918 2757 1013 2812 τοῦ
1081 2760 1344 2813 κοινοδίου
1401 2758 1753 2831 ἀναχωρῆσαι

83 2918 90 2924 ,
183 2850 280 2900 καὶ
318 2849 478 2917 μόνον
507 2848 572 2918 δὴ
606 2850 700 2901 καὶ
747 2848 1096 2903 καθ’ὲαυτδν
1150 2850 1367 2922 ἡσύχως
1420 2850 1703 2906 διαϐιῶναι
1732 2866 1748 2882 ·

178 2937 273 2990 ἆτε
332 2936 503 2990 πολλὰ
552 2939 652 3008 τῆς
701 2939 941 3009 ἐρημίας
992 2941 1130 3013 πρὸς
1177 2942 1416 3013 γαλήνην
1460 2941 1616 3014 αὐτῷ.
1658 2944 1752 2997 καὶ

176 3029 475 3100 ἀταραξίαν
532 3030 871 3103 συνάρασθαι
916 3033 1241 3106 δυναμένης.
1298 3036 1456 3107 ’ᾭετο
1503 3035 1632 3107 γὰρ,
1675 3037 1750 3102 ὡς

176 3121 282 3191 ἄρα
317 3122 543 3191 μηδενὸς
574 3124 797 3188 ὑπόντος
837 3126 975 3196 πρὸς
1001 3126 1060 3180 δν
1089 3126 1155 3180 ἂν
1179 3128 1275 3182 καὶ
1305 3128 1608 3200 θυμωθείη,
1656 3129 1750 3184 καὶ

1854 2023 2166 2094 proferebat
2189 2024 2548 2094 quorumdam
2594 2041 2784 2080 senum
2838 2026 3213 2098 Egyptiorum
3249 2027 3430 2082 histoo

1854 2115 2045 2169 riam’.
2079 2115 2273 2170 Aiebat
2298 2131 2460 2187 ergo:
2497 2115 2620 2171 Fuit
2642 2118 2941 2174 nonnullus
2971 2117 3142 2174 frater
3179 2118 3232 2172 in
3263 2117 3432 2190 Egy-

1853 2216 1948 2277 pto
1972 2206 2108 2279 (62),
2149 2206 2202 2261 in
2234 2212 2467 2277 quodam
2499 2209 2750 2264 coenobio
2770 2209 3020 2265 residens
3046 2227 3060 2276 ;
3085 2211 3177 2280 qui
3206 2212 3272 2265 ad
3294 2210 3428 2264 iram

1853 2299 2113 2354 continue
2165 2308 2373 2369 raptus,
2423 2301 2849 2370 exasperabatur
2878 2309 2934 2356 et
2986 2302 3324 2366 turbabatur,
3378 2312 3433 2359 et

1853 2391 2150 2445 acerbitate
2180 2406 2243 2446 ac
2277 2392 2648 2463 indignatione
2678 2409 2740 2447 os
2771 2393 2889 2463 ejus
2925 2394 3270 2463 implebatur.
3295 2394 3431 2449 Cum

1854 2494 1978 2535 eum
2022 2490 2204 2535 autem
2256 2482 2503 2550 quaedam
2551 2483 2813 2538 subiisset
2862 2484 3183 2553 pcnnitentia
3218 2523 3233 2548 ,
3285 2485 3430 2554 quod

1852 2581 2076 2642 propter
2125 2572 2266 2627 hanc
2321 2574 2457 2627 iram
2509 2582 2564 2628 et
2623 2575 3051 2644 perturbationis
3113 2576 3428 2631 facilitatem

1853 2675 2039 2715 secum
2087 2661 2285 2715 bellum
2326 2672 2557 2730 gereret,
2590 2671 2662 2716 ‘et
2706 2663 2749 2716 si
2801 2664 2932 2733 quid
2980 2665 3107 2719 boni
3145 2667 3255 2735 jam
3305 2676 3431 2721 ante

1852 2752 2212 2821 acquisiisset,
2245 2752 2299 2805 id
2339 2767 2556 2821 quoque
2590 2755 2845 2822 perderet
2874 2774 2888 2821 ;
2926 2757 3218 2825 persuadet
3248 2759 3317 2819 ei,
3373 2767 3431 2812 ut

1851 2844 2131 2900 recederet
2158 2843 2479 2910 acmnobio,
2525 2845 2782 2916 solusque
2824 2862 2920 2916 per
2949 2863 3008 2902 se
3046 2850 3250 2904 viveret
3275 2852 3430 2920 quie-

1853 2945 1976 3003 tus;
2043 2944 2231 3004 utpote
2260 2934 2405 3005 quod
2446 2936 2681 2990 solitudo
2711 2938 2941 2991 multum
2987 2949 3170 3009 posset
3199 2940 3248 2994 ei
3295 2956 3429 2995 con-

1850 3029 2051 3084 ducere
2078 3028 2144 3083 ad
2200 3027 2648 3098 tranquillitatem
2681 3038 2736 3084 et
2764 3030 3183 3097 perturbationis
3244 3032 3429 3085 vacui-

1852 3131 2040 3178 tatem.
2070 3123 2429 3178 Existimabat
2459 3124 2607 3178 enim
2665 3123 2833 3193 quod,
2883 3124 2928 3176 si
2964 3123 3146 3177 nullus
3181 3125 3429 3180 subesset

174 3212 295 3265 καθ’
347 3206 409 3265 οὗ
433 3212 500 3267 ἂν
546 3218 611 3285 τῇ
659 3216 796 3289 ὀργῇ
830 3219 1113 3287 χρήσαιτο,
1146 3219 1506 3291 σϐεσθήσεται
1534 3222 1748 3285 πάντως

1852 3215 1940 3270 cui
1970 3215 2318 3282 irasceretur,
2351 3224 2408 3269 et
2438 3214 2493 3269 in
2529 3229 2690 3284 quem
2730 3223 2978 3270 uteretur
3031 3215 3427 3287 indignatione,

180 3304 371 3375 ἠρέμα
396 3305 458 3357 τὸ
513 3305 683 3359 δεινὸν
716 3309 891 3360 ἐκεῖνο
952 3311 1046 3362 καὶ
1084 3308 1317 3375 ὀξύτατα
1374 3314 1748 3384 ἀναπτόμενον

173 3395 269 3448 τοῦ
300 3396 473 3465 θυμοῦ
505 3397 637 3468 πῦρ,
676 3401 771 3454 καὶ
803 3401 865 3453 τὸ
901 3401 1087 3455 λοιπόν
1134 3403 1348 3475 ἥμερος
1379 3406 1542 3472 αὐτὸς
1594 3407 1747 3463 ἔσται

174 3489 270 3542 καὶ
292 3489 535 3561 γαλήνης
585 3491 765 3563 πάσης
813 3494 906 3547 καὶ
931 3493 1161 3566 ἡσυχίας
1192 3506 1214 3535 ν
1281 3500 1498 3568 μεστός.
1564 3502 1747 3557 Ταῦτα

176 3580 534 3653 λογισάμενον
560 3583 786 3650 ἐκεῖνον,
819 3586 880 3639 τὸ
908 3586 1034 3657 ἑξῆς
1066 3589 1377 3644 ἀποστάντα
1406 3591 1500 3645 τοῦ
1560 3609 1739 3648 κοινο-

174 3670 316 3736 ϐίου,
381 3672 542 3744 μόνον
573 3675 659 3743 ἐφ’
697 3676 928 3748 ἡσυχίας
988 3677 1231 3747 διάγεινο
1290 3681 1384 3735 καί
1416 3699 1547 3737 ποτε
1600 3683 1747 3740 κατὰ

170 3764 364 3835 χρείαν
393 3766 538 3828 τινὰ,
571 3767 633 3820 τὸ
663 3770 922 3843 ποτήριον
954 3770 1347 3844 ὑποπλησαντα
1397 3773 1616 3843 ὓδατος,
1652 3778 1746 3832 καί

168 3875 223 3911 τι
250 3858 450 3928 μικρὸν
479 3860 609 3914 αὐτὸ
651 3860 789 3933 πρὸς
850 3861 929 3934 τῷ
980 3863 1166 3934 ἐδάφει
1225 3864 1524 3937 θελήσαντα
1554 3872 1746 3924 ’κατα-

176 3949 371 4016 θείναι,
411 3952 575 4025 τέχνῃ
609 3954 715 4007 τινὶ
754 3954 849 4008 τοῦ
881 3956 1117 4027 πονηροῦ
1163 3955 1320 4012 τοῦτο
1370 3962 1747 4033 περιστραφῆ-

171 4059 261 4095 ναι
293 4060 307 4072 '
341 4045 479 4115 ὅπερ
517 4046 616 4115 οὐχ
646 4044 813 4110 ἅπαξ,
853 4047 990 4100 ἀλλὰ
1017 4049 1112 4102 καὶ
1133 4048 1215 4113 δὶς
1239 4049 1439 4120 ἐφεξῆς
1498 4054 1592 4106 καὶ
1624 4053 1744 4122 τρὶς

167 4133 409 4203 γεγονὸς,
463 4135 780 4206 θυμωθῆναί
806 4154 865 4191 τε
890 4138 981 4192 τὸν
1018 4138 1265 4210 ἀδελφὸν,
1321 4141 1415 4194 καὶ
1456 4140 1606 4213 ἥττω
1644 4143 1742 4213 τῆς

163 4225 259 4278 τοῦ
290 4223 466 4296 θυμοῦ
506 4227 683 4298 ῥύμης
715 4228 1025 4300 γενόμενον,
1050 4228 1126 4292 ὡς
1150 4226 1297 4301 εἶχεν
1322 4230 1484 4292 εὐθὺς
1530 4230 1611 4295 είς
1638 4232 1741 4303 γῆν

164 4319 519 4386 κατενεγκεῖν
549 4319 609 4372 τὸ
637 4321 917 4392 ποτήριον,
947 4321 1042 4376 καὶ
1082 4321 1241 4376 τοῦτο
1289 4322 1576 4393 συντρίψαι
1596 4341 1611 4355 ·
1644 4324 1738 4378 καὶ

160 4407 306 4463 οὕτω
337 4409 522 4481 πολλῷ
559 4412 780 4482 μείζονα
821 4412 900 4484 τῷ
930 4413 1106 4486 ἐχθρῷ
1126 4414 1342 4478 πάντως
1362 4415 1454 4469 καὶ
1480 4414 1742 4488 θερμότεη

164 4519 259 4572 ρον
287 4503 521 4574 ὀφλῆσαι
565 4504 658 4558 τὸν
690 4505 925 4574 γέλωτα.

1856 3307 2083 3363 omnino
2109 3308 2315 3362 sensim
2343 3309 2785 3380 cxstingueretur
2811 3308 3109 3363 vehemens
3144 3309 3233 3364 ille
3257 3319 3310 3364 et
3345 3312 3426 3365 ci-

1838 3398 2057 3454 tissime
2080 3397 2313 3470 ﬂagrans
2347 3400 2487 3470 ignis
2531 3400 2827 3456 iracundiae
2860 3415 2875 3465 ;
2909 3399 3237 3470 futurusque
3284 3412 3429 3456 esset

1849 3490 2104 3559 deinceps
2137 3490 2252 3560 ipse
2284 3491 2445 3555 mitis,
2466 3492 2737 3562 omnique.
2760 3491 3153 3560 tranquillitate
3188 3503 3239 3547 et
3271 3495 3428 3563 quic-

1848 3588 1903 3636 te
1950 3580 2165 3651 plenus.
2196 3579 2322 3639 Haec
2372 3582 2462 3637 ille
2491 3591 2775 3653 reputans,
2806 3584 3057 3639 discessit
3088 3584 3346 3653 deinceps
3394 3603 3425 3640 a

1847 3673 2116 3739 cmnobio,
2150 3682 2205 3728 et
2235 3673 2528 3730 solitariam
2556 3675 2718 3730 vitam
2750 3684 2834 3732 est
2863 3676 3143 3747 amplexus
3172 3695 3184 3730 :
3218 3687 3272 3731 et
3299 3693 3422 3732 cum

1847 3763 2160 3835 aliquando,
2197 3774 2418 3835 propter
2445 3780 2603 3820 usum
2653 3766 2945 3837 quemdam
2982 3783 3120 3836 aqua
3146 3767 3426 3838 implesset

1845 3855 2102 3926 poculum
2122 3855 2257 3926 (6'5),
2283 3857 2446 3928 idque
2469 3857 2891 3929 voluissctlhumi
2911 3860 3302 3931 aliquantisper
3330 3862 3426 3915 de-

1847 3964 2081 4020 ponere,
2102 3951 2368 4005 nonnulla
2400 3951 2622 4023 maligni
2655 3951 2841 4007 arteid
2865 3966 3114 4007 eversum
3144 3961 3247 4007 est.
3267 3953 3420 4019 Quod

1844 4039 2060 4111 quidem
2092 4032 2184 4096 ubi
2211 4058 2320 4098 non
2356 4043 2523 4097 semel
2552 4052 2786 4103 tantum.
2824 4044 2919 4098 sed
2948 4043 3108 4098 etiam
3140 4044 3221 4098 bis
3252 4053 3304 4097 et
3336 4054 3419 4098 ter

1844 4132 2104 4203 deinceps
2137 4133 2448 4198 accidisset,
2499 4142 2611 4187 tum
2652 4133 2824 4188 iratus
2869 4145 2953 4189 est
2987 4134 3173 4197 frater,
3211 4142 3322 4187 tum
3354 4135 3423 4187 ab

1844 4224 1940 4280 ira:
1966 4224 2172 4295 impetu
2220 4225 2488 4289 devictus,
2549 4226 2729 4280 statim
2754 4227 2827 4280 ita
2861 4235 2921 4280 ut
2971 4227 3222 4293 habebat,
3270 4227 3423 4281 humi

1842 4315 2074 4386 proiecit
2101 4315 2374 4385 poculum,
2408 4316 2649 4387 illudque
2671 4319 2939 4390 confregit
2968 4337 2982 4373 :
3011 4332 3171 4390 atque
3201 4321 3277 4375 sic
3300 4336 3419 4375 om-

1842 4406 1975 4461 nino
1998 4406 2292 4462 ludibrium
2336 4407 2507 4463 multo
2557 4408 2734 4477 maius
2767 4409 3057 4479 acriusque
3089 4410 3279 4465 debuit
3307 4409 3416 4464 ini-

1840 4510 2003 4551 mico.

235 4593 366 4651 NB’.
398 4597 541 4667 Πρὸς
562 4597 734 4651 ταῦτα
761 4598 897 4669 γελᾷ
932 4597 1032 4668 μὲν
1073 4599 1101 4651 ό
1149 4598 1483 4672 Κλημάτιος,
1516 4601 1734 4674 διαθερ-

1912 4588 2023 4642 Lll.
2065 4589 2144 4643 Ad
2170 4589 2286 4644 haec
2321 4589 2456 4645 ridet
2503 4589 2718 4659 quidem
2751 4589 3065 4656 Clematius,
3122 4609 3218 4663 per
3253 4593 3417 4648 urba-

163 4688 396 4755 paves‘t;
461 4687 561 4759 τὴν
615 4688 791 4759 ψυχὴν
853 4688 930 4757 τῷ
990 4690 1191 4760 ἀστείῳ
1241 4690 1334 4744 τοῦ
1382 4691 1742 4762 διηγήματος·

159 4778 422 4849 προσχὼν
464 4779 520 4832 δὲ
562 4779 592 4832 ό
636 4778 780 4844 θεῖος
828 4775 1352 4851 Εὐθύμιος,⁷Ηπου,
1395 4781 1580 4852 φησὶν,
1639 4784 1743 4838 ὑπό

155 4886 331 4937 τινος,
364 4870 578 4939 ἀδελφὲ,
613 4870 851 4942 πονηροῦ
880 4872 976 4927 καὶ
1015 4872 1080 4925 σὺ
1114 4872 1429 4944 κεκίνησαι,
1463 4873 1734 4943 δαίμονος,

153 4962 242 5014 ὅτι
308 4963 403 5015 καὶ
466 4963 635 5034 γελᾷς
670 4962 841 5027 οὕτως
892 4963 1266 5035 ἀναισχύντως
1333 4966 1425 5018 καὶ
1474 4966 1732 5034 ίταμῶς;

154 5051 283 5106 δέον
332 5053 620 5123 ὀδύρεσθαι
650 5055 746 5109 καὶ
788 5054 1028 5126 θρηνεῖν,
1063 5056 1163 5126 τὴν
1210 5055 1420 5110 ἐκεῖθεν
1450 5052 1732 5128 παράκληο

154 5159 270 5205 σιν,
301 5143 681 5215 ἐκδεχόμενον,
715 5148 872 5217 εῐπερ
891 5146 1100 5218 ἀληθής
1125 5150 1273 5200 ἐστιν
1296 5150 1323 5201 ό
1344 5148 1464 5201 τότε
1493 5148 1730 5202 δικάσων

152 5234 316 5303 ἡμῖν,
352 5239 654 5308 μακαρίους
698 5239 796 5309 μὲν
847 5239 975 5303 τοὺς
1023 5240 1118 5293 νῦν
1160 5238 1490 5305 πενθοῦντας
1531 5241 1735 5294 ἀποκα-

148 5327 267 5380 λῶν
306 5330 454 5400 (⁸οτι
491 5345 539 5397 ι,
578 5334 731 5401 φησι,
764 5332 1395 5403 παρακληθήσονται),
1433 5333 1651 5396 ἀθλίους
1675 5334 1732 5388 δὲ

1845 4681 2070 4736 nitatem
2134 4681 2461 4737 narrationis
2511 4680 2864 4739 iucalefactus
2928 4685 3126 4739 animo.
3195 4682 3418 4742 Divinus

1841 4789 1970 4828 vero
1995 4772 2318 4845 Euthymius
2353 4789 2411 4829 re
2441 4774 2822 4829 animadversa
2874 4793 2888 4830 :
2922 4776 3200 4846 Nunquid,
3233 4777 3327 4841 ait,
3357 4789 3416 4833 tu

1836 4882 2073 4939 quoque,
2115 4869 2305 4937 frater,
2358 4877 2540 4924 motus
2587 4884 2648 4924 es
2680 4886 2711 4924 a
2742 4868 2887 4924 malo
2926 4870 3107 4941 aliquo
3141 4870 3410 4936 daemone,

1838 4963 1981 5032 quod
2011 4964 2148 5018 adeo
2204 4964 2573 5021 inverecunde
2598 4973 2655 5020 et
2698 4964 3045 5036 impudenter
3067 4965 3255 5021 rides?
3289 4981 3418 5022 cum

1839 5067 2116 5128 oporteret
2143 5058 2272 5114 flere
2300 5068 2357 5114 et
2410 5059 2719 5128 lamentari,
2753 5061 3063 5116 suasionem
3089 5060 3215 5115 inde
3262 5075 3419 5115 sums

1839 5159 1984 5219 ptam
2024 5150 2381 5217 admittendo,
2409 5150 2455 5205 si
2487 5165 2647 5206 verax
2674 5158 2781 5217 est,
2815 5151 2906 5222 qui
2931 5159 3061 5206 tunc
3081 5159 3269 5206 noster
3310 5149 3417 5208 erit

1831 5241 2022 5312 judex,
2072 5243 2200 5297 dum
2233 5244 2421 5300 beatos
2468 5243 2690 5315 quidem
2719 5245 2951 5315 appellat
2995 5258 3089 5299 eos
3114 5244 3205 5314 qui
3262 5257 3419 5298 nunc

1838 5335 2066 5406 lugent;
2114 5337 2258 5407 quia,
2309 5337 2507 5408 inquit,
2560 5338 2986 5395 consolationem
3030 5338 3300 5409 accipient
3328 5335 3413 5403 ης

222 5425 247 5457 ⁹
274 5422 409 5479 Vita:
439 5425 587 5482 Patr.
620 5442 704 5493 Ill,
734 5427 841 5494 98;
873 5446 926 5489 ν,
962 5446 1058 5493 νιι,
1090 5430 1179 5484 53.
1260 5430 1303 5462 ¹⁰
1333 5429 1526 5485 Matth.
1561 5447 1615 5489 ν.
1648 5430 1721 5496 5;

1851 5446 1890 5488 3.
1931 5447 2007 5495 νι,
2036 5432 2131 5488 25.

1471 5541 1705 5598 VARUE
1746 5544 2148 5602 LECTIONES.

226 5629 250 5661 ι
282 5625 353 5679 al.
396 5627 632 5682 ἀδικίαν.
711 5641 736 5670 ιι
769 5630 839 5686 al.
875 5631 1045 5701 βίους.
1125 5643 1151 5671 ν
1181 5634 1248 5687 al.
1275 5632 1533 5704 ἠρεμίας.

1614 5648 1639 5675 ι
1671 5635 1742 5688 al.
1774 5636 1942 5690 inscr.
1972 5637 2148 5690 αὐτοί.

1358 5727 1548 5784 JOAN.
1590 5729 1933 5786 BOLLANDI
1969 5729 2200 5786 ΝΟΤᾹΣ.

219 5811 636 5892 (ϐἔλΝειτι-ειιιι
667 5818 719 5892 id
759 5819 813 5873 in
869 5819 1007 5876 Vitis
1067 5822 1287 5876 Patrum
1339 5822 1589 5879 Rnfﬁnus
1638 5836 1727 5880 aut

145 5885 399 5944 quisquis
429 5889 548 5949 eius
584 5888 705 5946 libri
740 5898 926 5945 auctor
953 5902 1056 5956 est,
1084 5893 1173 5945 lib.
1212 5894 1268 5952 5.
1302 5911 1356 5948 n.
1389 5896 1455 5950 98
1489 5905 1541 5949 et
1572 5896 1721 5952 l’cia-

1838 5844 1871 5896 g
1895 5844 1956 5881 us
1985 5828 2076 5883 lib.
2112 5829 2336 5894 5,1ibel.
2374 5829 2462 5896 15,
2498 5846 2551 5886 n.
2579 5829 2706 5885 225.

1905 5898 2012 5969 (63)
2056 5900 2300 5970 Pelagius
2330 5900 2665 5966 satriaculam,
2698 5897 2946 5954 Bufﬁnus
2977 5914 3085 5955 vas.
