3846 6472
419 434 532 504 639

1661 424 1948 487 MENSIS
1978 424 2011 486 ,1
2018 414 2435 486 ANUARIUS.

3575 404 3682 468 640

413 552 642 606 miseros
690 552 873 601 autem
917 557 1012 599 eos
1041 539 1136 612 qui
1168 537 1369 607 rident,
1421 536 1635 608 sibique
1671 551 1782 592 non
1825 543 1999 590 atten-

2138 533 2232 597 οὺς
2272 531 2546 602 γελῶντας
2589 525 2685 582 καὶ
2710 525 2924 590 ἑαυτοῖς
2966 524 3042 596 μὴ
3073 522 3459 595 προσέχοντας·
3507 519 3690 583 ἄλλως

414 632 570 696 dunt.
603 634 951 706 Caeteroquin
1005 640 1193 704 aperta
1224 629 1442 686 inscitia
1473 639 1557 686 est
1611 637 1666 684 et
1699 626 2002 698 disciplina:

415 732 655 795 violatio,
682 727 1016 783 monachum
1067 725 1209 780 ultra
1242 721 1676 777 mediocritatem
1715 717 1883 789 loqui”,
1909 723 2005 770 aut

415 825 479 878 ad
526 821 804 893 quodlibet
855 818 1086 883 moveri,
1121 815 1208 871 vel
1242 815 1408 870 etiam
1449 813 1705 869 ﬁduciam
1759 825 2002 866 sumere.

416 917 603 971 Patres
635 914 780 968 enim
813 911 1068 967 ﬁduciam
1127 909 1405 980 appellant
1460 909 1526 975 “,
1563 904 1807 961 omnium
1843 903 2004 974 plane

417 1007 675 1062 vitiorum
703 1011 958 1059 matrem.

490 1118 619 1171 LIII.
647 1116 744 1171 His
781 1115 1000 1186 quidem
1027 1113 1206 1169 verbis
1240 1113 1330 1168 ille
1353 1129 1475 1168 cum
1517 1112 1852 1182 increpasset
1880 1108 2004 1164 Cle-

419 1210 670 1275 matium,
704 1208 982 1277 ingressus
1012 1215 1096 1262 est
1144 1206 1199 1260 in
1240 1205 1432 1261 cellam
1473 1205 1812 1259 interiorem.
1868 1200 2004 1255 Eum

421 1319 553 1357 vero
582 1318 613 1356 e
667 1300 892 1371 vestigio
940 1308 1226 1370 persecuta
1253 1308 1338 1353 est
1369 1297 1502 1352 ultio
1533 1315 1548 1364 ;
1585 1309 1898 1367 pronusque
1949 1293 2005 1346 in

426 1401 624 1445 terram
659 1392 883 1455 cadens,
917 1391 1224 1462 agitabatur
1253 1399 1490 1444 tremore
1523 1398 1578 1443 et
1601 1389 1826 1442 horrore
1852 1394 2006 1440 tene-

425 1482 604 1536 batur.
643 1481 829 1552 Itaque
870 1482 1212 1537 Domitianus
1241 1481 1322 1536 sic
1355 1481 1632 1550 jacentem
1662 1480 1855 1535 videns
1883 1477 2007 1533 Cle-

425 1574 676 1638 matium,
702 1583 756 1627 et
779 1573 940 1628 simul
962 1574 1182 1644 quidem
1219 1571 1490 1645 Euthymii
1533 1571 2007 1626 mansuetudinem

426 1677 481 1720 et
513 1666 888 1721 austeritatem
944 1666 1262 1732 admiratus,
1297 1681 1406 1735 quo
1443 1663 1604 1719 modo
1629 1664 1831 1734 optime
1861 1663 1914 1717 in
1943 1679 2010 1718 eo

426 1768 610 1813 essent
639 1768 1032 1829 contemperat,
1075 1768 1130 1813 et
1159 1759 1322 1814 simul
1350 1759 1512 1813 etiam
1563 1756 1786 1811 fratrem
1815 1757 1885 1812 ob
1914 1773 2010 1812 ea-

428 1852 729 1906 lamitatem
766 1852 1078 1915 miseratus,
1120 1860 1414 1923 congregat
1467 1850 1680 1920 aliquos
1731 1865 1796 1905 ex
1832 1849 2011 1904 Patri-

427 1945 550 2005 bns.
578 1960 678 2014 pro
712 1943 801 1998 illo
828 1944 1248 2008 intercessuros,
1273 1959 1474 2013 eosque
1507 1957 1614 1998 una
1644 1957 1768 1997 cum
1795 1942 2014 1998 Marone

432 2037 729 2091 introducit
756 2038 820 2091 ad
869 2035 1240 2106 Euthymium.
1281 2036 1374 2090 Ille
1421 2045 1628 2103 autem,
1664 2052 1789 2090 cum
1819 2047 2014 2108 suopte

432 2128 652 2195 ingenio
719 2127 998 2196 placabilis
1052 2165 1069 2191 ,
1120 2138 1235 2181 tum
1289 2127 1505 2183 illorum
1565 2127 2015 2183 intercessionem

437 2223 660 2276 minime
709 2223 1039 2292 despiciens,
1086 2239 1210 2278 cum
1251 2223 1332 2279 eis
1378 2224 1588 2279 accedit
1625 2224 1690 2278 ad
1741 2223 2015 2295 iacentem

436 2314 785 2380 Clematium,
841 2316 1002 2386 eique
1037 2316 1321 2371 horrorem
1353 2317 1649 2388 exstinguit
1700 2317 1854 2389 signo
1891 2332 2022 2374 cru-

437 2407 535 2472 eis,
587 2417 643 2462 et
694 2407 878 2462 statim
938 2407 1085 2463 sistit
1132 2417 1449 2476 tremorem,
1506 2418 1670 2479 atque
1723 2409 2020 2480 perfectam

440 2501 646 2569 pnebet
698 2517 729 2555 a
771 2501 962 2557 morbo
1019 2501 1432 2558 liberationem:
1495 2502 1724 2558 dicens:
1787 2502 2023 2558 Attende

442 2594 538 2649 tibi
594 2594 694 2664 ipsi
747 2596 812 2650 de
867 2604 1108 2662 caetero,
1163 2605 1220 2651 et
1247 2596 1358 2652 noli
1409 2605 1761 2652 contemnere
1804 2595 2023 2652 Patrum

440 2684 716 2739 doctrinas
752 2695 807 2740 et
836 2685 1260 2742 admonitiones.
1316 2686 1423 2742 Sed
1455 2687 1669 2743 edicere
1702 2695 1848 2743 totus
1887 2701 2025 2742 ocu-

441 2776 547 2841 lus,
577 2776 800 2831 sicutde
815 2775 1148 2834 Clterubinis
1177 2779 1492 2850 accepimus
1517 2780 1582 2847 η,
1609 2779 1844 2850 teipsum
1875 2779 2023 2835 omni

443 2888 509 2924 ex
545 2881 696 2941 parte
738 2872 1218 2943 circumspiciens,
1272 2884 1333 2928 ut
1386 2873 1481 2944 qui
1509 2888 1727 2943 semper
1773 2881 2026 2928 transeas

445 2964 499 3018 in
524 2965 704 3020 medio
782 2965 1122 3036 laqueorum.
1199 2964 1327 3021 Ilaec
1387 2964 1479 3020 ubi
1540 2963 1806 3019 suasisset
1862 2969 2028 3032 atque

446 3058 810 3130 suggessisset
836 3058 1124 3124 Clematio,
1172 3058 1404 3129 ejusque
1440 3057 1690 3127 exemplo
1713 3056 1848 3112 alios
1870 3054 2031 3111 fecis-

450 3160 534 3204 set
562 3150 860 3216 cautiores,
893 3149 1076 3205 virum
1105 3149 1336 3205 dimittit
1369 3148 1425 3203 in
1455 3163 1612 3219 pace.
1643 3147 1749 3202 Sed
1789 3147 1894 3203 hoc
1909 3145 2034 3218 qui-

2108 644 2168 681 τε
2202 627 2261 682 δὲ
2294 626 2389 680 καὶ
2421 621 2750 678 ἀπαιδευσία
2789 619 2990 689 σαφὴς,
3039 617 3099 670 τὸ
3135 615 3226 670 τὸν
3262 611 3497 686 μοναχὸν
3541 612 3687 682 πέρα

2106 719 2200 774 τοῦ
2235 717 2456 790 μετρίου
2500 715 2705 781 λαλεῖν,
2745 712 2938 784 ῆπρδς
2985 709 3163 764 ὁτιοῦν
3209 705 3497 766 κινεῖσθαι.
3550 704 3591 776 ἦ·
3611 721 3670 756 τε

2111 813 2218 882 μὴν
2253 810 2350 864 καὶ
2391 804 2890 880 παρρησιάζεσθαι.
2924 801 3156 875 Μητέρα
3208 797 3318 870 γὰρ
3350 797 3402 851 οἱ
3435 796 3678 865 Ila-reas;

2106 903 2207 973 τὴν
2246 900 2561 975 παρρησίαν
2590 897 2806 954 πάντων
2832 893 3074 966 ἀτεχνῶς
3111 891 3220 946 τῶν
3249 889 3440 944 παθῶν
3487 887 3685 958 ὀνομά-

2108 967 2282 1065 ζουσι.
2327 967 2378 975 Π
2422 967 2435 972 ⁷
3695 967 3704 1053 Ι

2178 1106 2305 1162 NI".
2345 1105 2532 1160 Ταῦτα
2585 1105 2614 1159 δ
2673 1101 2772 1174 μὲν
2830 1099 3168 1170 ἐπιτιμήσας
3231 1095 3310 1165 τῷ
3359 1094 3682 1165 Κληματίῳ,

2109 1203 2190 1265 είς
2235 1200 2296 1254 τὸ
2343 1200 2618 1271 ἐνδότερον
2677 1193 2892 1266 εἰσῆλθε
2946 1191 3178 1247 κελλίον.
3249 1189 3352 1242 Τὸν
3407 1187 3464 1241 δὲ
3495 1188 3530 1258 ἡ
3563 1186 3686 1256 δίκη

2111 1293 2431 1362 παραπόδας
2487 1288 2706 1362 μητῄει,
2761 1287 2856 1342 καὶ
2917 1284 3129 1357 πρηνὴς
3171 1284 3262 1337 ἐπὶ
3324 1281 3429 1351 γῆς
3484 1278 3684 1342 πεσὼν,

2111 1386 2284 1456 κλόνῳ
2320 1401 2380 1437 τε
2409 1383 2657 1448 ἐδονεῖτο,
2707 1379 2798 1434 καὶ
2852 1377 3023 1449 φρίκῃ
3069 1376 3362 1446 συνείχετο.
3423 1377 3688 1442 Δομετια-

2111 1479 2199 1543 νὸς
2257 1477 2350 1532 οὖν
2395 1475 2643 1546 κείμενον
2685 1471 2858 1536 οὕτως
2914 1469 3036 1525 ἰδὼν
3065 1469 3157 1522 τὸν
3205 1467 3548 1538 Κλημάτιον,
3595 1464 3688 1520 καὶ

2113 1570 2229 1640 ἅμα
2259 1569 2357 1639 μὲν
2406 1567 2467 1620 τὸ
2496 1566 2694 1638 πρᾶον,
2737 1565 2855 1635 ἅμα
2909 1562 2967 1616 δέ
3002 1562 3096 1616 καὶ
3137 1561 3199 1614 τὸ
3260 1558 3532 1631 αὐστηρὸν
3590 1559 3690 1611 Εὑ-

2114 1661 2310 1732 θυμίου
2363 1659 2674 1729 θαυμάσας,
2734 1656 2881 1720 ὅπως
2929 1655 3128 1726 ἄριστα
3175 1651 3496 1724 κεκραμένα
3559 1650 3688 1719 παρ’

2115 1753 2264 1824 αὐτῷ
2319 1748 2412 1826 ἦν,
2462 1753 2578 1822 ἅμα
2632 1732 2735 1804 δὲ.
2761 1749 2856 1804 καὶ
2913 1746 3006 1801 τὸν
3057 1745 3284 1814 ἀδελφὸν
3335 1744 3428 1798 τοῦ
3486 1741 3691 1806 πάθους

2113 1845 2408 1917 οἰκτείρας,
2445 1843 2665 1913 συνάγει
2694 1841 2846 1906 τινάς
2879 1839 2989 1894 τῶν
3031 1837 3291 1908 Πατέρων
3330 1834 3473 1906 ὑπὲρ
3523 1832 3690 1887 αὑτοῦ

2045 1908 2086 1962 Β
2117 1937 2413 2010 πρεσϐείαν
2436 1934 2850 2007 ποιησομένους,
2869 1933 2966 1985 καὶ
2986 1928 3216 1992 τούτους
3247 1927 3460 1994 εἰσάγει
3492 1928 3590 1979 σὺν
3617 1923 3692 1994 τῷ

2113 2031 2341 2101 Μάρωνι
2369 2027 2504 2098 πρὸς
2541 2025 2832 2096 Εὑθύμιον.
2893 2024 2960 2078 '0
3017 2021 3075 2076 δὲ
3123 2020 3217 2074 καὶ
3241 2018 3453 2072 οἴκοθεν
3513 2018 3696 2071 εύῖλα-

2115 2141 2204 2187 τος
2227 2122 2323 2190 ὣν,
2346 2122 2441 2175 καὶ
2454 2121 2556 2190 τὴν
2586 2119 2808 2172 ἐκείνων
2836 2113 3133 2188 πρεσϐείαν
3156 2113 3257 2168 οὐκ
3282 2111 3589 2183 ἀτιμάζων,
3612 2111 3699 2178 ἐφ-

2121 2217 2334 2270 ίσταται
2358 2215 2454 2268 σὺν
2482 2213 2664 2276 αὐτοῖς
2680 2209 2917 2281 κειμένῳ
2935 2207 3013 2278 τῷ
3040 2204 3362 2278 Κληματίῳ,
3387 2205 3481 2258 καὶ
3506 2204 3615 2276 τήν
3643 2221 3696 2256 τε

2121 2308 2325 2380 φρίκην
2373 2306 2653 2360 σϐέννυσιν
2698 2300 2871 2372 αὐτῷ,
2923 2299 3018 2355 τοῦ
3058 2297 3292 2369 σταυροῦ
3319 2297 3398 2368 τῷ
3464 2295 3699 2368 σημείῳ,

2121 2401 2217 2454 καὶ
2249 2399 2339 2453 τὸν
2371 2397 2557 2451 κλόνον
2591 2394 2754 2458 εὐθὺς
2797 2393 3004 2463 ἵστησι,
3055 2390 3151 2445 καὶ
3198 2389 3300 2461 τὴν
3378 2387 3702 2459 ἀπαλλαγὴν

2121 2491 2217 2545 τοῦ
2274 2490 2480 2554 πάθους
2548 2487 2740 2558 ἐντελῆ
2819 2487 3049 2556 παρέχει
3085 2499 3101 2516 ·
3176 2483 3420 2555 Πρόσεχε
3491 2480 3703 2550 σεαυτῷ

2123 2585 2331 2652 λοιπὸν,
2359 2581 2626 2650 ἐπειπὼν,
2673 2582 2768 2635 καὶ
2804 2578 2881 2651 μὴ
2913 2576 3236 2650 περιφρόνει
3268 2574 3533 2648 Πατέρων
3560 2575 3705 2629 διδα-

2126 2678 2353 2742 σκαλίας
2421 2676 2556 2748 μηδέ
2631 2672 2947 2742 ὑποθήκαςο
3004 2669 3142 2724 ἀλλά
3193 2667 3352 2737 γενοῦ
3423 2665 3702 2735 ὀφθαλμὸς

2125 2773 2268 2836 ὅλος,
2302 2764 2391 2824 οἷα
2426 2768 2555 2837 περὶ
2592 2767 2704 2820 τῶν
2765 2764 3048 2837 Χερουϐὶμ
3091 2760 3404 2833 ἠκούσαμεν
3430 2775 3445 2790 ·
3507 2758 3706 2812 πάντο-

2129 2867 2222 2921 θεν
2280 2859 2634 2936 περισκοπῶν
2664 2859 2876 2923 ἐαυτδν,
2902 2858 2978 2921 ὡς
3026 2857 3084 2908 ἐν
3135 2854 3285 2926 μέσῳ
3328 2851 3579 2920 παγίδων
3623 2851 3707 2905 ἀεὶ

2128 2958 2495 3018 διαϐαίνοντα,
2529 2951 2754 3008 τοιαῦτα
2783 2950 2861 3022 τῷ
2899 2949 3200 3021 Κληματίῳ
3231 2945 3572 3019 παραινέσας
3617 2944 3708 2998 καὶ

2133 3049 2374 3114 ὑποθεὶς,
2409 3048 2504 3102 καί
2526 3045 2604 3116 τῷ
2633 3043 2766 3099 κατ’
2799 3043 2963 3097 αὐτὸν
3016 3039 3374 3108 ὑποδείγματι
3420 3037 3554 3099 τοὺς
3621 3035 3711 3090 ﬁ),

2134 3143 2260 3206 λους
2290 3138 2751 3210 ἀσφαλισάμενος,
2784 3135 2842 3188 ὲν
2859 3133 3056 3206 εἰρήνῃ
3118 3127 3344 3183 ἀπολύει
3364 3127 3458 3181 τὸν
3521 3126 3710 3196 ἄνδρα.

451 3242 575 3296 dem
631 3253 713 3298 est
741 3241 1033 3312 ejusmodi.~
1089 3239 1210 3296 Non
1238 3239 1422 3295 minus
1457 3255 1586 3295 vero
1625 3247 1732 3305 est,
1785 3238 1841 3294 id
1887 3213 2030 3310 quod

2141 3234 2288 3304 Πλὴν
2316 3229 2456 3286 ἀλλὰ
2491 3229 2653 3283 τοῦτο
2687 3228 2787 3298 μὲν
2815 3222 3080 3279 τοιοῦτον.
3135 3219 3248 3298 Οὐχ
3295 3213 3461 3290 ἧττον
3504 3216 3563 3270 δὲ
3619 3214 3711 3268 καὶ

454 3336 723 3406 sequitur,
751 3335 797 3391 si
827 3351 939 3391 non
968 3315 1042 3392 sit
1068 3334 1243 3391 multo
1273 3334 1454 3406 majus
1479 3341 1536 3389 et
1561 3330 1894 3405 praeclarius.

525 3515 660 3572 LIV.
701 3515 839 3572 Cum
888 3531 1085 3587 magna
1118 3523 1174 3571 et
1205 3514 1547 3572 meumenica
1574 3513 1816 3587 synodus
1840 3513 2038 3584 Ephesi

459 3620 588 3666 tunc
614 3605 849 3681 primum
869 3618 1316 3683 congregaretur,
1343 3607 1615 3680 Synodius
1639 3606 1775 3679 (64),
1796 3605 1891 3678 qui
1917 3619 2041 3661 eum

461 3704 658 3761 Acacio
681 3703 859 3760 fuerat
878 3703 1136 3774 magister
1157 3703 1324 3774 hujus
1347 3703 1530 3773 magni
1557 3699 1832 3772 Euthymii
1863 3699 2045 3755 adhuc

461 3795 639 3866 pueri,
682 3795 738 3850 in
767 3794 1112 3850 Palaestinam
1148 3793 1216 3849 ad
1242 3792 1519 3849 adoranda
1552 3792 1670 3846 loca
1712 3788 2044 3845 venerabilia

462 3887 768 3958 profectus,
803 3885 1015 3942 accedit
1040 3885 1204 3942 etiam
1232 3885 1300 3940 ad
1323 3885 1554 3948 lauram,
1590 3879 2046 3953 quinquagesimo

465 3988 521 4035 et
556 3987 751 4050 quarto
807 3994 952 4035 anno
1006 3978 1184 4035 aetatis
1238 3977 1421 4048 magni
1461 3975 1736 4046 Euthymii
1783 3991 1799 4042 ;
1845 3973 2046 4044 partim

467 4084 527 4128 ut
569 4074 720 4128 illum
772 4073 950 4143 ipsum
1005 4072 1354 4145 Euthymium
1405 4071 1607 4126 viseret
1643 4109 1659 4134 ,
1725 4069 1923 4140 partim
1990 4076 2051 4123 ut

467 4168 731 4223 salutaret
755 4169 1115 4225 consobrinos
1163 4182 1316 4232 suos,
1350 4165 1712 4236 Stephanum,
1751 4162 2049 4228 Andream,

469 4269 525 4314 et
562 4259 850 4317 Gaianum.
878 4261 1081 4315 Videns
1122 4259 1287 4330 igitur
1315 4257 1690 4329 Euthymium,
1727 4256 1776 4311 ei
1805 4253 2052 4310 narravit

473 4351 540 4408 de
571 4351 891 4421 impiissima
935 4350 1127 4406 haeresi
1159 4348 1413 4415 Nestorii,
1444 4347 1536 4420 qui
1570 4347 1777 4402 nefarie
1809 4345 1864 4416 (ο
1890 4343 2053 4415 justi-

474 4444 608 4508 litia,
637 4452 693 4498 et
714 4443 1055 4498 sacerdotum
1095 4441 1270 4513 pudor
1300 4441 1339 4512 l)
1378 4439 1531 4496 brevi
1557 4447 1803 4507 tempore
1849 4449 2054 4506 praese-

473 4537 554 4592 dit
572 4538 682 4608 (65)
700 4536 1196 4607 Constantinopoli,
1213 4534 1564 4606 profanisque
1583 4533 1697 4588 suis
1713 4515 2055 4598 et'corruptis

2023 3381 2040 3393 ,
2071 3305 2106 3311 ψ
2143 3327 2203 3382 τὸ
2232 3322 2454 3396 ἐφεξῆς,
2482 3321 2532 3375 εί
2589 3318 2668 3392 μὴ
2719 3317 2815 3372 καὶ
2873 3313 3010 3369 πολὺ
3061 3309 3250 3383 μεῖζον
3337 3311 3435 3363 καὶ
3514 3305 3695 3378 χαριέο

2142 3435 2233 3473 στε
2243 3434 2354 3488 ρον.

2213 3509 2339 3563 ΝΔ’.
2387 3506 2548 3578 Ἀρτι
2573 3506 2673 3574 τῆς
2720 3500 2966 3574 μεγάλης
2999 3501 3056 3553 ἐν
3080 3496 3276 3568 Εφέσῳ
3309 3494 3406 3548 καὶ
3465 3493 3715 3560 οἰκούμε-

2146 3601 2308 3672 νικῆς
2344 3597 2564 3654 συνόδου
2617 3593 2834 3666 πρῶτον
2874 3587 3382 3662 συγκροτουμένης,
3466 3583 3716 3642 Συνόδιος

2141 3696 2170 3749 ὁ
2241 3693 2338 3748 σὺν
2399 3687 2635 3760 ’Δκακίῳ
2689 3684 3008 3746 διδάσκαλος
3072 3679 3168 3735 τοῦ
3234 3677 3472 3750 μεγάλου
3529 3675 3719 3728 τούτου

2146 3785 2424 3857 Εὐθυμίου
2487 3781 2568 3835 ἔτι
2615 3779 2807 3842 παιδὸς
2885 3775 3038 3840 δντος
3097 3770 3488 3842 γεγενημένος,
3583 3764 3721 3820 κατὰ

2147 3878 2517 3951 προσκύνησιν
2546 3875 2654 3928 τῶν
2685 3867 2996 3938 σεϐασμίων
3044 3865 3110 3936 δὴ
3166 3862 3349 3918 τόπων
3396 3861 3478 3924 είς
3514 3858 3725 3912 Παλαι-

2149 3950 2334 4042 στίνην
2380 3967 2569 4029 ἐλθὼν,
2620 3962 2716 4018 καὶ
2774 3962 2855 4026 είς
2902 3961 3001 4031 τὴν
3051 3957 3257 4028 λαύραν
3315 3953 3569 4023 τετάρτῳ
3628 3950 3724 4018 τῆς

2151 4061 2429 4133 Εὑθυμίου
2460 4058 2554 4113 τοῦ
2603 4054 2842 4128 μεγάλου
2898 4052 3116 4124 ἡλικίας
3171 4048 3281 4102 ἔτει
3324 4046 3420 4101 καὶ
3457 4059 3722 4113 πεντηκο-

2153 4157 2262 4227 στῷ
2280 4151 2664 4226 παραγίνεταιο
2686 4147 2845 4202 τοῦτο
2871 4147 2968 4218 μὲν
2990 4144 3154 4198 αὐτὸν
3179 4141 3389 4194 ἐκεῖνον
3417 4135 3727 4207 ἱστορήσων

2152 4226 2445 4316 Εὑθύμιον,
2502 4242 2661 4296 τοῦτο
2703 4239 2762 4294 δὲ
2810 4239 2907 4292 κοιλ⁴
2969 4236 3098 4298 τοὺς
3174 4231 3410 4292 οἰκείους
3452 4226 3725 4295 ἀνεψιοὺς,

2153 4315 2445 4410 Στέφανον,
2471 4333 2750 4406 ’Δνδρέαν,
2779 4329 2876 4385 καὶ
2900 4327 3132 4382 Γαῖανδν
3157 4321 3568 4392 ἀσπασόμενος.
3586 4315 3728 4410 ’ῐδων

2154 4406 2360 4487 οὖντὸν
2387 4427 2680 4498 Εὑθύμιον,
2716 4423 2955 4493 διηγεῖτο
2993 4419 3091 4490 μὲν
3143 4413 3295 4485 αὐτῷ
3322 4412 3394 4466 τὰ
3432 4413 3578 4465 κατὰ
3637 4406 3728 4476 τὴν

2157 4524 2530 4593 ἀσεϐεστάτην
2581 4517 2794 4590 αἵρεσιν
2853 4511 3176 4584 Νεστορίου,
3242 4507 3336 4563 τοῦ
3391 4505 3625 4567 ἀνοσίως
3669 4500 3729 4571 (ὦ

471 4632 818 4702 dogmatibus
871 4641 1043 4687 totum
1087 4629 1203 4697 fere
1246 4630 1434 4683 orbem
1467 4600 1624 4684 terra:
1678 4623 2029 4681 conturbavit

2155 4621 2278 4691 δίκη
2309 4618 2403 4672 καὶ
2434 4615 2622 4686 ἱερέων
2679 4611 2901 4681 αῐδὼςι)
2936 4607 3119 4676 ὀλίγον
3161 4606 3353 4675 δήτινα
3398 4601 3595 4674 χρόνον
3637 4600 3730 4667 τῆς

474 4725 743 4793 Exposuit
767 4725 930 4780 etiam
943 4724 994 4779 ei
1015 4723 1427 4794 de,Cyrillo(66)
1449 4720 1821 4777 Alexandrino
1846 4727 1903 4774 et
1919 4717 2058 4772 Aca-

476 4822 560 4875 cio
577 4821 689 4891 (67)
710 4819 1073 4884 Melitenensi,
1093 4817 1556 4889 quemadmodum
1575 4815 1856 4870 ardentem
1877 4811 2056 4867 zelum

477 4911 802 4966 exliiberent
847 4927 944 4982 pro
993 4910 1100 4967 (ide
1135 4909 1475 4972 orthodoxa,
1519 4917 1574 4962 et
1611 4906 1756 4976 quod
1812 4919 2057 4960 (ecume-

558 5085 596 5118 ¹¹
621 5086 736 5158 Τ.1,
771 5104 826 5160 p.
855 5089 980 5155 575,
1012 5088 1079 5143 A.
1106 5084 1166 5142 B.
1248 5087 1290 5118 ¹²
1312 5084 1511 5140 Ezecb.
1563 5100 1614 5149 x,
1650 5083 1736 5136 12.

2106 4763 2121 4778 ,
2167 4690 2804 4770 Κωνσταντινουπόλεως
2833 4699 3287 4777 προκαθίσαντος,
3320 4697 3548 4758 καὶτοῖς
3577 4690 3732 4764 βεϐή-

2155 4809 2270 4870 λοις
2318 4802 2483 4858 αὑτοῦ
2530 4801 2764 4870 δόγμασι
2819 4795 2916 4850 καὶ
2965 4791 3382 4865 διεφθαρμένοις
3405 4789 3509 4860 τὴν
3563 4786 3735 4841 οἰκου⁶

2164 4900 2330 4972 μένην
2363 4898 2542 4952 πᾶσαν
2574 4892 2761 4964 σχεδὸν
2809 4885 3277 4960 συνταράξαντος.
3348 4880 3632 4952 Ἐξηγεῖτο
3683 4874 3734 4929 δὲ

1705 5231 1876 5290 JOAN
1885 5276 1898 5290 .
1939 5228 2280 5287 BOLLANDI
2310 5227 2538 5285 NOTAE.

557 5400 671 5468 (64)
697 5397 886 5468 llabita
919 5396 1154 5468 synodus
1181 5397 1334 5466 pre
1363 5396 1455 5468 ina
1483 5394 1603 5468 a2?
1640 5391 1784 5468 Junii
1819 5389 2062 5468 ρης-451.

709 5461 1070 5524 Consecratus
1100 5477 1202 5532 est,
1230 5461 1457 5521 iestibus
1482 5463 1792 5538 Marcellino
1819 5461 2063 5538 ingbro-

491 5530 896 5604 Didii/Socrate
928 5539 1019 5593 lib.
1055 5530 1280 5601 7,c._29
1314 5538 1568 5605 aliisque,
1595 5535 1771 5588 Felice
1798 5543 1852 5585 et
1883 5530 2065 5584 Tauro

491 5627 657 5672 ηυδε..
697 5627 786 5665 an.
811 5609 910 5665 Ch.
937 5608 1064 5672 4:28,
1088 5608 1150 5661 IV
1189 5608 1267 5662 Id.
1302 5607 1473 5676 April.

565 5670 678 5752 (66)
724 5681 798 5735 De
829 5683 884 5735 S.
922 5670 1372 5752 Cyrilloagemus
1421 5676 1492 5731 28
1524 5675 1746 5732 Januar.
1780 5672 1868 5728 ubi
1911 5670 2062 5739 plura

494 5754 560 5808 de
591 5752 911 5805 Nestoriana
949 5751 1156 5806 Ιιωινοεί.

571 5825 681 5892 tt?)
721 5823 951 5877 Sanctus
980 5822 1065 5878 hic
1092 5820 1394 5891 appellatur
1419 5834 1446 5872 a
1471 5816 1702 5873 Baronio
1730 5816 1780 5870 in
1811 5812 2060 5869 Annalib.

2173 5388 2231 5442 In
2264 5385 2425 5440 nullis
2448 5393 2625 5437 tamen
2663 5375 3060 5450 Martyrologiis
3081 5375 3198 5450 ejus
3225 5388 3424 5428 nomen
3451 5371 3555 5450 liuc
3580 5378 3742 5450 usqtm

2169 5458 2491 5525 reperimus.
2539 5453 2667 5518 Ejus
2719 5442 2868 5525 zelus
2920 5442 2995 5525 in"
3026 5442 3236 5518 synodo
3290 5442 3740 5525 egrrgigelusit,

2168 5512 2398 5580 riiaxime
2421 5512 2684 5580 concione
2714 5521 2905 5590 spiritu
2948 5512 3102 5587 pletia
3140 5512 3617 5590 corat_u:Patribtts
3649 5512 3740 5562 lia-

2166 5599 2298 5658 bita,
2329 5599 2380 5649 in
2413 5612 2514 5663 qua
2565 5594 2711 5648 brevi
2745 5585 2920 5663 affore
2953 5585 3148 5663 Vpacettt
3187 5585 3533 5663 vaticinatus.
3554 5594 3743 5636 omnes

2170 5658 2520 5725 reviviscere,
2547 5678 2759 5717 sumere
2797 5662 3030 5724 animos,
3065 5658 3383 5725 erigereque
3433 5658 3743 5725 laugm-ntes

2168 5739 2330 5799 vires,
2355 5748 2437 5790 est
2462 5724 2725 5789 hortatus.
2751 5729 2986 5786 Consule
3007 5731 3144 5782 Acta
3175 5724 3450 5799 Epliesiua
3471 5743 3500 5779 a
3525 5724 3744 5780 l’cltano

2169 5819 2350 5863 nostro
2379 5809 2518 5862 edita
2552 5814 2681 5861 tom.
2710 5803 2796 5871 Vl,
2821 5817 2942 5870 cap.
2981 5802 3069 5855 Η.
