3846 6506
152 425 251 496 641

1420 427 1595 491 Vl'l‘A
1637 428 1695 488 ὃ.
1741 425 1951 487 EUTH
1961 428 2145 489 YMII.

3299 431 3406 495 642

102 542 295 620 (αὐτῷ
355 539 452 595 καὶ
505 539 632 610 περὶ
677 536 945 611 Κυρίλιλου
974 536 1067 592 τοῦ
1136 538 1563 611 Ἀλεξανδρείας,
1625 537 1716 592 καὶ

1821 535 1943 590 nica
1972 536 2212 607 synodus
2239 546 2385 592 esset
2417 553 2540 594 mox
2570 540 2771 611 Ephesi
2795 541 3172 614 congreganda
3213 541 3406 596 adver-

148 635 238 690 τοῦ
268 633 583 704 Μελιτηνῆς
617 633 902 701 Ἀκακίου,
935 634 1084 697 ὅπως
1122 650 1181 686 τε
1213 633 1416 704 θερμὸν
1454 633 1594 702 ὑπὲρ
1619 633 1717 702 τῆς

145 727 451 798 ὀρθοδοξίας
481 735 510 776 ἵ
565 725 872 797 εἰσφέροιεν
939 725 1102 796 ζῆλον
1135 741 1150 757 ⁸
1207 728 1301 780 καὶ
1374 727 1457 780 ὅτι
1534 725 1717 796 μέλλοι

144 822 265 873 ὅσον
302 819 516 873 ούδέπω
543 821 638 873 καὶ
701 816 1058 889 οίκουμενικὴ
1099 816 1316 882 σύνοδος
1368 819 1426 872 ἐν
1507 816 1719 888 Ἐφέσῳ

146 913 286 967 κατά
314 912 408 966 τού
441 911 734 975 δυσσεϐοῦς
755 911 964 964 ἐκείνου
999 909 1461 982 συγκροτηθῆναι.
1488 909 1717 964 Τούτων

144 998 236 1056 οὖν
266 1001 408 1057 οὕτω
440 1000 591 1072 παρά
634 1001 728 1055 τοῦ
760 999 1010 1054 Συνοδὶου
1053 999 1372 1070 λεχθέντων,
1423 999 1565 1072 ἥσθη
1622 1000 1719 1072 τὴν

142 1093 323 1164 ψυχὴν
356 1094 383 1146 6
412 1092 684 1163 Εύθύμιος
704 1133 720 1159 ,
764 1090 992 1146 τοιαῦτα
1025 1091 1155 1162 περὶ
1214 1091 1472 1146 Ἀκακίου
1505 1092 1717 1163 μαθὼν,

144 1178 296 1252 ᾧτινι
352 1186 480 1248 παῖς
522 1184 606 1238 ὢν
658 1183 870 1253 ἐφοίτα,
919 1183 1014 1237 καὶ
1049 1185 1138 1253 ὑφ’
1166 1177 1210 1252 ᾧ
1253 1185 1352 1255 τὴν
1379 1183 1485 1238 τῶν
1537 1202 1720 1256 γραμ-

149 1276 338 1347 μάτων
364 1277 598 1346 ἄσκησιν
628 1275 964 1330 ἐπαιδεύετο.
1001 1277 1232 1329 Ἔπειτα
1291 1275 1474 1347 μέντοι
1531 1293 1721 1330 συντα-

147 1368 378 1438 ξάμενος
407 1368 557 1438 αὺτῴ
605 1370 700 1422 καὶ
748 1368 1018 1434 Συνόδιος,
1070 1369 1296 1440 ἀπαίρει
1355 1373 1456 1441 τῆς
1514 1369 1720 1442 λαύρας

147 1460 418 1530 Στέφανον
443 1459 774 1531 παραλαϐὼν
795 1459 885 1512 τὸν
913 1459 1151 1529 ἀνεψιὸν,
1205 1462 1286 1523 εἰς
1315 1459 1413 1531 τὴν
1438 1460 1600 1529 ἁγίαν
1657 1478 1717 1513 τε

145 1552 320 1606 ἄνεισι
353 1552 530 1618 πόλιν,
585 1552 676 1606 καὶ
728 1551 905 1605 πείθει
941 1552 1032 1605 τὸν
1057 1551 1154 1622 τὴν
1204 1551 1382 1622 ἀρχὴν
1429 1555 1531 1623 τῆς
1597 1551 1720 1605 κατ’

1825 643 1921 682 sus
1957 628 2106 682 illum
2157 628 2402 698 impium.
2436 631 2530 686 llis
2573 647 2703 705 ergo
2736 634 2815 689 sic
2863 633 3026 689 dictis
3077 648 3106 687 ει
3141 631 3403 704 Synodio,

1825 719 2009 774 animo
2067 720 2280 774 laetatus
2346 732 2431 776 est
2488 724 2840 795 Euthymius,
2896 725 3022 779 talia
3068 724 3287 780 discens
3339 725 3407 780 de

1825 815 2059 882 Acacio,
2105 815 2174 871 ad
2202 831 2364 886 quem
2411 833 2549 888 puer
2575 820 2897 884 ventitabat,
2923 828 3031 874 eta
3068 835 3177 890 quo
3226 819 3407 875 fuerat

1825 905 2108 962 institutus
2141 909 2195 962 in
2220 909 2480 964 exercitio
2514 910 2839 967 litterarum.
2878 912 3085 968 Deinde
3124 927 3254 967 vero
3279 927 3405 966 cum

1824 1001 1873 1057 ei
1904 1002 2256 1057 valedixisset
2281 1001 2574 1075 Synodius,
2596 1004 2877 1061 discedite
2900 1005 3076 1070 laura,
3119 1019 3406 1061 assumens

1815 1093 2155 1163 Stephanum
2187 1095 2603 1162 consobrinum,
2629 1106 2682 1151 et
2707 1097 2822 1152 abit
2852 1095 2906 1150 in
2932 1106 3177 1152 sanctam
3208 1096 3406 1150 civita-

1815 1192 1946 1247 tem,
1975 1195 2136 1254 atque
2166 1186 2457 1256 persuadet
2487 1186 2537 1241 ei
2564 1187 2680 1260 (68)
2714 1187 2802 1243 cui
2844 1187 3134 1244 commissa
3161 1196 3279 1242 erat
3304 1186 3407 1241 Ec-

1761 1259 1786 1277 .
1815 1276 1999 1332 clesiae
2024 1277 2170 1332 illius
2196 1278 2538 1350 gubernatio,
2567 1288 2629 1334 ut
2659 1259 2999 1350 Stephanum
3042 1288 3324 1350 coeptaret
3346 1277 3402 1330 in

1815 1381 2108 1421 numerum
2142 1382 2365 1423 suorum
2395 1369 2770 1425 diaconorum.
2807 1370 2901 1424 Ille
2927 1377 3110 1423 autem
3151 1382 3257 1422 una
3279 1381 3403 1421 cum

1817 1475 1883 1515 eo
1912 1461 2130 1516 ordinat
2163 1477 2380 1533 quoque
2405 1463 2658 1519 Cosmam
2683 1464 3152 1535 Cappadoccm,et
3187 1471 3398 1516 utrum-

1817 1568 1925 1624 que
1954 1553 2124 1610 refert
2146 1556 2199 1610 in
2238 1556 2593 1612 diaconorum
2631 1558 2882 1612 chorum.

147 1644 320 1715 αὐτὴν
346 1643 647 1714 ἐκκλησίας
673 1643 1133 1714 πεπιστευμένον,
1167 1642 1578 1714 συναριθμῆσαι
1637 1645 1731 1696 καὶ
1764 1644 2042 1713 Στέφανον
2071 1647 2185 1710 τοῖς
2232 1646 2324 1700 ὑπ’
2359 1647 2507 1718 αὐτῷ
2530 1647 2822 1710 διακόνοις.
2877 1646 2936 1700 '0
2992 1646 3050 1700 δὲ
3117 1646 3213 1699 σὺν
3253 1645 3403 1718 αὐτῷ

146 1739 238 1792 καὶ
259 1739 491 1810 Κοσμᾶν
512 1737 604 1791 τὸν
630 1737 1002 1807 Καππαδόκην
1016 1740 1332 1808 χειροτονεῖ,
1357 1738 1450 1792 καὶ
1468 1737 1545 1809 τῷ
1567 1737 1716 1810 χορῷ
1753 1738 2099 1810 ἀμφοτέρους
2126 1740 2236 1794 τῶν
2279 1741 2544 1795 διακόνων
2571 1741 2949 1811 ὲγκαταλέγει.

211 1833 345 1888 NE'.
409 1831 835 1903 Ἀθροιζομένων
883 1832 940 1885 δὲ
991 1834 1130 1904 πρδς
1176 1834 1276 1905 τήν
1331 1833 1553 1888 σύνοδον
1614 1834 1716 1907 ἥδη

1897 1835 2006 1890 LV.
2060 1835 2227 1891 Porro
2271 1851 2396 1892 eum
2447 1837 2559 1908 jam
2626 1847 3086 1908 congregarentur
3162 1835 3400 1906 undique

143 1926 251 1978 τῶν
309 1925 590 1996 πανταχοῦ
655 1926 991 1993 ἐπισκόπων,
1058 1927 1153 1980 καὶ
1213 1926 1518 1999 μελλόντων
1594 1927 1716 1982 ὅσον

1823 1929 2062 1999 episcopi
2079 1929 2144 1984 ad
2164 1929 2455 2000 synodum,
2478 1944 2713 2000 moxque
2739 1930 2865 1984 illuc
2890 1927 3210 1984 conventuri
3232 1929 3398 1982 etiam

143 2018 296 2072 οὔπω
349 2018 443 2072 καὶ
496 2017 606 2071 τῶν
661 2018 760 2088 τῆς
818 2017 1186 2088 Παλαιστίνης
1239 2019 1358 2072 ἐκεῖ
1417 2013 1716 2086 συνελθεῖν,

1823 2025 2012 2073 essent
2048 2017 2286 2087 episcopi
2319 2017 2624 2073 Palaestinae
2647 2017 2783 2088 (69),
2806 2017 3026 2071 mandat
3048 2031 3272 2087 magnus
3289 2018 3398 2070 Eu-

143 2113 450 2166 ὲντέλλεται
474 2115 510 2166 ὁ.
538 2113 708 2183 μέγας
739 2111 1012 2184 Εὑθύμιος
1039 2113 1233 2185 Πέτρῳ
1254 2112 1332 2184 τῷ
1382 2113 1491 2169 τῶν
1542 2113 1716 2184 Σαρα-

1820 2108 2062 2180 thymius
2083 2108 2244 2164 Petro
2271 2109 2529 2180 episcOpo
2555 2108 3097 2180 (70)Saracenorum,
3123 2119 3180 2162 ut
3200 2108 3398 2176 adjun-

143 2204 327 2274 χηνῶν
372 2204 677 2274 ὲπισκόπῳ,
705 2204 961 2276 Κυρίλλῳ
1018 2204 1096 2276 τῷ
1162 2205 1572 2278 Ἀλεξανδρείας
1619 2206 1714 2260 καὶ

1820 2209 1970 2271 geret
1985 2216 2044 2256 se
2059 2201 2124 2256 ad
2143 2201 2401 2272 Cyrillum
2423 2203 2534 2272 (71)
2556 2201 2900 2257 Alexandriae
2910 2208 2965 2256 et
2981 2199 3235 2255 Acacium
3251 2199 3401 2254 Meliw

155 2294 399 2364 Ἀκακίῳ
425 2294 502 2366 τῷ
539 2295 850 2367 Μελιτηνῆς
886 2295 1294 2366 προστίθεσθαι,
1327 2296 1424 2350 καὶ
1450 2297 1596 2370 ᾇπερ
1643 2297 1717 2353 ’ἂν

143 2386 375 2448 ἐκείνοις
403 2385 572 2449 δοκεῖ,
601 2384 774 2440 ταῦτα
805 2388 899 2441 καὶ
930 2387 1080 2459 αὐτῷ
1110 2389 1411 2444 συνδοκεῖν.
1446 2376 1717 2453 Κάκεῖνος

144 2475 245 2545 τῆς
274 2475 496 2529 συνόδου
527 2474 893 2547 τελεσθείσης,
942 2471 1101 2542 αὖθις
1135 2477 1272 2551 πρὸς
1304 2477 1396 2532 τὸν
1439 2478 1716 2551 Εύθύμιον

143 2568 520 2640 ἀναστρέψας,
570 2568 748 2623 πάντα
781 2568 1091 2640 καταμέρος
1123 2569 1273 2640 αύτῷ
1294 2570 1561 2642 διηγεῖται
1615 2573 1716 2626 ὅσα

149 2675 208 2714 τε
239 2660 588 2732 συμϐέϐηκεν
613 2660 700 2712 ἐπ’
739 2659 930 2731 αὐτῆς,
983 2661 1078 2714 καὶ
1123 2662 1245 2715 ὅποι
1275 2671 1298 2698 π
1371 2663 1712 2734 κεχώρηκεν.

153 2754 215 2807 '0
275 2753 334 2808 δὲ
391 2754 461 2809 τά
501 2771 561 2807 τε
611 2753 746 2807 ἄλλα
795 2754 903 2808 τῶν
963 2755 1266 2824 γεγονότων
1314 2755 1424 2808 ὑπὸ
1453 2754 1564 2808 τῶν
1614 2756 1718 2827 τῆς

142 2844 440 2915 Ἂνατολῆς
477 2843 788 2898 ἐπισκόπων
819 2843 1027 2915 μαθὼν,
1052 2845 1146 2898 καὶ
1199 2845 1282 2898 ὅτι
1311 2846 1340 2898 6
1366 2844 1467 2915 τῆς
1509 2846 1717 2900 Ἀντιό-

142 2952 242 3003 χου
276 2946 304 2974 ι
338 2931 622 3004 προεστὼς
708 2933 964 3005 Ἰωάννης
1025 2933 1305 3005 όρθόδοξος
1357 2934 1455 3000 ὢν,
1500 2937 1614 3000 τοῖς
1649 2935 1717 2989 τὰ

141 3026 440 3097 Νεστορίου
471 3025 747 3098 φρονοῦσι,
779 3025 848 3082 τὰ
872 3028 1033 3097 ὃμοια
1087 3030 1308 3098 φρονεῖν
1365 3029 1713 3100 συναπήχθη,

140 3119 288 3191 λύπῃ
318 3118 416 3191 τὴν
446 3119 672 3190 καρδίαν
691 3117 902 3190 ἐπλήγη
929 3119 1102 3190 δεινῇ.

201 3210 358 3279 NG".
385 3211 474 3282 Τῷ
495 3211 594 3282 ἴσῳ
621 3213 677 3266 δὲ
705 3213 866 3267 πάθει
895 3214 989 3266 καὶ
1019 3212 1222 3281 Δόμνος
1251 3213 1280 3265 δ
1333 3212 1543 3265 ἐκείνου
1583 3230 1719 3266 κατ-

140 3306 340 3375 εσχέθη
368 3304 609 3374 ἀνεψιός.
659 3306 945 3377 Τοιγάρτοι
1005 3305 1102 3358 καὶ
1151 3304 1371 3376 δοθῆναι
1427 3306 1575 3376 αύτῷ
1619 3305 1717 3378 τὴν

140 3403 199 3452 ἐν
242 3398 543 3470 Ἀντιοχείᾳ
579 3399 804 3453 κάθοδον
852 3398 1020 3452 ἐδεῖτο
1055 3397 1352 3470 Εύθυμίου,
1400 3397 1539 3450 ὥστε
1585 3399 1719 3451 ὑπο-

142 3486 496 3542 σκελισθέντα
553 3486 646 3539 τὸν
704 3486 846 3539 θεῖον
891 3485 1204 3550 ἀναλαϐεῖν,
1262 3485 1356 3538 καὶ
1420 3479 1534 3536 οἷον
1614 3483 1715 3554 ἤδη
1747 3506 1790 3565 C

141 3579 399 3648 κείμενον
425 3576 748 3648 ἀνορθῶσαι.
779 3577 890 3651 Καὶ
942 3576 1000 3639 ὃς
1045 3577 1145 3628 ούκ
1175 3574 1391 3644 ἀσφαλῆ
1416 3575 1514 3644 τὴν
1541 3574 1718 3636 ἐκεῖσε

138 3672 328 3742 ἄφιξιν
380 3667 663 3740 προειδὼς,
696 3669 832 3722 ἀλλά
878 3669 973 3723 καὶ
998 3668 1285 3739 ἀλυσιτελῆ
1327 3667 1524 3738 μᾶλλον
1568 3665 1718 3739 αὐτῷ

139 3765 237 3819 καὶ
257 3762 600 3833 ἀσύμφορον,
631 3761 864 3827 Οὔκουν,
899 3758 943 3816 ὦ
977 3761 1187 3824 τέκνον,
1255 3761 1444 3831 φησιν,
1491 3760 1554 3814 ού
1606 3760 1714 3832 χρή

140 3872 200 3908 σε
226 3859 332 3926 τῆς
402 3855 608 3926 λαύρας
660 3853 1038 3926 ὑποχωρῆσαι.
1115 3851 1254 3906 Ούτε
1331 3853 1449 3925 γάρ
1508 3853 1717 3917 ἐκεῖνος

137 3949 313 4002 δεῖται
342 3947 445 4016 τῆς
473 3948 573 4017 σῆς
609 3946 944 4018 παρουσίας·
982 3943 1098 3998 ἀλλ’
1134 3944 1183 3997 εί
1233 3944 1326 3998 καὶ
1393 3943 1565 4015 βραχὺ
1617 3946 1716 4016 τῆς

138 4038 332 4106 ὑγιοῦς
369 4037 606 4103 ἐξέκλινε
634 4038 893 4100 πίστεως,
926 4035 1043 4090 ἀλλ’
1077 4037 1105 4088 ὅ
1134 4053 1196 4105 γε
1223 4035 1356 4099 Θεὸς
1372 4035 1471 4104 τὴν
1501 4035 1716 4089 ἐκείνου

138 4127 551 4197 καρδίανείδὼς
612 4125 791 4198 ὀρθῶς
854 4125 1103 4196 ἔχουσαν,
1175 4125 1337 4188 αύτὸς
1398 4123 1719 4196 ἐπιστρέψει

135 4220 324 4283 αὐτὸν,
363 4218 459 4272 καὶ
495 4218 629 4289 πρὸς
662 4217 722 4270 τὸ
750 4212 809 4271 εὖ
840 4217 963 4288 ἕχον
1011 4215 1222 4280 ἀνάξει.
1276 4216 1384 4269 Καὶ
1447 4217 1510 4268 σὺ
1559 4215 1638 4281 δὲ,
1669 4209 1715 4268 ὦ

139 4314 360 4375 τέκνον,
391 4312 441 4364 εί
473 4311 571 4381 μὲν
603 4304 646 4378 ᾧ
684 4309 923 4381 ἐκλήθης
971 4310 1123 4390 τόπῳ
1167 4309 1224 4362 ὲν
1281 4308 1455 4377 τούτῳ
1503 4309 1596 4361 καὶ
1636 4309 1717 4372 είς

133 4404 290 4466 τέλος
319 4403 635 4473 ὑπομενεῖς,
692 4401 1021 4471 προκόπτων
1051 4397 1198 4471 -ἔσῃ,
1254 4398 1348 4450 καὶ
1379 4396 1708 4470 δοξασθήσῃ,

131 4499 296 4566 δόξαν
338 4497 402 4567 δὴ
449 4494 766 4566 τήνίάληθῆ
791 4495 888 4548 καὶ
927 4492 1069 4547 κατά
1120 4492 1252 4545 Θεὸν
1287 4492 1383 4544 καὶ
1434 4490 1704 4562 μηδέποτε

132 4593 555 4646 διαπίπτουσαν.
613 4591 674 4644 Εἰ
719 4590 777 4642 δὲ
822 4588 1024 4642 τούτων
1075 4586 1378 4658 ἀμελήσας,
1437 4586 1528 4637 καὶ
1589 4581 1716 4646 τοῖλς

131 4687 236 4756 τῆς
285 4684 566 4754 ὑπομονῆς
619 4683 914 4752 λογισμοὺς
975 4681 1270 4750 ἀτιμάσας,
1341 4678 1441 4748 τῆς
1503 4675 1714 4747 λαύρας

1788 2303 1996 2361 .tenes,
2021 2302 2077 2349 et
2099 2309 2219 2365 qua:
2247 2293 2298 2350 ei
2330 2293 2628 2362 videretur,
2655 2307 2722 2349 ea
2750 2307 2968 2364 quoque
2996 2292 3396 2362 comprobaret.

1815 2386 2091 2458 Atquei’lle
2111 2395 2331 2458 peracta
2348 2387 2552 2459 synodo
2582 2402 2834 2442 reversus
2857 2385 2924 2440 ad
2951 2384 3319 2456 Euthymium,
3346 2383 3397 2438 ei

1817 2479 2001 2535 omnia
2041 2479 2356 2552 singulatim
2385 2479 2643 2535 edisserit
2674 2493 2794 2549 quae
2815 2478 2870 2532 in
2896 2493 2958 2533 ea
2989 2485 3307 2542 evenerant,
3344 2485 3400 2532 et

1819 2588 2060 2643 quonam
2087 2574 2474 2643 processerint.
2509 2573 2561 2628 Is
2586 2582 2768 2628 autem
2796 2581 3087 2643 postquam
3111 2572 3216 2626 alia
3247 2587 3392 2641 quo-

1816 2678 1924 2734 que
1962 2663 2170 2729 didicit,
2215 2679 2337 2734 quae
2378 2664 2637 2719 nimirum
2712 2664 2780 2718 ab
2825 2664 3101 2734 episcopis
3158 2663 3398 2720 Orientis

1817 2751 1956 2808 facta
1981 2753 2219 2822 fuerant,
2235 2755 2486 2825 quodque
2500 2753 2758 2819 Joannes,
2779 2753 2892 2824 (72)
2916 2754 3008 2824 qui
3037 2764 3269 2824 praeerat
3284 2755 3398 2808 An-

1818 2844 2056 2911 tiochiae,
2087 2845 2189 2901 etsi
2252 2846 2612 2909 orthodoxus,
2646 2846 2904 2900 inductus
2949 2854 3128 2900 tamen
3179 2845 3392 2914 fuisset,

1817 2941 1879 2988 ut
1930 2936 2122 2989 eadem
2187 2935 2416 2990 sentiret
2435 2951 2561 2990 eum
2595 2935 2828 2990 Nestorii
2871 2935 2983 3006 (75)
3002 2935 3394 3003 sectatoribus,

1818 3025 1966 3095 gravi
2026 3023 2131 3080 fuit
2160 3024 2379 3080 tristitia
2411 3039 2505 3079 cor
2536 3025 2655 3095 ejus
2683 3025 3010 3082 sauciatam.

1889 3198 2028 3254 LVI.
2062 3200 2268 3256 Eodem
2309 3200 2474 3256 modo
2516 3200 2748 3256 affectus
2776 3200 2882 3256 fuit
2939 3203 3102 3259 etiam
3145 3203 3391 3262 Domnus

1817 3290 2044 3348 Joannis
2067 3295 2270 3348 sororis
2300 3294 2461 3350 ﬁlius.
2491 3293 2755 3360 Quocirca
2792 3295 2997 3366 rogavit
3026 3296 3396 3368 liuthymium,

1820 3390 1880 3436 ut
1905 3381 1957 3436 ei
1987 3382 2388 3452 permitteretur
2412 3384 2491 3438 ire
2525 3382 2888 3446 Antiochiam,
2919 3400 3026 3455 quo
3078 3388 3396 3456 supplanta‘

1823 3483 1938 3526 tum
1956 3473 2284 3529 avunculum
2309 3474 2645 3536 restitueret,
2667 3475 2889 3545 jamque
2923 3476 3074 3530 velut
3118 3478 3395 3547 jacentem

1819 3565 2072 3640 erigeret.
2100 3566 2193 3621 Ille
2249 3575 2452 3634 autem,
2478 3567 2783 3637 praevidens
2810 3583 2920 3623 non
2980 3568 3224 3624 futurum
3268 3571 3396 3626 illuc

1817 3668 1995 3716 tutum
2023 3661 2342 3728 adventum,
2373 3660 2467 3717 sed
2493 3661 2544 3717 ei
2569 3663 2755 3731 potius
2800 3662 3050 3717 inutilem
3081 3673 3138 3720 et
3185 3665 3397 3722 incom-

1813 3753 2036 3808 modum
2076 3769 2089 3806 :
2122 3753 2500 3824 Nequaquam,
2523 3753 2723 3824 inquit,
2756 3769 2790 3810 ο
2813 3755 3042 3821 ﬁli,non
3073 3765 3292 3827 oportet
3333 3768 3388 3813 te

1813 3859 1843 3898 a
1879 3843 2028 3898 laura
2058 3845 2341 3899 recedere.
2362 3844 2555 3914 Neque
2588 3844 2739 3899 enim
2782 3843 2875 3900 ille
2905 3853 3000 3901 tua
3046 3861 3184 3917 opus
3229 3847 3396 3902 habet

1816 3937 2145 4007 praesentia;
2175 3937 2268 3992 sed
2318 3944 2374 3991 et
2403 3935 2448 3991 si
2479 3935 2761 4006 paululum
2783 3952 2812 3991 a
2835 3950 2969 3993 sana
3010 3936 3116 3992 ﬁde
3157 3938 3397 3993 declina-

1813 4027 1909 4092 vit,
1928 4026 2072 4082 Dcus
2100 4038 2302 4092 tamen,
2329 4027 2423 4097 qui
2454 4027 2610 4081 novit
2635 4041 2730 4082 cor
2755 4027 2901 4082 illius
2918 4036 3068 4083 recte
3089 4043 3149 4083 se
3169 4029 3390 4092 habere.

1815 4118 1931 4187 ipse
1953 4126 2238 4173 convertet
2263 4118 2463 4188 ipsum,
2495 4119 2828 4188 reducetque
2861 4118 2927 4174 ad
2968 4118 3196 4173 bonum.
3231 4119 3298 4174 Et
3339 4131 3396 4174 tu

1815 4225 2054 4280 quoque,
2081 4226 2114 4266 ο
2135 4209 2232 4277 ﬁli,
2261 4210 2305 4265 si
2336 4211 2558 4280 quidem
2590 4211 2646 4266 in
2673 4225 2782 4281 quo
2804 4222 3032 4266 vocatus
3060 4226 3121 4266 es
3149 4213 3287 4278 loco,
3333 4212 3392 4266 in

1812 4315 1878 4356 eo
1904 4316 2078 4371 usque
2130 4300 2196 4355 ad
2222 4299 2385 4354 ﬁnem
2420 4300 2810 4370 permanseris,
2860 4299 3142 4369 proﬁcies,
3174 4307 3229 4354 et
3273 4300 3392 4371 glo-

1813 4394 1945 4448 riam
1961 4393 2330 4463 consequeris,
2355 4392 2579 4464 gloriam
2597 4407 2793 4462 nempe
2820 4407 3000 4446 veram
3019 4401 3074 4445 et
3098 4391 3396 4446 secundum

1824 4485 2012 4546 Deum,
2039 4499 2267 4554 qmeque
2290 4499 2566 4552 nunquam
2619 4484 2837 4538 excidit.
2866 4484 3020 4548 Quod
3053 4484 3097 4538 si
3157 4483 3272 4537 hzec
3299 4499 3397 4537 ne-

1820 4578 2071 4647 glexcris,
2101 4587 2152 4631 et
2176 4577 2502 4645 contemptis
2529 4577 2948 4645 perseverantiae
2978 4575 3396 4644 cogitationibus
3467 4613 3471 4617 ι

1822 4686 1853 4725 e
1906 4671 2058 4724 laura
2107 4669 2390 4724 discedere
2463 4669 2776 4733 tentaveris,
2834 4668 3106 4724 obtinebis
3173 4667 3393 4738 quidem

1453 4790 1691 4848 VARIIE
1733 4788 2141 4845 LECTIONES.

210 4899 242 4939 7
269 4890 577 4955 εὐσεϐείας.
658 4901 679 4927 ι
709 4891 778 4944 al.
803 4890 958 4944 ὅπου.
1036 4900 1062 4929 ³
1094 4889 1167 4943 al.
1211 4886 1550 4958 Ἀντιοχέων.

1335 4980 1526 5039 JOAN.
1561 4969 1899 5035 BOLLAND]
1938 4975 2170 5033 NOTAE.

209 5080 320 5150 (68)
354 5077 626 5150 Juvenali.
740 5145 792 5150 Α,
894 5146 946 5150 __
1199 5145 1260 5150 __
1346 5142 1374 5150 Α
1427 5142 1438 5150 _
1555 5096 1559 5100 '

206 5142 321 5221 (69)
359 5149 696 5221 Nicephorus
740 5145 984 5221 lib.__14,
1028 5160 1148 5221 cap.
1182 5145 1310 5221 -34,Δ
1339 5142 1534 5221 Quinta
1583 5149 1704 5221 post

126 5212 606 5280 Pentecostendie
633 5215 908 5271 Juvenalis
949 5223 1071 5270 cum
1098 5212 1402 5270 Palaestinis
1433 5212 1705 5281 episcopis

124 5293 302 5348 venit.
329 5289 535 5356 Quibus
561 5289 631 5340 ita
659 5287 1123 5356 convenientibus,
1151 5285 1379 5339 celebris
1403 5295 1457 5337 et
1480 5297 1705 5356 magnus

126 5367 224 5417 ille
268 5353 588 5429 Euihymius
652 5353 1264 5429 PetroAUSat-aceuorutu
1300 5357 1558 5429 episcopo
1596 5354 1703 5429 _a_b-

123 5431 282 5488 eunti
313 5421 589 5499 praecepit,
615 5436 672 5480 ut
705 5426 884 5496 Cyrilli
916 5425 1266 5499 Alexandrini
1302 5436 1353 5478 et
1378 5423 1559 5499 Acacii
1593 5421 1706 5476 Me-

126 5493 410 5562 litencnsi,
442 5493 665 5552 omnino
695 5493 1016 5551 sententiam
1053 5504 1390 5566 sequeretur,
1425 5493 1705 5548 columnas

123 5585 183 5627 et
216 5571 429 5636 fastigia
470 5579 632 5622 rectae
662 5566 783 5620 ﬁdei
817 5581 910 5621 eos
948 5580 1069 5621 esse
1103 5573 1353 5636 testatus.

205 5641 318 5713 (70)
345 5633 460 5693 “llic
488 5653 615 5713 cum
637 5637 810 5713 tribus
836 5637 956 5692 aliis
989 5636 1256 5707 episcopis
1281 5653 1309 5689 a
1337 5633 1550 5713 §ynodo
1574 5633 1704 5687 mis-

123 5703 230 5766 sus
264 5703 435 5765 fuerat
470 5710 538 5762 ad
567 5705 902 5773 Nestorium,
931 5719 986 5761 ut
1010 5703 1130 5763 eum
1168 5703 1233 5760 ne
1274 5722 1303 5759 a
1344 5703 1544 5774 synodi
1576 5718 1702 5774 cou-

124 5799 291 5836 sessu
334 5781 528 5835 abesse
571 5776 752 5840 vellet,
811 5789 1078 5842 moneret,
1129 5787 1186 5831 nt
1227 5773 1420 5844 legitur
1473 5788 1589 5842 par.
1649 5773 1700 5837 1,

126 5864 245 5905 ωτι.
280 5853 330 5905 1.

205 5923 317 5995 (7|)
353 5920 527 5990 Quam
562 5931 717 5977 tenax
753 5921 868 5991 ejus
902 5919 1088 5976 moniti
1134 5917 1326 5983 fuerit,
1374 5917 1487 5971 lucc
1544 5915 1704 5969 verba

1734 5068 1786 5128 D
1813 5069 1930 5135 ejus
1966 5069 2018 5121 in
2038 5067 2244 5139 synodo
2272 5066 2480 5139 prolata
2516 5063 2788 5139 indicant:
2829 5083 2848 5116 ι
2883 5063 3013 5139 Ego,
3047 5065 3239 5135 inquit,
3268 5067 3391 5126 huic

1809 5133 2091 5193 sententia:-
2116 5139 2241 5208 (qna
2272 5133 2753 5208 synodusNicrena
2793 5133 3142 5208 probabatur)
3179 5153 3260 5191 me
3302 5159 3388 5192 sn-

1808 5209 1966 5262 eium-
2031 5204 2726 5274 ascribo.‘epistolamque
2807 5204 2992 5275 Cyrilli
3059 5204 3389 5262 sanctissimi

1807 5279 2294 5345 sacratissimiqne,
2328 5289 2382 5328 ut
2417 5291 2534 5344 quae
2561 5284 2764 5328 rectam
2795 5279 3044 5345 piamque
3071 5277 3374 5331 doctrinam

1807 5350 2104 5410 contineat,
2143 5349 2300 5401 laudo
2330 5357 2380 5399 et
2421 5346 2609 5412 probo,
2655 5362 2674 5396 ι
2713 5359 2829 5413 par.
2863 5345 2918 5406 2,
2950 5356 3055 5400 act.
3087 5348 3137 5399 1.

1879 5419 1990 5490 (7:2)
2034 5418 2278 5471 Schisma
2337 5414 2588 5490 conﬂavit
2620 5453 2635 5477 ,
2673 5415 3136 5490 coiiciiiabnlqw
3174 5416 3384 5490 episco-f

1805 5485 1995 5558 porum
2021 5497 2221 5558 contra
2246 5486 2506 5558 synodum
2529 5496 2871 5554 congregato.
2891 5488 3021 5541 Acta
3047 5486 3204 5555 hujus
3225 5485 3387 5539 simul

1805 5556 1925 5614 cum
1954 5558 2159 5629 synodo
2185 5556 2455 5626 Ephesina
2479 5565 2715 5611 exstant.

1875 5623 1996 5699 (75)
2033 5623 2244 5699 Eodem
2292 5635 2827 5699 arruo__eongregata
2904 5627 3094 5699 iterum
3176 5623 3383 5699 synodo

1805 5691 2081 5753 damnavit
2139 5697 2390 5751 haeresim
2449 5691 2869 5758 Nesto'rianam,
2935 5697 3112 5750 missis
3183 5691 3382 5746 litteris

1813 5770 2095 5840 synodicis
2114 5769 2179 5821 ad
2200 5767 2687 5838 Rom.pontiliccm
2718 5765 2930 5821 Sixtum
2961 5765 3027 5819 lll
3049 5774 3102 5821 et
3123 5758 3384 5832 Cyrillum

1815 5839 2254 5896 Alexandrinum.
3390 5857 3393 5860 ·
