3846 6462
413 381 524 446 843

1652 362 1938 426 MENSIS
1974 359 2427 422 JANUARIUS.

3563 354 3670 418 εει

417 493 730 567 dignitatem
769 496 822 544 et
853 484 1212 559 principatum
1238 477 1488 536 avunculi
1517 475 1594 530 tui
1613 473 1728 543 (74)
1745 488 1768 567 ς
1804 486 1992 567 verum

2124 470 2402 540 ιποστῆναι
2464 466 2724 540 πειράσῃ,
2777 465 2874 537 τῆς
2932 466 3028 538 μὲν
3081 464 3174 518 τοῦ
3219 463 3362 518 θείου
3422 463 3518 516 τοῦ
3571 464 3666 517 σοῦ

421 563 727 639 ru'rsustibi
767 579 1047 635 auferetur
1074 591 1103 630 a
1132 572 1405 642 malis(75)
1437 579 1490 626 et
1521 563 2005 639 prmstigiatoribus

421 675 756 736 hominibus,
811 686 937 724 cum
995 684 1094 739 per
1143 667 1263 720 illos
1320 663 1472 734 prius
1530 660 1786 714 seductus
1831 656 2002 711 fueris

420 766 778 840 ignoratione.
807 764 983 831 Atque
1009 759 1125 814 hare
1167 757 1385 828 quidem
1409 760 1629 807 sanctus
1656 749 1992 820 Euthymius.

491 940 650 996 LVII.
678 940 748 993 At
777 939 1018 993 Domnus
1045 937 1111 990 de
1142 933 1291 989 hisce
1316 930 1586 985 mandatis
1613 944 1720 982 non
1759 927 1993 981 multum

423 1036 709 1098 sollicitus,
741 1032 1111 1102 proﬁciscitur
1133 1026 1506 1086 Antiochiam,
1532 1038 1710 1091 neque
1739 1021 1856 1075 vale
1911 1019 1996 1073 di—

423 1141 550 1179 cens
573 1133 784 1186 sancto,
814 1135 991 1190 neque
1023 1119 1134 1172 ullo
1156 1117 1314 1170 modo
1357 1116 1408 1168 ei
1455 1129 1612 1167 suum
1671 1111 1984 1180 significans

2097 564 2273 633 ἀρχῆς
2313 561 2588 634 ἐγκρατὴς
2629 561 2727 632 ἔσῃ
2750 577 2763 590 ·
2797 559 2936 631 πλὴν
2972 556 3366 630 ἁφαιρὴσονταί
3417 572 3477 608 σε
3504 555 3667 608 πάλιν

2096 655 2268 726 αὐτὴν
2307 657 2535 726 πονηροὶ
2560 655 2655 708 καὶ
2685 654 2878 722 γόητες
2943 651 3242 720 ἄνθρωποι,
3281 649 3475 718 ἀγνοίᾳ
3532 648 3669 718 πρό-

2096 765 2254 818 τερον
2283 747 2512 810 ἐκείνοις
2542 745 2976 816 συναπαχθέντα,
3007 741 3100 796 καὶ
3129 741 3302 794 ταῦτα
3361 739 3463 811 μὲν
3517 742 3546 792 ό
3607 742 3668 791 ἐν

2097 840 2270 907 ἁγίοις
2302 837 2592 907 Εὐθύμιος.

2166 932 2290 985 NZ'.
2334 933 2394 985 '0
2424 931 2626 1002 Δόμνος
2672 929 2728 982 δέ
2765 927 2936 1000 μικρὰ
2996 927 3101 980 τῶν
3151 924 3405 980 τοιούτων
3440 923 3672 977 ἐντολῶν

2099 1025 2411 1094 φροντίσας,
2447 1023 2673 1094 ἀπαίρει
2710 1021 2844 1090 πρὸς
2894 1019 3248 1088 Ἀντιόχειαν,
3301 1017 3433 1086 μηδὲ
3476 1032 3674 1067 συντα-

2099 1117 2329 1186 ξάμενος
2356 1115 2434 1186 τῷ
2461 1115 2622 1185 ἁγίῳ,
2655 1113 2779 1184 μηδ’
2819 1109 3070 1165 ὁπωσοῦν
3098 1108 3246 1180 αὐτῷ
3289 1109 3541 1186 σημάνας
3574 1107 3674 1177 τὴν

425 1230 720 1270 recessum.
753 1215 888 1267 Cum
941 1211 1050 1265 illic
1088 1225 1217 1262 vero
1269 1207 1482 1268 fuisset,
1539 1205 1723 1259 omnia
1769 1220 1888 1275 qua:
1931 1203 2000 1257 ab

2124 1206 2468 1279 ιναχώρησιν.
2533 1208 2740 1260 Ἐκεῖσε
2787 1205 2969 1275 μέντοι
3009 1202 3306 1273 γενομένῳ,
3345 1201 3526 1254 πάντα
3576 1200 3676 1253 ὃσα

428 1305 715 1376 Euthymio
741 1303 994 1374 prredicta
1047 1301 1280 1364 fuerant,
1313 1298 1566 1353 eil‘cctum
1604 1306 1734 1351 sunt
1782 1296 1995 1350 sortita.

2124 1303 2222 1371 ;αρ’
2275 1300 2476 1371 αύτῷὶ)
2511 1298 2869 1370 προερρήθη,
2930 1295 3104 1350 ταῦτα
3149 1294 3212 1365 δὴ
3261 1293 3356 1347 καὶ
3407 1295 3486 1356 είς
3513 1291 3680 1362 ἔργον

428 1402 494 1456 Ει
530 1400 617 1454 ille
646 1413 838 1468 magna
865 1396 1062 1450 ductus
1092 1394 1435 1465 postmodum
1472 1392 1817 1462 poenitentia,
1851 1391 1997 1460 quod

2129 1391 2276 1463 ξέϐη.
2337 1393 2604 1454 Κακεῖνος
2667 1389 2867 1458 πολλὴν
2914 1387 3130 1458 ὑπέχων
3177 1385 3399 1455 ὕστερον
3460 1383 3552 1435 ἐπί
3607 1383 3676 1451 τῇ

428 1507 534 1544 non
563 1489 881 1554 obcdiisset,
914 1488 980 1540 ad
1011 1487 1192 1555 ipsum
1242 1485 1552 1548 revertitur,
1601 1483 1751 1553 gravi
1816 1482 2002 1537 dolore

2124 1485 2351 1553 ταρακοῇ
2421 1480 2818 1552 μεταμέλειαν,
2874 1479 3119 1532 ἐπάνεισι
3171 1475 3307 1546 πρὸς
3365 1474 3550 1535 αὑτὸν,
3608 1473 3680 1525 τὰ

426 1581 724 1635 visceribus
747 1579 1040 1640 cruciatus,
1066 1587 1121 1631 et
1151 1591 1334 1630 amare
1363 1576 1600 1645 plorans.
1627 1575 1795 1628 Porro
1843 1573 2007 1629 Juve-

428 1673 565 1727 nalis
588 1672 924 1740 Stephanum
946 1668 1351 1724 Melitenensetn
1379 1667 1590 1723 ordinat
1637 1665 1864 1720 Jamniae
1884 1665 1997 1736 (76)

428 1764 740 1833 episcopum
777 1780 791 1828 ;
847 1762 1097 1818 Cosmum
1145 1777 1275 1815 vero
1327 1760 1701 1831 Cappadocem
1741 1757 1905 1813 refert
1946 1757 1999 1812 in

427 1858 670 1910 ordinem
700 1856 1161 1927 presbyterorum,
1202 1855 1363 1924 eique
1397 1870 1589 1909 cruces
1615 1853 1776 1907 tradit
1819 1861 2002 1906 custo-

428 1949 674 2003 diendas.

500 2039 680 2094 LVIII.
701 2039 827 2094 llaec
848 2053 1065 2108 quoque
1097 2039 1162 2092 de
1197 2038 1288 2091 illo
1337 2039 1508 2091 relata
1549 2047 1678 2092 sunt
1732 2037 2001 2092 monacho

429 2129 655 2198 (Iyt‘iaco
697 2127 764 2180 ab
808 2127 1047 2181 hominis
1083 2125 1444 2180 familiaribus
1467 2136 1521 2179 et
1561 2125 2002 2192 successoribus;

430 2216 590 2270 nobis
617 2225 796 2269 autem
837 2215 1099 2286 Cyriacus
1137 2215 1348 2285 singula
1381 2215 1674 2285 patefecit;
1718 2215 1860 2286 quod
1909 2231 2005 2270 ne-

433 2326 520 2362 mo
547 2325 671 2364 eum
699 2325 934 2378 unquam
963 2309 1160 2363 viderit
1192 2310 1591 2375 comedentem,
1631 2309 1734 2364 nisi
1767 2309 2006 2364 Sabbato

416 2411 528 2460 .aut
559 2402 958 2464 dieDominica,
980 2417 1090 2455 non
1121 2417 1242 2456 cum
1265 2401 1534 2471 aliquibus
1573 2402 2005 2472 colloquentem,

435 2495 748 2548 nullatenus
781 2509 902 2549 cum
934 2510 1207 2564 quoquatn
1238 2495 1705 2565 congredientem,
1740 2495 1847 2548 nisi
1869 2494 2007 2549 forte

442 2599 570 2638 usus
626 2583 821 2652 aliquis
873 2584 1182 2638 necessario
1251 2601 1602 2655 congressum
1673 2587 2002 2653 postularet;

440 2689 714 2742 nunquam
751 2689 915 2743 super
937 2674 1079 2728 latus
1108 2674 1498 2740 dormientem,
1559 2675 1650 2729 sed
1694 2691 1843 2730 nunc
1883 2676 2009 2746 qni-

439 2766 561 2819 dem
610 2766 891 2819 sedentem
961 2781 1264 2836 parumque
1334 2767 1507 2821 Oculis
1592 2769 2008 2832 conniventem.

439 2877 586 2916 nunc
647 2877 775 2916 vero
809 2860 1018 2924 funem,
1059 2861 1149 2931 qui
1189 2863 1244 2915 in
1297 2865 1529 2932 quodam
1573 2864 1721 2918 cellae
1749 2865 1946 2935 angulo
1981 2880 2011 2918 ιι

440 2959 582 3004 tecto
614 2951 975 3020 dependebat,
1005 2953 1270 3007 ambabus
1304 2963 1575 3007 tenentem
1603 2957 1871 3016 manibus,
1901 2955 2009 3008 sic-

429 3041 544 3112 que
592 3041 842 3096 nonnihil
887 3044 1061 3097 somni
1104 3045 1380 3098 moderate
1421 3045 1818 3115 degustantem,
1879 3046 2011 3100 illud

443 3135 582 3190 forte
625 3133 803 3204 magni
833 3135 1071 3199 Arsenii,
1105 3137 1213 3204 (77)
1239 3135 1510 3190 dicentem
1542 3137 1644 3206 ipsi
1671 3156 1684 3191 :
1715 3139 2013 3205 Adesdum,

443 3243 601 3282 serve
651 3242 886 3296 nequam
925 3227 1380 3282 “.Alfirmabant
1435 3231 1579 3284 enim
1624 3246 1750 3284 eun.
1806 3249 2022 3302 quoque

445 3318 613 3391 fuisse
668 3319 1037 3372 aamulatorem
1092 3318 1337 3382 Arsenii;
1387 3319 1623 3385 Arsenii,
1655 3321 2014 3391 inqua:n,qui

444 3420 672 3480 paterno
688 3409 920 3479 quodam
949 3408 1110 3464 modo
1135 3403 1384 3465 educavit
1404 3419 1458 3466 et
1483 3412 1716 3466 instituit
1734 3413 2022 3468 Arcadium

442 3513 500 3558 et
544 3503 840 3558 Honorium
897 3503 1278 3573 imperatores,
1324 3505 1557 3574 ideoque
1587 3505 1760 3560 Patris
1787 3507 2024 3576 appella-

445 3598 593 3650 tione
630 3611 659 3649 a
697 3595 903 3650 sanctis
941 3610 1137 3666 nempe
1174 3595 1423 3650 Patribus
1455 3605 1538 3650 est
1573 3597 2022 3666 cognominatus;

447 3697 633 3758 postea
703 3698 884 3742 autem
925 3689 1085 3743 etiam
1144 3688 1196 3741 in
1238 3689 1530 3743 solitudine
1562 3687 1780 3760 [Egypti
1828 3690 2023 3744 claruit

447 3780 760 3834 virtutibus.
1614 3763 1620 3772 ’

519 3870 655 3924 LIX.
705 3871 858 3925 llunc
900 3886 1029 3941 ergo
1102 3870 1511 3941 diligentissime
1531 3873 1882 3928 aemulabatur
1919 3872 2025 3926 Eu-

453 3963 710 4032 thymius,
735 3973 789 4016 et
821 3963 1104 4017 monachis
1134 3979 1199 4017 ex
1236 3963 1470 4033 {Egypto
1512 3965 1880 4031 venientibus,
1927 3968 2024 4021 de-

450 4068 558 4122 que
585 4053 703 4122 ejns
722 4054 937 4107 vivendi
960 4055 1176 4122 ratione
1203 4055 1412 4125 aliquid
1462 4056 1853 4124 referentibus,
1901 4061 2024 4114 ani-

452 4160 600 4196 mum
630 4143 784 4197 *alde
820 4145 1068 4199 lubenter
1087 4145 1382 4200 adhibebat
1407 4164 1422 4212 ;
1449 4156 1505 4201 et
1543 4149 1737 4204 anima:
1789 4167 1900 4205 suae
1934 4169 2024 4208 ve-

454 4233 551 4286 luti
607 4235 804 4288 tabulis
865 4236 1005 4290 bona
1041 4236 1184 4292 illius
1230 4239 1454 4294 curabat
1488 4239 1819 4305 inscribere;
1861 4252 2023 4313 atque

454 4325 573 4392 ejus
604 4325 864 4393 quietem,
903 4325 1284 4391 humilitatem,
1339 4329 1613 4382 silentium
1673 4331 2019 4387 imitabatur:

455 4424 828 4485 praetereaque
884 4417 1112 4472 vestitus
1162 4419 1446 4483 vilitatem,
1493 4422 1698 4476 ventris
1747 4423 2025 4479 abstinen-

2103 1575 2387 1644 σπλάγχνα
2425 1573 2863 1643 σπαραττόμενος
2917 1569 3063 1641 μάλα
3091 1568 3303 1632 δεινῶς,
3353 1569 3448 1618 καὶ
3479 1563 3682 1634 πικρὸν

2100 1667 2450 1737 ὀδυρόμενος.
2510 1664 2859 1725 Ἰουόενάλιος
2894 1662 2950 1715 δὲ
2979 1660 3071 1714 τὸν
3104 1661 3169 1713 ἐκ
3206 1657 3515 1727 Μελιτηνῆς
3550 1655 3686 1708 Στέ-

2106 1775 2273 1831 φανον
2308 1759 2604 1812 ἐπίσκοπον
2643 1755 2919 1827 Ἰαμνείας
2959 1765 2980 1793 ο
3017 1753 3332 1825 χειροτονεῖ,
3369 1749 3598 1818 Κοσμᾶν
3622 1747 3685 1800 δὲ

2107 1855 2198 1908 τὸν
2223 1851 2596 1920 Καππαδόκην
2625 1848 2702 1919 τῷ
2728 1848 2914 1918 κλήρῳ
2942 1846 3049 1900 τῶν
3078 1842 3462 1916 πρεσϐυτέρων
3490 1840 3685 1911 ἐγκρί-

2111 1964 2211 2006 νει,
2239 1945 2332 1998 καὶ
2369 1943 2467 2013 τὴν
2499 1942 2744 2012 φυλακὴν
2774 1940 2922 2010 αὑτῷ
2947 1937 3057 1992 τῶν
3091 1936 3340 2006 σταυρῶν
3370 1932 3682 2002 ἀνατίθησι.

2179 2036 2312 2092 Nll'.
2370 2037 2477 2090 Καὶ
2523 2035 2697 2088 ταῦτα
2729 2033 2784 2086 δὲ
2816 2033 2896 2103 τῷ
2937 2029 3157 2101 μοναχῷ
3209 2025 3472 2098 Κυριακῷ
3530 2023 3688 2094 παρὰ

2108 2130 2217 2184 τῶν
2241 2128 2332 2182 τοῦ
2363 2128 2553 2199 ἀνδρὸς
2576 2126 2847 2196 όμιλητῶν
2873 2142 2932 2178 τε
2961 2123 3056 2177 καὶ
3080 2121 3339 2190 διαδόχων
3361 2135 3424 2170 πε
3433 2117 3488 2188 ρί
3515 2113 3687 2170 αὐτοῦ

2112 2221 2398 2292 ἀπηγγέλη
2425 2237 2439 2249 α
2477 2221 2609 2290 ἡμῖν
2652 2219 2708 2270 δὲ
2753 2216 3030 2288 Κυριακὸς
3070 2215 3277 2268 ἕκαστα
3309 2209 3636 2279 διεσάφησεν
3669 2221 3686 2236 ⁶

2110 2316 2184 2379 ὡς
2214 2315 2490 2375 οὐδέποτε,
2525 2311 2798 2364 Σαὸὅάτου
2843 2310 3007 2380 χωρὶς
3036 2307 3400 2378 ἥΚυριακῆς,
3435 2299 3691 2354 ἐσῦίοντα

2111 2409 2299 2462 τοῦτον
2331 2405 2429 2458 ἴδοι
2463 2421 2566 2468 τις,
2603 2405 2663 2456 ού
2703 2400 3068 2455 συλλαλοῦντᾶ
3107 2415 3270 2463 τισιν,
3309 2391 3564 2463 οὐδαμῶς
3602 2393 3690 2444 ἐν·

2117 2500 2476 2570 τυγχάνοντα,
2526 2496 2666 2565 πλὴν
2701 2496 2750 2547 εί
2804 2495 2984 2564 μήπου
3038 2491 3193 2562 χρεία
3239 2505 3322 2552 τις
3375 2483 3694 2552 ἀναγκαίως

2114 2589 2214 2662 τὴν
2246 2586 2537 2657 συντυχίαν
2594 2584 2789 2656 ἀπῄτει
2817 2601 2832 2615 ·
2870 2585 2968 2636 οὐκ
3021 2584 3112 2635 ἐπὶ
3146 2581 3382 2649 πλευρᾶς
3432 2577 3696 2629 οὐδεποτε
3764 2607 3771 2613 -

2117 2681 2548 2752 καθευδήσανταν,
2584 2678 2719 2734 ἀλλὰ
2765 2677 2860 2731 νῦν
2895 2676 2993 2748 μὲν
3022 2674 3328 2744 καθήμενον
3371 2671 3464 2723 καὶ
3517 2668 3695 2739 μικρὰ

2115 2776 2241 2839 τοὺς
2273 2772 2588 2843 ὀφθαλμοὺς
2633 2769 2953 2839 ἐπιμύοντα,
3007 2767 3102 2820 νῦν
3152 2767 3210 2820 δὲ
3264 2763 3498 2835 σχοινίου
3557 2761 3699 2831 πρός

2116 2880 2226 2916 τινι
2277 2863 2371 2915 τοῦ
2418 2861 2629 2915 κελλίου
2663 2860 2832 2929 γωνία
2861 2859 2960 2928 τῆς
3006 2857 3204 2926 στέγης
3255 2852 3698 2923 ἐκκρεμαμένου,

2125 2953 2465 3023 ἀμφοτέραις
2515 2951 2704 3021 χερσὶν
2751 2949 3069 3019 ἐξεχόμενον
3119 2945 3182 3011 ἀ,
3227 2945 3322 2998 καὶ
3361 2942 3507 2995 οὕτω
3553 2939 3701 3000 τινὸς

2122 3045 2292 3099 ὕπνου
2358 3044 2595 3114 μετρίως
2658 3041 3150 3112 παραγευόμενον,
3197 3038 3257 3090 τὸ
3311 3034 3404 3088 τοῦ
3463 3032 3701 3102 μεγάλου

2049 3168 2092 3226 C
2122 3136 2282 3207 τυχὸν
2327 3135 2628 3206 Ἀρσενίου,
2669 3132 3020 3204 Δεῦρο,κακέ
3066 3129 3251 3190 δοῦλε,
3304 3127 3436 3196 πρὸς
3493 3128 3704 3176 ἐκεῖνον

2129 3227 2612 3296 ἐπιφθεγγόμενον.
2673 3223 3082 3278 Διεϐεϐαιοῦντο
3134 3221 3242 3292 γὰρ
3304 3221 3398 3273 καὶ
3453 3217 3704 3287 ζηλωτὴν

2137 3321 2298 3374 αὐτὸν
2351 3320 2628 3390 ’Λρσενίου
2666 3317 2998 3389 γεγενῆσθαι
3026 3332 3040 3346 ⁸
3085 3314 3383 3388 Ἀρσενίου,
3421 3313 3590 3382 φημὶ,
3608 3309 3704 3362 τοῦ

2130 3413 2332 3484 τρόπον
2374 3413 2496 3466 τινὰ
2523 3411 2808 3480 πατρικὸν,
2853 3409 3134 3481 Ἀρκόιδιον
3165 3408 3256 3460 καὶ
3295 3406 3553 3474 Ὀνώριον
3578 3405 3707 3464 τοὺς

2135 3505 2374 3576 βασιλεῖς
2406 3505 2747 3574 Θρεψαμένου
2774 3520 2830 3556 τε
2859 3503 2952 3556 καὶ
2981 3497 3432 3568 παιδευσαμένου,
3485 3497 3578 3548 καὶ
3619 3492 3712 3545 διὰ

2132 3598 2290 3652 τοῦτο
2323 3600 2387 3668 τῇ
2433 3598 2527 3650 τοῦ
2564 3597 2774 3668 Πατρδς
2808 3597 2914 3649 ὑπὸ
2953 3595 3060 3649 τῶν
3101 3593 3268 3662 ἁγίων
3303 3589 3501 3661 δηλαδὴ
3527 3586 3697 3641 Πατέ-

2136 3707 2246 3761 ρων
2305 3689 2688 3760 ἐπικληθέντος
2733 3687 3077 3760 προσηγορία
3101 3703 3116 3717 ’
3160 3685 3383 3752 ὕστερον
3417 3682 3475 3734 δὲ
3506 3683 3608 3734 κάν
3638 3683 3710 3750 τῇ

2137 3784 2274 3852 πρὸς
2315 3782 2588 3848 Αἴγυπτον
2623 3783 2812 3853 ἐρήμῳ
2854 3783 2973 3843 ταῖς
3022 3781 3242 3848 ἀρεταῖς
3281 3773 3706 3843 διαλάμψαντος.

2206 3873 2332 3928 ΝΘ’.
2358 3872 2558 3926 Τοῦτον
2592 3869 2686 3927 οῦν
2707 3873 2901 3944 ἐζήλου
2929 3873 3049 3925 λίαν
3074 3869 3324 3940 ἐμμελῶς
3353 3870 3381 3920 ό
3411 3864 3710 3935 Εύθύμιϋς·

2139 3967 2235 4019 καὶ
2257 3969 2372 4029 τοῖς
2403 3967 2512 4020 ἀπὸ
2535 3967 2633 4035 τῆς
2666 3967 2942 4034 Αἰγύπτου
2975 3965 3198 4034 φοιτῶσι
3223 3963 3496 4032 μοναχοῖς,
3530 3960 3624 4010 καί
3658 3976 3712 4009 τι

2139 4060 2270 4132 περὶ
2297 4060 2394 4124 τῆς
2432 4059 2706 4122 πολιτείας
2733 4060 2831 4128 τῆς
2859 4058 3068 4112 ἐκείνου
3098 4055 3493 4126 διηγουμένοις,
3537 4052 3713 4122 ἡδέως

2137 4152 2276 4220 ἄγαν
2307 4155 2562 4222 προσεῖχε
2587 4152 2678 4205 τὸν
2707 4153 2830 4205 νοῦν
2861 4167 2874 4180 ·
2899 4152 2990 4204 καὶ
3016 4151 3128 4211 τοῖς
3148 4147 3363 4214 πίναξιν
3394 4147 3585 4215 ὥσπερ
3610 4145 3715 4209 τῆς

2137 4242 2334 4294 ἑαυτοῦ
2402 4243 2582 4312 ψυχῆς
2643 4243 3022 4314 μεταγράφειν
3081 4240 3307 4293 ἔσπευδε
3372 4241 3437 4292 τὰ
3499 4241 3713 4291 ἐκείνου

2141 4333 2283 4386 καλά
2306 4349 2320 4364 ⁸
2355 4334 2454 4404 τὴν
2483 4335 2715 4406 ἡσυχίαν
2771 4352 2831 4388 τε
2886 4335 2980 4388 καὶ
3023 4335 3124 4404 τὴν
3171 4334 3506 4386 ταπείνωσιν
3537 4342 3588 4396 ε,
3617 4337 3714 4384 καὶ

2134 4428 2234 4496 τὴν
2295 4427 2459 4483 αὐτοῦ
2505 4429 2712 4498 σιωπὴν
2753 4429 3042 4497 ἐμιμεῖτοο
3082 4425 3217 4496 πρὸς
3264 4425 3322 4479 δὲ
3365 4425 3460 4478 καὶ
3511 4425 3570 4477 τὸ
3617 4426 3714 4478 τοῦ

458 4507 608 4572 tiam,
638 4518 692 4563 et
719 4509 1048 4580 vigilantiam
1105 4511 1569 4582 sobrietatemque
1631 4514 1685 4568 in
1736 4517 1993 4573 omnibus

2135 4519 2435 4591 ἐνδύματος
2489 4521 2730 4588 εὐτελὲς,
2777 4522 2872 4574 καὶ⁵
2919 4520 2980 4574 τὸ
3030 4521 3158 4590 περὶ
3194 4520 3292 4590 τὴν
3341 4520 3586 4589 γαστέρα
3623 4524 3714 4586 ὲγο

458 4601 674 4668 Arseni,
704 4603 1063 4674 propterquid
1086 4619 1340 4674 egressus
1379 4605 1648 4674 esijuxta
1693 4607 1901 4663 dictum
1955 4610 2024 4664 il-

535 4713 579 4745 ²³
617 4713 752 4769 Vita:
780 4713 1023 4781 Patrum,
1058 4715 1124 4781 γ,
1155 4733 1229 4783 ιν,
1252 4716 1313 4779 9;
1341 4726 1380 4771 t.
1408 4717 1448 4781 l,
1473 4733 1526 4787 p.
1552 4718 1655 4772 556
1687 4720 1754 4774 A.

2124 4614 2350 4682 κρατές,
2403 4614 2498 4667 καὶ
2526 4613 2586 4667 τὸ
2617 4611 2978 4684 προσεκτικδν
3027 4610 3215 4677 αὐτοῦ,
3245 4613 3524 4682 πανταχοῦ
3566 4611 3586 4651 ί
3623 4617 3716 4666 καὶ

1719 4830 1955 4886 VARUE
2014 4833 2306 4890 LECTION
2316 4838 2416 4893 ES.

537 4919 912 4988 ιια1.‹’5σαπερ.
994 4929 1015 4955 ε
1059 4919 1130 4974 al.
1175 4919 1434 4986 Ἰαμνίας.

1511 4918 1539 4958 ά
1575 4921 1644 4974 al.
1675 4923 2024 4994 ἀνεχόμενον.

473 4989 541 5054 A;
582 4988 713 5042 Vitae
739 4989 959 5042 Patrum
985 4988 1051 5054 ν,
1101 4988 1218 5052 XV,
1247 4993 1299 5044 9.

2128 4939 2148 4960 ⁸
2177 4929 2249 4983 al.
2293 4931 2816 5004 ταπεινοφροσύνην.
2926 4931 2944 4972 ί
2975 4932 3130 4988 abest
3152 4932 3222 4988 ab
3243 4932 3315 4987 al.
3379 4942 3418 4987 t.
3449 4931 3493 4997 1,
3518 4948 3554 5002 p
3610 4934 3714 4986 570

1669 5081 1862 5137 JOAN.
1905 5084 2246 5143 BOLLANDI
2281 5087 2514 5146 NOTAE.

535 5175 647 5245 (74)
687 5173 958 5229 Successit
992 5175 1183 5228 Joanni
1217 5176 1479 5231 avunculo
1498 5177 1752 5234 defuncto
1773 5179 2030 5240 Domnns.

466 5245 712 5300 Interfuit
738 5246 942 5316 synodo
976 5245 1254 5314 Ephesime
1299 5249 1615 5314 reprohatae,
1651 5265 1738 5302 an.
1771 5249 1872 5304 Ch.
1907 5251 2031 5315 “9,

468 5332 650 5370 mense
675 5316 936 5383 Augusto.
975 5318 1157 5370 Annos
1215 5317 1289 5370 illi
1333 5316 1365 5369 8
1403 5319 1642 5388 assignat
1700 5318 2036 5391 Nicephorus

469 5391 518 5439 in
551 5387 845 5439 Chronico.

469 5391 518 5440 in
551 5387 845 5440 Chronico.

541 5457 651 5528 (75)
692 5454 986 5531 Damnatus
1015 5453 1114 5508 fuit
1145 5454 1591 5531 indictasynoilo
1613 5470 1666 5514 et
1697 5462 2034 5531 patriarcha-

466 5524 579 5581 tutn
611 5527 773 5596 cessit
800 5524 1051 5596 Maximo,
1081 5527 1219 5593 quod
1254 5528 1380 5582 facti
1419 5524 1710 5596 pmtiitens'
1737 5547 1891 5586 suum
1940 5548 2033 5585 rc-

467 5597 709 5668 petiisset
734 5594 899 5668 deleri
934 5595 1373 5664 chirographum,
1408 5594 1512 5667 quo
1539 5598 1777 5654 Flaviani
1825 5612 1876 5653 et
1923 5601 2031 5653 Eu-

466 5667 600 5722 sebii
640 5667 1039 5719 damnationem
1067 5678 1192 5718 ante
1228 5671 1501 5734 probarat.

537 5737 651 5812 (76)
703 5735 1038 5812 Lipomanus
1080 5737 1358 5812 et_Surins
1390 5738 1655 5812 Ismeniae,
1707 5755 2028 5812 perperam;

471 5804 665 5863 melius
694 5818 876 5876 postea
913 5804 1109 5875 saepius
1137 5805 1374 5873 Jamnia,
1428 5809 1495 5862 ab
1540 5812 1619 5865 eis
1642 5804 2031 5880 'eipréssaJta

2143 5187 2231 5260 hic
2265 5203 2367 5260 ms.
2415 5187 2684 5260 Graecum,
2737 5198 2898 5257 atque
2941 5188 3020 5260 sic
3061 5187 3366 5258 Stephanus
3428 5192 3720 5260 episcopus

2140 5257 2367 5330 .lamnize
2393 5259 2591 5330 sacpius
2645 5258 2842 5330 legito;
2883 5260 2935 5330 in_
2973 5258 3124 5314 Actis
3161 5257 3365 5330 synodi
3421 5257 3721 5314 Citati-eun-

2142 5329 2344 5391 nensis,
2377 5329 2460 5380 cui
2497 5327 2758 5398 interfuit.
2792 5327 3124 5398 EstﬂJainnia
3156 5327 3348 5384 civitas
3388 5333 3720 5398 ερὶδοομειιάε

2144 5399 2243 5449 sub
2281 5399 2560 5464 metropoli
2603 5396 2849 5452 Ca-sarea
2883 5397 3201 5465 Palmstittm,
3237 5396 3499 5453 atl-ttiare
3554 5400 3719 5452 κίοιιί-

2145 5476 2474 5537 terraneum,
2533 5483 2698 5535 prOpe
2731 5465 2960 5537 Joppen,
3020 5470 3071 5520 in
3123 5471 3263 5522 tribu
3313 5469 3447 5523 Dan.
3481 5469 3721 5524 Consule

2146 5536 2341 5608 ibidem
2375 5538 2781 5591 Adrichomium
2807 5536 2866 5592 ιι.
2899 5539 2987 5593 ⁸55.
3024 5537 3160 5592 llinc
3195 5539 3366 5607 liquet
3392 5556 3500 5593 non
3535 5550 3721 5608 poste-

2141 5606 2377 5678 rioribus
2410 5616 2617 5678 tantum
2663 5608 3013 5677 temporibus,
3053 5611 3193 5678 quod
3233 5606 3322 5663 ille
3359 5606 3718 5675 existimavit,

2141 5673 2321 5748 fuisse
2345 5675 2396 5748 in
2427 5689 2499 5748 ea
2514 5677 2644 5748 urbe
2673 5673 3007 5748 episcopum.

2215 5743 2330 5815 (77)
2363 5745 2434 5799 De
2468 5744 2524 5799 S.
2565 5743 2797 5803 Arseiiio
2835 5743 3081 5815 pluribus
3110 5762 3334 5818 agemus
3361 5747 3428 5805 l9
3456 5747 3610 5807 Julii.
