  <div class='ocr_page' id='page_1' title='image "/cluster/home/n/w/nwhite01/storage/ocr_20150623/114/hvd.32044019208123/339.png"; bbox 0 0 3846 6502; ppageno 0'>
   <div class='ocr_carea' id='block_1_1' title="bbox 366 394 469 458">
    <p class='ocr_par' dir='ltr' id='par_1_1' title="bbox 366 394 469 458">
     <span class='ocr_line' id='line_1_1' title="bbox 366 394 469 458; baseline -0.029 0"><span class='ocrx_word' id='word_1_1' title='bbox 366 394 469 458; x_wconf 62' lang='grc'><strong>647</strong></span> 
     </span>
    </p>
   </div>
   <div class='ocr_carea' id='block_1_2' title="bbox 1609 385 2387 447">
    <p class='ocr_par' dir='ltr' id='par_1_2' title="bbox 1609 385 2387 447">
     <span class='ocr_line' id='line_1_2' title="bbox 1609 385 2387 447; baseline 0 -1"><span class='ocrx_word' id='word_1_2' title='bbox 1609 385 1893 447; x_wconf 86' lang='lat' dir='ltr'><strong>MENSIS</strong></span> <span class='ocrx_word' id='word_1_3' title='bbox 1930 385 2387 446; x_wconf 81' lang='lat' dir='ltr'><strong>JANUARIUS.</strong></span> 
     </span>
    </p>
   </div>
   <div class='ocr_carea' id='block_1_3' title="bbox 3511 383 3605 448">
    <p class='ocr_par' dir='ltr' id='par_1_3' title="bbox 3511 383 3605 448">
     <span class='ocr_line' id='line_1_3' title="bbox 3511 383 3605 448; baseline 0 0"><span class='ocrx_word' id='word_1_4' title='bbox 3511 383 3605 448; x_wconf 72' lang='grc'><strong>648</strong></span> 
     </span>
    </p>
   </div>
   <div class='ocr_carea' id='block_1_4' title="bbox 368 491 1968 570">
    <p class='ocr_par' dir='ltr' id='par_1_4' title="bbox 368 494 1959 570">
     <span class='ocr_line' id='line_1_4' title="bbox 368 494 1959 570; baseline -0.006 -12"><span class='ocrx_word' id='word_1_5' title='bbox 368 501 753 566; x_wconf 77' lang='lat' dir='ltr'><strong>audientibus;</strong></span> <span class='ocrx_word' id='word_1_6' title='bbox 815 505 976 570; x_wconf 85' lang='lat' dir='ltr'><strong>alque</strong></span> <span class='ocrx_word' id='word_1_7' title='bbox 1029 504 1358 554; x_wconf 82' lang='lat' dir='ltr'><strong>consecutus</strong></span> <span class='ocrx_word' id='word_1_8' title='bbox 1401 494 1505 552; x_wconf 85' lang='lat' dir='ltr'><strong>fuit</strong></span> <span class='ocrx_word' id='word_1_9' title='bbox 1551 510 1733 552; x_wconf 90' lang='lat' dir='ltr'><strong>rerum</strong></span> <span class='ocrx_word' id='word_1_10' title='bbox 1795 510 1959 550; x_wconf 86' lang='lat' dir='ltr'><strong>even-</strong></span> 
     </span>
    </p>
   </div>
   <div class='ocr_carea' id='block_1_5' title="bbox 2080 491 3610 570">
    <p class='ocr_par' dir='ltr' id='par_1_5' title="bbox 2080 491 3610 568">
     <span class='ocr_line' id='line_1_5' title="bbox 2080 491 3610 568; baseline 0.004 -22"><span class='ocrx_word' id='word_1_11' title='bbox 2080 495 2234 564; x_wconf 76' lang='grc' dir='ltr'>ῑήπου</span> <span class='ocrx_word' id='word_1_12' title='bbox 2259 494 2368 548; x_wconf 89' lang='grc' dir='ltr'><strong>τῶν</strong></span> <span class='ocrx_word' id='word_1_13' title='bbox 2390 495 2697 549; x_wconf 74' lang='grc' dir='ltr'><strong>ἀκουόντων</strong></span> <span class='ocrx_word' id='word_1_14' title='bbox 2725 493 2895 566; x_wconf 81' lang='grc' dir='ltr'>ἔφησε</span> <span class='ocrx_word' id='word_1_15' title='bbox 2923 509 2936 524; x_wconf 90' lang='grc'>·</span> <span class='ocrx_word' id='word_1_16' title='bbox 2980 491 3072 546; x_wconf 79' lang='grc' dir='ltr'>καὶ</span> <span class='ocrx_word' id='word_1_17' title='bbox 3103 493 3137 565; x_wconf 84' lang='grc' dir='ltr'><strong>ἠ</strong></span> <span class='ocrx_word' id='word_1_18' title='bbox 3187 492 3280 546; x_wconf 77' lang='grc' dir='ltr'>ἐπὶ</span> <span class='ocrx_word' id='word_1_19' title='bbox 3330 493 3434 548; x_wconf 91' lang='grc' dir='ltr'><strong>τῶν</strong></span> <span class='ocrx_word' id='word_1_20' title='bbox 3487 515 3610 568; x_wconf 76' lang='grc' dir='ltr'>πρα-</span> 
     </span>
    </p>
   </div>
   <div class='ocr_carea' id='block_1_6' title="bbox 369 606 477 650">
    <p class='ocr_par' dir='ltr' id='par_1_6' title="bbox 369 606 477 650">
     <span class='ocr_line' id='line_1_6' title="bbox 369 606 477 650; baseline -0.019 0"><span class='ocrx_word' id='word_1_21' title='bbox 369 606 477 650; x_wconf 87' lang='lat' dir='ltr'><strong>tus.</strong></span> 
     </span>
    </p>
   </div>
   <div class='ocr_carea' id='block_1_7' title="bbox 439 679 1947 753">
    <p class='ocr_par' dir='ltr' id='par_1_7' title="bbox 439 679 1947 753">
     <span class='ocr_line' id='line_1_7' title="bbox 439 679 1947 753; baseline -0.003 -15"><span class='ocrx_word' id='word_1_22' title='bbox 439 683 596 738; x_wconf 82' lang='lat' dir='ltr'><strong>LXII.</strong></span> <span class='ocrx_word' id='word_1_23' title='bbox 633 681 883 738; x_wconf 82' lang='lat' dir='ltr'><strong>Terebon</strong></span> <span class='ocrx_word' id='word_1_24' title='bbox 911 681 1018 747; x_wconf 91' lang='lat' dir='ltr'><strong>ille,</strong></span> <span class='ocrx_word' id='word_1_25' title='bbox 1050 683 1145 752; x_wconf 88' lang='lat' dir='ltr'><strong>qui</strong></span> <span class='ocrx_word' id='word_1_26' title='bbox 1186 689 1308 736; x_wconf 89' lang='lat' dir='ltr'><strong>erat</strong></span> <span class='ocrx_word' id='word_1_27' title='bbox 1355 694 1557 753; x_wconf 79' lang='lat' dir='ltr'><strong>genere</strong></span> <span class='ocrx_word' id='word_1_28' title='bbox 1618 679 1947 744; x_wconf 80' lang='lat' dir='ltr'><strong>Saracenos,</strong></span> 
     </span>
    </p>
   </div>
   <div class='ocr_carea' id='block_1_8' title="bbox 365 771 1945 845">
    <p class='ocr_par' dir='ltr' id='par_1_8' title="bbox 365 771 1945 845">
     <span class='ocr_line' id='line_1_8' title="bbox 365 771 1945 845; baseline -0.004 -12"><span class='ocrx_word' id='word_1_29' title='bbox 365 791 490 833; x_wconf 91' lang='lat' dir='ltr'><strong>cum</strong></span> <span class='ocrx_word' id='word_1_30' title='bbox 516 791 682 831; x_wconf 81' lang='lat' dir='ltr'><strong>uxore</strong></span> <span class='ocrx_word' id='word_1_31' title='bbox 713 775 965 830; x_wconf 80' lang='lat' dir='ltr'><strong>habitans</strong></span> <span class='ocrx_word' id='word_1_32' title='bbox 1003 773 1198 836; x_wconf 83' lang='lat' dir='ltr'><strong>sterili,</strong></span> <span class='ocrx_word' id='word_1_33' title='bbox 1240 789 1350 828; x_wconf 89' lang='lat' dir='ltr'><strong>non</strong></span> <span class='ocrx_word' id='word_1_34' title='bbox 1403 771 1658 845; x_wconf 77' lang='lat' dir='ltr'><strong>gignebat</strong></span> <span class='ocrx_word' id='word_1_35' title='bbox 1701 772 1945 838; x_wconf 84' lang='lat' dir='ltr'><strong>liberos;</strong></span> 
     </span>
    </p>
   </div>
   <div class='ocr_carea' id='block_1_9' title="bbox 368 865 1964 939">
    <p class='ocr_par' dir='ltr' id='par_1_9' title="bbox 368 865 1964 939">
     <span class='ocr_line' id='line_1_9' title="bbox 368 865 1964 939; baseline -0.003 -16"><span class='ocrx_word' id='word_1_36' title='bbox 368 868 513 939; x_wconf 89' lang='lat' dir='ltr'><strong>quod</strong></span> <span class='ocrx_word' id='word_1_37' title='bbox 568 867 618 922; x_wconf 89' lang='lat' dir='ltr'><strong>ei</strong></span> <span class='ocrx_word' id='word_1_38' title='bbox 675 867 840 922; x_wconf 87' lang='lat' dir='ltr'><strong>vitam</strong></span> <span class='ocrx_word' id='word_1_39' title='bbox 893 865 1169 921; x_wconf 79' lang='lat' dir='ltr'><strong>efficiebat</strong></span> <span class='ocrx_word' id='word_1_40' title='bbox 1207 865 1439 920; x_wconf 91' lang='lat' dir='ltr'><strong>minime</strong></span> <span class='ocrx_word' id='word_1_41' title='bbox 1468 865 1708 929; x_wconf 81' lang='lat' dir='ltr'><strong>vitalem,</strong></span> <span class='ocrx_word' id='word_1_42' title='bbox 1739 873 1964 934; x_wconf 79' lang='lat' dir='ltr'><strong>eratque</strong></span> 
     </span>
    </p>
   </div>
   <div class='ocr_carea' id='block_1_10' title="bbox 367 955 1960 1025">
    <p class='ocr_par' dir='ltr' id='par_1_10' title="bbox 367 955 1960 1025">
     <span class='ocr_line' id='line_1_10' title="bbox 367 955 1960 1025; baseline -0.004 -9"><span class='ocrx_word' id='word_1_43' title='bbox 367 975 531 1016; x_wconf 88' lang='lat' dir='ltr'><strong>causa</strong></span> <span class='ocrx_word' id='word_1_44' title='bbox 563 959 767 1014; x_wconf 88' lang='lat' dir='ltr'><strong>doloris</strong></span> <span class='ocrx_word' id='word_1_45' title='bbox 818 958 1130 1012; x_wconf 70' lang='lat' dir='ltr'><strong>nullatenus</strong></span> <span class='ocrx_word' id='word_1_46' title='bbox 1157 956 1478 1012; x_wconf 77' lang='lat' dir='ltr'><strong>tolerabilis.</strong></span> <span class='ocrx_word' id='word_1_47' title='bbox 1500 956 1576 1010; x_wconf 80' lang='lat' dir='ltr'><strong>Ac</strong></span> <span class='ocrx_word' id='word_1_48' title='bbox 1599 955 1752 1011; x_wconf 90' lang='lat' dir='ltr'><strong>cedit</strong></span> <span class='ocrx_word' id='word_1_49' title='bbox 1779 955 1960 1025; x_wconf 86' lang='lat' dir='ltr'><strong>itaque</strong></span> 
     </span>
    </p>
   </div>
   <div class='ocr_carea' id='block_1_11' title="bbox 371 1047 1949 1122">
    <p class='ocr_par' dir='ltr' id='par_1_11' title="bbox 371 1047 1949 1122">
     <span class='ocr_line' id='line_1_11' title="bbox 371 1047 1949 1122; baseline -0.004 -16"><span class='ocrx_word' id='word_1_50' title='bbox 371 1051 664 1122; x_wconf 87' lang='lat' dir='ltr'><strong>aliquando</strong></span> <span class='ocrx_word' id='word_1_51' title='bbox 692 1064 817 1104; x_wconf 91' lang='lat' dir='ltr'><strong>cum</strong></span> <span class='ocrx_word' id='word_1_52' title='bbox 842 1064 1015 1105; x_wconf 74' lang='lat' dir='ltr'><strong>uxore</strong></span> <span class='ocrx_word' id='word_1_53' title='bbox 1038 1049 1105 1105; x_wconf 83' lang='lat' dir='ltr'><strong>ad</strong></span> <span class='ocrx_word' id='word_1_54' title='bbox 1146 1047 1524 1103; x_wconf 85' lang='lat' dir='ltr'><strong>admirabilem</strong></span> <span class='ocrx_word' id='word_1_55' title='bbox 1573 1047 1949 1118; x_wconf 83' lang='lat' dir='ltr'><strong>Euthymium,</strong></span> 
     </span>
    </p>
   </div>
   <div class='ocr_carea' id='block_1_12' title="bbox 383 1138 1953 1214">
    <p class='ocr_par' dir='ltr' id='par_1_12' title="bbox 383 1138 1953 1214">
     <span class='ocr_line' id='line_1_12' title="bbox 383 1138 1953 1214; baseline -0.004 -17"><span class='ocrx_word' id='word_1_56' title='bbox 383 1157 604 1214; x_wconf 83' lang='lat' dir='ltr'><strong>rogans,</strong></span> <span class='ocrx_word' id='word_1_57' title='bbox 634 1142 967 1212; x_wconf 83' lang='lat' dir='ltr'><strong>supplicans,</strong></span> <span class='ocrx_word' id='word_1_58' title='bbox 993 1140 1122 1210; x_wconf 92' lang='lat' dir='ltr'><strong>quid</strong></span> <span class='ocrx_word' id='word_1_59' title='bbox 1148 1155 1255 1195; x_wconf 91' lang='lat' dir='ltr'><strong>non</strong></span> <span class='ocrx_word' id='word_1_60' title='bbox 1284 1139 1492 1196; x_wconf 78' lang='lat' dir='ltr'><strong>faciens</strong></span> <span class='ocrx_word' id='word_1_61' title='bbox 1515 1153 1582 1193; x_wconf 82' lang='lat' dir='ltr'><strong>ex</strong></span> <span class='ocrx_word' id='word_1_62' title='bbox 1602 1138 1668 1193; x_wconf 92' lang='lat' dir='ltr'><strong>iis</strong></span> <span class='ocrx_word' id='word_1_63' title='bbox 1689 1153 1809 1207; x_wconf 78' lang='lat' dir='ltr'><strong>qua:</strong></span> <span class='ocrx_word' id='word_1_64' title='bbox 1822 1151 1953 1208; x_wconf 87' lang='lat' dir='ltr'><strong>pos-</strong></span> 
     </span>
    </p>
   </div>
   <div class='ocr_carea' id='block_1_13' title="bbox 373 1227 1949 1296">
    <p class='ocr_par' dir='ltr' id='par_1_13' title="bbox 373 1227 1949 1296">
     <span class='ocr_line' id='line_1_13' title="bbox 373 1227 1949 1296; baseline -0.004 -8"><span class='ocrx_word' id='word_1_65' title='bbox 373 1243 503 1288; x_wconf 90' lang='lat' dir='ltr'><strong>sunt</strong></span> <span class='ocrx_word' id='word_1_66' title='bbox 535 1234 754 1287; x_wconf 85' lang='lat' dir='ltr'><strong>trahere</strong></span> <span class='ocrx_word' id='word_1_67' title='bbox 774 1231 842 1286; x_wconf 88' lang='lat' dir='ltr'><strong>ad</strong></span> <span class='ocrx_word' id='word_1_68' title='bbox 898 1230 1347 1296; x_wconf 89' lang='lat' dir='ltr'><strong>misericordiam,</strong></span> <span class='ocrx_word' id='word_1_69' title='bbox 1381 1239 1441 1284; x_wconf 94' lang='lat' dir='ltr'><strong>ut</strong></span> <span class='ocrx_word' id='word_1_70' title='bbox 1467 1231 1513 1284; x_wconf 89' lang='lat' dir='ltr'><strong>is</strong></span> <span class='ocrx_word' id='word_1_71' title='bbox 1546 1237 1754 1284; x_wconf 75' lang='lat' dir='ltr'><strong>naturae</strong></span> <span class='ocrx_word' id='word_1_72' title='bbox 1793 1227 1949 1283; x_wconf 82' lang='lat' dir='ltr'><strong>defe-</strong></span> 
     </span>
    </p>
   </div>
   <div class='ocr_carea' id='block_1_14' title="bbox 374 1320 1960 1394">
    <p class='ocr_par' dir='ltr' id='par_1_14' title="bbox 374 1320 1960 1394">
     <span class='ocr_line' id='line_1_14' title="bbox 374 1320 1960 1394; baseline -0.004 -13"><span class='ocrx_word' id='word_1_73' title='bbox 374 1337 495 1382; x_wconf 87' lang='lat' dir='ltr'><strong>ctus</strong></span> <span class='ocrx_word' id='word_1_74' title='bbox 521 1324 850 1391; x_wconf 81' lang='lat' dir='ltr'><strong>solveretur,</strong></span> <span class='ocrx_word' id='word_1_75' title='bbox 875 1333 930 1378; x_wconf 89' lang='lat' dir='ltr'><strong>et</strong></span> <span class='ocrx_word' id='word_1_76' title='bbox 959 1323 1261 1394; x_wconf 88' lang='lat' dir='ltr'><strong>aperiretur</strong></span> <span class='ocrx_word' id='word_1_77' title='bbox 1301 1330 1489 1377; x_wconf 86' lang='lat' dir='ltr'><strong>uterus</strong></span> <span class='ocrx_word' id='word_1_78' title='bbox 1519 1322 1586 1377; x_wconf 90' lang='lat' dir='ltr'><strong>ad</strong></span> <span class='ocrx_word' id='word_1_79' title='bbox 1615 1320 1960 1392; x_wconf 89' lang='lat' dir='ltr'><strong>pariendum.</strong></span> 
     </span>
    </p>
   </div>
   <div class='ocr_carea' id='block_1_15' title="bbox 378 1412 1957 1485">
    <p class='ocr_par' dir='ltr' id='par_1_15' title="bbox 378 1412 1957 1485">
     <span class='ocr_line' id='line_1_15' title="bbox 378 1412 1957 1485; baseline -0.003 -14"><span class='ocrx_word' id='word_1_80' title='bbox 378 1417 475 1473; x_wconf 88' lang='lat' dir='ltr'><strong>Ille</strong></span> <span class='ocrx_word' id='word_1_81' title='bbox 499 1424 683 1471; x_wconf 89' lang='lat' dir='ltr'><strong>autem</strong></span> <span class='ocrx_word' id='word_1_82' title='bbox 741 1429 864 1470; x_wconf 89' lang='lat' dir='ltr'><strong>cum</strong></span> <span class='ocrx_word' id='word_1_83' title='bbox 909 1422 992 1469; x_wconf 89' lang='lat' dir='ltr'><strong>ter</strong></span> <span class='ocrx_word' id='word_1_84' title='bbox 1013 1413 1093 1470; x_wconf 77' lang='lat' dir='ltr'><strong>eis</strong></span> <span class='ocrx_word' id='word_1_85' title='bbox 1149 1413 1428 1485; x_wconf 72' lang='lat' dir='ltr'><strong>iniecisset</strong></span> <span class='ocrx_word' id='word_1_86' title='bbox 1482 1412 1696 1485; x_wconf 76' lang='lat' dir='ltr'><strong>signum</strong></span> <span class='ocrx_word' id='word_1_87' title='bbox 1756 1412 1957 1478; x_wconf 86' lang='lat' dir='ltr'><strong>crucis,</strong></span> 
     </span>
    </p>
   </div>
   <div class='ocr_carea' id='block_1_16' title="bbox 378 1504 1957 1580">
    <p class='ocr_par' dir='ltr' id='par_1_16' title="bbox 378 1504 1957 1580">
     <span class='ocr_line' id='line_1_16' title="bbox 378 1504 1957 1580; baseline -0.005 -14"><span class='ocrx_word' id='word_1_88' title='bbox 378 1510 690 1576; x_wconf 81' lang='lat' dir='ltr'><strong>deindeque</strong></span> <span class='ocrx_word' id='word_1_89' title='bbox 739 1508 1012 1580; x_wconf 87' lang='lat' dir='ltr'><strong>lapideum</strong></span> <span class='ocrx_word' id='word_1_90' title='bbox 1039 1507 1188 1561; x_wconf 92' lang='lat' dir='ltr'><strong>illum</strong></span> <span class='ocrx_word' id='word_1_91' title='bbox 1229 1516 1476 1562; x_wconf 82' lang='lat' dir='ltr'><strong>ventrem</strong></span> <span class='ocrx_word' id='word_1_92' title='bbox 1497 1505 1764 1577; x_wconf 80' lang='lat' dir='ltr'><strong>tetigisset</strong></span> <span class='ocrx_word' id='word_1_93' title='bbox 1789 1522 1802 1558; x_wconf 90' lang='lat'><strong>:</strong></span> <span class='ocrx_word' id='word_1_94' title='bbox 1825 1504 1957 1560; x_wconf 87' lang='lat' dir='ltr'><strong>Abi-</strong></span> 
     </span>
    </p>
   </div>
   <div class='ocr_carea' id='block_1_17' title="bbox 2053 587 2925 660">
    <p class='ocr_par' dir='ltr' id='par_1_17' title="bbox 2053 587 2925 660">
     <span class='ocr_line' id='line_1_17' title="bbox 2053 587 2925 660; baseline 0.001 -18"><span class='ocrx_word' id='word_1_95' title='bbox 2053 587 2278 658; x_wconf 88' lang='grc' dir='ltr'>γμάτων</span> <span class='ocrx_word' id='word_1_96' title='bbox 2309 587 2534 652; x_wconf 75' lang='grc' dir='ltr'>ἔκϐασις</span> <span class='ocrx_word' id='word_1_97' title='bbox 2565 587 2925 660; x_wconf 72' lang='grc' dir='ltr'>ἠκολούθησε.</span> 
     </span>
    </p>
   </div>
   <div class='ocr_carea' id='block_1_18' title="bbox 2123 674 3609 752">
    <p class='ocr_par' dir='ltr' id='par_1_18' title="bbox 2123 674 3609 752">
     <span class='ocr_line' id='line_1_18' title="bbox 2123 674 3609 752; baseline 0.001 -20"><span class='ocrx_word' id='word_1_98' title='bbox 2123 679 2248 733; x_wconf 81' lang='grc' dir='ltr'><strong>ΞΒ’.’</strong></span> <span class='ocrx_word' id='word_1_99' title='bbox 2284 679 2536 750; x_wconf 81' lang='grc' dir='ltr'>Τερέδων</span> <span class='ocrx_word' id='word_1_100' title='bbox 2565 680 2792 742; x_wconf 84' lang='grc' dir='ltr'>ἐκεῖνος,</span> <span class='ocrx_word' id='word_1_101' title='bbox 2817 678 2877 743; x_wconf 83' lang='grc' dir='ltr'>ὃς</span> <span class='ocrx_word' id='word_1_102' title='bbox 2902 674 2971 752; x_wconf 82' lang='grc' dir='ltr'>ἦν</span> <span class='ocrx_word' id='word_1_103' title='bbox 2997 679 3057 733; x_wconf 80' lang='grc' dir='ltr'>τὸ</span> <span class='ocrx_word' id='word_1_104' title='bbox 3085 678 3244 748; x_wconf 84' lang='grc' dir='ltr'>γένος</span> <span class='ocrx_word' id='word_1_105' title='bbox 3290 681 3609 751; x_wconf 76' lang='grc' dir='ltr'>Σαρακηνδς,</span> 
     </span>
    </p>
   </div>
   <div class='ocr_carea' id='block_1_19' title="bbox 2057 770 3613 850">
    <p class='ocr_par' dir='ltr' id='par_1_19' title="bbox 2057 770 3613 850">
     <span class='ocr_line' id='line_1_19' title="bbox 2057 770 3613 850; baseline 0 -20"><span class='ocrx_word' id='word_1_106' title='bbox 2057 775 2249 846; x_wconf 76' lang='grc' dir='ltr'>στείρα</span> <span class='ocrx_word' id='word_1_107' title='bbox 2284 777 2506 845; x_wconf 72' lang='grc' dir='ltr'>γυναικὶ</span> <span class='ocrx_word' id='word_1_108' title='bbox 2538 773 2826 840; x_wconf 86' lang='grc' dir='ltr'>συνοικῶν,</span> <span class='ocrx_word' id='word_1_109' title='bbox 2865 773 3074 828; x_wconf 77' lang='grc' dir='ltr'>παίδων</span> <span class='ocrx_word' id='word_1_110' title='bbox 3111 775 3307 845; x_wconf 78' lang='grc' dir='ltr'>ἄγονος</span> <span class='ocrx_word' id='word_1_111' title='bbox 3351 770 3418 846; x_wconf 79' lang='grc' dir='ltr'>ἦν</span> <span class='ocrx_word' id='word_1_112' title='bbox 3451 792 3466 806; x_wconf 90' lang='grc'><strong>·</strong></span> <span class='ocrx_word' id='word_1_113' title='bbox 3494 776 3613 850; x_wconf 80' lang='grc' dir='ltr'>ὅπερ</span> 
     </span>
    </p>
   </div>
   <div class='ocr_carea' id='block_1_20' title="bbox 2060 864 3614 936">
    <p class='ocr_par' dir='ltr' id='par_1_20' title="bbox 2060 864 3614 936">
     <span class='ocr_line' id='line_1_20' title="bbox 2060 864 3614 936; baseline -0.001 -15"><span class='ocrx_word' id='word_1_114' title='bbox 2060 867 2292 922; x_wconf 78' lang='grc' dir='ltr'>ἀϐίωτον</span> <span class='ocrx_word' id='word_1_115' title='bbox 2347 865 2498 936; x_wconf 70' lang='grc' dir='ltr'>αὐτῷ</span> <span class='ocrx_word' id='word_1_116' title='bbox 2554 865 2646 919; x_wconf 76' lang='grc' dir='ltr'>τὸν</span> <span class='ocrx_word' id='word_1_117' title='bbox 2694 864 2809 936; x_wconf 84' lang='grc' dir='ltr'>βίον</span> <span class='ocrx_word' id='word_1_118' title='bbox 2857 865 3056 930; x_wconf 87' lang='grc' dir='ltr'>ἐποίει,</span> <span class='ocrx_word' id='word_1_119' title='bbox 3102 868 3195 920; x_wconf 83' lang='grc' dir='ltr'>καὶ</span> <span class='ocrx_word' id='word_1_120' title='bbox 3247 866 3426 935; x_wconf 80' lang='grc' dir='ltr'><strong>λύπης</strong></span> <span class='ocrx_word' id='word_1_121' title='bbox 3458 867 3614 920; x_wconf 75' lang='grc' dir='ltr'>αἴτιον</span> 
     </span>
    </p>
   </div>
   <div class='ocr_carea' id='block_1_21' title="bbox 2058 953 3618 1028">
    <p class='ocr_par' dir='ltr' id='par_1_21' title="bbox 2058 953 3618 1028">
     <span class='ocr_line' id='line_1_21' title="bbox 2058 953 3618 1028; baseline 0 -18"><span class='ocrx_word' id='word_1_122' title='bbox 2058 953 2130 1028; x_wconf 82' lang='grc' dir='ltr'>ἦν</span> <span class='ocrx_word' id='word_1_123' title='bbox 2158 957 2362 1028; x_wconf 73' lang='grc' dir='ltr'>ἥκιστα</span> <span class='ocrx_word' id='word_1_124' title='bbox 2403 955 2665 1027; x_wconf 81' lang='grc' dir='ltr'><strong>φορητῆς.</strong></span> <span class='ocrx_word' id='word_1_125' title='bbox 2717 954 2974 1024; x_wconf 87' lang='grc' dir='ltr'>Πρόσεισι</span> <span class='ocrx_word' id='word_1_126' title='bbox 3014 954 3194 1008; x_wconf 78' lang='grc' dir='ltr'>τοίνυν</span> <span class='ocrx_word' id='word_1_127' title='bbox 3245 956 3382 1024; x_wconf 78' lang='grc' dir='ltr'>μετὰ</span> <span class='ocrx_word' id='word_1_128' title='bbox 3413 955 3510 1026; x_wconf 76' lang='grc' dir='ltr'>τῆς</span> <span class='ocrx_word' id='word_1_129' title='bbox 3535 974 3618 1025; x_wconf 78' lang='grc' dir='ltr'>γυο</span> 
     </span>
    </p>
   </div>
   <div class='ocr_carea' id='block_1_22' title="bbox 2060 1045 3613 1118">
    <p class='ocr_par' dir='ltr' id='par_1_22' title="bbox 2060 1045 3613 1118">
     <span class='ocr_line' id='line_1_22' title="bbox 2060 1045 3613 1118; baseline 0 -16"><span class='ocrx_word' id='word_1_130' title='bbox 2060 1049 2246 1113; x_wconf 89' lang='grc' dir='ltr'>ναικός</span> <span class='ocrx_word' id='word_1_131' title='bbox 2306 1065 2442 1101; x_wconf 86' lang='grc' dir='ltr'>ποτε</span> <span class='ocrx_word' id='word_1_132' title='bbox 2499 1045 2576 1116; x_wconf 84' lang='grc' dir='ltr'><strong>τῷ</strong></span> <span class='ocrx_word' id='word_1_133' title='bbox 2624 1045 2921 1117; x_wconf 83' lang='grc' dir='ltr'><strong>θαυμαστῷ</strong></span> <span class='ocrx_word' id='word_1_134' title='bbox 2975 1045 3253 1118; x_wconf 79' lang='grc' dir='ltr'>Εὑθυμίῳ,</span> <span class='ocrx_word' id='word_1_135' title='bbox 3312 1047 3613 1114; x_wconf 73' lang='grc' dir='ltr'>ἀντιϐολῶν,</span> 
     </span>
    </p>
   </div>
   <div class='ocr_carea' id='block_1_23' title="bbox 2063 1138 3620 1211">
    <p class='ocr_par' dir='ltr' id='par_1_23' title="bbox 2063 1138 3620 1211">
     <span class='ocr_line' id='line_1_23' title="bbox 2063 1138 3620 1211; baseline 0 -16"><span class='ocrx_word' id='word_1_136' title='bbox 2063 1141 2344 1206; x_wconf 76' lang='grc' dir='ltr'>ἱκετεύων,</span> <span class='ocrx_word' id='word_1_137' title='bbox 2381 1140 2432 1194; x_wconf 89' lang='grc' dir='ltr'><strong>τί</strong></span> <span class='ocrx_word' id='word_1_138' title='bbox 2479 1140 2555 1211; x_wconf 86' lang='grc' dir='ltr'>μὴ</span> <span class='ocrx_word' id='word_1_139' title='bbox 2609 1139 2780 1193; x_wconf 88' lang='grc' dir='ltr'>ποιῶν</span> <span class='ocrx_word' id='word_1_140' title='bbox 2811 1138 2922 1192; x_wconf 90' lang='grc' dir='ltr'><strong>τῶν</strong></span> <span class='ocrx_word' id='word_1_141' title='bbox 2965 1140 3281 1210; x_wconf 81' lang='grc' dir='ltr'>δυναμένων</span> <span class='ocrx_word' id='word_1_142' title='bbox 3330 1141 3508 1194; x_wconf 73' lang='grc' dir='ltr'>ἕλκειν</span> <span class='ocrx_word' id='word_1_143' title='bbox 3552 1145 3620 1207; x_wconf 83' lang='grc' dir='ltr'><strong>είς</strong></span> 
     </span>
    </p>
   </div>
   <div class='ocr_carea' id='block_1_24' title="bbox 2061 1233 3621 1305">
    <p class='ocr_par' dir='ltr' id='par_1_24' title="bbox 2061 1233 3621 1305">
     <span class='ocr_line' id='line_1_24' title="bbox 2061 1233 3621 1305; baseline -0.003 -15"><span class='ocrx_word' id='word_1_144' title='bbox 2061 1238 2234 1300; x_wconf 78' lang='grc' dir='ltr'>ἔλεον,</span> <span class='ocrx_word' id='word_1_145' title='bbox 2263 1234 2405 1288; x_wconf 87' lang='grc' dir='ltr'>ὥστε</span> <span class='ocrx_word' id='word_1_146' title='bbox 2432 1233 2662 1304; x_wconf 76' lang='grc' dir='ltr'>λυθῆναι</span> <span class='ocrx_word' id='word_1_147' title='bbox 2700 1233 2800 1303; x_wconf 82' lang='grc' dir='ltr'>τὴν</span> <span class='ocrx_word' id='word_1_148' title='bbox 2838 1234 2901 1286; x_wconf 89' lang='grc' dir='ltr'><strong>ἐκ</strong></span> <span class='ocrx_word' id='word_1_149' title='bbox 2923 1233 3024 1304; x_wconf 84' lang='grc' dir='ltr'><strong>τῆς</strong></span> <span class='ocrx_word' id='word_1_150' title='bbox 3053 1233 3267 1303; x_wconf 84' lang='grc' dir='ltr'>φύσεως</span> <span class='ocrx_word' id='word_1_151' title='bbox 3300 1233 3545 1305; x_wconf 81' lang='grc' dir='ltr'>πήρωσιν</span> <span class='ocrx_word' id='word_1_152' title='bbox 3576 1245 3621 1296; x_wconf 73' lang='grc' dir='ltr'><strong>ιι,</strong></span> 
     </span>
    </p>
   </div>
   <div class='ocr_carea' id='block_1_25' title="bbox 2063 1326 3623 1400">
    <p class='ocr_par' dir='ltr' id='par_1_25' title="bbox 2063 1326 3623 1400">
     <span class='ocr_line' id='line_1_25' title="bbox 2063 1326 3623 1400; baseline -0.002 -18"><span class='ocrx_word' id='word_1_153' title='bbox 2063 1328 2163 1383; x_wconf 77' lang='grc' dir='ltr'>καὶ</span> <span class='ocrx_word' id='word_1_154' title='bbox 2216 1327 2353 1400; x_wconf 81' lang='grc' dir='ltr'>πρὸς</span> <span class='ocrx_word' id='word_1_155' title='bbox 2397 1327 2595 1389; x_wconf 79' lang='grc' dir='ltr'>ὠδῖνας</span> <span class='ocrx_word' id='word_1_156' title='bbox 2631 1327 2770 1397; x_wconf 79' lang='grc' dir='ltr'>αὐτῇ</span> <span class='ocrx_word' id='word_1_157' title='bbox 2809 1335 2849 1356; x_wconf 73' lang='grc'><strong>’³³</strong></span> <span class='ocrx_word' id='word_1_158' title='bbox 2901 1327 2994 1379; x_wconf 77' lang='grc' dir='ltr'>καὶ</span> <span class='ocrx_word' id='word_1_159' title='bbox 3047 1326 3238 1388; x_wconf 82' lang='grc' dir='ltr'><strong>τόκους</strong></span> <span class='ocrx_word' id='word_1_160' title='bbox 3271 1327 3370 1397; x_wconf 79' lang='grc' dir='ltr'>τὴν</span> <span class='ocrx_word' id='word_1_161' title='bbox 3428 1329 3623 1398; x_wconf 70' lang='grc' dir='ltr'>μήτραν</span> 
     </span>
    </p>
   </div>
   <div class='ocr_carea' id='block_1_26' title="bbox 2067 1417 3622 1489">
    <p class='ocr_par' dir='ltr' id='par_1_26' title="bbox 2067 1417 3622 1489">
     <span class='ocr_line' id='line_1_26' title="bbox 2067 1417 3622 1489; baseline -0.001 -16"><span class='ocrx_word' id='word_1_162' title='bbox 2067 1419 2427 1488; x_wconf 87' lang='grc' dir='ltr'>διανοιγῆναι.</span> <span class='ocrx_word' id='word_1_163' title='bbox 2471 1418 2528 1471; x_wconf 87' lang='lat'><strong>&#39;0</strong></span> <span class='ocrx_word' id='word_1_164' title='bbox 2555 1418 2613 1471; x_wconf 79' lang='grc' dir='ltr'>δὲ</span> <span class='ocrx_word' id='word_1_165' title='bbox 2668 1419 2855 1489; x_wconf 90' lang='grc' dir='ltr'>τρίτον</span> <span class='ocrx_word' id='word_1_166' title='bbox 2907 1417 3092 1482; x_wconf 82' lang='grc' dir='ltr'>αὐτοῖς</span> <span class='ocrx_word' id='word_1_167' title='bbox 3146 1417 3206 1470; x_wconf 78' lang='grc' dir='ltr'><strong>τὺ</strong></span> <span class='ocrx_word' id='word_1_168' title='bbox 3254 1417 3347 1470; x_wconf 78' lang='grc' dir='ltr'>τοῦ</span> <span class='ocrx_word' id='word_1_169' title='bbox 3406 1419 3622 1488; x_wconf 86' lang='grc' dir='ltr'>σταυροῦ</span> 
     </span>
    </p>
   </div>
   <div class='ocr_carea' id='block_1_27' title="bbox 2067 1504 3627 1583">
    <p class='ocr_par' dir='ltr' id='par_1_27' title="bbox 2067 1504 3627 1583">
     <span class='ocr_line' id='line_1_27' title="bbox 2067 1504 3627 1583; baseline -0.004 -17"><span class='ocrx_word' id='word_1_170' title='bbox 2067 1513 2293 1583; x_wconf 79' lang='grc' dir='ltr'>σημεῖον</span> <span class='ocrx_word' id='word_1_171' title='bbox 2323 1507 2621 1572; x_wconf 77' lang='grc' dir='ltr'>ἐπιὸαλὼν,</span> <span class='ocrx_word' id='word_1_172' title='bbox 2679 1504 2798 1562; x_wconf 79' lang='grc' dir='ltr'>εἶτα</span> <span class='ocrx_word' id='word_1_173' title='bbox 2847 1509 2943 1562; x_wconf 74' lang='grc' dir='ltr'>καὶ</span> <span class='ocrx_word' id='word_1_174' title='bbox 2981 1508 3084 1579; x_wconf 83' lang='grc' dir='ltr'>τῆς</span> <span class='ocrx_word' id='word_1_175' title='bbox 3127 1507 3382 1574; x_wconf 83' lang='grc' dir='ltr'>λιθὼδους</span> <span class='ocrx_word' id='word_1_176' title='bbox 3431 1509 3627 1580; x_wconf 75' lang='grc' dir='ltr'><strong>ἐκείνης</strong></span> 
     </span>
    </p>
   </div>
   <div class='ocr_carea' id='block_1_28' title="bbox 378 1594 1968 1675">
    <p class='ocr_par' dir='ltr' id='par_1_28' title="bbox 378 1594 1965 1670">
     <span class='ocr_line' id='line_1_28' title="bbox 378 1594 1965 1670; baseline -0.001 -17"><span class='ocrx_word' id='word_1_177' title='bbox 378 1607 452 1665; x_wconf 91' lang='lat' dir='ltr'><strong>te,</strong></span> <span class='ocrx_word' id='word_1_178' title='bbox 473 1599 666 1670; x_wconf 86' lang='lat' dir='ltr'><strong>inquit,</strong></span> <span class='ocrx_word' id='word_1_179' title='bbox 701 1599 805 1654; x_wconf 70' lang='lat' dir='ltr'><strong>laeti</strong></span> <span class='ocrx_word' id='word_1_180' title='bbox 847 1598 901 1652; x_wconf 93' lang='lat' dir='ltr'><strong>in</strong></span> <span class='ocrx_word' id='word_1_181' title='bbox 969 1597 1217 1653; x_wconf 91' lang='lat' dir='ltr'><strong>Domino.</strong></span> <span class='ocrx_word' id='word_1_182' title='bbox 1247 1597 1297 1652; x_wconf 92' lang='lat' dir='ltr'><strong>Is</strong></span> <span class='ocrx_word' id='word_1_183' title='bbox 1319 1597 1518 1666; x_wconf 86' lang='lat' dir='ltr'><strong>quippe</strong></span> <span class='ocrx_word' id='word_1_184' title='bbox 1542 1595 1695 1652; x_wconf 83' lang='lat' dir='ltr'><strong>vobis</strong></span> <span class='ocrx_word' id='word_1_185' title='bbox 1713 1594 1965 1651; x_wconf 87' lang='lat' dir='ltr'><strong>concedit</strong></span> 
     </span>
    </p>
   </div>
   <div class='ocr_carea' id='block_1_29' title="bbox 2080 1594 3625 1675">
    <p class='ocr_par' dir='ltr' id='par_1_29' title="bbox 2080 1599 3625 1675">
     <span class='ocr_line' id='line_1_29' title="bbox 2080 1599 3625 1675; baseline -0.002 -17"><span class='ocrx_word' id='word_1_186' title='bbox 2080 1604 2296 1675; x_wconf 66' lang='grc' dir='ltr'>ταστρὸς</span> <span class='ocrx_word' id='word_1_187' title='bbox 2317 1602 2616 1672; x_wconf 78' lang='grc' dir='ltr'>ἁψάμενος,</span> <span class='ocrx_word' id='word_1_188' title='bbox 2637 1602 2852 1663; x_wconf 83' lang='grc' dir='ltr'>Ἅπιτε,</span> <span class='ocrx_word' id='word_1_189' title='bbox 2869 1599 3321 1671; x_wconf 64' lang='grc' dir='ltr'>φησι,,χαίροντες</span> <span class='ocrx_word' id='word_1_190' title='bbox 3349 1602 3406 1654; x_wconf 89' lang='grc' dir='ltr'><strong>ἐν</strong></span> <span class='ocrx_word' id='word_1_191' title='bbox 3429 1602 3625 1672; x_wconf 77' lang='grc' dir='ltr'>Κυρίῳ.</span> 
     </span>
    </p>
   </div>
   <div class='ocr_carea' id='block_1_30' title="bbox 377 1686 1968 1765">
    <p class='ocr_par' dir='ltr' id='par_1_30' title="bbox 377 1686 1952 1760">
     <span class='ocr_line' id='line_1_30' title="bbox 377 1686 1952 1760; baseline -0.004 -13"><span class='ocrx_word' id='word_1_192' title='bbox 377 1700 440 1747; x_wconf 85' lang='grc' dir='ltr'><strong>ιιι</strong></span> <span class='ocrx_word' id='word_1_193' title='bbox 467 1691 765 1747; x_wconf 90' lang='lat' dir='ltr'><strong>cernamini</strong></span> <span class='ocrx_word' id='word_1_194' title='bbox 799 1690 964 1745; x_wconf 84' lang='lat' dir='ltr'><strong>trium</strong></span> <span class='ocrx_word' id='word_1_195' title='bbox 986 1689 1283 1745; x_wconf 91' lang='lat' dir='ltr'><strong>liberorum</strong></span> <span class='ocrx_word' id='word_1_196' title='bbox 1316 1697 1589 1760; x_wconf 89' lang='lat' dir='ltr'><strong>parentes.</strong></span> <span class='ocrx_word' id='word_1_197' title='bbox 1623 1689 1812 1759; x_wconf 84' lang='lat' dir='ltr'><strong>Itaque</strong></span> <span class='ocrx_word' id='word_1_198' title='bbox 1875 1686 1952 1741; x_wconf 89' lang='lat' dir='ltr'><strong>illi</strong></span> 
     </span>
    </p>
   </div>
   <div class='ocr_carea' id='block_1_31' title="bbox 2080 1686 3630 1765">
    <p class='ocr_par' dir='ltr' id='par_1_31' title="bbox 2080 1686 3630 1765">
     <span class='ocr_line' id='line_1_31' title="bbox 2080 1686 3630 1765; baseline -0.003 -17"><span class='ocrx_word' id='word_1_199' title='bbox 2080 1695 2258 1749; x_wconf 76' lang='grc' dir='ltr'>1ίδωσι</span> <span class='ocrx_word' id='word_1_200' title='bbox 2291 1697 2399 1765; x_wconf 80' lang='grc' dir='ltr'><strong>γὰρ</strong></span> <span class='ocrx_word' id='word_1_201' title='bbox 2429 1686 2584 1756; x_wconf 77' lang='grc' dir='ltr'>οὗτος</span> <span class='ocrx_word' id='word_1_202' title='bbox 2629 1693 2758 1763; x_wconf 84' lang='grc' dir='ltr'>ὑμῖν</span> <span class='ocrx_word' id='word_1_203' title='bbox 2821 1691 2989 1764; x_wconf 84' lang='grc' dir='ltr'>τριῶν</span> <span class='ocrx_word' id='word_1_204' title='bbox 3033 1693 3237 1746; x_wconf 83' lang='grc' dir='ltr'>παίδων</span> <span class='ocrx_word' id='word_1_205' title='bbox 3272 1692 3503 1762; x_wconf 79' lang='grc' dir='ltr'>ὀφθῆναι</span> <span class='ocrx_word' id='word_1_206' title='bbox 3537 1711 3630 1744; x_wconf 68' lang='grc' dir='ltr'><strong>παι</strong></span> 
     </span>
    </p>
   </div>
   <div class='ocr_carea' id='block_1_32' title="bbox 379 1779 1968 1860">
    <p class='ocr_par' dir='ltr' id='par_1_32' title="bbox 379 1779 1959 1852">
     <span class='ocr_line' id='line_1_32' title="bbox 379 1779 1959 1852; baseline -0.001 -16"><span class='ocrx_word' id='word_1_207' title='bbox 379 1784 433 1837; x_wconf 91' lang='lat' dir='ltr'><strong>in</strong></span> <span class='ocrx_word' id='word_1_208' title='bbox 457 1797 708 1838; x_wconf 87' lang='lat' dir='ltr'><strong>sermone</strong></span> <span class='ocrx_word' id='word_1_209' title='bbox 747 1789 1006 1852; x_wconf 90' lang='lat' dir='ltr'><strong>tanquam</strong></span> <span class='ocrx_word' id='word_1_210' title='bbox 1037 1781 1092 1835; x_wconf 91' lang='lat' dir='ltr'><strong>in</strong></span> <span class='ocrx_word' id='word_1_211' title='bbox 1120 1796 1176 1835; x_wconf 84' lang='lat' dir='ltr'><strong>re</strong></span> <span class='ocrx_word' id='word_1_212' title='bbox 1201 1780 1314 1850; x_wconf 89' lang='lat' dir='ltr'><strong>ipsa</strong></span> <span class='ocrx_word' id='word_1_213' title='bbox 1341 1779 1671 1835; x_wconf 87' lang='lat' dir='ltr'><strong>collocantes</strong></span> <span class='ocrx_word' id='word_1_214' title='bbox 1704 1779 1959 1834; x_wconf 79' lang='lat' dir='ltr'><strong>fiduciam</strong></span> 
     </span>
    </p>
   </div>
   <div class='ocr_carea' id='block_1_33' title="bbox 2080 1779 3631 1860">
    <p class='ocr_par' dir='ltr' id='par_1_33' title="bbox 2080 1781 3631 1860">
     <span class='ocr_line' id='line_1_33' title="bbox 2080 1781 3631 1860; baseline -0.005 -17"><span class='ocrx_word' id='word_1_215' title='bbox 2080 1789 2267 1860; x_wconf 57' lang='lat' dir='ltr'><strong>:épat;.;</strong></span> <span class='ocrx_word' id='word_1_216' title='bbox 2281 1789 2507 1842; x_wconf 86' lang='grc' dir='ltr'>Ἐκεῖνοι</span> <span class='ocrx_word' id='word_1_217' title='bbox 2545 1786 2644 1856; x_wconf 92' lang='grc' dir='ltr'><strong>μέν</strong></span> <span class='ocrx_word' id='word_1_218' title='bbox 2672 1781 2764 1839; x_wconf 81' lang='grc' dir='ltr'>οὖν</span> <span class='ocrx_word' id='word_1_219' title='bbox 2801 1785 2990 1855; x_wconf 81' lang='grc' dir='ltr'>ὥσπερ</span> <span class='ocrx_word' id='word_1_220' title='bbox 3021 1783 3198 1856; x_wconf 77' lang='grc' dir='ltr'>ἔργῳ,</span> <span class='ocrx_word' id='word_1_221' title='bbox 3227 1783 3307 1855; x_wconf 87' lang='grc' dir='ltr'>τῷ</span> <span class='ocrx_word' id='word_1_222' title='bbox 3335 1784 3479 1855; x_wconf 86' lang='grc' dir='ltr'>λόγῳ</span> <span class='ocrx_word' id='word_1_223' title='bbox 3510 1785 3631 1855; x_wconf 81' lang='grc' dir='ltr'>θαῤ-</span> 
     </span>
    </p>
   </div>
   <div class='ocr_carea' id='block_1_34' title="bbox 380 1857 1968 1956">
    <p class='ocr_par' dir='ltr' id='par_1_34' title="bbox 380 1871 1965 1944">
     <span class='ocr_line' id='line_1_34' title="bbox 380 1871 1965 1944; baseline -0.003 -14"><span class='ocrx_word' id='word_1_224' title='bbox 380 1876 607 1931; x_wconf 90' lang='lat' dir='ltr'><strong>domum</strong></span> <span class='ocrx_word' id='word_1_225' title='bbox 666 1875 969 1938; x_wconf 84' lang='lat' dir='ltr'><strong>redierunt,</strong></span> <span class='ocrx_word' id='word_1_226' title='bbox 1000 1874 1186 1929; x_wconf 86' lang='lat' dir='ltr'><strong>animo</strong></span> <span class='ocrx_word' id='word_1_227' title='bbox 1208 1873 1395 1929; x_wconf 68' lang='lat' dir='ltr'><strong>Itrtitia</strong></span> <span class='ocrx_word' id='word_1_228' title='bbox 1427 1873 1609 1944; x_wconf 89' lang='lat' dir='ltr'><strong>pleno.</strong></span> <span class='ocrx_word' id='word_1_229' title='bbox 1647 1871 1765 1927; x_wconf 83' lang='lat' dir='ltr'><strong>Jam</strong></span> <span class='ocrx_word' id='word_1_230' title='bbox 1783 1882 1965 1927; x_wconf 90' lang='lat' dir='ltr'><strong>autem</strong></span> 
     </span>
    </p>
   </div>
   <div class='ocr_carea' id='block_1_35' title="bbox 2080 1857 3630 1956">
    <p class='ocr_par' dir='ltr' id='par_1_35' title="bbox 2080 1857 3630 1952">
     <span class='ocr_line' id='line_1_35' title="bbox 2080 1857 3630 1952; baseline -0.003 -18"><span class='ocrx_word' id='word_1_231' title='bbox 2080 1857 2355 1952; x_wconf 67' lang='grc' dir='ltr'>δήσαντες,</span> <span class='ocrx_word' id='word_1_232' title='bbox 2416 1879 2598 1934; x_wconf 75' lang='grc' dir='ltr'>οἴκαδε</span> <span class='ocrx_word' id='word_1_233' title='bbox 2651 1876 2983 1950; x_wconf 81' lang='grc' dir='ltr'>ἀνεχώρουν,</span> <span class='ocrx_word' id='word_1_234' title='bbox 3042 1875 3262 1948; x_wconf 77' lang='grc' dir='ltr'>ἔμπλεῳ</span> <span class='ocrx_word' id='word_1_235' title='bbox 3315 1877 3428 1950; x_wconf 80' lang='grc' dir='ltr'>τὴν.</span> <span class='ocrx_word' id='word_1_236' title='bbox 3468 1877 3630 1949; x_wconf 68' lang='grc' dir='ltr'>ψυχὴν</span> 
     </span>
    </p>
   </div>
   <div class='ocr_carea' id='block_1_36' title="bbox 357 1964 1968 2048">
    <p class='ocr_par' dir='ltr' id='par_1_36' title="bbox 357 1964 1966 2040">
     <span class='ocr_line' id='line_1_36' title="bbox 357 1964 1966 2040; baseline -0.002 -17"><span class='ocrx_word' id='word_1_237' title='bbox 357 1977 438 2023; x_wconf 60' lang='grc' dir='ltr'>ιρι</span> <span class='ocrx_word' id='word_1_238' title='bbox 472 1977 659 2040; x_wconf 85' lang='lat' dir='ltr'><strong>partus</strong></span> <span class='ocrx_word' id='word_1_239' title='bbox 681 1978 894 2038; x_wconf 89' lang='lat' dir='ltr'><strong>tempus</strong></span> <span class='ocrx_word' id='word_1_240' title='bbox 925 1967 1239 2022; x_wconf 81' lang='lat' dir='ltr'><strong>advenerat.</strong></span> <span class='ocrx_word' id='word_1_241' title='bbox 1271 1967 1337 2020; x_wconf 89' lang='lat' dir='ltr'><strong>Et</strong></span> <span class='ocrx_word' id='word_1_242' title='bbox 1360 1966 1537 2037; x_wconf 87' lang='lat' dir='ltr'><strong>primo</strong></span> <span class='ocrx_word' id='word_1_243' title='bbox 1555 1965 1773 2035; x_wconf 89' lang='lat' dir='ltr'><strong>quidem</strong></span> <span class='ocrx_word' id='word_1_244' title='bbox 1820 1964 1966 2034; x_wconf 83' lang='lat' dir='ltr'><strong>parit</strong></span> 
     </span>
    </p>
   </div>
   <div class='ocr_carea' id='block_1_37' title="bbox 2080 1964 3630 2048">
    <p class='ocr_par' dir='ltr' id='par_1_37' title="bbox 2080 1969 3630 2048">
     <span class='ocr_line' id='line_1_37' title="bbox 2080 1969 3630 2048; baseline -0.003 -20"><span class='ocrx_word' id='word_1_245' title='bbox 2080 1977 2281 2048; x_wconf 62' lang='grc' dir='ltr'>ἡδονῆς.</span> <span class='ocrx_word' id='word_1_246' title='bbox 2308 1973 2447 2043; x_wconf 83' lang='grc' dir='ltr'>Ἤδη</span> <span class='ocrx_word' id='word_1_247' title='bbox 2480 1975 2536 2028; x_wconf 87' lang='grc' dir='ltr'><strong>δέ</strong></span> <span class='ocrx_word' id='word_1_248' title='bbox 2559 1973 2654 2028; x_wconf 76' lang='grc' dir='ltr'>καὶ</span> <span class='ocrx_word' id='word_1_249' title='bbox 2679 1972 2708 2024; x_wconf 89' lang='lat'><strong>6</strong></span> <span class='ocrx_word' id='word_1_250' title='bbox 2731 1971 2839 2026; x_wconf 86' lang='grc' dir='ltr'><strong>τῶν</strong></span> <span class='ocrx_word' id='word_1_251' title='bbox 2867 1970 3072 2024; x_wconf 78' lang='grc' dir='ltr'>ὠδίνων</span> <span class='ocrx_word' id='word_1_252' title='bbox 3094 1969 3283 2041; x_wconf 77' lang='grc' dir='ltr'>καιρὸς</span> <span class='ocrx_word' id='word_1_253' title='bbox 3310 1971 3630 2041; x_wconf 82' lang='grc' dir='ltr'>ἐφειστήκει.</span> 
     </span>
    </p>
   </div>
   <div class='ocr_carea' id='block_1_38' title="bbox 381 2057 1966 2129">
    <p class='ocr_par' dir='ltr' id='par_1_38' title="bbox 381 2057 1966 2129">
     <span class='ocr_line' id='line_1_38' title="bbox 381 2057 1966 2129; baseline -0.004 -13"><span class='ocrx_word' id='word_1_254' title='bbox 381 2061 604 2116; x_wconf 83' lang='lat' dir='ltr'><strong>Petrum</strong></span> <span class='ocrx_word' id='word_1_255' title='bbox 634 2059 948 2129; x_wconf 85' lang='lat' dir='ltr'><strong>quemdam,</strong></span> <span class='ocrx_word' id='word_1_256' title='bbox 979 2068 1191 2129; x_wconf 88' lang='lat' dir='ltr'><strong>patrem</strong></span> <span class='ocrx_word' id='word_1_257' title='bbox 1251 2057 1573 2122; x_wconf 89' lang='lat' dir='ltr'><strong>Terebonis,</strong></span> <span class='ocrx_word' id='word_1_258' title='bbox 1623 2057 1714 2127; x_wconf 91' lang='lat' dir='ltr'><strong>qui</strong></span> <span class='ocrx_word' id='word_1_259' title='bbox 1757 2057 1966 2128; x_wconf 77' lang='lat' dir='ltr'><strong>Euthy-</strong></span> 
     </span>
    </p>
   </div>
   <div class='ocr_carea' id='block_1_39' title="bbox 381 2149 1950 2222">
    <p class='ocr_par' dir='ltr' id='par_1_39' title="bbox 381 2149 1950 2222">
     <span class='ocr_line' id='line_1_39' title="bbox 381 2149 1950 2222; baseline -0.003 -14"><span class='ocrx_word' id='word_1_260' title='bbox 381 2152 477 2208; x_wconf 87' lang='lat' dir='ltr'><strong>mii</strong></span> <span class='ocrx_word' id='word_1_261' title='bbox 510 2151 794 2222; x_wconf 88' lang='lat' dir='ltr'><strong>discipulis</strong></span> <span class='ocrx_word' id='word_1_262' title='bbox 825 2151 942 2206; x_wconf 65' lang='lat' dir='ltr'><strong>haec</strong></span> <span class='ocrx_word' id='word_1_263' title='bbox 968 2165 1094 2205; x_wconf 87' lang='lat' dir='ltr'><strong>vere</strong></span> <span class='ocrx_word' id='word_1_264' title='bbox 1129 2160 1185 2204; x_wconf 91' lang='lat' dir='ltr'><strong>et</strong></span> <span class='ocrx_word' id='word_1_265' title='bbox 1206 2158 1395 2220; x_wconf 88' lang='lat' dir='ltr'><strong>aperte</strong></span> <span class='ocrx_word' id='word_1_266' title='bbox 1429 2149 1691 2205; x_wconf 88' lang='lat' dir='ltr'><strong>narravit.</strong></span> <span class='ocrx_word' id='word_1_267' title='bbox 1752 2149 1950 2204; x_wconf 90' lang='lat' dir='ltr'><strong>Postea</strong></span> 
     </span>
    </p>
   </div>
   <div class='ocr_carea' id='block_1_40' title="bbox 384 2239 1964 2312">
    <p class='ocr_par' dir='ltr' id='par_1_40' title="bbox 384 2239 1964 2312">
     <span class='ocr_line' id='line_1_40' title="bbox 384 2239 1964 2312; baseline -0.002 -15"><span class='ocrx_word' id='word_1_268' title='bbox 384 2250 568 2297; x_wconf 84' lang='lat' dir='ltr'><strong>autem</strong></span> <span class='ocrx_word' id='word_1_269' title='bbox 607 2241 779 2297; x_wconf 88' lang='lat' dir='ltr'><strong>multo</strong></span> <span class='ocrx_word' id='word_1_270' title='bbox 825 2250 1067 2312; x_wconf 86' lang='lat' dir='ltr'><strong>tempore</strong></span> <span class='ocrx_word' id='word_1_271' title='bbox 1110 2239 1422 2310; x_wconf 70' lang='lat' dir='ltr'><strong>interiecto,</strong></span> <span class='ocrx_word' id='word_1_272' title='bbox 1477 2255 1640 2295; x_wconf 83' lang='lat' dir='ltr'><strong>verax</strong></span> <span class='ocrx_word' id='word_1_273' title='bbox 1690 2239 1964 2312; x_wconf 82' lang='lat' dir='ltr'><strong>Euthymii</strong></span> 
     </span>
    </p>
   </div>
   <div class='ocr_carea' id='block_1_41' title="bbox 384 2330 1964 2405">
    <p class='ocr_par' dir='ltr' id='par_1_41' title="bbox 384 2330 1964 2405">
     <span class='ocr_line' id='line_1_41' title="bbox 384 2330 1964 2405; baseline 0.001 -17"><span class='ocrx_word' id='word_1_274' title='bbox 384 2333 737 2405; x_wconf 87' lang='lat' dir='ltr'><strong>promissum,</strong></span> <span class='ocrx_word' id='word_1_275' title='bbox 763 2333 899 2389; x_wconf 86' lang='lat' dir='ltr'><strong>alios</strong></span> <span class='ocrx_word' id='word_1_276' title='bbox 931 2347 1148 2403; x_wconf 89' lang='lat' dir='ltr'><strong>quoquo</strong></span> <span class='ocrx_word' id='word_1_277' title='bbox 1174 2331 1312 2388; x_wconf 90' lang='lat' dir='ltr'><strong>duos</strong></span> <span class='ocrx_word' id='word_1_278' title='bbox 1337 2330 1531 2388; x_wconf 82' lang='lat' dir='ltr'><strong>fratres</strong></span> <span class='ocrx_word' id='word_1_279' title='bbox 1577 2331 1810 2404; x_wconf 84' lang='lat' dir='ltr'><strong>praebuit</strong></span> <span class='ocrx_word' id='word_1_280' title='bbox 1859 2333 1964 2389; x_wconf 86' lang='lat' dir='ltr'><strong>Te-</strong></span> 
     </span>
    </p>
   </div>
   <div class='ocr_carea' id='block_1_42' title="bbox 385 2426 601 2482">
    <p class='ocr_par' dir='ltr' id='par_1_42' title="bbox 385 2426 601 2482">
     <span class='ocr_line' id='line_1_42' title="bbox 385 2426 601 2482; baseline 0.005 -2"><span class='ocrx_word' id='word_1_281' title='bbox 385 2426 601 2482; x_wconf 86' lang='lat' dir='ltr'><strong>reboni.</strong></span> 
     </span>
    </p>
   </div>
   <div class='ocr_carea' id='block_1_43' title="bbox 465 2623 1965 2700">
    <p class='ocr_par' dir='ltr' id='par_1_43' title="bbox 465 2623 1965 2700">
     <span class='ocr_line' id='line_1_43' title="bbox 465 2623 1965 2700; baseline 0 -18"><span class='ocrx_word' id='word_1_282' title='bbox 465 2625 656 2682; x_wconf 79' lang='lat' dir='ltr'><strong>LXIII.</strong></span> <span class='ocrx_word' id='word_1_283' title='bbox 688 2625 882 2680; x_wconf 88' lang='lat' dir='ltr'><strong>Frater</strong></span> <span class='ocrx_word' id='word_1_284' title='bbox 912 2625 1130 2700; x_wconf 84' lang='lat' dir='ltr'><strong>eratin</strong></span> <span class='ocrx_word' id='word_1_285' title='bbox 1179 2623 1352 2690; x_wconf 86' lang='lat' dir='ltr'><strong>Iaura,</strong></span> <span class='ocrx_word' id='word_1_286' title='bbox 1402 2623 1684 2681; x_wconf 80' lang='lat' dir='ltr'><strong>Romanus</strong></span> <span class='ocrx_word' id='word_1_287' title='bbox 1744 2641 1965 2698; x_wconf 82' lang='lat' dir='ltr'><strong>genere,</strong></span> 
     </span>
    </p>
   </div>
   <div class='ocr_carea' id='block_1_44' title="bbox 388 2716 1962 2787">
    <p class='ocr_par' dir='ltr' id='par_1_44' title="bbox 388 2716 1962 2787">
     <span class='ocr_line' id='line_1_44' title="bbox 388 2716 1962 2787; baseline 0 -15"><span class='ocrx_word' id='word_1_288' title='bbox 388 2717 613 2772; x_wconf 87' lang='lat' dir='ltr'><strong>nomine</strong></span> <span class='ocrx_word' id='word_1_289' title='bbox 665 2717 1014 2782; x_wconf 73' lang='lat' dir='ltr'><strong>JEmiIianus,</strong></span> <span class='ocrx_word' id='word_1_290' title='bbox 1046 2716 1140 2787; x_wconf 90' lang='lat' dir='ltr'><strong>qui</strong></span> <span class='ocrx_word' id='word_1_291' title='bbox 1173 2716 1372 2771; x_wconf 88' lang='lat' dir='ltr'><strong>bonam</strong></span> <span class='ocrx_word' id='word_1_292' title='bbox 1421 2717 1588 2772; x_wconf 75' lang='lat' dir='ltr'><strong>vitam</strong></span> <span class='ocrx_word' id='word_1_293' title='bbox 1631 2718 1962 2783; x_wconf 85' lang='lat' dir='ltr'><strong>sectabatur,</strong></span> 
     </span>
    </p>
   </div>
   <div class='ocr_carea' id='block_1_45' title="bbox 388 2807 1965 2881">
    <p class='ocr_par' dir='ltr' id='par_1_45' title="bbox 388 2807 1965 2881">
     <span class='ocr_line' id='line_1_45' title="bbox 388 2807 1965 2881; baseline 0 -17"><span class='ocrx_word' id='word_1_294' title='bbox 388 2818 438 2864; x_wconf 89' lang='lat' dir='ltr'><strong>et</strong></span> <span class='ocrx_word' id='word_1_295' title='bbox 479 2809 793 2881; x_wconf 76' lang='lat' dir='ltr'><strong>przeclaram</strong></span> <span class='ocrx_word' id='word_1_296' title='bbox 856 2808 1272 2879; x_wconf 87' lang='lat' dir='ltr'><strong>temperantiam</strong></span> <span class='ocrx_word' id='word_1_297' title='bbox 1301 2808 1385 2863; x_wconf 87' lang='lat' dir='ltr'><strong>vel</strong></span> <span class='ocrx_word' id='word_1_298' title='bbox 1439 2807 1675 2864; x_wconf 82' lang='lat' dir='ltr'><strong>maxime</strong></span> <span class='ocrx_word' id='word_1_299' title='bbox 1731 2823 1798 2863; x_wconf 73' lang='lat' dir='ltr'><strong>ex</strong></span> <span class='ocrx_word' id='word_1_300' title='bbox 1846 2809 1965 2880; x_wconf 89' lang='lat' dir='ltr'><strong>ipsa</strong></span> 
     </span>
    </p>
   </div>
   <div class='ocr_carea' id='block_1_46' title="bbox 388 2896 1970 2970">
    <p class='ocr_par' dir='ltr' id='par_1_46' title="bbox 388 2896 1970 2970">
     <span class='ocr_line' id='line_1_46' title="bbox 388 2896 1970 2970; baseline -0.002 -15"><span class='ocrx_word' id='word_1_301' title='bbox 388 2899 670 2970; x_wconf 84' lang='lat' dir='ltr'><strong>amplexus</strong></span> <span class='ocrx_word' id='word_1_302' title='bbox 715 2898 892 2954; x_wconf 86' lang='lat' dir='ltr'><strong>fuerat</strong></span> <span class='ocrx_word' id='word_1_303' title='bbox 915 2897 1303 2953; x_wconf 82' lang='lat' dir='ltr'><strong>adolescentia.</strong></span> <span class='ocrx_word' id='word_1_304' title='bbox 1349 2896 1483 2952; x_wconf 77' lang='lat' dir='ltr'><strong>Huic</strong></span> <span class='ocrx_word' id='word_1_305' title='bbox 1512 2906 1677 2953; x_wconf 89' lang='lat' dir='ltr'><strong>noctu</strong></span> <span class='ocrx_word' id='word_1_306' title='bbox 1730 2897 1970 2968; x_wconf 86' lang='lat' dir='ltr'><strong>aliquan-</strong></span> 
     </span>
    </p>
   </div>
   <div class='ocr_carea' id='block_1_47' title="bbox 389 2987 1968 3055">
    <p class='ocr_par' dir='ltr' id='par_1_47' title="bbox 389 2987 1968 3055">
     <span class='ocr_line' id='line_1_47' title="bbox 389 2987 1968 3055; baseline -0.001 -10"><span class='ocrx_word' id='word_1_307' title='bbox 389 2991 481 3055; x_wconf 87' lang='lat' dir='ltr'><strong>do.</strong></span> <span class='ocrx_word' id='word_1_308' title='bbox 515 3005 639 3045; x_wconf 93' lang='lat' dir='ltr'><strong>cum</strong></span> <span class='ocrx_word' id='word_1_309' title='bbox 685 2997 834 3045; x_wconf 88' lang='lat' dir='ltr'><strong>esset</strong></span> <span class='ocrx_word' id='word_1_310' title='bbox 863 2987 1178 3043; x_wconf 90' lang='lat' dir='ltr'><strong>Dominicus</strong></span> <span class='ocrx_word' id='word_1_311' title='bbox 1208 2989 1342 3050; x_wconf 89' lang='lat' dir='ltr'><strong>dies.</strong></span> <span class='ocrx_word' id='word_1_312' title='bbox 1376 2988 1634 3044; x_wconf 89' lang='lat' dir='ltr'><strong>Inimicus</strong></span> <span class='ocrx_word' id='word_1_313' title='bbox 1691 3003 1756 3044; x_wconf 83' lang='lat' dir='ltr'><strong>ex</strong></span> <span class='ocrx_word' id='word_1_314' title='bbox 1801 3005 1968 3044; x_wconf 90' lang='lat' dir='ltr'><strong>carne</strong></span> 
     </span>
    </p>
   </div>
   <div class='ocr_carea' id='block_1_48' title="bbox 391 3078 1969 3152">
    <p class='ocr_par' dir='ltr' id='par_1_48' title="bbox 391 3078 1969 3152">
     <span class='ocr_line' id='line_1_48' title="bbox 391 3078 1969 3152; baseline -0.002 -14"><span class='ocrx_word' id='word_1_315' title='bbox 391 3081 595 3138; x_wconf 84' lang='lat' dir='ltr'><strong>bellum</strong></span> <span class='ocrx_word' id='word_1_316' title='bbox 624 3095 786 3152; x_wconf 82' lang='lat' dir='ltr'><strong>grave</strong></span> <span class='ocrx_word' id='word_1_317' title='bbox 821 3079 1139 3134; x_wconf 85' lang='lat' dir='ltr'><strong>commovit.</strong></span> <span class='ocrx_word' id='word_1_318' title='bbox 1169 3078 1270 3134; x_wconf 89' lang='lat' dir='ltr'><strong>Cui</strong></span> <span class='ocrx_word' id='word_1_319' title='bbox 1323 3093 1382 3133; x_wconf 89' lang='lat' dir='ltr'><strong>se</strong></span> <span class='ocrx_word' id='word_1_320' title='bbox 1433 3089 1699 3149; x_wconf 88' lang='lat' dir='ltr'><strong>perpetuo</strong></span> <span class='ocrx_word' id='word_1_321' title='bbox 1746 3080 1969 3135; x_wconf 83' lang='lat' dir='ltr'><strong>restitu-</strong></span> 
     </span>
    </p>
   </div>
   <div class='ocr_carea' id='block_1_49' title="bbox 2065 2063 3634 2140">
    <p class='ocr_par' dir='ltr' id='par_1_49' title="bbox 2065 2063 3634 2140">
     <span class='ocr_line' id='line_1_49' title="bbox 2065 2063 3634 2140; baseline -0.006 -15"><span class='ocrx_word' id='word_1_322' title='bbox 2065 2072 2174 2125; x_wconf 72' lang='grc' dir='ltr'><strong>Καὶ</strong></span> <span class='ocrx_word' id='word_1_323' title='bbox 2219 2069 2413 2140; x_wconf 86' lang='grc' dir='ltr'>πρῶτα</span> <span class='ocrx_word' id='word_1_324' title='bbox 2469 2069 2566 2140; x_wconf 77' lang='grc' dir='ltr'>μὲν</span> <span class='ocrx_word' id='word_1_325' title='bbox 2617 2067 2790 2120; x_wconf 79' lang='grc' dir='ltr'>τίκτει</span> <span class='ocrx_word' id='word_1_326' title='bbox 2838 2066 3046 2137; x_wconf 77' lang='grc' dir='ltr'>Πέτρον</span> <span class='ocrx_word' id='word_1_327' title='bbox 3099 2064 3242 2129; x_wconf 76' lang='grc' dir='ltr'>τινὰ,</span> <span class='ocrx_word' id='word_1_328' title='bbox 3293 2063 3387 2118; x_wconf 79' lang='grc' dir='ltr'>τὸν</span> <span class='ocrx_word' id='word_1_329' title='bbox 3436 2063 3634 2135; x_wconf 81' lang='grc' dir='ltr'>πατέρα</span> 
     </span>
    </p>
   </div>
   <div class='ocr_carea' id='block_1_50' title="bbox 2065 2155 3636 2233">
    <p class='ocr_par' dir='ltr' id='par_1_50' title="bbox 2065 2155 3636 2233">
     <span class='ocr_line' id='line_1_50' title="bbox 2065 2155 3636 2233; baseline -0.007 -16"><span class='ocrx_word' id='word_1_330' title='bbox 2065 2162 2398 2233; x_wconf 78' lang='grc' dir='ltr'>Τερέϐωνος,</span> <span class='ocrx_word' id='word_1_331' title='bbox 2454 2161 2512 2224; x_wconf 83' lang='grc' dir='ltr'>ὃς</span> <span class='ocrx_word' id='word_1_332' title='bbox 2542 2159 2652 2231; x_wconf 83' lang='grc' dir='ltr'>ἄρα</span> <span class='ocrx_word' id='word_1_333' title='bbox 2725 2161 2838 2222; x_wconf 82' lang='grc' dir='ltr'>τοῖς</span> <span class='ocrx_word' id='word_1_334' title='bbox 2870 2157 3157 2228; x_wconf 79' lang='grc' dir='ltr'>ὁμιληταῖς</span> <span class='ocrx_word' id='word_1_335' title='bbox 3189 2155 3489 2227; x_wconf 82' lang='grc' dir='ltr'>Εὖθυμίου,</span> <span class='ocrx_word' id='word_1_336' title='bbox 3525 2155 3636 2225; x_wconf 82' lang='grc' dir='ltr'>φιλ-</span> 
     </span>
    </p>
   </div>
   <div class='ocr_carea' id='block_1_51' title="bbox 2065 2246 3637 2324">
    <p class='ocr_par' dir='ltr' id='par_1_51' title="bbox 2065 2246 3637 2324">
     <span class='ocr_line' id='line_1_51' title="bbox 2065 2246 3637 2324; baseline -0.006 -15"><span class='ocrx_word' id='word_1_337' title='bbox 2065 2254 2283 2324; x_wconf 85' lang='grc' dir='ltr'>αλήθως</span> <span class='ocrx_word' id='word_1_338' title='bbox 2313 2251 2486 2307; x_wconf 79' lang='grc' dir='ltr'>ταῦτα</span> <span class='ocrx_word' id='word_1_339' title='bbox 2513 2253 2606 2306; x_wconf 77' lang='grc' dir='ltr'>καὶ</span> <span class='ocrx_word' id='word_1_340' title='bbox 2631 2250 2816 2320; x_wconf 81' lang='grc' dir='ltr'>σαφῶς</span> <span class='ocrx_word' id='word_1_341' title='bbox 2843 2249 3161 2321; x_wconf 85' lang='grc' dir='ltr'>διηγήσατο.</span> <span class='ocrx_word' id='word_1_342' title='bbox 3195 2249 3403 2319; x_wconf 82' lang='grc' dir='ltr'>Χρόνου</span> <span class='ocrx_word' id='word_1_343' title='bbox 3433 2249 3487 2301; x_wconf 84' lang='grc' dir='ltr'>δὲ</span> <span class='ocrx_word' id='word_1_344' title='bbox 3515 2246 3637 2318; x_wconf 79' lang='grc' dir='ltr'>μετὰ</span> 
     </span>
    </p>
   </div>
   <div class='ocr_carea' id='block_1_52' title="bbox 2062 2339 3634 2416">
    <p class='ocr_par' dir='ltr' id='par_1_52' title="bbox 2062 2339 3634 2416">
     <span class='ocr_line' id='line_1_52' title="bbox 2062 2339 3634 2416; baseline -0.005 -17"><span class='ocrx_word' id='word_1_345' title='bbox 2062 2345 2236 2400; x_wconf 83' lang='grc' dir='ltr'>ταῦτα</span> <span class='ocrx_word' id='word_1_346' title='bbox 2288 2344 2485 2416; x_wconf 77' lang='grc' dir='ltr'>συχνοῦ</span> <span class='ocrx_word' id='word_1_347' title='bbox 2528 2343 2950 2410; x_wconf 82' lang='grc' dir='ltr'>διαγενομένου,</span> <span class='ocrx_word' id='word_1_348' title='bbox 3010 2342 3044 2413; x_wconf 82' lang='grc' dir='ltr'>ἡ</span> <span class='ocrx_word' id='word_1_349' title='bbox 3091 2340 3325 2411; x_wconf 62' lang='grc' dir='ltr'>ἀψευδὴς</span> <span class='ocrx_word' id='word_1_350' title='bbox 3376 2339 3634 2411; x_wconf 76' lang='grc' dir='ltr'>Εὐθυμίου</span> 
     </span>
    </p>
   </div>
   <div class='ocr_carea' id='block_1_53' title="bbox 2065 2429 3627 2508">
    <p class='ocr_par' dir='ltr' id='par_1_53' title="bbox 2065 2429 3627 2508">
     <span class='ocr_line' id='line_1_53' title="bbox 2065 2429 3627 2508; baseline -0.006 -17"><span class='ocrx_word' id='word_1_351' title='bbox 2065 2437 2375 2508; x_wconf 79' lang='grc' dir='ltr'>ὑπόσχεσις,</span> <span class='ocrx_word' id='word_1_352' title='bbox 2408 2435 2506 2489; x_wconf 70' lang='grc' dir='ltr'>καὶ</span> <span class='ocrx_word' id='word_1_353' title='bbox 2543 2434 2675 2498; x_wconf 77' lang='grc' dir='ltr'>τοὺς</span> <span class='ocrx_word' id='word_1_354' title='bbox 2698 2433 2892 2498; x_wconf 72' lang='grc' dir='ltr'>ἄλλους</span> <span class='ocrx_word' id='word_1_355' title='bbox 2935 2432 3028 2486; x_wconf 85' lang='grc' dir='ltr'><strong>δύο</strong></span> <span class='ocrx_word' id='word_1_356' title='bbox 3052 2431 3130 2504; x_wconf 81' lang='grc' dir='ltr'>τῷ</span> <span class='ocrx_word' id='word_1_357' title='bbox 3160 2431 3439 2502; x_wconf 81' lang='grc' dir='ltr'>Τερέϐωνι</span> <span class='ocrx_word' id='word_1_358' title='bbox 3483 2429 3627 2483; x_wconf 82' lang='grc' dir='ltr'>ἀδελ-</span> 
     </span>
    </p>
   </div>
   <div class='ocr_carea' id='block_1_54' title="bbox 2066 2525 2503 2596">
    <p class='ocr_par' dir='ltr' id='par_1_54' title="bbox 2066 2525 2503 2596">
     <span class='ocr_line' id='line_1_54' title="bbox 2066 2525 2503 2596; baseline 0 -18"><span class='ocrx_word' id='word_1_359' title='bbox 2066 2526 2197 2596; x_wconf 78' lang='grc' dir='ltr'>φοὺς</span> <span class='ocrx_word' id='word_1_360' title='bbox 2221 2525 2503 2595; x_wconf 81' lang='grc' dir='ltr'>παρεῖχεν.</span> 
     </span>
    </p>
   </div>
   <div class='ocr_carea' id='block_1_55' title="bbox 2135 2629 3638 2708">
    <p class='ocr_par' dir='ltr' id='par_1_55' title="bbox 2135 2629 3638 2708">
     <span class='ocr_line' id='line_1_55' title="bbox 2135 2629 3638 2708; baseline -0.001 -17"><span class='ocrx_word' id='word_1_361' title='bbox 2135 2637 2254 2691; x_wconf 72' lang='lat' dir='ltr'><strong>El&quot;.</strong></span> <span class='ocrx_word' id='word_1_362' title='bbox 2292 2635 2544 2704; x_wconf 81' lang='grc' dir='ltr'>Ἀδελφὸς</span> <span class='ocrx_word' id='word_1_363' title='bbox 2567 2629 2638 2704; x_wconf 80' lang='grc' dir='ltr'>ἦν</span> <span class='ocrx_word' id='word_1_364' title='bbox 2667 2635 2725 2688; x_wconf 86' lang='grc' dir='ltr'><strong>ἐν</strong></span> <span class='ocrx_word' id='word_1_365' title='bbox 2751 2637 2816 2708; x_wconf 83' lang='grc' dir='ltr'><strong>τῇ</strong></span> <span class='ocrx_word' id='word_1_366' title='bbox 2845 2634 3045 2706; x_wconf 73' lang='grc' dir='ltr'>λαύρα,</span> <span class='ocrx_word' id='word_1_367' title='bbox 3080 2634 3352 2706; x_wconf 84' lang='grc' dir='ltr'>Ῥωμαῖος</span> <span class='ocrx_word' id='word_1_368' title='bbox 3387 2636 3446 2690; x_wconf 77' lang='grc' dir='ltr'>τὸ</span> <span class='ocrx_word' id='word_1_369' title='bbox 3474 2637 3638 2706; x_wconf 81' lang='grc' dir='ltr'>γένος,</span> 
     </span>
    </p>
   </div>
   <div class='ocr_carea' id='block_1_56' title="bbox 2064 2727 3642 2800">
    <p class='ocr_par' dir='ltr' id='par_1_56' title="bbox 2064 2727 3642 2800">
     <span class='ocr_line' id='line_1_56' title="bbox 2064 2727 3642 2800; baseline -0.001 -18"><span class='ocrx_word' id='word_1_370' title='bbox 2064 2729 2380 2800; x_wconf 80' lang='grc' dir='ltr'>Λίμιλιανὸς</span> <span class='ocrx_word' id='word_1_371' title='bbox 2429 2728 2528 2799; x_wconf 80' lang='grc' dir='ltr'>τὴν</span> <span class='ocrx_word' id='word_1_372' title='bbox 2585 2727 2799 2798; x_wconf 78' lang='grc' dir='ltr'>κλῆσιν,</span> <span class='ocrx_word' id='word_1_373' title='bbox 2856 2727 2970 2798; x_wconf 85' lang='grc' dir='ltr'>βίον</span> <span class='ocrx_word' id='word_1_374' title='bbox 3024 2745 3082 2780; x_wconf 87' lang='grc' dir='ltr'><strong>τε</strong></span> <span class='ocrx_word' id='word_1_375' title='bbox 3129 2728 3375 2799; x_wconf 74' lang='grc' dir='ltr'>χρηστὸν</span> <span class='ocrx_word' id='word_1_376' title='bbox 3431 2727 3642 2800; x_wconf 85' lang='grc' dir='ltr'>μετιὼν,</span> 
     </span>
    </p>
   </div>
   <div class='ocr_carea' id='block_1_57' title="bbox 2065 2820 3644 2893">
    <p class='ocr_par' dir='ltr' id='par_1_57' title="bbox 2065 2820 3644 2893">
     <span class='ocr_line' id='line_1_57' title="bbox 2065 2820 3644 2893; baseline -0.003 -16"><span class='ocrx_word' id='word_1_377' title='bbox 2065 2822 2160 2877; x_wconf 75' lang='grc' dir='ltr'>καὶ</span> <span class='ocrx_word' id='word_1_378' title='bbox 2196 2820 2554 2893; x_wconf 81' lang='grc' dir='ltr'>σωφροσύνην</span> <span class='ocrx_word' id='word_1_379' title='bbox 2605 2821 2680 2884; x_wconf 84' lang='grc' dir='ltr'><strong>ὡς</strong></span> <span class='ocrx_word' id='word_1_380' title='bbox 2739 2820 2972 2892; x_wconf 77' lang='grc' dir='ltr'>μάλιστα</span> <span class='ocrx_word' id='word_1_381' title='bbox 3011 2820 3110 2893; x_wconf 84' lang='grc' dir='ltr'>τὴν</span> <span class='ocrx_word' id='word_1_382' title='bbox 3161 2821 3336 2892; x_wconf 77' lang='grc' dir='ltr'>καλὴν</span> <span class='ocrx_word' id='word_1_383' title='bbox 3389 2820 3451 2888; x_wconf 82' lang='grc' dir='ltr'>ἐξ</span> <span class='ocrx_word' id='word_1_384' title='bbox 3488 2822 3644 2892; x_wconf 58' lang='grc' dir='ltr'>αὐτῆς</span> 
     </span>
    </p>
   </div>
   <div class='ocr_carea' id='block_1_58' title="bbox 2065 2912 3642 2986">
    <p class='ocr_par' dir='ltr' id='par_1_58' title="bbox 2065 2912 3642 2986">
     <span class='ocr_line' id='line_1_58' title="bbox 2065 2912 3642 2986; baseline -0.002 -17"><span class='ocrx_word' id='word_1_385' title='bbox 2065 2914 2317 2986; x_wconf 90' lang='grc' dir='ltr'>νεότητος</span> <span class='ocrx_word' id='word_1_386' title='bbox 2346 2913 2755 2984; x_wconf 85' lang='grc' dir='ltr'>ἀσπασάμενος.</span> <span class='ocrx_word' id='word_1_387' title='bbox 2781 2912 2971 2984; x_wconf 83' lang='grc' dir='ltr'>Τούτῳ</span> <span class='ocrx_word' id='word_1_388' title='bbox 3009 2912 3202 2978; x_wconf 89' lang='grc' dir='ltr'>νυκτός</span> <span class='ocrx_word' id='word_1_389' title='bbox 3232 2931 3361 2967; x_wconf 86' lang='grc' dir='ltr'>ποτε</span> <span class='ocrx_word' id='word_1_390' title='bbox 3411 2915 3642 2982; x_wconf 78' lang='grc' dir='ltr'>διαγενοο</span> 
     </span>
    </p>
   </div>
   <div class='ocr_carea' id='block_1_59' title="bbox 2071 3006 3646 3079">
    <p class='ocr_par' dir='ltr' id='par_1_59' title="bbox 2071 3006 3646 3079">
     <span class='ocr_line' id='line_1_59' title="bbox 2071 3006 3646 3079; baseline -0.002 -17"><span class='ocrx_word' id='word_1_391' title='bbox 2071 3008 2240 3079; x_wconf 85' lang='grc' dir='ltr'>μένης</span> <span class='ocrx_word' id='word_1_392' title='bbox 2290 3007 2596 3079; x_wconf 82' lang='grc' dir='ltr'>Κυριακῆς,</span> <span class='ocrx_word' id='word_1_393' title='bbox 2633 3007 2868 3078; x_wconf 80' lang='grc' dir='ltr'>χαλεπὸν</span> <span class='ocrx_word' id='word_1_394' title='bbox 2899 3007 2965 3060; x_wconf 86' lang='grc' dir='ltr'><strong>ἐκ</strong></span> <span class='ocrx_word' id='word_1_395' title='bbox 3007 3006 3107 3078; x_wconf 84' lang='grc' dir='ltr'>τῆς</span> <span class='ocrx_word' id='word_1_396' title='bbox 3148 3007 3347 3078; x_wconf 81' lang='grc' dir='ltr'>σαρκὸς</span> <span class='ocrx_word' id='word_1_397' title='bbox 3378 3010 3407 3062; x_wconf 92' lang='lat'><strong>6</strong></span> <span class='ocrx_word' id='word_1_398' title='bbox 3467 3006 3646 3079; x_wconf 71' lang='grc' dir='ltr'>ἐχθρὸς</span> 
     </span>
    </p>
   </div>
   <div class='ocr_carea' id='block_1_60' title="bbox 2065 3098 3644 3171">
    <p class='ocr_par' dir='ltr' id='par_1_60' title="bbox 2065 3098 3644 3171">
     <span class='ocr_line' id='line_1_60' title="bbox 2065 3098 3644 3171; baseline -0.002 -17"><span class='ocrx_word' id='word_1_399' title='bbox 2065 3100 2326 3171; x_wconf 81' lang='grc' dir='ltr'><strong>κεκίνηκε</strong></span> <span class='ocrx_word' id='word_1_400' title='bbox 2361 3098 2618 3170; x_wconf 89' lang='grc' dir='ltr'>πόλεμον.</span> <span class='ocrx_word' id='word_1_401' title='bbox 2651 3099 2793 3170; x_wconf 77' lang='grc' dir='ltr'>Πρὸς</span> <span class='ocrx_word' id='word_1_402' title='bbox 2821 3099 2880 3153; x_wconf 77' lang='grc' dir='ltr'>ὃν</span> <span class='ocrx_word' id='word_1_403' title='bbox 2924 3098 3172 3169; x_wconf 85' lang='grc' dir='ltr'>ἀντέχειν</span> <span class='ocrx_word' id='word_1_404' title='bbox 3221 3101 3301 3162; x_wconf 88' lang='grc' dir='ltr'><strong>είς</strong></span> <span class='ocrx_word' id='word_1_405' title='bbox 3354 3099 3510 3162; x_wconf 89' lang='grc' dir='ltr'>τέλος</span> <span class='ocrx_word' id='word_1_406' title='bbox 3548 3101 3644 3152; x_wconf 82' lang='grc' dir='ltr'><strong>ἁπ-</strong></span> 
     </span>
    </p>
   </div>
   <div class='ocr_carea' id='block_1_61' title="bbox 393 3173 1968 3278">
    <p class='ocr_par' dir='ltr' id='par_1_61' title="bbox 393 3173 1968 3244">
     <span class='ocr_line' id='line_1_61' title="bbox 393 3173 1968 3244; baseline 0.001 -16"><span class='ocrx_word' id='word_1_407' title='bbox 393 3190 513 3229; x_wconf 90' lang='lat' dir='ltr'><strong>rum</strong></span> <span class='ocrx_word' id='word_1_408' title='bbox 547 3174 868 3244; x_wconf 83' lang='lat' dir='ltr'><strong>desperans,</strong></span> <span class='ocrx_word' id='word_1_409' title='bbox 922 3173 1226 3244; x_wconf 84' lang='lat' dir='ltr'><strong>cessitjam</strong></span> <span class='ocrx_word' id='word_1_410' title='bbox 1279 3181 1335 3228; x_wconf 89' lang='lat' dir='ltr'><strong>et</strong></span> <span class='ocrx_word' id='word_1_411' title='bbox 1370 3173 1784 3244; x_wconf 78' lang='lat' dir='ltr'><strong>cogitationibus</strong></span> <span class='ocrx_word' id='word_1_412' title='bbox 1842 3190 1968 3230; x_wconf 84' lang='lat' dir='ltr'><strong>suc-</strong></span> 
     </span>
    </p>
   </div>
   <div class='ocr_carea' id='block_1_62' title="bbox 2080 3173 3644 3278">
    <p class='ocr_par' dir='ltr' id='par_1_62' title="bbox 2080 3188 3644 3264">
     <span class='ocr_line' id='line_1_62' title="bbox 2080 3188 3644 3264; baseline -0.003 -18"><span class='ocrx_word' id='word_1_413' title='bbox 2080 3190 2400 3264; x_wconf 80' lang='grc' dir='ltr'>αγορεύσας,</span> <span class='ocrx_word' id='word_1_414' title='bbox 2423 3189 2651 3244; x_wconf 74' lang='grc' dir='ltr'>ἐνεδίδου</span> <span class='ocrx_word' id='word_1_415' title='bbox 2693 3188 2795 3261; x_wconf 73' lang='grc' dir='ltr'>ἤδη</span> <span class='ocrx_word' id='word_1_416' title='bbox 2825 3189 2918 3243; x_wconf 80' lang='grc' dir='ltr'>καὶ</span> <span class='ocrx_word' id='word_1_417' title='bbox 2941 3192 3054 3254; x_wconf 82' lang='grc' dir='ltr'>τοῖς</span> <span class='ocrx_word' id='word_1_418' title='bbox 3078 3189 3357 3260; x_wconf 83' lang='grc' dir='ltr'>λογισμοῖς</span> <span class='ocrx_word' id='word_1_419' title='bbox 3408 3193 3644 3245; x_wconf 80' lang='grc' dir='ltr'>ὑποκατ-</span> 
     </span>
    </p>
   </div>
   <div class='ocr_carea' id='block_1_63' title="bbox 393 3265 1974 3336">
    <p class='ocr_par' dir='ltr' id='par_1_63' title="bbox 393 3265 1974 3336">
     <span class='ocr_line' id='line_1_63' title="bbox 393 3265 1974 3336; baseline 0.001 -16"><span class='ocrx_word' id='word_1_420' title='bbox 393 3266 603 3322; x_wconf 87' lang='lat' dir='ltr'><strong>cnbuit.</strong></span> <span class='ocrx_word' id='word_1_421' title='bbox 632 3266 768 3321; x_wconf 79' lang='lat' dir='ltr'><strong>Cum</strong></span> <span class='ocrx_word' id='word_1_422' title='bbox 795 3266 867 3320; x_wconf 87' lang='lat' dir='ltr'><strong>ita</strong></span> <span class='ocrx_word' id='word_1_423' title='bbox 896 3279 957 3320; x_wconf 80' lang='lat' dir='ltr'><strong>se</strong></span> <span class='ocrx_word' id='word_1_424' title='bbox 994 3265 1240 3330; x_wconf 83' lang='lat' dir='ltr'><strong>haberet,</strong></span> <span class='ocrx_word' id='word_1_425' title='bbox 1273 3272 1436 3334; x_wconf 86' lang='lat' dir='ltr'><strong>atque</strong></span> <span class='ocrx_word' id='word_1_426' title='bbox 1467 3267 1536 3320; x_wconf 90' lang='lat' dir='ltr'><strong>ab</strong></span> <span class='ocrx_word' id='word_1_427' title='bbox 1570 3281 1634 3320; x_wconf 88' lang='lat' dir='ltr'><strong>ea</strong></span> <span class='ocrx_word' id='word_1_428' title='bbox 1688 3268 1974 3336; x_wconf 85' lang='lat' dir='ltr'><strong>perturba-</strong></span> 
     </span>
    </p>
   </div>
   <div class='ocr_carea' id='block_1_64' title="bbox 395 3352 1981 3419">
    <p class='ocr_par' dir='ltr' id='par_1_64' title="bbox 395 3352 1981 3419">
     <span class='ocr_line' id='line_1_64' title="bbox 395 3352 1981 3419; baseline -0.003 -8"><span class='ocrx_word' id='word_1_429' title='bbox 395 3356 545 3411; x_wconf 91' lang='lat' dir='ltr'><strong>tione</strong></span> <span class='ocrx_word' id='word_1_430' title='bbox 599 3354 983 3419; x_wconf 87' lang='lat' dir='ltr'><strong>obsideretur,</strong></span> <span class='ocrx_word' id='word_1_431' title='bbox 1015 3367 1176 3408; x_wconf 86' lang='lat' dir='ltr'><strong>mane</strong></span> <span class='ocrx_word' id='word_1_432' title='bbox 1201 3352 1261 3406; x_wconf 83' lang='lat' dir='ltr'><strong>fit</strong></span> <span class='ocrx_word' id='word_1_433' title='bbox 1282 3352 1476 3407; x_wconf 88' lang='lat' dir='ltr'><strong>obvius</strong></span> <span class='ocrx_word' id='word_1_434' title='bbox 1505 3362 1713 3419; x_wconf 88' lang='lat' dir='ltr'><strong>sancto,</strong></span> <span class='ocrx_word' id='word_1_435' title='bbox 1744 3352 1981 3408; x_wconf 85' lang='lat' dir='ltr'><strong>venienti</strong></span> 
     </span>
    </p>
   </div>
   <div class='ocr_carea' id='block_1_65' title="bbox 397 3444 1972 3519">
    <p class='ocr_par' dir='ltr' id='par_1_65' title="bbox 397 3444 1972 3519">
     <span class='ocr_line' id='line_1_65' title="bbox 397 3444 1972 3519; baseline -0.001 -16"><span class='ocrx_word' id='word_1_436' title='bbox 397 3448 466 3503; x_wconf 88' lang='lat' dir='ltr'><strong>ad</strong></span> <span class='ocrx_word' id='word_1_437' title='bbox 490 3447 735 3519; x_wconf 84' lang='lat' dir='ltr'><strong>synaxim</strong></span> <span class='ocrx_word' id='word_1_438' title='bbox 770 3463 784 3501; x_wconf 90' lang='lat'>:</span> <span class='ocrx_word' id='word_1_439' title='bbox 821 3454 983 3518; x_wconf 89' lang='lat' dir='ltr'><strong>atque</strong></span> <span class='ocrx_word' id='word_1_440' title='bbox 1013 3460 1080 3501; x_wconf 80' lang='lat' dir='ltr'><strong>ex</strong></span> <span class='ocrx_word' id='word_1_441' title='bbox 1111 3459 1178 3500; x_wconf 89' lang='lat' dir='ltr'><strong>eo</strong></span> <span class='ocrx_word' id='word_1_442' title='bbox 1208 3454 1348 3502; x_wconf 89' lang='lat' dir='ltr'><strong>teter</strong></span> <span class='ocrx_word' id='word_1_443' title='bbox 1379 3445 1603 3515; x_wconf 88' lang='lat' dir='ltr'><strong>quidam</strong></span> <span class='ocrx_word' id='word_1_444' title='bbox 1624 3444 1760 3502; x_wconf 91' lang='lat' dir='ltr'><strong>odor</strong></span> <span class='ocrx_word' id='word_1_445' title='bbox 1788 3446 1972 3502; x_wconf 78' lang='lat' dir='ltr'><strong>exibat</strong></span> 
     </span>
    </p>
   </div>
   <div class='ocr_carea' id='block_1_66' title="bbox 394 3537 1970 3612">
    <p class='ocr_par' dir='ltr' id='par_1_66' title="bbox 394 3537 1970 3612">
     <span class='ocr_line' id='line_1_66' title="bbox 394 3537 1970 3612; baseline -0.001 -17"><span class='ocrx_word' id='word_1_446' title='bbox 394 3540 485 3611; x_wconf 89' lang='lat' dir='ltr'><strong>qui</strong></span> <span class='ocrx_word' id='word_1_447' title='bbox 512 3555 731 3612; x_wconf 76' lang='lat' dir='ltr'><strong>gravem</strong></span> <span class='ocrx_word' id='word_1_448' title='bbox 762 3539 910 3594; x_wconf 89' lang='lat' dir='ltr'><strong>illam</strong></span> <span class='ocrx_word' id='word_1_449' title='bbox 931 3537 1098 3593; x_wconf 89' lang='lat' dir='ltr'><strong>animi</strong></span> <span class='ocrx_word' id='word_1_450' title='bbox 1123 3538 1583 3608; x_wconf 85' lang='lat' dir='ltr'><strong>perturbationem</strong></span> <span class='ocrx_word' id='word_1_451' title='bbox 1628 3553 1825 3610; x_wconf 80' lang='lat' dir='ltr'><strong>magno</strong></span> <span class='ocrx_word' id='word_1_452' title='bbox 1873 3539 1970 3594; x_wconf 85' lang='lat' dir='ltr'><strong>de-</strong></span> 
     </span>
    </p>
   </div>
   <div class='ocr_carea' id='block_1_67' title="bbox 393 3634 1977 3706">
    <p class='ocr_par' dir='ltr' id='par_1_67' title="bbox 393 3634 1977 3706">
     <span class='ocr_line' id='line_1_67' title="bbox 393 3634 1977 3706; baseline -0.003 -14"><span class='ocrx_word' id='word_1_453' title='bbox 393 3637 656 3693; x_wconf 87' lang='lat' dir='ltr'><strong>clarabat.</strong></span> <span class='ocrx_word' id='word_1_454' title='bbox 680 3636 867 3706; x_wconf 89' lang='lat' dir='ltr'><strong>Itaque</strong></span> <span class='ocrx_word' id='word_1_455' title='bbox 899 3636 1160 3690; x_wconf 88' lang='lat' dir='ltr'><strong>odoratus</strong></span> <span class='ocrx_word' id='word_1_456' title='bbox 1215 3634 1435 3689; x_wconf 85' lang='lat' dir='ltr'><strong>divinus</strong></span> <span class='ocrx_word' id='word_1_457' title='bbox 1498 3634 1840 3706; x_wconf 84' lang='lat' dir='ltr'><strong>Euthymius,</strong></span> <span class='ocrx_word' id='word_1_458' title='bbox 1892 3634 1977 3689; x_wconf 78' lang='lat' dir='ltr'><strong>in-</strong></span> 
     </span>
    </p>
   </div>
   <div class='ocr_carea' id='block_1_68' title="bbox 396 3713 1972 3802">
    <p class='ocr_par' dir='ltr' id='par_1_68' title="bbox 396 3713 1972 3802">
     <span class='ocr_line' id='line_1_68' title="bbox 396 3713 1972 3802; baseline -0.001 -18"><span class='ocrx_word' id='word_1_459' title='bbox 396 3713 928 3802; x_wconf 74' lang='lat' dir='ltr'><strong>sidiisque&#39;cognitis,</strong></span> <span class='ocrx_word' id='word_1_460' title='bbox 960 3727 1207 3798; x_wconf 90' lang='lat' dir='ltr'><strong>increpat</strong></span> <span class='ocrx_word' id='word_1_461' title='bbox 1239 3728 1438 3782; x_wconf 88' lang='lat' dir='ltr'><strong>malum</strong></span> <span class='ocrx_word' id='word_1_462' title='bbox 1467 3728 1776 3783; x_wconf 69' lang='lat' dir='ltr'><strong>daemonem</strong></span> <span class='ocrx_word' id='word_1_463' title='bbox 1806 3743 1972 3784; x_wconf 81' lang='lat' dir='ltr'><strong>vexa-</strong></span> 
     </span>
    </p>
   </div>
   <div class='ocr_carea' id='block_1_69' title="bbox 397 3815 1980 3888">
    <p class='ocr_par' dir='ltr' id='par_1_69' title="bbox 397 3815 1980 3888">
     <span class='ocr_line' id='line_1_69' title="bbox 397 3815 1980 3888; baseline -0.001 -13"><span class='ocrx_word' id='word_1_464' title='bbox 397 3829 595 3875; x_wconf 88' lang='lat' dir='ltr'><strong>torem.</strong></span> <span class='ocrx_word' id='word_1_465' title='bbox 623 3817 689 3872; x_wconf 86' lang='lat' dir='ltr'><strong>Et</strong></span> <span class='ocrx_word' id='word_1_466' title='bbox 715 3817 901 3874; x_wconf 88' lang='lat' dir='ltr'><strong>statim</strong></span> <span class='ocrx_word' id='word_1_467' title='bbox 933 3815 1103 3872; x_wconf 79' lang='lat' dir='ltr'><strong>frater</strong></span> <span class='ocrx_word' id='word_1_468' title='bbox 1155 3817 1374 3888; x_wconf 90' lang='lat' dir='ltr'><strong>quidem</strong></span> <span class='ocrx_word' id='word_1_469' title='bbox 1415 3817 1567 3872; x_wconf 88' lang='lat' dir='ltr'><strong>humi</strong></span> <span class='ocrx_word' id='word_1_470' title='bbox 1612 3817 1828 3888; x_wconf 81' lang='lat' dir='ltr'><strong>iacebat</strong></span> <span class='ocrx_word' id='word_1_471' title='bbox 1884 3833 1980 3874; x_wconf 90' lang='lat' dir='ltr'><strong>su-</strong></span> 
     </span>
    </p>
   </div>
   <div class='ocr_carea' id='block_1_70' title="bbox 401 3909 1979 3981">
    <p class='ocr_par' dir='ltr' id='par_1_70' title="bbox 401 3909 1979 3981">
     <span class='ocr_line' id='line_1_70' title="bbox 401 3909 1979 3981; baseline 0.001 -16"><span class='ocrx_word' id='word_1_472' title='bbox 401 3910 844 3981; x_wconf 86' lang='lat' dir='ltr'><strong>pinus,seipsum</strong></span> <span class='ocrx_word' id='word_1_473' title='bbox 869 3909 1182 3965; x_wconf 87' lang='lat' dir='ltr'><strong>convellens</strong></span> <span class='ocrx_word' id='word_1_474' title='bbox 1237 3918 1293 3964; x_wconf 90' lang='lat' dir='ltr'><strong>et</strong></span> <span class='ocrx_word' id='word_1_475' title='bbox 1348 3909 1580 3980; x_wconf 78' lang='lat' dir='ltr'><strong>agitans,</strong></span> <span class='ocrx_word' id='word_1_476' title='bbox 1623 3924 1979 3981; x_wconf 89' lang='lat' dir='ltr'><strong>spumamque</strong></span> 
     </span>
    </p>
   </div>
   <div class='ocr_carea' id='block_1_71' title="bbox 400 4015 826 4069">
    <p class='ocr_par' dir='ltr' id='par_1_71' title="bbox 400 4015 826 4069">
     <span class='ocr_line' id='line_1_71' title="bbox 400 4015 826 4069; baseline -0.005 -12"><span class='ocrx_word' id='word_1_477' title='bbox 400 4016 496 4057; x_wconf 91' lang='lat' dir='ltr'><strong>ore</strong></span> <span class='ocrx_word' id='word_1_478' title='bbox 529 4015 826 4069; x_wconf 81' lang='lat' dir='ltr'><strong>exspuens.</strong></span> 
     </span>
    </p>
   </div>
   <div class='ocr_carea' id='block_1_72' title="bbox 470 4129 1982 4203">
    <p class='ocr_par' dir='ltr' id='par_1_72' title="bbox 470 4129 1982 4203">
     <span class='ocr_line' id='line_1_72' title="bbox 470 4129 1982 4203; baseline 0.002 -16"><span class='ocrx_word' id='word_1_479' title='bbox 470 4129 658 4187; x_wconf 79' lang='lat' dir='ltr'><strong>LXIV.</strong></span> <span class='ocrx_word' id='word_1_480' title='bbox 689 4132 770 4187; x_wconf 80' lang='lat' dir='ltr'><strong>Ad</strong></span> <span class='ocrx_word' id='word_1_481' title='bbox 787 4147 914 4187; x_wconf 91' lang='lat' dir='ltr'><strong>eum</strong></span> <span class='ocrx_word' id='word_1_482' title='bbox 944 4141 1131 4188; x_wconf 91' lang='lat' dir='ltr'><strong>autem</strong></span> <span class='ocrx_word' id='word_1_483' title='bbox 1159 4132 1316 4188; x_wconf 92' lang='lat' dir='ltr'><strong>multi</strong></span> <span class='ocrx_word' id='word_1_484' title='bbox 1346 4148 1568 4203; x_wconf 89' lang='lat' dir='ltr'><strong>quoque</strong></span> <span class='ocrx_word' id='word_1_485' title='bbox 1592 4146 1982 4190; x_wconf 84' lang='lat' dir='ltr'><strong>convenerunt</strong></span> 
     </span>
    </p>
   </div>
   <div class='ocr_carea' id='block_1_73' title="bbox 402 4223 1983 4296">
    <p class='ocr_par' dir='ltr' id='par_1_73' title="bbox 402 4223 1983 4296">
     <span class='ocr_line' id='line_1_73' title="bbox 402 4223 1983 4296; baseline 0.001 -16"><span class='ocrx_word' id='word_1_486' title='bbox 402 4223 676 4280; x_wconf 90' lang='lat' dir='ltr'><strong>monachi.</strong></span> <span class='ocrx_word' id='word_1_487' title='bbox 700 4223 875 4279; x_wconf 87' lang='lat' dir='ltr'><strong>Jussit</strong></span> <span class='ocrx_word' id='word_1_488' title='bbox 904 4223 1086 4293; x_wconf 89' lang='lat' dir='ltr'><strong>itaque</strong></span> <span class='ocrx_word' id='word_1_489' title='bbox 1104 4240 1330 4296; x_wconf 78' lang='lat' dir='ltr'><strong>magnus</strong></span> <span class='ocrx_word' id='word_1_490' title='bbox 1349 4224 1673 4296; x_wconf 81' lang='lat' dir='ltr'><strong>Euthymius</strong></span> <span class='ocrx_word' id='word_1_491' title='bbox 1695 4226 1874 4281; x_wconf 70' lang='lat' dir='ltr'><strong>afferri</strong></span> <span class='ocrx_word' id='word_1_492' title='bbox 1898 4228 1983 4282; x_wconf 89' lang='lat' dir='ltr'><strong>Iu-</strong></span> 
     </span>
    </p>
   </div>
   <div class='ocr_carea' id='block_1_74' title="bbox 402 4313 1984 4385">
    <p class='ocr_par' dir='ltr' id='par_1_74' title="bbox 402 4313 1984 4385">
     <span class='ocr_line' id='line_1_74' title="bbox 402 4313 1984 4385; baseline 0.005 -18"><span class='ocrx_word' id='word_1_493' title='bbox 402 4328 548 4380; x_wconf 92' lang='lat' dir='ltr'><strong>men,</strong></span> <span class='ocrx_word' id='word_1_494' title='bbox 567 4329 634 4368; x_wconf 89' lang='lat' dir='ltr'><strong>eo</strong></span> <span class='ocrx_word' id='word_1_495' title='bbox 655 4313 801 4383; x_wconf 90' lang='lat' dir='ltr'><strong>quod</strong></span> <span class='ocrx_word' id='word_1_496' title='bbox 835 4313 990 4368; x_wconf 87' lang='lat' dir='ltr'><strong>locus</strong></span> <span class='ocrx_word' id='word_1_497' title='bbox 1012 4323 1161 4368; x_wconf 88' lang='lat' dir='ltr'><strong>esset</strong></span> <span class='ocrx_word' id='word_1_498' title='bbox 1187 4314 1454 4369; x_wconf 81' lang='lat' dir='ltr'><strong>obscurus</strong></span> <span class='ocrx_word' id='word_1_499' title='bbox 1476 4324 1638 4385; x_wconf 88' lang='lat' dir='ltr'><strong>atque</strong></span> <span class='ocrx_word' id='word_1_500' title='bbox 1662 4317 1984 4375; x_wconf 91' lang='lat' dir='ltr'><strong>tenebrosus</strong></span> 
     </span>
    </p>
   </div>
   <div class='ocr_carea' id='block_1_75' title="bbox 401 4401 1983 4478">
    <p class='ocr_par' dir='ltr' id='par_1_75' title="bbox 401 4401 1983 4478">
     <span class='ocr_line' id='line_1_75' title="bbox 401 4401 1983 4478; baseline 0.003 -19"><span class='ocrx_word' id='word_1_501' title='bbox 401 4414 458 4459; x_wconf 90' lang='lat' dir='ltr'><strong>et</strong></span> <span class='ocrx_word' id='word_1_502' title='bbox 490 4403 566 4458; x_wconf 91' lang='lat' dir='ltr'><strong>ait</strong></span> <span class='ocrx_word' id='word_1_503' title='bbox 593 4403 696 4458; x_wconf 90' lang='lat' dir='ltr'><strong>illis</strong></span> <span class='ocrx_word' id='word_1_504' title='bbox 723 4421 735 4457; x_wconf 91' lang='lat'><strong>:</strong></span> <span class='ocrx_word' id='word_1_505' title='bbox 766 4401 960 4459; x_wconf 79' lang='lat' dir='ltr'><strong>Videto</strong></span> <span class='ocrx_word' id='word_1_506' title='bbox 982 4402 1202 4459; x_wconf 87' lang='lat' dir='ltr'><strong>fratrem</strong></span> <span class='ocrx_word' id='word_1_507' title='bbox 1238 4405 1370 4473; x_wconf 90' lang='grc'>(81),</span> <span class='ocrx_word' id='word_1_508' title='bbox 1416 4420 1448 4460; x_wconf 96' lang='lat' dir='ltr'><strong>o</strong></span> <span class='ocrx_word' id='word_1_509' title='bbox 1476 4405 1682 4475; x_wconf 86' lang='lat' dir='ltr'><strong>Patres,</strong></span> <span class='ocrx_word' id='word_1_510' title='bbox 1709 4408 1983 4478; x_wconf 90' lang='lat' dir='ltr'><strong>quomodo</strong></span> 
     </span>
    </p>
   </div>
   <div class='ocr_carea' id='block_1_76' title="bbox 2082 3280 3648 3352">
    <p class='ocr_par' dir='ltr' id='par_1_76' title="bbox 2082 3280 3648 3352">
     <span class='ocr_line' id='line_1_76' title="bbox 2082 3280 3648 3352; baseline -0.002 -15"><span class='ocrx_word' id='word_1_511' title='bbox 2082 3284 2343 3338; x_wconf 90' lang='grc' dir='ltr'>εκλίνετο.</span> <span class='ocrx_word' id='word_1_512' title='bbox 2410 3280 2599 3345; x_wconf 78' lang='grc' dir='ltr'>Οὕτως</span> <span class='ocrx_word' id='word_1_513' title='bbox 2625 3280 2784 3352; x_wconf 78' lang='grc' dir='ltr'>ἔχων,</span> <span class='ocrx_word' id='word_1_514' title='bbox 2818 3283 2910 3334; x_wconf 75' lang='grc' dir='ltr'>καὶ</span> <span class='ocrx_word' id='word_1_515' title='bbox 2935 3281 3041 3334; x_wconf 81' lang='grc' dir='ltr'><strong>ὑπὸ</strong></span> <span class='ocrx_word' id='word_1_516' title='bbox 3069 3281 3164 3336; x_wconf 83' lang='grc' dir='ltr'>τοῦ</span> <span class='ocrx_word' id='word_1_517' title='bbox 3191 3281 3400 3346; x_wconf 78' lang='grc' dir='ltr'>πάθους</span> <span class='ocrx_word' id='word_1_518' title='bbox 3444 3281 3648 3350; x_wconf 79' lang='grc' dir='ltr'>πολιορ·</span> 
     </span>
    </p>
   </div>
   <div class='ocr_carea' id='block_1_77' title="bbox 2085 3372 3650 3446">
    <p class='ocr_par' dir='ltr' id='par_1_77' title="bbox 2085 3372 3650 3446">
     <span class='ocr_line' id='line_1_77' title="bbox 2085 3372 3650 3446; baseline -0.004 -16"><span class='ocrx_word' id='word_1_519' title='bbox 2085 3374 2372 3446; x_wconf 82' lang='grc' dir='ltr'>κούμενος,</span> <span class='ocrx_word' id='word_1_520' title='bbox 2427 3373 2749 3443; x_wconf 78' lang='grc' dir='ltr'>ἐντυγχάνει</span> <span class='ocrx_word' id='word_1_521' title='bbox 2805 3372 2936 3443; x_wconf 76' lang='grc' dir='ltr'>περὶ</span> <span class='ocrx_word' id='word_1_522' title='bbox 2983 3373 3074 3427; x_wconf 74' lang='grc' dir='ltr'><strong>τὸν</strong></span> <span class='ocrx_word' id='word_1_523' title='bbox 3133 3373 3326 3445; x_wconf 75' lang='grc' dir='ltr'>δρθρον</span> <span class='ocrx_word' id='word_1_524' title='bbox 3383 3374 3650 3445; x_wconf 71' lang='grc' dir='ltr'>ἐρχομένῳ</span> 
     </span>
    </p>
   </div>
   <div class='ocr_carea' id='block_1_78' title="bbox 2086 3463 3650 3540">
    <p class='ocr_par' dir='ltr' id='par_1_78' title="bbox 2086 3463 3650 3540">
     <span class='ocr_line' id='line_1_78' title="bbox 2086 3463 3650 3540; baseline -0.004 -18"><span class='ocrx_word' id='word_1_525' title='bbox 2086 3468 2224 3540; x_wconf 66' lang='grc' dir='ltr'>προς</span> <span class='ocrx_word' id='word_1_526' title='bbox 2255 3465 2353 3538; x_wconf 77' lang='grc' dir='ltr'>τὴν</span> <span class='ocrx_word' id='word_1_527' title='bbox 2388 3465 2608 3531; x_wconf 81' lang='grc' dir='ltr'>σύναξιν</span> <span class='ocrx_word' id='word_1_528' title='bbox 2635 3463 2714 3536; x_wconf 81' lang='grc' dir='ltr'>τῷ</span> <span class='ocrx_word' id='word_1_529' title='bbox 2745 3463 2888 3536; x_wconf 86' lang='grc' dir='ltr'>ἁγίῳ</span> <span class='ocrx_word' id='word_1_530' title='bbox 2921 3482 2935 3496; x_wconf 88' lang='grc'><strong>·</strong></span> <span class='ocrx_word' id='word_1_531' title='bbox 2968 3466 3061 3520; x_wconf 86' lang='grc' dir='ltr'><strong>καί</strong></span> <span class='ocrx_word' id='word_1_532' title='bbox 3093 3484 3178 3530; x_wconf 86' lang='grc' dir='ltr'><strong>τις</strong></span> <span class='ocrx_word' id='word_1_533' title='bbox 3205 3466 3264 3530; x_wconf 82' lang='grc' dir='ltr'>ἐξ</span> <span class='ocrx_word' id='word_1_534' title='bbox 3297 3467 3467 3520; x_wconf 83' lang='grc' dir='ltr'>αὑτοῦ</span> <span class='ocrx_word' id='word_1_535' title='bbox 3498 3481 3650 3534; x_wconf 84' lang='grc' dir='ltr'>προσ-</span> 
     </span>
    </p>
   </div>
   <div class='ocr_carea' id='block_1_79' title="bbox 2085 3556 3651 3630">
    <p class='ocr_par' dir='ltr' id='par_1_79' title="bbox 2085 3556 3651 3630">
     <span class='ocr_line' id='line_1_79' title="bbox 2085 3556 3651 3630; baseline -0.004 -17"><span class='ocrx_word' id='word_1_536' title='bbox 2085 3559 2277 3613; x_wconf 77' lang='grc' dir='ltr'>έϐαλλε</span> <span class='ocrx_word' id='word_1_537' title='bbox 2299 3558 2554 3624; x_wconf 84' lang='grc' dir='ltr'>δυσωδία,</span> <span class='ocrx_word' id='word_1_538' title='bbox 2587 3559 2646 3612; x_wconf 79' lang='grc' dir='ltr'>τὸ</span> <span class='ocrx_word' id='word_1_539' title='bbox 2671 3557 2904 3629; x_wconf 85' lang='grc' dir='ltr'>χαλεπὸν</span> <span class='ocrx_word' id='word_1_540' title='bbox 2935 3560 3111 3612; x_wconf 88' lang='grc' dir='ltr'>ἐκεῖνο</span> <span class='ocrx_word' id='word_1_541' title='bbox 3136 3558 3304 3621; x_wconf 86' lang='grc' dir='ltr'>πάθος</span> <span class='ocrx_word' id='word_1_542' title='bbox 3332 3558 3413 3630; x_wconf 85' lang='grc' dir='ltr'>τῷ</span> <span class='ocrx_word' id='word_1_543' title='bbox 3444 3556 3651 3629; x_wconf 79' lang='grc' dir='ltr'>μεγάλῳ</span> 
     </span>
    </p>
   </div>
   <div class='ocr_carea' id='block_1_80' title="bbox 2083 3646 3650 3721">
    <p class='ocr_par' dir='ltr' id='par_1_80' title="bbox 2083 3646 3650 3721">
     <span class='ocr_line' id='line_1_80' title="bbox 2083 3646 3650 3721; baseline -0.003 -17"><span class='ocrx_word' id='word_1_544' title='bbox 2083 3648 2337 3721; x_wconf 79' lang='grc' dir='ltr'>δηλοῦσα.</span> <span class='ocrx_word' id='word_1_545' title='bbox 2381 3649 2740 3721; x_wconf 77' lang='grc' dir='ltr'>Ὀσφρανθεὶς</span> <span class='ocrx_word' id='word_1_546' title='bbox 2781 3646 2876 3703; x_wconf 79' lang='grc' dir='ltr'>οὖν</span> <span class='ocrx_word' id='word_1_547' title='bbox 2901 3649 3072 3720; x_wconf 79' lang='grc' dir='ltr'>αὐτῆς</span> <span class='ocrx_word' id='word_1_548' title='bbox 3119 3650 3147 3703; x_wconf 98' lang='lat'><strong>6</strong></span> <span class='ocrx_word' id='word_1_549' title='bbox 3185 3649 3326 3714; x_wconf 90' lang='grc' dir='ltr'>θεῖος</span> <span class='ocrx_word' id='word_1_550' title='bbox 3368 3649 3650 3718; x_wconf 79' lang='grc' dir='ltr'>Εὐθύμιος,</span> 
     </span>
    </p>
   </div>
   <div class='ocr_carea' id='block_1_81' title="bbox 2086 3741 3654 3815">
    <p class='ocr_par' dir='ltr' id='par_1_81' title="bbox 2086 3741 3654 3815">
     <span class='ocr_line' id='line_1_81' title="bbox 2086 3741 3654 3815; baseline -0.004 -19"><span class='ocrx_word' id='word_1_551' title='bbox 2086 3744 2183 3797; x_wconf 80' lang='grc' dir='ltr'>καὶ</span> <span class='ocrx_word' id='word_1_552' title='bbox 2215 3743 2378 3812; x_wconf 77' lang='grc' dir='ltr'>γνοὺς</span> <span class='ocrx_word' id='word_1_553' title='bbox 2422 3741 2519 3812; x_wconf 82' lang='grc' dir='ltr'>τὴν</span> <span class='ocrx_word' id='word_1_554' title='bbox 2549 3741 2865 3813; x_wconf 75' lang='grc' dir='ltr'>ἐπιδουλὴν,</span> <span class='ocrx_word' id='word_1_555' title='bbox 2915 3744 3146 3815; x_wconf 79' lang='grc' dir='ltr'>ἐπιτιμᾷ</span> <span class='ocrx_word' id='word_1_556' title='bbox 3199 3743 3273 3812; x_wconf 79' lang='grc' dir='ltr'>τῷ</span> <span class='ocrx_word' id='word_1_557' title='bbox 3303 3741 3654 3814; x_wconf 77' lang='grc' dir='ltr'>διενοχλοῦντι</span> 
     </span>
    </p>
   </div>
   <div class='ocr_carea' id='block_1_82' title="bbox 2089 3830 3654 3904">
    <p class='ocr_par' dir='ltr' id='par_1_82' title="bbox 2089 3830 3654 3904">
     <span class='ocr_line' id='line_1_82' title="bbox 2089 3830 3654 3904; baseline -0.004 -18"><span class='ocrx_word' id='word_1_558' title='bbox 2089 3831 2310 3904; x_wconf 85' lang='grc' dir='ltr'>πονηρῷ</span> <span class='ocrx_word' id='word_1_559' title='bbox 2353 3832 2590 3903; x_wconf 89' lang='grc' dir='ltr'>δαίμονι.</span> <span class='ocrx_word' id='word_1_560' title='bbox 2622 3833 2734 3886; x_wconf 76' lang='grc' dir='ltr'><strong>Καὶ</strong></span> <span class='ocrx_word' id='word_1_561' title='bbox 2764 3831 3102 3903; x_wconf 86' lang='grc' dir='ltr'>παραχρῆμα</span> <span class='ocrx_word' id='word_1_562' title='bbox 3176 3830 3366 3895; x_wconf 78' lang='grc' dir='ltr'>ὕπτιος</span> <span class='ocrx_word' id='word_1_563' title='bbox 3425 3833 3524 3903; x_wconf 81' lang='grc' dir='ltr'>μὲν</span> <span class='ocrx_word' id='word_1_564' title='bbox 3572 3831 3654 3881; x_wconf 78' lang='grc' dir='ltr'>ἐπὶ</span> 
     </span>
    </p>
   </div>
   <div class='ocr_carea' id='block_1_83' title="bbox 2088 3922 3655 3995">
    <p class='ocr_par' dir='ltr' id='par_1_83' title="bbox 2088 3922 3655 3995">
     <span class='ocr_line' id='line_1_83' title="bbox 2088 3922 3655 3995; baseline -0.004 -17"><span class='ocrx_word' id='word_1_565' title='bbox 2088 3925 2185 3978; x_wconf 84' lang='grc' dir='ltr'>τοῦ</span> <span class='ocrx_word' id='word_1_566' title='bbox 2224 3924 2453 3992; x_wconf 77' lang='grc' dir='ltr'>ἐδάφους</span> <span class='ocrx_word' id='word_1_567' title='bbox 2503 3926 2532 3978; x_wconf 92' lang='lat'><strong>6</strong></span> <span class='ocrx_word' id='word_1_568' title='bbox 2570 3923 2792 3993; x_wconf 79' lang='grc' dir='ltr'>ἁδελφὸς</span> <span class='ocrx_word' id='word_1_569' title='bbox 2836 3924 3034 3990; x_wconf 78' lang='grc' dir='ltr'>ἔκειτο,</span> <span class='ocrx_word' id='word_1_570' title='bbox 3086 3924 3418 3995; x_wconf 82' lang='grc' dir='ltr'>σπαράττων</span> <span class='ocrx_word' id='word_1_571' title='bbox 3473 3922 3655 3977; x_wconf 71' lang='grc' dir='ltr'>ἑαυτὸν</span> 
     </span>
    </p>
   </div>
   <div class='ocr_carea' id='block_1_84' title="bbox 2089 4015 3498 4088">
    <p class='ocr_par' dir='ltr' id='par_1_84' title="bbox 2089 4015 3498 4088">
     <span class='ocr_line' id='line_1_84' title="bbox 2089 4015 3498 4088; baseline -0.004 -15"><span class='ocrx_word' id='word_1_572' title='bbox 2089 4020 2183 4073; x_wconf 70' lang='grc' dir='ltr'><strong>καὶ</strong></span> <span class='ocrx_word' id='word_1_573' title='bbox 2218 4018 2446 4084; x_wconf 90' lang='grc' dir='ltr'>κλονῶν,</span> <span class='ocrx_word' id='word_1_574' title='bbox 2473 4018 2569 4071; x_wconf 77' lang='grc' dir='ltr'>καὶ</span> <span class='ocrx_word' id='word_1_575' title='bbox 2597 4016 2771 4088; x_wconf 80' lang='grc' dir='ltr'>ἀφρὸν</span> <span class='ocrx_word' id='word_1_576' title='bbox 2803 4017 3054 4071; x_wconf 84' lang='grc' dir='ltr'>ἐκπτύων</span> <span class='ocrx_word' id='word_1_577' title='bbox 3087 4015 3180 4069; x_wconf 81' lang='grc' dir='ltr'>τοῦ</span> <span class='ocrx_word' id='word_1_578' title='bbox 3207 4015 3498 4086; x_wconf 85' lang='grc' dir='ltr'>στόματος.</span> 
     </span>
    </p>
   </div>
   <div class='ocr_carea' id='block_1_85' title="bbox 2160 4125 3657 4201">
    <p class='ocr_par' dir='ltr' id='par_1_85' title="bbox 2160 4125 3657 4201">
     <span class='ocr_line' id='line_1_85' title="bbox 2160 4125 3657 4201; baseline -0.005 -16"><span class='ocrx_word' id='word_1_579' title='bbox 2160 4131 2278 4185; x_wconf 81' lang='grc' dir='ltr'><strong>ΞΔ’.</strong></span> <span class='ocrx_word' id='word_1_580' title='bbox 2336 4129 2611 4201; x_wconf 80' lang='grc' dir='ltr'>Συνῄεσαν</span> <span class='ocrx_word' id='word_1_581' title='bbox 2662 4129 2721 4183; x_wconf 77' lang='grc' dir='ltr'>δὲ</span> <span class='ocrx_word' id='word_1_582' title='bbox 2771 4129 2868 4182; x_wconf 70' lang='grc' dir='ltr'>καὶ</span> <span class='ocrx_word' id='word_1_583' title='bbox 2901 4128 3086 4183; x_wconf 75' lang='grc' dir='ltr'>πολλοὶ</span> <span class='ocrx_word' id='word_1_584' title='bbox 3114 4130 3223 4182; x_wconf 86' lang='grc' dir='ltr'><strong>τῶν</strong></span> <span class='ocrx_word' id='word_1_585' title='bbox 3283 4129 3535 4200; x_wconf 88' lang='grc' dir='ltr'>μοναχῶν</span> <span class='ocrx_word' id='word_1_586' title='bbox 3578 4125 3657 4179; x_wconf 78' lang='grc' dir='ltr'><strong>ἐπ’</strong></span> 
     </span>
    </p>
   </div>
   <div class='ocr_carea' id='block_1_86' title="bbox 2090 4221 3656 4294">
    <p class='ocr_par' dir='ltr' id='par_1_86' title="bbox 2090 4221 3656 4294">
     <span class='ocr_line' id='line_1_86' title="bbox 2090 4221 3656 4294; baseline -0.006 -15"><span class='ocrx_word' id='word_1_587' title='bbox 2090 4225 2260 4294; x_wconf 81' lang='grc' dir='ltr'>αὐτῷ.</span> <span class='ocrx_word' id='word_1_588' title='bbox 2288 4222 2407 4287; x_wconf 82' lang='grc' dir='ltr'><strong>Φῶς</strong></span> <span class='ocrx_word' id='word_1_589' title='bbox 2434 4222 2612 4276; x_wconf 90' lang='grc' dir='ltr'>τοίνυν</span> <span class='ocrx_word' id='word_1_590' title='bbox 2640 4225 2668 4276; x_wconf 91' lang='lat'><strong>6</strong></span> <span class='ocrx_word' id='word_1_591' title='bbox 2701 4222 2875 4293; x_wconf 89' lang='grc' dir='ltr'>μέγας</span> <span class='ocrx_word' id='word_1_592' title='bbox 2904 4221 3175 4292; x_wconf 79' lang='grc' dir='ltr'>Εὑθύμιος</span> <span class='ocrx_word' id='word_1_593' title='bbox 3228 4221 3516 4292; x_wconf 77' lang='grc' dir='ltr'>ἐνεχθῆναι</span> <span class='ocrx_word' id='word_1_594' title='bbox 3572 4236 3656 4270; x_wconf 77' lang='grc' dir='ltr'>κε-</span> 
     </span>
    </p>
   </div>
   <div class='ocr_carea' id='block_1_87' title="bbox 2088 4311 3659 4386">
    <p class='ocr_par' dir='ltr' id='par_1_87' title="bbox 2088 4311 3659 4386">
     <span class='ocr_line' id='line_1_87' title="bbox 2088 4311 3659 4386; baseline -0.004 -16"><span class='ocrx_word' id='word_1_595' title='bbox 2088 4315 2309 4379; x_wconf 87' lang='grc' dir='ltr'>λεύσας,</span> <span class='ocrx_word' id='word_1_596' title='bbox 2369 4314 2459 4368; x_wconf 84' lang='grc' dir='ltr'>διὰ</span> <span class='ocrx_word' id='word_1_597' title='bbox 2517 4315 2576 4368; x_wconf 82' lang='grc' dir='ltr'>τὸ</span> <span class='ocrx_word' id='word_1_598' title='bbox 2637 4314 2733 4368; x_wconf 76' lang='grc' dir='ltr'>καὶ</span> <span class='ocrx_word' id='word_1_599' title='bbox 2781 4314 2872 4368; x_wconf 83' lang='grc' dir='ltr'>τὸν</span> <span class='ocrx_word' id='word_1_600' title='bbox 2916 4316 3079 4368; x_wconf 87' lang='grc' dir='ltr'>τόπον</span> <span class='ocrx_word' id='word_1_601' title='bbox 3111 4311 3250 4368; x_wconf 77' lang='grc' dir='ltr'>εἶναι</span> <span class='ocrx_word' id='word_1_602' title='bbox 3299 4315 3520 4386; x_wconf 79' lang='grc' dir='ltr'>ζοφώδη</span> <span class='ocrx_word' id='word_1_603' title='bbox 3575 4315 3659 4366; x_wconf 75' lang='grc' dir='ltr'>καὶ</span> 
     </span>
    </p>
   </div>
   <div class='ocr_carea' id='block_1_88' title="bbox 2090 4399 3657 4478">
    <p class='ocr_par' dir='ltr' id='par_1_88' title="bbox 2090 4399 3657 4478">
     <span class='ocr_line' id='line_1_88' title="bbox 2090 4399 3657 4478; baseline -0.004 -17"><span class='ocrx_word' id='word_1_604' title='bbox 2090 4407 2310 4476; x_wconf 80' lang='grc' dir='ltr'>ἀφεγγῆ</span> <span class='ocrx_word' id='word_1_605' title='bbox 2339 4421 2353 4435; x_wconf 90' lang='grc'><strong>·</strong></span> <span class='ocrx_word' id='word_1_606' title='bbox 2383 4405 2576 4477; x_wconf 84' lang='grc' dir='ltr'>Ὁρᾶτε</span> <span class='ocrx_word' id='word_1_607' title='bbox 2606 4405 2697 4459; x_wconf 73' lang='grc' dir='ltr'>τὸν</span> <span class='ocrx_word' id='word_1_608' title='bbox 2727 4405 2976 4476; x_wconf 80' lang='grc' dir='ltr'>ἀδελφὺν,</span> <span class='ocrx_word' id='word_1_609' title='bbox 3009 4399 3332 4478; x_wconf 82' lang='grc' dir='ltr'>ὦΠατέρες,</span> <span class='ocrx_word' id='word_1_610' title='bbox 3366 4409 3503 4477; x_wconf 70' lang='grc' dir='ltr'>φησὶ</span> <span class='ocrx_word' id='word_1_611' title='bbox 3535 4405 3657 4473; x_wconf 72' lang='grc' dir='ltr'>πρὸς</span> 
     </span>
    </p>
   </div>
   <div class='ocr_carea' id='block_1_89' title="bbox 403 4494 1968 4569">
    <p class='ocr_par' dir='ltr' id='par_1_89' title="bbox 403 4494 1968 4567">
     <span class='ocr_line' id='line_1_89' title="bbox 403 4494 1968 4567; baseline 0.003 -18"><span class='ocrx_word' id='word_1_612' title='bbox 403 4494 542 4565; x_wconf 87' lang='lat' dir='ltr'><strong>quia</strong></span> <span class='ocrx_word' id='word_1_613' title='bbox 561 4509 728 4566; x_wconf 89' lang='lat' dir='ltr'><strong>puero</strong></span> <span class='ocrx_word' id='word_1_614' title='bbox 752 4494 804 4548; x_wconf 92' lang='lat' dir='ltr'><strong>in</strong></span> <span class='ocrx_word' id='word_1_615' title='bbox 825 4495 1024 4550; x_wconf 90' lang='lat' dir='ltr'><strong>virtute</strong></span> <span class='ocrx_word' id='word_1_616' title='bbox 1040 4495 1195 4562; x_wconf 81' lang='lat' dir='ltr'><strong>vixit,</strong></span> <span class='ocrx_word' id='word_1_617' title='bbox 1216 4506 1270 4551; x_wconf 91' lang='lat' dir='ltr'><strong>et</strong></span> <span class='ocrx_word' id='word_1_618' title='bbox 1295 4497 1666 4567; x_wconf 64' lang='lat' dir='ltr'><strong>temperantia:</strong></span> <span class='ocrx_word' id='word_1_619' title='bbox 1679 4514 1860 4554; x_wconf 89' lang='lat' dir='ltr'><strong>curam</strong></span> <span class='ocrx_word' id='word_1_620' title='bbox 1888 4499 1968 4554; x_wconf 87' lang='lat' dir='ltr'><strong>ha-</strong></span> 
     </span>
    </p>
   </div>
   <div class='ocr_carea' id='block_1_90' title="bbox 2080 4494 3660 4569">
    <p class='ocr_par' dir='ltr' id='par_1_90' title="bbox 2091 4496 3660 4569">
     <span class='ocr_line' id='line_1_90' title="bbox 2091 4496 3660 4569; baseline -0.003 -16"><span class='ocrx_word' id='word_1_621' title='bbox 2091 4500 2311 4562; x_wconf 80' lang='grc' dir='ltr'>αὐτοὺς.</span> <span class='ocrx_word' id='word_1_622' title='bbox 2345 4498 2492 4563; x_wconf 82' lang='grc' dir='ltr'>ὅπως</span> <span class='ocrx_word' id='word_1_623' title='bbox 2520 4500 2576 4551; x_wconf 82' lang='grc' dir='ltr'>ὲν</span> <span class='ocrx_word' id='word_1_624' title='bbox 2599 4499 2767 4569; x_wconf 80' lang='grc' dir='ltr'>ἀρετῇ</span> <span class='ocrx_word' id='word_1_625' title='bbox 2800 4496 2908 4563; x_wconf 81' lang='grc' dir='ltr'>ζῶν</span> <span class='ocrx_word' id='word_1_626' title='bbox 2932 4499 2995 4550; x_wconf 83' lang='grc' dir='ltr'><strong>ἐκ</strong></span> <span class='ocrx_word' id='word_1_627' title='bbox 3020 4499 3228 4563; x_wconf 75' lang='grc' dir='ltr'>παιδὸς,</span> <span class='ocrx_word' id='word_1_628' title='bbox 3254 4501 3348 4553; x_wconf 80' lang='grc' dir='ltr'>καὶ</span> <span class='ocrx_word' id='word_1_629' title='bbox 3383 4508 3660 4568; x_wconf 70' lang='grc' dir='ltr'>σωφροςυ-</span> 
     </span>
    </p>
   </div>
   <div class='ocr_carea' id='block_1_91' title="bbox 405 4562 1968 4664">
    <p class='ocr_par' dir='ltr' id='par_1_91' title="bbox 405 4586 1968 4662">
     <span class='ocr_line' id='line_1_91' title="bbox 405 4586 1968 4662; baseline 0.003 -22"><span class='ocrx_word' id='word_1_630' title='bbox 405 4588 541 4653; x_wconf 84' lang='lat' dir='ltr'><strong>bmt,</strong></span> <span class='ocrx_word' id='word_1_631' title='bbox 581 4601 729 4641; x_wconf 90' lang='lat' dir='ltr'><strong>nunc</strong></span> <span class='ocrx_word' id='word_1_632' title='bbox 753 4586 897 4656; x_wconf 90' lang='lat' dir='ltr'><strong>quod</strong></span> <span class='ocrx_word' id='word_1_633' title='bbox 949 4601 1180 4657; x_wconf 87' lang='lat' dir='ltr'><strong>paucum</strong></span> <span class='ocrx_word' id='word_1_634' title='bbox 1219 4588 1450 4642; x_wconf 90' lang='lat' dir='ltr'><strong>cesserit</strong></span> <span class='ocrx_word' id='word_1_635' title='bbox 1493 4591 1806 4646; x_wconf 81' lang='lat' dir='ltr'><strong>carnalibus</strong></span> <span class='ocrx_word' id='word_1_636' title='bbox 1835 4592 1968 4662; x_wconf 46' lang='lat' dir='ltr'><strong>cogi.</strong></span> 
     </span>
    </p>
   </div>
   <div class='ocr_carea' id='block_1_92' title="bbox 2080 4562 3658 4664">
    <p class='ocr_par' dir='ltr' id='par_1_92' title="bbox 2094 4589 3658 4664">
     <span class='ocr_line' id='line_1_92' title="bbox 2094 4589 3658 4664; baseline -0.002 -20"><span class='ocrx_word' id='word_1_637' title='bbox 2094 4610 2191 4664; x_wconf 87' lang='grc' dir='ltr'><strong>νης</strong></span> <span class='ocrx_word' id='word_1_638' title='bbox 2223 4589 2675 4661; x_wconf 81' lang='grc' dir='ltr'>ἐπιμελούμενος,</span> <span class='ocrx_word' id='word_1_639' title='bbox 2706 4590 2803 4644; x_wconf 80' lang='grc' dir='ltr'><strong>νῦν</strong></span> <span class='ocrx_word' id='word_1_640' title='bbox 2831 4591 2920 4644; x_wconf 78' lang='grc' dir='ltr'><strong>διὰ</strong></span> <span class='ocrx_word' id='word_1_641' title='bbox 2954 4591 3013 4644; x_wconf 81' lang='grc' dir='ltr'>τὸ</span> <span class='ocrx_word' id='word_1_642' title='bbox 3066 4591 3260 4662; x_wconf 79' lang='grc' dir='ltr'>μικρὸν</span> <span class='ocrx_word' id='word_1_643' title='bbox 3285 4592 3530 4644; x_wconf 76' lang='grc' dir='ltr'>ἐνδοῦναι</span> <span class='ocrx_word' id='word_1_644' title='bbox 3560 4594 3658 4648; x_wconf 82' lang='grc' dir='ltr'>τοῖς</span> 
     </span>
    </p>
   </div>
   <div class='ocr_carea' id='block_1_93' title="bbox 401 4684 1986 4757">
    <p class='ocr_par' dir='ltr' id='par_1_93' title="bbox 401 4684 1986 4757">
     <span class='ocr_line' id='line_1_93' title="bbox 401 4684 1986 4757; baseline 0.001 -18"><span class='ocrx_word' id='word_1_645' title='bbox 401 4685 696 4740; x_wconf 88' lang='lat' dir='ltr'><strong>tationibus</strong></span> <span class='ocrx_word' id='word_1_646' title='bbox 715 4684 860 4754; x_wconf 85' lang='lat' dir='ltr'><strong>jacet</strong></span> <span class='ocrx_word' id='word_1_647' title='bbox 879 4685 1132 4738; x_wconf 89' lang='lat' dir='ltr'><strong>omnibus</strong></span> <span class='ocrx_word' id='word_1_648' title='bbox 1151 4685 1309 4739; x_wconf 91' lang='lat' dir='ltr'><strong>nobis</strong></span> <span class='ocrx_word' id='word_1_649' title='bbox 1340 4685 1586 4756; x_wconf 86' lang='lat' dir='ltr'><strong>lacrymis</strong></span> <span class='ocrx_word' id='word_1_650' title='bbox 1605 4685 1826 4757; x_wconf 82' lang='lat' dir='ltr'><strong>dignum</strong></span> <span class='ocrx_word' id='word_1_651' title='bbox 1861 4701 1986 4756; x_wconf 88' lang='lat' dir='ltr'><strong>spe-</strong></span> 
     </span>
    </p>
   </div>
   <div class='ocr_carea' id='block_1_94' title="bbox 400 4775 1983 4846">
    <p class='ocr_par' dir='ltr' id='par_1_94' title="bbox 400 4775 1983 4846">
     <span class='ocr_line' id='line_1_94' title="bbox 400 4775 1983 4846; baseline 0.001 -16"><span class='ocrx_word' id='word_1_652' title='bbox 400 4777 692 4832; x_wconf 88' lang='lat' dir='ltr'><strong>ctaculum.</strong></span> <span class='ocrx_word' id='word_1_653' title='bbox 725 4775 902 4840; x_wconf 86' lang='lat' dir='ltr'><strong>Quare</strong></span> <span class='ocrx_word' id='word_1_654' title='bbox 931 4777 1080 4830; x_wconf 89' lang='lat' dir='ltr'><strong>omni</strong></span> <span class='ocrx_word' id='word_1_655' title='bbox 1107 4775 1349 4830; x_wconf 86' lang='lat' dir='ltr'><strong>custodia</strong></span> <span class='ocrx_word' id='word_1_656' title='bbox 1379 4775 1668 4846; x_wconf 90' lang='lat' dir='ltr'><strong>unicuique</strong></span> <span class='ocrx_word' id='word_1_657' title='bbox 1694 4777 1983 4833; x_wconf 65' lang='lat' dir='ltr'><strong>servanda.</strong></span> 
     </span>
    </p>
   </div>
   <div class='ocr_carea' id='block_1_95' title="bbox 404 4866 1975 4938">
    <p class='ocr_par' dir='ltr' id='par_1_95' title="bbox 404 4866 1975 4938">
     <span class='ocr_line' id='line_1_95' title="bbox 404 4866 1975 4938; baseline 0.001 -17"><span class='ocrx_word' id='word_1_658' title='bbox 404 4876 489 4921; x_wconf 87' lang='lat' dir='ltr'><strong>est</strong></span> <span class='ocrx_word' id='word_1_659' title='bbox 527 4881 681 4921; x_wconf 89' lang='lat' dir='ltr'><strong>mens</strong></span> <span class='ocrx_word' id='word_1_660' title='bbox 727 4881 847 4932; x_wconf 87' lang='lat' dir='ltr'><strong>sua,</strong></span> <span class='ocrx_word' id='word_1_661' title='bbox 887 4880 958 4919; x_wconf 89' lang='lat' dir='ltr'><strong>ne</strong></span> <span class='ocrx_word' id='word_1_662' title='bbox 995 4881 1094 4920; x_wconf 86' lang='lat' dir='ltr'><strong>nos</strong></span> <span class='ocrx_word' id='word_1_663' title='bbox 1127 4867 1211 4921; x_wconf 90' lang='lat' dir='ltr'><strong>vel</strong></span> <span class='ocrx_word' id='word_1_664' title='bbox 1243 4883 1340 4936; x_wconf 90' lang='lat' dir='ltr'><strong>per</strong></span> <span class='ocrx_word' id='word_1_665' title='bbox 1367 4866 1710 4937; x_wconf 86' lang='lat' dir='ltr'><strong>phantasiam</strong></span> <span class='ocrx_word' id='word_1_666' title='bbox 1742 4868 1975 4938; x_wconf 86' lang='lat' dir='ltr'><strong>aliquam</strong></span> 
     </span>
    </p>
   </div>
   <div class='ocr_carea' id='block_1_96' title="bbox 403 4955 1974 5029">
    <p class='ocr_par' dir='ltr' id='par_1_96' title="bbox 403 4955 1974 5029">
     <span class='ocr_line' id='line_1_96' title="bbox 403 4955 1974 5029; baseline 0.001 -17"><span class='ocrx_word' id='word_1_667' title='bbox 403 4961 636 5013; x_wconf 82' lang='lat' dir='ltr'><strong>latenter</strong></span> <span class='ocrx_word' id='word_1_668' title='bbox 661 4957 811 5011; x_wconf 90' lang='lat' dir='ltr'><strong>fallat</strong></span> <span class='ocrx_word' id='word_1_669' title='bbox 835 4955 1109 5023; x_wconf 89' lang='lat' dir='ltr'><strong>inimicus,</strong></span> <span class='ocrx_word' id='word_1_670' title='bbox 1137 4967 1192 5013; x_wconf 91' lang='lat' dir='ltr'><strong>et</strong></span> <span class='ocrx_word' id='word_1_671' title='bbox 1218 4958 1268 5011; x_wconf 93' lang='lat' dir='ltr'><strong>in</strong></span> <span class='ocrx_word' id='word_1_672' title='bbox 1303 4957 1629 5029; x_wconf 89' lang='lat' dir='ltr'><strong>perditionis</strong></span> <span class='ocrx_word' id='word_1_673' title='bbox 1657 4959 1974 5014; x_wconf 89' lang='lat' dir='ltr'><strong>barathrum</strong></span> 
     </span>
    </p>
   </div>
   <div class='ocr_carea' id='block_1_97' title="bbox 404 5047 1978 5121">
    <p class='ocr_par' dir='ltr' id='par_1_97' title="bbox 404 5047 1978 5121">
     <span class='ocr_line' id='line_1_97' title="bbox 404 5047 1978 5121; baseline 0 -17"><span class='ocrx_word' id='word_1_674' title='bbox 404 5049 728 5120; x_wconf 65' lang='lat' dir='ltr'><strong>praecipitet.</strong></span> <span class='ocrx_word' id='word_1_675' title='bbox 764 5047 901 5102; x_wconf 86' lang='lat' dir='ltr'><strong>Nam</strong></span> <span class='ocrx_word' id='word_1_676' title='bbox 947 5047 993 5104; x_wconf 91' lang='lat' dir='ltr'><strong>si</strong></span> <span class='ocrx_word' id='word_1_677' title='bbox 1030 5049 1261 5105; x_wconf 88' lang='lat' dir='ltr'><strong>absurda</strong></span> <span class='ocrx_word' id='word_1_678' title='bbox 1302 5049 1568 5119; x_wconf 73' lang='lat' dir='ltr'><strong>quaepiam</strong></span> <span class='ocrx_word' id='word_1_679' title='bbox 1605 5050 1859 5121; x_wconf 82' lang='lat' dir='ltr'><strong>cogitatio</strong></span> <span class='ocrx_word' id='word_1_680' title='bbox 1894 5051 1978 5104; x_wconf 90' lang='lat' dir='ltr'><strong>in—</strong></span> 
     </span>
    </p>
   </div>
   <div class='ocr_carea' id='block_1_98' title="bbox 405 5139 1978 5210">
    <p class='ocr_par' dir='ltr' id='par_1_98' title="bbox 405 5139 1978 5210">
     <span class='ocr_line' id='line_1_98' title="bbox 405 5139 1978 5210; baseline 0.001 -16"><span class='ocrx_word' id='word_1_681' title='bbox 405 5140 605 5197; x_wconf 89' lang='lat' dir='ltr'><strong>vaserit</strong></span> <span class='ocrx_word' id='word_1_682' title='bbox 640 5153 764 5204; x_wconf 90' lang='lat' dir='ltr'><strong>nos,</strong></span> <span class='ocrx_word' id='word_1_683' title='bbox 811 5139 877 5193; x_wconf 88' lang='lat' dir='ltr'><strong>ad</strong></span> <span class='ocrx_word' id='word_1_684' title='bbox 924 5147 1136 5210; x_wconf 86' lang='lat' dir='ltr'><strong>turpem</strong></span> <span class='ocrx_word' id='word_1_685' title='bbox 1173 5139 1519 5210; x_wconf 89' lang='lat' dir='ltr'><strong>cupiditatem</strong></span> <span class='ocrx_word' id='word_1_686' title='bbox 1560 5139 1844 5209; x_wconf 84' lang='lat' dir='ltr'><strong>instigans,</strong></span> <span class='ocrx_word' id='word_1_687' title='bbox 1877 5156 1978 5196; x_wconf 91' lang='lat' dir='ltr'><strong>nos</strong></span> 
     </span>
    </p>
   </div>
   <div class='ocr_carea' id='block_1_99' title="bbox 406 5229 1979 5286">
    <p class='ocr_par' dir='ltr' id='par_1_99' title="bbox 406 5229 1979 5286">
     <span class='ocr_line' id='line_1_99' title="bbox 406 5229 1979 5286; baseline 0.001 -4"><span class='ocrx_word' id='word_1_688' title='bbox 406 5246 536 5286; x_wconf 88' lang='lat' dir='ltr'><strong>vero</strong></span> <span class='ocrx_word' id='word_1_689' title='bbox 576 5230 761 5285; x_wconf 90' lang='lat' dir='ltr'><strong>statim</strong></span> <span class='ocrx_word' id='word_1_690' title='bbox 795 5229 862 5284; x_wconf 90' lang='lat' dir='ltr'><strong>ab</strong></span> <span class='ocrx_word' id='word_1_691' title='bbox 891 5230 1048 5285; x_wconf 90' lang='lat' dir='ltr'><strong>initio</strong></span> <span class='ocrx_word' id='word_1_692' title='bbox 1080 5245 1200 5286; x_wconf 87' lang='lat' dir='ltr'><strong>eam</strong></span> <span class='ocrx_word' id='word_1_693' title='bbox 1229 5229 1506 5285; x_wconf 88' lang='lat' dir='ltr'><strong>debellare</strong></span> <span class='ocrx_word' id='word_1_694' title='bbox 1544 5243 1652 5282; x_wconf 91' lang='lat' dir='ltr'><strong>non</strong></span> <span class='ocrx_word' id='word_1_695' title='bbox 1684 5229 1979 5284; x_wconf 89' lang='lat' dir='ltr'><strong>contenda-</strong></span> 
     </span>
    </p>
   </div>
   <div class='ocr_carea' id='block_1_100' title="bbox 405 5320 1972 5394">
    <p class='ocr_par' dir='ltr' id='par_1_100' title="bbox 405 5320 1972 5394">
     <span class='ocr_line' id='line_1_100' title="bbox 405 5320 1972 5394; baseline -0.002 -16"><span class='ocrx_word' id='word_1_696' title='bbox 405 5338 545 5390; x_wconf 83' lang='lat' dir='ltr'><strong>mus,</strong></span> <span class='ocrx_word' id='word_1_697' title='bbox 569 5323 664 5379; x_wconf 91' lang='lat' dir='ltr'><strong>sed</strong></span> <span class='ocrx_word' id='word_1_698' title='bbox 709 5323 858 5379; x_wconf 87' lang='lat' dir='ltr'><strong>velut</strong></span> <span class='ocrx_word' id='word_1_699' title='bbox 905 5321 1118 5394; x_wconf 84' lang='lat' dir='ltr'><strong>placide</strong></span> <span class='ocrx_word' id='word_1_700' title='bbox 1172 5321 1228 5376; x_wconf 90' lang='lat' dir='ltr'><strong>in</strong></span> <span class='ocrx_word' id='word_1_701' title='bbox 1293 5321 1537 5376; x_wconf 89' lang='lat' dir='ltr'><strong>animum</strong></span> <span class='ocrx_word' id='word_1_702' title='bbox 1598 5320 1972 5388; x_wconf 87' lang='lat' dir='ltr'><strong>admittamus,</strong></span> 
     </span>
    </p>
   </div>
   <div class='ocr_carea' id='block_1_101' title="bbox 2093 4683 3661 4756">
    <p class='ocr_par' dir='ltr' id='par_1_101' title="bbox 2093 4683 3661 4756">
     <span class='ocr_line' id='line_1_101' title="bbox 2093 4683 3661 4756; baseline -0.003 -18"><span class='ocrx_word' id='word_1_703' title='bbox 2093 4687 2190 4756; x_wconf 84' lang='grc' dir='ltr'>τῆς</span> <span class='ocrx_word' id='word_1_704' title='bbox 2246 4683 2448 4755; x_wconf 78' lang='grc' dir='ltr'>σαρκὸς</span> <span class='ocrx_word' id='word_1_705' title='bbox 2479 4684 2757 4753; x_wconf 83' lang='grc' dir='ltr'>λογισμοῖς</span> <span class='ocrx_word' id='word_1_706' title='bbox 2782 4693 2823 4750; x_wconf 88' lang='grc' dir='ltr'>ο,</span> <span class='ocrx_word' id='word_1_707' title='bbox 2876 4686 3053 4737; x_wconf 86' lang='grc' dir='ltr'>κεῖται</span> <span class='ocrx_word' id='word_1_708' title='bbox 3108 4686 3271 4738; x_wconf 80' lang='grc' dir='ltr'>πᾶσιν</span> <span class='ocrx_word' id='word_1_709' title='bbox 3319 4687 3456 4754; x_wconf 74' lang='grc' dir='ltr'>ἡμῖν</span> <span class='ocrx_word' id='word_1_710' title='bbox 3492 4686 3661 4752; x_wconf 75' lang='grc' dir='ltr'>θέαμα</span> 
     </span>
    </p>
   </div>
   <div class='ocr_carea' id='block_1_102' title="bbox 2093 4774 3662 4848">
    <p class='ocr_par' dir='ltr' id='par_1_102' title="bbox 2093 4774 3662 4848">
     <span class='ocr_line' id='line_1_102' title="bbox 2093 4774 3662 4848; baseline -0.005 -19"><span class='ocrx_word' id='word_1_711' title='bbox 2093 4776 2306 4846; x_wconf 85' lang='grc' dir='ltr'>θρήνων</span> <span class='ocrx_word' id='word_1_712' title='bbox 2332 4774 2480 4841; x_wconf 79' lang='grc' dir='ltr'>ἄξιον</span> <span class='ocrx_word' id='word_1_713' title='bbox 2502 4791 2514 4804; x_wconf 82' lang='grc'><strong><em>⁸</em></strong></span> <span class='ocrx_word' id='word_1_714' title='bbox 2540 4774 2620 4828; x_wconf 85' lang='grc' dir='ltr'>διὸ</span> <span class='ocrx_word' id='word_1_715' title='bbox 2654 4775 2802 4848; x_wconf 77' lang='grc' dir='ltr'>πάσῃ</span> <span class='ocrx_word' id='word_1_716' title='bbox 2823 4774 3034 4847; x_wconf 82' lang='grc' dir='ltr'>φυλακῇ</span> <span class='ocrx_word' id='word_1_717' title='bbox 3061 4774 3157 4846; x_wconf 80' lang='grc' dir='ltr'>τὴν</span> <span class='ocrx_word' id='word_1_718' title='bbox 3180 4774 3424 4829; x_wconf 84' lang='grc' dir='ltr'>διάνοιαν</span> <span class='ocrx_word' id='word_1_719' title='bbox 3453 4775 3662 4841; x_wconf 70' lang='grc' dir='ltr'>ἑκάστῳ</span> 
     </span>
    </p>
   </div>
   <div class='ocr_carea' id='block_1_103' title="bbox 2091 4864 3659 4937">
    <p class='ocr_par' dir='ltr' id='par_1_103' title="bbox 2091 4864 3659 4937">
     <span class='ocr_line' id='line_1_103' title="bbox 2091 4864 3659 4937; baseline 0.001 -19"><span class='ocrx_word' id='word_1_720' title='bbox 2091 4865 2188 4936; x_wconf 77' lang='grc' dir='ltr'>τὴν</span> <span class='ocrx_word' id='word_1_721' title='bbox 2213 4864 2409 4919; x_wconf 77' lang='grc' dir='ltr'>ἐαυτοῦ</span> <span class='ocrx_word' id='word_1_722' title='bbox 2442 4867 2732 4937; x_wconf 80' lang='grc' dir='ltr'>τηρητέον,</span> <span class='ocrx_word' id='word_1_723' title='bbox 2767 4866 2840 4936; x_wconf 83' lang='grc' dir='ltr'>μὴ</span> <span class='ocrx_word' id='word_1_724' title='bbox 2868 4866 3007 4937; x_wconf 81' lang='grc' dir='ltr'>λάθῃ</span> <span class='ocrx_word' id='word_1_725' title='bbox 3045 4867 3138 4920; x_wconf 75' lang='grc' dir='ltr'>καὶ</span> <span class='ocrx_word' id='word_1_726' title='bbox 3160 4867 3248 4921; x_wconf 80' lang='grc' dir='ltr'>διὰ</span> <span class='ocrx_word' id='word_1_727' title='bbox 3272 4869 3580 4937; x_wconf 64' lang='grc' dir='ltr'>φαντασίας</span> <span class='ocrx_word' id='word_1_728' title='bbox 3604 4868 3659 4932; x_wconf 86' lang='grc' dir='ltr'>δή</span> 
     </span>
    </p>
   </div>
   <div class='ocr_carea' id='block_1_104' title="bbox 2089 4957 3661 5033">
    <p class='ocr_par' dir='ltr' id='par_1_104' title="bbox 2089 4957 3661 5033">
     <span class='ocr_line' id='line_1_104' title="bbox 2089 4957 3661 5033; baseline 0.001 -24"><span class='ocrx_word' id='word_1_729' title='bbox 2089 4975 2234 5021; x_wconf 85' lang='grc' dir='ltr'>τινος</span> <span class='ocrx_word' id='word_1_730' title='bbox 2259 4957 2461 5027; x_wconf 78' lang='grc' dir='ltr'>κλέψας</span> <span class='ocrx_word' id='word_1_731' title='bbox 2492 4960 2638 5029; x_wconf 79' lang='grc' dir='ltr'>ἡμᾶς</span> <span class='ocrx_word' id='word_1_732' title='bbox 2665 4961 2693 5012; x_wconf 93' lang='lat'><strong>6</strong></span> <span class='ocrx_word' id='word_1_733' title='bbox 2714 4958 2926 5030; x_wconf 81' lang='grc' dir='ltr'>ἐχθρὸς,</span> <span class='ocrx_word' id='word_1_734' title='bbox 2954 4962 3046 5012; x_wconf 78' lang='grc' dir='ltr'>καὶ</span> <span class='ocrx_word' id='word_1_735' title='bbox 3074 4961 3153 5024; x_wconf 86' lang='grc' dir='ltr'><strong>εἰς</strong></span> <span class='ocrx_word' id='word_1_736' title='bbox 3179 4961 3238 5013; x_wconf 73' lang='grc' dir='ltr'><strong>τὸ</strong></span> <span class='ocrx_word' id='word_1_737' title='bbox 3266 4962 3363 5033; x_wconf 85' lang='grc' dir='ltr'>τῆς</span> <span class='ocrx_word' id='word_1_738' title='bbox 3389 4961 3661 5020; x_wconf 76' lang='grc' dir='ltr'>ἀπωλείας</span> 
     </span>
    </p>
   </div>
   <div class='ocr_carea' id='block_1_105' title="bbox 2091 5049 3660 5124">
    <p class='ocr_par' dir='ltr' id='par_1_105' title="bbox 2091 5049 3660 5124">
     <span class='ocr_line' id='line_1_105' title="bbox 2091 5049 3660 5124; baseline 0 -20"><span class='ocrx_word' id='word_1_739' title='bbox 2091 5049 2418 5120; x_wconf 77' lang='grc' dir='ltr'>καταγαγὼν</span> <span class='ocrx_word' id='word_1_740' title='bbox 2468 5051 2761 5122; x_wconf 83' lang='grc' dir='ltr'>βάραθρον.</span> <span class='ocrx_word' id='word_1_741' title='bbox 2802 5051 2919 5106; x_wconf 81' lang='grc' dir='ltr'>Κᾶν</span> <span class='ocrx_word' id='word_1_742' title='bbox 2969 5053 3077 5124; x_wconf 82' lang='grc' dir='ltr'><strong>γὰρ</strong></span> <span class='ocrx_word' id='word_1_743' title='bbox 3129 5054 3329 5117; x_wconf 84' lang='grc' dir='ltr'>ἄτοπός</span> <span class='ocrx_word' id='word_1_744' title='bbox 3393 5072 3484 5119; x_wconf 83' lang='grc' dir='ltr'><strong>τις</strong></span> <span class='ocrx_word' id='word_1_745' title='bbox 3538 5055 3660 5123; x_wconf 83' lang='grc' dir='ltr'>ἡμῖν</span> 
     </span>
    </p>
   </div>
   <div class='ocr_carea' id='block_1_106' title="bbox 2091 5143 3661 5214">
    <p class='ocr_par' dir='ltr' id='par_1_106' title="bbox 2091 5143 3661 5214">
     <span class='ocr_line' id='line_1_106' title="bbox 2091 5143 3661 5214; baseline 0.001 -20"><span class='ocrx_word' id='word_1_746' title='bbox 2091 5143 2382 5213; x_wconf 81' lang='grc' dir='ltr'>ἐγγένηται</span> <span class='ocrx_word' id='word_1_747' title='bbox 2420 5143 2680 5213; x_wconf 85' lang='grc' dir='ltr'>λογισμὸς</span> <span class='ocrx_word' id='word_1_748' title='bbox 2727 5144 2804 5208; x_wconf 87' lang='grc' dir='ltr'><strong>είς</strong></span> <span class='ocrx_word' id='word_1_749' title='bbox 2856 5144 3149 5214; x_wconf 87' lang='grc' dir='ltr'>ἐπιθυμίαν</span> <span class='ocrx_word' id='word_1_750' title='bbox 3194 5145 3497 5199; x_wconf 87' lang='grc' dir='ltr'>ἀκόλαστον</span> <span class='ocrx_word' id='word_1_751' title='bbox 3545 5148 3661 5214; x_wconf 79' lang='grc' dir='ltr'>ἐρε-</span> 
     </span>
    </p>
   </div>
   <div class='ocr_carea' id='block_1_107' title="bbox 2085 5234 3658 5312">
    <p class='ocr_par' dir='ltr' id='par_1_107' title="bbox 2085 5234 3658 5312">
     <span class='ocr_line' id='line_1_107' title="bbox 2085 5234 3658 5312; baseline 0.003 -24"><span class='ocrx_word' id='word_1_752' title='bbox 2085 5234 2270 5298; x_wconf 80' lang='grc' dir='ltr'>θίζων,</span> <span class='ocrx_word' id='word_1_753' title='bbox 2298 5237 2462 5305; x_wconf 79' lang='grc' dir='ltr'>ἡμεῖς</span> <span class='ocrx_word' id='word_1_754' title='bbox 2491 5235 2548 5289; x_wconf 83' lang='grc' dir='ltr'><strong>δέ</strong></span> <span class='ocrx_word' id='word_1_755' title='bbox 2578 5237 2652 5306; x_wconf 84' lang='grc' dir='ltr'>μὴ</span> <span class='ocrx_word' id='word_1_756' title='bbox 2681 5238 2778 5306; x_wconf 84' lang='grc' dir='ltr'>τὴν</span> <span class='ocrx_word' id='word_1_757' title='bbox 2818 5236 3040 5309; x_wconf 80' lang='grc' dir='ltr'>πρώτην</span> <span class='ocrx_word' id='word_1_758' title='bbox 3071 5239 3232 5302; x_wconf 76' lang='grc' dir='ltr'>εὑἿὺς</span> <span class='ocrx_word' id='word_1_759' title='bbox 3262 5238 3658 5312; x_wconf 71' lang='grc' dir='ltr'>ἐκπολεμωθῆο</span> 
     </span>
    </p>
   </div>
   <div class='ocr_carea' id='block_1_108' title="bbox 2081 5323 3656 5403">
    <p class='ocr_par' dir='ltr' id='par_1_108' title="bbox 2081 5323 3656 5403">
     <span class='ocr_line' id='line_1_108' title="bbox 2081 5323 3656 5403; baseline 0.003 -23"><span class='ocrx_word' id='word_1_760' title='bbox 2081 5343 2169 5381; x_wconf 88' lang='grc' dir='ltr'><strong>ναι</strong></span> <span class='ocrx_word' id='word_1_761' title='bbox 2200 5327 2376 5395; x_wconf 85' lang='grc' dir='ltr'>τούτῳ</span> <span class='ocrx_word' id='word_1_762' title='bbox 2409 5327 2821 5398; x_wconf 84' lang='grc' dir='ltr'>σπουδάσωμεν,</span> <span class='ocrx_word' id='word_1_763' title='bbox 2867 5329 2978 5382; x_wconf 83' lang='grc' dir='ltr'>ἀλλ’</span> <span class='ocrx_word' id='word_1_764' title='bbox 3021 5323 3133 5386; x_wconf 74' lang='grc' dir='ltr'>οἷον</span> <span class='ocrx_word' id='word_1_765' title='bbox 3166 5329 3414 5403; x_wconf 84' lang='grc' dir='ltr'>εὐμενῶς</span> <span class='ocrx_word' id='word_1_766' title='bbox 3440 5342 3470 5384; x_wconf 86' lang='lat' dir='ltr'><strong>P</strong></span> <span class='ocrx_word' id='word_1_767' title='bbox 3498 5331 3656 5388; x_wconf 76' lang='grc' dir='ltr'>αὐτὸν</span> 
     </span>
    </p>
   </div>
   <div class='ocr_carea' id='block_1_109' title="bbox 1685 5467 2366 5526">
    <p class='ocr_par' dir='ltr' id='par_1_109' title="bbox 1685 5467 2366 5526">
     <span class='ocr_line' id='line_1_109' title="bbox 1685 5467 2366 5526; baseline 0 -2"><span class='ocrx_word' id='word_1_768' title='bbox 1685 5467 1920 5524; x_wconf 74' lang='lat' dir='ltr'><strong>VARle</strong></span> <span class='ocrx_word' id='word_1_769' title='bbox 1963 5468 2366 5526; x_wconf 77' lang='lat' dir='ltr'><strong>LECTIONES.</strong></span> 
     </span>
    </p>
   </div>
   <div class='ocr_carea' id='block_1_110' title="bbox 523 5583 2801 5659">
    <p class='ocr_par' dir='ltr' id='par_1_110' title="bbox 523 5583 2801 5659">
     <span class='ocr_line' id='line_1_110' title="bbox 523 5583 2801 5659; baseline 0 -17"><span class='ocrx_word' id='word_1_770' title='bbox 523 5595 562 5618; x_wconf 84' lang='lat'>&quot;</span> <span class='ocrx_word' id='word_1_771' title='bbox 595 5588 666 5642; x_wconf 85' lang='lat' dir='ltr'><strong>al.</strong></span> <span class='ocrx_word' id='word_1_772' title='bbox 703 5585 1011 5659; x_wconf 85' lang='grc' dir='ltr'>στείρωσιν.</span> <span class='ocrx_word' id='word_1_773' title='bbox 1088 5594 1118 5622; x_wconf 79' lang='grc' dir='ltr'><strong>ιι</strong></span> <span class='ocrx_word' id='word_1_774' title='bbox 1143 5583 1216 5639; x_wconf 83' lang='lat' dir='ltr'><strong>al.</strong></span> <span class='ocrx_word' id='word_1_775' title='bbox 1249 5583 1438 5655; x_wconf 83' lang='grc' dir='ltr'>αὐτὴν.</span> <span class='ocrx_word' id='word_1_776' title='bbox 1517 5592 1542 5620; x_wconf 88' lang='grc' dir='ltr'><strong>ο</strong></span> <span class='ocrx_word' id='word_1_777' title='bbox 1581 5583 1654 5638; x_wconf 87' lang='lat' dir='ltr'><strong>al.</strong></span> <span class='ocrx_word' id='word_1_778' title='bbox 1686 5583 1933 5641; x_wconf 86' lang='grc' dir='ltr'>πάθεσιν.</span> <span class='ocrx_word' id='word_1_779' title='bbox 2012 5594 2041 5636; x_wconf 84' lang='lat' dir='ltr'><strong>P</strong></span> <span class='ocrx_word' id='word_1_780' title='bbox 2069 5586 2141 5640; x_wconf 90' lang='lat' dir='ltr'><strong>al.</strong></span> <span class='ocrx_word' id='word_1_781' title='bbox 2175 5585 2404 5656; x_wconf 81' lang='grc' dir='ltr'>εὐμενὲς</span> <span class='ocrx_word' id='word_1_782' title='bbox 2440 5597 2497 5642; x_wconf 90' lang='lat' dir='ltr'><strong>et</strong></span> <span class='ocrx_word' id='word_1_783' title='bbox 2521 5586 2801 5659; x_wconf 82' lang='grc' dir='ltr'>εὐμαρῶς.</span> 
     </span>
    </p>
   </div>
   <div class='ocr_carea' id='block_1_111' title="bbox 1629 5701 2474 5766">
    <p class='ocr_par' dir='ltr' id='par_1_111' title="bbox 1629 5701 2474 5766">
     <span class='ocr_line' id='line_1_111' title="bbox 1629 5701 2474 5766; baseline 0.009 -8"><span class='ocrx_word' id='word_1_784' title='bbox 1629 5701 1828 5760; x_wconf 77' lang='lat' dir='ltr'><strong>JOAN.</strong></span> <span class='ocrx_word' id='word_1_785' title='bbox 1862 5703 2204 5762; x_wconf 81' lang='lat' dir='ltr'><strong>BOLLANDI</strong></span> <span class='ocrx_word' id='word_1_786' title='bbox 2240 5704 2474 5766; x_wconf 65' lang='grc' dir='ltr'><strong>ΝΟΤᾸΕ.</strong></span> 
     </span>
    </p>
   </div>
   <div class='ocr_carea' id='block_1_112' title="bbox 429 5811 2879 5892">
    <p class='ocr_par' dir='ltr' id='par_1_112' title="bbox 429 5811 2879 5892">
     <span class='ocr_line' id='line_1_112' title="bbox 429 5811 2879 5892; baseline 0.004 -19"><span class='ocrx_word' id='word_1_787' title='bbox 429 5811 434 5815; x_wconf 84' lang='grc'><em>’</em></span> <span class='ocrx_word' id='word_1_788' title='bbox 491 5817 603 5888; x_wconf 83' lang='grc'><strong>(81)</strong></span> <span class='ocrx_word' id='word_1_789' title='bbox 640 5819 930 5890; x_wconf 81' lang='lat' dir='ltr'><strong>Sequentia</strong></span> <span class='ocrx_word' id='word_1_790' title='bbox 955 5821 1148 5879; x_wconf 76' lang='lat' dir='ltr'><strong>desunt</strong></span> <span class='ocrx_word' id='word_1_791' title='bbox 1179 5821 1235 5878; x_wconf 93' lang='lat' dir='ltr'><strong>in</strong></span> <span class='ocrx_word' id='word_1_792' title='bbox 1263 5819 1559 5892; x_wconf 87' lang='lat' dir='ltr'><strong>Lipomano</strong></span> <span class='ocrx_word' id='word_1_793' title='bbox 1580 5832 1636 5878; x_wconf 92' lang='lat' dir='ltr'><strong>et</strong></span> <span class='ocrx_word' id='word_1_794' title='bbox 1676 5822 1858 5881; x_wconf 89' lang='lat' dir='ltr'><strong>Surio.</strong></span> <span class='ocrx_word' id='word_1_795' title='bbox 1913 5825 1988 5880; x_wconf 74' lang='lat' dir='ltr'><strong>Ex</strong></span> <span class='ocrx_word' id='word_1_796' title='bbox 2029 5826 2224 5883; x_wconf 77' lang='lat' dir='ltr'><strong>Graeco</strong></span> <span class='ocrx_word' id='word_1_797' title='bbox 2255 5841 2357 5884; x_wconf 91' lang='lat' dir='ltr'><strong>ms.</strong></span> <span class='ocrx_word' id='word_1_798' title='bbox 2388 5841 2418 5882; x_wconf 89' lang='lat' dir='ltr'><strong>a</strong></span> <span class='ocrx_word' id='word_1_799' title='bbox 2453 5829 2611 5885; x_wconf 87' lang='lat' dir='ltr'><strong>nobis</strong></span> <span class='ocrx_word' id='word_1_800' title='bbox 2650 5828 2879 5884; x_wconf 82' lang='lat' dir='ltr'><strong>inserta.</strong></span> 
     </span>
    </p>
   </div>
  </div>
