3846 6538
232 427 336 493 649

1511 422 1690 486 VITA
1732 422 1793 481 S.
1832 417 2246 481 EUTHYMII.

3412 407 3520 470 650

233 548 296 616 τῇ
319 541 534 613 διανοίᾳ
569 538 1031 613 παραδεξῶμεθα,
1085 536 1353 606 οὐμενοῦν
1409 535 1690 607 ἐλεύθεροι
1719 553 1823 588 κα-

1946 543 2274 602 requaquam
2363 527 2573 585 erimus
2640 542 2671 582 a
2758 534 2986 598 peccato
3053 525 3360 590 immunes;
3426 541 3523 580 ve-

235 635 357 698 κίας
403 631 668 703 ἐσόμεθα,
707 630 844 684 ἀλλὰ
880 631 976 684 καὶ
1007 629 1225 700 σώματι
1279 627 1355 700 μὴ
1404 625 1825 697 πλησιάζοντες,

232 726 307 791 ὡς
339 723 778 794 πεπορνευκότες
802 723 956 776 ’κατὰ
997 722 1239 776 διάνοιαν
1277 719 1682 792 κριθησόμεθα.

307 817 433 872 EE’.
471 815 722 888 Ἐπεξῄει
768 815 826 870 δέ
885 831 938 868 τι
969 817 1065 868 καὶ
1107 812 1350 866 τοιοῦτον
1401 812 1603 875 αὐτοῖς’
1642 810 1827 880 Ὅπερ

235 910 382 981 ἐμοὶ,
412 911 569 980 φησὶ,
592 908 702 962 τῶν
734 908 1050 977 Αἰγυπτίων
1079 907 1222 970 τινὲς
1249 905 1522 977 γερόντων
1570 905 1703 959 ποτὲ
1743 905 1824 959 δι-

237 999 540 1070 ηγήσαντο.
591 994 701 1052 Ἦν
748 1015 832 1062 τις
871 999 928 1051 ὲν
975 997 1151 1060 πόλει,
1193 997 1310 1066 βίου
1349 997 1448 1067 μὲν
1483 995 1636 1067 παρὰ
1686 998 1822 1050 πᾶσι

235 1091 553 1163 θαυμαστοῦ
583 1091 966 1162 νομιζόμενος,
1001 1089 1096 1144 καὶ
1120 1089 1321 1160 πολλὴν
1350 1090 1512 1160 δῆθεν
1537 1089 1672 1159 πρὸς
1696 1089 1828 1142 Θεὸν

237 1184 549 1256 πλουτήσας
575 1184 676 1254 τὴν
715 1183 1048 1254 οίκειότητα’
1073 1181 1256 1235 πυκνὰ
1279 1181 1336 1235 δὲ
1375 1183 1496 1244 ταῖς
1541 1181 1828 1251 ἀληθείαις

236 1277 590 1347 παροργίζων
621 1275 784 1332 αὐτὸν
815 1275 872 1329 ὲν
897 1275 975 1347 τῷ
999 1274 1228 1346 κρυπτῷ
1267 1276 1534 1346 κινήματι
1567 1275 1668 1344 τῆς
1694 1291 1828 1344 καρ-

235 1370 373 1433 δίας,
414 1370 503 1424 διὰ
547 1371 649 1439 τῆς
692 1369 831 1438 πρὸς
869 1368 998 1431 τοὺς
1038 1368 1278 1438 φαύλους
1333 1367 1632 1437 λογισμοὺς
1685 1368 1828 1438 τάχα

238 1462 711 1531 συγκαταθέσεως·
745 1461 886 1515 ὥστε
918 1460 1022 1514 κᾶν
1060 1460 1135 1532 μὴ
1158 1461 1236 1532 τῷ
1270 1459 1439 1532 ἔργῳ,
1471 1460 1586 1516 ἀλλ’
1616 1457 1711 1515 οὖν
1758 1464 1826 1532 τῇ

236 1553 447 1625 διανοίᾳ
487 1553 685 1624 ῥαδίως
713 1551 1079 1622 πλημμελεῖν.
1115 1551 1321 1624 Βαρείᾳ
1371 1551 1504 1621 γοῦν
1531 1554 1560 1606 6
1586 1551 1827 1616 τοιοῦτός

238 1660 369 1696 ποτε
399 1644 540 1711 νόσῳ
586 1640 924 1713 περιπεσὼν,
961 1642 1090 1713 περὶ
1122 1643 1221 1706 τὰς
1267 1642 1503 1713 ἐσχάτας
1552 1643 1829 1704 ἀναπνοὰς

235 1730 326 1805 ἦν,
374 1737 470 1788 καὶ
509 1735 608 1806 ήδη
670 1733 809 1805 πρὸς
869 1734 1101 1789 θάνατον
1172 1735 1422 1791 ἔϐλεπεν.
1473 1733 1736 1807 Ὀδυρμὺς
1773 1735 1832 1789 δὲ

242 1829 468 1896 κατεῖχε
500 1827 600 1898 τὴν
632 1827 809 1892 πόλιν,
861 1827 957 1881 καὶ
1000 1827 1188 1897 ἡλικία
1232 1829 1386 1882 πᾶσα
1417 1827 1700 1883 ὲκόπτετο·
1736 1829 1830 1882 καὶ

1939 640 2058 679 rum
2111 623 2242 679 licet
2293 637 2526 693 corpore
2583 636 2692 676 non
2751 619 3170 692 conjungamur,
3226 627 3409 673 tamen
3468 626 3526 672 ut

1937 714 2124 769 animo
2152 713 2402 768 fornicati
2439 711 2827 784 jndicabimur.

2012 803 2175 861 LXV.
2217 805 2414 860 Narrat
2450 804 2648 859 deinde
2695 802 2766 858 iis
2805 800 2910 856 tale
2951 800 3082 870 quid
3110 838 3125 864 ,
3173 800 3316 870 quod
3363 798 3519 865 mihi,

1939 897 2141 966 inquit,
2201 895 2514 950 retulerunt
2565 893 2870 963 aliquando!
2893 892 3112 962 quidam
3159 892 3394 963 [Egyptii
3438 907 3526 946 se-

1940 1006 2041 1045 nes
2063 989 2200 1062 (82).
2243 987 2374 1043 Erat
2403 987 2600 1058 aliquis
2631 987 2687 1040 in
2723 985 2964 1051 civitate,
2993 985 3116 1040 vitae
3135 985 3354 1056 quidem
3381 985 3523 1055 apud

1941 1099 2134 1139 omnes
2155 1082 2488 1137 admirandae.
2524 1080 2763 1146 habitus,
2805 1079 2960 1150 quasi
2992 1080 3222 1150 plurima
3256 1095 3380 1134 cum
3418 1079 3528 1133 Deo

1938 1171 2307 1232 familiaritate
2321 1176 2555 1237 ditatus;
2574 1189 2764 1229 revera
2778 1182 2960 1228 autem
2995 1173 3306 1242 frequenter
3318 1187 3441 1226 eun;
3457 1171 3527 1226 ad

1938 1269 2074 1322 iram
2108 1282 2410 1338 provocans
2440 1267 2493 1320 in
2522 1266 2738 1321 occulto
2772 1265 2953 1320 cordis
2982 1275 3155 1329 motu,
3191 1275 3414 1334 pr0pter
3443 1264 3525 1318 ci-

1941 1368 2058 1414 tum
2086 1359 2271 1430 pravis
2300 1358 2725 1430 cogitatiombus
2755 1371 3077 1420 assensum;
3115 1358 3249 1410 adeo
3275 1365 3334 1410 ut
3356 1369 3532 1427 quan-

1937 1468 2100 1523 quam
2132 1467 2243 1507 non
2275 1467 2474 1524 opere,
2517 1461 2573 1507 at
2613 1451 2944 1523 cogitatione
2974 1449 3134 1505 facile
3165 1456 3438 1522 peccaret.
3480 1451 3530 1505 Is

1937 1548 2122 1617 itaque
2168 1547 2318 1617 gravi
2372 1547 2594 1602 tandem
2636 1547 2829 1600 morbo
2872 1552 3182 1614 correptus.
3224 1543 3280 1598 in
3320 1541 3530 1598 ultimis

1938 1638 2066 1693 vita:
2107 1638 2368 1692 balitibus
2405 1637 2742 1701 versabatur,
2773 1637 2994 1706 jamque
3033 1633 3099 1690 ad
3133 1643 3362 1690 .nortem
3405 1649 3530 1704 spe-

1939 1730 2141 1784 ctabat.
2174 1729 2379 1785 Urbem
2406 1744 2536 1785 vero
2571 1729 2792 1783 tenebat
2824 1725 3201 1798 comploratio,
3239 1725 3532 1797 omnisque

1939 1832 2072 1878 tetas
2103 1822 2431 1894 plangebat;
2467 1821 2654 1877 cuncti
2688 1830 2815 1876 ante
2853 1821 3055 1884 virum,
3094 1819 3141 1874 si
3171 1817 3290 1875 fieri
3320 1817 3531 1890 posict,

242 1919 336 1974 τοῦ
365 1920 579 1991 ἀνδρὸς,
607 1920 766 1990 εἴπερ
789 1914 900 1972 οἷόν
938 1936 1021 1984 τε,
1054 1920 1588 1992 προαναρπασθῆναι
1627 1921 1823 1983 πάντες

1946 1924 2122 1970 morte
2159 1914 2337 1985 abripi
2393 1915 2746 1984 exoptabant,
2797 1913 2971 1969 satius
3019 1911 3123 1968 rati
3172 1912 3278 1969 hoc
3319 1910 3531 1980 subire.

237 2013 566 2084 ἑπηύχοντο,
597 2012 805 2084 βέλτιον
829 2013 1126 2084 ἡγούμενοι
1151 2013 1309 2069 τοῦτο
1335 2014 1551 2079 παθεῖν,
1576 2014 1608 2086 ἢ
1637 2013 1832 2086 ἀνδρὸς

237 2105 381 2158 οὕτω
414 2105 504 2159 διὰ
548 2107 731 2175 πάσης
791 2105 1058 2176 ᾀδομένου
1091 2107 1343 2178 γλώττης
1409 2107 1510 2179 τὴν
1562 2106 1834 2178 ἐκδημίαν

242 2195 394 2250 ἰδεῖν.
439 2197 559 2250 Τῶν
594 2198 923 2268 διορατικῶν
959 2197 1017 2250 δέ
1064 2215 1150 2262 τις
1197 2200 1254 2252 ὲν
1290 2198 1532 2269 τοσούτῳ
1579 2201 1646 2270 τῇ
1683 2198 1838 2251 πόλει

239 2290 598 2360 παραϐαλὼν,
624 2292 719 2344 καὶ⁵
741 2291 802 2344 τὸ
838 2291 978 2363 βαρύ
1009 2291 1170 2346 τοῦτο
1199 2292 1295 2346 καὶ
1323 2291 1606 2362 πάνδημον
1640 2292 1838 2356 πένθος

237 2379 404 2451 δρῶν·
440 2379 631 2434 ἔπειτα
688 2380 782 2434 καὶ
816 2383 876 2434 τὸ
921 2381 1127 2451 πλῆθος
1156 2381 1372 2436 ἀκούων
1419 2383 1538 2454 μετ’
1576 2383 1834 2453 οἰμωγῆς

238 2471 451 2523 ἐκεῖνον
489 2469 664 2534 οὕτως
709 2472 1166 2544 ἀνακλαιόμενον’
1211 2473 1270 2528 '0
1307 2475 1532 2544 Ἀγιοςῑ
1559 2475 1587 2528 6
1616 2475 1842 2544 Πατήρι

237 2564 267 2615 6
298 2564 485 2634 σωτὴρ
517 2565 544 2616 6
574 2564 876 2637 ἡμέτεροςι
905 2560 965 2620 οὐ
991 2568 1057 2638 τῇ
1101 2566 1367 2640 πρεσϐείᾳ
1390 2578 1418 2618 (ι
1452 2569 1652 2632 πάντες
1673 2568 1842 2639 ἐσμὲν

241 2653 564 2724 σωζόμενον
604 2656 733 2709 ποία
767 2656 955 2710 λοιπὸν
982 2659 1114 2728 ἡμῖν
1141 2658 1294 2712 ἔσται
1324 2661 1601 2730 σωτηρίας
1637 2661 1792 2725 ἐλπίς
1822 2679 1838 2728 ;

241 2747 374 2800 ποία
431 2747 570 2817 μετὰ
635 2748 826 2804 τοῦτον
877 2751 1190 2820 ἀσφάλεια;
1227 2751 1416 2805 Ταῦτα
1474 2755 1502 2807 6
1535 2752 1842 2822 διορατικὺς

239 2840 455 2902 ἐκεῖνος
487 2840 624 2910 ἀνὴρ
648 2838 771 2894 ἰδών
799 2859 857 2894 τε
893 2843 986 2895 καὶ
1008 2844 1273 2909 ἀκούσας,
1296 2843 1462 2916 ἀπῄει
1492 2846 1632 2914 μετὰ
1666 2836 1838 2898 σπου-

238 2929 340 3000 δῆς
371 2931 716 2999 παρ’,αὐτδὴ
756 2932 925 3002 εὐχῆς
959 2931 1260 3003 ἀξιωθῆναί
1294 2951 1438 2998 τινος
1476 2936 1567 2988 καὶ
1598 2935 1849 3005 εὐλογίας

241 3022 731 3092 κατεπειγόμενος.
783 3023 935 3077 Ἐπεὶ
959 3025 1015 3078 δὲ
1046 3025 1146 3096 ἤδη
1200 3027 1296 3080 καὶ
1347 3026 1580 3096 πλησίον
1619 3023 1709 3098 ἦν,
1742 3029 1846 3100 ὁρᾷ

246 3113 349 3183 μὲν
373 3115 499 3175 τοὺς
524 3113 945 3184 λαμπροτάτους
973 3116 1082 3169 τῶν
1111 3116 1370 3182 πολιτῶν,
1401 3120 1505 3190 ὁρᾷ
1524 3117 1578 3171 δὲ
1610 3119 1701 3172 τὸν
1731 3119 1842 3172 τῶν

245 3203 443 3276 ἱερέων
469 3205 694 3276 κλῆρον,
741 3207 878 3278 πρὸς
930 3206 986 3260 δὲ
1032 3208 1128 3262 καὶ
1175 3209 1338 3262 αὐτὸν
1370 3207 1462 3261 τὸν
1515 3210 1840 3263 ἐπίσκοπον.

243 3297 542 3367 λαμπάδας
565 3298 654 3352 διά
686 3299 866 3371 χειρὸς
894 3298 1147 3371 ἔχοντας,
1177 3301 1267 3354 καὶ
1321 3301 1421 3373 τὴν
1462 3301 1556 3354 τοῦ
1587 3303 1839 3371 σώματος
1868 3292 1912 3349 C

246 3387 595 3458 προπομπὴν
660 3388 1055 3459 άναμένοντας.
1125 3384 1261 3444 Εἶτα
1329 3392 1728 3462 παρωσάμενος
1781 3391 1842 3444 τὸ

249 3481 485 3551 πλῆθος.
523 3483 620 3535 καὶ
663 3482 800 3553 πρὸς
851 3483 944 3537 τὸν
993 3481 1251 3553 κείμενον
1279 3484 1562 3548 εἰσελθὼν,
1597 3485 1842 3556 εὑρίσκει

247 3574 354 3642 μὲν
385 3573 546 3626 αὐτὸν
583 3572 762 3642 ὀλίγον
793 3574 874 3627 ἔτι
903 3576 1232 3645 ὲμπνέοντα’
1269 3576 1459 3647 βλέπει
1488 3578 1545 3630 δέ
1577 3595 1628 3630 τι
1662 3577 1843 3647 θέαμα

245 3667 522 3735 κρυπτοῖς
552 3665 876 3737 ὀφθαλμοῖς,
909 3668 1004 3721 καὶ
1045 3669 1175 3722 ἰδεῖν
1207 3668 1459 3740 φοϐερὸν,
1495 3671 1591 3722 καὶ
1610 3670 1842 3723 ἀκοῦσαι

244 3755 506 3825 δακρύων
532 3756 703 3822 ἄξιον.
744 3759 946 3813 Ἐδόκει
976 3760 1085 3831 γάρ
1116 3778 1200 3828 τις
1233 3762 1385 3832 αὐτῷ
1421 3760 1648 3834 πύρινον
1676 3755 1787 3814 οἷον
1819 3770 1840 3798 τ

243 3849 562 3920 τριόδοντα,
620 3851 700 3914 είς
765 3851 862 3922 τὴν
913 3854 1125 3906 ἐκείνου
1177 3855 1428 3908 καθιέναι
1467 3854 1716 3919 καρδίαν,
1750 3856 1844 3907 καὶΙ

244 3941 352 4011 τὴν
379 3941 579 4012 ψυχὴν,
607 3941 709 4012 φεῦ
731 3944 744 3996 ί
767 3942 958 4013 βιαίως
980 3945 1190 3998 ἐκεῖθεν
1218 3946 1311 3998 καὶ
1333 3945 1546 4016 πικρῶς
1567 3947 1841 4016 ἁνασπᾴν·

245 4033 450 4087 ἔπειτα
473 4036 567 4089 καὶ
619 4035 802 4105 φωνῆς
841 4033 1048 4090 ἄνωθεν
1077 4037 1322 4103 ἀκούειν,
1362 4041 1457 4092 Ὃν
1487 4039 1690 4111 τρόπον
1738 4041 1840 4092 οὐκ

247 4127 536 4181 ἀνέπαυσε
571 4145 660 4196 με,
699 4127 986 4200 λεγούσης,
1041 4132 1071 4200 ἡ
1117 4130 1264 4202 ψυχὴ
1307 4131 1448 4202 αὕτη
1506 4131 1673 4202 μόνην
1695 4131 1847 4185 οὐδε-

249 4219 394 4287 μίαν
456 4217 689 4287 ἡμίραν,
749 4219 839 4271 τὸν
883 4220 1047 4273 αὐτὸν
1099 4221 1275 4290 δήπου
1328 4223 1526 4292 τρόπον
1591 4221 1726 4293 μηδὲ
1781 4224 1844 4276 σὺ

248 4312 446 4378 παύσῃ
479 4308 802 4379 σπαράττων
833 4311 1004 4383 αὐτὴν
1035 4315 1126 4365 καὶ
1154 4313 1400 4384 σφοδρῶς
1426 4313 1600 4366 ἕλκων
1630 4314 1725 4367 καὶ
1750 4331 1844 4368 τι·-

249 4399 636 4469 μωρούμενος.

325 4493 468 4561 Ξίῗ.
507 4493 688 4548 Ταῦτα
717 4495 852 4565 πρὸς
886 4497 1010 4559 τοὺς
1038 4498 1310 4569 παρόντας
1332 4499 1441 4552 τῶν
1464 4499 1709 4570 ἀδελφῶν
1741 4501 1842 4553 Εὐ-

243 4584 456 4654 θύμιος
486 4586 784 4657 διεξῆλθεν⁹
812 4585 930 4641 εἶτα
955 4591 1050 4642 καὶ
1071 4593 1442 4661 παραινέσεως
1471 4592 1597 4662 ἑξῆς
1618 4595 1842 4663 ἥπτετο,

243 4681 655 4748 προσεκτικοὺς
687 4681 884 4743 αὐτοὺς
909 4677 1048 4734 εἶναι
1071 4681 1166 4735 καὶ
1190 4683 1270 4745 εἰς
1297 4683 1382 4735 ἀεὶ
1401 4683 1684 4754 εὐτρεπεῖς
1717 4684 1844 4754 περὶ

240 4773 360 4840 τὴν
409 4771 504 4840 τῆς
534 4772 715 4842 ψυχῆς
762 4774 940 4838 ἔξοδον
990 4775 1467 4846 προμηθούμενος·
1504 4776 1842 4846 Αἰμιλιανὸς,

240 4861 460 4929 λέγων,
494 4857 646 4926 οὗτος
670 4864 797 4934 ὑμῖν
829 4864 1132 4932 ὑπόδειγμα
1155 4865 1316 4918 ἔστωο
1349 4865 1407 4918 ὃν
1439 4867 1536 4920 καὶ
1567 4867 1657 4920 διὰ
1689 4867 1846 4921 τοῦτο

241 4955 530 5016 πάντωςὸ
559 4955 689 5019 Θεὸς
723 4959 994 5028 περιεῖδεν
1027 4958 1272 5029 αἰσχρῶς
1297 4960 1498 5012 οὑτωσὶ
1527 4961 1620 5013 καὶ
1645 4961 1846 5025 ἀθλίως

239 5049 308 5098 ὲν
341 5050 457 5108 τοῖς
495 5049 752 5104 ἁπάντων
784 5051 940 5122 ὐμῶν
988 5051 1286 5123 ὀφθαλμοῖς
1322 5054 1427 5106 ὑπὸ
1473 5052 1565 5107 τοῦ
1594 5054 1694 5125 τῆς
1726 5054 1846 5122 φιλ-

236 5140 478 5210 ηδονίας
516 5145 957 5215 κατεργασθῆναι
1000 5146 1203 5218 πικροῦ
1257 5146 1532 5216 δαίμονος,
1586 5148 1651 5201 ἶν’
1685 5149 1844 5203 αὐτοὶ

239 5234 490 5302 γένησθε
524 5235 787 5306 βελτίους,
816 5240 913 5293 καὶ
955 5240 1064 5295 άπὸ
1117 5239 1216 5310 τῆς
1252 5242 1332 5304 είς
1378 5240 1541 5294 αὐτὸν
1572 5240 1842 5312 τιμωρίας

239 5327 421 5394 ὑμεῖς
456 5328 772 5398 κερδάνητε.
815 5329 978 5384 Ἀλλὰ
1020 5329 1130 5402 γὰρ
1177 5328 1483 5399 δεηθῶμεν,
1539 5331 1694 5400 φησὶ.
1748 5329 1844 5383 τοῦ

238 5417 419 5483 Θεοῦ,
459 5421 556 5490 τῆς
589 5422 842 5492 τοιαύτης
881 5421 1181 5492 ἐπιϐουλῆς
1234 5422 1494 5492 ἀνεθῆναι
1523 5423 1611 5474 τὶν
1655 5421 1843 5493 ἄνδρα.

1937 2022 2101 2077 quam
2147 2005 2385 2060 hominis
2434 2007 2514 2061 sic
2567 2021 2663 2077 per
2705 2021 2926 2061 omnem
2977 2005 3219 2078 linguam
3265 2002 3533 2061 celebrati

1939 2114 2171 2156 cernere
2207 2114 2518 2154 excessum.
2566 2096 2780 2153 Interea
2823 2097 3046 2169 quidam
3098 2099 3347 2170 egregius
3394 2113 3528 2154 con-

1940 2192 2235 2262 templator
2271 2192 2459 2246 urbem
2492 2191 2790 2263 ingressus,
2823 2202 2878 2245 et
2902 2191 3094 2246 videns
3125 2208 3342 2262 gravem
3376 2192 3528 2246 illum

1940 2283 2335 2354 publicumque
2383 2281 2628 2349 luctum;
2681 2282 2913 2336 audiens
2944 2281 3145 2337 deinde
3175 2294 3229 2337 et
3263 2283 3528 2353 populum

1939 2389 2066 2430 cum
2096 2373 2303 2444 ejulatu
2337 2374 2410 2428 ita
2441 2373 2510 2428 de
2538 2388 2605 2428 eo
2632 2373 3022 2427 lamentantem
3055 2391 3068 2426 :
3113 2371 3157 2428 Ο
3195 2373 3465 2429 Sanctus!
3495 2389 3530 2430 o

1941 2466 2136 2522 Pater!
2170 2481 2203 2520 o
2239 2475 2489 2521 servator
2514 2466 2737 2520 noster!
2780 2466 2938 2535 cujus
2966 2466 3032 2520 ad
3069 2467 3238 2521 Deum
3273 2467 3534 2538 depreca-

1941 2559 2092 2614 tione
2136 2558 2380 2614 salvandi
2423 2573 2616 2613 sumus
2647 2558 2831 2613 cuncti
2878 2574 2892 2612 ι
2942 2574 3063 2629 qua:
3104 2558 3262 2614 nobis
3303 2560 3536 2629 posthac

1942 2653 2047 2708 erit
2075 2652 2268 2708 salutis
2293 2651 2452 2722 spes?
2480 2666 2731 2722 quianam
2761 2660 2884 2722 post
2912 2652 3058 2706 hunc
3079 2652 3379 2707 securitas?
3410 2651 3536 2709 Haec

1942 2745 2026 2799 vir
2065 2745 2155 2800 ille
2197 2745 2656 2814 contemplativus
2688 2743 2882 2799 videns
2915 2753 2971 2798 et
3003 2745 3255 2809 audiens,
3297 2746 3364 2800 ad
3405 2762 3533 2803 eum

1943 2834 2134 2891 sedulo
2160 2835 2355 2906 pergit,
2381 2835 2716 2904 precationis
2745 2844 2837 2889 aut
2869 2835 3272 2890 benedictionis
3300 2837 3533 2907 alicujus

1944 2931 2347 3001 consequendaa
2378 2947 2541 2986 causa
2574 2944 2897 3000 properans.
2943 2930 3015 2985 Ut
3049 2945 3180 2984 vero
3213 2931 3326 2999 jam
3362 2946 3535 3002 prope

1944 3024 2068 3090 fuit,
2096 3024 2274 3079 cernit
2298 3024 2520 3094 quidem
2546 3024 2748 3078 civium
2781 3023 3135 3085 clarissimos,
3161 3023 3340 3077 cernit
3367 3024 3531 3078 etiam

1941 3117 2288 3172 sacerdotum
2317 3118 2548 3182 clerum,
2584 3126 2956 3187 praetereaque
2989 3117 3166 3185 ipsum
3191 3116 3534 3186 episcopum,

1943 3210 2036 3281 qui
2069 3210 2216 3265 faces
2251 3211 2506 3264 manibus
2533 3209 2839 3279 gestabant,
2875 3217 2926 3262 et
2968 3209 3215 3278 corporis
3246 3207 3536 3265 deductio-

1947 3319 2073 3358 nem
2100 3303 2498 3374 exsequiasque
2529 3302 3007 3372 praestolabantur.
3045 3301 3249 3356 Deinde
3281 3302 3531 3359 submota

1946 3398 2126 3461 turba,
2155 3405 2211 3450 et
2244 3397 2309 3449 ad
2347 3396 2622 3465 iacentem
2657 3394 2956 3465 ingressus,
2989 3393 3202 3448 invenit
3233 3408 3357 3447 eum
3397 3410 3532 3464 pau-

1945 3490 2055 3543 lum
2092 3490 2271 3544 adhuc
2304 3489 2635 3558 spirantem;
2677 3486 2828 3541 videt
2860 3495 3041 3540 autem
3081 3485 3314 3540 internis
3346 3487 3534 3542 occul-

1947 3583 2125 3650 tisque
2152 3581 2327 3636 oculis
2371 3579 2743 3649 spectaculum
2777 3579 3070 3647 quoddam,
3112 3588 3167 3632 et
3198 3578 3316 3633 visu
3358 3578 3536 3633 horri-

1945 3673 2106 3735 dum,
2149 3682 2204 3726 et
2260 3670 2451 3726 auditu
2501 3670 2875 3742 lacrymabile.
2930 3669 3228 3724 Videbatur
3271 3669 3413 3724 enim
3458 3670 3529 3735 ei,

1946 3773 2093 3837 quod
2120 3765 2342 3836 quidam
2396 3763 2614 3835 igneum
2658 3763 2810 3818 velut
2857 3761 3148 3816 tridentem
3199 3761 3254 3816 in
3298 3763 3534 3817 hominis

1948 3858 2094 3914 illius
2133 3873 2230 3912 cor
2279 3857 2627 3918 demitteret,
2680 3865 2845 3925 atque
2888 3855 3016 3911 inde
3053 3855 3290 3909 animam
3335 3856 3464 3921 (heu
3492 3859 3531 3924 ί)

1950 3949 2214 4004 violenter
2253 3947 2657 4017 crudeliterque
2700 3947 2998 4014 evelleret;
3049 3946 3303 4016 quodque
3345 3959 3533 4017 postea

1947 4040 2162 4096 audiret
2196 4039 2416 4095 ccelitus
2453 4054 2662 4103 vocem,
2697 4037 2969 4094 dicentem
3008 4055 3021 4089 :
3059 4037 3534 4104 Quemadmodum

1947 4135 2129 4189 anima
2172 4135 2290 4189 haec
2323 4148 2393 4188 ne
2424 4133 2566 4188 diem
2607 4133 2828 4204 quidem
2879 4150 3048 4189 unum
3087 4151 3173 4188 me
3213 4136 3338 4189 sivit
3376 4136 3535 4204 quie-

1947 4241 2122 4291 scere,
2162 4225 2234 4280 ita
2267 4239 2371 4279 nec
2417 4234 2473 4278 tu
2509 4239 2692 4280 cesses
2733 4225 2879 4280 illam
2909 4226 3052 4280 dilan
3081 4244 3193 4291 are,
3239 4227 3535 4281 crudeliter

1949 4317 2284 4386 discerpere,
2323 4315 2611 4371 tormentis
2641 4314 2878 4371 allicere.

2019 4501 2204 4556 LXVI.
2270 4499 2398 4556 Haec
2463 4501 2830 4571 praesentibus
2895 4501 3152 4555 fratribus
3211 4501 3534 4572 Euthymius

1949 4596 2228 4652 enarravit
2257 4613 2272 4650 :
2317 4595 2517 4648 deinde
2557 4609 2684 4648 vero
2723 4609 2948 4649 monere
2971 4609 3066 4648 eos
3089 4593 3272 4663 erepit,
3297 4595 3535 4649 suadens

1953 4697 2013 4742 ut
2037 4685 2229 4741 attenti
2249 4692 2434 4740 essent
2453 4698 2785 4754 semperque
2809 4685 2877 4739 ad
2905 4685 3102 4739 anima:
3123 4698 3404 4738 excessum
3434 4700 3533 4754 pa-

1947 4779 2074 4839 rati.
2133 4776 2326 4831 dicens
2361 4791 2375 4828 :
2419 4773 2752 4830 JEmilianus
2799 4774 2902 4828 iste
2940 4773 3096 4829 vobis
3136 4774 3386 4844 exemplo
3423 4775 3531 4840 sit;

1943 4887 2105 4942 quem
2152 4869 2276 4924 ideo
2315 4868 2476 4938 plane
2511 4867 2764 4938 permisit
2797 4867 2940 4922 Deus
2985 4867 3056 4922 ita
3095 4866 3239 4922 foede
3272 4877 3326 4922 et
3366 4867 3535 4922 misc-

1947 4963 2190 5018 rabiliter
2233 4961 2291 5016 in
2340 4962 2584 5016 omnium
2623 4969 2867 5016 vestrum
2903 4960 3076 5016 oculis
3111 4977 3140 5016 a
3174 4977 3319 5016 saevo
3353 4961 3536 5032 impu-

1944 5055 2148 5112 dicitiae
2176 5056 2431 5110 daemone
2451 5053 2710 5124 opprimi,
2740 5063 2798 5108 ut
2818 5068 2915 5108 vos
2941 5053 3249 5109 efficiamini
3281 5055 3536 5110 meliores

1945 5155 2110 5216 atque
2137 5159 2204 5200 ex
2235 5145 2358 5215 ejus
2384 5145 2653 5215 supplicio
2684 5145 2893 5200 lucrum
2925 5146 3232 5217 reponetis.
3266 5147 3336 5201 At
3363 5146 3534 5214 enim,

1947 5236 2146 5312 inquit,
2193 5235 2365 5290 Deum
2399 5251 2644 5302 oremus,
2686 5243 2743 5291 ut
2778 5237 2823 5291 is
2853 5235 2935 5292 vir
2966 5252 2996 5291 a
3030 5237 3230 5292 talibus
3271 5237 3526 5292 liberetur

1948 5331 2188 5389 insidiis.
2213 5332 2283 5386 Et
2307 5331 2399 5386 ille
2431 5330 2653 5402 quidem
2686 5333 2871 5388 statim
2907 5346 3006 5403 pro
3039 5331 3208 5387 fratre
3229 5338 3315 5387 est
3341 5346 3532 5401 preca.

1953 5435 2061 5482 tus.
2097 5423 2272 5480 Totus
2303 5438 2438 5480 vero
2467 5424 2756 5480 confestim
2787 5425 2941 5481 lo‘Cus
2968 5434 3108 5479 tetro
3142 5424 3310 5479 odore
3340 5423 3535 5494 plenus

1546 5538 1784 5594 VAle
1821 5541 2231 5600 LECTIONES.

327 5643 362 5684 ει
398 5632 476 5687 al.
516 5633 624 5688 ins.
656 5635 790 5700 πρὸς
823 5635 978 5688 Θεόν.
1064 5645 1086 5674 τ
1120 5636 1190 5691 al.
1233 5635 1308 5700 ὡς
1330 5631 1543 5691 οἷόντε.

1426 5733 1618 5790 JOAN.
1657 5734 1997 5792 BOLLANDI
2054 5733 2286 5793 NOTAE.

325 5827 449 5897 (82)
490 5827 615 5904 llam
649 5846 756 5885 non
789 5829 839 5883 in
868 5827 1129 5901 (Egypto,
1150 5832 1243 5886 sed
1275 5830 1415 5902 apud
1438 5831 1495 5886 S.
1523 5830 1871 5904 Euthymium
1913 5841 2132 5904 peracta
2160 5839 2411 5889 asserunt
2441 5829 2641 5886 Menaea
2683 5839 2736 5888 et
2771 5828 3104 5900 Nicephorus
3133 5843 3297 5898 supra
3323 5825 3530 5898 proleg.

239 5919 307 5959 It.
343 5901 572 5955 Oet“.

586 5994 857 6056 ΡΑτιιοι..
895 5994 1008 6055 Gn.
1036 5993 1254 6057 CXIV.

782 6111 812 6134 ρ

3175 5990 3253 6052 21
