3846 6460
349 330 448 396 551
1587 328 1872 389 MENSIS
1903 329 2364 395 JANUAHIUS.
3504 335 3611 400 εει

341 451 464 512 fuit,
512 448 652 503 velut
702 445 944 501 ardentis
984 444 1208 500 sulfuris
1236 487 1249 509 ,
1302 458 1514 513 voxque
1567 442 1796 498 fetorem
1841 452 1926 497 est

2047 444 2138 497 (at
2175 445 2202 497 6
2250 445 2351 516 μὲν
2392 445 2593 500 αὐτίκα
2637 445 2730 499 τοῦ
2777 445 3010 515 ἀδελφοῦ
3061 424 3421 519 ύπερηύχετο.
3472 449 3531 503 Ὀ
3557 452 3613 504 δέ

335 549 649 600 consecuta,
683 537 914 591 dicens:
949 536 1060 607 Ege
1100 550 1220 590 sum
1258 533 1642 590 fornicationis
1670 532 1916 603 spiritus.

2047 532 2195 595 τόπος
2237 533 2398 597 εὐθὺς
2445 533 2614 600 ἄπας,
2644 534 2913 598 δυσωδίας
2966 534 3167 601 πολλῆς,
3202 536 3610 607 ἀναπέπληστο,

339 630 544 687 Deinde
580 630 818 683 surrexit
872 625 1039 682 frater
1074 635 1387 697 temperans
1425 634 1482 680 et
1520 639 1669 681 sanae
1700 625 1919 689 mentis,

2047 624 2182 679 λείου
2208 626 2461 698 καθάπερ
2485 627 2632 689 τινὸς
2651 627 3078 697 ὑποκαιομένοψ
3107 627 3203 682 καὶ
3226 628 3377 698 φωνὴ
3402 630 3470 699 τῇ
3493 630 3614 684 δυσ-

340 726 457 792 ipse
482 736 698 791 qunque
730 738 793 775 ex
830 720 925 775 illo
960 728 1205 790 tempore
1254 719 1452 783 factus,
1485 718 1645 789 juxta
1676 718 1920 773 divinum

2047 720 2190 792 νδίᾳ]
2211 722 2594 793 ἐπηκολούθει,
2629 722 2772 793 Ἐγώ
2807 725 2923 792 εἰμι
2977 723 3040 776 τὸ
3073 722 3174 793 τῆς
3215 723 3497 794 πορνείας,
3525 723 3611 777 λέ-

339 814 681 887 Δροειοιιιιιι,
714 830 807 868 vas
838 812 1122 869 electionis
1146 813 1209 866 ".

2047 831 2229 882 γοντα,
2284 813 2526 884 πνεῦμα.
2572 816 2681 868 Καὶ
2714 815 2774 868 τὸ
2806 816 2933 885 ἑξῆς
2982 814 3282 885 σωφρονῶν
3322 817 3350 868 6
3395 814 3617 886 ἁδελφὸς

343 913 437 966 καὶ
477 913 664 981 νήφων
716 909 997 971 ἀνίστατο,
1057 906 1251 970 σκεῦος
1309 906 1541 977 ἐκλογῆς
1593 907 1687 960 καὶ
1735 908 1921 970 αὐτὸς,
1965 910 2104 964 κατὰ
2171 910 2263 964 τὸν
2295 910 2440 966 θεῖον
2486 910 2814 967 Ἀπόστολον
2843 951 2859 977 ,
2923 910 2988 964 τὸ
3043 911 3141 964 ἀπ’
3204 911 3418 965 ἐκείνου
3471 913 3594 979 γενό

344 1022 530 1076 μενος.

412 1100 618 1156 LXVII.
658 1100 774 1156 Sub
807 1102 946 1157 idem
982 1115 1112 1155 vero
1144 1111 1377 1171 tempus.
1406 1116 1529 1156 cum
1559 1110 1702 1157 terra
1732 1101 1931 1171 pluvize

2100 1103 2216 1157 ΞΖ’.
2267 1101 2403 1155 Ὑπὸ
2437 1101 2495 1155 δὲ
2525 1101 2618 1155 τὸν
2645 1102 2808 1156 αὑτὸν
2836 1100 3029 1172 χρόνον
3063 1100 3157 1155 καὶ
3177 1100 3275 1172 τῆς
3318 1099 3423 1171 γῆς
3453 1100 3619 1171 ἀνομ-

340 1195 570 1264 penuria
611 1184 973 1264 premeretur,
1016 1194 1152 1248 adeo
1186 1202 1246 1248 ut
1275 1194 1474 1249 coelum
1508 1194 1728 1265 quidem
1768 1209 1935 1264 super

2047 1193 2161 1266 Ξρίᾳ
2195 1192 2549 1264 πιεζομένης,
2599 1192 2742 1245 ὥστε
2790 1188 2931 1245 εἶναι
2964 1180 3056 1244 τὸν
3089 1191 3188 1261 μὲν
3219 1191 3451 1260 οὐρανὸν
3486 1192 3617 1262 ὑπὲρ

343 1296 531 1357 caput,
556 1286 713 1357 juxta
740 1285 1041 1358 Scriptura:
1067 1287 1398 1343 sententiam
1426 1288 1489 1353 η,
1523 1295 1667 1343 esset
1697 1303 1932 1365 anteum,

2047 1286 2297 1354 κεφαλῆς,
2332 1284 2474 1339 κατὰ
2504 1283 2565 1337 τὸ
2610 1283 2925 1356 εἰρημένον,
2971 1280 3231 1353 χαλκοῦν,
3274 1281 3375 1351 τὴν
3424 1281 3481 1335 δέ
3519 1282 3620 1351 γῆν

343 1388 488 1434 terra
510 1389 693 1434 autem
715 1381 907 1436 subtus
941 1379 1139 1446 ferrea,
1163 1390 1357 1451 etquae
1385 1392 1536 1434 erant
1560 1383 1704 1435 circa
1730 1382 1934 1435 lauram

2047 1378 2297 1433 ὅποκάτω
2330 1377 2579 1449 σιδηρᾶν,
2609 1380 2705 1431 καὶ
2741 1376 2848 1429 τῶν
2891 1377 3023 1447 περὶΙ
3058 1374 3159 1446 τὴν
3179 1374 3389 1445 λαύραν
3407 1374 3619 1428 λάκκων

344 1473 597 1529 cisternae
630 1482 817 1528 essent
847 1475 998 1528 intus
1041 1473 1288 1528 siccitate
1331 1488 1394 1528 ac
1436 1474 1660 1543 pulvere
1693 1474 1933 1543 repletze,

2047 1469 2263 1542 αὐχμοῦ
2307 1469 2375 1524 τὰ
2399 1470 2546 1524 ἔνδον
2582 1470 2678 1523 καὶ
2707 1468 2909 1532 κόνεως
2943 1466 3478 1538 ἀναπεπλησμένων,
3511 1467 3619 1520 δει-

343 1566 523 1635 gravis
544 1564 766 1621 alllictio
788 1564 1027 1632 {tenebat
1059 1564 1254 1619 fratres
1285 1583 1297 1618 :
1333 1574 1388 1618 et
1434 1581 1557 1619 cum
1591 1565 1749 1619 beato
1773 1580 1934 1620 accc--

2047 1563 2107 1635 νὴ
2136 1563 2315 1634 θλίψις
2352 1564 2564 1634 συνεῖχε
2603 1563 2728 1626 τοὺς
2754 1560 3041 1631 ἀδελφούς*
3073 1560 3171 1613 καὶ
3200 1558 3298 1612 σὺν
3334 1558 3411 1630 τῷ
3443 1576 3619 1629 μακα-

343 1657 538 1712 dentes
576 1656 913 1721 Theoct'sto,
960 1672 1218 1729 magnum
1271 1658 1540 1727 rogabant
1578 1656 1931 1728 Euthymtutn

2047 1656 2167 1727 ρίτῃ
2197 1656 2590 1727 προσελθόντες
2627 1653 2963 1724 Θεοκτίστῳ,
3000 1651 3097 1705 τοῦ
3143 1651 3386 1722 μεγάλου
3417 1651 3622 1705 ἐδέοντο

346 1748 612 1818 (sciebant
648 1747 793 1803 enim
825 1717 1029 1818 quanta
1053 1717 1179 1816 ejus
1212 1717 1363 1801 esset
1394 1747 1539 1816 apud
1581 1717 1751 1801 Deum
1794 1746 1932 1800 ﬁdu-

2047 1717 2317 1818 Εὐθυμίου
2352 1746 2593 1818 (ᾔδεισαν
2621 1749 2733 1816 γὰρ
2767 1745 2856 1798 οἶα
2895 1717 3032 1815 πρὸς
3063 1717 3198 1797 Θεδν
3228 1717 3388 1815 ἀύτῷ
3415 1744 3623 1815 παρῤη-

342 1841 474 1910 cia),
495 1851 555 1894 ut
579 1841 776 1896 cretum
807 1855 904 1910 per
933 1854 1125 1909 preces
1154 1842 1414 1908 aperiret,
1443 1838 1704 1908 illincque
1735 1853 1934 1909 aquam

2047 1840 2174 1911 σία),
2211 1840 2278 1893 δι’
2304 1842 2472 1912 εὐχῆς
2501 1838 2713 1903 ἀνοῖξαι
2741 1838 2834 1890 τὸν
2861 1835 3113 1909 οὐρανὸν,
3141 1834 3237 1889 καὶ
3267 1834 3416 1905 ὕδωρ
3444 1834 3622 1896 αὐτοῖς

343 1935 425 2003 gis
451 1934 771 1997 deduceret,
797 1933 1043 1989 siccitate
1077 1932 1231 1988 valde
1261 1932 1661 1987 laborantibus.
1688 1930 1782 1986 llle
1808 1946 1937 1986 vero

2047 1933 2253 1987 ἐκεῖθεν
2284 1934 2660 2002 κατενεγκεῖν,
2707 1931 2914 2002 σφόδρα
2952 1929 3030 1999 τῷ
3059 1925 3259 1999 αὐχμῷ
3303 1926 3621 1997 κάμνουσιν.

345 2042 455 2081 non
485 2026 906 2096 acquiescebat;
938 2040 1061 2080 eam
1096 2040 1211 2080 rem
1241 2039 1444 2080 vocans
1472 2023 1565 2078 Dei
1593 2023 1938 2094 disciplinam

2049 2028 2109 2080 Ὀ
2134 2027 2190 2081 δὲ
2227 2028 2328 2081 οὐκ
2364 2024 2629 2097 ἠνείχετο·
2664 2023 2915 2079 παιδείαν
2966 2021 3103 2075 Θεοῦ
3158 2021 3260 2075 καὶ
3293 2022 3543 2091 πύρωσιν
3566 2021 3625 2072 τὸ

344 2130 396 2173 et
441 2119 819 2188 probationem
859 2118 1009 2173 velut
1053 2133 1150 2188 per
1198 2118 1406 2188 ignem,
1450 2125 1675 2187 pr0ptrr
1713 2127 1938 2187 peccata

2047 2120 2279 2189 πρᾶγμα
2309 2117 2511 2181 καλῶν,
2550 2115 2618 2170 δι’
2644 2117 2921 2188 ἁμαρτίας
2970 2112 3345 2184 ἐπαγομένην.
3393 2113 3466 2167 Δί
3501 2110 3625 2167 ὁδοί

345 2211 639 2265 invectam.
678 2209 785 2264 Viae
811 2211 965 2264 enim
1000 2218 1127 2277 tum,
1166 2208 1346 2280 inquit
1386 2209 1609 2263 divinus
1650 2206 1937 2271 Jeremias,

346 2310 395 2355 et
426 2300 604 2355 studia
634 2310 725 2355 tua
757 2303 994 2371 fecerunt
1023 2301 1117 2355 tibi
1149 2299 1260 2355 [uec
1280 2301 1345 2354 ".
1376 2301 1443 2355 Et
1481 2308 1768 2370 propterea
1801 2299 1940 2354 forte

348 2410 525 2465 neque
556 2394 809 2450 exaudiet
842 2409 946 2460 me,
972 2393 1094 2465 ejus
1126 2392 1449 2463 benignitati
1482 2408 1673 2464 preces
1704 2392 1941 2449 funden-

349 2498 479 2542 tem.
514 2486 596 2542 Ne
634 2501 749 2540 om
795 2485 966 2550 enim,
1010 2486 1192 2556 inquit
1232 2500 1426 2541 rursus
1469 2486 1612 2541 idem
1649 2486 1938 2557 propheta,

348 2597 444 2649 pro
466 2581 660 2652 populo
678 2582 793 2646 hoc,
818 2589 868 2634 et
894 2596 957 2635 ne
978 2579 1211 2651 postules
1239 2595 1337 2651 pro
1362 2580 1473 2644 eis;
1498 2581 1623 2651 quia
1646 2595 1748 2635 non
1772 2596 1935 2636 exau-

346 2671 493 2729 diam
523 2682 571 2727 te
596 2673 660 2726 ¹⁸.
713 2674 892 2742 Atque
930 2673 1049 2728 haec
1076 2672 1298 2743 quidem
1332 2672 1551 2728 divinus
1590 2673 1936 2745 Eutbymius,

347 2767 612 2823 differens
641 2768 709 2823 de
743 2768 847 2823 hoc
885 2768 1058 2823 Deum
1102 2783 1319 2840 rogare,
1362 2767 1435 2823 ob
1469 2767 1753 2824 modestia:
1782 2784 1942 2825 exsu-

350 2862 656 2930 perantiam

2040 2228 2157 2268 σου
2185 2213 2315 2283 γὰρ,
2345 2213 2510 2283 φησιν
2553 2211 2823 2281 Ἱερεμίας
2842 2209 2871 2261 6
2901 2207 3062 2271 θεῖος,
3095 2205 3191 2260 καί
3219 2204 3293 2259 τὰ
3319 2204 3625 2272 ἐπιτηδεύ-

2035 2305 2195 2378 ματά
2225 2320 2366 2370 σου,
2403 2304 2704 2372 ἐποίησάν
2754 2319 2855 2356 σοι
2900 2300 3109 2355 ταῦτα.
3176 2298 3283 2352 Καὶ
3330 2297 3422 2351 διὰ
3474 2295 3624 2350 τοῦτο

2040 2400 2183 2472 τάχα
2201 2399 2323 2454 οὐδὲ
2347 2395 2730 2452 είσακούσεταί
2760 2411 2888 2466 μου,
2925 2394 3028 2464 τῆς
3052 2390 3220 2446 αὑτοῦ
3258 2389 3621 2463 χρηστότητος

2040 2493 2316 2562 δεομενου.
2348 2491 2446 2560 Μὴ
2474 2491 2661 2560 εὔχου
2691 2489 2821 2559 γὰρ,
2860 2487 3025 2559 φησὶν
3050 2488 3079 2540 6
3107 2484 3270 2548 αὐτὸς
3305 2483 3473 2538 πάλιν
3500 2497 3625 2553 προ·

2043 2589 2245 2661 φήτης,
2271 2585 2408 2654 περὶ
2437 2582 2544 2639 τοῦ
2564 2582 2729 2638 -λαοῦ
2750 2582 2990 2643 τούτου,
3026 2578 3126 2633 καί
3160 2577 3242 2647 μὴ
3271 2575 3471 2643 ἀξιοῖς
3499 2573 3625 2644 περὶ

2042 2678 2262 2746 αὐτῶν,
2309 2678 2401 2733 ὅτι
2448 2680 2561 2733 οὐκ
2612 2674 3052 2742 είσακούσομαί
3095 2688 3235 2727 σου.
3290 2670 3403 2726 Καὶ
3459 2669 3624 2724 ταῦτα

2045 2773 2146 2844 μὲν
2170 2775 2199 2827 ὁ
2222 2773 2367 2836 θεῖος
2408 2769 2703 2841 Εὐθύμιος,
2739 2766 3183 2837 ἀναϐαλλόμενος
3210 2764 3312 2834 τὴν
3341 2762 3485 2835 ὑπὲρ
3509 2762 3625 2816 τού·

2041 2884 2136 2920 του
2193 2866 2330 2935 πρὸς
2382 2865 2515 2916 Θεὸν
2554 2863 2740 2932 δέησιν
2765 2903 2780 2926 ,
2829 2860 2916 2914 διὰ
2947 2855 3422 2931 μετριοερροσύνης
3458 2856 3621 2928 ὑπερ-

2043 2956 2227 3028 ϐολήν.

425 3035 657 3092 LXVIII.
694 3036 831 3092 Cum
873 3046 1058 3092 autem
1100 3037 1479 3094 intenderetur
1510 3038 1806 3111 flagellum,
1853 3041 1937 3096 in-

2115 3048 2241 3104 EH'.
2288 3046 2734 3119 Ἐπιτεινομὲνης
2790 3045 2847 3101 δὲ
2883 3046 2983 3116 τῆς
3039 3042 3330 3116 μάστιγος,
3393 3042 3489 3096 καὶ
3532 3039 3626 3111 τῆς

351 3129 761 3198 Valesceretque
798 3128 998 3199 pluviae
1037 3128 1325 3195 defectus;
1369 3130 1568 3187 deinde
1606 3149 1736 3189 vero
1778 3134 1941 3188 etiam

355 3219 459 3274 vici
490 3219 581 3290 qui
613 3227 770 3273 erant
800 3218 1161 3274 circumcirca
1189 3219 1425 3291 graviori
1456 3223 1788 3279 necessitate
1818 3239 1945 3295 pre-

356 3319 678 3378 merentur;
727 3308 984 3380 quoniam
1030 3310 1148 3366 dies
1196 3322 1317 3366 erat
1358 3321 1587 3368 octavus
1624 3323 1941 3371 sanctorum

356 3402 861 3475 Tbeophauiurum,
888 3413 943 3459 et
970 3404 1083 3474 jam
1109 3404 1410 3461 advenerat
1441 3408 1771 3477 praafinitum
1800 3419 1939 3466 tem-

356 3513 479 3570 pus,
509 3496 619 3569 quo
650 3498 833 3553 exibat
867 3498 950 3553 vir
983 3499 1040 3552 in
1075 3506 1282 3553 vastam
1312 3499 1687 3568 solitudinem,
1718 3504 1947 3559 confluit

355 3608 427 3659 qu
450 3592 575 3646 dem
607 3590 674 3646 ad
710 3606 835 3646 cum
865 3590 1156 3645 multitudo
1182 3606 1472 3647 numerum
1500 3599 1791 3660 excedens,
1820 3611 1948 3650 cru-

356 3684 737 3739 cesbabentes
764 3683 819 3737 in
846 3683 1119 3749 manibus,
1150 3692 1205 3737 et
1247 3682 1414 3754 Kyrie
1458 3685 1655 3740 eleison
1691 3688 1827 3755 (83),
1882 3692 1947 3742 de

358 3792 530 3839 more,
563 3792 671 3831 non
703 3791 799 3830 ore
830 3783 1063 3842 tantum,
1096 3775 1192 3830 sed
1224 3777 1390 3830 etiam
1433 3777 1589 3832 labiis
1623 3762 1803 3834 cordis
1832 3780 1945 3834 ela-

358 3880 594 3926 mantes.
638 3870 733 3925 llle
772 3884 901 3924 vero
946 3867 1120 3923 ﬂexus
1169 3868 1387 3924 illorum
1431 3873 1945 3941 supplicationibus,

359 3964 428 4019 ad
455 3978 552 4019 ens
576 3962 877 4033 egreditur,
899 3962 1086 4032 aitque
1116 3980 1129 4016 :
1155 3960 1284 4016 Mihi
1311 3963 1556 4032 quidem,
1589 3979 1622 4017 ο
1651 3964 1767 4031 ﬁlii,
1799 3966 1975 4021 nulla.

361 4066 448 4112 cst
485 4056 553 4111 ad
598 4056 768 4110 Deum
813 4056 1032 4121 ticucia,
1072 4054 1439 4124 loquendique
1481 4056 1729 4120 audacia,
1762 4065 1818 4112 ut
1855 4061 1949 4129 qui

361 4152 467 4206 sim
508 4159 780 4221 peccator,
830 4158 887 4204 et
930 4148 1052 4218 plus
1093 4164 1257 4218 quam
1302 4148 1441 4203 alius
1492 4149 1634 4205 ullus
1672 4165 1811 4221 opus
1855 4153 1951 4206 ha-

363 4246 519 4297 lzeam
570 4242 689 4312 ejus
733 4241 1063 4306 ciententia;
1106 4242 1522 4313 praesertimque
1568 4258 1718 4298 nunc
1760 4244 1815 4298 in
1854 4245 1945 4299 tali

362 4337 626 4391 adversus
667 4348 770 4387 nos
814 4332 907 4387 irae
950 4343 1218 4404 tempore,
1260 4350 1348 4389 res
1387 4336 1518 4390 mihi
1559 4336 1663 4392 erit
1704 4337 1946 4393 audacia:

2044 3140 2349 3211 ἀνομδρίας
2384 3137 2817 3213 ἐπικρατούσηςο
2851 3132 2974 3190 εἶτα
3023 3136 3119 3190 καὶ
3167 3135 3275 3188 τῶν
3314 3133 3479 3206 πέριξ
3524 3148 3627 3184 κω-

2048 3233 2168 3305 μῶν
2199 3233 2469 3301 ἀνάγκαις
2502 3230 2889 3303 σφοδροτέραις
2946 3225 3323 3299 συνεχομένων
3351 3244 3363 3255 ·
3401 3225 3625 3295 ἐπείπερ

2044 3325 2273 3397 ήδγδόη
2335 3324 2445 3377 τῶν
2500 3323 2674 3392 ἁγίων
2717 3321 3032 3392 Θεοφανίων
3075 3319 3261 3392 ἡμέρα
3319 3314 3428 3389 ἦν,
3465 3319 3558 3373 καί
3592 3318 3623 3386 ἡ

2046 3415 2355 3490 προθεσμία
2391 3415 2492 3488 ἤδη
2530 3418 2632 3486 τῆς
2684 3416 2778 3469 ἐπὶ
2834 3415 2934 3486 τὴν
2969 3415 3290 3484 πανέρημον
3319 3411 3506 3478 ἐξόδου
3533 3405 3622 3462 τοῦ

2043 3509 2239 3581 ἀνδρὸς
2270 3512 2595 3578 ἐνειστήκει,
2627 3508 2818 3582 συρρεῖ
2852 3507 2953 3577 μέν
2984 3507 3185 3577 πλῆθός
3214 3522 3266 3558 τι
3296 3504 3439 3578 πρὸς
3469 3501 3625 3558 αὑτὸν

2044 3600 2282 3672 ἀριθμοῦ
2323 3603 2591 3672 κρεῖττον,
2622 3599 2891 3670 σταυροὺς
2917 3599 2975 3651 ἐν
2996 3600 3119 3662 ταῖς
3151 3598 3343 3669 χερσὶν
3390 3595 3618 3666 ἔχοντες,

2041 3696 2236 3760 καὶτὸ,
2260 3696 2457 3764 Κύριε,
2490 3692 2777 3761 ἐλέησον,
2802 3690 2991 3762 ὥσπερ
3022 3689 3273 3761 σύνηθες,
3307 3689 3372 3741 ού
3402 3686 3623 3757 στόματι

2049 3785 2231 3852 μόνον,
2282 3784 2419 3838 ἀλλὰ
2470 3790 2567 3837 καὶ
2597 3782 2804 3852 χείλεσι
2860 3781 3096 3853 καρδίας
3140 3779 3525 3850 ἐπιϐοώμενοι.
3568 3776 3623 3829 '0

2045 3878 2104 3931 δὲ
2156 3880 2278 3939 ταῖς
2318 3876 2495 3940 λιταῖς
2547 3874 2777 3929 ἐκείνων
2831 3873 3227 3945 ἐπικαμφθεὶς,
3272 3869 3446 3938 ἔξεισι
3498 3870 3627 3941 πρὸς

2049 3970 2270 4033 αὐτούς’
2322 3969 2479 4039 Ἐμοὶ
2536 3969 2635 4039 μὲν
2663 3968 2915 4039 οὐδεμία,
2951 3968 3149 4036 λιγων,
3181 3960 3226 4019 ὦ
3263 3966 3457 4029 τέκνα,
3498 3962 3628 4033 πρὸς

2047 4064 2236 4133 Θεδνή
2276 4061 2561 4135 παρρησία
2591 4061 2761 4128 ἐστὶν,
2794 4059 3106 4133 ἁμαρτωλῷ
3132 4075 3191 4113 τε
3213 4058 3329 4112 ὄντι
3375 4058 3470 4112 καὶ
3492 4074 3623 4109 πανο

2045 4155 2135 4217 τὸς
2166 4153 2366 4225 μᾶλλον
2415 4152 2657 4223 δεομένῳ
2687 4151 3120 4223 φιλανθρωπίας·
3154 4151 3247 4204 καὶ
3274 4148 3511 4220 μάλιστα
3537 4146 3626 4199 νῦν

2047 4250 2105 4301 ἐν
2153 4244 2334 4317 καιρῷ
2384 4244 2569 4317 τοιῷδε
2609 4245 2712 4315 τῆς
2757 4246 2884 4299 καθ’
2925 4245 3085 4315 ἡμῶν
3121 4242 3315 4315 ὀργῆς,
3366 4239 3626 4313 τολμηρόν

2051 4358 2142 4409 μοι
2173 4338 2293 4408 Θεῷ
2336 4340 2725 4408 προσενεγκεῖν
2755 4337 2963 4408 δέησιν,
3000 4336 3067 4403 ὃς
3100 4334 3337 4403 δίδωσι,
3375 4334 3515 4388 κατὰ
3544 4330 3626 4383 τὸν

363 4428 545 4499 plena,
572 4425 682 4481 Deo
708 4440 900 4496 preces
926 4426 1144 4489 ofl‘erre,
1169 4427 1283 4497 qui,
1313 4437 1372 4482 ut
1393 4427 1471 4483 ait
1494 4428 1714 4485 divinus
1737 4430 1904 4485 Isaias
1926 4472 1941 4498 ,

2056 4433 2345 4487 θεσπέσιον
2410 4432 2658 4497 Ἡσαΐαν,
2712 4429 2897 4499 ἄρτον
2971 4432 3240 4499 θλίψεως
3267 4469 3282 4494 ,
3331 4428 3432 4480 καὶ
3480 4424 3627 4491 ὕδωρ

366 4520 472 4575 Dat
511 4535 702 4589 panem
746 4518 1077 4588 afﬂictionis,
1120 4530 1170 4572 et
1209 4535 1405 4589 aquam
1443 4530 1727 4590 angustant
1752 4523 1815 4576 ¹⁹.
1850 4521 1958 4587 Qui

365 4614 586 4683 aperiet,
630 4622 679 4666 et
722 4627 826 4665 non
870 4611 972 4665 erit
1017 4611 1107 4680 qui
1146 4611 1490 4677 occludet",-
1534 4623 1585 4666 et
1621 4601 1852 4679 claudet,
1902 4624 1951 4669 et

367 4722 471 4758 non
492 4715 565 4759 est
597 4705 686 4775 qui
719 4704 925 4772 aperiat
948 4702 1015 4754 ’⁸.
1056 4699 1190 4756 Nam
1221 4712 1441 4771 peccata
1472 4711 1662 4758 nostra
1690 4716 1950 4774 separant

371 4798 510 4850 inter
546 4795 728 4864 ipsum
759 4802 816 4847 et
850 4809 972 4847 nos.
1034 4792 1449 4862 lnquiuavimus
1478 4794 1599 4863 ejus
1632 4794 1948 4865 imaginem,

372 4886 631 4955 templum
670 4884 962 4953 polluimus
989 4898 1006 4949 ;
1045 4883 1332 4939 desideriis
1364 4893 1421 4938 et
1451 4884 1818 4954 voluptatibus
1847 4902 1945 4941 va-

367 4980 465 5033 riis
514 4976 782 5032 servimus
810 4978 877 5041 ⁸³,
937 4975 1159 5031 invidia:
1213 4984 1268 5033 ct
1324 4978 1568 5033 avaritiae
1630 4977 1942 5049 haeremus;

365 5070 642 5124 evasimus
671 5068 722 5123 ei
750 5069 946 5136 odiosi,
976 5068 1226 5125 odientes
1264 5070 1521 5126 invicem.
1556 5070 1943 5131 Verumtamen

368 5162 497 5233 quia
538 5164 804 5233 benignus
852 5170 936 5218 est
971 5162 1132 5220 nobis
1180 5163 1469 5231 Dominus,
1524 5166 1944 5240 solaiindigens

439 5282 483 5314 "
504 5279 627 5337 Act.
678 5295 752 5347 Ix,
784 5280 871 5334 15.
949 5280 996 5313 ⁸⁸
1024 5281 1184 5338 Deut.
1210 5298 1399 5351 xxvut,
1428 5280 1520 5339 25.

366 5351 455 5407 20.
531 5351 577 5383 ⁸⁸
601 5352 710 5407 lsa.
736 5368 868 5418 mi,
897 5351 989 5410 22.
1066 5353 1109 5384 “
1142 5352 1248 5408 lsa.
1277 5370 1385 5420 LIX,
1421 5357 1476 5409 2.
1553 5353 1599 5389 η
1628 5354 1737 5411 Tit.
1770 5371 1853 5411 ιιι.
1887 5357 1939 5411 5.

2053 4527 2298 4581 στενόνο
2338 4524 2406 4592 ὃς
2432 4525 2683 4590 ἀνοίξει,
2726 4525 2823 4578 καί
2877 4525 2988 4578 οὐκ
3023 4524 3196 4578 ἐσται
3235 4524 3268 4575 ό
3296 4519 3629 4574 ἀποκλείων

2055 4618 2155 4674 καί
2189 4621 2441 4685 κλείσει,
2478 4618 2579 4672 καί
2625 4621 2737 4673 οὐκ
2778 4619 2952 4671 ἔστιν
3007 4620 3039 4670 ό
3084 4615 3365 4685 ἀνοίγων.
3413 4616 3480 4667 Ai
3528 4615 3628 4680 γὰρ

2054 4712 2324 4781 ἁμαρτίαι
2395 4711 2557 4781 ἡμῶν
2604 4710 2879 4764 διιστῶσιν
2937 4709 3040 4763 ἀνὰ
3099 4709 3264 4779 μέσον
3321 4707 3489 4762 αὐτοῦ
3543 4704 3629 4758 καὶ

2055 4801 2233 4871 ἡμῶν.
2284 4800 2715 4874 Ἐῤῥυπώσαμεν
2765 4803 2866 4871 τὴν
2927 4800 3092 4854 αὑτοῦ
3137 4799 3346 4864 εἰκόνα,
3387 4799 3480 4852 τδν
3512 4797 3629 4849 ναὸν

2056 4892 2384 4962 ὲμιάναμεν,
2416 4891 2739 4962 δουλεύομεν
2772 4890 3090 4962 ἐπιθυμίαις
3145 4889 3237 4944 καὶ
3276 4889 3489 4958 ἡδοναῖς
3518 4903 3629 4938 ποια

2058 4986 2260 5048 κίλαις,
2292 4985 2471 5054 φθόνῳ
2511 4986 2606 5039 καὶ
2654 4984 2939 5058 πλεονεξίᾳ
2978 4983 3378 5057 προσκείμεθα⁶
3412 4980 3628 5051 γεγόνα-

2064 5096 2163 5147 μεν
2193 5077 2342 5149 αύτῷ
2373 5078 2650 5149 στυγητοὶ,
2689 5076 2975 5150 μισοῦντες
3024 5074 3307 5145 ἀλλήλους..
3342 5073 3490 5135 Πλὴν
3521 5066 3627 5122 ἀλλ’

2054 5172 2179 5226 ἐπεὶ
2210 5171 2594 5245 φιλάνθρωπος
2626 5173 2758 5244 ἡμῖν
2796 5174 2818 5203 ³
2858 5172 2886 5223 6
2949 5169 3250 5239 Δεσπότης,
3308 5164 3627 5238 προφάσεως

1603 5281 1700 5358 ’Ἦ
1723 5284 1872 5340 Petr.
1889 5302 1944 5358 in

2049 5287 2117 5355 2;
2161 5287 2363 5345 Jerem.
2401 5306 2474 5358 tv,
2506 5288 2590 5345 l8.
2673 5288 2716 5320 ⁸⁸
2747 5286 3072 5353 Jerem.vu,
3108 5286 3197 5340 16.
3277 5284 3323 5318 ¹⁹
3362 5283 3465 5338 lsa.
3506 5295 3625 5341 xxx,

1646 5473 1879 5529 VAlile
1918 5470 2319 5530 LECTIONES.

440 5580 461 5608 '
500 5574 569 5629 al.
600 5572 778 5645 ἡμῶν.

1557 5638 1746 5696 JOAN.
1791 5636 2136 5696 BOLLANDI
2171 5633 2406 5694 NOTAE.

436 5744 544 5816 (85)
574 5740 1038 5816 Usutnantiquum
1060 5738 1397 5816 Litaniarum
1411 5734 1939 5816 defendit_Nicolaus
2048 5734 2462 5816 eteisonueaflem
2505 5729 2719 5814 ratione
2751 5730 2819 5816 in_
2842 5728 2996 5786 Actis
3027 5726 3086 5785 S.
3123 5726 3393 5784 Simeonis
3426 5721 3624 5795 Stylits

368 5807 624 5873 Soranus
654 5822 838 5870 noster
858 5807 1072 5870 duobus
1116 5808 1314 5869 ιιιειιε
1361 5807 1737 5869 Litaneuticis.
1783 5808 1951 5879 Hyrie

2059 5821 2222 5877 supra
2253 5804 2287 5860 5
2326 5802 2569 5860 Januarii
2601 5809 2912 5873 usurpatur.
