3846 6470
304 401 414 466 65')

1550 415 1833 477 MENSIS
1861 418 2323 481 JANUARIUS.

3463 429 3571 492 660

304 519 435 582 Qua:
449 517 518 570 ab
547 532 608 570 ea
635 516 850 586 quidem
876 519 1079 590 synodo
1110 531 1238 576 sunt
1266 533 1490 591 statuta,
1513 531 1755 584 nondum
1781 531 1888 585 sin-

1997 537 2093 603 τῆς
2124 535 2379 606 τοιαύτης
2431 535 2650 589 συνόδου
2715 535 3382 607 δογματισθέντανοῦπω,
3425 544 3577 610 φησὶ·

305 609 526 680 gulatim
586 611 931 667 consideravi
969 613 1189 676 omnia:
1235 619 1331 672 sed
1372 621 1516 690 quod
1579 623 1775 678 attinet
1817 625 1885 678 ad

307 703 588 758 decretum
621 704 688 758 ab
712 703 792 759 eis
831 706 1164 776 expositum,
1199 725 1302 764 non
1352 727 1573 782 possum
1605 731 1724 784 qua!
1753 716 1888 769 deﬁ-

273 786 275 789 ’
302 799 413 854 nita
445 808 572 854 sunt
605 802 1030 870 reprehendere.
1063 801 1266 859 Statuit
1293 807 1437 861 enim
1491 809 1604 879 ipsa
1647 826 1882 880 quoque,

297 893 451 964 sequi
480 895 805 948 sententiam
836 904 1198 950 trecentorum
1223 897 1410 953 decem
1442 909 1494 954 et
1529 909 1653 955 octo
1680 912 1889 957 saneto-

298 1003 420 1042 rum
457 987 678 1042 Patrum
712 988 802 1059 qui
825 987 1016 1043 Nicuem
1045 1002 1530 1060 eonvenerunt;et
1553 995 1741 1049 suadet
1768 1012 1888 1050 am-

297 1082 458 1150 plecti
477 1081 741 1150 synodum
770 1093 988 1136 centum
1015 1093 1068 1136 et
1089 1085 1477 1156 quinquaginta
1507 1086 1888 1155 Patrum;Con-

297 1176 649 1246 stantinopoli
682 1187 1139 1248 congregatorum
1165 1197 1178 1242 ;
1209 1190 1264 1233 et
1295 1181 1450 1250 jubet
1472 1197 1566 1236 eos
1606 1183 1758 1251 sequi
1794 1184 1887 1252 qui

299 1267 499 1336 Ephesi
552 1277 932 1323 convenerunt
960 1270 1222 1327 adversus
1259 1273 1482 1343 impium
1534 1275 1842 1330 Nestorium
1872 1293 1886 1341 ;

297 1359 560 1430 Cyrillum
597 1369 777 1415 autem
813 1362 1259 1428 Alexandrinum,
1291 1375 1348 1419 ut
1378 1367 1621 1435 ejusdem
1664 1378 1889 1422 senten-

299 1452 406 1516 ti:e,
447 1453 700 1504 associat.
747 1462 800 1507 et
835 1463 996 1508 rectre
1041 1455 1164 1509 ﬁdei
1212 1457 1529 1528 magistrum
1568 1461 1888 1528 proﬁtetur;

300 1540 607 1611 lleiparam,
630 1554 875 1597 sanetam
903 1545 1178 1615 Virginem
1209 1547 1380 1602 libera
1403 1549 1586 1618 lingua
1621 1550 1886 1613 nominat,

299 1641 354 1686 et
389 1633 724 1703 unigenitum
761 1633 848 1688 Dei
887 1634 1079 1690 Filium
1112 1651 1177 1691 ex
1204 1653 1267 1692 ea
1303 1647 1490 1693 natum
1520 1656 1643 1696 esse
1671 1638 1890 1706 asserit;

1989 627 2302 698 καταμέρος
2357 629 2710 700 ἐπέσκεμμαι
2763 631 2961 684 πάντα·
3002 631 3140 702 πλὴν
3191 632 3316 686 ὅσον
3353 635 3447 686 ἐπὶ
3506 632 3580 702 τῷ

1989 719 2122 789 παρ’
2146 719 2328 773 αὐτῶν
2355 719 2632 778 ἐκτεθέντι
2657 721 2787 792 ὅρῳ,
2817 723 2918 775 οὐκ
2941 723 3052 792 ἐχω
3083 723 3192 776 τῶν
3242 724 3580 794 δεδογμένων

1989 812 2368 866 ἐπιλαϐέσθαι.
2417 812 2500 866 Τά
2551 829 2609 865 τε
2649 813 2758 883 γὰρ
2796 813 2905 867 τῶν
2954 815 3282 882 τριακοσίων
3307 816 3445 870 δέκα
3488 819 3578 870 καὶ

1989 904 2134 958 ὀκτὼ
2168 903 2338 973 ἁγίων
2380 905 2640 972 Πατέρων
2686 905 2794 958 τῶν
2829 906 2971 960 κατὰ
3003 907 3241 961 Νίκαιαν
3293 909 3574 965 συνελθόν-

1988 1013 2119 1059 των,
2176 996 2271 1048 καὶ
2320 995 2456 1066 αὑτὴ
2507 995 2749 1060 δοξάζειν
2810 996 3112 1066 νομοθετετ’
3148 1000 3248 1068 τήν
3280 1015 3340 1052 τε
3364 1001 3475 1054 τῶν
3526 1004 3582 1055 ἐν

1992 1087 2570 1141 Κωνσταντινουπόλει
2622 1089 2965 1159 πεντήκοντα
3025 1089 3160 1158 πρὸς
3213 1095 3327 1154 τοῖς
3387 1093 3582 1147 ἑκατὸν

1994 1178 2210 1232 σύνοδον
2262 1177 2605 1243 ἀσπάζεσθαι
2664 1182 2940 1248 παραινεῖ,
2986 1181 3082 1236 καὶ
3124 1185 3236 1242 τοῖς
3264 1184 3323 1234 ἐν
3372 1184 3582 1255 Ἐφέσῳ

1993 1272 2136 1324 κατὰ
2193 1271 2490 1340 Νεστορίου
2527 1269 2845 1323 συνελθοῦσι
2885 1271 2977 1325 τοῦ
3027 1272 3327 1335 δυσσεϐοῦς
3360 1274 3583 1328 ἀκολου-

1995 1365 2106 1418 θεῖν
2130 1363 2437 1434 ἐπιτρέπει’
2483 1362 2749 1434 Κύριλλον
2800 1362 2858 1416 δὲ
2904 1363 2994 1418 τόν
3043 1365 3474 1436 Ἀλεξανδρείας,
3510 1368 3582 1429 ὡς

1993 1455 2246 1526 ὁμόδοξον
2296 1455 2650 1526 ὲταιρίζεται,
2685 1455 2777 1508 καὶ
2813 1453 2913 1523 τῆς
2964 1455 3134 1524 ὀρθῆς
3179 1459 3416 1516 πίστεως
3443 1458 3585 1512 διδά-

1997 1549 2196 1602 σκαλον
2257 1548 2594 1615 ἀνομολογεῖο
2638 1546 2900 1599 Θεοτόκον
2940 1547 3040 1618 τὴν
3071 1549 3234 1616 ἁγίαν
3283 1549 3579 1619 Παρθένον,

1997 1641 2258 1712 ἐλευθέρα
2323 1641 2538 1710 γλώττῃ
2601 1639 2982 1710 κατονομάζει,
3042 1642 3261 1695 καὶτὸν
3317 1644 3580 1713 μονογενῆ

299 1724 419 1780 sine
448 1734 692 1795 tempore
731 1727 951 1796 quidem
993 1737 1051 1782 et
1099 1729 1219 1784 sine
1259 1745 1489 1802 corpore
1519 1749 1585 1788 ex
1624 1733 1805 1799 Patre,
1838 1735 1888 1788 in

1997 1734 2091 1787 τοῦ
2141 1733 2275 1787 Θεοῦ
2325 1733 2476 1796 Υἱὸν,
2505 1733 2564 1797 ἐξ
2615 1734 2784 1800 αὐτῆς
2830 1733 3162 1804 γεννηθέντα
3204 1737 3220 1776 i
3268 1736 3580 1805 πρεσϐεύειο

298 1824 544 1886 tempore
567 1828 747 1873 autem
775 1829 829 1873 et
851 1821 1150 1875 secundum
1174 1838 1393 1878 carnem
1417 1841 1480 1880 ex
1505 1834 1701 1894 matre;
1724 1844 1888 1882 unum

1998 1824 2243 1896 ἀχρόνως
2300 1822 2400 1892 μὲν
2449 1824 2544 1876 καὶ
2591 1824 2900 1894 ἁσωμάτως
2943 1825 3006 1901 ἐκ
3055 1823 3150 1878 τοῦ
3198 1826 3433 1898 Πατρὸς,
3481 1828 3585 1881 ὑπὸ

297 1910 605 1972 Christum,
635 1927 663 1966 a
698 1913 860 1967 nobis
905 1913 1213 1982 inconfuse,
1260 1915 1694 1984 immutabiliter,
1756 1920 1888 1976 cit'a

1997 1919 2189 1990 χρόνον
2213 1916 2269 1969 δέ
2299 1916 2392 1970 καὶ
2421 1915 2562 1969 κατὰ
2592 1916 2772 1987 σάρκα
2808 1917 2872 1968 ἐκ
2904 1920 3002 1987 τῆς
3037 1918 3282 1988 Μητρόςσ
3311 1919 3407 1971 ἕνα
3447 1920 3582 1991 Χρι-

297 2004 647 2070 divisionem,
679 2007 731 2060 in
764 2009 974 2063 duabus
1005 2013 1217 2066 naturis
1257 2015 1565 2084 cognitum;
1596 2025 1648 2071 et
1674 2027 1888 2090 propter

1998 2008 2124 2062 στὸν
2183 2008 2336 2076 ἡμῖν,
2390 2005 2734 2076 ἀσυγχύτως,
2791 2007 3102 2077 ἀτρέπτως.
3141 2008 3487 2079 ἁδιαιρέτως,
3529 2010 3584 2063 ἐν

301 2110 400 2151 eos
440 2097 530 2167 qui
567 2098 775 2154 audent
829 2105 1122 2171 quamdam
1169 2104 1457 2160 admittere
1485 2107 1806 2163 divisionem
1843 2110 1888 2164 in

1997 2100 2114 2154 δυσὶ
2167 2101 2284 2163 ταῖς
2321 2098 2516 2168 φύσεσι
2567 2096 2990 2170 γνωριζόμενον·
3033 2098 3122 2152 διά
3168 2116 3229 2153 τε
3286 2100 3413 2163 τοὺς
3444 2100 3584 2153 διαί-

300 2187 671 2256 inexplicabili
703 2207 1016 2264 arcanaque
1053 2196 1278 2256 unione,
1315 2213 1436 2266 quae
1469 2200 1770 2255 secundum
1800 2201 1894 2274 by-

1997 2191 2149 2263 ρεσέν
2194 2209 2314 2244 τινα
2369 2190 2686 2261 τολμῶντας
2742 2189 2836 2244 ἐπὶ
2886 2192 2986 2261 τῆς
3024 2189 3146 2245 καθ’
3189 2191 3489 2245 ὑπόστασιν
3526 2192 3584 2246 ἐν

297 2278 560 2347 postasim
591 2293 688 2334 seu
727 2297 1022 2351 personam
1049 2284 1186 2341 facta
1210 2297 1292 2342 est
1323 2287 1377 2342 in
1408 2299 1586 2355 utero,
1613 2299 1667 2345 et
1692 2307 1786 2346 eos
1801 2292 1888 2361 qui

1997 2289 2063 2358 τῇ
2131 2286 2318 2356 μήτρα
2369 2285 2746 2355 γεγενημένης
2799 2285 3084 2355 ἁφράστου
3138 2283 3234 2337 καὶ
3267 2284 3581 2356 ἀπορρήτου

295 2383 398 2436 per
427 2371 847 2428 conversionem
881 2374 1074 2430 dicunt
1102 2392 1325 2433 carnem
1352 2379 1554 2435 factum
1578 2397 1698 2438 esse
1723 2383 1889 2438 Deum

297 2459 573 2524 Verbum,
603 2478 932 2536 carnemque
974 2467 1251 2540 Unigcniti
1292 2482 1549 2527 asserunt
1577 2489 1698 2530 esse
1744 2490 1890 2531 con-

298 2554 712 2613 substantialem
731 2559 1036 2630 divinitati;
1063 2572 1116 2618 et
1133 2564 1334 2635 alioqui
1359 2576 1580 2638 propter
1608 2584 1704 2624 eos
1726 2570 1889 2625 etiam

294 2648 384 2717 qui
423 2665 532 2704 non
567 2651 900 2709 conﬁtentur
945 2657 1203 2713 unionem
1260 2659 1658 2732 hypostaticam
1720 2663 1888 2719 Verbi

299 2755 424 2796 cum
479 2759 681 2812 carne,
741 2757 797 2803 at
865 2751 1305 2808 eommistionem
1352 2763 1410 2810 et
1470 2755 1888 2824 confusionem;

298 2834 500 2892 deinde
531 2847 588 2894 et
616 2841 1239 2901 consubstantiationem
1282 2847 1448 2919 impie
1489 2865 1552 2905 ac
1580 2852 1890 2923 prodigiose

296 2928 588 2997 afﬁrmant,
642 2933 734 3004 qui
783 2936 1004 3005 quidem
1050 2938 1356 2995 divinitatis
1410 2950 1466 2996 et
1509 2943 1692 2998 carnis
1725 2945 1882 2999 aiunt

296 3035 463 3074 unam
495 3020 665 3078 fuisse
696 3034 986 3092 naturam;
1018 3027 1157 3082 adeo
1183 3037 1244 3083 ut
1268 3029 1312 3083 si
1335 3039 1654 3100 spectentur
1674 3049 1794 3103 quae
1820 3035 1888 3088 ab

296 3113 409 3168 illis
438 3127 638 3182 praeter
660 3117 928 3172 rationem
957 3119 1102 3174 dicta
1137 3129 1288 3185 sunt,
1322 3136 1434 3176 non
1461 3125 1630 3194 possit
1657 3125 1891 3196 amplius

1995 2378 2278 2444 ἐνὼσεως,
2336 2379 2430 2432 καὶ
2486 2380 2612 2442 τοὺς
2647 2377 2789 2432 κατὰ
2839 2379 3048 2450 τροπὴν
3094 2379 3350 2448 λέγοντας
3404 2379 3583 2448 σάρκα

1992 2471 2325 2544 γεγενῆσθαι
2350 2469 2442 2524 τὸν
2484 2470 2580 2524 τοῦ
2614 2468 2750 2524 Θεοῦ
2786 2471 2980 2540 Λόγον,
3013 2472 3109 2526 καὶ
3141 2471 3240 2544 τὴν
3291 2471 3386 2526 τοῦ
3413 2473 3587 2526 Μονο-

1993 2563 2186 2633 γενοῦς
2217 2565 2396 2634 σάρκα
2447 2562 2738 2634 όμοούσιον
2764 2564 2864 2634 τῆς
2915 2563 3169 2635 θεότητος
3216 2565 3586 2634 ἀποφαινομέ-

1993 2673 2136 2720 νουςο
2175 2655 2351 2720 ἄλλως
2383 2673 2440 2710 τε
2471 2655 2552 2723 δέ,
2584 2656 2680 2709 καὶ
2707 2655 2933 2719 διὰτοὺς
2955 2657 3030 2727 μὴ
3061 2657 3259 2712 ἐνωσιν
3285 2655 3379 2710 τοῦ
3410 2655 3583 2724 Λόγου

1993 2745 2116 2800 καθ’
2145 2744 2444 2801 ὑπόστασιν
2474 2744 2612 2815 πρὸς
2645 2743 2742 2817 τὴν
2779 2744 2960 2820 σάρκα
2986 2745 3414 2816 ὁμολογοῦντας,
3446 2743 3583 2798 ἀλλὰ

1994 2835 2313 2908 σύμφυρσίν
2351 2851 2411 2888 τε
2474 2835 2570 2888 καὶ
2611 2835 2895 2906 σύγχυσιν·
2934 2831 3056 2891 εἶτα
3087 2836 3180 2890 καὶ
3225 2835 3584 2890 συνουσίωσιν

1993 2929 2207 2994 ἀσεϐῶς
2239 2927 2724 3000 τερατευομένουςο
2753 2928 2950 2992 οἵτινες
2977 2929 3080 3002 τήν
3101 2947 3161 2984 τε
3199 2930 3298 3001 τῆς
3327 2929 3585 3000 θεότητος

1994 3025 2090 3076 καὶ
2127 3020 2225 3093 τὴν
2257 3021 2360 3091 τῆς
2391 3020 2594 3092 σαρκὸς
2625 3019 2812 3090 φύσιν,
2849 3021 2980 3093 μίαν
3030 3021 3361 3094 γεγενῆσθαί
3396 3035 3580 3092 φασινο

1992 3114 2068 3179 ὡς
2106 3113 2308 3186 μηκέτι
2358 3113 2621 3168 δύνασθαι
2681 3113 2823 3168 κατὰ
2851 3115 2920 3170 τὰ
2982 3115 3074 3169 ὑπ’
3108 3115 3336 3170 ἐκείνων
3372 3115 3583 3183 ἀλόγως

297 3203 532 3269 servari,
576 3219 680 3260 nec
708 3205 761 3261 id
791 3207 938 3277 quod
994 3215 1079 3264 est
1125 3208 1331 3265 Christi
1390 3212 1637 3282 patibile,
1664 3225 1888 3286 propter

1997 3208 2289 3279 εἰρημένα.
2343 3207 2484 3279 μήτε
2539 3205 2601 3260 τὸ
2657 3206 2902 3276 παθητὸν
2934 3206 3029 3261 τοῦ
3078 3206 3319 3280 Χριστοῦ
3381 3206 3473 3261 διὰ
3525 3205 3584 3260 τὸ

299 3295 758 3364 impatibilitatem
789 3298 1111 3368 divinitatis,
1145 3318 1322 3374 neque
1346 3303 1398 3360 id
1425 3305 1570 3376 quod
1600 3315 1686 3362 est
1713 3307 1890 3378 impa-

300 3387 474 3451 tibile,
510 3399 735 3460 propter
760 3392 1142 3462 patibilitatem
1170 3395 1343 3466 ipsius
1381 3413 1598 3454 rursum
1640 3399 1891 3459 humani-

297 3483 446 3538 tatis.
485 3483 644 3540 Juxta
686 3485 835 3542 hunc
890 3487 1073 3558 itaque
1111 3499 1276 3546 recta:
1317 3493 1600 3548 sententiae
1640 3509 1888 3566 scopum.

299 3574 454 3640 illud,
487 3575 548 3630 In
587 3575 793 3632 duabus
823 3579 1049 3644 naturis,
1079 3579 1303 3636 decreto
1350 3581 1590 3637 additum
1625 3595 1708 3639 est
1738 3600 1768 3640 a
1804 3601 1892 3657 sy-

299 3668 477 3734 nodo;
511 3684 621 3722 non
652 3679 908 3741 tanquam
936 3686 1185 3727 seorsum
1208 3682 1372 3743 atque
1396 3689 1494 3746 per
1520 3686 1702 3746 partes
1728 3677 1890 3732 Chri-

299 3770 444 3815 stum
473 3761 788 3827 exbibente,
821 3762 918 3818 sed
948 3764 1244 3821 conﬁtente
1276 3768 1526 3822 eumdem
1554 3769 1608 3823 in
1637 3778 1891 3842 utroque,

299 3863 357 3908 et
383 3863 678 3924 utrumque
713 3853 767 3908 in
798 3855 1015 3912 eodem.

373 3945 608 4002 LXXVI.
661 3944 789 4002 Haec
835 3959 1202 4019 persequente
1260 3952 1567 4025 Euthymio,
1634 3956 1892 4012 laudabat

298 4039 519 4108 quidem
545 4041 888 4112 Elpidius,et
909 4041 1181 4098 fatebatur
1211 4056 1354 4102 recte
1379 4048 1574 4102 habere
1604 4066 1725 4120 qua».
1743 4051 1888 4106 dicta

299 4131 539 4197 fuerant,
562 4135 777 4191 etiamsi
798 4151 904 4190 non
931 4139 1221 4193 rec-asserit
1245 4154 1274 4192 a
1295 4141 1682 4197 communione
1707 4140 1892 4198 Theo-

301 4226 462 4290 dosii,
489 4229 779 4298 statimque
805 4229 1045 4284 ostendit
1070 4231 1455 4287 mutationem.
1482 4231 1776 4288 Gerontius
1795 4250 1889 4290 au-

300 4327 410 4373 tem
438 4319 692 4374 manebat
721 4320 775 4374 in
815 4321 1005 4376 eadem
1041 4324 1336 4378 sententia.
1366 4323 1430 4378 Et
1457 4325 1536 4380 sic
1565 4328 1768 4381 reversi
1800 4328 1889 4383 in-

299 4421 383 4468 t-sr
404 4427 464 4466 se
491 4412 895 4476 dissentientes,
919 4413 1226 4471 Theodosio
1254 4433 1512 4487 responsa
1537 4420 1886 4476 annuntiant.

302 4503 514 4569 Quibus
537 4503 625 4558 ille
647 4505 877 4571 auditis,
902 4509 1160 4577 quoniam
1185 4509 1238 4564 in
1263 4510 1551 4566 Palaestina
1570 4513 1681 4584 jam
1707 4515 1889 4570 omnia

1999 3295 2207 3364 ἀπαθὲς
2232 3300 2331 3370 τῆς
2364 3298 2640 3371 θεότητος,
2679 3301 2819 3372 μήτε
2855 3299 2914 3354 τὸ
2951 3300 3160 3366 ἀπαθὲς
3199 3300 3468 3366 σώζεσθαι
3496 3301 3580 3354 διὰ

1997 3395 2060 3447 τὸ
2097 3393 2338 3466 παθητὸν
2374 3391 2542 3448 αὐτοῦ
2578 3394 2742 3449 πάλιν
2786 3393 2887 3461 τῆς
2919 3393 3359 3466 ἀνθρωπότητος.
3426 3393 3580 3449 Κατὰ

1996 3484 2187 3539 τοῦτον
2211 3500 2392 3538 τοινυν
2447 3485 2539 3539 τὸν
2582 3485 2683 3556 τῆς
2719 3484 2887 3557 ὀρθῆς
2922 3485 3164 3550 διανοίας
3221 3485 3446 3548 σκοπὸν,
3500 3484 3578 3549 τὸ,

2009 3577 2114 3630 Ἐν
2135 3575 2277 3631 δυσὶ
2308 3577 2597 3647 φύσεσιν,
2628 3576 2733 3630 ὑπὸ
2770 3576 2869 3648 τῆς
2913 3578 3133 3632 συνόδου
3171 3578 3250 3648 τῷ
3277 3579 3391 3650 ὅρῳ
3418 3594 3581 3649 προσ-

1997 3669 2257 3722 τέθειται·
2299 3667 2400 3740 οὐχ
2433 3666 2508 3732 ὡς
2549 3666 2658 3739 ἰδίᾳ.
2718 3667 2814 3721 καὶ
2859 3668 3137 3741 ἀναμέρος
3187 3667 3280 3723 τὸν
3347 3668 3581 3740 Χριστὸν

1998 3761 2401 3833 γνωριζούσης,
2464 3760 2600 3815 ἀλλὰ
2647 3760 2740 3815 τὸν
2772 3761 2937 3815 αὐτὸν
2977 3762 3036 3816 ἐν
3065 3761 3312 3834 ἐκατέρῳ
3344 3761 3584 3834 διομολο-

1999 3855 2205 3926 γούσης
2238 3857 2335 3909 καὶ⁵
2367 3855 2426 3910 ἐν
2455 3855 2636 3925 ταυτῷ
2665 3855 2726 3910 τὸ
2765 3855 3046 3926 ἑκάτερον.

2073 3950 2211 4015 θεῖ’.
2253 3946 2442 4002 Ταῦτα
2480 3945 2574 4001 τοῦ
2604 3946 2882 4018 Εὑθυμίου
2916 3947 3227 4016 διεξιόντος,
3262 3949 3291 4002 ό
3328 3948 3429 4018 μὲν
3471 3948 3583 4002 Ἐλ-

2002 4038 2178 4103 πίδιος
2207 4036 2421 4110 ἐπῄνει,
2480 4039 2577 4092 καὶ
2631 4037 2812 4108 ὀρθῶς
2849 4037 2994 4110 ἔχειν
3035 4038 3307 4110 ὡμολόγει
3337 4037 3407 4092 τὰ
3436 4040 3582 4110 εἰρη-

2003 4132 2163 4204 μένα,
2201 4133 2250 4186 εί
2281 4131 2379 4186 καὶ
2412 4131 2487 4204 μὴ
2525 4133 2625 4202 τῆς
2685 4131 2969 4186 Θεοδοσίου
3007 4131 3294 4195 κοινωνίας
3346 4132 3578 4202 ἀπέστη,

1999 4227 2095 4280 καὶ
2131 4225 2231 4296 τὴν
2269 4223 2571 4295 μεταϐολὴν
2604 4223 2766 4288 εὐθὺς
2796 4223 3128 4288 ἐπεδείξατο.
3187 4224 3244 4277 Ὀ
3296 4222 3354 4277 δὲ
3392 4224 3584 4293 Γερόν·

1999 4337 2112 4383 τιος
2143 4319 2236 4371 ἐπὶ
2257 4321 2356 4390 τῆς
2375 4318 2548 4390 αὐτῆς
2582 4317 2744 4389 ἔμενε
2782 4317 3030 4388 γνώμης.
3067 4318 3176 4370 Καὶ
3203 4315 3378 4381 οὕτως
3410 4315 3583 4388 ἀσύμ-

2002 4427 2171 4477 φωνοι
2223 4409 2476 4480 ἀλλήλοις
2528 4408 2940 4474 ἐπανελθόντες,
2982 4409 3391 4478 ἀπαγγέλλουσι
3459 4410 3582 4463 Θεο-

2000 4504 2161 4578 δοσίῳ
2186 4503 2286 4568 τὰς
2325 4502 2669 4574 ἀποκρίσεις.
2707 4501 2976 4565 Ἀκούσας
3013 4501 3070 4554 δὲ
3098 4499 3304 4554 τούτων
3353 4503 3580 4566 ἐκεῖνος,

300 4595 602 4659 obtinebat,
634 4597 810 4667 majus
837 4599 1130 4656 adhibebat
1151 4602 1412 4668 studium,
1439 4612 1498 4659 ut
1523 4579 1646 4659 eum
1673 4621 1888 4678 quoque

1998 4597 2118 4650 ἐπεὶ
2149 4598 2369 4650 πάντων
2405 4594 2680 4666 ἐγκρατὴς
2730 4594 2834 4666 ῆδη
2873 4595 2983 4647 τῶν
3028 4593 3170 4647 κατὰ
3211 4594 3581 4664 Παλαιστίνην

303 4686 361 4742 in
396 4704 549 4744 suam
597 4705 817 4745 nassam
873 4692 1142 4759 traheret;
1177 4711 1482 4766 magnoque
1514 4698 1733 4754 assidue
1765 4709 1886 4754 ten-

299 4781 466 4835 debat
523 4783 771 4854 laqueos,
846 4784 1052 4856 ubique
1100 4785 1383 4842 illecebras
1439 4788 1768 4844 occultabat.
1823 4788 1891 4845 Et

298 4873 542 4942 quotidie
564 4876 775 4946 aliquos
797 4878 863 4932 ad
889 4893 1015 4932 eum
1045 4876 1422 4945 submittebat,
1446 4881 1537 4950 qui
1563 4880 1703 4935 bona
1735 4881 1877 4938 scili-

297 4975 386 5022 cet
411 4967 705 5023 suaderent
749 4978 806 5025 et
835 4970 1017 5025 utilia:
1048 4980 1110 5025 ut
1141 4970 1449 5028 discederet
1478 4973 1699 5044 quidem
1729 4974 1797 5029 ab
1821 4974 1888 5031 iis

297 5075 420 5128 qua:
475 5069 646 5126 recte,
692 5071 772 5128 et,
805 5070 866 5118 ut
908 5063 1019 5119 Deo
1073 5065 1273 5135 placet,
1315 5065 1416 5121 sibi
1464 5068 1576 5122 visa
1634 5067 1887 5135 fuerant;

298 5153 608 5210 Theodosio
649 5163 837 5210 autem
879 5159 1261 5224 assentiretur,
1297 5159 1553 5230 illiusque
1593 5162 1892 5233 amplecte-

1999 4689 2243 4756 ἐγένετο,
2285 4687 2493 4740 πλείονι
2521 4690 2588 4758 τῇ
2627 4688 2830 4758 σπουδῇ
2875 4687 3098 4758 ἐχρῆτο,
3125 4687 3222 4740 καὶ
3257 4688 3421 4741 αὐτὸν
3453 4688 3581 4742 εῐσω

1997 4782 2098 4852 τῆς
2139 4781 2348 4843 οἰκείας
2381 4780 2626 4852 σαγήνης
2682 4779 2886 4833 λαϐεῖν’
2933 4780 3029 4834 καὶ
3081 4781 3316 4849 παγίδας
3345 4779 3580 4852 ἔκρυπτε

1996 4877 2074 4948 τῷ
2107 4876 2328 4948 μεγάλῳ
2356 4876 2633 4948 πανταχοῦ
2677 4877 2771 4930 καὶ
2801 4876 3046 4930 δελέατα.
3104 4877 3215 4931 Καί
3244 4894 3394 4940 τινας
3434 4877 3580 4947 αὑτῷ

1995 4969 2179 5024 καθίει
2245 4967 2370 5022 καθ’
2399 4967 2638 5038 ἑκάστην
2694 4967 2932 5038 ἡμέραν,
2963 4968 3012 5021 οἳ
3059 4968 3130 5021 τὰ
3178 4967 3391 5040 χρηστὰ
3424 4967 3581 5040 δῆθεν

1991 5061 2140 5132 αὐτῷ
2169 5062 2263 5116 καὶ
2290 5061 2543 5132 λυσιτελῆ
2563 5061 2971 5127 συνεϐούλευον,
3005 5065 3311 5134 ἀποστῆναι
3347 5066 3448 5137 μὲν
3475 5063 3578 5118 τῶν

1993 5155 2175 5221 καλῶς
2206 5156 2297 5209 καὶ
2322 5155 2396 5220 ὡς
2423 5153 2544 5226 Θεῷ
2577 5154 2731 5224 φίλον
2754 5155 2902 5226 αὑτῷ
2927 5157 3290 5228 δεδογμένων,
3315 5158 3581 5228 Θεοδοσίῳ

297 5256 454 5302 retur
483 5248 949 5304 communionem.
986 5249 1078 5307 Ille
1126 5269 1258 5308 vero
1304 5253 1654 5320 quotidianos
1699 5269 1888 5309 eorum

1997 5251 2049 5305 δὲ
2081 5251 2390 5310 συνθέσθαι.
2412 5249 2506 5304 καὶ
2522 5250 2622 5320 τὴν
2654 5251 2865 5304 ἐκείνου
2892 5252 3177 5305 κοινωνίαν
3206 5253 3584 5306 ἀσπάσασθαι..

305 5335 578 5391 adventus
625 5346 768 5409 regre
796 5347 852 5394 et
875 5343 1028 5410 gravi
1079 5343 1261 5397 animo
1319 5342 1524 5409 ferens,
1565 5345 1697 5415 quid
1742 5346 1895 5418 agit?

297 5426 435 5483 Cum
459 5442 652 5484 omnes
672 5431 1124 5502 quibusprarerat
1146 5434 1345 5490 fratres
1366 5447 1742 5502 convocasset,
1765 5453 1895 5494 cau-

303 5518 620 5588 tionemque
651 5522 879 5579 multam
925 5525 1005 5579 eis
1032 5526 1398 5597 prmeepisset,
1423 5539 1483 5584 ut
1530 5530 1681 5586 nullo
1726 5531 1888 5586 modo

300 5610 585 5679 cederent,
618 5628 722 5670 nec
749 5617 1153 5674 assentirentur
1194 5635 1375 5690 pravze
1414 5620 1707 5678 Theodosii
1753 5637 1882 5678 sen-

303 5707 514 5774 tentia;
549 5707 646 5764 sed
672 5709 856 5780 potius
889 5711 960 5768 ita
1001 5713 1359 5771 sentientium
1389 5730 1480 5771 ora
1506 5715 1876 5782 obstruerent,

2005 5343 2065 5396 ὐ
2090 5343 2145 5396 δὲ
2174 5343 2274 5406 τὰς
2311 5342 2690 5414 καθημερινὰς
2721 5344 2946 5396 ἐκείνων
2982 5343 3368 5414 προσελεύσεις
3392 5345 3577 5416 δυσχε-

1998 5438 2198 5511 ραίνων
2232 5437 2329 5491 καὶ
2373 5436 2768 5510 βαρυνόμενος,
2798 5435 2850 5490 τί
2886 5440 3032 5490 ποιεῖ
3060 5455 3076 5504 ;
3135 5439 3262 5502 τοὺς
3294 5438 3387 5492 ὑπ’
3417 5439 3575 5491 αὑτὸν

1995 5531 2259 5600 ἀδελφοὺς
2292 5530 2542 5595 ἅπαντας
2604 5531 2970 5600 συγκαλέσας,
3010 5532 3107 5586 καὶ
3161 5531 3364 5601 πολλὴν
3395 5531 3576 5592 αὐτοῖς

1993 5624 2300 5693 ἀσφάλειαν
2365 5623 2774 5696 παραγγείλας,
2833 5623 2930 5678 τοῦ
2979 5623 3250 5696 μηδαμῶς
3308 5625 3548 5678 ἐνδοῦναι

1994 5715 2124 5786 μηδὲ
2169 5713 2454 5770 συνθέσθαι
2506 5717 2572 5788 τῇ
2605 5713 2700 5769 τοῦ
2760 5713 3043 5768 Θεοδοσίου
3097 5711 3409 5786 κακοδοξίᾳ.-
3453 5709 3567 5764 ἀλλ’

1625 5809 1666 5866 ν
1678 5810 1860 5866 ΑῐὶιιΕ
1902 5809 2307 5867 LECTIONES.

375 5897 388 5937 ³
418 5897 488 5952 al.
523 5901 876 5974 γεννηθῆναι.
