3846 6518
1565 420 1737 480 VITA
1778 417 1840 478 S.
1878 414 2283 479 EUTHYMII.

3423 399 3537 465 662

281 534 653 607 ἐπιστομίζειν
691 534 893 607 μᾶλλον
921 534 1046 599 τοὺς
1073 533 1215 588 οὕτω
1242 532 1596 605 φρονοῦντας,
1629 532 1723 585 καὶ
1751 531 1849 598 ὅση
1882 580 1886 589 ,

1994 536 2009 581 ι
2041 541 2140 597 pro
2173 523 2385 580 viribus
2421 536 2517 578 eos
2559 520 2894 578 deducerent
2920 518 2985 573 ad
3026 516 3344 584 veritatem;
3384 531 3533 572 nunc

281 628 511 700 δύναμις
539 630 900 701 χειραγωγεῖν
929 628 1009 692 είς
1052 626 1327 697 ἀλήθειανο
1360 628 1586 699 ἀπαίρει
1632 630 1725 681 καὶ
1759 630 1852 686 νῦν

1995 632 2174 687 uoque
2219 615 2422 672 recedit
2450 615 2507 670 in
2553 613 2921 685 omnimodam
2966 611 3536 680 solitudinem;atque

283 722 375 773 hri
430 721 530 792 τὴν
592 719 929 789 πανέρημον,
954 717 1183 782 πολλοὺς
1232 719 1326 773 καί⁸
1355 718 1545 785 ἄλλους
1601 722 1853 790 γενέσθαι

1995 712 2159 766 mltos
2191 709 2328 764 alios
2349 706 2586 764 reddidit
2615 722 2866 764 secessus
2892 706 2974 762 sui
3008 705 3329 760 imitatores.

284 810 713 882 παρασκευάσας
754 810 998 882 ζηλωτάς
1050 810 1215 865 αὐτοῦ
1237 812 1336 883 τῆς
1363 814 1785 886 ἀναχωρήσεως.

357 904 477 958 OZ’.
511 900 619 956 Ἦν
649 903 706 956 δέ
750 921 832 968 τις
880 903 1241 977 άναχωρητὴς
1273 908 1388 959 ἐκεῖ
1421 907 1592 978 μέγας
1629 908 1738 979 πρὸ
1771 925 1858 978 μι-

286 997 453 1068 κροῦ,
500 998 727 1068 ἔναγχος
778 999 877 1067 μὲν
928 998 1261 1071 παραϐαλὼν
1316 1000 1426 1054 ἀπὸ
1475 1001 1573 1071 τῆς
1629 1003 1858 1069 Λυκίας,

2033 903 2293 960 LXXVII.
2323 902 2594 959 Caeterum
2632 903 2743 958 illic.
2784 917 3012 974 magnus
3050 901 3269 971 quidam
3300 900 3540 963 anacho-

1965 1007 2078 1053 reta
2124 1013 2154 1052 a
2188 1011 2361 1067 pauco
2406 1007 2652 1065 tempore
2699 994 2947 1064 degebat,
2988 993 3080 1063 qui
3110 992 3327 1061 quidem
3368 1004 3542 1060 nuper

295 1092 604 1163 Γεράσιμος
644 1092 700 1144 δὲ
745 1092 1097 1161 καλούμενος,
1141 1093 1199 1157 ὃς
1237 1096 1418 1148 πᾶσαν
1448 1097 1506 1149 ὲν
1538 1098 1602 1168 τῇ
1643 1099 1861 1170 πατρίδι

1994 1099 2191 1145 'enerat
2219 1104 2283 1144 ex
2322 1088 2500 1159 Lycia,
2549 1087 2846 1142 vocabatur
2867 1095 3050 1140 autem
3080 1084 3394 1138 Gerasimus
3428 1082 3541 1151 (2);

286 1183 386 1254 τὴν
432 1187 686 1256 μοναχοῑς
726 1185 1041 1256 πρέπουσαν
1095 1188 1504 1258 ἐπιδειξάμενος
1562 1190 1861 1256 πολιτείαν,

291 1278 521 1341 πολλοὺς
550 1278 646 1331 καὶ¹
676 1279 818 1332 κατὰ
851 1279 959 1332 τῶν
986 1279 1086 1349 τῆς
1108 1282 1375 1353 πονηρίας
1400 1286 1727 1355 πνευμάτων
1751 1289 1867 1341 εἰσ-

290 1371 490 1439 ήνεγκε
530 1372 654 1434 τοὺς
725 1370 979 1443 ἱδρῶτας.
1020 1366 1188 1437 Οὗτος
1251 1370 1345 1427 οὖν
1391 1377 1448 1428 ἐν
1485 1380 1550 1446 τῇ
1593 1381 1741 1449 παρὰ
1779 1381 1868 1434 τὸν

304 1461 576 1533 Ἰορδάνην
607 1462 801 1534 ἐρήμῳ
832 1462 1012 1526 καλῶς
1035 1463 1397 1534 ἀσκούμενος,
1426 1468 1519 1520 καὶ
1546 1469 1714 1523 πολλὰ
1744 1475 1870 1534 τοὺς

292 1553 555 1624 δαίμονας
584 1547 859 1623 πλήττων,
884 1554 1139 1625 βάλλεται
1166 1557 1259 1612 καὶ
1281 1557 1466 1622 αὐτὸς,
1499 1560 1531 1629 ἢ
1566 1550 1875 1625 σκελίζεται

297 1644 522 1715 μᾶλλον.
558 1643 664 1698 ὑπὸ
693 1645 794 1715 τῆς
823 1644 1003 1699 αὐτῶν
1035 1648 1395 1718 κακουργίας,
1428 1648 1523 1701 καὶ
1562 1652 1675 1712 τοῖς
1721 1652 1872 1721 αἱρε-

292 1736 467 1798 τικοῖς
505 1736 898 1804 συναπάγεται.
956 1736 1195 1794 Ἀκούων
1239 1740 1296 1794 δὲ
1331 1742 1481 1812 παρὰ
1523 1742 1739 1797 πάντων
1784 1762 1874 1815 μιη

1967 1198 2298 1252 onmemque
2332 1182 2385 1236 in
2437 1181 2613 1252 patria
2649 1179 2947 1234 monachos
2971 1174 3258 1232 decentem
3286 1174 3543 1229 ostende-

1944 1287 2055 1331 .rat
2081 1276 2359 1338 virtutem,
2390 1288 2604 1328 necnon
2649 1273 2848 1327 multos
2874 1271 3135 1324 intulerat
3154 1270 3387 1323 sudores
3411 1282 3514 1321 con

1973 1378 2057 1424 tra
2096 1368 2322 1438 spiritus
2348 1367 2627 1437 nequitiac.
2658 1365 2710 1420 Is
2732 1379 2884 1435 ergo,
2916 1363 2970 1417 in
2995 1377 3182 1418 eremo
3208 1360 3428 1416 Jordani
3457 1360 3550 1414 ad-

1968 1461 2173 1530 iunctae
2200 1475 2259 1516 se
2290 1459 2551 1530 prmclare
2597 1473 2881 1521 exercens,
2907 1465 2962 1511 et
3008 1470 3153 1524 saepe
3212 1453 3551 1522 multumque

1975 1552 2252 1609 daemones
2295 1552 2642 1623 percutiens,
2699 1551 2944 1620 pulsatur
3004 1549 3119 1618 ipse
3161 1562 3399 1617 quoque,
3457 1562 3551 1600 sm

1946 1647 2159 1716 .potius
2197 1648 2599 1717 supplantatur,
2631 1646 2700 1699 ab
2741 1659 2931 1699 eorum
2976 1643 3346 1712 improbitate,
3378 1651 3432 1697 et
3460 1642 3553 1695 ab-

1977 1740 2198 1796 ducitur
2234 1740 2302 1796 ab
2333 1739 2622 1796 haareticis.
2658 1738 2793 1793 Cum
2835 1745 3018 1792 autem
3043 1738 3253 1792 audiret
3282 1738 3352 1791 ah
3385 1737 3555 1790 omni-

294 1827 431 1897 κροῦ
463 1826 571 1882 τῶν
585 1828 955 1899 άναχωρητῶν
987 1831 1052 1883 τά
1084 1818 1148 1899 γε
1180 1832 1271 1885 τοῦ
1306 1833 1605 1903 Εύθυμίου,
1637 1837 1730 1889 καὶ
1762 1839 1875 1900 τοῖς

1994 1848 2083 1888 ωε
2107 1833 2221 1888 fere
2242 1834 2594 1889 anachoretis
2616 1834 2683 1888 de
2704 1829 3015 1902 Euthymio.
3035 1846 3304 1899 auresque
3329 1829 3556 1884 haberet

294 1919 428 1992 περὶ
464 1918 632 1974 αὐτοῦ
687 1921 971 1993 ᾀδομένοις
1012 1923 1082 1977 τά
1135 1918 1249 1977 ὦτα
1304 1927 1702 1998 πληρούμενος,
1747 1930 1871 2000 ἥκει

297 2011 431 2063 ποτὲ
464 2010 599 2081 πρὸς
631 2012 795 2065 αὐτὸν
831 2013 925 2065 ἐπὶ
952 2012 1043 2066 τὸν
1096 2014 1323 2070 Ῥουὸᾶν
1345 2032 1358 2046 ’
1393 2020 1483 2072 καὶ
1525 2018 1715 2087 χρόνον
1742 2036 1871 2071 συν-

295 2101 584 2173 διατρίψας
626 2102 841 2173 συχνὸν,
871 2104 1112 2174 νάματός
1144 2123 1201 2159 τε
1247 2107 1347 2177 τῆς
1388 2110 1598 2163 ἐκείνου
1629 2110 1876 2183 γλώττης

296 2193 394 2246 τοῦ
429 2194 818 2265 καθαρωτάτου
862 2195 1024 2262 πιὼν,
1060 2191 1150 2252 οἷά
1187 2217 1308 2253 τινα
1346 2200 1503 2254 νόσον
1534 2200 1633 2273 τὴν
1662 2202 1877 2273 αἳρεσιν

298 2284 504 2356 ἐξεμεῖ,
541 2288 636 2340 καὶ
667 2287 804 2358 πρὸς
830 2288 931 2359 τὴν
970 2290 1101 2359 ὑγιᾶ
1141 2292 1326 2345 πίστιν
1367 2292 1614 2348 ἐπάνεισι
1638 2311 1652 2326 ο
1678 2296 1877 2368 πολλὴν

297 2378 399 2449 τῆς
431 2378 648 2450 ἀπάτης
700 2381 990 2451 μετάνοιαν
1030 2382 1189 2454 ἔχων,
1235 2385 1329 2438 καὶ
1360 2386 1459 2454 τὴν
1489 2384 1880 2456 διαφθαρεῖσαν

302 2470 410 2524 ὑπὸ
451 2469 625 2525 κενῶν
667 2472 846 2541 λόγων
896 2475 1144 2546 καρδίαν.
1174 2476 1387 2548 κέντρῳ
1432 2477 1609 2549 λύπης
1637 2478 1882 2544 κολάζων

304 2580 402 2617 και
430 2565 863 2637 τιμωρούμενος.
897 2566 1086 2638 Τούτῳ
1114 2568 1172 2622 δὲ
1201 2569 1351 2638 αὐτῷ
1395 2570 1488 2622 καὶ
1528 2570 1883 2641 ἀναχωρηταὶ

301 2657 505 2727 ἕτεροι,
544 2659 750 2730 Πέτρος
800 2662 828 2714 6
871 2658 1173 2731 Γυρνίτηςὶ
1225 2663 1483 2733 ἐπίκλην,
1523 2656 1618 2717 καί
1663 2665 1884 2736 Μάρκος

305 2751 401 2802 καὶ
440 2749 651 2805 Ἰούλων
693 2753 787 2806 καὶ
850 2751 1137 2818 Σιλουανδς
1188 2755 1586 2828 ἠκολούθησαν,
1639 2758 1734 2811 καὶ
1787 2759 1884 2829 τῆς

220 2916 221 2919 η
306 2841 590 2896 Θεοδοσίου
616 2845 710 2898 καὶ
739 2839 894 2898 αὐτοὶ
925 2845 1195 2917 βλαϐερᾶς
1219 2847 1540 2919 ἀπέστησαν
1572 2851 1882 2911 κοινωνίας.

379 2935 509 2990 οΗ’.
541 2936 805 3008 Δευτέρου
837 2938 893 2992 δὲ
927 2938 1065 3008 μετὰ
1101 2939 1273 2994 ταῦτα
1295 2940 1672 3011 διαγεγονότος
1707 2945 1888 2996 ἐνιαυ-

307 3026 429 3089 τοῦ,
456 3030 663 3099 οἴχεται
705 3030 802 3100 μὲν
836 3029 897 3096 ἐξ
928 3023 1232 3104 ἀνθρώπων
1265 3032 1294 3085 6
1338 3032 1636 3100 Θεοδόσιος,
1676 3035 1888 3089 κάτεισι

1977 1923 2224 1991 oppletas
2242 1924 2307 1979 iis
2320 1941 2441 1995 quae
2454 1924 2533 1979 de
2550 1940 2616 1980 eo
2633 1922 3071 1985 celebrabantur,
3104 1920 3558 1990 venitaliquando

1975 2015 2041 2070 ad
2070 2030 2195 2070 eum
2223 2015 2277 2069 in
2310 2015 2499 2071 Ruben
2521 2014 2777 2084 ;-diuque
2806 2028 2931 2069 cum
2960 2013 3078 2084 ipse
3102 2021 3369 2074 versatus,
3402 2024 3557 2082 post-

1976 2123 2138 2178 quam
2182 2100 2532 2178 purissimum
2578 2107 2726 2162 illius
2756 2107 2951 2178 linguae
3009 2106 3233 2161 bibi~set
3273 2105 3557 2169 ﬂuentum,

1978 2200 2140 2255 veluti
2161 2193 2450 2270 quemdam
2477 2201 2725 2255 morbum
2758 2199 2963 2255 evomit
2999 2199 3266 2263 haeresim,
3304 2208 3357 2253 et
3380 2199 3444 2253 ad
3474 2214 3562 2251 sa-

1979 2308 2105 2347 nam
2138 2293 2299 2349 ﬁdem
2321 2293 2645 2360 revertitur;
2670 2292 2837 2348 multa
2859 2291 2930 2346 ob
2958 2292 3333 2346 seductionem
3366 2292 3564 2346 ductus

1982 2382 2326 2454 paenitentia,
2361 2395 2416 2440 et
2470 2400 2566 2440 cor
2610 2386 2764 2440 vanis
2813 2393 3132 2454 corruptum
3189 2383 3560 2445 sermonibus,

1982 2474 2185 2529 doloris
2242 2474 2463 2532 stimulo
2528 2476 2897 2546 castigans-et
2943 2475 3196 2545 puniens.
3249 2472 3407 2528 Hunc
3438 2488 3568 2529 vero

1984 2566 2161 2635 ipsum
2190 2567 2351 2621 etiam
2379 2567 2468 2622 alii
2494 2569 2666 2623 secuti
2700 2576 2827 2622 sunt
2858 2568 3226 2633 anachorctee,
3262 2566 3457 2621 Petrus
3489 2568 3564 2637 (5)

1987 2656 2240 2729 Gyrnites
2296 2660 2639 2731 cognomine,
2676 2661 2916 2723 Marcus,
2972 2660 3134 2714 Julou
3180 2669 3236 2714 et
3285 2658 3566 2727 Silvanus;

1990 2750 2201 2820 ipsique
2235 2753 2440 2821 pariter
2470 2767 2501 2806 a
2536 2751 2829 2807 Theodosii
2859 2753 3018 2807 noxia
3051 2752 3437 2808 communione
3481 2767 3569 2807 re-

1988 2852 2291 2898 cesserunt.

2063 2935 2345 2992 LXXVIII.
2375 2938 2510 2994 Cum
2537 2947 2718 2994 autem
2747 2938 3019 2994 secundus
3037 2939 3114 3008 (ι)
3150 2948 3269 3009 post
3314 2937 3431 2992 haec
3477 2952 3573 2992 an—

1991 3044 2099 3084 nus
2114 3028 2529 3097 intercessisset,
2543 3030 2886 3100 abitquidem
2900 3032 3037 3086 clam
3058 3030 3372 3086 hominibus
3387 3029 3571 3086 Theo-

310 3118 365 3171 δὲ
400 3120 510 3174 ἀπὸ
549 3119 644 3174 τοῦ
699 3121 899 3176 Ῥουόιὶ
940 3123 1078 3195 πρὸς
1120 3124 1222 3195 τὴν
1268 3123 1478 3196 λαύραν
1501 3128 1530 3179 6
1561 3125 1752 3196 μέγας.
1779 3129 1886 3183 Καὶ

1994 3124 2204 3191 do'sius,
2243 3142 2274 3183 e
2314 3124 2508 3181 Ruban
2543 3142 2672 3181 vero
2703 3127 2756 3179 in
2784 3128 2989 3180 Iauram
3023 3125 3312 3180 revertitur
3347 3140 3577 3194 magnus

311 3211 375 3281 δή
403 3228 533 3266 ποτε
569 3214 700 3284 μιᾶς
729 3216 837 3270 τῶν
856 3216 1175 3282 Σαϐϐάτων,
1206 3217 1234 3271 6
1261 3218 1359 3288 μὲν
1389 3218 1725 3291 ἐλειτούργει
1749 3220 1886 3292 Θεῷ,

1997 3216 2338 3291 Euthymius.
2366 3218 2433 3275 Et
2474 3219 2767 3290 aliquando
2795 3233 2901 3273 una
2929 3217 3310 3280 Sabbatorum,
3342 3214 3432 3272 ille
3456 3217 3577 3287 qui-

314 3304 414 3358 καὶ
446 3305 547 3376 τὴν
592 3307 931 3377 ἀναίμακτον
966 3307 1115 3379 αύτῷ
1166 3310 1412 3381 προσῆγε
1459 3309 1671 3376 θυσίαν,
1725 3313 1886 3383 Δομε-

1996 3310 2121 3367 dem
2157 3311 2268 3366 Deo
2317 3310 2686 3376 ministrabat,
2715 3310 2876 3381 eique
2920 3311 3266 3367 incruentum
3317 3308 3581 3365 offerebat

315 3397 498 3459 τιανδς
525 3397 581 3450 δὲ
616 3398 754 3468 πρὸς
794 3399 865 3453 τὰ.
906 3399 1057 3468 δεξιὰ
1101 3402 1243 3472 μέρη
1267 3401 1291 3441 Ιι
1329 3402 1468 3472 μετὰ
1496 3402 1597 3473 τῆς
1627 3405 1886 3475 μυστικῆς

1997 3401 2356 3469 sacriﬁcium;
2390 3403 2730 3459 Domitianus
2777 3415 2959 3459 autem
3006 3404 3221 3458 astabat
3277 3403 3343 3458 ad
3391 3403 3580 3457 dexte-

317 3489 531 3561 ἑκείνης
566 3491 777 3561 ῥιπίδος
822 3495 1148 3564 παρίστατο.
1199 3493 1486 3549 Τελεῖσθαι
1523 3495 1577 3549 δὲ
1617 3496 1717 3568 ήδη
1768 3497 1886 3567 μελο

1997 3510 2112 3549 ram
2136 3506 2345 3566 partem
2381 3512 2504 3551 cum
2553 3496 2781 3568 mystico
2836 3496 2928 3551 illo
2978 3495 3303 3551 ventilabro.
3334 3494 3581 3565 Cumque

320 3581 517 3654 λούσης
543 3584 642 3654 τῆς
670 3583 765 3638 τοῦ
797 3587 1084 3656 τρισαγίου
1117 3585 1427 3656 δοξολογίας
1448 3627 1463 3652 ,
1495 3587 1748 3657 Τερέὸων
1783 3604 1842 3641 τε
1869 3588 1886 3641 ί

1994 3584 2106 3655 jam
2150 3587 2459 3657 peragenda
2508 3594 2655 3642 esset
2698 3586 2925 3657 'l‘risagii
2974 3585 3294 3655 doxologia,
3330 3584 3583 3640 Terebon

320 3674 639 3747 Σαρακηνὺς
671 3676 769 3730 καὶ
809 3677 837 3729 6
875 3678 1203 3746 Χρυσίππου
1230 3681 1456 3750 ἀδελφὸς
1487 3681 1835 3754 Γαϐριήλιος,
1869 3684 1886 3734 ἐ

2002 3679 2308 3735 Saracenus
2327 3690 2383 3735 et
2405 3679 2692 3751 Chrysippi
2717 3678 2885 3733 frater
2904 3676 3230 3737 Gabrielius.
3255 3677 3344 3733 hic
3361 3678 3582 3747 quidem

324 3768 424 3838 μὲν
470 3767 698 3839 πλησίον
724 3812 738 3831 ,
782 3771 811 3823 6
867 3770 926 3825 δὲ
968 3771 1065 3825 τοῦ
1112 3771 1500 3844 θυσιαστηρίου
1550 3774 1696 3828 ἔνδον
1729 3774 1899 3839 ἑστὼς

324 3860 446 3933 (τῆς
464 3860 669 3933 πολλῆς
688 3880 780 3917 σου
807 3882 872 3917 πε
881 3866 934 3936 pi.
954 3865 1044 3918 τὸν
1067 3864 1360 3935 Εὐθύμιον.
1384 3867 1611 3936 Χριστὲ,
1632 3868 1899 3939 χάριτοςί)

320 3953 488 4024 ὁρῶσι
518 3953 631 4026 πῦρ
661 3956 725 4010 ὲκ
758 3956 852 4010 τοῦ
883 3957 1173 4026 αἰφνιδίου,
1208 3958 1462 4030 καθάπερ
1486 3960 1579 4014 ὲπί
1612 3978 1757 4022 τινος
1790 3960 1904 4014 δια-

323 4046 626 4117 κεχυμένον
665 4047 880 4121 ὀθόνης,
912 4050 1118 4105 άνωθεν
1148 4052 1353 4117 κατιὸν,
1397 4054 1492 4107 καὶ
1521 4055 1687 4108 αὐτόν
1720 4072 1780 4108 τε
1813 4057 1905 4109 τὸν

327 4137 502 4208 μέγαν
537 4139 828 4211 Εύθύμιον,
863 4142 959 4195 σὺν
993 4141 1139 4213 αὐτῷ
1169 4142 1228 4197 δὲ
1271 4145 1365 4197 καὶ
1402 4140 1728 4216 Δομετιανὸν
1759 4147 1907 4202 ἔνδον

325 4229 644 4298 περιλαϐὸν,
676 4233 771 4284 καὶ
811 4232 954 4285 οὕτω
1007 4234 1136 4305 περὶ
1167 4234 1367 4297 αὐτοὺς
1397 4234 1682 4305 διαμεῖναν
1720 4239 1907 4308 άπαρο

327 4320 429 4390 χῆς
446 4321 543 4376 τοῦ
569 4323 868 4394 Τρισαγίου
889 4325 1018 4395 ἄχρι
1042 4325 1136 4379 καὶ
1156 4326 1603 4398 συμπληρώσεως
1627 4328 1724 4398 τῆς
1759 4329 1801 4381 ἶε
1812 4331 1909 4400 ρᾶς

328 4414 691 4485 λειτουργίας.
730 4419 846 4469 Δέει
880 4416 937 4470 δὲ
973 4416 1246 4486 ληφθέντα
1290 4420 1424 4488 φησι
1461 4420 1552 4471 τὸν
1594 4417 1910 4491 Τερέὸωνα,

332 4507 556 4579 περιὸεῆ
597 4508 691 4563 καὶ
724 4509 1030 4577 κατάφοϐον
1080 4511 1441 4583 ὑποχωρῆσαι
1472 4511 1566 4565 τοῦ
1603 4512 1906 4584 θυσιαστης

2002 3787 2192 3842 prope,
2248 3772 2337 3827 ille
2385 3787 2517 3827 vero
2572 3780 2724 3826 stans
2784 3770 2926 3825 intra
2981 3770 3152 3825 altare
3203 3769 3272 3839 (0
3307 3783 3581 3841 magnam,

2003 3862 2239 3933 Christe,
2269 3871 2416 3919 tuam
2466 3879 2592 3936 erga
2643 3864 2991 3936 Euthymium
3035 3862 3338 3935 gratiam!)
3400 3862 3589 3917 vident

2006 3954 2186 4025 ignem
2220 3956 2538 4025 derepente,
2564 3954 2739 4011 veluti
2775 3954 2831 4009 in
2855 3954 3089 4024 quodam
3112 3952 3373 4011 (Iin
3397 3953 3585 4018 linteo,

2007 4050 2243 4120 desuper
2269 4049 2712 4112 descendentem,
2734 4047 2938 4118 quique
2964 4047 3113 4102 intus
3134 4048 3592 4118 complectantur

2012 4144 2188 4214 ipsum
2246 4158 2500 4214 magnum
2546 4142 2899 4213 Euthymium
2926 4156 3145 4212 unaque
3171 4156 3295 4199 cum
3319 4156 3386 4196 eo
3412 4139 3594 4196 Domi-

2013 4237 2245 4297 tianum,
2282 4236 2470 4304 sicque
2518 4235 2666 4290 circa
2720 4235 2871 4305 ipsos
2927 4235 3299 4304 permansisse
3330 4233 3402 4287 ab
3437 4226 3592 4287 initio

2013 4326 2242 4398 Trisagii
2299 4342 2470 4397 usque
2509 4326 2576 4382 ad
2610 4327 3073 4396 complementum
3124 4341 3294 4379 sacraa
3339 4325 3592 4395 liturgizn.

2014 4418 2352 4475 Terebonem
2412 4428 2593 4475 autem
2624 4420 2699 4476 ait
2728 4429 2873 4474 metu
2906 4427 3219 4487 terrurcquc
3248 4427 3586 4487 correptum,

2015 4513 2083 4568 ab
2100 4513 2257 4568 altari
2291 4512 2606 4578 recessisse,
2636 4529 2741 4568 nec
2755 4511 2990 4580 amplius
3007 4519 3194 4580 postea
3215 4510 3386 4564 libere
3406 4510 3463 4575 (5
3469 4538 3485 4578 ,
3510 4510 3585 4564 uti

334 4600 475 4668 ρίου,
511 4601 604 4655 καὶ
648 4601 743 4656 τοῦ
775 4600 964 4655 λοιποῦ
1022 4603 1219 4675 μηκέτι
1256 4603 1482 4675 ἁναίδην
1528 4603 1605 4668 ὡς
1648 4599 1765 4675 εἶχε
1813 4621 1885 4658 κα

2012 4612 2128 4658 erat
2177 4612 2232 4657 et
2267 4602 2496 4658 ﬁdenter
2528 4617 2723 4658 ausum
2755 4616 2874 4658 esse
2935 4600 3144 4671 ingredi
3190 4599 3244 4653 in
3289 4599 3469 4670 adyta,
3503 4600 3597 4655 sed

332 4691 580 4763 θρασέως
634 4692 735 4764 τῆς
778 4691 886 4745 τῶν
932 4691 1144 4747 ἀδύτων
1204 4692 1413 4746 εἰσόδου
1474 4691 1906 4762 κατατολμῆσαι,

331 4784 449 4838 ἀλλ’
482 4787 542 4839 ὲν
557 4787 669 4847 τοῖς
700 4783 797 4839 τοῦ
828 4782 956 4840 ναοῦ
989 4784 1351 4856 προπυλαίοις
1381 4783 1518 4857 μετὰ
1537 4784 1734 4855 πολλῆς
1770 4783 1914 4838 κατὰ

334 4878 431 4946 τὴν
472 4875 692 4949 σύναξιν
723 4878 945 4932 ἑστάναι
982 4879 1079 4948 τῆς
1123 4877 1429 4939 εὐλαϐείας·
1461 4877 1535 4942 ὡς
1570 4880 1599 4931 6
1626 4879 1916 4949 ἀναχωρη-

331 4969 431 5041 τὴς
459 4969 585 5039 ἐμοὶ
622 4971 900 5040 Κυριακὺς
932 4969 1159 5041 ὕστερον
1201 4971 1526 5041 διηγήσατο,
1567 4970 1717 5041 παρὰ
1751 4970 1917 5042 Τερέ-

2019 4698 2074 4751 in
2108 4697 2292 4767 templi
2321 4696 2632 4751 constitisse
2666 4693 2946 4749 vestibulis
2989 4708 3112 4747 cum
3147 4708 3340 4762 magna
3376 4708 3474 4762 per
3517 4708 3601 4765 sy-

2022 4791 2201 4845 naxim
2238 4790 2560 4845 reverentia.
2588 4787 2656 4843 [τι
2683 4786 2813 4842 mihi
2846 4787 3190 4856 postmodum
3229 4786 3595 4857 narravitCy-

2025 4884 2204 4939 riacus
2231 4882 2583 4945 anachoreta,
2611 4880 2703 4951 qui
2752 4882 2871 4935 haec
2895 4878 3147 4935 audierat
3182 4894 3212 4934 a
3245 4877 3530 4934 Terebone
3552 4887 3607 4935 et

2026 4974 2321 5041 Gabrielio,
2366 4973 2611 5029 miraculi
2650 4970 3070 5044 spectatoribus.

336 5062 510 5127 δωνος
548 5062 690 5117 αὐτὰ
745 5064 842 5116 καὶ
897 5061 1223 5133 Γαόριηλίου
1268 5062 1375 5116 τῶν
1416 5060 1750 5137 ,ἑωρακότων
1781 5061 1915 5132 ἀκη-

336 5154 500 5221 κοῶς.

1630 5246 1863 5304 VARIIE
1904 5246 2310 5303 LECTIONES.

415 5348 429 5398 i
477 5347 549 5402 al.
584 5345 899 5418 Γουρνίτης.
981 5347 1007 5385 ιλ
1031 5344 1186 5400 abest
1204 5344 1271 5401 ab
1297 5347 1369 5401 al.

1499 5436 1695 5494 .IOAN.
1739 5436 2081 5492 BOLLANDI
2126 5436 2351 5492 NOTIE.

412 5540 491 5611 (2)
529 5541 602 5595 De
623 5535 988 5611 S.Gerasimo
1014 5536 1292 5611 agemus5
1322 5535 1929 5611 Martiialﬂjus‘virlutes
2029 5534 2336 5611 deﬁnimus.
2445 5604 2507 5611 Μ
3062 5598 3073 5611 _
3145 5595 3156 5607 .
3268 5603 3317 5611 ,ν
3362 5610 3411 5611 ﬂ
3468 5594 3478 5607 ι

340 5598 725 5668 describuntur
757 5609 897 5679 infra
923 5598 1169 5679 capflﬁ,
1191 5598 1654 5679 _apudMo_s_ebut_n
1684 5607 1733 5679 iu
1763 5604 1930 5679 Prata
2032 5674 2043 5679 Δ
2101 5604 2418 5679 (“Menses
2441 5604 2512 5679 20_
2559 5601 2847 5679 seditiosus
2890 5598 3227 5679 'I‘heodosius
3268 5598 3606 5679 tyrannidem

344 5665 617 5753 spirituali
662 5696 781 5749 cap.
847 5678 944 5733 I07
990 5665 1054 5733 ὀι
1110 5665 1319 5743 Μιξοι
1357 5678 1411 5731 in
1455 5674 1575 5731 Vita
1602 5673 1661 5730 S.
1697 5677 1853 5730 Sabze
1879 5684 1933 5729 et
2032 5674 2082 5730 in
2112 5665 2239 5729 sede
2273 5673 2757 5753 Hier'osolymitana
2778 5670 3117 5733 exercuit,et
3149 5667 3215 5721 ad
3244 5673 3477 5720 montem
3514 5665 3612 5733 Sy-

445 5744 741 5816 Quiriacif
2035 5761 2207 5800 umum
2240 5745 2474 5812 profugit
2498 5744 2858 5816 Nieepliorus.

423 5813 501 5889 ('5)
524 5820 834 5875 Monasterii
868 5819 1094 5889 Abbatis
1124 5816 1270 5889 Petri
1303 5818 1454 5885 juxta
1505 5816 1790 5889 Iordanem
1821 5831 1931 5870 me—
2105 5817 2181 5887 (5)
2208 5816 2344 5880 Quia
2389 5818 2467 5870 vir
2500 5816 2613 5885 ipse
2642 5813 2961 5884 coniugatus
2994 5817 3131 5863 erat.

359 5886 516 5950 miuit
539 5890 787 5948 Moschus
813 5906 931 5961 cap.
963 5887 1051 5955 16,
1083 5888 1146 5944 I7
1173 5899 1227 5945 et
1262 5889 1343 5954 I8,
1374 5889 1467 5944 sed
1499 5905 1566 5943 an
1610 5886 1788 5954 huius,
1825 5902 1932 5941 non
