3846 6462
327 361 437 427 663

1535 364 1821 428 ΜΕΝΞῙΞ
1869 360 2331 429 IANUARIUS.

3488 361 3597 426 664

390 477 629 534 LXXIX.
658 477 845 550 Neque
878 479 984 536 huc
1021 495 1220 546 sctum,
1249 479 1346 537 sed
1386 481 1488 538 ista
1512 494 1731 552 quoque
1759 477 1897 534 mihi

2074 481 2196 536 08’.
2231 484 2305 536 Οὐ
2345 484 2506 555 μόνον
2543 485 2624 550 δὲ,
2655 482 2793 538 ἀλλά
2826 480 2921 537 καὶ
2961 479 3137 536 ταῦτα
3182 477 3312 551 περὶ
3353 478 3597 548 Γαϐριη-

319 572 504 627 retulit
543 572 612 628 de
663 572 956 640 Gabrielio,
1005 575 1152 646 quod
1220 585 1368 633 esset
1423 576 1645 647 quidem
1704 581 1902 630 natura

317 663 625 727 eunuchus,
655 673 773 733 post
805 664 995 736 viginti
1031 674 1159 722 tero
1187 676 1243 722 et
1268 667 1509 738 quinque
1540 681 1715 722 annos
1744 679 1902 720 acce-

316 755 481 810 debat
513 764 646 812 tunc
675 757 914 828 primum
944 759 1010 813 ad
1064 759 1305 830 synaxim
1343 759 1594 814 fratrum.
1629 756 1902 812 Praeterea

317 849 424 904 hoc
468 851 632 904 etiam
660 851 795 905 mihi
830 867 860 906 a
896 851 1150 908 Patribus
1183 835 1557 909 renuntiatum
1593 861 1694 910 est.
1730 867 1761 906 a
1791 850 1904 906 Deo

315 941 503 998 datum
535 941 706 999 fuisse
735 945 1050 1018 Euthymio,
1075 954 1136 1002 ut
1157 946 1402 1002 internus
1428 945 1592 1001 animi
1625 954 1807 1000 motus
1834 959 1904 999 ex

236 1037 241 1042 ’
315 1047 541 1106 aspectu
593 1045 840 1100 externo,
893 1039 1060 1094 veluti
1114 1055 1213 1110 per
1269 1038 1544 1111 quoddam
1594 1037 1900 1108 speculum.

315 1127 681 1198 intelligeret,
721 1137 777 1184 et
832 1138 1084 1185 accurate
1115 1139 1301 1202 posset
1353 1144 1722 1202 cognoscere,
1777 1142 1902 1184 cum

315 1219 644 1289 quibusnam
677 1221 936 1276 nimirum
970 1223 1200 1294 quisque
1229 1223 1538 1279 decertaret
1563 1221 1904 1293 cogitationi-

315 1311 442 1377 bus,
474 1321 530 1367 et
553 1328 817 1383 quasnam
867 1314 1088 1385 quidem
1146 1325 1449 1386 superaret,
1500 1331 1531 1370 a
1573 1315 1902 1386 quibusnam

318 1420 448 1461 vero
473 1421 572 1476 per
609 1407 905 1479 malignum
932 1411 1264 1465 vinceretur.

388 1499 604 1554 LXXX.
668 1500 837 1556 Aiunt
885 1517 1104 1572 quoque
1164 1502 1316 1558 illum
1357 1500 1651 1572 aliquando
1699 1499 1905 1556 dixisse
1963 1482 1974 1500 ’

315 1590 642 1660 quibusdam
695 1591 978 1657 fratribus,
1013 1595 1103 1664 qui
1137 1609 1262 1650 cum
1319 1609 1386 1649 eo
1439 1609 1686 1650 seorsum
1712 1608 1903 1649 versa-

316 1682 536 1752 bantur,
560 1684 706 1754 quod
731 1701 874 1756 saepe
898 1685 1106 1742 videret
1135 1686 1432 1742 terribilem
1459 1687 1776 1759 angelorum
1817 1685 1904 1742 vi-

315 1771 549 1838 sionem,
588 1789 696 1829 una
747 1789 934 1830 secum
989 1777 1446 1844 ministrantium,
1488 1785 1545 1834 et
1579 1793 1733 1833 sacra
1772 1793 1902 1848 per-

314 1867 617 1938 agentium;
637 1867 891 1938 quodque
919 1867 972 1923 in
1006 1868 1270 1925 Dominici
1296 1871 1544 1938 corporis
1564 1870 1898 1941 sumptione,

311 1959 526 2028 aliquos
560 1959 782 2026 quidem
830 1976 898 2016 ex
947 1963 1338 2020 accedentibus
1381 1974 1631 2020 cerneret
1668 1967 1736 2020 ab
1785 1966 1900 2037 ipsa

312 2051 634 2116 illuminari,
659 2052 872 2122 aliquos
892 2062 1076 2108 autem
1108 2054 1254 2109 velut
1280 2055 1587 2122 obscurari,
1615 2042 1903 2128 morteque

311 2141 488 2209 allici,
520 2143 834 2214 quicunque
873 2144 1083 2200 scilicet
1111 2145 1316 2218 indigni
1339 2157 1499 2203 erant
1528 2162 1593 2203 eo
1619 2147 1822 2204 lumine
1848 2156 1904 2204 et

312 2235 626 2304 splendore.
660 2235 1027 2303 Quamobrem
1062 2253 1174 2292 non
1219 2240 1468 2294 cessabat
1498 2239 1772 2296 testifiCari
1799 2240 1904 2296 fra-

314 2327 509 2392 tribus,
569 2328 812 2399 illudque
867 2329 1114 2401 Apostoli
1183 2331 1389 2402 optime
1475 2333 1791 2400 admonere,
1845 2343 1904 2388 ut

311 2420 690 2490 unusquisque
745 2422 994 2478 attendat
1041 2431 1098 2479 et
1147 2423 1388 2494 seipsum
1445 2426 1655 2495 probet,
1714 2425 1902 2496 sicque

311 2527 436 2567 cum
473 2521 711 2569 tremore
731 2524 912 2570 sumat
937 2531 1129 2586 panem
1156 2525 1212 2572 et
1244 2517 1470 2573 calicem
1489 2519 1570 2586 ";
1605 2534 1728 2574 cum
1760 2519 1902 2574 bene

315 2605 455 2661 sciat
488 2606 534 2661 is
555 2605 648 2676 qui
679 2607 910 2674 accedit,
943 2608 1088 2678 quod
1116 2608 1388 2680 judicium
1417 2610 1523 2666 sibi
1581 2613 1819 2666 comedit
1848 2619 1902 2666 et

311 2695 470 2761 bibit,
502 2696 596 2766 qui
651 2700 1100 2754 communionem
1146 2699 1368 2772 indigne
1420 2701 1570 2757 facit.
1605 2701 1901 2772 Pr0pterea

309 2789 514 2860 quippe
539 2789 721 2844 statim
752 2806 818 2846 ac
845 2791 1083 2862 primum
1129 2793 1235 2848 hoc
1262 2793 1591 2849 sacriﬁcium
1623 2793 1783 2850 offert
1815 2810 1903 2851 sa-

309 2881 526 2948 cerdos,
562 2883 971 2939 multitudinem
1017 2885 1188 2941 veluti
1233 2887 1547 2956 praemunit,
1576 2887 1903 2942 cautiorem-

308 2988 417 3043 que
447 2973 648 3041 reddit,
672 2972 896 3030 Sursum
929 2975 1217 3031 habeamus
1243 2979 1424 3046 corda,
1449 2979 1529 3034 eis
1558 2977 1897 3045 acclamans;

309 3075 644 3137 acceptaque
675 3067 745 3122 ab
775 3067 885 3123 illis
916 3070 1318 3139 promissione,
1354 3070 1427 3126 ita
1484 3070 1648 3126 audet
1701 3071 1900 3127 offerre

309 3157 668 3214 oblationem.

383 3248 622 3307 LXXXI.
652 3250 771 3318 Qua
807 3252 969 3309 etiam
1007 3263 1250 3326 peracta,
1284 3256 1375 3312 ille
1414 3256 1615 3312 iterum
1651 3257 1905 3314 manibus

311 3341 367 3397 in
398 3342 598 3398 caelum
629 3345 881 3411 sublatis,
915 3355 974 3402 et
1020 3347 1174 3418 quasi
1201 3350 1497 3406 ostendens
1528 3351 1904 3422 dispensatum

311 3449 414 3504 pro
437 3443 622 3490 nostra
653 3437 829 3492 salute
851 3438 1188 3509 mysterium,
1213 3439 1359 3496 clara
1386 3457 1519 3498 voce
1547 3445 1625 3498 sic
1653 3459 1903 3514 pronun-

312 3527 441 3584 tiat:
473 3525 675 3582 Sancta
697 3531 899 3585 sanctis
916 3546 935 3585 :
957 3530 1186 3601 perinde
1209 3547 1274 3588 ac
1293 3533 1339 3589 si
1357 3533 1559 3591 dixerit
1583 3536 1852 3606 quispiam
1885 3555 1898 3591 :

310 3619 766 3692 Quandoquidem
797 3638 900 3693 ego
930 3625 1099 3680 homo
1155 3640 1300 3693 sum,
1353 3627 1552 3683 similia
1582 3645 1646 3686 ac
1676 3646 1773 3685 vos
1808 3646 1904 3701 pa-

312 3715 478 3784 tiens,
511 3717 774 3790 ignorans
805 3717 1245 3792 uniuscujusque
1297 3721 1354 3777 in
1406 3723 1519 3779 vita
1559 3740 1748 3796 opera,
1779 3727 1902 3783 ideo

309 3815 442 3866 ante
467 3818 749 3868 contestor
774 3821 986 3884 aperto,
1021 3820 1078 3867 et
1133 3812 1278 3870 hanc
1324 3815 1704 3885 probationem
1751 3833 1903 3873 corn-

313 3915 537 3958 muncm
586 3901 833 3976 suggessi
882 3909 1081 3959 vestrm
1131 3905 1526 3963 conscientiae:
1561 3907 1617 3963 Si
1657 3910 1781 3980 quis
1831 3912 1900 3966 ab

312 3993 531 4063 injuri.
555 3994 942 4053 recordatione
964 3996 1052 4053 vel
1081 3997 1230 4065 odio,
1263 3999 1308 4055 si
1340 4002 1465 4071 quis
1494 4003 1562 4058 ab
1590 4003 1793 4059 invidia
1817 4007 1900 4061 vel

312 4087 393 4143 ira
441 4087 529 4146 vel
550 4088 810 4160 superbia
837 4100 1031 4163 captus
1069 4091 1274 4162 fuerit;
1317 4096 1364 4150 si
1399 4097 1521 4166 quis
1551 4112 1580 4151 a
1612 4099 1900 4154 maledicto

312 4187 410 4236 aut
445 4179 595 4252 turpi
647 4182 861 4253 loquela
917 4193 1015 4240 aut
1063 4201 1229 4256 prava
1300 4187 1601 4257 cupiditate
1647 4199 1742 4244 aut
1791 4191 1900 4246 alio

312 4270 550 4341 quodam
579 4271 709 4329 vitio
738 4274 904 4332 fuerit
935 4288 1242 4349 correptus,
1273 4289 1535 4336 attractus
1563 4297 1655 4350 per
1676 4285 1900 4340 malitia:

310 4365 656 4432 inventorem,
689 4381 759 4424 ne
788 4367 941 4438 prius
970 4371 1220 4436 accedat,
1267 4388 1430 4442 quam
1479 4389 1579 4444 per
1621 4377 1898 4446 poeniten-

312 4456 441 4511 tiam
467 4470 800 4531 expurgatus
843 4460 1009 4518 fuerit
1036 4479 1067 4519 a
1101 4465 1328 4521 scelere.
1373 4464 1505 4522 Nam
1541 4479 1724 4524 sancta
1758 4471 1894 4538 haec,

2008 573 2126 628 λίου
2177 593 2267 645 μοι
2303 576 2528 649 διεξῄει,
2570 577 2648 636 ὡς
2687 577 2773 643 είη
2812 575 2914 647 μὲν
2955 573 3216 644 εὐνοῦχος
3257 574 3320 625 ἐκ
3355 571 3596 642 φύσεως,

2007 668 2315 740 παραϐάλοι
2341 670 2399 724 δὲ
2432 671 2551 724 τότε
2583 671 2800 743 πρῶτον
2832 669 2920 724 διὰ
2953 669 3115 722 πέντε
3143 668 3238 721 καὶ
3263 668 3436 720 εἴκοσι
3471 667 3598 736 χρό-

2005 778 2114 816 νων
2137 764 2202 833 τῇ
2219 762 2328 816 τῶν
2345 763 2590 833 ἀδελφῶν
2616 763 2856 830 συνάξει.
2879 763 3000 816 Ἔτι
3023 761 3120 814 καὶ
3142 758 3298 814 τοῦτό
3325 775 3416 830 μοι
3446 759 3598 828 παρὰ

2005 853 2117 908 τῶν
2173 855 2437 926 Πατέρων
2485 856 2799 928 ἀπηγγέλη,
2884 853 3022 926 πρὸς
3070 853 3207 906 Θεοῦ
3263 851 3484 921 δοθῆναι
3521 849 3598 922 τῷ

2005 945 2285 1019 Εὑθυμίῳ,
2327 947 2469 1002 ὥστε
2495 947 2598 1012 τὰς
2631 947 2782 1002 ἔνδον
2813 946 2915 1016 τῆς
2944 945 3128 1016 ψυχῆς
3181 945 3455 1013 κινήσεις,
3488 942 3597 994 ἀπὸ

2006 1042 2103 1113 τῆς
2137 1043 2297 1107 ἐκτὸς
2337 1044 2536 1113 ὅψεως,
2575 1043 2742 1096 οἱονεὶ
2781 1042 2874 1096 διά
2917 1058 3065 1104 τινος
3096 1040 3390 1110 ἐσόπτρου,
3427 1055 3599 1091 κατα-

2006 1138 2173 1200 νοεῖν,
2215 1137 2312 1190 καὶ
2347 1137 2595 1209 ἀκριϐῶς
2629 1137 2775 1208 ἔχειν
2806 1134 3030 1200 εἰδέναι,
3062 1133 3203 1186 τίσιν
3231 1131 3339 1202 ἄρα
3379 1130 3599 1184 παλαίει

2005 1227 2289 1301 λογισμοῖς
2315 1230 2565 1294 ἕκαστος,
2607 1229 2704 1282 καὶ
2734 1229 2865 1282 οἴων
2914 1227 3014 1296 μὲν
3061 1225 3428 1298 περιγίνεται,
3462 1223 3595 1276 οἴων

2005 1320 2062 1375 δὲ
2093 1321 2273 1392 ἥττων
2304 1322 2410 1376 ὑπὸ
2438 1321 2533 1376 τοῦ
2563 1319 2802 1392 πονηροῦ
2832 1318 3061 1389 γίνεται.

2077 1493 2161 1552 [ι’.
2194 1497 2330 1550 Φασὶ
2358 1497 2416 1551 δὲ
2436 1495 2601 1550 αὐτὸν
2647 1496 2741 1550 καί
2772 1513 2903 1550 ποτε
2945 1495 3084 1568 πρός
3122 1510 3275 1557 τινας
3298 1493 3409 1547 τῶν
3441 1493 3598 1546 ἀδελ-

2007 1589 2124 1660 φῶν
2154 1590 2476 1662 καταμόνας
2507 1589 2660 1660 αὒτῷ
2692 1590 2956 1650 συνόντας
2985 1589 3184 1650 εἰπεῖν,
3234 1586 3310 1650 ὼς
3353 1585 3462 1657 ἄρα
3502 1603 3600 1655 φο-

2007 1679 2175 1750 ϐερὰν
2215 1681 2315 1734 ίδοι
2354 1679 2619 1744 πολλάκις
2663 1680 2786 1750 δψιν
2836 1680 3107 1749 ἀγγέλων,
3152 1675 3599 1746 συλλειτουργοῦ-

2009 1788 2107 1824 σαν
2128 1768 2149 1810 ι
2169 1771 2321 1842 αὐτῴ
2363 1773 2462 1825 καὶ
2500 1772 2609 1826 τῶν
2642 1773 2806 1843 ἱερῶν
2849 1769 3237 1840 ἐφαπτομένην
3262 1777 3302 1806 ω
3328 1785 3344 1800 ·
3377 1768 3474 1821 καὶ
3517 1768 3595 1830 ὡς

2005 1863 2063 1916 ἐν
2091 1865 2156 1934 τῇ
2187 1861 2282 1916 τοῦ
2319 1863 2650 1917 Δεσποτικοῦ
2679 1862 2929 1934 σώματος
2961 1861 3290 1932 μεταλήψει,
3316 1860 3470 1923 τινὰς
3498 1858 3598 1929 μὲν

2003 1954 2114 2009 τῶν
2161 1955 2498 2026 προσιόντων
2529 1954 2935 2024 φωτιζομὲνους
2976 1953 3068 2005 ὑπ’
3106 1951 3282 2022 αὐτῆς
3317 1947 3486 2021 ὁρῴη,
3515 1966 3598 2002 τι-

2005 2042 2102 2110 νάς
2129 2044 2187 2099 δέ
2229 2037 2340 2098 οἷον
2383 2046 2846 2116 ἀμαυρουμένους
2889 2043 2981 2098 καὶ
3008 2059 3206 2112 νεκρου
3216 2042 3414 2112 μένους
3434 2059 3449 2072 ·
3475 2041 3595 2094 ὅσοι

2003 2137 2247 2210 δηλονότι
2294 2137 2529 2205 ἀναξίως
2567 2133 2715 2208 εἶχον
2764 2136 2860 2192 τοῦ
2918 2136 3097 2208 φωτὸς
3129 2135 3341 2189 ἐκείνου
3370 2135 3464 2189 xui.
3494 2134 3598 2204 τῆς

2003 2229 2415 2301 λαμπρότητος.
2450 2230 2544 2284 Διὸ
2579 2231 2672 2284 καὶ
2713 2232 2825 2293 τοῖς
2853 2230 3106 2299 ἀδελφοῖς
3136 2228 3240 2282 οὐκ
3278 2228 3446 2297 ἔληγε
3473 2227 3594 2281 δια-

2009 2324 2446 2396 μαρτυρόμενος,
2484 2325 2579 2377 καὶ
2600 2325 2661 2377 rb
2692 2323 2788 2378 τοῦ
2819 2323 3148 2376 ’Δποστόλου
3170 2321 3370 2393 ἄριστα
3399 2336 3598 2388 παραι-

2004 2415 2134 2481 νῶν,
2173 2416 2465 2487 προσέχειν
2491 2415 2747 2479 ἕκαστον,
2772 2416 2866 2468 καὶ
2901 2415 3095 2468 ἑαυτὸν
3127 2412 3466 2484 δοκιμάζειν,
3500 2414 3599 2466 καὶ

2003 2509 2148 2564 οὕτω
2176 2511 2423 2582 φρικτῶς
2451 2511 2548 2564 τοῦ
2586 2509 2752 2582 ἄρτου
2775 2527 2836 2563 τε
2876 2510 2973 2564 καὶ
3003 2509 3098 2563 τοῦ
3136 2508 3399 2578 ποτηρίου
3432 2524 3600 2576 μετα-

2003 2603 2305 2675 λαμϐάνειν
2325 2621 2338 2635 ·
2373 2597 2439 2657 -εὗ
2476 2603 2656 2656 εἰδότα
2686 2602 2778 2656 τὸν
2809 2603 3272 2673 προσερχόμενον,
3303 2601 3388 2654 ὅτι
3421 2601 3602 2670 κρῖμα

2005 2695 2188 2767 ἐαυτῷ
2219 2695 2390 2749 ἐσθίει
2420 2695 2515 2749 καὶ
2537 2694 2703 2760 πίνει,
2732 2693 2968 2758 ἀναξίως
3002 2692 3328 2762 ποιούμενος
3368 2693 3469 2763 τὴν
3500 2709 3600 2762 με-

2003 2788 2258 2860 τάληψιν.
2295 2789 2395 2842 Διά
2409 2787 2568 2842 τοῦτο
2589 2788 2702 2858 γὰρ
2734 2787 2830 2840 καὶ
2859 2787 2958 2856 τὴν
2979 2784 3202 2856 πρώτην
3224 2784 3388 2845 εὐθὺς
3424 2801 3601 2853 προσ-

2005 2884 2158 2953 άγων
2191 2883 2349 2955 τήνδε
2420 2883 2520 2953 τὴν
2559 2882 2754 2958 Θυσίαν
2786 2881 2815 2932 ὁ
2856 2880 3056 2951 ἱερεὺς,
3092 2881 3255 2933 οἱονεὶ
3280 2879 3341 2931 rb
3388 2878 3601 2947 πλῆθος

2006 2975 2504 3048 προασφαλίζεται,
2546 2976 2704 3029 Ἀνω
2741 2973 2988 3044 σχῶμεν
3035 2973 3142 3040 τὰς
3192 2971 3467 3042 καρδίας,
3503 2971 3606 3024 αὕ-

2003 3071 2117 3135 τοῖς
2141 3069 2459 3140 ἐπιφωνῶνο
2494 3069 2588 3122 καὶ
2633 3068 2733 3137 τὴν
2785 3067 2920 3137 παρ’
2967 3066 3195 3119 ἐκείνων
3245 3060 3428 3117 λαϐὼν
3459 3063 3599 3116 ὑπό·

1925 3181 1970 3244 C
2007 3182 2214 3237 σχεσιν,
2249 3165 2393 3219 οὕτω
2416 3163 2516 3234 τὴν
2545 3161 2916 3235 προσαγωγὴν
2941 3159 3139 3233 θαρρεῖ
3161 3159 3259 3227 τῆς
3286 3157 3598 3228 ἀναφορᾶς.

2081 3258 2213 3314 HA'.
2251 3251 2361 3322 Ἦς
2391 3257 2486 3312 καὶ
2527 3255 3002 3326 συντελεσθείσης,
3037 3254 3136 3317 τάς
3167 3255 3356 3323 χεῖρας
3392 3253 3605 3314 ἐκεῖνος

2008 3351 2174 3406 πάλιν
2212 3353 2290 3416 είς
2348 3349 2579 3422 οὐρανὸν
2633 3347 2957 3413 ἀνατείνων,
3019 3347 3112 3400 καὶ
3169 3345 3362 3416 ὥσπερ
3414 3345 3605 3408 αὐτοῖς

2007 3443 2334 3507 ὑποδεικνὺς
2375 3441 2436 3496 rb
2468 3442 2831 3513 οίκονομηθέν
2857 3441 2956 3512 τῆς
2985 3439 3264 3511 σωτηρίας
3297 3437 3462 3510 χάριν
3495 3437 3604 3506 τῆς

2005 3540 2292 3610 ἡμετέρας
2323 3537 2652 3609 μυστήριον,
2691 3535 2833 3608 μετά
2875 3535 3138 3605 λαμπρᾶς
3165 3531 3309 3586 οὕτω
3339 3531 3476 3602 φησὶ
3499 3531 3604 3601 τῆς

2008 3633 2224 3704 φωνῆς·
2267 3631 2347 3686 Τὰ
2390 3630 2528 3701 ἅγια
2563 3629 2690 3696 τοῖς
2741 3628 2971 3697 ἁγίοις·
3035 3625 3110 3688 ὡς
3162 3626 3228 3680 ἂν
3281 3625 3428 3678 είποι
3477 3641 3599 3688 τις·

2023 3723 2362 3795 Ἐπειδήπερ
2390 3720 2501 3789 ἐγὼ
2528 3719 2815 3790 ἄνθρωπος
2839 3715 3180 3786 ὁμοιοπαθὴς
3210 3715 3360 3786 ὑμῖν,
3385 3713 3604 3782 ἀγνοῶν

2003 3815 2072 3869 τὰ
2095 3815 2312 3884 ἑκάστῳ
2346 3811 2683 3884 βεϐιωμένα,
2714 3811 2802 3866 διὰ
2821 3809 2980 3864 τοῦτο
3005 3809 3068 3880 δὴ
3103 3809 3356 3878 φανερῶς
3375 3806 3606 3879 προδια-

2009 3906 2381 3980 μαρτύρομαι,
2405 3906 2501 3960 καὶ
2522 3905 2704 3958 κοινὸν
2720 3904 2780 3957 rb
2799 3903 3044 3974 δοκίμιον
3063 3899 3224 3954 τοῦτο
3244 3900 3321 3971 τῷ
3346 3900 3603 3972 ὑμετέρῳ

2006 3999 2277 4054 συνειδότι
2306 3998 2554 4069 καθῆκα·
2586 3997 2653 4050 Et
2675 4013 2760 4061 τις
2788 3995 2893 4050 ὑπὸ
2923 3991 3347 4066 μνησικακίαςῆ
3383 3993 3601 4062 μίσους,

2004 4091 2056 4143 εῖ
2083 4107 2166 4153 τις
2197 4089 2302 4142 ὑπὸ
2320 4089 2516 4160 φθόνου
2544 4088 2578 4160 ἢ
2602 4087 2826 4159 ὀργῆςῆ
2853 4087 2955 4140 {me
2967 4086 3230 4158 ρηςρανίας
3252 4084 3417 4150 ἑάλω,
3444 4085 3496 4138 εί
3515 4101 3605 4147 τις

2004 4182 2110 4236 ὑπὸ
2132 4182 2400 4255 λοιδορίας
2428 4181 2464 4253 ἢ
2485 4180 2863 4253 αἰσχρολογίας
2889 4181 2921 4252 ἢ
2952 4183 3154 4234 ἀτόπου
3174 4179 3332 4233 ἐπιθυ
3343 4179 3492 4250 μίας,
3519 4178 3603 4230 εῖ-

2003 4295 2062 4332 τε
2090 4277 2235 4340 τινὸς
2279 4276 2468 4348 ἑτέρου
2513 4276 2720 4339 πάθους
2762 4274 3192 4346 κατείληπταιυ,
3222 4273 3297 4344 μὴ
3329 4273 3602 4342 πρότερον

2003 4369 2267 4440 προσίτω,
2310 4371 2440 4440 πρὶν
2464 4367 2532 4422 ἂν
2561 4367 2649 4421 διὰ
2684 4367 2972 4438 μετανοίας
3001 4367 3206 4420 ἐκκαθα
3218 4365 3317 4437 ρθῇ
3347 4364 3443 4418 τοῦ
3469 4367 3604 4435 μιά-

2004 4481 2228 4535 σματος.
2248 4462 2330 4517 Τά
2347 4463 2455 4534 γὰρ
2472 4463 2605 4531 ἀγια
2622 4461 3025 4531 ταῦτα,.φησὶν,
3043 4460 3163 4531 οὐχὶ
3181 4464 3292 4524 τοῖς
3319 4459 3597 4531 βεϐήλοις,

312 4549 511 4620 inquit,
557 4568 667 4608 non
721 4555 990 4624 profanis,
1026 4557 1121 4614 sed
1155 4559 1360 4616 sanctis
1391 4561 1740 4618 exhibentur.
1767 4537 1902 4632 Qui-

2012 4559 2141 4615 ἀλλά
2170 4561 2281 4622 τοῖς
2307 4558 2485 4628 ἀγίοις
2503 4559 2732 4613 ἀνεῖται.
2753 4557 2906 4610 Ὅσοι
2927 4552 3218 4625 τοιγαροῦν
3247 4552 3501 4622 θαρρεῖτε
3517 4550 3603 4622 τῷ

311 4658 526 4711 cunque
571 4660 702 4718 ergo
732 4659 927 4704 vestra:
963 4650 1237 4709 confiditis
1263 4655 1632 4720 conscientiae.
1665 4660 1732 4715 ad
1773 4676 1898 4716 eum

311 4736 576 4802 accedite,
607 4747 661 4792 et
691 4739 1102 4812 illuminemini,
1131 4761 1233 4802 nec
1277 4749 1447 4804 vestri
1478 4752 1660 4807 vultus
1694 4755 1902 4824 pudore

310 4821 637 4880 alliciautur.
678 4825 783 4883 Sed
817 4831 1004 4886 nescio
1036 4849 1147 4904 quo
1188 4837 1352 4892 modo
1381 4839 1612 4898 dulcedo
1641 4821 1903 4903 doctrinae

312 4917 621 5006 Euthymii,
653 4936 741 4976 me
791 4924 876 4978 vel
911 4926 1186 4983 nolentem
1221 4945 1530 4999 assumens,
1588 4938 1902 5006 preceden-

313 5005 446 5058 tium
475 5006 691 5078 abrupit
718 5017 1188 5082 consequentiam,
1217 5027 1271 5074 et
1320 5031 1529 5076 tantum
1569 5005 1678 5078 non
1702 5026 1898 5082 confu-

311 5097 524 5151 sionem
559 5101 792 5168 peperit.
835 5101 1020 5174 Itaque
1072 5124 1300 5166 necesse
1328 5121 1413 5167 est
1461 5121 1522 5168 ut
1573 5129 1668 5170 vos
1702 5132 1894 5173 narra-

313 5196 516 5246 tionem
551 5209 743 5251 rursus
775 5199 1044 5255 revocetis
1073 5201 1127 5255 in
1163 5204 1504 5260 memoriam.

383 5284 644 5340 LXXX".
676 5287 847 5358 Capta
878 5305 1010 5362 ergo
1049 5292 1173 5358 fuit,
1206 5303 1266 5349 ut
1287 5296 1400 5366 jam
1428 5308 1557 5354 ante
1591 5299 1896 5357 declaravi-

309 5394 454 5444 tuus,
505 5379 737 5450 improbi
778 5380 1070 5440 Theodosii
1109 5388 1316 5459 laqueis
1345 5391 1500 5446 beata
1550 5391 1810 5464 Eudocia,
1843 5407 1899 5453 et

306 5486 337 5525 a
367 5471 632 5527 catholica
659 5475 1050 5533 communione
1088 5480 1357 5550 discessit,
1400 5495 1563 5557 atque
1594 5487 1661 5542 de
1698 5499 1897 5548 cmtero

379 5584 420 5616 ”
454 5584 474 5640 Ι
504 5585 629 5641 Cor.
668 5603 746 5653 ιιι,
779 5586 872 5655 28,
901 5587 992 5646 29.

2007 4658 2295 4725 συνειδότι,
2351 4656 2680 4727 προσέλθετε
2729 4654 2868 4726 πρὸς
2928 4652 3091 4706 αὑτὸν
3121 4652 3217 4706 καὶ
3249 4649 3594 4720 φωτίσθητε,

2005 4751 2100 4806 καὶ
2151 4750 2221 4803 τὰ
2273 4749 2544 4818 πρόσωπα
2597 4747 2752 4818 ὑμῶν
2785 4748 2847 4800 οὐ
2883 4745 2960 4817 μὴ
3009 4744 3409 4814 καταισχυνθῇ.
3453 4741 3600 4796 Ἀλλ’

2004 4842 2107 4896 οὐκ
2134 4837 2232 4894 οἷδ’
2265 4841 2464 4911 δπωςή
2493 4839 2774 4910 γλυκύτης
2806 4855 2874 4910 με
2905 4839 3004 4908 τῆς
3033 4835 3309 4907 Εὐθυμίου
3336 4835 3603 4889 διδασκα-

2004 4934 2127 4998 λίας
2162 4932 2563 5004 παραλαϐοῦσα
2611 4931 2707 4985 καὶ
2745 4931 2820 5002 μὴ
2864 4929 3213 5002 βουλόμενον,
3247 4927 3465 4997 διέκοψε
3495 4926 3601 4998 τὴν

2006 5025 2330 5082 ἀκολουθίαν
2360 5025 2470 5079 τῶν
2513 5024 2923 5096 προλαϐόντων,
2978 5021 3074 5077 καὶ
3114 5020 3379 5092 σύγχυσιν
3408 5019 3598 5087 ὀλίγου

2005 5120 2116 5173 δεῖν
2147 5119 2528 5190 ἐνειργάσατο.
2568 5115 2781 5170 Οὐκοῦν
2824 5115 3042 5184 ἀνάγκη
3092 5113 3189 5168 καὶ
3235 5113 3399 5170 πάλιν
3449 5113 3599 5184 ὑμᾶς

2001 5210 2319 5280 ἀναμνῆσαι
2353 5209 2448 5263 τοῦ
2478 5209 2843 5279 διηγήματος.

2074 5304 2201 5359 llB’.
2241 5302 2397 5356 Ἥλω
2445 5301 2544 5371 μὲν
2580 5299 2696 5362 οὖν,
2729 5299 2805 5362 ὼς
2838 5298 2942 5369 ήδη
2974 5297 3284 5366 φθάσαντες
3319 5295 3597 5366 ἐδηλώσα-

2005 5413 2127 5469 μεν,
2152 5397 2270 5458 ταῖς
2308 5392 2595 5447 Θεοδοσίου
2630 5391 2725 5445 τοῦ
2777 5389 3053 5462 μοχθηροῦ
3099 5391 3305 5458 πάγαις
3340 5390 3374 5458 ή
3416 5405 3596 5457 μακα-

2001 5493 2144 5566 ρῖτις
2168 5487 2426 5553 Εὑδοκὶα,
2461 5487 2556 5542 καὶ
2593 5489 2692 5558 τῆς
2719 5485 3019 5555 καθολικῆς
3060 5482 3349 5546 κοινωνίας
3381 5483 3592 5554 διέστη,

1585 5697 1824 5755 VARIA'I
1870 5698 2280 5758 LECTIONES.

381 5773 395 5861 ξ
444 5775 516 5832 al.
552 5777 1135 5854 συλλειτουργούντων.
1212 5799 1250 5827 ω
1280 5785 1352 5844 al.
1395 5794 1919 5865 συνεφαπτομὲνων.

311 5847 445 5915 ρείς.

1999 5805 2027 5833 ιι
2056 5794 2128 5850 al.
2155 5793 2282 5850 add.
2344 5791 2450 5846 ὑπὸ
2490 5789 2586 5846 τοῦ
2629 5789 2726 5862 τῆς
2783 5788 2977 5853 κακίας
3011 5785 3308 5871 ἐφευρετσῦ
3336 5799 3590 5857 παρασυ-
