3846 6500
256 393 369 465 665

1527 403 1707 464 νιτΑ
1748 404 1808 465 S.
1844 402 2254 471 EUTHYMII.

3428 414 3537 479 666

259 511 358 567 καὶ
381 510 444 566 τδ
484 508 676 567 λοιπὸν
703 511 909 585 σπουδῇ
937 512 1087 587 πάσῃ
1124 515 1268 570 κατὰ
1296 516 1405 572 τῶν
1436 515 1734 587 ὀρθοδόξων
1761 517 1840 571 δι-

1948 518 2207 575 adversus
2231 519 2573 577 orthodox-os
2605 528 2718 576 toto
2747 521 2926 578 studio
2956 522 3276 580 decertabat
3310 544 3323 580 :
3360 528 3455 583 sed
3480 540 3538 586 et

256 604 580 675 ηγωνίζετοσ
605 605 920 679 ἐπηγάγετο
944 607 1002 661 δὲ
1032 610 1129 663 καὶ
1153 611 1363 676 πάντας
1388 612 1515 676 τοὺς
1544 610 1839 682 μοναχοὺς,

255 699 372 753 ὅσοι
400 716 462 752 τε
504 699 602 770 τὴν
628 698 856 770 ἔρημον,
885 698 984 754 καὶ
1036 699 1153 754 ὅσοι
1191 702 1291 771 τὴν
1328 701 1491 771 ἁγίαν
1520 701 1675 755 πόλιν
1707 718 1842 755 κατ-

257 785 458 858 ῴκουν,
482 787 578 843 καὶ
600 788 668 843 τά
686 788 827 842 αὐτὰ
855 788 1043 862 ἐκείνῃ
1065 791 1391 859 πρεσϐεύειν
1418 791 1657 846 ἔπεισεν.
1688 791 1843 845 Ἐπεὶ

1945 609 2160 667 induxit
2193 628 2387 670 omnes
2441 617 2761 678 monachos,
2798 625 3067 686 quotquot
3118 620 3203 675 vel
3240 620 3293 675 in
3342 621 3536 676 solitu-

1943 703 2072 758 dine
2104 704 2188 760 vel
2221 706 2274 760 in
2316 716 2505 762 sancta
2530 708 2849 764 habitabant
2880 709 3121 774 civitate,
3155 713 3535 783 persuasitque

1944 807 2004 853 ut
2048 798 2240 853 eadem
2291 814 2415 854 cum
2479 799 2567 855 illa
2605 812 2938 857 assererem.
2991 802 3284 874 Postquam
3348 816 3533 862 autem

258 879 315 935 δὲ
343 882 376 954 ἡ
406 880 530 952 δίκη
574 881 811 953 μετῆλθε
835 881 927 938 τὸν
953 882 1255 950 Θεοδόσιον,
1284 885 1379 939 καὶ
1405 886 1433 937 ὁ
1467 885 1566 951 μὲν
1592 884 1839 938 ἐκποδὼν

1948 893 2152 961 iustitia
2175 895 2411 964 sumpsit
2448 895 2747 951 vindictam
2779 897 2848 952 de
2876 898 3209 964 Theodosio,
3241 900 3393 971 isque
3418 901 3532 972 jam

257 972 362 1043 ήδη
395 971 632 1040 γίνεται,
670 973 1028 1040 Ἰουδενάλιος
1061 974 1118 1029 δὲ
1144 975 1236 1031 τὸν
1261 977 1460 1031 ἑαυτοῦ
1487 976 1676 1048 θρόνον
1702 977 1842 1029 ἀπο-

256 1062 547 1134 λαμϐάνει,
578 1064 674 1119 καὶ
709 1067 832 1130 ταῖς
856 1065 1211 1138 Ἐκκλησίαις
1241 1066 1308 1122 τὰ
1338 1066 1559 1140 λυπηρά
1590 1065 1808 1120 διαλύον

256 1174 374 1217 ται,
395 1157 703 1228 γράμματα
752 1158 1016 1224 πολλάκις
1034 1162 1100 1232 τῇ
1153 1159 1385 1229 βασιλίδι
1415 1160 1713 1229 Οὐαλερίου
1747 1158 1842 1213 τοῦ

256 1246 516 1320 ἀδελφοῦ,
575 1247 675 1301 καῖ
726 1249 1013 1322 ὐλυϐρίου
1075 1251 1171 1306 τοῦ
1221 1251 1474 1323 γαμϐροῦ
1531 1252 1842 1324 πέμπονται

258 1342 391 1411 παρ’
421 1342 625 1408 αίτίαν,
649 1341 791 1396 ὥστε
824 1344 923 1414 τῆς
953 1348 1063 1398 τῶν
1088 1346 1528 1417 Εὑτυχιανιστῶν
1558 1346 1842 1416 ἀφεμένην

256 1434 570 1500 κοινωνίας,
602 1438 718 1499 τοῖς
751 1439 821 1508 τῇ
854 1438 1120 1512 καθολικῇ
1162 1440 1467 1511 Ἐκκλησία
1498 1438 1843 1509 δεδογμένοις

254 1526 644 1599 ἀκολουθῆσαι.
687 1528 751 1583 Ἦ
774 1530 830 1584 δὲ
863 1532 1064 1602 πρῶτα
1097 1532 1198 1603 μὲν
1218 1534 1318 1604 τὴν
1350 1532 1653 1604 μεταϐολὴν
1675 1530 1842 1586 ὤκνει

253 1620 352 1672 καὶ
373 1619 720 1690 ἀνεϐάλλετο,
752 1624 848 1677 καὶ
875 1625 976 1678 ούκ
1006 1620 1156 1697 εῖχεν
1180 1626 1329 1690 ὅπως
1352 1626 1418 1680 ἂν
1439 1626 1509 1680 τὰ
1533 1626 1635 1699 ἤδη
1657 1625 1845 1691 δόξαν·

253 1728 325 1765 τα
356 1711 762 1784 καταπρὸηται.

326 1801 451 1859 Ill".
490 1805 717 1875 Ἐπειδὴ
755 1804 814 1860 δὲ
864 1805 1027 1876 μάθοι
1074 1806 1167 1861 τόν
1208 1823 1269 1861 τε
1299 1807 1551 1881 γαμϐρὸν
1582 1809 1756 1879 αὐτῆς
1786 1810 1844 1862 ὲν

252 1892 447 1967 Θράκῃ
469 1894 852 1965 ἀναιρεθῆναι,
882 1893 980 1966 τὴν
999 1894 1275 1968 θυγατέρα
1289 1914 1350 1951 τε
1376 1899 1617 1963 καὶτοὺς
1644 1899 1838 1965 παῖδας
1870 1886 1912 1942 Β

251 1985 360 2039 ὐπὸ
388 1989 502 2050 τοῖς
531 1986 817 2058 πολεμίοις
855 1986 957 2059 ἤδη
995 1988 1274 2057 γενέσθαι,
1311 1991 1408 2043 καὶ
1456 1988 1840 2061 αἰχμαλώτους

252 2080 336 2144 εἰς
375 2079 707 2150 Καρχηδόνα
760 2079 1097 2147 ἀπάγεσθαι,
1165 2081 1375 2154 σφόδρα
1420 2082 1690 2152 πληγεῖσα
1740 2083 1837 2153 τὴν

251 2173 507 2241 καρδίαν,
542 2172 639 2225 καλ⁸
671 2172 1033 2227 ἀνταπόδοσιν
1056 2167 1200 2227 εἶναι
1228 2173 1436 2227 τούτων
1459 2173 1557 2246 τὴν
1586 2174 1693 2227 τῶν
1721 2174 1842 2244 φιλ-

252 2267 432 2320 τάτων
459 2265 736 2336 ἀποϐολὴν
762 2265 1020 2337 κρίνασα,
1060 2265 1384 2329 διδάσκαλον
1438 2265 1687 2337 εὑρίσκει
1740 2266 1839 2337 τὴν

252 2356 546 2428 συμφοράν
586 2355 683 2410 τοῦ
717 2357 899 2422 καλῶς
956 2357 1205 2429 ἔχοντος·
1240 2358 1348 2412 Kal
1387 2359 1425 2426 ἠ
1452 2358 1693 2413 παιδεία
1728 2359 1840 2431 γάρ

252 2466 398 2514 σου,
433 2452 619 2523 φησιν,
652 2450 809 2518 αὐτή
834 2469 913 2522 με
939 2451 1172 2518 διδάξει
1192 2469 1205 2483 ·
1248 2455 1344 2507 καὶ
1372 2453 1515 2524 πρὸς
1553 2453 1650 2525 τὴν
1677 2455 1839 2526 ὀρθό-

249 2552 466 2615 τομονο
510 2545 609 2601 καὶ
652 2545 829 2618 ἀληθῆ
876 2545 1061 2600 πίστιν
1116 2546 1183 2600 δι’
1230 2547 1447 2617 ἐκείνης
1490 2547 1840 2617 ὀδηγηθεῖσα,

250 2635 517 2706 σχολάσαι
547 2635 608 2689 τὸ
641 2636 828 2691 λοιπὸν
863 2636 1009 2707 ἔγνω
1041 2637 1211 2703 θείοις
1246 2639 1474 2710 ἀνδράσι
1497 2640 1837 2711 τυπουμένη,

248 2728 349 2781 καὶ
379 2731 745 2799 χειραγωγοῖς
767 2730 1026 2803 χρωμένη
1062 2730 1201 2803 πρὸς
1225 2733 1522 2802 σωτηρίαν.
1544 2731 1732 2804 Ταύτῃ
1756 2748 1841 2785 τοι

249 2816 354 2872 καὶ
402 2817 498 2872 τὸν
550 2820 973 2890 χωρεπίσκοπον
1027 2820 1416 2885 ’Δναστάσιον,
1469 2821 1608 2891 μετά
1675 2838 1841 2873 τινων

251 2914 720 2985 ὑπηρετουμένων
775 2916 914 2987 αὐτῇ
968 2915 1067 2971 καὶ⁸
1107 2916 1306 2980 ἄλλων,
1358 2917 1439 2980 είς
1501 2917 1843 2988 Ἀντιόχειαν

248 3005 407 3077 παρά
435 3007 530 3060 τὸν
560 3007 801 3079 κιονίτην
844 3007 1094 3078 Συμεὼν,
1119 3009 1212 3063 τὸν
1262 3010 1547 3078 ύψωθέντα
1568 3014 1632 3082 τῇ
1668 3012 1841 3086 ἀρετῇ

248 3098 435 3170 πολλῷ
468 3099 669 3169 μᾶλλον
696 3100 730 3171 ἢ
754 3099 832 3172 τῷ
858 3100 1020 3163 κίονι,
1052 3101 1113 3155 τὸ
1135 3101 1322 3172 θαῦμα
1352 3104 1451 3173 τῆς
1495 3105 1840 3175 οίκουμένης,

1942 982 2158 1042 amotus
2198 986 2322 1050 fuit,
2373 986 2653 1043 Juvenalis
2682 1003 2812 1043 vero
2864 990 3049 1044 sedem
3104 1006 3257 1047 suam
3303 994 3530 1063 recepit,

1944 1077 2317 1148 dissolutaque
2331 1087 2459 1133 sunt
2476 1094 2598 1149 quae
2610 1079 2870 1135 Ecclesiis
2887 1080 3186 1137 all'erebant
3202 1083 3529 1149 molestiam,

1944 1169 2137 1225 litterae
2169 1167 2364 1223 Valerii
2399 1169 2476 1239 (6)
2506 1169 2691 1225 fratris
2730 1180 2787 1225 et
2811 1169 3018 1242 Olybrii
3061 1171 3141 1244 (7)
3172 1175 3356 1244 generi
3390 1189 3536 1244 sape

1944 1261 2237 1317 mittuntur
2280 1263 2348 1317 ad
2379 1262 2783 1332 imperatricem
2834 1263 2939 1319 hac
2963 1264 3032 1319 de
3067 1279 3252 1332 causa,
3286 1275 3345 1321 ut
3374 1268 3530 1338 Euty-

1945 1353 2336 1409 chianistarum
2365 1354 2556 1410 relicta
2589 1352 3000 1419 communione,
3031 1364 3293 1424 sequatur
3324 1371 3385 1409 ea
3413 1372 3537 1425 quae

1944 1445 2013 1500 ab
2072 1442 2312 1498 Ecclesia
2353 1443 2619 1499 catholica
2675 1444 2893 1500 decreta
2950 1444 3193 1499 fuerunt.
3234 1446 3342 1500 .llla
3404 1462 3534 1502 vero

1944 1532 2181 1605 primum
2228 1532 2447 1603 quidem
2490 1533 2850 1588 mutationem
2903 1534 3247 1589 detrectabat
3282 1528 3346 1589 et
3375 1536 3537 1590 diﬂ'e-

1946 1621 2123 1686 rebat,
2155 1635 2333 1692 neque
2362 1630 2593 1676 noverat
2620 1636 2729 1691 quo
2766 1622 2930 1677 modo
2958 1623 3112 1693 prius
3157 1624 3355 1695 placita
3399 1624 3538 1693 abji-

1947 1722 2115 1769 ceret.
2894 1732 2899 1736 ’
3152 1711 3162 1720 ’

2019 1804 2307 1861 LXXXIII.
2349 1805 2553 1861 Verum
2592 1816 2879 1878 postquam
2931 1806 3216 1863 didicisset
3271 1825 3536 1878 generum

1942 1914 2100 1953 suum
2127 1898 2182 1952 in
2214 1896 2446 1953 Thracia
2478 1898 2554 1968 (8)
2588 1898 2757 1954 fuisse
2799 1900 3190 1969 interemptum
3235 1901 3279 1933 ⁸⁸
3323 1900 3422 1970 (9),
3458 1902 3537 1955 [ἰς-

1942 1989 2175 2060 liamque
2207 1990 2319 2059 (10)
2343 1999 2398 2045 et
2428 1991 2546 2058 ejus
2577 1990 2713 2046 tilias
2735 2006 2857 2046 esse
2879 1990 2931 2045 in
2966 2000 3236 2060 potestate
3267 1989 3535 2058 hostium,

1941 2092 2103 2153 atque
2127 2083 2370 2152 captivas
2387 2082 2578 2137 abduci
2604 2082 2988 2153 Carthaginem
3009 2100 3024 2136 :
3049 2082 3214 2137 corde
3233 2083 3387 2138 valde
3411 2099 3540 2137 sau-

1941 2172 2105 2237 ciata,
2137 2181 2192 2227 et
2213 2172 2473 2228 arbitrata
2504 2172 2948 2227 charissimorum
2980 2172 3335 2228 amissionem
3381 2174 3539 2228 retri-

1944 2266 2036 2321 bui
2086 2266 2254 2336 gestis
2308 2266 2460 2328 suis,
2526 2265 2740 2321 invenit
2790 2266 3153 2320 calamitatem
3221 2267 3534 2338 magistram

1942 2357 2060 2428 ejus
2114 2357 2259 2427 quod
2291 2366 2439 2413 recte
2474 2358 2638 2411 habet
2670 2376 2684 2412 :
2713 2372 2838 2411 nam
2868 2356 2936 2411 Et
2969 2357 3253 2427 disciplina
3285 2366 3401 2421 tua,
3454 2360 3540 2414 in-

1942 2450 2078 2519 quit,
2110 2450 2223 2517 ipsa
2245 2465 2325 2502 me
2346 2449 2547 2503 docebit
2565 2450 2643 2516 ";
2664 2457 2718 2503 ct
2737 2448 2803 2505 ad
2819 2456 3026 2504 rectam
3058 2465 3351 2519 veramque
3378 2451 3539 2506 ﬁdem

1943 2556 2042 2610 per
2082 2542 2229 2595 illam
2264 2542 2523 2607 deducta,
2559 2542 2747 2596 statuit
2792 2542 3054 2613 deinceps
3084 2559 3299 2605 vacare,
3333 2560 3361 2595 a
3410 2544 3540 2600 viris

1943 2634 2145 2689 divinis
2172 2635 2441 2696 inStituta,
2459 2635 2635 2704 iisque
2662 2644 2822 2690 utens
2839 2635 3162 2690 ductoribus
3185 2635 3251 2689 ad
3277 2636 3538 2691 salutem.

1943 2730 2118 2798 Atque
2136 2728 2259 2782 ideo
2275 2727 2622 2782 Anastasium
2646 2726 3103 2798 chorepiscopum
3133 2728 3178 2798 (ι
3196 2726 3242 2798 1)
3264 2744 3389 2782 cum
3418 2729 3540 2797 qui-

1942 2821 2170 2877 busdam
2199 2820 2319 2874 aliis
2346 2820 2611 2874 ministris
2638 2819 2752 2873 suis
2779 2818 2945 2874 mittit
2965 2818 3307 2873 Antiochiam
3333 2822 3397 2872 ad
3434 2820 3538 2889 Sy-

1943 2927 2194 2969 meonem
2229 2911 2343 2984 (l2)
2370 2911 2743 2967 columnarem
2794 2912 2966 2977 illum,
3002 2913 3097 2982 qui
3152 2912 3328 2966 multo
3373 2913 3537 2966 altius

1944 3014 2061 3061 erat
2099 3004 2344 3060 sublatus
2371 3003 2572 3058 virtute
2625 3020 2787 3074 quam
2843 3004 3119 3068 columna,
3158 3004 3331 3060 totius
3383 3004 3535 3060 orbis

1946 3098 2269 3152 miraculum
2294 3113 2309 3163 ;
2340 3097 2501 3166 eique
2527 3111 2624 3166 per
2659 3097 2866 3151 litteras
2906 3095 3178 3167 signiﬁcat
3208 3097 3387 3150 cordis
3416 3112 3540 3165 pro-

248 3191 555 3259 ἐκπέμπει,
592 3191 885 3264 σημάνασα
922 3188 1014 3245 διὰ
1053 3191 1400 3263 γραμμάτων
1434 3192 1586 3264 αὐτῷ
1610 3193 1704 3247 τὸν
1742 3196 1840 3265 τῆς

1948 3190 2208 3261 positum,
2240 3204 2541 3258 rursusque
2572 3189 2812 3258 postulat
2845 3189 2914 3243 ab
2940 3204 3007 3243 eo
3035 3189 3328 3247 consilium
3389 3190 3539 3245 accir

248 3283 482 3354 καρδίας
507 3284 730 3348 σκοπὸν,
758 3282 988 3349 ἀξιοῦσά
1010 3301 1069 3338 τε
1094 3287 1228 3358 παρ’
1266 3286 1480 3339 ἐκείνου
1507 3287 1670 3341 πάλιν
1696 3289 1838 3357 γνὼ-

252 3394 366 3446 μην
407 3376 616 3431 λαϐεῖν.
667 3376 863 3432 ὀποία
885 3372 979 3431 οὖν
1007 3378 1041 3448 ἡ
1068 3377 1202 3450 παρ’
1226 3377 1435 3432 ἐκείνου
1477 3378 1696 3451 γνώμη,
1744 3380 1840 3434 καὶ

248 3469 339 3531 τίς
357 3470 391 3540 ή
420 3469 711 3539 ἀπόκρισις
738 3486 753 3536 ;
782 3470 1049 3536 Γίνωσκε,
1077 3471 1264 3541 φησὶν,
1295 3470 1370 3534 ὡς
1399 3472 1427 3524 δ
1469 3473 1725 3543 πονηρὸς,
1748 3473 1838 3526 τὸν

250 3559 488 3614 πλοῦτον
498 3560 606 3615 τῶν
631 3560 740 3615 σῶν
766 3562 908 3635 δρῶν
930 3563 1163 3634 ἀρετῶν,
1186 3563 1496 3635 ἐξῃτήσατο
1518 3565 1757 3620 σινιάσαι
1779 3581 1838 3618 σε

246 3652 331 3714 ὡς
355 3652 450 3705 τὸν
475 3654 621 3707 σῖτον
638 3669 651 3685 '
675 3655 771 3708 καὶ
801 3655 973 3709 πολλά
999 3672 1063 3726 γε
1088 3655 1177 3709 διὰ
1205 3654 1298 3708 τοῦ
1318 3655 1382 3708 λυ
1392 3655 1598 3726 μεῶνος
1630 3654 1841 3708 ἐκείνου

249 3744 564 3810 Θεοδοσίου,
593 3746 691 3816 τὴν
719 3746 943 3817 θεοφιλῆ
967 3765 1060 3802 σου
1093 3746 1272 3817 ψυχὴν
1301 3746 1631 3817 ἐλυμήνατο.
1680 3746 1843 3799 Ἀλλά

251 3838 472 3905 θάρσει.
512 3837 587 3891 Οὐ
620 3836 732 3909 γὰρ
759 3838 976 3905 ἐξέλιπέ
1009 3855 1101 3891 σου
1139 3839 1174 3910 ή
1211 3824 1435 3902 πίστις,
1466 3838 1617 3910 Ἐμοὶ
1656 3837 1712 3893 δὲ
1749 3839 1842 3892 καὶ

251 3927 415 3983 τοῦτο
456 3926 579 3981 λίαν
609 3927 788 3982 ἔπεισι
819 3927 1142 4001 θαυμάζειν,
1173 3930 1366 4001 ὅτιπερ
1416 3932 1475 3982 ἐν
1508 3941 1537 3980 ι)
1581 3931 1841 3999 γειτόνων

255 4037 343 4073 σοι
369 4018 473 4091 τῆς
503 4021 684 4091 πηγῆς
705 4019 893 4090 οὔσης,
929 4021 1099 4093 αὐτὴν
1124 4022 1223 4092 μὲν
1246 4023 1520 4095 παρορᾷς,
1558 4022 1841 4095 πόρρωθεν

252 4117 309 4170 δὲ
344 4117 531 4187 ζητεῖς
559 4116 651 4171 τοῦ
684 4116 850 4171 αὐτοῦ
898 4116 1166 4189 ἀρύεσθαι
1205 4114 1418 4181 ὕδατος.
1454 4118 1639 4188 Ἔχεις
1667 4119 1844 4174 τοίνυν

254 4210 349 4263 τδν
386 4209 647 4282 θεοφόρον
676 4208 984 4281 ῐζύθύμιον⁸
1026 4202 1089 4264 οὗ
1136 4212 1257 4275 ταῖς
1298 4209 1678 4275 διδασκαλίαις
1719 4212 1847 4266 ἑπο-

258 4304 424 4374 μένη,
459 4304 558 4374 οὐχ
583 4304 930 4375 ἀμαρτήσεις
952 4302 1050 4358 τοῦ
1082 4302 1375 4369 σώζεσθαι.

1948 3301 2099 3357 pere.
2125 3284 2476 3356 Qualeigitur
2496 3284 2670 3356 ipsius
2688 3286 3001 3350 consilium,
3026 3285 3281 3356 quodque
3306 3301 3539 3356 respon-

1948 3379 2108 3439 sum?
2136 3377 2311 3444 Scias,
2336 3377 2532 3448 inquit,
2557 3378 2704 3448 quod
2731 3378 3024 3449 malignus,
3053 3377 3244 3433 videns
3265 3394 3397 3448 opes
3423 3389 3543 3433 tua-

1947 3487 2067 3525 rum
2118 3471 2403 3535 virtutum,
2459 3469 2723 3540 expetivit
2762 3469 3107 3527 ulcribraret
3136 3479 3190 3525 te
3235 3470 3543 3524 sicuttriti-

1946 3565 2164 3632 cum”;
2189 3560 2454 3635 valdeque
2484 3579 2584 3635 per
2607 3563 2928 3635 pestiferum
2960 3563 3112 3619 illum
3146 3562 3548 3634 Theodosium,

1946 3658 2257 3728 religiosam
2286 3667 2433 3715 tuam
2463 3658 2712 3727 corrupit.
2740 3656 3002 3713 animam.
3026 3653 3136 3710 Sed
3161 3655 3393 3711 confide.
3422 3655 3541 3709 Non

1947 3750 2095 3806 enim
2116 3750 2317 3806 deiecit
2344 3750 2477 3805 fides
2501 3758 2614 3805 tua.
2641 3749 2769 3803 Mihi
2795 3757 2978 3805 autem
3012 3748 3283 3803 succurrit
3310 3748 3414 3802 hoc
3447 3762 3541 3801 vc-

1949 3845 2236 3900 hementer
2260 3843 2541 3907 admirari,
2577 3844 2722 3913 quod
2766 3858 2890 3896 cum
2919 3841 3017 3897 tibi
3049 3841 3120 3896 sit
3145 3840 3270 3899 fons
3313 3840 3541 3911 propin-

1947 3952 2111 4007 quus,
2161 3936 2342 4008 ipsum
2396 3935 2618 4006 quidam
2657 3933 2912 4004 despicis,
2952 3933 3142 4003 procul
3172 3948 3302 3988 vero
3337 3933 3540 4003 quaeris
3573 3934 3577 3939 ’

1949 4031 2194 4087 eamdem
2227 4045 2428 4100 aquam
2457 4028 2697 4084 haurire.
2737 4025 2914 4082 [labes
2958 4026 3120 4096 igitur
3165 4026 3276 4080 Deo
3321 4028 3541 4095 plenum

1953 4125 2325 4196 Euthymium,
2349 4123 2508 4194 cujus
2536 4133 2772 4192 sequens
2808 4119 3142 4185 doctrinam,
3170 4134 3282 4175 non
3315 4118 3541 4173 aberrao

1951 4219 2037 4275 bis
2082 4234 2112 4273 a
2143 4217 2342 4274 salute.

326 4424 377 4457 “
412 4419 478 4477 ν.
510 4422 566 4477 in
610 4421 749 4479 Boil.
826 4424 872 4457 ”
907 4420 1060 4478 Plal.
1101 4437 1233 4490 xvn,
1264 4422 1357 4478 56.
1437 4423 1483 4454 ⁶⁰
1525 4422 1639 4477 Luc
1673 4437 1811 4487 xm,

1964 4424 2057 4480 5‘2.

1559 4542 1796 4599 VARIIE
1836 4540 2247 4598 LECTIONES.

328 4624 350 4647 '
374 4616 449 4670 al.
473 4612 778 4686 ὀρθόδοξον.
855 4623 884 4663 P
923 4613 993 4668 al.
1028 4614 1113 4670 ὲκ.

1449 4705 1643 4763 JOAN.
1685 4705 2027 4764 BOLLANDI
2061 4704 2296 4764 ΝΟΤΕ.

330 4806 411 4877 (6)
452 4804 581 4877 Ejus
598 4805 851 4877 meminit
876 4803 1211 4877 Nicephorus
1240 4804 1332 4877 lib.
1365 4805 1600 4877 15,_cap.
1627 4804 1695 4858 12
1734 4820 1831 4876 per
1862 4811 1905 4867 ι)
2009 4805 2095 4877 (9)ᾼ
2125 4799 2884 4877 Valentinianusimperator,
2905 4799 3031 4877 dolo
3051 4798 3269 4877 Maximi
3300 4798 3544 4877 i_u_(3am‘

257 4874 429 4947 quem
454 4874 509 4931 et
545 4875 849 4947 Olybrium,
881 4874 1071 4931 ambos
1095 4876 1400 4947 ‘Patricios,
1453 4874 1690 4947 Eudocia
1736 4874 1829 4930 re-

254 4944 546 5004 conciliata
575 4944 660 5001 est
684 4947 746 5003 S.
768 4946 1069 5004 Pulcheria:
1095 4944 1449 5017 Imperatrici,
1475 4945 1543 5002 de
1564 4962 1670 5017 qua
1707 4961 1837 5017 age-

261 5035 388 5072 mus
422 5017 488 5071 10
511 5017 662 5072 Sept.

261 5035 388 5074 Inus
422 5026 488 5071 ιυ
511 5026 662 5074 Sept.

333 5032 727 5161 ἱῆυόῧθιιριέιιε
761 5087 941 5159 p0puli
980 5088 1217 5161 Bpmani
1270 5090 1549 5161 princeps,
1587 5101 1668 5161 “ex
1708 5086 1846 5143 urbe

259 5156 435 5214 Roma
457 5174 485 5231 a
505 5156 801 5231 Genserico
832 5156 958 5231 rege
979 5156 1371 5231 Wandalorum
1398 5156 1553 5228 capta
1578 5156 1844 5231 constan-

260 5229 550 5312 tinopolitn
584 5229 866 5312 profugus,
899 5227 1017 5312 erat
1049 5231 1188 5312 apud
1232 5230 1565 5312 Marcianum
1606 5227 1844 5312 impera-

262 5310 465 5353 torem.
503 5298 639 5355 Huic
677 5298 1006 5368 desponsma
1055 5309 1168 5353 tmn
1205 5311 1319 5355 erat
1365 5298 1627 5363 Placidia,
1663 5299 1841 5363 neptis

262 5370 541 5432 Endociaz,
587 5369 691 5424 lilia
712 5369 1071 5425 Valentiniani
1110 5369 1455 5439 imperatoris
1496 5383 1561 5439 ex
1598 5368 1839 5425 Eudoxia

262 5440 522 5495 Sudor-ia:
553 5440 682 5495 illia.
729 5439 989 5509 Evagrius
1018 5440 1111 5495 lih.
1149 5440 1206 5502 2,
1248 5456 1370 5509 cap.
1399 5442 1471 5494 7.·
1502 5438 1841 5509 Nicepltorus

258 5510 360 5563 lth.
391 5511 482 5582 15,
525 5526 644 5582 cap.
689 5508 1062 5582 H._0lybrius
1101 5510 1227 5582 dein
1280 5507 1553 5582 Marciano
1596 5520 1652 5582 et
1681 5507 1843 5582 Festo

259 5596 413 5633 coss.
448 5580 743 5636 lmtictione
778 5579 850 5646 Χ,
880 5579 987 5634 'an.
1018 5580 1143 5636 L72.
1190 5581 1476 5636 Anthemio
1520 5581 1573 5633 in
1607 5579 1839 5648 Imperio

258 5647 603 5705 Occidentali
634 5652 982 5710 substitutus,
1022 5652 1250 5719 septimo
1279 5666 1467 5706 mense
1510 5647 1722 5720 imperii
1752 5651 1834 5705 sui

260 5722 376 5773 vita
411 5720 697 5776 defunctus
728 5731 832 5778 est.
864 5721 1208 5775 Marcellinus
1239 5722 1292 5776 in
1320 5722 1523 5776 Chron.

337 5791 417 5864 (8)
457 5791 748 5864 Graeceﬂtv
784 5793 1033 5864 Θρᾴκῃ,Δ
1061 5793 1311 5864 mendum
1345 5790 1705 5864 ;greponituus
1766 5791 1831 5843 ἐκ

259 5861 514 5934 Θρᾴκης,
548 5877 614 5917 ex
639 5860 893 5926 Thracia;
917 5860 1124 5918 scilicet
1150 5860 1501 5917 intellexisset

1941 4868 2242 5001 Ez‘di‘tlst‘slio
2279 4873 2566 4930 confossus
2596 4868 2684 4927 est
2728 4868 2849 4925 XVI
2911 4869 3143 4926 Kalend.
3194 4869 3398 4939 Aprilis
3446 4887 3539 4924 an-

2013 5018 2127 5089 (10)
2162 5015 2410 5071 Eudoxia
2461 5015 2516 5067 in
2566 5026 2767 5089 necen_1_
2795 5010 3013 5089 Maximi
3071 5009 3432 5089 Gensericum
3488 5011 3539 5069 it;

1943 5081 2154 5142 Italiam
2192 5094 2470 5149 evocarat,
2505 5100 2533 5136 a
2581 5098 2686 5151 quo
2722 5081 2867 5138 Urbe
2897 5090 3053 5152 capta
3088 5083 3201 5149 ipsa
3244 5082 3545 5152 etiamca~

1944 5159 2092 5230 ptiva
2125 5158 2178 5212 in
2223 5154 2462 5230 Africam
2493 5154 2725 5230 abducta
2770 5151 3009 5230 estcutu
3054 5153 3267 5207 duabus
3305 5151 3548 5230 ﬁliabus,

1944 5216 2178 5296 quarum
2207 5225 2381 5280 altera
2413 5216 2738 5296 desponsata
2767 5222 3016 5296 Olybrio,
3042 5237 3167 5296 cum
3194 5234 3369 5276 matre
3394 5222 3544 5296 Qun-

1947 5292 2367 5366 stantinopolim
2398 5292 2625 5350 remissa
2652 5304 2744 5366 est
2773 5292 2861 5348 an'.
2900 5292 3003 5366 Ch.
3033 5293 3159 5348 162.
3202 5292 3544 5366 Alteram»-

1944 5370 2099 5423 docia
2126 5362 2291 5434 nupta
2336 5365 2611 5420 llunerico
2637 5363 2915 5419 Genserici
2948 5365 3077 5434 lilio,
3108 5366 3156 5419 ei
3201 5362 3536 5417 Hildericum

1982 5440 2176 5507 epcrit.
2203 5433 2448 5492 Tandem
2481 5435 2622 5490 clam
2664 5434 2894 5502 dilapsa,
2928 5435 2984 5507 in
3024 5433 3144 5507 loca
3171 5443 3358 5507 sancta
3393 5446 3537 5502 pro-

1982 5455 2176 5507 εροηι.
2204 5455 2234 5492 VI
2252 5455 2448 5491 andem
2481 5455 2622 5490 Clillll
2664 5455 2894 5502 uuapsa,
2928 5455 2981 5488 Ill
3024 5455 3140 5489 loca
3171 5455 3358 5488 SilllCIH
3393 5455 3532 5502 pru-

1944 5455 2079 5580 t‘itgit
2108 5524 2202 5565 an.
2227 5506 2334 5562 L72
2356 5515 2410 5562 et
2444 5507 2752 5577 sepulcrum
2780 5508 2915 5560 aviae
2950 5505 3198 5560 Eudociaa
3228 5505 3386 5573 longe
3412 5512 3532 5571 post

1944 5581 2260 5633 exosculata
2283 5586 2388 5633 est.

2283 5593 2388 5637 08h

1943 5590 2260 5637 exosculata
2283 5590 2388 5637 est,

2011 5652 2123 5723 (tl)
2167 5649 2430 5723 Absolute
2464 5649 2756 5723 cpiscopus
2786 5646 2991 5701 dicitur
3023 5660 3053 5700 a
3092 5642 3400 5714 Nicephoro
3429 5642 3506 5699 lib

1937 5718 2031 5786 xv,
2061 5737 2184 5790 cap.
2211 5722 2301 5782 15,
2334 5719 2424 5790 ubi
2455 5720 2644 5773 eadem
2670 5718 2810 5790 ‘hinc
2850 5728 3061 5771 narrat.

2007 5784 2143 5864 (l2)'
2166 5791 2241 5846 De
2277 5791 2336 5846 S.
2375 5788 2631 5846 Simeone
2661 5788 2857 5856 Stvlita
2879 5798 3058 5843 actum
3094 5786 3127 5841 5
3150 5784 3419 5842 Januarii.
