3846 6484
217 411 324 479 σεδτ)

1514 422 1690 483 VITA
1724 424 1783 484 S.
1828 422 2231 491 EUTHYMII.

3395 441 3504 505 670

219 532 427 600 ἑτέροις
451 527 729 593 ἀπωλείας
757 529 996 603 κατέστη
1030 530 1231 597 αἴτιος·
1266 526 1311 602 ᾧ
1340 552 1404 601 γε
1442 537 1534 590 καὶ
1557 537 1649 591 δύο
1671 538 1783 592 τινὲ

1916 541 2035 595 aliis
2054 557 2215 599 causa
2246 546 2453 600 exstitit
2484 545 2733 603 interitus
2763 564 2776 602 :
2810 564 2933 602 cum
2960 563 3026 603 eo
3055 551 3219 606 etiam
3248 552 3358 609 duo
3385 557 3476 622 qni
3502 585 3507 591 -

215 623 317 693 τῆς
358 622 630 678 Ἐλπιδίου
658 624 930 690 συνοδίας,
953 628 1270 699 Μαρκιανός
1291 646 1351 683 τε
1380 632 1473 686 καὶ
1505 633 1806 704 Ῥωμανδς,

214 717 316 789 τὴν
348 716 483 787 πρὸς
511 715 791 773 ἀπώλειαν
819 719 1093 792 φέρουσαν
1124 724 1323 793 ὁμοίιος
1356 725 1613 779 ἑϐἁδισαν
1637 745 1650 758 ·
1695 744 1808 782 κοι-

213 808 370 865 νὸϐιά
389 826 450 864 τε
475 810 760 881 ἑκάτερος,
797 814 825 866 ὁ
854 814 954 883 μὲν
998 817 1127 887 περὶ
1158 815 1256 889 τὴν
1291 818 1452 884 ἁγίαν
1483 819 1752 890 Βηθλεὲμ,
1779 825 1806 876 ὁ

212 901 268 955 δὲ
300 903 360 956 ἐν
392 906 459 974 τῇ
490 902 729 959 Θεκώων
759 905 925 981 κώμῃ
952 911 1374 980 συνεστήσαντο.

283 1082 409 1136 ΠΖ’.
448 1082 511 1137 Ἠ
548 1080 735 1154 μέντοι
782 1087 1078 1156 μακαρῖτις
1101 1087 1355 1152 Εὐδοκία,
1373 1092 1498 1156 τοὺς
1515 1092 1609 1146 τοῦ
1636 1112 1800 1148 σταυ-

216 1174 517 1243 ροφύλακος
548 1175 834 1246 ἀδελφοὺς,
870 1178 1196 1249 Χρύσιππόν
1231 1199 1291 1235 τε
1320 1183 1412 1237 καὶ
1452 1186 1489 1236 Γ
1492 1185 1796 1256 αϐριήλιον,

211 1266 321 1321 ἀπὺ
347 1267 447 1336 τῆς
503 1268 714 1339 λαύρας
774 1272 1206 1341 μετακαλεῖται,
1251 1277 1348 1329 καὶ
1393 1279 1799 1349 πρεσϐυτέρους

211 1360 658 1431 χειροτονηθῆναι
691 1364 1127 1432 παρασκευάζει.
1181 1367 1287 1420 Καὶ
1344 1368 1666 1438 Χρύσιππος
1699 1372 1798 1443 μὲν

210 1448 290 1519 τῷ
319 1451 705 1523 πρεσϐυτερίῳ
735 1452 1045 1526 διαπρέψας
1069 1497 1084 1522 ,
1125 1460 1539 1532 συγγράμματα
1577 1467 1796 1537 μνήμης

209 1541 335 1609 ἄξια
368 1543 747 1599 καταλέλοιπε.
784 1547 1095 1621 Γαϐριηλίῳ
1124 1550 1203 1616 δὲ,
1238 1554 1335 1624 τὴν
1358 1554 1450 1606 τοῦ
1479 1572 1795 1630 φροντιστη-

211 1634 327 1705 ρίου
359 1635 605 1688 πιστεύει
630 1637 958 1692 ἐπιστασίαν
1005 1642 1280 1709 Στεφάνου
1322 1645 1415 1698 τοῦ
1464 1649 1795 1719 πρωτομάρ-

205 1744 389 1802 τυρος.
420 1728 605 1783 Βάσσα
630 1747 695 1801 γε
737 1731 844 1802 μὴν
865 1734 899 1802 ἡ
922 1732 1198 1803 θεοφιλὴς,
1238 1736 1494 1809 Ἀνδρέαν
1519 1739 1611 1793 τὸν
1639 1742 1791 1795 ἀδελ-

207 1821 303 1891 φὸν
330 1822 606 1891 Στεφάνου
636 1823 735 1878 τοῦ
774 1825 1044 1896 Ἰαμνείας
1073 1829 1138 1881 ὲκ
1166 1832 1265 1899 τῆς
1295 1829 1502 1903 λαύρας
1535 1835 1628 1887 καὶ
1653 1834 1789 1905 αὐτὴ

1915 632 2038 687 dam
2094 648 2124 688 e
2176 646 2447 691 conventu
2502 636 2731 707 Elpidii,
2769 637 3079 696 Marcianus
3135 642 3251 713 (l5)
3302 652 3357 697 et
3396 642 3505 699 Ro-

1912 726 2260 794 manus(I6),
2293 728 2436 783 viam
2475 730 2542 785 ad
2563 730 2791 785 exitium
2824 731 3116 788 ducentem
3143 734 3306 790 simili
3340 737 3501 793 modo

1912 819 2142 890 ingressi
2169 831 2324 889 sunt;
2374 833 2429 878 et
2474 825 2781 880 construxit
2825 835 3052 895 uterque
3082 830 3360 895 coenobia;
3409 830 3498 887 ille

1909 910 2128 979 quidem
2158 913 2300 966 circa
2343 899 2939 982 sanctam'Betbleem,
2966 918 3058 973 hic
3095 935 3225 974 vero
3261 919 3311 974 in
3350 920 3496 976 The-

1908 1018 2130 1057 coorum
2168 1003 2278 1074 (I7)
2307 1006 2448 1061 vico.

1979 1094 2287 1151 LXXXVII.
2330 1099 2397 1152 Et
2441 1099 2600 1157 beata
2654 1102 2873 1171 quidem
2922 1103 3162 1159 Eudocia
3208 1106 3496 1161 arcessite

1904 1189 2054 1245 laura
2098 1191 2292 1247 fratres
2324 1196 2582 1250 custodes
2623 1212 2869 1260 crucum,
2905 1199 3266 1271 Chrysippum
3301 1211 3357 1257 et
3385 1202 3493 1259 Ga-

1901 1278 2176 1343 brielinm,
2226 1282 2497 1355 efficitque
2533 1296 2593 1340 ut.
2633 1289 2934 1358 presbyteri
2969 1292 3380 1348 ordinarentur.
3428 1297 3494 1350 Et

1899 1371 2239 1444 Chry~ippus
2267 1379 2508 1447 quidem,
2535 1381 2588 1433 in
2614 1382 2993 1453 presbyteratu
3017 1383 3268 1454 insignis,
3294 1388 3492 1456 scripta

1900 1463 2117 1533 reliquit
2148 1469 2542 1524 memorabilia.
2576 1470 2850 1526 Gabrielio
2894 1481 3078 1527 autem
3107 1474 3490 1544 praefecturam

1899 1557 2187 1614 committit
2206 1556 2813 1633 monasterii'Stephani
2840 1566 2949 1635 (18)
2971 1569 3403 1640 protomartyris.
3423 1571 3491 1624 At

1897 1646 2061 1706 Bassa
2105 1651 2218 1723 (l9)
2266 1654 2353 1725 pia
2397 1656 2593 1711 mulier
2634 1658 2908 1713 Andream
2955 1659 3179 1715 fratrem
3225 1661 3489 1733 Stephani

1896 1741 2230 1801 Jamniensis
2279 1749 2519 1819 episcopi
2561 1765 2591 1804 e
2630 1751 2782 1805 laura
2819 1751 2983 1806 etiam
3016 1755 3360 1819 arcessitum,
3390 1772 3490 1826 pa-

1896 1848 2097 1893 storem
2146 1841 2577 1913 praefectumque
2618 1845 2781 1900 elIicit
2813 1847 3135 1902 monasterii
3166 1849 3328 1917 'quod
3359 1851 3491 1904 :edi—

208 1914 704 1988 μεταστειλαμένη,
740 1917 976 1988 ποιμένα
1001 1920 1095 1974 τοῦ
1125 1895 1415 1994 ὐπ’-αὐτῆς
1433 1895 1786 1997 ᾠκοδομημᾷ

2146 1895 2161 1910 ,
2239 1895 2242 1896 ν
2291 1895 2331 1897 ,ν
2380 1895 2574 1913 ---πη
2625 1895 2780 1900 ____._
2814 1895 3135 1902 ,μνη----η
3187 1895 3328 1917 ηπ.-
3359 1895 3459 1904 .._.

1898 1929 2157 1987 ﬁeaverat
2181 1951 2195 1991 :
2234 1929 2564 1991 aediﬁcatum
2591 1951 2757 2008 porro
2783 1935 2964 1994 fuerat
2996 1938 3049 1993 in
3072 1940 3296 1997 nomine
3316 1940 3487 1997 Mena:

204 2022 293 2060 νου
322 2009 763 2081 φροντιστηρίουῖ
826 2012 928 2082 (είς
988 2013 1163 2083 ὄνομα
1212 2016 1268 2071 δὲ
1297 2017 1459 2072 τοῦτο
1491 2021 1654 2090 Μηνᾶ
1692 2022 1786 2075 τοῦ

90 2157 91 2160 η
206 2096 487 2169 μάρτυρος
541 2100 899 2173 οἰκοδομηθὲν
955 2100 1056 2177 ἦνζ)
1097 2108 1191 2161 καὶ
1231 2107 1535 2180 ἡγούμενον
1574 2112 1789 2165 ἀποδεί-

203 2206 411 2245 κνυσιν.

270 2278 405 2337 IlH'.
432 2282 683 2356 Δευτέρῳ
730 2285 787 2340 δὲ
832 2287 934 2357 τῆς
963 2288 1240 2362 Εὐθυμίου
1292 2293 1507 2365 ἡλικίας
1554 2297 1647 2350 ἐπὶ
1673 2301 1786 2363 τοῖς

200 2370 531 2445 ὀγδοήκοντα
558 2376 693 2443 ἔτει,
736 2380 1022 2451 πρόσεισιν
1049 2385 1076 2438 δ
1097 2385 1408 2457 μακαρίτης
1433 2389 1635 2455 Σάϐας,
1668 2392 1785 2456 νέος

199 2465 272 2520 ὢν
298 2465 407 2531 ἔτι,
441 2468 536 2522 καὶ
555 2470 719 2540 μήπω
744 2473 956 2542 γενείου
986 2476 1121 2545 μηδὲ
1144 2478 1346 2551 πρώτῳ
1369 2480 1519 2535 ἄνθει
1542 2485 1786 2555 παρειῶν

198 2557 343 2629 ὥραν
407 2560 823 2631 ἐπικαλύπτων,
851 2565 945 2619 καὶ
996 2567 1266 2642 ὑπἀὐτῴ
1315 2572 1500 2644 μένειν
1536 2578 1630 2630 καὶ
1692 2577 1785 2631 ὑπ’

197 2651 343 2741 αὐτῷ
375 2653 668 2710 ἀσκεῖσθαι
702 2656 803 2727 τὴν
824 2658 1026 2731 ἀρετὴν
1052 2662 1212 2730 ἀξιοῖ.
1256 2665 1316 2720 'O
1354 2667 1782 2741 5é,‘ﬁﬁo5éy_etat

200 2740 295 2811 μὲν
324 2742 396 2797 τὰ
430 2745 645 2815 πρῶτα,
682 2750 1001 2822 Δομετιανῷ
1033 2753 1090 2807 δὲ
1116 2754 1196 2826 τῷ
1225 2758 1442 2832 μαθητῇ
1474 2764 1782 2834 παραδίδω-

197 2851 297 2891 σιν.
338 2836 577 2894 Ἔπειτα
623 2841 859 2908 καλέσας
890 2847 1075 2911 αὐτὸν,
1116 2849 1193 2903 Οὐ
1227 2851 1356 2923 χρὴ,
1406 2854 1616 2921 τέκνον,
1652 2857 1777 2927 ἔφη,

196 2927 311 2981 νέον
336 2929 509 2995 ὅντως
536 2942 559 2970 ι’
588 2951 648 2988 σε
688 2935 785 2989 καὶ
847 2938 1092 3007 ἀγένειον
1140 2942 1290 3010 ὄντα,
1314 2945 1612 3018 διατρίϐειν
1640 2950 1783 3005 κατὰ

194 3019 288 3095 τὴν
307 3021 540 3099 λαύραν.
568 3027 870 3102 Δυσιτελὴς
899 3032 1008 3104 γὰρ
1037 3035 1239 3106 μᾶλλον
1283 3040 1397 3103 τοῖς
1422 3039 1596 3106 οὕτως
1627 3043 1783 3113 έχου-

196 3129 296 3178 σιν,
327 3115 361 3185 ἡ
392 3117 454 3169 ὲν
477 3118 728 3191 κοινοϐίῳ
753 3119 1023 3194 διαγωγή.
1075 3126 1263 3183 Ταῦτα
1301 3130 1494 3200 εἰπὼν,
1524 3135 1660 3205 πρὸς
1686 3137 1780 3192 τὸν

197 3209 510 3279 μακαρίτην
535 3209 877 3284 Θεόκτιστον,
910 3215 999 3271 διά
1026 3236 1172 3285 τινος
1197 3223 1359 3278 αὑτὸν
1396 3225 1505 3280 τῶν
1534 3228 1780 3300 ἀδελφῶν

195 3300 590 3370 παραπέμπει·
619 3302 781 3369 Δέξαι
813 3307 905 3361 τὸν
957 3311 1197 3376 νεανίαν,
1230 3315 1420 3379 εἰπὼν,
1445 3319 1539 3372 καὶ
1561 3321 1786 3390 φιλοπό-

192 3405 294 3453 νως
323 3390 432 3445 ὑπὸ
465 3394 548 3446 σοὶ
570 3398 592 3426 ³
626 3398 902 3454 ἀσκείσοω
957 3419 1017 3456 τε
1045 3405 1162 3474 ἅμα
1213 3407 1307 3461 καὶ
1336 3411 1644 3480 ἀναγέσθω.
1692 3414 1782 3480 Ὣς

193 3481 296 3584 γὰρ
326 3486 455 3556 ἐμοὶ
478 3486 695 3556 δοκοῦν,
727 3487 811 3545 τα
830 3494 1041 3563 μεγάλα
1067 3497 1124 3550 ἔν
1144 3516 1205 3552 τε
1239 3501 1510 3577 ἀσκητικῇ
1536 3507 1781 3584 πολιτείᾳ

191 3579 283 3632 καὶ
329 3581 725 3653 κατορθώμασι
772 3586 1062 3660 διαπρέψει
1098 3593 1140 3645 ⁸.
1180 3593 1243 3648 '0
1286 3594 1388 3666 μὲν
1434 3595 1529 3652 οὖν
1555 3579 1782 3657 τοιαῦτα

192 3670 314 3740 περὶ
342 3669 441 3764 τοῦ
454 3672 622 3764 ῌΣᾶιϐα
644 3677 857 3749 προέφη
884 3692 897 3707 ·
922 3682 987 3752 τῇ
1014 3685 1319 3756 προρρήσει
1343 3687 1399 3741 δὲ
1425 3689 1532 3761 ἄρα
1552 3689 1780 3764 σύμφω»

189 3774 273 3822 νος
306 3762 401 3814 καὶ
449 3761 676 3828 ἔκϐασις
708 3766 1014 3835 ἠκολούθει.
1073 3775 1148 3828 Οὐ
1196 3777 1305 3849 γάρ
1354 3780 1474 3833 ἐστι
1533 3761 1650 3846 νῦν,
1679 3761 1780 3838 οὐκ

192 3849 355 3915 ἔστιν,
382 3852 446 3906 οὐ
479 3853 653 3923 πόλις,
692 3858 752 3911 οὐ
784 3858 959 3931 χώρα,
985 3864 1088 3919 οἰκ
1120 3864 1351 3937 ἔρημος,
1378 3869 1508 3925 ἔνθα
1536 3871 1604 3926 τὰ
1639 3875 1779 3929 κατὰ

188 3940 275 4036 cev
304 3942 450 3998 θεῖον
494 3946 702 4003 ἐκεῖνον
751 3951 923 4023 ἄνδρα
947 3955 1045 4009 οὐκ
1079 3956 1287 4028 ᾄδεται,
1311 3961 1406 4015 καί¹
1439 3963 1632 4034 ἡδονὴν
1663 3965 1779 4036 ἅμα

189 4033 264 4105 τῷ
288 4052 349 4090 τι
380 4036 599 4107 λέγοντι
630 4042 784 4114 φέρει
821 4047 913 4099 καὶ
940 4040 1050 4112 τοῖς
1081 4052 1390 4110 ἁκούουσιν.
1416 4048 1517 4109 Ὧν
1548 4059 1646 4129 οὐχ
1666 4055 1778 4114 οἷον

189 4125 470 4222 παρεργον
489 4131 596 4184 τῶν
635 4133 908 4207 Εὑθυμίου
943 4138 1301 4214 διηγημάτων
1349 4125 1775 4222 ἐπιμνησθῆναι·

189 4217 297 4315 ἀλλ’
319 4222 485 4315 εἶπερ
502 4222 620 4294 Θεῷ
642 4226 808 4295 φίλον,
842 4230 1029 4302 ἐντελῆ
1062 4217 1599 4306 πραγματείαν-αὐτά
1624 4217 1779 4315 ποιη-

189 4312 426 4407 σδμεθα’
467 4316 590 4370 ἐπεὶ
620 4320 759 4389 μηδὲ
808 4322 1083 4395 εὐπρεπὲς
1134 4328 1270 4399 μηδὲ
1300 4330 1466 4397 ὅσιον,
1511 4312 1778 4407 Ἑλλήνων

191 4403 287 4474 μὲν
311 4406 468 4478 βίους
509 4411 734 4483 στήλαις
782 4417 1051 4486 τιμᾶσθαι
1108 4424 1259 4493 παρὰ
1305 4429 1418 4490 τοῖς
1446 4403 1777 4493 ἔξωθεν-καὶ

189 4502 646 4596 συγγράμμασιν
682 4507 816 4578 ἡμῖν
843 4509 918 4576 δὲ,
947 4514 1163 4582 μεγάλα
1185 4515 1359 4582 οὕτως
1385 4520 1591 4592 ἀρετῆς
1613 4523 1774 4596 ἔργα,

1895 2028 2149 2099 martyris
2183 2026 2322 2100 (20).

1962 2314 2298 2373 LXXXVIII.
2327 2318 2598 2376 Caeterum
2630 2321 2966 2394 octogesimo
2996 2322 3108 2396 (Ἡ)
3143 2337 3199 2380 et
3234 2332 3479 2387 secundo

1890 2419 2038 2461 anno
2060 2408 2236 2464 atatis
2266 2409 2560 2482 Euthymii,
2583 2413 2794 2468 accedit
2818 2415 3013 2470 beatus
3033 2415 3203 2472 Sabas
3234 2418 3371 2490 (22),
3394 2420 3480 2489 ju-

1891 2496 2045 2551 venis
2066 2498 2266 2564 adhuc,
2284 2508 2456 2553 etnec
2473 2499 2656 2557 barba:
2671 2501 2888 2571 quidem
2915 2504 3090 2573 prima
3109 2504 3362 2575 lanugine
3389 2520 3484 2578 ge-

1889 2605 2085 2644 narum
2110 2599 2454 2646 venustatem
2475 2601 2670 2647 tectam
2697 2594 2923 2655 habens.
2946 2606 3206 2666 rogatque
3222 2608 3282 2653 ut
3296 2599 3397 2653 sub
3413 2615 3481 2656 eo

1889 2690 2157 2748 maneret,
2191 2682 2295 2738 sub
2322 2697 2390 2737 eo
2418 2698 2478 2738 se
2505 2694 2789 2740 exerceret
2816 2684 2871 2739 in
2899 2685 3123 2742 virtute.
3162 2688 3257 2743 Ille
3289 2699 3474 2746 autem

1890 2774 2074 2844 primo
2102 2774 2327 2845 quidem
2356 2776 2609 2846 suscipit,
2644 2776 2959 2834 Domitiano
2988 2795 3119 2836 vero
3157 2781 3296 2836 tradi
3360 2783 3479 2839 dis-

1888 2865 2092 2937 cipulo.
2119 2865 2330 2922 Deinde
2362 2879 2557 2923 vocato
2586 2883 2654 2924 eo
2685 2886 2699 2923 :
2731 2869 2850 2924 Non
2875 2880 3116 2940 oportet,
3146 2872 3344 2943 inquit,
3371 2873 3469 2942 Illi,

1889 2967 1943 3015 te
1973 2974 2098 3015 cum
2128 2959 2205 3015 sis
2230 2958 2453 3030 juvenis
2487 2963 2624 3018 adeo
2645 2973 2701 3018 et
2743 2963 3030 3030 imberbis,
3077 2964 3132 3020 in
3164 2966 3314 3022 laura
3349 2981 3477 3021 ver-

1887 3053 2016 3109 sari.
2060 3052 2233 3125 Magis
2262 3053 2411 3108 enim
2442 3054 2661 3125 expedit
2694 3056 2892 3113 talibus
2949 3056 3063 3113 vita
3107 3057 3164 3112 in
3199 3057 3476 3113 cmnobio.

1887 3143 1983 3202 His
2005 3145 2189 3210 dictis,
2206 3154 2209 3161 ‘
2220 3161 2320 3217 per
2338 3147 2632 3217 quemdam
2664 3163 2731 3203 ex
2756 3147 3015 3206 fratribus
3047 3165 3171 3204 eum
3199 3149 3479 3205 transmit-

1809 3257 1854 3318 α
1889 3238 1955 3294 tit
1982 3239 2050 3294 ad
2087 3240 2308 3296 beatum
2342 3237 2718 3295 Theoctistum
2770 3258 2784 3295 :
2834 3240 3058 3312 Accipe,
3091 3241 3303 3304 dicens,
3339 3241 3475 3296 ado-

1885 3330 2210 3399 lescentem,
2237 3339 2294 3387 et
2342 3331 2447 3388 sub
2479 3339 2533 3386 te
2565 3332 2857 3403 diligenter
2885 3342 3209 3388 exerceatur
3231 3332 3394 3387 simul
3419 3340 3475 3387 et

1883 3421 2171 3477 educetur.
2200 3422 2317 3478 Mea
2351 3423 2498 3477 enim
2523 3423 2802 3479 sententia
2852 3438 3188 3494 magnopere
3219 3422 3276 3477 in
3320 3438 3477 3478 asce-

1884 3513 1989 3570 tica
2019 3513 2433 3570 conversatione
2483 3523 2538 3570 et
2584 3514 2641 3569 in
2676 3523 2827 3569 recte
2857 3514 3013 3570 factis
3044 3515 3296 3569 excellet.
3349 3512 3475 3570 Haec

1883 3607 1974 3662 ille
2006 3605 2228 3676 quidem
2260 3606 2329 3661 de
2360 3604 2502 3661 Saba
2529 3606 2813 3677 praedixit;
2846 3604 3258 3676 praedictionem
3286 3615 3473 3661 autem

1881 3715 2197 3755 consonans
2222 3714 2439 3770 quoque
2462 3707 2685 3755 secutus
2710 3707 2796 3755 est
2820 3699 3020 3753 exitus.
3051 3697 3173 3752 Non
3215 3707 3299 3753 est
3324 3699 3472 3752 enim

1880 3806 2050 3857 nunc,
2073 3807 2184 3846 non
2200 3799 2306 3858 est,
2324 3806 2434 3846 non
2462 3792 2611 3855 urbs,
2637 3806 2747 3845 non
2768 3789 2938 3863 regio,
2962 3805 3071 3845 non
3095 3790 3354 3854 solitudo,
3379 3788 3473 3846 ubi

1881 3902 2003 3957 qua:
2024 3886 2093 3941 ad
2125 3885 2370 3941 divinum
2395 3885 2546 3939 illum
2574 3884 2751 3939 virum
2778 3892 3027 3957 spectant
3058 3898 3168 3939 non
3195 3884 3475 3939 celebren-

1880 3985 1989 4042 tur,
2021 3977 2292 4047 simulque
2314 3987 2426 4032 tum
2459 3976 2689 4039 dicenti,
2722 3985 2835 4031 tum
2860 3976 3213 4032 audientibus
3237 3975 3474 4030 afferant

1879 4071 2236 4140 voluptatem.
2261 4069 2507 4137 Quorum
2536 4085 2645 4125 non
2666 4070 2793 4125 licet
2815 4070 2992 4126 obiter
3018 4071 3163 4127 inter
3193 4081 3471 4142 gestorum

1879 4162 2160 4236 Euthymii
2191 4164 2561 4219 narrationem
2587 4163 2950 4219 meminisse:
2988 4164 3085 4219 sed
3121 4163 3168 4218 si
3206 4163 3317 4218 Deo
3348 4163 3467 4234 pla-

1880 4258 2075 4325 cuerit,
2110 4258 2178 4313 de
2208 4258 2277 4313 iis
2311 4274 2451 4330 opus
2494 4258 2768 4330 integrum
2797 4258 3215 4314 conscribemus
3247 4275 3262 4312 :
3293 4272 3470 4328 quan-

1882 4350 2173 4420 doquidem
2202 4365 2383 4420 neque
2416 4351 2676 4406 decorum
2711 4366 2890 4421 neque
2912 4360 3165 4406 sanctum
3194 4357 3298 4414 est,
3337 4365 3471 4421 gens

1882 4443 2057 4497 tilium
2087 4442 2308 4512 quidem
2340 4442 2481 4498 vitas
2516 4443 2663 4512 apud
2708 4453 2967 4498 externos
2993 4442 3264 4496 columnis
3292 4440 3470 4494 bono-

1880 4536 1988 4590 rari
2034 4543 2092 4591 et
2127 4536 2385 4605 scriptis,
2433 4551 2536 4591 nos
2584 4547 2769 4591 autem
2812 4536 2949 4591 adeo
2997 4550 3193 4604 magna
3248 4532 3468 4588 virtutis

188 4597 396 4701 σιωπῇς
427 4595 555 4662 ἄξια
575 4597 803 4671 κρίνειν,
835 4603 930 4658 καὶ
956 4604 1127 4679 λήθην
1148 4609 1328 4663 αὐτῶν
1356 4615 1578 4668 αἰωνίαν
1602 4595 1770 4672 κατα-

1895 4644 2072 4697 opera,
2105 4595 2350 4698 judicare
2379 4627 2540 4701 digna
2572 4627 2812 4694 silentio,
2846 4635 3164 4697 aeternaque
3204 4624 3466 4681 damnare

184 4685 533 4760 ψηφίζεσθαι.
1382 4716 1385 4718 '

1822 4776 1825 4779 ,
1883 4718 2184 4775 oblivione.

1495 4830 1727 4889 VARIAE
1763 4835 2171 4894 LECTIONES.

252 4916 277 4949 ⁸
304 4908 379 4967 al.
409 4907 575 4997 οίοτω.
653 4922 676 4950 ³
701 4915 776 4971 al.
812 4916 929 4974 σοῦ.
1013 4920 1120 4975 lal.
1151 4919 1469 4990 διαλάμψει.

1359 5040 1554 5101 JOAN.
1598 5044 1945 5104 BOLLANDI
1985 5044 2219 5104 ΝΟΤᾹΞ.

239 5172 720 5302 I(:8.’:2‘ahlarciantts
784 5178 872 5235 hic
950 5177 1094 5236 infra
1154 5197 1307 5240 num.
1368 5184 1475 5242 I23
1538 5190 1759 5247 sustulit

257 5265 273 5301 I
424 5286 437 5297 .

181 5259 437 5301 sctttsma.

250 5316 364 5389 (I6)
405 5314 635 5372 Romani
661 5328 720 5394 et
734 5317 985 5394 gerendi
1012 5321 1066 5394 in
1092 5324 1391 5394 pertinacia
1420 5327 1598 5384 exitus
1621 5328 1760 5385 infra

184 5396 439 5442 nari-amr
470 5402 619 5444 num.
660 5389 765 5445 I23
796 5401 850 5443 et
875 5391 999 5448 I24.

250 5457 366 5529 (I7)
405 5453 550 5513 l-fra
578 5475 725 5516 num.
761 5460 889 5527 124,
926 5461 1252 5523 Thecorum.
1292 5466 1349 5524 In
1370 5467 1490 5523 Vita
1516 5468 1574 5524 S.
1612 5469 1770 5527 Saba!

184 5524 480 5595 Theeoum,
516 5543 582 5603 ex
608 5530 787 5603 cujus
819 5524 993 5590 ruinis
1031 5534 1180 5589 lanra
1224 5554 1365 5596 nova
1414 5524 1635 5596 deinde
1667 5524 1772 5596 fuit

183 5608 479 5655 exstructa.
514 5599 592 5656 De
608 5599 853 5656 bis'infra
873 5619 1025 5659 num.
1064 5604 1188 5662 I05.

248 5669 549 5749 (IQAInfra
573 5671 1038 5749 n._99._ten_t_plum
1059 5675 1119 5749 S.
1139 5676 1400 5749 Stephani
1441 5690 1599 5738 curat
1629 5683 1777 5741 dedi-

333 5740 581 5822 Dlstabat
598 5742 823 5822 aburbe
841 5740 1213 5822 Hierosolyma
1238 5740 1341 5806 non
1363 5753 1540 5807 stadio
1565 5755 1774 5822 integro

182 5816 328 5891 teste
358 5809 616 5883 Evagrio,
649 5813 744 5870 lib.
773 5829 837 5891 ⁸ι,
887 5831 1008 5885 cap.
1050 5809 1151 5891 29,
1185 5837 1292 5891 quo
1332 5823 1385 5876 in
1428 5823 1544 5879 loco
1573 5842 1593 5875 ι
1630 5809 1775 5882 εέίίε

179 5878 405 5937 obrutus
434 5878 674 5953 putatur.
715 5905 735 5938 ι
771 5878 1107 5959 Nieepliorus
1130 5878 1234 5947 lib'.
1262 5908 1370 5961 xiv,
1394 5878 1635 5964 cap.750.

1938 5190 2056 5264 (I9),
2101 5208 2120 5264 ι
2158 5189 2220 5243 B.
2244 5188 2409 5264 Bassa
2447 5199 2662 5264 semper
2678 5184 2953 5253 Eudociae,
2979 5191 3039 5264 ut
3061 5184 3251 5264 eadecn
3276 5199 3458 5264 secum

1869 5264 1924 5317 in
1946 5255 2223 5331 'religione
2255 5259 2508 5331 sentiret,
2548 5255 2775 5331 molesta
2816 5265 2952 5331 erat.
2979 5276 2998 5331 ρ
3027 5257 3099 5310 Ita
3123 5255 3463 5331 Nicephorius

1871 5335 1967 5388 lib.
2009 5327 2100 5393 xv,
2144 5346 2265 5398 cap.
2309 5329 2398 5383 I5.
2436 5328 2565 5382 Erat
2607 5328 2769 5383 Bassa
2812 5327 3083 5382 abbatissa
3118 5327 3445 5398 monasterii

1876 5396 2284 5472 Hierosolymis,
2311 5401 2390 5472 3d
2426 5398 2904 5472 quatnPnlcheria
2936 5396 3176 5472 scripsit,
3212 5398 3465 5472 monuit-

1876 5488 1982 5540 que
2034 5467 2279 5527 fallacias
2311 5467 2605 5540 Theodosii
2650 5467 3099 5540 pseudoepiscopi
3143 5468 3452 5540 evitandas.

1883 5536 2162 5613 Exstatea
2192 5536 2693 5613 epistolaeﬁrtecis
2716 5536 2908 5613 Latine
2936 5541 3144 5593 reddita
3177 5555 3204 5591 a
3234 5536 3465 5592 Baronio

1885 5625 2031 5670 tomo
2064 5612 2119 5673 6,
2152 5609 2239 5666 an.
2276 5611 2380 5667 Cb.
2413 5609 2539 5676 455,
2578 5627 2730 5665 num.
2768 5611 2833 5663 I7
2864 5620 2931 5677 et,
2953 5624 3108 5679 seqq.

1975 5686 2066 5752 20)
2110 5683 2185 5739 De
2227 5682 2285 5737 S.
2331 5675 2529 5753 Menna
2560 5693 2797 5753 martyre
2831 5675 3155 5751 agetnus'Il
3189 5675 3456 5735 Novemb.

1973 5752 2487 5832 ξυλληοοιὲοίδδο
2532 5821 2548 5832 .
2672 5821 2684 5832 .
2806 5823 2841 5832 -
3028 5819 3040 5832 .

1951 5818 2066 5897 (22)
2104 5824 2227 5879 lla-c
2255 5823 2467 5893 plenius
2501 5821 2568 5879 ab
2586 5821 2772 5880 eodem
2801 5819 3004 5891 Cyrillo
3026 5819 3081 5875 in
3116 5818 3236 5876 Vita
3285 5818 3462 5879 8.8a-

1879 5898 1962 5954 ιω
1995 5896 2403 5954 describuntur.
