3846 6466
346 366 446 435 671

1558 357 1845 421 MENSIS
1880 354 2339 418 JANUARIUS.

3490 343 3601 407 672

362 480 379 497 ί
419 474 700 531 LXXXIX.
749 473 851 530 Sed
908 483 961 529 et
1004 481 1220 545 oportet
1267 472 1334 528 de
1406 486 1604 541 magno
1660 471 1930 526 disserere

2112 466 2238 520 118'.
2275 467 2367 517 Δεῖ
2392 463 2447 517 δὲ
2473 464 2565 518 καὶ
2596 462 2661 519 τά
2690 462 2832 516 κατὰ
2861 461 2950 515 τὸν
2983 459 3167 531 μέγαν
3186 458 3516 531 Γεράσιμον,
3536 458 3632 513 καὶ

346 569 664 632 Gerasimo;
710 565 900 635 quales
930 608 945 629 ,
1002 564 1260 635 inquam,
1313 564 1359 621 is
1410 562 1647 619 ediderit
1715 562 1932 633 regulas

346 663 655 732 formasque
701 661 767 716 iis
805 661 898 731 qui
942 660 1045 715 sub
1077 660 1196 729 ipso
1222 658 1649 721 exercebantur,
1679 665 1735 712 et
1765 654 1931 711 veluti

346 755 752 810 condimentum
793 762 1040 808 attexere
1086 751 1326 808 sermoni
1373 750 1766 813 narrationem,
1811 763 1932 819 qua:

345 846 606 900 nimirum
634 846 857 901 multam
896 844 1386 900 babetutilitatem.
1424 842 1521 898 Hic
1549 856 1678 915 ergo
1704 854 1932 912 magnus

347 937 682 1003 Gerasimus,
736 937 1048 993 solitudinis
1085 936 1152 992 ad
1176 936 1469 991 Jordanem
1502 933 1616 1006 (ἳὸ)
1648 933 1765 989 sita:
1798 931 1931 986 civis

347 1030 509 1084 simul
549 1039 604 1086 et
646 1040 910 1101 patronus
953 1025 1151 1095 factus,
1205 1044 1330 1084 cum
1380 1027 1589 1082 lauram
1621 1025 1729 1081 illic
1758 1023 1932 1079 maxi-

347 1137 512 1184 mam,
548 1137 659 1175 non
696 1123 983 1192 pauciores
1026 1137 1189 1192 quam
1241 1120 1586 1192 septuaginta
1633 1117 1933 1173 anachore-

348 1223 431 1268 tas
454 1198 770 1279 habentem,
795 1214 1209 1277 construxisset,
1232 1222 1602 1281 praetereaque
1617 1209 1929 1265 ccenobium

348 1304 403 1358 in
436 1306 618 1360 medio
658 1306 779 1378 ejus
803 1322 966 1377 quam
990 1307 1196 1376 optime
1227 1305 1583 1371 collocasset;
1619 1301 1845 1358 curabat
1873 1308 1933 1356 ut

345 1397 437 1466 qui
470 1395 952 1455 introducebantur
975 1398 1197 1468 quidem
1250 1396 1529 1461 monachi,
1575 1398 1629 1449 in
1678 1394 1932 1450 coenobio

350 1493 659 1549 manerent,
716 1485 770 1539 in
803 1501 912 1556 quo
954 1487 1118 1541 vitam
1159 1486 1539 1541 monachalem
1579 1493 1928 1552 exercerent;

348 1575 442 1645 qui
489 1585 673 1632 autem
726 1578 936 1633 crebris
980 1577 1267 1649 longisque
1327 1577 1603 1632 laboribus
1650 1575 1930 1631 exercitati

353 1675 528 1732 erant,
569 1667 789 1739 jamque
822 1668 887 1723 ad
935 1668 1287 1740 perfectionis
1335 1683 1620 1723 mensuras
1668 1682 1932 1738 pervene-

2033 558 2183 623 οἵους
2215 557 2377 621 αὐτὸς
2406 557 2637 625 ὲξετίθει
2671 556 2901 619 κανόνας
2948 554 3091 625 φημι
3142 552 3238 607 καὶ
3277 550 3484 614 τύπους
3515 554 3630 614 τοῖς

2036 651 2127 706 ὑπ’
2163 650 2328 705 αὑτὸν
2374 650 2738 721 ἁσκουμένοις
2764 690 2779 714 ,
2824 646 3122 712 διαλαϐεῖν,
3157 646 3251 700 κοιλ⁵
3288 646 3362 710 ὡς
3406 645 3628 717 ἥδυσμα

2032 744 2093 798 τὸ
2118 743 2362 813 διήγημα
2392 742 2524 795 πολὺ
2559 742 2733 812 δήπου
2763 741 2857 795 καὶ
2883 740 2943 794 τὸ
2965 738 3244 808 ὲπωφελὶς
3277 737 3419 810 ἔχον,
3451 755 3630 807 παραυ

2035 833 2231 899 πλέξαι
2260 833 2337 905 τῷ
2372 833 2537 905 λόγῳ.
2573 828 2743 897 Οὗτος
2772 828 2867 887 οὗν
2901 835 2929 886 ό
2963 831 3137 902 μέγας
3177 832 3483 902 Γεράσιμος
3528 829 3630 899 τῆς

2034 927 2176 982 κατὰ
2204 927 2296 980 τὸν
2339 926 2614 999 Ἰορδάνην
2642 927 2854 996 ἐρήμου
2879 925 3106 997 πολίτης
3138 924 3253 995 ἅμα
3289 924 3383 977 καὶ
3407 922 3630 977 πολιοῦ-

2034 1034 2126 1089 χος
2151 1015 2466 1085 γενόμενος,
2493 1015 2699 1086 λαύραν
2726 1016 2907 1067 ἐκεῖσε
2933 1014 3216 1084 μεγίστην,
3245 1012 3345 1067 οὐκ
3369 1012 3627 1076 ἐλάττους

2033 1111 2067 1181 ἢ
2097 1109 2467 1180 ἑϐδομήκοντα
2502 1109 2630 1170 τοὺς
2682 1105 3045 1177 ἀναχωρητάς
3076 1107 3327 1176 ἔχουσαν,
3358 1106 3633 1176 συστησά-

2036 1219 2216 1276 μενος,
2245 1201 2379 1273 πρὸς
2409 1202 2486 1265 δὲ,
2514 1202 2607 1255 καὶ
2638 1201 2905 1253 κοινόϐιον
2940 1200 3105 1270 μέσον
3133 1200 3301 1269 αὐτῆς
3322 1197 3395 1259 ὡς
3426 1198 3629 1269 ἄριστα

2034 1292 2365 1365 καθιδρύσας
2389 1309 2401 1324 ⁸
2426 1293 2553 1356 τοὺς
2587 1292 2688 1362 μὲν
2713 1292 3105 1360 εἰσαγομένους
3137 1290 3244 1344 τῶν
3272 1288 3545 1361 μοναχῶν,
3572 1291 3631 1365 ἐν

2032 1386 2112 1459 τῷ
2158 1362 2410 1457 κοινοϐἰῳ
2459 1386 2663 1456 μένειν,
2696 1386 2753 1437 ὲν
2784 1383 2934 1454 αύτῷ
2980 1401 3040 1436 τε
3070 1382 3169 1454 τὴν
3207 1381 3508 1451 μοναχικὴν
3540 1362 3627 1445 ἐξ·

2035 1480 2319 1533 ασκεῖσθαι
2341 1479 2621 1550 διαγωγὴν
2671 1475 3087 1548 παρεσκεύαζεν
3110 1492 3123 1508 ·
3157 1475 3272 1528 ὅσοι
3325 1474 3379 1528 δὲ
3410 1475 3628 1542 συχνοῖς

2035 1573 2116 1628 ἔτι
2142 1574 2234 1627 καὶ
2269 1575 2502 1645 μακροῖς
2529 1572 2711 1635 πόνοις
2742 1569 3201 1639 ὲνεγυμνάσαντο,
3256 1569 3349 1621 καὶ
3379 1566 3489 1619 τῶν
3531 1569 3628 1634 τῆς

2034 1667 2371 1737 τελειότητος
2399 1665 2500 1737 ήδη
2535 1666 2749 1735 μέτρων
2771 1663 3073 1734 ἐπέϐησαν,
3112 1660 3333 1724 τούτους
3357 1660 3413 1713 δὲ
3446 1671 3473 1698 ιι
3507 1661 3630 1722 ταῖς

350 1767 493 1821 rant,
518 1774 614 1813 eos
646 1758 700 1813 in
738 1759 803 1814 iis
859 1776 980 1831 qua:
1011 1771 1279 1815 vocantur
1328 1759 1479 1815 cellis
1508 1758 1802 1821 collocans.
1830 1757 1930 1812 sub

2041 1760 2398 1832 καλουμέναις
2428 1758 2648 1817 κέλλαις
2683 1755 3100 1826 ὲγκατοικίξων,
3132 1754 3239 1808 ὑπὸ
3269 1751 3497 1823 τοιούτῳ
3526 1749 3629 1822 ζῇν

350 1848 449 1904 hac
480 1819 707 1918 iubebat
732 1819 920 1908 vivere
949 1854 1172 1924 regula;
1214 1862 1272 1907 ut
1296 1852 1517 1923 quidem
1545 1851 1662 1905 dies
1687 1819 1930 1921 quinque

2041 1819 2253 1907 ὲκέλεύε
2280 1852 2359 1923 τῷ
2381 1819 2576 1906 κανόνι
2603 1868 2619 1884 ⁸
2648 1819 2791 1905 ὥστε
2813 1851 2915 1913 τὰς
2938 1848 3038 1918 μὲν
3066 1849 3227 1901 πέντε
3251 1847 3352 1916 τῆς
3387 1819 3628 1914 ἑϐδομάο

348 1942 705 1999 hebdomadaa
737 1945 789 1999 in
826 1961 924 2000 sua
967 1946 1102 2000 cella
1156 1945 1532 2015 unusquisque
1568 1943 1787 2014 quietus
1815 1959 1931 1997 ma-

348 2044 524 2099 neret,
559 2035 695 2091 nihil
730 2037 879 2092 aliud
926 2048 1154 2109 gustatis
1197 2054 1265 2092 ex
1309 2036 1626 2102 esculentis,
1664 2035 1770 2093 nisi
1812 2044 1933 2090 tan-

350 2135 462 2181 tum
510 2143 727 2197 panem,
775 2145 993 2199 aquam,
1042 2141 1097 2185 et
1139 2130 1416 2202 dactylos;
1454 2129 1694 2185 Sabbato
1746 2137 1931 2183 autem

350 2227 407 2272 et
434 2218 711 2273 Dominica
743 2220 810 2274 ad
847 2220 1134 2275 ecclesiam
1168 2220 1514 2283 accedentes,
1546 2228 1668 2291 post
1711 2228 1933 2277 saneto-

352 2324 471 2363 rum
501 2309 992 2379 participationem,
1039 2313 1093 2364 in
1136 2312 1390 2366 eoenobio
1440 2320 1726 2366 uterentur
1751 2320 1929 2373 cocto,

350 2409 742 2470 sumerentque
781 2417 970 2473 parum
998 2402 1131 2457 vini.
1173 2402 1244 2458 At
1273 2404 1328 2458 in
1364 2403 1499 2459 rella
1538 2402 1670 2457 nulli
1705 2403 1931 2474 permit-

354 2491 571 2546 tebatur
598 2503 693 2548 aut
740 2494 919 2566 ignem
950 2496 1273 2562 accendere,
1320 2503 1416 2551 aut
1452 2504 1665 2552 coctum
1691 2504 1929 2567 gustare.

356 2583 673 2641 Voluntaria
714 2599 899 2643 autem
956 2599 1249 2659 paupertas
1291 2599 1457 2645 tanta
1496 2597 1615 2646 erat
1653 2589 1735 2644 eis
1763 2604 1928 2652 curre,

349 2686 567 2744 quantae
616 2677 750 2732 nihil
794 2678 978 2745 aliud;
1036 2688 1092 2734 et
1145 2678 1453 2735 humilitate
1502 2679 1739 2734 maxime
1768 2693 1933 2734 orna-

349 2769 566 2823 bantur.

420 2858 530 2916 XC.
573 2861 741 2918 Porro
768 2864 1141 2935 unusquisque
1191 2866 1432 2921 laborem
1484 2882 1745 2922 manuum
1795 2882 1927 2923 sua-

346 2967 490 3014 rum,
524 2952 617 3021 qui
668 2969 764 3025 per
822 2954 1221 3012 hebdomadam
1264 2958 1333 3012 ab
1372 2958 1452 3012 eis
1501 2957 1677 3014 factus
1729 2959 1926 3025 fuerat,

345 3043 584 3099 Sabbato
617 3045 800 3101 ferens
826 3047 880 3101 in
912 3049 1222 3103 coenobium
1251 3091 1267 3114 ,
1312 3050 1455 3104 circa
1502 3066 1783 3121 vesperam
1823 3052 1929 3106 Do-

2032 1948 2121 2011 δος
2144 1948 2378 2019 ἡμέρας,
2410 1946 2640 2000 ἕκαστον
2669 1947 2735 2016 τῇ
2777 1944 2884 2013 ἰδίᾳ
2907 1942 3075 2014 κέλ).ῃ
3110 1937 3497 2012 ὲφησυχάζειν,
3536 1938 3631 1990 ού-

2032 2041 2182 2104 δενὸς
2216 2039 2374 2095 ἄλλου
2418 2039 2526 2092 τῶν
2556 2039 2635 2101 si;
2687 2036 2913 2108 βρῶσιν,
2943 2035 3024 2088 ὅτι
3065 2034 3139 2104 μὴ
3173 2033 3331 2104 μόνον
3369 2031 3536 2099 ἄρτου
3568 2048 3627 2083 τε

2035 2138 2129 2192 καὶ⁵
2159 2136 2350 2200 ὓδατος
2382 2138 2475 2189 καὶ
2499 2134 2762 2205 φοινίκων
2786 2131 3193 2203 ἀπογευόμενον
3210 2145 3227 2161 ο
3253 2127 3538 2181 Σαϐϐάτου
3568 2126 3628 2179 δὲ

2034 2231 2130 2284 καὶ
2156 2228 2445 2301 Κυριακῆς
2467 2229 2547 2292 εἰς
2570 2226 2670 2298 τὴν
2697 2225 2999 2293 ἐκκλησίαν
3039 2220 3463 2293 παραϐαλόντας
3480 2260 3493 2282 ,
3529 2236 3628 2287 με-

2031 2321 2333 2401 τασχόντας
2366 2337 2425 2373 τε
2456 2318 2564 2373 τῶν
2593 2318 2972 2389 ἀγιασμάτων,
3005 2317 3083 2379 εἰς
3116 2312 3176 2367 τὸ
3205 2310 3470 2365 κοινόϐιον
3493 2310 3629 2378 ἐψη-

2032 2415 2112 2487 τῷ
2158 2413 2415 2485 χρῆσθαι,
2473 2413 2566 2465 καὶ
2618 2410 2763 2464 οῐνου
2823 2405 3265 2479 μεταλαμϐάνειν
3287 2401 3489 2469 ὀλίγου.
3538 2401 3627 2452 Ἑν

2033 2506 2233 2576 κελλίῳ
2269 2505 2349 2569 δὲ,
2388 2502 2566 2557 οὐδενὶ
2598 2503 2789 2573 ἐφεῖτο
2839 2499 2871 2570 ἢ
2924 2498 3035 2569 πῦρ
3072 2496 3294 2561 καῦσαι,
3330 2494 3365 2562 ἢ
3420 2490 3625 2562 ἑψητοῦ

2034 2596 2354 2668 γεύσασθαι.
2392 2596 2457 2648 Ἦ
2478 2596 2535 2649 δὲ
2553 2591 2935 2665 άκτημοσύνη,
2962 2590 3037 2653 ὡς
3063 2589 3214 2642 οὐδὲν
3235 2586 3420 2649 αὐτοῖς
3438 2585 3524 2637 ἒτε
3533 2601 3628 2654 ρον

2034 2690 2494 2756 ἀξιοσπούδαστον
2560 2683 2666 2760 ἦν’
2724 2687 2818 2740 καὶ
2863 2681 3336 2752 ταπεινοφροσύνῃ
3385 2679 3629 2749 μάλιστα

2032 2782 2384 2854 ἐκοσμοῦντο.

2104 2882 2172 2946 ιδ’.
2209 2877 2478 2937 Ἕκαστος
2534 2872 2720 2943 μέντοι
2782 2870 2873 2923 τὸν
2906 2869 3065 2924 πόνον
3102 2865 3212 2919 τῶν
3264 2864 3487 2919 οἰκείων
3512 2880 3630 2932 χει-

2036 2970 2167 3043 ρῶν,
2198 2970 2257 3032 ὃς
2279 2970 2369 3023 διὰ
2399 2968 2497 3037 τῆς
2536 2963 2834 3035 ἑϐδομάδος
2862 2962 3046 3023 αὐτοῖς
3089 2957 3372 3030 εἴργαστο,
3411 2954 3630 3009 Σαϐϐά-

2033 3082 2124 3119 του
2148 3061 2441 3132 ἀποφέρων
2462 3062 2541 3123 εἰς
2571 3058 2632 3112 τὸ
2655 3055 2941 3119 κοινόϐιον,
2971 3054 3100 3125 περὶ
3125 3051 3306 3116 δείλην
3334 3049 3627 3121 Κυριακῆς

349 3123 604 3198 ιιιὶιιὶοιῖι.
654 3126 1009 3195 hebdomadas.
1064 3151 1316 3212 sumptus
1368 3143 1564 3198 iterum
1613 3145 1925 3216 accipiens,

2041 3157 2093 3211 τὸ
2121 3123 2385 3224 ἀνάλωμα
2409 3151 2574 3206 πάλιν
2605 3149 2705 3219 τῆς
2732 3147 3027 3219 ἑϐδομάδος
3046 3123 3448 3246 άναλαμϐάνων
3503 3141 3628 3213 (ἄρα

349 3242 536 3296 panes.
593 3231 837 3295 inquam,
887 3240 942 3284 et
995 3231 1284 3300 palmulas,
1338 3241 1393 3287 et
1440 3249 1637 3303 aquam
1692 3235 1748 3289 in
1799 3252 1928 3292 vase

2041 3264 2157 3311 τους
2187 3246 2330 3316 φημὶ
2355 3244 2449 3298 καὶ
2510 3242 2781 3313 φοίνικας,
2837 3240 2931 3305 καὶ
2958 3238 3102 3310 ὕδωρ
3141 3238 3198 3290 ὲν
3246 3233 3460 3303 ἀγγείῳ
3492 3235 3623 3288 τινἰ.

343 3319 604 3388 quodam,
642 3329 698 3374 et
719 3322 1021 3390 palmarum
1055 3317 1273 3378 ramos:
1307 3340 1500 3380 rursus
1530 3326 1582 3380 in
1611 3327 1804 3382 cellam
1838 3344 1927 3382 re-

346 3410 515 3463 dibat.
564 3412 714 3466 Adeo
743 3423 922 3466 autem
953 3423 1109 3468 erant
1146 3414 1294 3469 curis
1339 3416 1518 3483 vacui,
1553 3428 1608 3472 et
1634 3435 1664 3472 a
1694 3421 1930 3491 negotiis

349 3500 601 3558 humanis
645 3505 872 3560 omnino
927 3506 1106 3571 liberi,
1162 3516 1221 3562 ut
1252 3507 1387 3562 nihil
1432 3508 1698 3565 haberent
1734 3521 1931 3582 prwtcr

348 3596 689 3662 indumenta,
740 3613 843 3654 nec
898 3601 1170 3656 secundus
1194 3601 1260 3656 iis
1304 3611 1449 3657 esset
1482 3602 1737 3657 amictus.
1775 3602 1928 3658 Stra-

350 3698 459 3741 tum
492 3706 620 3745 veru
648 3690 777 3761 quid
819 3692 988 3755 aliud,
1039 3708 1201 3763 quam
1242 3702 1444 3757 storea,
1478 3710 1707 3765 quaeque
1754 3697 1935 3751 solent

347 3782 619 3849 appellare
648 3784 969 3840 centonium
1002 3772 1114 3855 (24‘)
1137 3795 1194 3841 et
1244 3786 1590 3858 imbrymium
1619 3788 1773 3859 (25)?
1801 3788 1931 3844 Item

349 3893 444 3931 vas
470 3878 629 3932 iit-tile
646 3879 714 3933 ad
732 3894 953 3949 aquam,
979 3881 1123 3950 quod
1142 3880 1303 3936 simul
1330 3881 1632 3937 sumciebat
1650 3884 1716 3938 ad
1745 3895 1932 3954 potnm

348 3980 402 4026 et
443 3970 508 4023 ad
546 3974 751 4041 palmas
782 3973 1102 4045 irrigandas.

420 4061 556 4117 XCI.
587 4063 709 4121 llaec
743 4065 827 4121 lex
856 4075 1040 4121 autem
1068 4067 1156 4122 eis
1182 4074 1266 4123 est
1290 4068 1496 4138 optime
1527 4067 1722 4123 tradita
1761 4082 1789 4122 a
1825 4066 1931 4123 Ge-

352 4152 573 4219 rasimo,
612 4163 671 4209 ut
704 4157 910 4227 egressi
958 4157 1300 4213 dimitterent
1332 4159 1499 4214 cellas
1540 4167 1778 4229 apertas,
1819 4174 1929 4229 quo

350 4242 542 4299 liceret
566 4246 617 4301 ei
645 4250 739 4317 qui
768 4247 930 4304 vellet
952 4249 1314 4319 ingrediendo
1341 4251 1485 4321 quod
1515 4251 1757 4321 placeret
1779 4253 1921 4308 acci-

2036 3340 2130 3394 καὶ
2186 3337 2334 3408 βαΐα)
2391 3336 2471 3398 εἰς
2529 3334 2589 3387 τὸ
2650 3331 2865 3387 κελλῑον
2907 3325 3065 3393 αὖθις
3097 3326 3347 3398 ἐπανῄει.
3387 3324 3547 3378 Οὕτω
3568 3324 3625 3377 δὲ

2034 3428 2177 3503 ἦσαν
2231 3426 2551 3499 ἀφρόντιδες
2582 3424 2674 3479 καὶ
2707 3424 3030 3494 πράγμασιν
3050 3416 3630 3503 ,ἀνθρωπίνοις-νούδα-

2040 3523 2158 3595 μῶς
2188 3520 2429 3590 κάτοχοι,
2460 3517 2601 3571 ὥστε
2643 3515 2812 3586 μηδὲν
2844 3515 3028 3576 αὐτοῖς
3060 3506 3199 3565 εἶναι
3231 3509 3392 3563 πλέον
3427 3501 3627 3575 ὦναξ)-

2037 3613 2342 3683 φιέννυντο,
2371 3607 2627 3685 δευτέρας
2662 3607 2737 3678 μὴ
2776 3605 2944 3673 οὔσης
2975 3602 3291 3673 περιϐολῆς.
3348 3599 3412 3653 Ἣ
3452 3617 3629 3669 στρω-

2042 3704 2149 3776 μνὴ
2178 3703 2235 3757 δὲ
2262 3703 2313 3755 τί
2340 3701 2551 3772 ἕτερον,
2592 3699 2626 3770 ἢ
2660 3698 2874 3769 ψίαθος.
2913 3695 3007 3749 καὶ
3040 3693 3075 3748 δ.
3106 3692 3394 3746 κεντῶνιόν
3423 3708 3485 3744 τε
3534 3691 3629 3744 καὶ

2040 3794 2346 3867 ὲμϐρύμιον
2397 3792 2644 3863 συνήθως
2681 3789 2943 3855 καλοῦσι;
2979 3786 3172 3849 σκεῦός
3203 3801 3261 3837 τε
3310 3781 3628 3855 κεραμ;οὖν

1982 3948 1985 3949 ν
2038 3889 2117 3952 εἰς
2140 3886 2304 3957 ὕδωρ,
2342 3885 2478 3956 ὅπερ
2506 3883 2642 3953 ὁμοῦ
2675 3882 2812 3955 πρὸς
2837 3880 3015 3945 πόσιν,
3051 3881 3145 3933 καὶ
3169 3877 3268 3949 τὴν
3304 3876 3414 3930 τῶν
3457 3876 3629 3947 βαΐων

2038 3981 2221 4036 δεῦσιν
2260 3980 2353 4053 ὲξή
2362 3998 2504 4053 ρκει.

2112 4073 2225 4141 ιιΑο.
2261 4072 2443 4142 Νόμος
2473 4070 2529 4125 δὲ
2559 4064 2714 4134 οὗτος
2742 4069 2926 4132 αὐτοῖς
2945 4067 3050 4122 ὑπὸ
3080 4067 3390 4135 Γερασίμου
3422 4065 3629 4133 ἄριστα

2040 4163 2502 4235 παραδεδομένος,
2560 4162 2803 4229 ἐξιόντας
2859 4158 3211 4231 ἀνεῳγμένας
3258 4157 3480 4228 ἀφιέναι
3523 4158 3627 4219 τὰς

2036 4256 2256 4322 κέλλας,
2286 4255 2427 4310 ὥστε
2458 4256 2578 4325 ἐξὸν
2599 4251 2841 4327 εἶναιτῷ
2867 4252 3176 4325 βουλομένῳ
3198 4250 3437 4305 εἰσιόντα
3485 4249 3629 4318 λαμ-

1631 4392 1867 4452 ἾΑΒΙᾸΞ
1893 4395 2300 4456 LECTIONES.

415 4496 443 4525 ιι
471 4483 628 4543 abest
654 4483 723 4540 ab
752 4484 828 4541 al.

1516 4583 1711 4642 JOAN.
1752 4585 2093 4645 BOLLANDI
2119 4583 2362 4666 ploras.

411 4689 525 4766 (23)
556 4695 679 4768 Uno
704 4697 820 4755 fere
853 4697 1069 4753 milliari
1097 4699 1302 4756 distare
1336 4702 1730 4757 monasterium
1757 4703 1927 4758 Gera—
1960 4710 2005 4768 ο
2033 4703 2260 4758 chorum
2313 4716 2444 4757 usus
2476 4701 2590 4756 hare
2631 4699 2836 4756 idcirco
2881 4697 2962 4753 vel
3020 4695 3259 4768 maxime
3305 4705 3631 4768 epportuua

341 4768 465 4822 simi
499 4782 527 4837 a
549 4766 786 4837 .iordaue
815 4769 974 4824 docet
1005 4768 1258 4826 Moschus
1287 4785 1407 4837 cap.
1441 4771 1565 4825 l07.

414 4836 536 4908 (2i),
554 4836 726 4908 Cento
750 4839 919 4895 vestis
940 4849 1024 4895 est
1050 4855 1082 4895 e
1115 4841 1279 4895 variis
1303 4836 1610 4908 panniculis
1640 4844 1923 4897 consarci-

343 4906 780 4980 nata,‘ldemque
810 4917 869 4962 ut
905 4909 1118 4965 videtur
1145 4911 1234 4965 hic
1278 4906 1592 4965 centonium
1624 4910 1921 4980 signilicat.

419 4923 492 4964 ia.
530 4923 780 5031 memque
810 4923 869 4962 ut
905 4923 1118 4965 vnletur
1146 4923 1234 4965 mc
1278 4923 1592 4965 centonium
1624 4923 1921 4980 signiﬁcat.

414 4975 530 5051 (25)
562 4974 683 5051 Qui:
766 4978 1111 5051 itpjimiiitttn
1167 4981 1235 5035 sit
1260 5019 1276 5043 ,
1309 4979 1570 5051 kexponit
1625 4980 1923 5039 Cassianus

340 5047 525 5102 collat.
564 5047 616 5120 Ι.
641 5063 761 5116 cap.
790 5049 883 5104 '25.
911 5047 938 5101 ἰ
970 5050 1065 5104 llis
1101 5050 1283 5117 itaque
1308 5049 1380 5120 Β.
1405 5049 1619 5120 Moyses
1646 5051 1920 5109 collatioui

343 5129 544 5172 nostrae
576 5117 714 5175 dans
742 5120 925 5185 linem,
954 5120 1130 5174 adhuc
1153 5134 1252 5175 nos
1300 5117 1577 5175 avidos'ac
1608 5122 1673 5176 de
1699 5137 1797 5181 suo
1826 5136 1921 5179 ore

342 5188 659 5270 pendentes,
702 5191 1011 5270 _degu$tar§
1054 5204 1312 5270 somnum
1354 5190 1626 5270 paulisper
1670 5192 1917 5270 hortatus

340 5266 445 5319 est,
484 5257 673 5330 iisdem
702 5258 859 5328 ipsis,
892 5259 1094 5330 quibus
1122 5259 1512 5326 insidebamns,
1534 5257 1797 5330 ‘psiathiis
1822 5263 1920 5318 ad-

343 5328 863 5402 nionensineubare
882 5347 897 5392 ;
913 5328 1230 5402 ‘embrimiis
1282 5331 1496 5402 pariter;
1520 5328 1684 5402 capiti
1732 5344 1921 5389 nostro

339 5397 839 5475 cervicalium__vice
858 5400 1175 5475 suppositis,
1215 5397 1837 5475 grossioribus:papyris
1866 5404 1919 5475 in

341 5466 530 5548 longos
556 5470 895 5593 gracilesque
927 5466 1242 5525 fasciculos"
1267 5471 1553 5539 coaptatis.
1579 5466 1917 5542 Q'ute'pedali

341 5550 549 5593 Interva
577 5540 626 5593 lo
643 5543 845 5593 pariter
867 5539 1140 5593 collizata.
1156 5556 1296 5593 nunc
1318 5542 1534 5593 quidem
1560 5543 1915 5593 humillimum

341 5539 626 5611 intervallo
643 5543 845 5608 pariter
867 5539 1144 5611 colligata,
1156 5556 1296 5594 nunc
1318 5542 1534 5611 quidem
1560 5539 1915 5598 humillimum

338 5609 508 5685 sedile
532 5610 600 5664 ad
641 5611 1083 5664 scabelli'vicem
1123 5609 1398 5685 fratribus
1424 5613 1475 5685 in
1516 5614 1705 5685 synaxi
1737 5614 1919 5685 consi-

338 5679 589 5750 dentibus
637 5688 915 5748 praestant,
960 5695 1101 5733 nunc
1144 5695 1271 5735 vero
1317 5679 1560 5750 subjecta
1609 5684 1915 5739 cervicibus

339 5748 724 5821 dormientium
751 5751 1015 5821 praebent,
1041 5752 1202 5819 capiti
1236 5768 1342 5806 non
1372 5748 1537 5806 nimie
1576 5756 1791 5815 durum,
1819 5754 1912 5809 sed

340 5820 626 5876 tractabile
665 5818 959 5892 aptumque
988 5818 1382 5878 fulcimentum.
1434 5823 1514 5879 Ad
1547 5840 1683 5895 quos
1728 5839 1915 5879 mona-

2030 4774 2300 4828 habentur
2327 4780 2381 4825 et
2419 4786 2681 4840 congrua,
2727 4769 2869 4839 quod
2904 4783 3012 4823 non
3066 4767 3240 4823 solum
3271 4766 3384 4823 sint
3411 4767 3630 4835 aliqua-

2030 4852 2187 4899 tenus
2268 4842 2447 4897 mollia
2499 4855 2778 4912 parvoque
2828 4849 2882 4892 et
2915 4853 3078 4908 opere
3134 4846 3629 4912 praeparauturuft

2026 4915 2223 4980 pretio,
2256 4920 2441 4979 utpote
2482 4904 2703 4982 passim"
2741 4904 2964 4982 papyro
2996 4904 3312 4982 emergente
3361 4921 3461 4975 per
3514 4904 3622 4961 Nili

2025 4978 2263 5038 fluminis
2291 4978 2458 5053 ripas.
2483 4978 2653 5050 quam
2715 4978 2915 5053 cuique
2950 4980 3153 5053 volenti
3185 4978 3422 5053 in_usum
3462 4992 3626 5053 assuf

2027 5068 2175 5108 mere
2207 5047 2367 5107 nemo
2392 5047 2679 5122 prohibeat
2711 5047 2965 5105 desecare
2987 5066 3016 5122 ;_
3060 5049 3153 5122 sed
3178 5047 3341 5122 etiam
3380 5048 3525 5122 quod
3558 5050 3627 5099 ad

2028 5118 2410 5179 removendum
2438 5138 2532 5177 seu
2562 5136 2683 5175 eum
2720 5134 2942 5175 necesse
2995 5118 3160 5173 fuerit
3197 5119 3262 5170 ad
3294 5119 3629 5175 movendum

2026 5194 2220 5249 habilis
2240 5194 2476 5247 materiae
2494 5192 2733 5261 levisque
2753 5200 2958 5244 natura:
2977 5190 3107 5261 siut.
3142 5206 3159 5261 ι
3188 5186 3261 5261 l)_e
3280 5202 3411 5261 voce
3438 5186 3628 5261 dispu-

2029 5274 2147 5319 tant
2186 5263 2518 5321 recentiores
2559 5257 2780 5331 quidam
2820 5259 3159 5331 grammatici
3205 5257 3475 5331 Srali‘ger,
3507 5258 3616 5312 Ca-

2026 5333 2325 5398 saubouus,
2356 5327 2682 5387 Martiniiis:
2723 5342 2775 5383 et
2824 5327 2911 5385 hic
2964 5330 3180 5397 quidem
3231 5327 3465 5451 dubita?j
3496 5344 3627 5381 num

2029 5406 2170 5451 l'nrte
2198 5404 2523 5451 Celticasit
2570 5412 2664 5451 aut
2704 5398 3046 5451 Germanica.
3106 5413 3134 5451 a
3187 5397 3356 5451 brem.
3410 5400 3423 5451 i
3518 5410 3627 5451 esu

2029 5406 2170 5461 forte
2198 5397 2523 5458 Celticasit
2570 5412 2664 5456 aut
2704 5398 3046 5462 Germanica,
3106 5413 3134 5451 a
3187 5397 3356 5463 brem,
3410 5397 3465 5451 id
3518 5410 3629 5461 ρει,

2030 5475 2261 5545 genista,
2300 5484 2505 5543 sparto,
2560 5488 2668 5543 quo
2724 5469 2863 5545 l‘art_a
2909 5478 3063 5545 erant
3121 5468 3456 5545 iuilirgiuia,_
3503 5468 3628 5521 Iuro

2026 5539 2345 5615 plumarum
2384 5552 2440 5615 et
2469 5613 2478 5615 _
2512 5539 2756 5615 tumenti.
2820 5540 2926 5594 Sed
2987 5556 3140 5593 usum
3199 5539 3628 5615 imhryuiiurum

2027 5608 2295 5684 praecipue
2321 5628 2353 5669 ι
2390 5612 2559 5667 Celtis
2591 5613 2824 5684 crepisse
2872 5618 3150 5684 oporteret
3184 5608 3629 5684 au_t_t}cri_uanis,

2027 5678 2255 5739 ut'cum
2294 5698 2353 5738 re
2397 5699 2591 5737 nomen
2655 5683 2817 5737 etiam
2876 5678 2941 5735 ad
2999 5679 3165 5753 Syros
3228 5678 3631 5751 A'Igyptiosqne

2026 5755 2291 5825 perlatum
2333 5765 2495 5809 esset.
