3846 6500
232 368 344 430 673

1495 367 1671 426 VITA
1713 367 1771 426 S.
1816 364 2228 427 EUTHYMII.

3392 362 3500 426 674

227 482 417 533 δάνειν
450 476 479 530 ὃ
528 476 772 549 βούλοιτο
807 476 917 531 τῶν
970 478 1050 539 εἰς
1088 478 1278 549 χρείαν
1325 477 1546 547 φαύλων
1586 477 1812 530 ἐκείνων

1931 490 2051 544 pere
2073 491 2136 529 ex
2195 475 2300 530 illis
2343 474 2536 529 vilibus
2595 472 2830 544 usuique
2885 472 3231 538 necessariis,
3277 487 3501 529 nemine

227 573 322 627 xui.
339 571 679 640 ἀναγκαίων,
718 570 933 635 οὐδενὸς
959 571 1267 642 εἴργοντος·
1310 573 1444 625 ἀλλὰ
1486 571 1581 625 καὶ⁹
1619 570 1818 633 αὐτοὺς

229 662 611 727 ἀποστολικῶς
664 661 915 733 βιοῦντας
969 662 1221 732 ὁρᾶσθαι,
1252 663 1346 716 καὶ
1379 657 1520 716 εἶναι
1553 671 1579 699 '
1625 661 1736 714 τῶν
1762 662 1820 713 ὲν

228 760 431 830 ἐρήμῳ
480 756 776 810 οἰκούντων
811 755 1214 825 παραπλησίως
1241 756 1425 819 αὐτοῖς
1450 756 1551 827 τὴν
1590 754 1820 825 καρδίαν

229 866 292 901 τε
316 849 412 902 καὶ
435 852 533 914 τὴν
563 845 763 917 ψυχὴν,
792 845 942 914 μίαν.
997 847 1149 900 Ἐπεὶ
1185 849 1374 917 μηδεὶς
1396 849 1504 901 τῶν
1547 848 1822 918 ὑπαρχόν-

227 959 340 993 των
363 936 514 1005 αὐτῷ
547 936 712 1007 μηδὲν
741 935 952 1006 ἔκρινεν
988 937 1117 990 ῖδιον
1149 935 1306 1001 εἶναι,
1336 937 1472 990 ἀλλὰ
1501 940 1676 991 πάντα
1702 937 1822 989 ὲπῖ-

233 1049 342 1100 σης
400 1029 584 1091 αὐτοῖς
625 1015 838 1081 κεῖσθαι
870 1029 1046 1083 κοινά.
1082 1030 1191 1082 Καὶ
1224 1029 1384 1083 τοῦτο
1429 1030 1484 1082 δὲ
1530 1029 1659 1098 περὶ
1713 1028 1821 1081 τῶν

230 1126 339 1176 ἀνα
346 1122 605 1191 λωργοτῶν
633 1120 872 1189 λέγεται,
906 1121 990 1174 ὅτι
1015 1121 1429 1192 Προσελθόντων
1460 1120 1609 1191 αὐτῷ
1634 1138 1818 1184 τινων,

233 1216 332 1266 καὶ
357 1212 606 1281 ἐφεῖσθαι
630 1213 814 1275 αὐτοῖς
844 1214 1206 1283 αἰτουμένων,
1229 1213 1375 1285 ὕδωρ
1402 1230 1463 1267 τε
1484 1213 1819 1286 θερμαίνειν,

232 1307 330 1359 καὶ
364 1305 566 1375 ἐψητοῦ
599 1306 871 1376 μετέχειν,
926 1306 1023 1358 καὶ
1054 1306 1160 1359 ὑπὸ
1183 1305 1374 1377 λύχνον
1402 1305 1820 1376 ἀναγινώσκειν,

230 1398 328 1450 τὸν
359 1399 532 1468 μέγαν
562 1398 869 1470 Γεράσιμον
910 1398 1272 1463 ὑπολαϐόντα,
1310 1399 1374 1452 El
1408 1399 1551 1454 οὐτω
1578 1399 1678 1471 ζῇν
1701 1398 1826 1468 βού-

229 1487 419 1553 λεσθε,
448 1492 637 1559 φάναι,
660 1488 797 1543 πολὺ
824 1490 886 1542 τὸ
918 1490 1197 1561 συμφέρον
1233 1494 1289 1543 ὲν
1313 1490 1565 1560 κοινοὸίῳ
1613 1491 1825 1560 διάγειν

232 1580 408 1650 ὑμᾶς.
454 1580 596 1651 Ἐγὼ
649 1581 757 1652 γὰρ
804 1581 1072 1650 οὐμενοῦν
1130 1582 1383 1651 οὐδαμῶς
1447 1583 1637 1654 ἐφήσω
1690 1586 1826 1655 παρ’

229 1676 359 1728 ὅλον
379 1676 443 1744 δή
477 1691 577 1746 μου
606 1675 700 1728 τὸν
729 1674 829 1745 τῆς
848 1674 993 1744 ζωῆς
1022 1675 1235 1746 χρόνον,
1262 1674 1423 1730 τοῦτο
1450 1677 1584 1748 παρ’
1613 1679 1827 1749 ἀναχω-

235 1771 432 1839 ιιηταῖς
458 1766 724 1837 γίνεσθαι.
1185 1839 1191 1845 ν

310 1861 425 1929 AB’.
458 1862 620 1915 Ὥστε
668 1862 794 1925 τούς
850 1861 1254 1933 Ἱεριχοντείους
1292 1875 1317 1904 ι
1364 1862 1662 1928 ἀκούοντας
1709 1865 1820 1918 τῶν

235 1955 394 2024 παρὰ
430 1954 508 2024 τῷ
541 1944 685 2025 ἀϐὅᾷ
743 1954 1033 2026 Γερασίμῳ
1081 1956 1181 2026 τὴν
1216 1954 1490 2009 πολιτείαν
1523 1956 1665 2010 οὕτω
1691 1974 1824 2010 κατ-

234 2046 666 2116 ηναγκασμένην
705 2042 849 2098 εἶναι
882 2049 976 2099 καὶ
1004 2047 1414 2119 ἀπαράκλητον,
1447 2052 1542 2103 καὶ
1592 2051 1730 2106 πολὺ
1758 2052 1821 2106 τὸ

233 2137 406 2208 ἄχαρι
430 2138 525 2191 καὶ
550 2135 724 2203 βίαιον
747 2135 915 2208 ἔχειν,
945 2139 1110 2209 νόμον
1138 2139 1352 2204 ἑαυτοῖς
1379 2134 1616 2195 ὲκθέῖναι
1648 2143 1825 2196 τοιοῦ-

234 2244 356 2289 τον,
388 2226 664 2282 Σαδὸάτου
688 2245 745 2281 τε
782 2230 874 2282 καὶ
899 2230 1205 2301 Κυριακῆς,
1234 2231 1309 2295 ὡς
1344 2233 1541 2297 αὐτοὺς
1576 2235 1819 2299 ἀπιέναι,

237 2323 337 2374 καὶ
381 2321 732 2394 παράκλησιν
777 2324 963 2387 αὐτοῖς
994 2327 1386 2396 μετακομίζειν
1422 2327 1541 2381 οὖτι
1571 2328 1819 2400 μετρίαν.

251 2413 421 2467 Ἀλλὰ
452 2414 609 2468 τοῦτο
665 2415 765 2486 μὲν
813 2415 1239 2487 ἰεριχουντείων
1279 2419 1526 2484 ἔπαινος,
1564 2425 1659 2475 καὶ
1688 2424 1823 2477 ἀπὸ·

234 2508 405 2575 δειξις
453 2507 754 2579 φιλαρέτων
807 2508 1011 2581 ψυχῶν.
1053 2510 1287 2575 Πολλοὺς
1326 2514 1507 2583 μέντοι
1553 2514 1662 2569 τῶν
1718 2517 1824 2570 ὐπὸ

237 2601 319 2671 τῷ
371 2600 590 2673 μεγάλῳ
641 2601 817 2673 τούτῳ
866 2602 1163 2674 Γερασίμῳ
1194 2607 1528 2675 ἀγωνιστῶν,
1581 2609 1823 2681 ὁρῶντας

236 2692 338 2744 ἐπὶ
360 2692 549 2765 σκοπῷ
574 2691 802 2764 τοιούτῳ
829 2695 956 2756 τοὺς
985 2698 1285 2765 κοσμικούς
1314 2698 1664 2768 ἐρχομένους,
1700 2718 1824 2754 τοσ-

235 2784 401 2838 οῦτον
439 2786 663 2856 ἀπέχειν
710 2783 947 2857 εὔθυμον
995 2788 1176 2841 αὐτῶν
1219 2788 1314 2853 καὶ
1344 2790 1530 2860 ἡδεῖαν
1571 2791 1821 2862 ἡγεῖσθαι

238 2876 343 2948 τὴν
369 2876 575 2946 ἄφιξιν,
603 2877 745 2931 ὥστε
782 2879 917 2949 μηδὲ
943 2881 1086 2934 κατὰ
1120 2879 1304 2952 χώραν
1339 2884 1588 2954 στέργειν
1625 2885 1822 2950 αὐτοὺς

239 2963 379 3026 ὅλως
421 2966 543 3034 μηδ’
577 2965 870 3037 ὑπομένειν
899 2985 913 2999 ο
939 2968 1055 3023 ἀλλ’
1077 2970 1153 3034 ὡς
1182 2971 1252 3024 τὰ
1280 2973 1493 3042 μεγάλα
1522 2974 1823 3045 βλάψοντας

244 3053 472 3123 μᾶλλον,
494 3056 717 3125 φεύγειν
739 3058 938 3121 αὐτοὺς
964 3060 1059 3114 καὶ
1095 3060 1429 3125 ἐξίστασθαι.
1464 3064 1697 3136 ᾝδεσαν
1715 3067 1823 3137 γὰρ

1850 1820 1898 1878 Β

1922 566 2280 634 prohibente;
2349 566 2480 636 quin
2533 566 2694 621 etiam
2743 567 2845 636 ipsi
2902 573 3260 621 cernerentur
3316 568 3502 622 vivere

1921 661 2241 732 apostoliee,
2275 671 2528 732 essetque
2577 677 2768 716 eorum
2813 662 2904 732 qui
2939 660 3257 717 habitabant
3282 661 3336 716 in
3367 663 3501 718 soli-

1923 754 2133 835 tudine,
2183 756 2547 811 consimiliter
2574 757 2655 812 eis
2700 772 2795 811 cor
2839 772 3008 811 unum
3040 766 3096 811 et
3139 756 3322 811 anima
3355 771 3501 821 una;

1921 848 2358 918 quandoquidem
2409 864 2572 903 nemo
2597 849 2893 920 quidquam
2933 864 3001 904 ex
3028 847 3094 904 iis
3116 864 3239 918 qua:
3265 848 3504 904 hauebat

1917 936 2198 1006 jud'cabat
2238 951 2360 992 esse
2414 938 2717 1008 proprium,
2765 939 2878 994 sed.
2906 946 3101 993 cuncta
3130 938 3211 993 eis
3249 953 3315 994 ex
3349 953 3508 1009 sequo

1925 1038 2239 1100 prostarent
2268 1032 2581 1086 communia
2622 1030 2681 1085 ³¹.
2721 1030 2861 1086 Illud
2899 1045 3116 1101 quoque
3159 1030 3229 1086 de
3267 1030 3507 1085 anacho-

1925 1118 2058 1173 retis
2080 1118 2338 1185 refertur,
2369 1132 2493 1175 cum
2530 1120 2750 1190 quidam
2786 1121 2854 1174 ad
2877 1136 3004 1175 eum
3032 1121 3416 1186 accessissent,
3453 1131 3505 1176 et

1924 1218 2175 1280 peterent
2211 1220 2272 1267 ut
2301 1213 2407 1268 sibi
2438 1213 2629 1269 liceret
2655 1223 2769 1270 tum
2800 1229 2995 1284 aquam
3029 1213 3351 1279 calefacere,
3392 1222 3507 1269 tum

1926 1313 2140 1360 coctum
2173 1320 2414 1372 sumere,
2456 1313 2571 1360 tum
2599 1305 2667 1360 ad
2704 1306 2985 1360 lucernam
3015 1305 3217 1376 legere,
3248 1320 3508 1377 magnum

1926 1395 2271 1452 Gerasimum
2308 1398 2732 1468 respondentem
2756 1397 2961 1454 dixisse
2995 1416 3008 1428 ⁸
3047 1395 3103 1452 Si
3127 1395 3294 1452 vultis
3325 1398 3400 1452 ita
3430 1398 3512 1452 vi-

1928 1502 2077 1550 vere,
2131 1490 2308 1544 multo
2356 1490 2528 1562 magis
2564 1489 2783 1560 expedit
2808 1498 2868 1544 ut
2913 1504 3012 1545 vos
3056 1489 3267 1561 degatis
3310 1489 3364 1543 in
3398 1503 3510 1545 cte-

1931 1582 2121 1637 nobio.
2193 1581 2307 1654 Ego
2375 1584 2523 1638 enim
2592 1597 2938 1653 nequaquam
3012 1597 3146 1637 sane
3196 1581 3510 1652 permittam

1931 1683 2046 1730 toto
2086 1691 2221 1732 mea:
2267 1676 2392 1732 vitae
2446 1688 2714 1748 tempore,
2745 1676 2850 1730 hoc
2901 1674 3017 1729 lieri
3061 1674 3209 1746 apud
3270 1675 3515 1731 anacho-

1930 1776 2101 1822 retas.

2000 1859 2158 1917 XCII.
2200 1861 2387 1930 Itaque
2407 1858 2770 1945 Ierichontini
2798 1856 3086 1913 audientes
3118 1856 3282 1912 vitam
3308 1869 3504 1910 eorum

1930 1955 2022 2025 qui
2045 1964 2201 2009 erant
2239 1955 2382 2025 apud
2420 1955 2672 2010 abbatem
2721 1948 3061 2008 Gerasimum
3092 1965 3215 2006 esse
3245 1949 3382 2006 adeo
3419 1965 3510 2004 ar-

1930 2055 2073 2102 ctam
2116 2058 2174 2102 et
2219 2046 2398 2101 solatii
2446 2053 2744 2117 expertem,
2786 2045 3127 2123 multumque
3159 2042 3362 2098 habere
3388 2058 3510 2097 mo-

1928 2139 2101 2194 lestia:
2144 2154 2208 2194 ac
2258 2138 2551 2203 violentiae,
2590 2139 2730 2192 hanc
2769 2137 2871 2193 sibi
2922 2138 3093 2208 legem
3146 2135 3406 2199 tulerunt,
3451 2144 3513 2190 ut

1930 2232 2172 2289 Sabbato
2189 2241 2242 2287 et
2265 2232 2549 2288 Dominica
2570 2231 2640 2286 ad
2665 2247 2760 2286 eos
2787 2231 3024 2296 abirent,
3048 2230 3239 2300 eisque
3255 2245 3368 2284 non
3391 2245 3513 2284 mo-

1929 2327 2103 2382 dicam
2163 2324 2427 2381 afferrent
2470 2323 2925 2379 consolationem.
2980 2322 3088 2378 Sed
3138 2321 3243 2377 hoc
3293 2320 3512 2391 quidem

1930 2419 2049 2474 laus
2083 2429 2170 2474 est
2206 2418 2738 2482 Jerichuntinorum,
2765 2426 2928 2488 atque
2974 2424 3356 2487 argumentum
3394 2413 3514 2467 ani-

1929 2524 2141 2563 marum
2178 2508 2395 2563 virtutis
2421 2507 2744 2563 amantium.
2775 2508 2910 2561 Cum
2950 2515 3131 2560 autem
3160 2505 3316 2559 multi
3353 2520 3420 2560 ex
3449 2506 3514 2561 iis

1929 2601 2022 2671 qui
2048 2601 2150 2656 sub
2179 2615 2376 2670 magno
2411 2600 2514 2654 hoc
2535 2598 2815 2655 Gerasimo
2840 2598 3219 2662 decertabant,
3256 2596 3512 2651 viderent

1931 2694 2221 2749 saeculares
2248 2708 2370 2746 cum
2402 2693 2507 2747 hoc
2552 2693 2835 2763 proposito
2860 2692 2928 2747 ad
2965 2707 3023 2746 se
3054 2692 3266 2755 venire,
3299 2698 3510 2745 tantum

1929 2786 2085 2842 abest
2131 2794 2189 2840 ut
2248 2785 2463 2841 illorum
2501 2787 2793 2841 adventum
2844 2794 3056 2855 gratum
3099 2784 3512 2854 jucundumqne

1929 2878 2199 2943 dicerent,
2238 2887 2295 2932 ut
2324 2893 2426 2932 nec
2455 2892 2550 2933 eos
2577 2877 2792 2948 quidem
2827 2877 2879 2931 in
2924 2876 3145 2947 regione
3173 2874 3401 2929 omnino
3430 2882 3513 2929 to-

1933 2972 2106 3028 lerare
2163 2971 2401 3032 vellent;
2457 2971 2553 3025 sed
2601 2970 2781 3041 potius
2809 2976 2868 3022 nt
2911 2968 3067 3023 valde
3097 2967 3320 3022 laesuros
3355 2965 3512 3038 fuge-

1931 3074 2055 3120 rent
2080 3066 2226 3135 ipsos
2256 3075 2310 3119 et
2340 3062 2701 3119 declinarent.
2748 3061 2924 3116 Probe
2952 3061 3100 3116 enim
3136 3060 3211 3114 illi
3241 3069 3516 3115 noverant

240 3149 443 3200 ἐκεῖνοι
493 3148 691 3215 καλῶς,
740 3152 953 3223 μητέρα
981 3156 1338 3226 σωφροσύνης
1371 3157 1635 3227 ἀκριϐοῦς
1659 3156 1821 3226 εἶναι,

1931 3166 2195 3212 accuratae
2226 3154 2602 3227 temperantiae
2648 3162 2878 3208 matrem
2928 3168 3050 3208 esse
3086 3152 3468 3208 abstinentiam
3493 3193 3511 3218 ,

237 3240 344 3310 τὴν
377 3242 696 3314 ἐγκράτειαν
722 3260 734 3274 ·
759 3244 1055 3317 λογισμούς
1075 3264 1134 3302 τε
1157 3250 1435 3320 ῥυπαροὺς
1465 3252 1820 3319 ἀπωθεῖσθαι,

241 3334 340 3386 καὶ
373 3333 541 3388 ὕπνου
570 3337 852 3407 κουφίζειν
875 3336 1156 3412 βαρύτητα
1190 3342 1499 3414 δυναμένην
1519 3362 1532 3375 ·
1569 3344 1665 3398 ἆτε
1691 3346 1826 3415 μηδὲ

239 3427 422 3494 λόγοις
447 3427 626 3496 μόνον,
648 3429 783 3483 ἀλλὰ
811 3432 1100 3502 καὶέργοις
1124 3434 1231 3487 ὐπὸ
1250 3434 1344 3487 τού
1384 3436 1598 3509 Πατρὸς
1627 3439 1825 3506 ἄριστα

237 3515 403 3569 τοῦτο
436 3520 838 3589 μεμαθηκότες.

307 3607 431 3675 LI".
451 3610 686 3666 Ἐκεῖνον
705 3615 814 3684 γὰρ
836 3613 1022 3683 ἔλεγον
1043 3611 1211 3682 οὗτοι,
1227 3620 1479 3673 τοσοῦτον
1496 3620 1825 3691 ἐγκράτειαν

240 3703 374 3770 περὶ
408 3702 664 3757 πλείστου
705 3706 965 3778 ποιῆσαι,
1005 3710 1081 3771 ὡς
1108 3712 1207 3773 τὰς
1243 3711 1655 3782 τεσσαράκοντά
1682 3733 1825 3785 φημι

241 3792 349 3858 τῆς
388 3798 640 3865 νηστείας
673 3798 911 3869 ἡμέρας,
945 3799 1131 3854 ἄσιτον
1164 3802 1384 3868 διιέναι,
1418 3807 1483 3874 τῇ
1523 3807 1826 3877 μεταλήψει

241 3886 389 3959 μόνῃ
422 3888 527 3939 τῶν
570 3889 888 3961 μυστηρίων
956 3892 1314 3964 ἀρκούμενον.
1361 3896 1519 3949 υῦτω
1569 3896 1826 3967 βιώσαντι

240 3977 564 4048 Γερασίμῳ,
596 3981 691 4033 καὶ
725 3984 840 4046 τοῖς
869 3983 960 4035 ὐπ’
989 3985 1152 4038 αὐτὸν
1171 3987 1480 4058 ἀρχέτυπον
1505 3991 1705 4063 ἀρετῆς
1734 3997 1827 4047 καὶ

241 4069 526 4138 σωτηρίας
550 4069 807 4126 ὑπόθεσιν
827 4076 1126 4147 γενομένῳ,
1146 4079 1205 4130 τὸ
1234 4081 1414 4135 κοινὸν
1443 4082 1622 4137 ἔπεισι
1649 4086 1823 4151 τέλος,

242 4158 512 4228 πέμπτην
544 4160 640 4214 τοῦ
675 4164 923 4235 Μαρτίου
959 4170 1128 4240 μηνὸς
1158 4171 1404 4240 ἄγοντος,
1439 4177 1826 4245 τρισκαιδεκά-

238 4264 349 4321 της
385 4251 551 4323 οὐσης
607 4253 979 4326 Ἰνδικτιῶνος,
1039 4263 1096 4317 ὲν
1152 4264 1385 4340 ὑπατείᾳ
1434 4268 1683 4339 Ζήνωνος
1715 4274 1826 4326 Αὐ-

234 4343 481 4503 ἔὲύῦστου
512 4347 572 4400 τὸ
597 4347 871 4424 δεύτερον.
917 4354 1077 4426 Ἡμῖν
1103 4356 1158 4411 δὲ
1187 4359 1351 4413 πάλιν
1377 4362 1678 4430 ἐπανιτέον,
1705 4364 1827 4418 ὅθεν

302 4452 331 4488 ε
375 4453 533 4503 ημεν.

302 4452 406 4507 ευη
414 4454 533 4507 μεν.

1926 3266 2048 3321 quae
2109 3259 2293 3321 posset
2341 3257 2398 3305 et
2461 3258 2647 3319 turpes
2688 3247 2964 3317 expellere
3017 3246 3398 3315 cogitationes,
3456 3256 3514 3300 et

1927 3344 2103 3399 somni
2163 3342 2344 3397 levare
2401 3341 2761 3413 gravitatem:
2814 3348 3004 3409 utpote
3056 3340 3148 3408 qui
3213 3353 3323 3393 non
3382 3337 3514 3393 solis

1928 3437 2132 3502 verbis,
2177 3437 2277 3491 sed
2321 3437 2485 3490 etiam
2520 3434 2681 3489 factis
2727 3434 2832 3488 hoc
2858 3448 2887 3486 a
2923 3431 3082 3487 Patre
3125 3431 3328 3501 optime
3370 3431 3514 3487 didi—

1928 3526 2151 3582 cissent.

1998 3639 2181 3694 XCIII.
2222 3638 2285 3692 lli
2327 3640 2474 3694 enim
2506 3638 2683 3709 ipsum
2719 3636 2976 3692 dicebant
3007 3634 3142 3691 tanti
3179 3634 3376 3691 fecisse
3407 3635 3508 3691 ab—

1928 3733 2267 3795 stinentiam,
2322 3740 2383 3786 ut
2437 3729 2796 3801 quadraginta
2846 3729 2967 3784 illos
2984 3728 3181 3799 jejunii
3210 3728 3351 3794 dies,
3384 3727 3510 3783 sine

1927 3827 2052 3880 cibo
2104 3824 2467 3895 transigeret,
2524 3831 2819 3878 contentus
2872 3822 2988 3877 sola
3042 3831 3512 3876 sacramentorum

1928 3916 2364 3989 participatione.
2419 3915 2726 3978 Gerasimo,
2760 3931 2886 3970 cum
2937 3915 3019 3970 sic
3060 3914 3309 3978 vixisset,
3350 3924 3513 3983 atque

1929 4011 1998 4067 iis
2025 4011 2119 4082 qui
2149 4010 2252 4065 sub
2284 4024 2351 4065 eo
2380 4017 2534 4065 erant
2565 4008 2757 4064 fuisset
2792 4007 3069 4077 exemplar
3102 4009 3320 4064 virtutis
3368 4010 3513 4064 salu-

1933 4105 2112 4173 tisque
2151 4117 2338 4167 causa,
2378 4100 2684 4156 communis
2726 4099 2949 4155 advenit
2982 4099 3127 4166 linis,
3168 4100 3361 4170 quinto
3397 4102 3513 4172 (‘26)

1929 4196 2136 4252 mensis
2191 4190 2358 4249 Mart"
2385 4233 2400 4259 ,
2433 4193 2733 4249 indictione
2775 4191 2987 4248 decima
3032 4192 3217 4268 tertia.
3247 4192 3402 4265 (2'7),
3460 4194 3514 4249 in

1929 4289 2213 4345 consulatu
2274 4287 2513 4343 Zenonis
2569 4285 2796 4358 Augusti
2857 4285 3121 4341 secundo.
3185 4284 3354 4341 Nobis
3414 4301 3515 4341 au-

1930 4391 2039 4437 tem
2073 4397 2264 4437 rursus
2312 4380 2652 4437 redeundum
2702 4389 2807 4443 cst,
2844 4379 2989 4434 unde
3027 4378 3256 4451 digressi
3300 4395 3511 4435 sumus.

315 4550 431 4618 ιιΔ’.
461 4553 691 4619 Λέοντος
735 4557 835 4629 ἤδη
885 4558 948 4612 τὸ
1000 4561 1302 4631 τηνικαῦτα
1333 4564 1427 4618 τοῦ
1470 4567 1731 4632 εὐσεϐοῦς
1764 4587 1822 4622 τε

2000 4571 2184 4629 XCIV.
2204 4571 2458 4641 Cumjam
2475 4580 2602 4626 tunc
2619 4571 2730 4626 Leo
2745 4571 2868 4640 pius
2880 4569 3147 4624 etChristi
3177 4585 3367 4624 amans
3390 4584 3513 4624 suc-

235 4646 344 4698 καὶ
378 4645 729 4718 φιλοχρίστοιι
781 4652 882 4723 τὴν
915 4654 1239 4723 Μαρκιανοῦ
1293 4656 1571 4727 βασιλείαν
1605 4660 1826 4725 ἐκδεξα-

239 4738 440 4808 μένου,
474 4740 739 4812 Τιμόθεός
761 4761 844 4808 τις
862 4746 1094 4816 ἐπίκλην
1122 4748 1408 4821 Αἴλουρος,
1439 4749 1538 4823 τὴν
1578 4750 1824 4818 Ἀλεξαν-

231 4831 419 4901 δρέων
464 4830 662 4889 διέσειε
712 4839 810 4890 καὶ
861 4839 1233 4913 συνετάρασσε
1285 4844 1497 4896 πᾶσαν·
1528 4843 1719 4899 ἔπειτα
1767 4846 1826 4900 δὲ

235 4924 343 4978 καὶ
394 4926 560 4982 αὐτὸν
604 4930 697 4984 τὸν
746 4932 849 5003 τῆς
896 4934 1105 5001 πόλεως
1165 4936 1514 5009 πατριάρχην
1568 4939 1628 4993 ὲν
1685 4941 1823 5013 αὐτῇ

312 5033 361 5066 ³⁸
389 5033 509 5090 Act.
543 5052 617 5091 tv.
654 5037 744 5094 3?...

1929 4665 2186 4722 cessisset
2212 4662 2470 4718 Marciani
2499 4662 2608 4733 (ἓὸ)
2626 4662 2875 4727 imperio,
2892 4660 3219 4715 Timotheus
3244 4660 3356 4732 (29)
3389 4662 3516 4731 qui-

1930 4759 2055 4814 dam
2078 4756 2400 4830 cognomine
2416 4755 2661 4823 Ailurus,
2675 4754 3206 4824 tetamlconcutiehat
3221 4763 3273 4810 et
3288 4764 3514 4810 contur-

1927 4850 2095 4907 babat
2120 4848 2502 4906 Alexandriam
2521 4864 2537 4916 ;
2559 4847 2756 4903 deinde
2769 4853 2949 4901 autem
2977 4845 3065 4901 ubi
3090 4846 3269 4918 ipsum
3295 4863 3515 4918 quoque

1931 4943 2170 4999 civitatis
2198 4940 2716 5014 patriarchamjﬁO)
2752 4941 2806 5007 (ο
2832 4939 3049 5010 iniquas
3083 4949 3140 4997 et
3171 4940 3365 5012 impias
3393 4942 3514 4998 illas

1593 5145 1680 5200 VA
1690 5148 1830 5207 ΒΙΑΣ
1861 5149 2157 5207 LECTION
2164 5149 2268 5207 ES.

314 5231 340 5259 '
373 5225 445 5280 al.
478 5226 647 5283 inser.
671 5230 787 5285 καί.
872 5245 896 5271 ι
929 5233 1004 5287 al.
1054 5232 1435 5307 Ἱεριχοντίους
1468 5244 1526 5292 et
1556 5238 1716 5295 infra.

1415 5324 1421 5330 ’
1491 5331 1685 5389 JOAN.
1731 5335 2073 5393 BOLLANDI
2098 5334 2328 5391 NOTAE.

313 5420 430 5492 (26)
464 5421 932 5500 Qoqsentit_Vita_
960 5426 1020 5483 S.
1067 5427 1326 5500 Quiriacir
1351 5431 1422 5485 30
1469 5430 1746 5500 Septemb.
1782 5444 1834 5489 et

231 5490 523 5557 Martyrol.
562 5493 723 5553 Rom.
747 5496 871 5550 licet
892 5490 1222 5554 Graccibum
1246 5501 1281 5554 4
1313 5499 1491 5555 Martii
1521 5490 1723 5557 colant.

311 5562 430 5643 t2?)
459 5567 563 5623 Au.
611 5565 716 5621 Ch.
759 5566 886 5643 475.
931 5569 1213 5643 _Aberrant
1259 5568 1459 5643 Menam
1493 5570 1831 5643 Graecorum,

234 5638 333 5713 qui
362 5649 488 5713 eum
535 5645 780 5713 statuunt
833 5638 1038 5713 vixisse
1095 5641 1148 5695 in
1193 5641 1462 5713 interiore
1519 5641 1832 5713 Thebaidos

231 5704 548 5780 solitudine,
579 5706 883 5780 imperante
919 5707 1279 5766 Constantino
1330 5711 1629 5780 Pogonato,
1662 5712 1827 5770 Hera-

229 5774 819 5852 clii‘nepotetduobqs
849 5779 1104 5847 posthaec
1141 5793 1381 5852 tempora
1405 5774 1639 5839 saeculis.

302 5845 424 5915 (28)
449 5846 553 5902 An.
579 5846 679 5906 Cb.
704 5848 829 5904 457.

2008 5432 2422 5508 (29)Aguptde
2470 5431 2663 5508 :Eluro
2717 5434 3111 5508 Evagriusilib.
3162 5452 3222 5500 tt,
3278 5451 3399 5508 cap.
3452 5439 3506 5507 8;

1934 5501 2254 5587 Theodorus
2275 5501 2468 5591 [ﬁctor
2492 5504 2595 5589 lib.
2632 5522 2673 5590 ι,
2723 5501 2962 5591 collect?
2989 5507 3275 5591 Liberatus
3382 5501 3512 5591 Bre-

1937 5575 2103 5636 riario
2139 5589 2257 5642 cap.
2294 5572 2457 5639 151et
2487 5576 2826 5645 potissimum
2869 5577 3060 5633 Clerns
3110 5579 3510 5635 Alexandrinus

1928 5654 1983 5719 et
2011 5639 2231 5716 Egypti
2254 5643 2492 5715 episcopi
2522 5648 2807 5705 orthodoxi
2841 5649 2893 5704 in
2925 5650 3149 5719 epistula
3176 5649 3244 5704 ad
3274 5650 3507 5706 Leonem

1930 5716 2355 5788 imperatorem,
2392 5733 2512 5788 qua:
2543 5728 2721 5774 exstat
2775 5721 2916 5774 inter
2960 5716 3220 5788 epistolas
3272 5720 3429 5776 datas
3478 5738 3508 5774 ιι

1928 5786 2290 5859 dit’grsis‘pro
2337 5786 2504 5844 Cone.
2537 5789 2967 5846 Chalcedonensi
3000 5786 3124 5858 ‘par.
3158 5790 3213 5853 '5,
3237 5792 3393 5859 epist.
3413 5790 3506 5844 22.

2007 5856 2118 5930 (50)
2153 5855 2209 5913 S.
2242 5858 2574 5929 Proterium,
2613 5861 2702 5931 qui
2745 5861 2942 5918 colitur
2964 5855 3033 5915 28
3075 5855 3378 5917 Februarii.
