3846 6470
359 312 472 377 675

1618 294 1900 357 MENSIS
1933 293 2401 355 JANUARIUS.

3530 286 3634 350 676

353 425 623 497 manus!)
672 424 728 478 in
761 422 876 494 ipsa
905 419 1076 476 divini
1109 415 1456 488 baptismatis
1485 413 1693 485 piscina
1721 410 1946 465 interfe-

2072 408 2173 477 φεῦ
2192 409 2410 478 ἀνόμων
2438 405 2638 477 χειρῶν
2661 403 2882 458 ἐκείνων
2917 403 3012 458 καὶ
3045 401 3322 472 ἀνοσίωνί)
3345 403 3408 472 τῇ
3434 401 3638 474 κολυμ-

353 521 544 583 eisset,
582 517 768 572 sedem
797 515 876 569 sic
923 522 1179 583 proterve
1231 525 1294 564 ac
1337 505 1687 578 impudenter
1720 503 1948 559 invadit.

355 611 543 680 Itaque
582 623 707 664 cum
742 608 796 661 in
830 605 1065 677 Egypto
1091 603 1275 658 omnia
1301 602 1460 672 plena
1493 609 1680 653 essent
1713 597 1869 652 turba
1897 603 1952 650 et

355 703 614 766 tumultu,
652 701 762 756 duo
804 699 1024 769 quidam
1057 696 1430 758 anachoretae,
1479 704 1712 762 quorum
1747 703 1948 742 nomen

355 795 652 867 Martyrius
692 802 747 848 et
786 792 932 848 Elias
964 791 1098 860 (5i),
1127 789 1215 842 ille
1255 786 1476 857 quidem
1516 783 1828 853 Cappadox,
1864 781 1954 836 hic

356 905 487 946 vero
515 888 710 954 Arabs,
739 884 976 958 proiecti
1009 899 1074 938 ex
1118 889 1303 937 monte
1346 877 1553 943 Nitriae,
1584 875 1648 930 ad
1695 888 1951 944 magnum

355 983 584 1038 veniunt
614 979 960 1052 Eutliymium
987 995 1001 1044 ;
1031 987 1086 1031 et
1106 973 1490 1044 unusquisque
1521 984 1711 1024 eorum
1741 968 1797 1022 in
1819 966 1953 1021 cella

358 1087 608 1148 separata
649 1076 793 1146 apud
842 1075 1020 1144 ipsum
1069 1072 1230 1142 longo
1264 1079 1508 1137 tempore
1543 1074 1672 1120 sunt
1699 1063 1896 1119 versati
1935 1081 1948 1117 :

356 1184 495 1240 quos
520 1177 576 1224 et
610 1170 692 1223 vir
727 1168 818 1221 hic
850 1166 1072 1219 divinus
1120 1162 1553 1232 amplectebatur
1595 1159 1712 1229 lege
1757 1157 1952 1211 amici-

358 1263 466 1326 tiae,
499 1271 556 1317 et
587 1259 806 1314 assidue
832 1257 898 1312 ad
927 1255 1256 1325 colloquium
1285 1253 1572 1315 invitabat,
1594 1250 1952 1318 similiterque

359 1355 429 1410 ad
458 1353 693 1409 Cutilam
757 1359 812 1406 et
857 1350 1052 1404 Ruban
1098 1363 1346 1402 secessus
1398 1347 1632 1414 indeque
1676 1359 1953 1414 regressus

361 1447 540 1502 socios
563 1445 832 1510 faciebat;
879 1458 1001 1496 cum
1046 1441 1267 1510 quibus,
1311 1453 1528 1508 unaque
1571 1437 1856 1493 Gerasimo
1897 1445 1953 1490 et

359 1536 481 1591 aliis
510 1534 771 1604 deinceps
809 1531 1180 1596 anaclioretis,
1218 1539 1420 1584 sancta:
1447 1530 1550 1583 illis
1571 1543 1778 1583 manus
1815 1542 1952 1582 una-

359 1643 576 1697 quaque
605 1627 884 1680 Dominica
908 1624 1202 1679 sumebant
1229 1622 1553 1677 intemerata
1592 1629 1646 1676 et
1671 1621 1952 1675 immorta-

360 1721 434 1776 lia
465 1718 670 1776 Christi
700 1725 1040 1773 sacramenta
1069 1715 1204 1788 (59.).

431 1982 594 2040 XCV.
661 1983 1002 2040 Prievidcbat
1067 1992 1249 2036 autem
1313 1996 1565 2053 magnus,
1638 1980 1951 2051 perspicaci

372 2093 622 2150 puroque
656 2076 857 2131 animae
887 2075 1068 2141 oculo,
1117 2092 1239 2145 qua:
1268 2085 1531 2129 eventura
1563 2085 1720 2128 erant
1749 2073 1948 2147 Marty-

367 2171 449 2224 rio
476 2179 530 2224 et
560 2170 710 2236 Elite,
734 2169 989 2238 quodque
1023 2169 1206 2223 sedem
1225 2167 1413 2222 Jacobi
1439 2169 1572 2239 (35),
1597 2169 1687 2238 qui
1714 2168 1766 2222 in
1786 2170 1954 2224 choro

365 2261 761 2332 discipulorum
837 2261 1054 2325 claruit,
1136 2259 1513 2329 unusquisque
1590 2276 1779 2314 eorum
1855 2276 1954 2316 suo

373 2363 620 2425 tempore
649 2365 793 2409 esset
827 2362 1173 2423 excepturus.
1217 2352 1347 2406 Post
1368 2352 1484 2406 haec
1508 2366 1638 2406 vero
1667 2352 1810 2407 Elias
1841 2354 1954 2421 (54)

366 2448 612 2518 quidem,
650 2448 703 2502 in
733 2445 954 2501 Jericho
995 2445 1352 2509 descendens,
1384 2445 1488 2499 sibi
1519 2457 1648 2502 ante
1677 2445 1953 2500 civitatem

371 2539 610 2596 aediﬁcat
647 2539 872 2602 cellam,
915 2554 1036 2609 qua:
1090 2538 1500 2594 accessionibus
1564 2539 1634 2595 ab
1681 2554 1748 2594 eo
1799 2539 1956 2596 factis

367 2631 627 2702 paulatim
678 2631 922 2696 dilatata,
958 2640 1319 2684 transmutata
1348 2631 1514 2686 estin
1551 2646 1618 2686 ea
1659 2648 1780 2702 qua:
1807 2648 1958 2688 nunc

366 2733 668 2778 cernuntur
719 2723 1067 2778 monasteria.
1103 2723 1394 2794 Martyrius
1425 2733 1608 2778 autem
1639 2727 1956 2794 speluncam

373 2815 665 2886 quamdam
690 2816 759 2870 ad
786 2814 1163 2882 Occidentem,
1221 2833 1342 2886 qua:
1404 2818 1716 2886 quindecim
1769 2819 1958 2874 stadiis

373 2907 540 2962 distat
569 2923 596 2961 a
623 2907 794 2974 laura,
820 2907 1146 2977 ingreditur,
1179 2922 1413 2977 cumque
1437 2909 1569 2963 satis
1605 2910 1873 2979 temporis
1903 2909 1955 2965 in

366 3014 429 3055 ea
456 2999 876 3069 permansisset,
901 3014 1158 3070 magnum
1188 3008 1244 3053 et
1290 2999 1503 3070 insigne
1536 3001 1581 3056 is
1603 3002 1712 3058 illic
1739 3019 1958 3074 quoque

368 3091 642 3148 construit
672 3094 1066 3146 monasterium
1091 3093 1222 3163 (55).

445 3183 632 3238 XCVI.
654 3184 915 3255 Sequenti
934 3194 1118 3239 autem
1134 3201 1280 3240 anno
1299 3185 1412 3256 (56)
1429 3185 1710 3242 Juvenalis
1733 3188 1953 3258 quidem

368 3281 687 3353 patriarclia‘
703 3291 900 3351 quarto
921 3291 974 3336 et
999 3282 1418 3352 quadragesimo
1436 3283 1572 3353 (57),
1596 3285 1734 3339 sacri
1758 3286 1961 3355 princi-

371 3384 532 3446 patus
586 3391 733 3430 anno
757 3390 822 3429 ex
871 3375 976 3429 hac
1022 3375 1130 3430 vita
1180 3376 1415 3431 excedit.
1465 3377 1784 3434 Anastasius
1832 3396 1964 3435 vero

371 3467 651 3522 communi
675 3467 920 3522 omnium
951 3466 1208 3540 suffragio
1236 3468 1302 3522 ad
1330 3468 1515 3523 sedem
1569 3469 1714 3524 illius
1746 3486 1965 3540 promo-

371 3543 571 3629 vetur;
631 3561 1090 3632 Anastasiusjlle,
1155 3563 1224 3617 de
1276 3577 1384 3632 quo
1467 3560 1739 3634 Eutbymii
1824 3579 1963 3634 prae-

1979 1764 2026 1822 B

2055 500 2235 572 6ήθρᾳ
2268 501 2362 554 τοῦ
2394 499 2541 553 θείου
2579 496 2955 570 βαπτίσματος
2987 495 3217 560 ἀνελὼν,
3257 494 3466 564 ἰταμῶς
3496 493 3638 548 οὕτω

2055 595 2149 646 καὶ
2196 592 2574 663 ἀναισχύντως
2624 589 2896 643 ἐπιϐαίνει
2963 588 3056 642 τοῦ
3115 587 3331 660 θρόνου.
3393 587 3636 658 Θορύδου

2053 686 2236 738 τοίνυν
2272 686 2382 738 τῶν
2441 686 2564 739 κατ’
2609 684 2888 753 Αἴγυπτον
2931 683 3192 737 ἀπάντων
3249 682 3342 734 καὶ
3394 682 3639 752 ταραχῆς

2055 778 2503 849 ὲμπλησθέντων,
2545 777 2640 831 δύο
2686 777 2834 840 τινὲς
2882 776 3240 846 ἀναχωρηταὶ
3298 774 3637 846 (Μαρτύριος

2055 872 2238 935 αὐτοῖς
2267 872 2439 939 ὄνομα
2491 871 2588 925 καὶ
2632 869 2844 933 Ἠλίας,
2877 871 2905 922 ό
2954 869 3054 939 μὲν
3090 868 3497 937 Καππαδόκης,
3528 869 3555 918 ὁ
3583 867 3640 919 δὲ

2060 963 2264 1034 Ἄραψ,
2326 961 2418 1016 τοῦ
2478 962 2579 1032 τῆς
2633 959 2862 1032 Νιτρίας
2901 959 3217 1027 ἀπάραντες
3268 957 3450 1028 ὅρους,
3490 958 3640 1030 παρά

2053 1053 2143 1106 τδν
2179 1056 2353 1124 μέγαν
2387 1050 2584 1124 ἦλθον
2612 1053 2708 1106 καὶ
2740 1049 2949 1105 τούτων
2983 1051 3218 1114 ἕκαστος
3269 1050 3327 1102 ἐν
3379 1051 3637 1113 ἰδιάζοντι

2054 1145 2273 1217 κελλίῳ,
2328 1147 2523 1216 συχνὸν
2580 1147 2710 1217 παρ’
2752 1144 2904 1215 αύτῷ
2953 1144 3238 1214 διέτριψαν
3281 1143 3504 1213 χρόνον·
3547 1143 3639 1207 οὓς

2055 1241 2147 1293 καὶ
2177 1239 2461 1309 ἠσπάζετο
2510 1239 2664 1309 νόμῳ
2694 1237 2877 1306 φιλίας
2907 1239 2934 1291 ό
2971 1236 3113 1300 θεῖος
3153 1228 3308 1300 οὗτος
3341 1235 3500 1307 ἀνὴρ,
3546 1237 3640 1290 καὶ

2057 1332 2300 1402 συνεχῶς
2355 1332 2436 1393 είς
2495 1330 2714 1400 ὁμιλίαν
2774 1328 3136 1398 προεκαλεῖτο
3155 1336 3206 1393 γ,
3241 1329 3470 1398 καὶτῆς
3502 1328 3640 1399 πρὸς

2052 1425 2146 1478 τὸν
2170 1423 2448 1478 Κουτιλᾶν
2471 1424 2568 1476 καὶ
2596 1423 2687 1475 τὸν
2730 1421 2963 1476 Ῥουὸᾶν
2990 1422 3394 1492 ἀναχωρήσεως
3443 1439 3639 1475 atomo-

2053 1515 2179 1578 νοὺς
2209 1515 2410 1583 ὁμοίως
2459 1514 2696 1565 ἐποιεῖτο
2727 1511 2824 1566 καὶ
2854 1512 2952 1582 τῆς
2980 1512 3236 1565 καθόδου·
3265 1507 3346 1576 οἷς
3378 1515 3471 1566 καὶ
3503 1514 3641 1582 μετά

2054 1607 2366 1678 Γερασίμου
2429 1607 2523 1659 καὶ
2575 1605 2685 1659 τῶν
2735 1604 2913 1658 ἄλλων
2982 1603 3111 1674 ἑξῆς
3166 1605 3538 1675 ἀναχωρητῶν
3584 1606 3641 1658 αἱ

2055 1702 2209 1771 ἅγιαι
2232 1705 2414 1774 χείρες
2459 1703 2687 1764 ἐκεῖναι,
2733 1699 2844 1752 τῶν
2879 1699 3294 1769 ἀχράντων.κα1.
3318 1699 3642 1754 ἀθανάτων⁸

2054 1795 2149 1849 τοῦ
2182 1793 2420 1866 Χριστοῦ
2464 1791 2783 1865 μυστηρίων
2830 1791 3069 1864 ἑκάστης
3110 1792 3397 1862 Κυριακῆς
3423 1792 3645 1845 ἐκοινώ-

2055 1906 2201 1946 νουν.

2129 1983 2247 2049 ιιεν.
2285 1979 2551 2053 Προεώρα
2593 1979 2698 2033 sse
2737 1978 2912 2050 μέγας
2933 1977 3012 2050 τῷ
3038 1977 3332 2050 διορατικῷ
3367 1980 3505 2033 καλεΙ
3544 1997 3646 2033 κα-

2057 2075 2210 2146 θαρῷ
2263 2074 2364 2143 τῆς
2417 2073 2599 2143 ψυχῆς
2655 2069 2941 2142 ὀφθαλμῷ,
2977 2072 3070 2125 καὶ
3117 2070 3152 2124 ἀ
3199 2071 3503 2141 Μαρτυρίῳ
3549 2073 3646 2126 καὶ

2069 2168 2227 2238 Ἠλίᾳ
2281 2165 2604 2236 συμϐαίνειν
2661 2163 2879 2235 ἔμελλε,
2933 2163 3027 2216 καὶ
3081 2163 3164 2216 ὅτι
3223 2163 3314 2216 τὸν
3381 2162 3644 2216 Ἰακώϐου

2057 2260 2271 2332 θρόνον,
2324 2257 2422 2311 τοῦ
2478 2257 2556 2326 τῷ
2589 2257 2738 2328 χορῷ
2770 2257 2880 2308 τῶν
2927 2255 3188 2326 μαθητῶν
3216 2255 3643 2326 διαλάμποντος,

2057 2353 2274 2422 καιροῖς
2335 2350 2488 2413 ἰδίοις
2543 2349 2726 2404 αὐτῶν
2757 2349 2990 2411 ἕκαστος
3029 2345 3354 2412 διαδέξεται.
3389 2347 3544 2401 Μετὰ
3587 2347 3648 2400 Et

2057 2445 2232 2498 ταῦτα
2255 2444 2284 2496 δ
2321 2443 2422 2512 μὲν
2465 2441 2652 2505 Ἠλίας
2675 2442 2767 2495 ἐπὶ
2796 2439 2896 2512 τὴν
2941 2438 3149 2511 Ἱεριχὼ
3185 2439 3486 2506 κατελθὼν,
3520 2440 3649 2493 κελ-

2058 2537 2173 2591 λίον
2209 2535 2390 2606 ἐαυτῷ
2425 2535 2534 2606 πρὸ
2564 2536 2665 2605 τῆς
2703 2533 2912 2597 πόλεως
2957 2534 3260 2603 οἰκοδομεῖ·
3290 2534 3319 2587 δ
3347 2535 3469 2595 ταῖς
3504 2533 3649 2587 κατά

2063 2629 2259 2700 μικρὸν
2291 2627 2632 2700 προσθήκαις
2652 2626 2744 2678 ὑπ’
2776 2625 2942 2680 αὑτοῦ
2977 2626 3298 2693 πλατυνθὲν,
3340 2629 3420 2688 είς
3453 2629 3522 2681 τά
3551 2626 3650 2681 νῦν

2068 2721 2327 2791 ὁρώμενα
2406 2719 2846 2791 μετεσκεύασται
2906 2721 3266 2790 μοναστήρια.
3324 2719 3648 2790 Μαρτύριος

2059 2814 2118 2868 δὲ
2154 2814 2420 2884 σπήλαιόν
2447 2831 2500 2868 τι
2534 2815 2671 2886 πρὸς
2705 2814 2806 2878 τὰς
2844 2814 2995 2884 ἡλίου
3035 2812 3238 2880 δύσεις,
3297 2812 3459 2866 πέντε
3507 2815 3649 2884 πρὸς

2059 2911 2172 2972 τοῖς
2200 2909 2334 2962 δέκα
2371 2908 2608 2972 σταδίοις
2639 2908 2844 2977 ἀπέχον
2878 2908 2978 2976 τῆς
3023 2906 3252 2977 λαύρας,
3311 2905 3648 2976 εἰσέρχεται,

2062 3003 2157 3055 καὶ
2187 3002 2378 3073 χρόνον
2412 3001 2596 3054 ίκανδν
2628 3002 2686 3054 ἐν
2716 3000 2866 3071 αύτῷ
2898 2999 3246 3071 περιμείνας,
3288 2999 3429 3068 μέγα
3458 3017 3508 3052 τι
3554 3001 3652 3053 καὶ

1987 3110 2030 3166 ο
2067 3093 2367 3164 περιφανὲς
2394 3095 2512 3147 ἐκεῖ
2543 3094 2639 3146 καὶ
2672 3087 2825 3156 οὗτος
2861 3093 3143 3163 συνίστησι
3185 3094 3573 3162 μοναστήριον.

2133 3189 2266 3257 ΗΕΓ.
2299 3189 2405 3241 Τοῦ
2440 3188 2496 3241 δὲ
2531 3189 2924 3257 ἐπιγενομένου
2953 3188 3126 3251 ἔτους,
3169 3185 3520 3250 ’1ου6ενάλιος
3551 3188 3656 3257 μέν

2068 3282 2096 3334 ὁ
2131 3281 2476 3352 πατριάρχης
2503 3281 2752 3352 τετάρτῳ
2783 3281 2874 3334 καὶ
2899 3278 3320 3350 τεσσαρακοστῷ
3349 3279 3449 3348 τῆς
3475 3281 3656 3350 ἀρχῆς

2069 3375 2306 3446 ἐνιαυτῷ
2362 3375 2624 3428 καταλύει
2670 3376 2762 3428 τὸν
2805 3375 2940 3446 βίον.
3009 3375 3358 3437 ’Δναστάσιος
3393 3373 3450 3426 δὲ
3483 3373 3656 3445 ψήφῳ

2065 3468 2160 3522 τοῦ
2193 3469 2378 3522 κοι.οὖ
2404 3468 2627 3532 παντὸς,
2659 3469 2739 3531 είς
2771 3469 2864 3520 τὸν
2894 3467 3107 3520 ἐκείνου
3131 3466 3320 3536 θρόνον
3351 3466 3656 3534 ἀνάγεται·

2082 3561 2437 3624 Ἀναστάσιος
2469 3550 2698 3624 ἐκεῖνος,
2736 3560 2823 3630 ἐφ’
2853 3560 2912 3612 ὂν
2943 3559 2998 3614 αἱ
3029 3560 3124 3613 τοῦ
3161 3559 3438 3630 Εύθυμίου
3484 3559 3660 3630 προρο

1690 3702 1923 3757 VARle
1975 3701 2156 3758 LECT
2165 3699 2385 3757 lONES.

442 3851 471 3890 Υ
508 3843 580 3898 al.
615 3842 1008 3913 προσεκαλεῖτο
1033 3849 1089 3896 et
1123 3840 1508 3911 παρεκαλεῖτο.
1593 3851 1614 3878 κ
1640 3843 1842 3897 absunt
1866 3843 1932 3899 ab
1955 3843 2027 3899 al.

2131 3852 2150 3873 ⁸
2175 3843 2378 3896 absunt
2403 3841 2472 3895 ab
2493 3843 2562 3895 al.

1583 3978 1775 4034 .IOAN.
1821 3979 2168 4035 BOLLANDI
2200 3977 2439 4036 NOTAE.
2517 3954 2529 3966 ’

447 4094 558 4164 (51)
594 4097 638 4148 Α
665 4091 721 4147 S.
761 4092 968 4164 Cyrillo
1005 4094 1184 4149 edocti
1230 4093 1468 4161 fuerunt,
1503 4105 1558 4150 et
1605 4097 1670 4150 de
1725 4095 1784 4151 S.
1837 4096 1950 4152 Elia

377 4163 516 4218 dixit
544 4163 842 4232 Anastasio
874 4164 1188 4232 imperatori
1228 4164 1284 4219 S.
1333 4166 1528 4220 Sabas.
1555 4167 1766 4220 Colitur
1810 4167 1956 4223 Elius

375 4232 564 4290 4111111
597 4231 878 4306 :Martyrji
928 4231 1121 4289 nomen
1173 4238 1402 4290 necdum
1458 4238 1510 4290 in
1566 4237 1742 4290 Fastis
1789 4241 1960 4294 sacris

377 4307 628 4372 legimus,
656 4303 791 4360 licet
813 4303 1042 4359 Sanctus
1081 4316 1135 4360 et
1171 4305 1366 4361 Beatus
1407 4309 1606 4376 passim
1636 4309 1956 4377 appellatur,

378 4377 558 4446 nisisi
593 4377 730 4430 forte
763 4377 808 4430 is
851 4389 954 4440 est,
1003 4378 1094 4446 qui
1147 4391 1268 4431 eum
1315 4377 1583 4432 liubenlio
1631 4393 1963 4434 memoratur

378 4446 446 4500 17
467 4445 591 4501 Jan.
624 4447 673 4500 in
698 4446 939 4502 Oriente.

448 4517 563 4587 (32)
596 4536 614 4568 ι
645 4519 703 4572 S.
733 4517 1053 4589 Euthymius
1085 4533 1179 4589 eos
1221 4517 1421 4571 divinis
1459 4519 1966 4586 impertiebatnrsa-

375 4590 669 4643 oramentis
689 4589 740 4642 in
759 4588 1052 4659 solitudine
1085 4588 1236 4642 Buba
1273 4591 1502 4659 singulis
1523 4589 1846 4655 Dominicis,
1870 4601 1962 4645 do-

377 4674 477 4713 nec
503 4661 739 4713 venisset
765 4661 879 4714 dies
901 4658 1227 4712 Palinurum.
1265 4677 1283 4709 1
1328 4658 1443 4713 Vita
1471 4659 1528 4713 S.
1557 4661 1817 4725 Qniriaci.

452 4729 580 4799 (55)
611 4731 668 4784 δ.
712 4728 994 4799 Jacobum_
1026 4730 1329 4797 apostolum
1387 4731 1679 4799 intelligit.
1732 4732 1960 4784 l'ratrem

382 4797 628 4921 Domuum
663 4801 894 4880 primum
933 4797 1452 4869 ‘Hierosolymorum
1509 4797 1844 4870 cpisc0pum,
1897 4806 1964 4856 de

382 4886 489 4921 auo
639 4885 730 4921 an.

423 4886 489 4922 llO
522 4885 544 4921 Ἰ
585 4885 730 4923 man.

382 4886 761 5010 qufsiflsiilui
792 4939 848 4992 S.
882 4938 1026 4994 Elias
1069 4941 1155 4995 hic
1188 4941 1487 4994 monachus
1515 4939 1694 4992 viuum
1737 4956 1840 4995 non
1878 4942 1960 4995 bi-

381 5010 480 5074 bit,
536 5013 606 5062 ita
635 5025 731 5062 nec
764 5011 1072 5078 patriarcha
1114 5012 1288 5065 factus
1321 5011 1558 5076 bibebat,
1589 5012 1682 5065 sed
1713 5011 1960 5067 eamdem

383 5081 616 5134 servavit
656 5083 917 5147 regulam.
955 5081 1229 5144 Moschus,
1258 5095 1375 5148 cap.
1408 5081 1496 5134 55.

453 5149 566 5219 (55)
611 5149 683 5202 De
716 5155 815 5202 huc
846 5156 1174 5204 monasterio
1200 5161 1393 5220 agetur
1425 5153 1564 5205 infra
1593 5169 1643 5206 ιι.
1676 5151 1800 5214 119,
1837 5151 1959 5218 ηδ,

383 5220 483 5275 151
537 5232 588 5274 et
616 5221 738 5275 158.
760 5220 888 5284 Ejus
920 5224 1120 5275 mentio
1149 5224 1206 5274 lit
1239 5238 1290 5275 in
1320 5225 1550 5278 concilio
1572 5226 1961 5278 Consmntinoo

383 5293 624 5362 politano
655 5294 756 5346 sub
799 5291 990 5362 Menna
1015 5308 1104 5362 an.
1137 5292 1238 5346 Ch.
1261 5293 1387 5346 556.

455 5362 571 5428 (56)
616 5364 774 5416 Anno
804 5361 1008 5416 LCOIIlS
1049 5361 1183 5430 lmp.
1215 5363 1273 5428 ‘2,
1305 5364 1510 5418 Christi
1537 5363 1664 5418 458.
1699 5363 1962 5419 Barontus

381 5434 588 5489 obitum
620 5432 787 5506 relert
826 5433 1111 5506 in_annuin
1155 5437 1545 5506 praecedentem
1578 5435 1704 5506 457,
1745 5446 1965 5506 propter

385 5505 497 5560 haec
521 5504 680 5558 verba
716 5502 849 5557 Vita:
883 5502 1038 5557 Saba:
1076 5519 1325 5557 excasw:
1362 5521 1380 5554 ι
1407 5504 1540 5559 Cum
1581 5505 1719 5560 Saba
1749 5502 1961 5560 11111111111

380 5578 558 5646 {etatis
597 5586 782 5646 ageret
813 5573 1083 5644 decimum
1119 5585 1392 5646 octavum,
1437 5593 1542 5644 quo
1576 5576 1880 5646 Mari-ianus
1909 5589 1964 5629 et

380 5642 654 5700 Juveiialis
682 5645 840 5700 ambo
876 5642 945 5716 pii
979 5655 1033 5716 et
1070 5644 1328 5713 religiosi,
1364 5642 1552 5716 illegib
1595 5649 1844 5715 imperio,
1871 5645 1963 5700 hic

380 5729 410 5769 a
445 5718 759 5786 pontiﬁcatu
785 5714 958 5770 morte
987 5714 1320 5786 desistunt,»
1345 5728 1450 5770 etc.
1477 5714 1682 5771 Verum
1710 5719 1858 5770 locus
1878 5719 1963 5770 ille

382 5784 459 5843 sic
475 5788 671 5860 legitur
692 5788 977 5858 inantiqua
1011 5784 1124 5841 Vita
1146 5802 1242 5856 per
1267 5785 1523 5856 Cyrillum
1555 5805 1567 5842 :
1595 5807 1611 5840 ι
1639 5788 1714 5842 Ευ
1742 5789 1794 5842 111
1825 5798 1960 5844 tem-

2063 4113 2194 4168 pore
2231 4096 2628 4172 regniapiceiu
2655 4095 2962 4172 Marcianus
2992 4095 3294 4172 obtuiebat,
3340 4095 3663 4172 Hierosoly-

2068 4165 2370 4238 inisantém
2388 4167 2662 4221 Juvenalis
2683 4167 3024 4236 prasiilebat.
3047 4186 3064 4218 1
3089 4165 3661 4238 (Ζοιιίίιιιιιιιιινρὺὶιῖιε

2070 4241 2128 4294 S.
2160 4237 2437 4292 Juvenalis
2484 4239 2622 4291 ratio
2663 4252 2730 4307 εκ
2772 4238 3118 4307 successione
3155 4237 3465 4304 Anastasii,
3497 4243 3661 4307 cuius

2071 4326 2248 4364 annus
2282 4319 2506 4362 octavus
2541 4325 2664 4362 cum
2709 4305 2908 4360 Leonis
2964 4306 3094 4375 imp.
3149 4323 3290 4361 nono
3325 4305 3604 4365 concurrit
3638 4331 3656 4375 ;

2071 4390 2125 4434 et
2156 4395 2296 4432 anno
2322 4377 2436 4452 ejus
2471 4377 2696 4452 ismobit
2739 4379 2797 4432 ὃ.
2837 4376 3182 4448 Euthymius.
3226 4377 3352 4433 Vide
3389 4379 3662 4452 Prolego-

2073 4465 2225 4502 mena
2260 4467 2312 4503 ιι.
2353 4450 2416 4503 12
2449 4459 2503 4501 et
2540 4449 2622 4504 15.

2146 4519 2256 4589 (57)
2296 4520 2469 4572 Locus
2502 4519 2589 4589 hic
2633 4517 2841 4572 mendis
2882 4528 3055 4574 scatet
3102 4536 3117 4572 :
3157 4533 3222 4572 ex
3261 4517 3482 4589 Herveti
3533 4537 3661 4577 ver-

2072 4587 2247 4651 sione,
2279 4591 2347 4643 14
2379 4605 2519 4641 anno
2552 4587 2964 4645 Patriarcliatus
2992 4589 3241 4643 moritur.
3283 4588 3480 4644 Verum
3505 4609 3658 4647 anno

2071 4662 2170 4715 Cll.
2198 4661 2295 4713 451
2356 4658 2602 4714 interfuit
2653 4663 2858 4727 synodo
2894 4661 3200 4728 Ephesium.
3242 4661 3351 4715 MS.
3399 4661 3657 4716 Graecum

2074 4744 2341 4804 nostrum:
2384 4729 2736 4804 Ἰουὸενάλιος
2763 4729 2909 4804 μὲνδ
2939 4731 3282 4800 πατριάρχης
3299 4731 3377 4800 τῷ
3404 4736 3660 4804 τετάρτῳ

2073 4803 2165 4854 καὶ
2196 4800 2617 4871 τεσσαρακοστῷ
2646 4801 2744 4867 τῆς
2770 4803 2944 4870 ἀρχῆς
2985 4803 3216 4871 ἐνιαυτῷ
3262 4802 3521 4856 καταλύει
3541 4800 3661 4857 ’τὸν

2078 4872 2215 4944 βίον.
2259 4869 2534 4944 Iuvenalis
2571 4871 2781 4944 quidem
2838 4869 3143 4940 patriarcha
3187 4869 3383 4942 quarto
3411 4883 3460 4926 et
3515 4891 3660 4944 qua-

2072 4942 2368 5012 dragesimo
2394 4941 2790 5010 patriai-citatus
2824 4959 2964 4996 anno
2999 4959 3061 4996 ex
3092 4941 3213 4996 hac,
3243 4955 3352 4997 vita
3405 4941 3657 5003 discedit.

2075 5015 2179 5081 Sed
2207 5014 2285 5068 sic
2305 5023 2577 5081 oporteret
2602 5023 2974 5066 consecratum
3002 5029 3244 5068 asserere
3277 5032 3368 5069 an.
3396 5014 3495 5068 Cli.
3521 5017 3657 5072 415.

2078 5080 2272 5135 Verum
2306 5080 2371 5135 eo
2397 5097 2539 5135 anno
2567 5081 2803 5136 Joannes
2827 5086 3116 5152 episcopus
3151 5101 3332 5138 mense
3366 5083 3661 5142 Decembri

2075 5154 2327 5227 reliquias
2355 5153 2413 5206 S.
2443 5155 2703 5227 Stephani
2735 5156 3030 5227 transtulit,
3069 5157 3153 5227 cui
3185 5157 3448 5227 successit
3478 5155 3661 5227 Pray-

2073 5225 2181 5296 lius
2219 5228 2496 5296 ιΙιιρρεδυι*Δ
2519 5222 2576 5276 S.
2615 5223 2912 5296 .luvenalis.
2961 5226 3014 5296 ln
3052 5225 3323 5280 Chronico
3357 5222 3658 5296 Nicepliori

2073 5295 2422 5361 assignantur
2468 5293 2702 5362 Praytio,
2753 5309 2912 5360 quem
2957 5295 3238 5348 Paulinum
3286 5293 3658 5361 vocatfanni

2071 5366 2161 5428 ‘20,
2189 5364 2436 5418 Juvenali
2469 5364 2556 5428 58,
2589 5370 2679 5415 sed
2714 5367 2763 5416 in
2796 5379 3020 5434 utroque
3052 5368 3303 5420 mendum
3340 5377 3441 5420 est.
3468 5367 3663 5433 Quare

2072 5438 2358 5504 opinamur
2422 5435 2703 5501 legendum
2766 5435 2845 5503 τῷ
2893 5436 3137 5508 τετάρτῳ
3197 5439 3287 5508 καὶ
3318 5440 3658 5508 τριακοστῷ,

2074 5516 2271 5579 quarto
2309 5514 2363 5558 et
2402 5513 2701 5579 tricesimo,
2740 5522 2802 5558 ex
2845 5522 2954 5575 quo
2990 5507 3201 5561 facilius
3230 5506 3494 5563 llervetus
3523 5506 3664 5579 legit

2072 5578 2317 5650 τετάρτῳ
2359 5575 2452 5627 καὶ
2491 5575 2724 5644 δεκάτῳ,
2769 5579 2906 5630 alius
2955 5593 3203 5650 τετάρτῳ
3235 5579 3327 5630 καὶ
3380 5575 3663 5650 τεσσαρᾶ-

2074 5647 2273 5714 κοστῷ,
2327 5649 2570 5712 adempte
2633 5660 2917 5714 episcopus
2966 5648 3153 5702 luisset
3218 5650 3498 5703 ordinatus
3556 5647 3662 5707 an.

2071 5715 2172 5770 Cb.
2203 5717 2342 5788 121,
2367 5729 2459 5788 aut
2485 5719 2754 5788 sequenti.
2783 5718 2944 5770 lt‘avet
2976 5720 3102 5770 huic
3132 5719 3458 5788 conjectura:
3493 5719 3667 5778 Nice-

2075 5788 2279 5857 pliorus
2308 5787 2562 5843 Callistus
2591 5785 2686 5840 lib.
2719 5803 2830 5855 xiv,
2873 5804 2991 5860 cap.
3030 5789 3119 5842 50.
