3846 6514
266 344 378 410 617

1541 345 1719 407 VlTA
1761 345 1823 405 S.
1867 343 2273 407 EUTHYMII.

3428 343 3539 406 678

261 462 473 531 ῥήσεις,
508 456 594 527 ἐφ’
624 457 682 510 δν
712 458 768 512 αῑ
803 457 1125 531 φιλαλήθεις
1173 459 1522 529 ἐπαγγελίαι.
1551 451 1654 510 Ὧν
1695 451 1853 518 οὗτος

1965 456 2246 525 dictiones,
2289 460 2356 514 de
2410 473 2519 529 quo
2552 471 2697 513 verte
2743 457 3155 528 promissiones.
3205 454 3444 521 Quarum
3497 456 3545 509 is

256 551 463 615 εὐθέως
495 552 894 622 ἀναμνψθεῖς,
918 551 1103 606 Φεῖδον
1127 552 1219 606 τὸν
1248 556 1329 613 εἰς
1356 553 1454 624 τὴν
1498 551 1710 624 λαύραν
1753 549 1852 601 σὺν

257 643 408 714 αὑτῷ
446 643 891 713 παραγεγονότα,
939 648 1035 698 καὶ
1074 646 1181 698 τῶν
1220 647 1580 718 προρρήσεων
1624 643 1853 698 ἐκείνων

258 735 591 796 ἀκούσαντα,
617 733 868 788 διάκονον
899 736 1222 803 χειροτονεῖ,
1254 737 1348 788 καὶ
1378 736 1514 806 πρὸς
1550 736 1641 788 τὸν
1671 734 1852 804 μέγαν

258 823 415 891 αὖθις
463 826 603 897 μετά
652 824 748 880 τοῦ
785 825 1234 896 σταυροςρύλακος
1262 827 1623 880 ἀποστέλλει·
1656 827 1756 898 τήν
1789 842 1848 878 τε

258 917 360 988 τῆς
393 916 733 987 προφητείας
767 915 990 987 μηνύων
1019 915 1264 983 ἔκϐασιν,
1299 919 1394 971 καὶ
1422 918 1588 982 άξ;ὦν
1624 920 1851 987 ἐπιτραν

261 1007 503 1078 πῆναίιοί
526 1006 623 1078 τὴν
643 1006 780 1077 πρὸς
804 1008 966 1061 αὐτὸν
993 1008 1242 1063 κάθοδον.
1287 1009 1343 1063 '0
1365 1010 1421 1062 δὲ
1438 1011 1641 1075 ταύτας
1670 1011 1854 1065 δίδωσι

259 1102 360 1164 τὰς
381 1097 901 1170 ἀποκρίσειςοἝμοὶ
923 1099 992 1154 δι’
1017 1101 1315 1171 ἐπιθυμίας
1334 1103 1482 1156 ἐστὶν
1505 1104 1592 1156 ἀεὶ
1606 1102 1701 1175 τὴν
1721 1103 1857 1174 ὑμε-

259 1192 431 1263 τέραν
465 1191 598 1263 ὁρᾷν
626 1191 965 1259 τελειότητα,
985 1192 1082 1245 καὶ
1113 1193 1336 1264 κέρδους
1366 1193 1541 1258 οὕτως
1559 1195 1855 1248 ἀπολαύειν

263 1280 665 1352 πνευματικοῦ.
683 1281 845 1335 Ἀλλὰ
867 1284 928 1335 τὸ
949 1282 1051 1351 μὲν
1073 1284 1171 1354 τῆς
1191 1286 1466 1359 προτέρας
1489 1288 1517 1341 ὑ
1526 1287 1641 1357 μῶν
1667 1290 1855 1359 ὲπιδη-

267 1377 422 1447 μίας,
450 1374 623 1437 ἄλλως
654 1370 883 1445 ﬁngite
904 1374 1106 1438 παντὸς
1124 1375 1283 1446 ὄχλου
1304 1379 1398 1431 καὶ
1426 1380 1607 1447 πάσης
1639 1381 1857 1450 ἀπραγ-

267 1467 529 1540 μοσύνης.
552 1466 666 1519 Νῦν
682 1466 814 1520 δὲτὸ
833 1468 929 1538 τῆς
948 1470 1123 1539 ἀρχῆς
1140 1471 1389 1540 μέγεθος,
1403 1473 1595 1547 ἑτέραν
1613 1474 1741 1543 ὑμῖν
1759 1475 1856 1528 σὺν

264 1561 389 1631 Θεῷ
418 1559 609 1612 δίδωσι
641 1557 794 1623 τάξιν
816 1574 831 1590 ⁸
860 1557 1000 1611 ὥστε
1024 1559 1344 1631 ὑπερϐαίνει
1388 1563 1540 1633 παρὰ
1571 1563 1708 1618 πολὺ
1756 1564 1856 1635 τὴν

265 1650 408 1724 ἐμὴν
437 1651 718 1705 ἀσθένειαν
742 1652 774 1721 ἡ
803 1651 1045 1723 ὑμετέρα
1066 1651 1267 1724 δηλαδὴ
1297 1656 1587 1725 παρουσία.
1610 1655 1857 1710 Δυσωπῶ

264 1744 399 1813 γοῦν
425 1743 623 1814 μηκέτι
658 1759 718 1795 σε
749 1742 1014 1814 σκυλῆναι
1037 1745 1174 1814 πρὸς
1195 1744 1264 1797 τά
1285 1745 1539 1802 ἐνταῦθα.
1568 1748 1631 1801 Εἰ
1682 1748 1726 1801 δ’
1740 1744 1855 1812 οὖν,

265 1811 386 1883 ἀλλ’
417 1811 527 1898 ἐγὼ
579 1830 680 1899 μὲν
723 1811 955 1901 δέχομαι
995 1811 1297 1903 προθύμως
1349 1836 1681 1907 ἐρχόμενονο
1736 1811 1855 1892 εἶτα
1894 1811 1933 1864 Β

267 1923 364 1976 καὶ
393 1923 520 1985 τοὺς
540 1920 736 1986 ἄλλους
765 1924 977 1986 πάντας
1009 1925 1307 1993 ἀναγκαῖον
1337 1928 1555 1993 πάντως
1593 1930 1696 1982 οὐκ
1744 1932 1852 1983 ἀπ-

264 2014 536 2070 ωθεῖσθαι
562 2030 577 2044 ’
614 2015 709 2067 καὶ
744 2014 807 2069 τὸ
836 2014 1042 2083 λοιπὸν,
1066 2018 1250 2072 οὐκέτι
1284 2018 1581 2092 διατρίϐειν
1616 2023 1848 2078 ἐνταῦθα

264 2105 495 2169 δυνατὸς
525 2105 742 2176 ἔσομαι,
765 2105 843 2178 τῷ
869 2106 979 2160 τῶν
1014 2109 1475 2178 παραδαλλὸντων
1509 2113 1705 2183 πλήθει
1734 2132 1856 2167 στε-

266 2189 703 2270 νοχωρούμενος.
747 2199 912 2254 Ἀλλά
946 2200 1015 2255 τά
1073 2202 1172 2272 μὲν
1205 2203 1296 2256 τοῦ
1326 2206 1566 2275 μεγάλου
1600 2207 1735 2278 πρὸς
1766 2208 1857 2262 τὸν

264 2288 652 2361 πατριάρχην,
700 2290 927 2345 τοιαῦτα
990 2294 1085 2345 καὶ⁵
1143 2292 1315 2357 οὕτως
1350 2296 1563 2365 ἔχοντα.
1600 2297 1857 2352 Βούλεται

262 2380 323 2433 δὲ
360 2382 458 2435 νῦν
486 2385 515 2435 ὁ
552 2384 730 2452 λόγος,
767 2385 860 2437 ἐπὶ
898 2384 992 2438 τὸν
1046 2386 1336 2457 Τερέϐωνα
1400 2390 1495 2443 καὶ
1549 2386 1707 2455 αὖθις
1756 2395 1856 2444 ἐπ-

266 2473 541 2529 ανελθεῖν.

345 2568 456 2633 ιιιΖἏ
495 2567 748 2638 Ἰἐρέσων
780 2569 962 2623 τοίνυν
990 2565 1145 2635 οὗτος
1168 2574 1195 2626 ὁ
1219 2571 1329 2625 τῶν
1357 2573 1694 2645 Σαρακηνῶν
1719 2576 1857 2645 φύλ-

266 2676 478 2730 αρχος,
528 2663 609 2725 εἰς
648 2662 893 2735 Βόστρας
948 2665 1093 2719 κατά
1128 2684 1251 2720 τινα
1307 2668 1497 2740 χρείαν
1549 2669 1742 2737 ἐλθὼν,
1770 2673 1861 2725 καὶ

266 2751 427 2820 παρά
453 2769 599 2817 τινος
627 2756 1024 2828 συμφυλάρχου
1057 2756 1149 2811 τοῦ
1166 2758 1194 2798 δ
1221 2759 1319 2831 τὴν
1349 2760 1523 2831 ἀρχὴν
1550 2763 1647 2831 τῆς
1674 2763 1861 2835 χώρας

268 2845 754 2915 ἐπιτετραμμένου
775 2856 799 2885 ο
834 2847 1172 2919 διαϐληθεὶς,
1220 2852 1528 2924 κατεσχέθη
1578 2871 1638 2907 τε
1669 2855 1766 2908 καὶ
1798 2856 1862 2909 τὸ

269 2936 659 3007 δεσμωτήριον
690 2939 861 2992 οἰκεῖν
898 2941 1200 3012 κατεκρίθη
1236 2943 1405 2998 πολὺν
1436 2944 1495 2997 ἐν
1542 2944 1622 3016 τῷ
1658 2946 1860 3015 μεταξὺ

267 3030 488 3099 χρόνον.
523 3027 687 3093 Γνοὺς
716 3026 811 3084 οὖν
859 3031 920 3085 τὸ
964 3031 1146 3103 δρᾶμα
1178 3033 1273 3105 τῆς
1309 3036 1675 3105 συκοφαντίας
1701 3039 1731 3091 ὁ
1759 3041 1858 3110 με·

266 3136 380 3213 γας
409 3117 699 3191 Εὐθύμσος,
723 3124 922 3193 γράφει
967 3123 1307 3197 Ἀντιπάτρῳ
1333 3127 1409 3197 τῷ
1435 3128 1736 3198 τηνικαῦτα
1764 3130 1862 3202 τὴν
1886 3151 1930 3213 C

281 3212 617 3282 Ἐκκλησίαν
648 3214 904 3289 Βόστρων
961 3216 1233 3285 ίθύνοντι,
1272 3221 1703 3287 συναποστείλας
1745 3225 1857 3287 τοῖς

268 3305 569 3377 γράμμασι
614 3311 710 3362 καὶ
751 3309 979 3364 Γαῖανὸν
1031 3313 1123 3364 τὶν
1182 3312 1410 3383 ἀδελφὸν
1455 3315 1730 3385 Στεφάνου
1762 3317 1857 3369 τοῦ

283 3401 600 3471 Ἰαμνείας,
657 3402 799 3457 ὥστε
855 3406 1095 3477 σπουδὴν
1174 3408 1596 3479 εἰσενέγκασθαι
1655 3412 1856 3478 πᾶσαν,

268 3494 537 3565 ἀνεθῆναι
561 3496 668 3549 τῶν
691 3496 907 3567 δεσμῶν
944 3498 1036 3552 τὸν
1065 3498 1379 3570 Τερέὄωνα.
1418 3501 1477 3555 '0
1505 3501 1561 3555 δὲ
1584 3503 1653 3555 τὰ
1681 3503 1860 3573 γράμο

265 3577 431 3658 ’ματα
485 3589 746 3661 εἰληφὼς,
778 3590 1073 3661 δεξάμενός
1105 3609 1162 3645 τε
1194 3593 1289 3647 καὶ
1329 3594 1581 3659 Γαῖανὶν,
1628 3595 1722 3648 τὸν
1760 3594 1860 3665 μὲν

270 3681 573 3753 Τερέσωνα
603 3684 783 3754 πάσης
822 3688 1157 3755 κατηγορίας
1192 3686 1588 3757 ἐλευθερώσας,
1614 3687 1708 3740 καὶ
1731 3687 1861 3757 ὅσης

271 3774 433 3845 αὐτῴ
465 3774 570 3830 ἔδει
603 3776 852 3848 δαπάνης
885 3776 1023 3845 πρὸς
1075 3776 1174 3849 τὴν
1224 3779 1344 3831 ὁδὸν
1384 3780 1741 3849 κοινωνήσας,
1770 3782 1862 3832 ἐπὶ

271 3866 375 3918 τὸν
410 3865 585 3936 μέγαν
641 3866 1047 3933 ἐξαποστέλλει.
1087 3867 1319 3922 Γαῖανὸν
1357 3869 1413 3923 δὲ
1452 3867 1641 3941 ὥσπερ
1668 3888 1720 3922 τι
1755 3869 1862 3935 ζώ-

272 3973 456 4027 πυρον
502 3958 601 4026 τῆς
654 3957 932 4028 Εὑθυμίου
975 3958 1328 4022 διδασκαλίας
1382 3958 1525 4027 ἔγνω
1575 3978 1860 4032 παρακατ-

267 4048 447 4117 έχειν,
483 4048 574 4100 καὶ
602 4049 701 4120 τῆς
732 4049 1005 4121 Μηδάϐων
1054 4050 1260 4114 πόλεως
1287 4050 1585 4105 ἐπίσκοπον
1624 4069 1859 4124 χειροτο-

273 4143 386 4196 νεῖ.

356 4233 479 4301 ιιιίν.
513 4233 587 4287 Ἥ
617 4250 681 4302 γε
720 4234 827 4305 μὴν
881 4236 1184 4305 μακαρῖτις
1239 4233 1494 4299 Εὑδοκία,
1556 4236 1718 4299 ναοὺς
1777 4236 1861 4289 ὅτι

271 4324 570 4390 ¹πλείστους
611 4326 690 4397 τῷ
728 4324 848 4397 Θεῷ
905 4326 1243 4396 δειμαμένη,
1286 4329 1630 4396 γηροκομεῖά
1677 4345 1735 4380 τε
1770 4331 1863 4380 καὶ

270 4413 572 4487 πτωχεῖαά
609 4418 702 4470 καὶ
733 4419 1075 4489 μοναστήρια
1128 4417 1249 4487 μηδ’
1284 4418 1504 4488 ἀριθμῴ
1554 4419 1861 4488 ὑποϐληθῆο

1957 552 2141 605 statim
2176 552 2516 615 recordatus,
2545 551 2765 613 Fidum,
2788 549 2881 620 qui
2906 550 2973 604 ad
3003 550 3214 606 lauram
3256 563 3381 604 eum
3424 547 3543 617 ipso

1958 654 2284 710 accesserat,
2316 645 2673 715 audieratque
2698 643 3085 714 praedictiones
3116 641 3255 706 illas,
3319 642 3544 696 ordinat

1958 736 2272 801 d'aconum,
2307 745 2361 792 et
2414 753 2604 792 rursus
2637 737 2703 793 ad
2737 752 2995 808 magnum
3051 735 3220 790 mittit
3268 749 3372 788 una
3416 747 3542 789 cum

1959 830 2185 885 custode
2207 831 2424 895 crucis;
2456 840 2568 885 tum
2602 831 2910 901 proi‘hetia:
2933 827 3247 901 signiﬁcans
3263 836 3542 888 eventum,

1931 949 1936 954 -
1961 930 2074 976 tum
2102 936 2300 993 rogans
2321 923 2425 976 sibi
2455 922 2696 992 permitti
2731 922 2798 977 ad
2843 936 2969 976 eum
3000 935 3246 992 pergere.
3279 918 3331 973 Is
3356 930 3542 973 autent

1958 1015 2054 1069 dat
2082 1014 2199 1069 haec
2223 1029 2483 1083 responsa
2512 1031 2525 1067 :
2562 1013 2692 1068 Mihi
2721 1028 2857 1068 sane
2883 1021 3195 1082 exeptatum
3219 1026 3435 1083 semper
3460 1020 3545 1066 est

1958 1116 2195 1162 vestram
2228 1106 2414 1161 videre
2455 1105 2876 1176 perfectionem,
2931 1106 3119 1175 sicque
3164 1106 3380 1159 lucrum
3430 1103 3542 1173 spi-

1959 1199 2118 1254 ritale
2157 1198 2441 1267 consequi.
2478 1196 2682 1252 Verum
2736 1196 2881 1266 prior
2932 1197 3155 1267 quidem
3210 1208 3391 1251 vester
3443 1195 3544 1252 ad-

1960 1303 2180 1357 ventus,
2232 1291 2391 1346 aliter
2446 1300 2588 1354 erat,
2653 1290 2792 1344 citra
2856 1304 3077 1344 omnem
3120 1289 3357 1353 turbam,
3418 1303 3544 1344 cum

1958 1386 2109 1439 omni
2148 1385 2557 1453 tranquillitate.
2580 1382 2735 1437 Nunc
2764 1398 2893 1436 vero
2918 1381 3203 1453 dignitatis
3225 1380 3545 1449 magnitudo

1963 1476 2057 1531 dat
2082 1476 2237 1531 vobis
2272 1477 2440 1531 alium
2470 1477 2663 1547 agendi
2696 1475 2964 1538 ordinem,
3018 1473 3130 1529 Deo
3175 1474 3246 1528 ita
3281 1472 3496 1527 volente
3527 1490 3542 1527 :

1966 1567 2222 1637 quocirca
2312 1567 2472 1639 longe
2531 1582 2710 1622 meam
2785 1576 3013 1637 superat
3086 1565 3541 1630 imbecillitatem,

1962 1668 2146 1715 vestra
2196 1659 2411 1715 scilicet
2438 1659 2748 1730 praesentia.
2776 1658 2928 1731 Rogo
2952 1659 3136 1730 igitur,
3187 1674 3258 1713 ne
3310 1658 3547 1729 amplius

1961 1753 2205 1809 laborem
2229 1754 2337 1809 huc
2356 1754 2608 1808 veniendi
2640 1752 2924 1823 suscipias.
2948 1752 3043 1807 Sin
3070 1753 3279 1815 minus,
3301 1761 3545 1808 attamen

1963 1859 2064 1915 ego
2142 1844 2457 1899 venientem
2520 1841 2785 1910 accipiam
2842 1840 3006 1897 alacri
3061 1840 3281 1906 animo;
3349 1838 3547 1894 deinde

1958 1949 2190 1990 necesse
2233 1934 2339 1989 erit
2389 1933 2618 1989 omnino
2659 1940 2716 1987 ut
2760 1932 2853 1986 alii
2892 1932 3077 2005 cuncti
3117 1945 3227 1986 non
3271 1930 3545 2000 repellan-

1961 2038 2083 2096 tur;
2126 2029 2455 2100 tandemque
2494 2043 2604 2083 non
2644 2035 2834 2098 potero
2890 2026 3124 2096 amplius
3174 2024 3266 2081 hic
3313 2023 3544 2091 versari,

1960 2136 1987 2174 a
2051 2121 2399 2176 multitudine
2447 2118 2827 2175 accedentium
2876 2126 3206 2172 coarctatus.
3260 2115 3369 2172 Sed
3421 2130 3548 2186 qua

1960 2223 2188 2279 magnus
2248 2208 2316 2263 ad
2359 2207 2750 2278 patriarcham,
2804 2204 2894 2259 tali
2948 2204 3184 2275 quodam
3237 2205 3398 2259 modo
3444 2203 3547 2259 ha-

1961 2299 2110 2353 bent.
2142 2297 2258 2353 Jam
2292 2298 2459 2374 exigit
2499 2296 2697 2362 oratio,
2743 2295 2822 2350 uti
2876 2302 3219 2350 revertamur
3255 2293 3434 2350 adhuc
3477 2293 3547 2350 ad

1961 2387 2324 2443 Tercbonem.

2032 2567 2244 2623 XCVII.
2268 2566 2368 2622 llic
2386 2581 2515 2638 ergo
2533 2564 2782 2620 Terebon
2804 2562 3203 2619 Saracenorum
3219 2562 3393 2617 tribus
3408 2576 3550 2634 praf-

1962 2660 2161 2728 fectus,
2202 2676 2325 2716 cum
2362 2659 2541 2729 aliqua
2570 2658 2638 2713 de
2670 2672 2836 2712 causa
2887 2656 3129 2711 venisset
3158 2655 3381 2711 Bostras
3409 2654 3545 2727 (58),

1961 2754 2341 2823 etaquodam
2369 2752 2756 2823 compraafecto
2804 2751 3022 2806 delatus
3086 2758 3235 2806 esset
3290 2750 3360 2806 ad
3418 2766 3546 2807 eum

1962 2846 2050 2902 cui
2098 2845 2384 2901 commissa
2415 2844 2592 2899 fuerat
2615 2844 2854 2915 regionis
2904 2841 3328 2909 administratio,
3391 2856 3545 2898 com-

1963 2938 2267 3007 prehensus
2320 2938 2419 2992 luit
2454 2945 2508 2993 et
2534 2952 2811 2993 carcerem
2847 2937 3095 2993 habitare
3123 2936 3544 3000 condemnatus.

1964 3031 2298 3103 perlongum
2340 3031 2483 3102 quod
2512 3030 2823 3085 intercessit
2861 3040 3096 3100 tempus.
3124 3028 3353 3097 Cognito
3384 3028 3548 3100 igitur

1967 3124 2253 3179 calumnia:
2296 3131 2419 3179 actu
2454 3138 2682 3194 magnus
2724 3121 3073 3193 Euthymius,
3107 3120 3296 3176 scribit
3328 3119 3396 3175 ad
3428 3120 3546 3174 An-

1966 3216 2226 3286 tipatrum
2255 3216 2392 3286 (39).
2432 3214 2522 3286 qui
2552 3223 2682 3270 tunc
2715 3214 3064 3269 Bostrensem
3096 3212 3318 3283 regebat
3359 3210 3548 3268 Eccle-

1963 3311 2138 3374 siam;
2170 3322 2279 3362 una
2313 3322 2437 3361 cum
2491 3306 2689 3362 litteris
2737 3306 2963 3359 mittens
3006 3303 3274 3359 Gaianum
3323 3302 3546 3358 fratrem

1963 3399 2226 3471 Stephani
2260 3397 2490 3454 Jamnite
2541 3396 2825 3467 episcopi;
2869 3403 2930 3449 ut
2986 3410 3207 3450 omnem
3259 3394 3547 3449 adhiberet

1962 3494 2298 3565 diligentiam
2357 3506 2469 3561 quo
2516 3506 2546 3544 a
2610 3489 2848 3545 vinculis
2902 3487 3157 3542 Terebon
3219 3488 3546 3557 eriperetur.

1967 3587 2057 3639 Ille
2088 3600 2240 3649 vero,
2280 3583 2521 3655 acceptis
2550 3582 2765 3646 litteris,
2785 3589 3148 3651 susceptoque
3169 3578 3395 3641 Gaiano;
3422 3594 3548 3634 cum

1966 3674 2308 3730 Terebouem
2339 3674 2408 3728 ab
2440 3671 2594 3727 omni
2626 3672 2913 3726 liberasset
2956 3671 3326 3735 accusatione,
3390 3667 3550 3738 eique

1964 3776 2241 3835 sumptum
2292 3766 2358 3819 ad
2422 3763 2816 3835 profectionem
2899 3762 3274 3817 necessarium
3349 3776 3551 3831 suppe-

1966 3861 2217 3920 ditasset,
2278 3873 2401 3912 eum
2462 3856 2630 3911 mittit
2672 3856 2738 3911 ad
2798 3869 3075 3926 magnum.
3158 3854 3230 3908 At
3284 3852 3549 3909 Gaianum

1965 3952 2132 4006 veluti
2183 3950 2450 4005 scintillas
2494 3949 2759 4018 quasdam
2812 3946 3076 4002 doctrinae
3114 3946 3388 4017 Euthymii
3439 3956 3551 4002 sla-

1966 4046 2071 4100 tuit
2094 4045 2354 4109 retinere,
2402 4051 2459 4097 et
2507 4042 2821 4113 episcopum
2847 4039 3211 4113 .Medaborum
3237 4040 3347 4112 (40)
3366 4040 3551 4095 civita-

1971 4140 2041 4195 tis
2077 4139 2319 4193 ordinat.

2039 4232 2268 4287 XCVlll.
2311 4230 2476 4285 Beata
2515 4243 2677 4299 porro
2711 4227 2973 4291 Eudocia,
3007 4234 3299 4298 postquam
3350 4225 3551 4295 templa

1965 4324 2363 4396 quamplurima
2411 4323 2522 4377 Deo
2573 4320 2882 4388 aedificavit,
2953 4321 3154 4391 pieque
3239 4319 3551 4373 construxit

1968 4412 2295 4491 gerocomia,
2353 4416 2611 4487 ptochia,
2665 4415 3016 4481 monasteria,
3059 4428 3205 4482 .qua:
3267 4426 3338 4465 ne
3395 4410 3553 4466 facile

272 4527 373 4563 ναι
430 4509 590 4581 ῥᾴδια
628 4508 895 4578 φιλοθέως
948 4508 1366 4579 ’συστησαμένη,
1419 4508 1758 4579 προσέταξεν
1813 4511 1857 4561 ἐκ

1975 4511 2195 4581 quidem
2228 4509 2331 4563 sub
2360 4522 2648 4562 numerum
2713 4506 2902 4560 venire
2951 4512 3215 4574 possunt;
3273 4501 3438 4572 jussit
3495 4501 3551 4555 in

272 4619 389 4655 τινι
422 4601 532 4655 τῶν
566 4602 659 4655 ὑπ’
691 4602 864 4674 αὐτῆς
901 4601 1341 4674 ᾠκοδομημένων
1360 4612 1405 4667 ε,
1436 4601 1493 4665 ὃς
1529 4602 1721 4673 Πέτρῳ
1774 4604 1857 4674 μὲη

1967 4608 2202 4674 quodam
2263 4616 2329 4655 ex
2371 4598 2652 4654 acditicatis
2697 4599 2764 4651 ab
2822 4612 2886 4651 ea
2944 4596 3181 4665 templis,
3234 4595 3378 4664 quod
3467 4604 3553 4648 est

273 4692 364 4760 τῷ
389 4695 675 4766 κορυφαίῳ
700 4695 810 4748 τῶν
830 4695 1145 4749 ἀποστόλων
1174 4696 1406 4759 ἀνεῖται,
1440 4694 1668 4765 ἀντικρὺ
1692 4695 1748 4748 δὲ
1772 4696 1857 4765 τῆς

1965 4713 2181 4755 sacrum
2202 4697 2364 4749 Petro
2382 4692 2610 4763 principi
2639 4690 3036 4761 apostolorum,
3073 4694 3238 4744 situm
3264 4697 3445 4743 autem
3467 4696 3553 4743 est

276 4785 566 4856 Εὑθυμίου
600 4785 808 4855 λαύρας
856 4786 1148 4849 διάκειται,
1183 4788 1283 4839 οὐκ
1338 4786 1559 4839 ἔλαττον
1608 4786 1641 4859 ἢ
1701 4788 1857 4841 εῖκοσ

1967 4814 1997 4849 e
2021 4791 2245 4865 regione
2272 4789 2438 4843 laurte
2472 4784 2769 4856 Euthymii,
2804 4799 2913 4838 non
2943 4783 3153 4837 distans
3174 4781 3357 4836 minus
3387 4796 3550 4850 quam

274 4879 525 4942 σταδίοις
565 4879 892 4950 διεστηκὼς,
938 4879 1180 4935 λάκκοντ
1222 4881 1367 4950 μέγα
1403 4880 1564 4952 βάθος
1596 4882 1730 4951 ὁμοῦ
1780 4884 1857 4935 κα¹

1969 4885 2163 4954 viginti
2190 4880 2387 4946 stadia,
2421 4878 2611 4933 fodere
2665 4877 2964 4930 cisternam
3019 4874 3179 4928 valde
3221 4870 3550 4944 profundam

277 4975 484 5047 μῆκος,
507 4975 698 5046 χρείας
726 4975 871 5039 τινὸς
898 4975 1203 5044 ἀναγκαίας
1238 4977 1394 5046 χάριν
1418 4974 1696 5044 ἀνορύξαι.
1734 4977 1857 5030 Ποτὲ

1967 4975 2205 5032 simulet
2228 4974 2416 5036 latam,
2443 4968 2673 5040 alicujus
2750 4965 2925 5037 gratia
3007 4980 3141 5020 usus
3226 4962 3549 5021 necessarii.

1549 5112 1785 5170 VARIA‘.
1828 5116 2229 5172 LECTIONES.

686 5222 707 5246 ⁸
733 5208 805 5262 al.
845 5207 1330 5279 ἐπιτετραμμένῳ.
1407 5206 1432 5247 δ
1471 5208 1543 5264 al.
1582 5216 2025 5283 πτωχοτροφεῖα.
2108 5210 2239 5265 e-al.
2274 5208 2400 5263 add.
2442 5207 2607 5262 ναῶν.
2691 5204 2711 5244 τ
2746 5204 2820 5260 al.
2850 5203 3080 5256 λάκκου.

1296 5363 1310 5381 ⁸
1386 5368 1389 5369 ⁷
1482 5352 1677 5410 JOAN.
1715 5355 2059 5412 BOLLANDI
2090 5354 2326 5412 NOTAE.

355 5209 384 5249 δ
406 5208 479 5264 al.
504 5206 608 5278 τῷ.

352 5449 468 5521 (38)
514 5448 655 5506 Urbs
712 5455 831 5501 erat
860 5445 1241 5521 munitissima
1287 5454 1342 5500 et
1381 5446 1757 5521 antiquissima
1803 5448 1857 5502 in

270 5515 479 5576 Arabia
509 5522 725 5575 deserta
750 5556 768 5582 ,
807 5516 969 5570 tribui
998 5516 1243 5572 Manasse
1269 5527 1417 5571 trans
1444 5515 1736 5572 Jordanem
1768 5532 1859 5572 as-

271 5589 676 5661 signatatﬁlide
696 5586 1106 5661 Adrichomium
1134 5603 1182 5640 c.
1207 5586 1299 5661 27.

356 5660 470 5732 (39)
514 5659 683 5732 Hujus
714 5659 969 5732 decessor
1007 5657 1328 5732 subscripsit
1350 5658 1584 5732 concilio
1608 5658 1856 5716 Chalce-

269 5726 569 5859 ilonxn'sibf
592 5726 980 5785 Constantinus
1010 5726 1285 5783 Bostrenae
1318 5729 1556 5785 civitatis
1593 5741 1864 5802 metropo-

295 5816 346 5858 is
431 5818 486 5858 ra
533 5815 618 5858 tae.
664 5817 685 5851 ι

295 5816 346 5858 18
381 5815 618 5858 Maium.
664 5817 685 5851 ι

2037 5449 2150 5519 (40)
2175 5467 2193 5498 ι
2217 5447 2437 5519 Hedaba
2461 5446 2653 5519 civitas
2680 5456 2829 5502 trans
2859 5446 3170 5519 Jordanem,
3195 5442 3404 5519 Arabire
3429 5438 3552 5519 sub-

1967 5513 2179 5587 iacens.
2203 5535 2221 5570 ›
2258 5516 2378 5571 Vita
2402 5516 2459 5571 S.
2493 5517 2684 5581 Sabaz;
2720 5520 2986 5585 quondam
3006 5513 3549 5587 primariaAmmoui-

1973 5584 2170 5649 iurum.
2200 5600 2381 5653 postea
2419 5584 2856 5643 Atnorlhmorum
2890 5590 2953 5642 ad
2987 5584 3279 5642 torrentem
3316 5584 3498 5636 Arnon
3528 5596 3543 5645 ;

1970 5660 2142 5726 patria
2176 5657 2443 5721 Gerontii,
2474 5659 2561 5724 qui
2598 5659 3097 5727 llegumenusre'rat
3135 5653 3540 5727 ιιιοιιιιειοιῇξ.

1970 5722 2266 5800 Euthymii,
2295 5744 2427 5800 cum;
2452 5722 2571 5782 Vita
2606 5722 2719 5800 haec
2751 5744 2777 5800 a
2804 5726 3003 5799 Cyrillo
3033 5726 3384 5800 scriberetur.
3415 5722 3546 5778 Vide

1969 5796 2381 5856 Adriéhomium
2418 5798 2469 5853 in
2504 5800 2647 5857 tribu
2677 5796 2866 5855 Ruben
2896 5813 3015 5867 cap.
3048 5796 3137 5851 47.
