3846 6464
285 324 395 391 679

1558 313 1841 378 MENSIS
1868 311 2327 375 JANUARIUS.

3462 303 3573 367 680

288 437 538 506 Cumque
579 431 876 505 aliquando
924 433 1171 489 venisset
1201 431 1268 488 ad
1319 446 1438 487 eam
1498 428 1876 501 spectandam,

1996 425 2038 478 is
2078 424 2221 479 κατὰ
2264 423 2394 477 θέαν
2440 418 2613 475 αὐτοῦ
2654 418 2959 493 ἀφιγμένη,
3004 416 3107 489 δρᾷ
3137 414 3235 487 τὴν
3293 413 3574 486 Εὐθυμίου

294 529 447 583 videt
478 528 682 582 lauram
711 525 989 599 Euthymii
1018 526 1251 596 positam
1273 524 1327 579 in
1360 524 1540 580 media
1564 523 1881 587 solitudine,

292 627 349 674 et
377 618 841 689 quemadmodum
873 617 1024 672 cellae
1052 615 1282 670 fratrum
1312 625 1470 670 erant
1503 630 1534 670 ι
1559 629 1619 669 se
1649 612 1883 668 invicem

293 713 555 780 sejunctas
575 727 590 776 ;
612 720 775 780 alque
799 709 929 765 illud
948 708 1245 779 Scriptura:
1261 708 1520 763 meditata
1547 724 1561 762 :
1578 704 1747 771 Quam
1767 704 1885 775 pul-

288 804 625 859 chr-cedamus
653 813 759 857 tua:
786 802 971 868 Iacob,
991 800 1331 857 tabernacula
1372 810 1486 865 tua,
1513 799 1684 855 Israel
1700 799 1772 853 “l
1805 798 1881 851 in-

293 897 470 967 deque
502 897 856 951 vehementer
886 896 1070 950 animo
1100 904 1449 966 compuncta,
1486 894 1629 948 illico
1658 892 1726 947 ad
1757 907 1883 946 eum

299 978 469 1043 mittit
491 985 848 1052 Gabriclium,
868 1003 1070 1060 rogans
1092 997 1154 1042 ut
1169 987 1269 1042 sibi
1296 986 1706 1058 permitteretur
1733 999 1887 1040 accc-

299 1082 450 1144 dere,
482 1082 737 1151 illiusque
768 1081 871 1135 frui
904 1095 1157 1135 sermone
1175 1089 1224 1135 et
1253 1079 1497 1135 doctrina
1526 1097 1541 1135 :
1574 1077 1735 1134 simul
1757 1092 1885 1132 vero

296 1173 546 1228 habebat
586 1174 638 1226 in
672 1173 861 1228 animo
887 1175 1053 1227 laurte
1086 1172 1274 1243 illique
1327 1171 1607 1242 assignare
1655 1169 1881 1231 reditus,

295 1282 414 1320 eam
447 1268 518 1321 oh
546 1281 791 1333 causam,
846 1276 906 1320 ut
939 1265 1203 1321 fratribus
1254 1264 1322 1319 de
1360 1273 1562 1318 caetero
1613 1261 1887 1317 sulliciens

293 1364 535 1413 exstaret
573 1373 758 1412 rerum
793 1358 1226 1413 necessariarum
1250 1354 1635 1427 suppeditatio.

367 1541 553 1598 XCIX.
585 1543 679 1599 llle
710 1557 842 1599 vero
859 1558 978 1599 eam
1006 1543 1159 1614 prius
1179 1542 1270 1599 his
1325 1542 1510 1600 verbis
1551 1543 1841 1615 compellat
1868 1560 1882 1599 :

295 1635 466 1690 Morte
498 1635 564 1690 ad
598 1636 741 1691 fores
795 1645 996 1698 stante,
1056 1650 1175 1700 cur,
1225 1650 1259 1689 ο
1301 1634 1431 1700 filia,
1464 1636 1695 1691 sollicita
1727 1652 1785 1693 es
1830 1648 1886 1694 et

293 1728 619 1783 distraheris
648 1730 796 1783 circa
821 1727 1100 1798 plurima?
1128 1727 1221 1782 llla
1261 1729 1438 1782 solum
1472 1728 1568 1784 tibi
1616 1729 1728 1785 sint
1784 1745 1882 1800 pa-

1984 516 2194 589 λαύραν
2215 516 2274 570 έν
2304 515 2498 588 ἐρήμῳ
2529 514 2671 586 μέση
2702 512 3080 584 διακειμένην,
3109 512 3258 575 ὅπως
3286 529 3347 566 τε
3380 510 3453 566 τὰ
3466 512 3577 566 τῶν

1984 609 2232 677 ἀδελφῶν
2270 608 2463 662 κελλία
2512 606 2611 660 ἀπ’
2657 606 2909 676 ἀλλήλων
2962 601 3108 678 ἦσαν
3170 604 3575 677 ἀπῳκισμένα·

1986 702 2086 756 καὶ
2116 703 2179 756 τὸ
2206 701 2486 772 Γραφικδν
2533 702 2713 755 έκεῖνο
2759 699 3098 771 λογισαμένη
3123 716 3137 730 ·
3180 700 3281 767 Ὧς
3314 699 3493 755 καλοί
3522 702 3581 757 οἱ

1985 792 2140 851 οἶκοι
2182 794 2403 858 Ἰακὼϐ,
2446 796 2506 848 al
2563 794 2789 861 σκηναί
2828 809 2970 858 σου,
3028 792 3303 862 Ἰσραήλ]
3329 793 3583 865 σφοδρῶς

1986 905 2045 944 τε
2072 889 2172 961 τὴν
2199 887 2376 960 ψυχὴν
2406 886 2658 941 ἐντεῦθεν
2685 888 3073 955 κατανυγεῖσα,
3098 886 3307 957 πέμπει
3335 886 3581 959 Γαδριή-

1986 983 2101 1038 λιον
2131 982 2294 1047 εὐθὺς
2348 981 2485 1052 πρὸς
2530 979 2715 1042 αὐτὸν,
2766 980 2996 1052 δεομένη
3051 981 3427 1051 ἐπιτραπῆναι
3482 993 3581 1035 και

1988 1075 2128 1148 αὐτῇ
2166 1073 2487 1147 προσελθεῖν
2525 1070 2675 1143 αὐτῷ
2692 1073 2739 1138 ⁸,
2777 1074 2874 1125 καὶ
2905 1071 3083 1140 λόγων
3128 1072 3438 1153 ἀπολαῦσαι
3466 1073 3580 1126 τῶν

1987 1170 2201 1225 ἐκεινου
2251 1171 2467 1242 καὶτῆς
2498 1168 2855 1232 διδασκαλίας
2878 1187 2890 1199 ·
2917 1168 3052 1240 ὁμοῦ
3083 1168 3138 1224 δὲ
3169 1172 3264 1225 καὶ
3294 1188 3579 1243 προσαπο-

1988 1264 2171 1331 νετμαι
2212 1262 2279 1332 τῇ
2319 1276 2379 1314 τε
2420 1258 2599 1331 λαύρᾳ
2631 1259 2722 1313 καὶ
2757 1258 2907 1332 αὐτῷ
2948 1260 3279 1330 προσόδους,
3316 1263 3411 1316 ἐπὶ
3451 1264 3581 1317 νοῦν

1988 1352 2103 1423 εἶχε
2126 1369 2139 1384 ·
2170 1354 2263 1406 κα)⁸
2311 1355 2344 1423 ἠ
2388 1352 2559 1418 αἰτία,
2594 1351 2737 1406 ὥστε
2784 1353 2983 1425 διαρκῆ
3013 1356 3125 1416 τοῖς
3155 1354 3407 1425 ἀδελφοῖς
3436 1351 3580 1411 εἶναι

1988 1446 2083 1499 τοῦ
2116 1445 2305 1500 λοιποῦ
2342 1445 2451 1500 τῶν
2482 1446 2800 1516 ἀναγκαίων
2823 1447 2921 1518 τὴν
2948 1447 3234 1518 χορηγίαν.

2058 1538 2173 1606 ίιθν.
2217 1539 2276 1591 Ὀ
2296 1537 2373 1602 δὲ,
2402 1541 2792 1609 προαναφωνετ
2818 1540 2958 1611 αὐτῇ
2987 1555 3001 1568 ’
3021 1539 3144 1594 Ἐπὶ
3177 1540 3372 1612 θύραις
3409 1540 3578 1613 οὔσης

1986 1630 2087 1702 τῆς
2118 1631 2399 1700 τελευτῆς,
2431 1631 2484 1684 τί
2515 1630 2849 1702 φροντίζεις,
2885 1629 3083 1700 λέγων,
3124 1624 3170 1686 ὧ
3217 1631 3430 1698 τέκνον,
3482 1634 3579 1687 καὶ

1989 1725 2338 1791 περισπᾶσαι
2390 1722 2521 1795 περὶ
2551 1723 2752 1790 πολλάς
2801 1724 3016 1777 Ἐκεῖνα
3057 1741 3140 1778 σοι
3174 1722 3334 1795 μόνον
3385 1725 3582 1796 εὐτρεο

298 1832 438 1886 rata,
501 1836 623 1891 qum
661 1821 730 1876 ad
793 1836 1078 1876 excessum
1140 1835 1207 1876 ex
1264 1822 1368 1877 hac
1403 1822 1516 1881 vita
1578 1825 1875 1894 pertinent.

1996 1814 2067 1884 πῆ
2097 1813 2361 1883 γενέσθω,
2384 1816 2453 1866 τὰ
2485 1815 2621 1886 πρὸς
2645 1816 2743 1886 τὴν
2763 1815 2860 1884 τῆς
2888 1814 3033 1887 ζωῆς
3054 1815 3344 1888 ἐκδημίαν.
3387 1815 3579 1886 Ἢμῶν

301 1914 481 1968 Nostri
514 1923 695 1968 autem
732 1929 802 1967 ne
850 1914 1193 1980 memineris,
1248 1924 1512 1983 quantum
1564 1918 1630 1969 ad
1673 1915 1884 1970 reditus

297 2010 437 2060 ullos
474 2016 569 2060 aut
604 2006 888 2076 pecunias,
926 2010 1020 2060 sed
1055 2008 1346 2062 recordare
1371 2022 1555 2061 coram
1604 2008 1884 2064 communi

301 2098 550 2165 Domino,
579 2100 670 2154 ubi
697 2116 833 2154 sane
863 2109 914 2155 te
939 2101 1121 2170 potius
1152 2102 1323 2155 nostri
1358 2101 1674 2157 meminisse
1702 2111 1885 2172 postu-

300 2195 493 2246 lamus.
524 2191 617 2247 llis
644 2192 734 2245 illa
777 2191 1000 2259 auditis,
1046 2193 1289 2248 animum
1350 2193 1584 2248 divisum
1653 2193 1888 2248 habebat

300 2283 354 2335 in
390 2284 552 2338 hasce
581 2283 719 2337 duas
749 2284 1084 2349 affectiones,
1154 2284 1569 2340 admirationem
1626 2296 1681 2340 et
1718 2285 1887 2340 tristi-

304 2375 479 2430 tiam:
520 2376 649 2430 iillld
686 2376 926 2442 quidem,
962 2380 1141 2446 magni
1203 2377 1449 2433 tribuens
1511 2378 1885 2446 prmscientiar,

301 2477 356 2521 et
386 2467 847 2539 quemadmodum
877 2484 939 2523 ea
972 2485 1092 2538 quae
1119 2470 1187 2525 de
1220 2469 1313 2525 illo
1372 2471 1486 2541 ipsa
1553 2471 1737 2526 animo
1771 2471 1887 2543 agi-

302 2563 470 2626 tabat,
504 2561 549 2615 is
586 2561 743 2632 longe
786 2562 1310 2633 ante_inlelligeret;
1366 2563 1471 2619 hoc
1504 2580 1656 2628 vero,
1682 2565 1826 2633 quod
1859 2581 1886 2617 a

300 2668 398 2708 sua
461 2670 559 2724 spe
606 2670 668 2709 ea
728 2655 782 2709 in
848 2671 905 2710 re
957 2656 1269 2712 excidisset.
1340 2657 1567 2713 Volebat
1617 2659 1764 2712 enim
1806 2659 1885 2730 ,οἱ

302 2747 565 2817 pecunias
599 2746 984 2817 redituumque
1029 2748 1333 2803 subsidium
1375 2749 1709 2819 relinquere,
1746 2750 1889 2805 sicut

301 2838 562 2891 diximus.
597 2836 735 2921 llinc
762 2837 903 2892 venit
935 2838 1002 2891 ad
1036 2846 1284 2892 sanctam
1313 2838 1588 2894 civitatem
1616 2857 1630 2894 :
1658 2855 1889 2910 cumque

301 2931 655 2985 Anastasium
700 2931 1069 3000 patriarcham
1099 2931 1494 2997 arcessivisset,
1536 2947 1601 2987 ac
1637 2931 1685 2986 ei
1722 2948 1890 3002 expo-

302 3022 503 3077 suisset
537 3038 657 3093 qua!
686 3038 714 3076 a
771 3024 959 3078 divino
1014 3022 1306 3095 Euthymio
1360 3025 1626 3088 audierat,
1673 3025 1887 3094 gemina

1986 1908 2041 1962 δὲ
2070 1908 2143 1979 μὴ
2175 1907 2269 1962 ἐπὶ
2302 1907 2589 1980 προσόδοις
2640 1909 2753 1962 τισὶ
2796 1908 3064 1980 μνησθῇς,
3093 1909 3229 1981 μηδὲ
3268 1911 3577 1982 χρήμασιν,

1988 2000 2104 2055 ἀλλ’
2131 2002 2222 2053 ἐπὶ
2246 2000 2339 2054 τοῦ
2369 1993 2550 2054 κοινοῦ
2600 2000 2874 2073 μνήσθητι
2898 2003 3351 2068 Δεσπότου,ὅπου
3383 2003 3449 2077 δὴ
3476 2005 3577 2059 καὶ

1991 2092 2298 2164 μνησθῆναί
2320 2110 2379 2146 σε
2412 2094 2613 2163 μᾶλλον
2649 2094 2811 2164 ἡμῶν
2840 2093 3122 2166 ἀξιοῦμεν.
3152 2096 3373 2150 Τούτων
3408 2097 3579 2151 ἀκού-

1990 2203 2150 2252 σασα,
2186 2187 2309 2240 δυσὶ
2358 2187 2555 2241 πάθεσι
2589 2187 2822 2253 τούτοις,
2858 2188 3122 2261 ἐκπλήξει
3162 2190 3258 2243 καί
3301 2190 3447 2263 λύπῃ
3476 2192 3580 2263 τὴν

1985 2279 2164 2351 ψυχὴν
2203 2281 2496 2351 ἐμερίζετο
2522 2297 2535 2312 ·
2575 2280 2638 2334 τὸ
2671 2281 2790 2352 μὲν,
2827 2284 2893 2354 τῇ
2921 2284 3232 2352 προγνώσει
3262 2283 3357 2337 τοῦ
3397 2287 3578 2355 μεγά-

1989 2371 2082 2425 λου
2107 2370 2346 2437 διδοῦσα,
2378 2374 2474 2426 καί
2503 2372 2655 2436 ὅπως
2685 2374 2833 2443 ἆπερ
2854 2372 2994 2445 αῦτη
3025 2375 3168 2429 κατα
3197 2374 3324 2429 νοῦν
3350 2377 3580 2431 ἐσκόπει

1991 2464 2119 2533 περὶ
2146 2463 2333 2528 αὐτοῦ,
2369 2464 2656 2536 πόρρωθεν
2689 2464 2899 2528 ἐκεῖνος
2924 2464 3097 2518 συνίει
3115 2482 3130 2496 ο
3159 2464 3222 2519 τδ
3248 2465 3324 2532 δὲ,
3357 2465 3448 2519 διὰ
3476 2468 3579 2538 τὴν

1988 2557 2097 2610 τῶν
2126 2557 2214 2610 ἐπ’
2242 2556 2392 2628 αὺτῷ
2415 2556 2647 2611 ἐλπίδων
2673 2558 2994 2630 ἀποτυχίαν.
3036 2560 3326 2614 Ἢὸούλετο
3348 2560 3457 2633 γὰρ
3481 2562 3582 2616 καὶ

1990 2650 2251 2720 χρήματα
2280 2652 2376 2704 καὶ
2401 2650 2662 2721 ἀφορμὰς
2705 2639 2855 2722 αύτῷ
2901 2652 3187 2723 προσόδων
3230 2654 3583 2724 καταλιπεῖν,

1989 2742 2179 2815 ὥσπερ
2222 2743 2460 2816 ἔφημεν.
2508 2744 2790 2797 Ἐντεῦθεν
2821 2745 2960 2816 πρὸς
2986 2745 3087 2816 τὴν
3116 2746 3281 2816 ἁγίαν
3310 2748 3580 2817 ἀφικνεῖ-

1987 2856 2076 2892 ται
2108 2838 2262 2893 πόλιν
2283 2855 2298 2870 ο
2339 2838 2697 2892 Ἀναστάσιόν
2725 2855 2785 2892 τε
2841 2839 3315 2912 μεταστειλαμένη
3344 2841 3437 2894 τὸν
3473 2860 3582 2896 πα-

1987 2933 2281 3007 τριάρχην,
2331 2932 2425 2987 καὶ
2458 2930 2493 2990 ἃ
2538 2931 2692 3005 παρὰ
2738 2932 2835 2986 τοῦ
2894 2933 3041 2986 θείου
3093 2932 3370 3003 Εὐθυμίου
3404 2935 3583 3006 μάθοι

1994 3025 2129 3093 πρὸς
2159 3022 2352 3076 τοῦτον
2403 3022 2809 3095 διασαφήσασα,
2834 3023 3043 3095 ἀδελφὰ
3066 3027 3131 3097 τῇ
3158 3025 3401 3098 προτέρᾳ
3433 3026 3581 3096 γνὼ-

302 3115 472 3184 priori
495 3116 782 3171 sementim
813 3117 960 3170 fecit.
991 3118 1067 3171 Ac
1117 3115 1295 3186 primo
1342 3117 1562 3187 quidem
1627 3115 1887 3188 Stephani

1997 3130 2074 3189 μη
2110 3116 2305 3171 ἐποίει.
2349 3116 2460 3169 Καὶ
2487 3117 2680 3186 πρῶτα
2738 3115 2837 3188 μὲν
2886 3116 2979 3171 τὸν
3038 3118 3134 3172 ἐπὶ
3189 3118 3448 3190 Στεφάνῳ
3500 3119 3584 3191 τῷ

304 3209 718 3281 protomartyris
788 3209 992 3264 Christi
1036 3211 1320 3280 templum,
1359 3210 1595 3265 nondum
1618 3210 1765 3265 omni
1824 3228 1886 3265 ex

2000 3209 2431 3283 πρωτομάρτυρι
2467 3209 2561 3263 τοῦ
2590 3208 2831 3281 Χριστοῦ
2868 3209 2996 3265 ναδν
3029 3210 3342 3275 ὲλλειπῶςὶι
3371 3210 3454 3264 ἔτι
3478 3211 3584 3281 τῆς

304 3311 460 3371 parte
495 3312 868 3357 constructum
907 3302 1043 3373 (tl),
1071 3302 1711 3374 dcdicatquintodecimo
1735 3319 1890 3359 meu-

305 3398 382 3450 sis
405 3396 651 3451 Januarii
677 3415 689 3451 :
716 3397 915 3452 deinde
939 3397 987 3452 ei
1014 3397 1217 3452 tributo
1246 3396 1414 3452 multo
1443 3396 1643 3463 reditu,
1664 3397 1923 3467 ejusque-

307 3504 436 3542 cura
503 3489 791 3543 commissa
849 3488 1146 3553 Gabricliu,
1207 3504 1389 3559 neque
1449 3488 1582 3543 alias
1660 3489 1894 3559 neglexit

307 3581 585 3645 ecclesias,
641 3589 909 3652 quotquot
983 3581 1053 3636 ab
1110 3583 1228 3650 ipsa
1300 3582 1579 3637 aedificata:
1635 3581 1890 3647 fuerant;

306 3674 401 3728 sed
458 3673 575 3728 illas
637 3689 858 3743 quoque
924 3673 1216 3745 diligenter
1275 3688 1474 3745 magno
1530 3690 1653 3728 cum
1709 3674 1893 3729 labore

307 3764 516 3825 obibat.
559 3764 846 3830 dedicans,
874 3774 930 3819 et
956 3763 1328 3820 sufficientem
1383 3765 1619 3821 reditum
1679 3766 1893 3820 unicui~

304 3874 413 3929 que
458 3859 785 3914 attribuens.
832 3857 953 3913 Jam
1006 3874 1138 3914 vero
1188 3866 1425 3929 quatuor
1472 3860 1749 3915 mensibus
1773 3869 1896 3930 pust

306 3948 707 4003 dedicationem
739 3949 1048 4016 transactis,
1100 3958 1157 4005 et
1216 3949 1335 4020 ipsa
1383 3951 1678 4006 humanam
1727 3952 1893 4008 vitam

309 4038 649 4110 relinquens,
679 4040 899 4096 excedit
925 4040 994 4096 ad
1023 4040 1314 4097 Dominum
1332 4042 1467 4116 (42).

377 4216 443 4273 C.
469 4216 656 4291 Longo
683 4228 865 4276 autem
896 4229 1021 4293 post
1041 4231 1307 4294 tempore,
1342 4239 1466 4280 cum
1500 4234 1645 4280 esset
1690 4225 1895 4299 Euthy-

308 4312 454 4367 mius
481 4312 594 4383 jam
635 4314 929 4385 nonaginta
946 4330 1120 4391 annos
1149 4324 1333 4384 natus,
1369 4316 1424 4371 in
1442 4324 1668 4389 gravem
1704 4317 1891 4375 incidit

307 4404 716 4474 aegrotationem
754 4410 979 4473 sanctus
1013 4405 1387 4476 Theoctistus,
1441 4410 1686 4482 adeoque
1733 4412 1894 4466 morti

1995 3303 2342 3373 κατασκευῆς
2375 3301 2589 3373 ἔχοντα,
2625 3303 2852 3376 πέμπτῃ
2898 3303 3201 3372 ὲγκαινίζει
3236 3305 3334 3359 καὶ
3374 3306 3586 3378 δεκάτῃ

1999 3395 2166 3465 μηνὸς
2198 3395 2551 3466 Ἰανουαρίου.
2617 3391 2750 3450 Εῐτα
2799 3397 2896 3451 καὶ
2944 3397 3146 3470 πολλὴν
3200 3398 3350 3469 αὐτῷ
3403 3401 3585 3472 πρόσ-

1996 3488 2114 3541 οδον
2136 3487 2502 3558 άπονείμασα,
2535 3490 2630 3542 καὶ
2658 3489 2757 3560 τὴν
2787 3489 2918 3563 περὶ
2949 3491 3116 3546 αὐτὸν
3152 3493 3412 3565 πρόνοιαν
3451 3496 3584 3549 ἀνα-

1997 3577 2153 3631 θεῖσα
2204 3577 2539 3651 Γαόριηλίῳ,
2588 3578 2711 3633 οὐδὲ
2756 3578 2868 3633 τῶν
2923 3580 3100 3636 ἄλλων
3136 3581 3330 3653 ἠμέλει
3381 3584 3590 3656 ἐκκλη-

1997 3672 2151 3735 σιῶν,
2178 3672 2300 3725 ὂσαι
2336 3670 2466 3744 παρ’
2511 3673 2683 3743 αὐτῆς
2712 3672 3063 3746 ᾠκοδόμηντο
3088 3692 3102 3706 ·
3134 3675 3271 3732 ἀλλὰ
3290 3677 3385 3732 καὶ
3408 3679 3584 3744 αὑτὰς

1998 3764 2333 3835 περιήρχετο
2381 3766 2580 3837 κομιδῇ
2613 3764 2944 3835 φιλοπόνως,
2972 3768 3367 3837 ἐγκαινίζουσά
3395 3788 3456 3824 τε
3489 3772 3587 3825 καὶ

1994 3856 2093 3928 τὴν
2121 3856 2404 3928 ἀρκοῦσαν
2437 3858 2644 3930 ἑκάστῃ
2677 3859 2939 3932 πρόσοδον
2970 3859 3328 3932 ἀφορίζουσα.
3382 3863 3589 3919 Τεσσά·

2000 3965 2107 4021 ρων
2135 3948 2190 4002 δὲ
2219 3948 2323 4021 ἤδη
2361 3951 2549 4022 μηνῶν
2585 3952 2727 4023 μετὰ
2754 3953 2848 4006 τὸν
2874 3954 3237 4023 ὲγκαινισμὸν
3279 3956 3588 4027 παρελθόν-

1978 4038 2127 4105 των,
2155 4040 2248 4092 καὶ
2276 4039 2417 4109 αὑτὴ
2442 4039 2534 4093 τὸν
2564 4038 2906 4113 ἀνθρώπινον
2935 4041 3240 4097 ἐκλιποῦσα
3276 4041 3416 4114 βίον,
3445 4044 3587 4115 πρὸς

1914 4164 1919 4171 -
2003 4132 2209 4202 Κύριον
2240 4132 2489 4202 ὲκδημεῖ.

2070 4224 2144 4280 P'.
2176 4224 2332 4279 Μετὰ
2370 4226 2555 4295 μέντοι
2584 4226 2780 4297 συχνὸν
2808 4224 2870 4292 ἐξ
2898 4226 3115 4281 ἐκείνου
3146 4228 3339 4299 χρόνον
3394 4229 3586 4298 ἐνενή-

1999 4337 2164 4375 κοντα
2192 4319 2287 4374 τοῦ
2316 4319 2592 4391 Εὐθυμίου
2620 4320 2721 4391 ήδη
2744 4323 3028 4391 γεγονότος
3071 4323 3354 4390 ἐνιαυτῶν,
3389 4323 3590 4394 βαρείᾳ

2005 4411 2329 4483 περιπίπτει
2377 4412 2517 4482 νόσῳ
2570 4412 2708 4465 καὶὸ
2759 4414 2817 4466 ἐν
2851 4413 3032 4482 ἁγίοις
3083 4413 3432 4481 Θεόκτιστος,
3488 4417 3590 4469 καὶ

311 4498 585 4566 vicinam,
654 4508 715 4555 ut
774 4500 1112 4572 signiﬁcaret
1169 4517 1229 4556 se
1277 4518 1402 4556 mox
1449 4505 1570 4557 esSe
1631 4503 1882 4559 decessu-

1996 4503 2220 4558 τοσοῦτο
2272 4505 2589 4576 γειτονούσῃ
2648 4504 2887 4577 θανάτῳ,
2945 4506 3085 4561 ὥστε
3143 4508 3238 4564 καὶ
3264 4508 3432 4563 αὑτὸν
3459 4509 3588 4563 ὅσον

310 4606 467 4657 rum;
499 4592 723 4664 quijam
767 4594 833 4650 ad
864 4594 1350 4665 profundissimam
1384 4607 1723 4652 senectutem
1768 4613 1894 4666 per-

309 4685 572 4752 venisset,
610 4687 916 4758 plennsque
961 4689 1231 4745 evasisset
1264 4690 1382 4761 ipse
1432 4689 1599 4745 etiam
1628 4689 1894 4744 humano-

312 4794 434 4832 rum
488 4779 722 4835 dierum.
775 4779 1013 4837 Veniens
1058 4798 1190 4855 ergo
1271 4783 1341 4838 ad
1425 4798 1550 4837 eum
1605 4781 1891 4837 visendum

313 4885 543 4943 magnus
608 4872 970 4946 Euthymius,
1032 4876 1276 4946 adeoque
1319 4874 1621 4946 periculose
1692 4874 1895 4929 habere

312 4962 567 5027 intuitus,
623 4967 819 5024 statuit
889 4983 1094 5038 paucos
1144 4968 1264 5022 dies
1301 4983 1429 5021 cum
1498 4965 1589 5021 illo
1650 4982 1892 5033 manere,

315 5061 375 5104 ut
401 5062 588 5108 sancta
617 5054 738 5127 ejus
769 5057 954 5110 anima
997 5058 1111 5127 jam
1141 5058 1209 5111 ad
1241 5056 1415 5111 Deum
1457 5054 1727 5127 profecta,
1776 5058 1894 5127 ipse

310 5138 456 5209 justa
509 5147 722 5216 corpori
780 5148 1006 5214 faceret,
1081 5157 1389 5220 cunctaque
1441 5164 1566 5220 quae
1608 5164 1757 5206 mos.
1790 5159 1893 5216 est,

385 5264 431 5298 ³³
451 5260 616 5318 Num.
653 5280 804 5329 xxrv,
840 5265 896 5320 5.

2005 4596 2161 4650 οῦπω
2202 4597 2503 4667 προσάγειν
2553 4597 2776 4669 ἐδήλουθ
2841 4599 3120 4670 βαθύτατα
3167 4601 3269 4673 ἢδη
3308 4603 3618 4673 γηράσαςπ

2004 4689 2100 4740 καὶ
2169 4687 2384 4760 πλήρης
2432 4688 2655 4759 ἡμερῶν
2691 4691 2787 4744 καὶ
2850 4692 3013 4755 αὐτὸς
3064 4691 3175 4745 τῶν
3225 4691 3590 4764 ἀνθρωπίνων

2001 4783 2311 4852 γενόμενος.
2356 4781 2651 4836 Κατελθὼν
2675 4783 2858 4837 τοίνυν
2897 4785 3329 4856 ἐπισκεψόμενος
3359 4787 3525 4840 αὑτὸν
3559 4789 3590 4840 ὁ

2008 4875 2180 4945 μέγας
2214 4873 2510 4945 Εὑθύμιος,
2536 4876 2629 4928 καὶ
2657 4874 2830 4939 οὕτως
2857 4876 3213 4942 ἐπικινδύνως
3242 4878 3436 4949 ἔχοντα
3460 4882 3591 4932 θεα-

2006 4965 2267 5035 σάμενος,
2318 4963 2460 5032 ἔγνω
2500 4964 2594 5018 καὶ
2648 4964 2913 5036 βραχείας
2947 4967 3098 5038 αὐτῷ
3162 4984 3318 5032 τινας
3369 4968 3591 5041 ἡμέρας

2006 5060 2464 5129 συμπαραμεῖναι
2487 5070 2502 5088 ⁸
2544 5056 2619 5120 ὡς
2652 5057 2718 5112 ἂν
2749 5058 2847 5130 ἤδη
2884 5058 3021 5128 πρὸς
3057 5059 3264 5131 Κύριον
3288 5059 3390 5130 τῆς
3421 5060 3589 5126 ἁγίας

2003 5148 2351 5222 ὲκδημούσης
2377 5149 2578 5221 ψυχῆς,
2615 5151 2778 5216 αὐτὸς
2804 5150 2883 5213 τῶ
2907 5150 3121 5223 σώματι
3140 5156 3213 5208 τὰ
3251 5151 3590 5224 νομιζόμενα

1618 5372 1849 5429 νΑιιυΕ
1889 5373 2294 5433 LECTIONES.

388 5474 413 5512 ⁸
440 5472 594 5528 abest
621 5471 690 5525 ab
730 5470 801 5524 al.
893 5468 922 5507 ιι
960 5464 1313 5530 αἰκὲλλιπῶς.

1541 5557 1736 5616 JOAN.
1782 5559 2119 5615 BOLLANDI
2161 5561 2392 5621 NOTAE.

389 5660 503 5733 (4|)
534 5678 553 5711 ι
580 5655 828 5733 Ampium
853 5634 1010 5720 adeo,
1035 5665 1095 5709 ut
1115 5656 1298 5733 decem
1324 5654 1491 5733 millia
1512 5658 1897 5733 ΙΙΙοΑηεΙς-Ιιρῐδηιιι

316 5725 551 5790 θιόιιιίιι
577 5725 760 5782 eremo
789 5729 841 5781 iu
877 5742 942 5781 eo
966 5730 1332 5781 convenerint.
1377 5746 1395 5779 ι
1433 5725 1551 5780 Vita
1584 5727 1643 5780 S.
1681 5728 1857 5781 Salue.

392 5801 504 5871 (43)
547 5803 703 5856 Anno
728 5798 998 5870 l'imperii
1028 5796 1271 5867 ;Leonis,
1302 5796 1508 5855 Christi
1543 5798 1667 5863 460,
1710 5814 1896 5854 mense

2009 5656 2171 5735 Maio.
2198 5658 2470 5730 Sepelitur
2511 5662 2563 5715 in
2599 5664 2813 5733 templo
2835 5663 2893 5720 S.
2936 5661 3215 5735 Stephani.
3246 5661 3596 5735 Nicephortu

2003 5741 2055 5782 et
2080 5729 2363 5800 Evagrt’us.
