3846 6488
344 453 454 519 681
1583 453 1756 514 Vl'l‘A
1793 460 1854 515 δ.

2079 456 2299 518 ΙΥΜΙΙ.
3491 464 3598 527 682

345 562 741 636 λειτουργήσῃ,
789 561 883 615 καὶ
920 561 1065 631 άπερ
1095 558 1215 625 ἔθος
1267 560 1355 613 ἐπ’
1388 560 1742 633 αὑτῷπάντα
1776 564 1864 617 πλι

2089 579 2155 620 eo
2178 565 2448 636 impleret.
2464 565 2601 623 Chm
2625 580 2756 623 vero
2778 568 3085 639 patriarcha
3098 570 3438 642 cognovisset
3455 578 3596 649 apud

348 656 522 732 ρῶσῃ.
540 654 706 714 Γνοὺς
732 653 789 706 δὲ
816 651 915 723 τὴν
943 652 1213 723 Εὐθυμίου
1242 652 1390 725 παρὰ
1415 653 1722 725 Θεοκτίστῳ
1755 672 1867 726 προρ

2078 657 2402 713 heoctistum
2435 659 2678 715 assidere
2741 657 3114 731 Euthymium,
3176 662 3341 734 idque
3402 666 3597 719 existi-

344 749 561 819 εδρείαν
610 748 640 800 6
685 744 1053 817 πατριάρχης,
1115 744 1208 799 καὶ
1262 746 1539 816 πρόφασιν
1602 747 1760 800 τοῦτο
1819 746 1863 800 τί

2084 760 2231 806 asset
2258 751 2601 807 occasionem
2631 768 2755 807 esse
2778 768 2887 808 non
2924 754 3344 825 inopportunam
3376 757 3445 812 ad
3470 775 3598 823 eum

346 839 485 911 πρὸς
513 836 679 892 αὐτὸν
701 835 940 906 ἀφίξεως
976 837 1076 889 οὐκ
1105 835 1334 908 ἄκαιρον
1365 832 1506 891 εἶναι
1539 836 1788 908 νομίσας,
1814 838 1865 910 ﬁl

2072 844 2304 908 aniendi,
2335 844 2447 915 jam
2487 846 2647 900 beato
2676 845 2996 901 Theoctisto
3018 848 3085 902 ad
3113 847 3282 904 Deum
3325 853 3591 920 profecto,

344 931 440 985 τοῦ
478 930 783 1003 μακαρίτου
799 928 1126 983 Θεοκτίστου
1163 929 1299 1001 πρὸς
1329 930 1462 985 Θεὸν
1489 932 1863 1003 ὲκδημήσαντο

2084 935 2183 990 rtia
2213 936 2300 991 die
2326 936 2533 991 mensis
2567 935 3266 1011 Septenibris(65),accedit
3286 944 3354 999 ad
3377 960 3527 1009 eum,
3545 955 3600 1000 et

344 1024 538 1099 τρίτην
580 1022 799 1093 ἔχοντος
822 1023 944 1075 τότε
988 1020 1085 1075 τοῦ
1130 1023 1508 1095 Σεπτεμϐρίου
1561 1026 1750 1095 μηνὸς,
1783 1025 1863 1079 κάλ

2077 1025 2393 1082 ηιιωιιιιίιει·
2423 1027 2536 1100 (44)
2563 1027 2720 1083 abiis
2750 1028 2892 1083 facta
2911 1039 2995 1084 est
3021 1030 3273 1102 corporis
3295 1036 3596 1104 sepultura.

344 1133 454 1170 εισι
483 1117 617 1188 παρ’
660 1114 845 1179 αὐτὸν,
881 1115 978 1167 καὶ
1008 1116 1163 1185 κοινῇ
1196 1115 1295 1186 τῆς
1328 1115 1421 1169 τοῦ
1457 1115 1712 1186 λειψάνου
1743 1118 1922 1188 ταφῆς

349 1206 441 1261 ὑπ’
475 1206 654 1260 αὐτῶν
682 1204 990 1274 γεγονυίας.

414 1298 539 1353 PA'.
575 1298 806 1351 Ἔπειτα
837 1296 930 1351 καὶ
969 1295 1005 1352 ἃ
1040 1295 1178 1369 πρὸς
1217 1297 1488 1371 Εὖθύμιον
1514 1302 1544 1354 6
1569 1301 1768 1373 θερμὸς
1799 1304 1920 1356 ἐκέ-

2095 1295 2177 1351 Cl.
2265 1296 2473 1353 Deinde
2544 1314 2664 1369 qua:
2696 1313 2828 1371 erga
2901 1300 3251 1372 Euthymium
3304 1304 3601 1360 vehemens

346 1388 472 1445 λευε
521 1388 707 1455 πόθος,
739 1391 768 1443 6
803 1389 1151 1460 πατριάρχης
1204 1390 1414 1444 ὲποίειο
1450 1394 1545 1446 καὶ
1595 1393 1764 1464 ἡδέως
1814 1393 1865 1445 τί

2085 1388 2251 1445 bebat
2312 1389 2671 1457 desiderium,
2726 1391 2856 1450 fecit
2882 1394 3228 1464 patriarcha;
3280 1404 3337 1452 et
3363 1397 3602 1453 suaviter

348 1483 512 1555 ίερῶν
536 1481 746 1535 ἐκείνου
775 1481 978 1553 χειρῶν
1007 1480 1328 1553 λαϐόμενος,
1360 1484 1455 1539 καὶ
1485 1485 1677 1549 αὑταῖς
1706 1486 1780 1551 ὡς
1809 1482 1867 1557 εἴ]

2086 1476 2196 1532 cris
2220 1477 2366 1533 illius
2392 1480 2645 1536 manibus
2694 1482 3005 1552 prehensis,
3064 1484 3278 1555 eisque,
3325 1487 3403 1541 uti
3462 1497 3599 1554 erat,

346 1571 685 1644 περιχυθεὶς,
725 1572 1005 1642 ἠσπάζετὸ
1051 1589 1111 1627 τε
1153 1572 1395 1646 θερμῶς,
1451 1578 1548 1630 καὶ
1597 1577 1766 1631 πόθου
1810 1595 1865 1631 το

2083 1564 2410 1634 rcuml‘usus,
2492 1576 2606 1623 tum
2676 1570 3095 1628 deosculabatur
3147 1575 3428 1642 ardenter,
3487 1584 3602 1634 tum

342 1667 657 1736 ἀσπασμοῖς
691 1663 918 1733 ἐπέλεγε
949 1666 1172 1736 ῥήματα
1191 1683 1206 1698 ο
1247 1667 1343 1722 Ἐκ
1374 1668 1571 1723 πολλοῦ
1612 1670 1723 1724 τῶν
1751 1670 1861 1739 ἁγὶι

2079 1666 2172 1710 .ter
2201 1659 2390 1713 oscula
2418 1667 2473 1714 et
2503 1661 2788 1732 amplexus
2811 1664 2973 1718 verba
3006 1672 3213 1721 amoris
3242 1667 3559 1738 proferebat
3585 1689 3598 1724 :

340 1756 458 1827 ἐγὼ
483 1755 689 1810 τούτων
717 1755 1029 1827 ἐπεθύμουν
1059 1757 1293 1829 χειρῶν⁹
1330 1760 1423 1813 καὶ
1456 1760 1564 1815 ίδοὺ
1589 1761 1858 1833 πεπλήρω

2084 1751 2238 1806 ωιιίυ
2260 1752 2328 1807 ab
2349 1753 2479 1810 hinc
2506 1769 2606 1826 ego
2639 1765 2856 1813 sanctas
2905 1758 3004 1814 has
3051 1775 3247 1815 manus
3270 1762 3553 1832 cupiebam
3584 1779 3603 1819 :

348 1866 442 1919 μοι
471 1848 572 1920 τὴν
612 1847 799 1918 ἔφεσιν
826 1848 856 1900 6
877 1848 1032 1913 Θεός.
1071 1850 1232 1905 Ἀλλὰ
1250 1851 1443 1923 δέομαί
1482 1868 1599 1919 σου,
1627 1853 1775 1924 τίμιε
1809 1856 1867 1909 IIl

2116 1856 2242 1897 ecce
2272 1859 2453 1898 meum
2480 1845 2627 1902 Deus
2664 1846 2912 1916 implevit
2948 1849 3306 1907 desiderium.
3339 1852 3446 1909 Sed
3472 1869 3602 1926 rogo

340 1957 463 2012 τερ,
479 1940 576 1995 καὶ
601 1941 805 2013 σφόδρα
821 1941 1033 2013 δέομαι·
1061 1942 1251 2012 πρῶτα
1275 1919 1375 2014 μὲν
1397 1945 1657 2016 εὐχεσθαι
1684 1919 1763 2017 τῷ
1779 1947 1859 2000 Θεε

2083 1972 2099 1996 ,
2161 1936 2467 1991 venerande
2525 1935 2722 2005 Pater,
2786 1947 2842 1995 et
2906 1939 3061 1996 valde
3136 1958 3307 2015 rogo;
3362 1919 3600 2016 primunt

337 2034 442 2097 τὰς
453 2035 552 2098 σὰς
570 2032 657 2088 ἐπ’
674 2033 798 2105 ἐμοὶ
820 2035 1176 2107 προρρήσεις,
1189 2035 1279 2091 διὰ
1292 2036 1483 2103 τέλους
1501 2038 1856 2111 συντηρηθῆνι

2081 2026 2345 2092 iidem,ut
2375 2027 2546 2084 Deum
2574 2030 2835 2101 preceris,
2863 2036 3175 2091 conservari
3193 2035 3249 2090 in
3278 2048 3600 2108 perpetuum

341 2126 606 2181 ἐπειταδὲ
626 2127 720 2182 καὶ
741 2127 973 2199 γράφειν
1008 2145 1098 2200 μοι
1133 2129 1374 2200 συνεχῶς
1408 2131 1536 2202 περὶ
1562 2132 1671 2186 τῶν
1703 2133 1859 2188 δοκού

2082 2138 2150 2177 ιοε
2177 2124 2243 2179 de
2266 2139 2353 2180 me
2387 2126 2811 2196 praedictiones;
2840 2127 3038 2186 deinde
3090 2140 3152 2186 ut
3209 2133 3375 2188 etiam
3405 2134 3472 2189 ad
3513 2151 3601 2190 me

339 2236 472 2288 των,
498 2220 599 2275 ὅσα
627 2221 720 2277 καὶ
738 2221 945 2276 τέκνων
967 2220 984 2260 ί
1019 2222 1182 2294 νόμος
1206 2223 1603 2282 διακελεύεται,
1636 2227 1823 2282 Ταῦτα
1849 2247 1858 2263 ι

2083 2215 2248 2271 ;εἰάυυ
2286 2216 2496 2273 scribas
2526 2217 2595 2273 de
2632 2218 2700 2274 iis
2729 2235 2852 2290 qua:
2879 2220 3232 2289 videbuntur,
3267 2240 3602 2297 quaecunque

344 2311 604 2384 Εὐθυμίῳ
617 2312 737 2366 λίαν
768 2313 1015 2384 εὐμενῶς
1044 2314 1237 2386 ὡμίλει
1257 2316 1355 2370 καὶ
1381 2316 1671 2388 διελέγετο,
1707 2322 1800 2375 καὶ
1827 2322 1928 2376 ὅσα
2030 2306 2267 2363 ﬁliorum
2300 2310 2383 2364 lex
2412 2310 2687 2381 Ρτωθίρίῐο
2718 2312 2846 2369 “33°
2870 2329 2994 2369 cum
3027 2313 3322 2388 Ευιιηιηὶο
3368 2318 3606 2391 ὺθηίειιιε

343 2404 509 2476 ἔτερα
547 2406 575 2459 6
625 2406 815 2476 καιρός
847 2423 906 2460 τε
939 2408 1139 2479 ἀπῄτει
1166 2409 1261 2462 κα)⁴
1294 2408 1383 2463 διὰ
1418 2410 1631 2481 μακροῦ
1667 2429 1862 2485 συντυχ

2086 2399 2323 2456 Imodum
2406 2403 2822 2474 colloquebatur
2865 2417 2922 2461 et
2981 2407 3303 2476 disserebat,
3356 2420 3414 2464 et
3455 2426 3605 2481 quae-

342 2492 437 2547 τοῦ
473 2494 664 2566 ἀνδρὸς
697 2494 1136 2567 ὑπεμίμνησκεν.
1178 2498 1239 2552 '0
1263 2499 1341 2566 δὲ,
1370 2503 1511 2570 μετὰ
1533 2502 1633 2573 τῆς
1660 2503 1861 2575 συνήθο

2085 2507 2248 2562 Inque
2294 2493 2400 2548 alia
2430 2502 2527 2549 aut
2554 2497 2770 2552 occasio
2801 2498 3130 2568 postulabat,
3187 2508 3284 2556 aut
3331 2504 3604 2572 pastion-

342 2583 561 2653 ἂκείνης
583 2586 908 2650 ἐπιεικείας,
941 2584 1112 2640 Τοῦτο
1142 2588 1342 2659 μᾶλλον
1375 2590 1487 2659 ἐγὼ
1508 2591 1661 2664 παρὰ
1694 2591 1794 2662 τῆς
1826 2610 1861 2646 σ

2086 2598 2154 2635 tm
2208 2591 2421 2653 tempus
2482 2599 2609 2639 cum
2656 2586 2773 2642 viro
2823 2589 3138 2658 congressio
3189 2593 3479 2648 revocabat
3550 2595 3605 2648 in

346 2676 611 2747 αἱτοῦμαι
645 2679 1046 2749 μακαριότητος
1076 2678 1438 2752 ἀπεκρίνατοο
1464 2683 1524 2736 τὸ
1546 2685 1604 2739 ὲν
1639 2687 1764 2749 ταῖς
1790 2704 1863 2756 πρ

2088 2675 2370 2731 emoriam.
2402 2676 2454 2731 Is
2482 2692 2615 2732 vero
2654 2694 2775 2734 cum
2818 2680 2975 2734 solita
3018 2680 3107 2737 illa
3163 2684 3463 2740 modestia:
3492 2685 3607 2742 Hoc

346 2767 441 2820 τὸν
471 2767 604 2821 Θεὸν
632 2770 952 2840 πρεσδείαις
978 2786 1074 2823 σου
1095 2770 1192 2824 καὶ
1215 2771 1390 2836 λιταῖς
1411 2775 1507 2827 καὶ
1542 2774 1690 2844 ἡμᾶς
1714 2775 1928 2829 κεῖσθαί
2029 2780 2128 2838 €80
2163 2767 2361 2836 Ροῑίυει,
2387 2770 2687 2839 respondit.
2742 2781 2867 2840 ρειο
2914 2787 2941 2826 ll
2977 2781 3067 2827 tua
3120 2774 3479 2843 beatitudine,
3546 2789 3608 2834 ut

352 2877 437 2913 σοι
478 2859 567 2913 διὰ
615 2862 856 2933 μνήμης.
927 2862 1196 2927 Κάκεῖνος
1234 2864 1541 2934 ὑπολαϐὼν,
1573 2863 1649 2920 Οὔ
1721 2885 1826 2934 τοι,

2108 2857 2215 2913 tuis
2236 2858 2304 2913 ad
2334 2858 2504 2913 Deum
2528 2859 3015 2919 intercessionibus
3032 2872 3089 2919 et
3112 2866 3608 2935 supplicationibus

349 2951 574 3022 Πάτερ,
640 2954 848 3023 φησὶν,
903 2954 1156 3026 οὐδαμῶς
1226 2960 1616 3030 παραχωρήσω
1682 2977 1766 3014 σοι
1830 2978 1868 3013 τι

2085 2965 2133 3005 )s
2157 2966 2376 3022 quoque
2410 2951 2466 3006 in
2494 2953 2759 3009 memoria
2787 2955 3012 3012 habeas.
3040 2956 3107 3012 Et
3133 2958 3224 3013 ille
3285 2960 3565 3030 excipiens
3589 2980 3604 3016 :

348 3046 667 3116 αἰτήματος.
707 3043 879 3100 Τοῦτο
933 3046 1043 3117 γὰρ
1098 3048 1209 3118 ἐγὼ
1238 3050 1391 3122 παρὰ
1443 3049 1538 3103 σοῦ
1583 3051 1800 3122 πρῶτος
1832 3052 1867 3105 λς

2089 3056 2406 3112 equaquam,
2434 3042 2632 3113 inquit,
2660 3059 2694 3100 ο
2722 3044 2908 3112 Pater,
2941 3048 3255 3105 nullatenus
3286 3051 3381 3106 tibi
3408 3066 3608 3107 conce-

350 3135 466 3188 δεῖν
500 3135 817 3203 ἀξιῶοέπεὶ
843 3138 937 3192 καὶ
971 3141 1316 3212 πεπείραμαι
1351 3142 1534 3206 καλῶς
1572 3142 1675 3212 ἢδη
1715 3144 1815 3212 τῆς

2089 3149 2153 3187 nu
2184 3134 2524 3204 petitionem.
2544 3135 2660 3191 Hoc
2685 3136 2834 3192 enim
2860 3153 2961 3209 ego
2991 3148 3106 3194 uta
3138 3149 3191 3196 te
3219 3142 3428 3212 primus
3462 3144 3608 3200 acci-

350 3229 435 3280 σοὶ
480 3227 590 3282 τῶν
645 3228 807 3284 θείων
860 3232 1219 3303 χαρισμάτων
1268 3233 1547 3303 ἐνεργείας
1578 3235 1776 3329 κομιδῇ
1835 3251 1868 3287 κ

2092 3242 2178 3281 am
2201 3242 2357 3299 rogo:
2391 3228 2593 3299 quippe
2622 3230 2715 3300 qui
2740 3230 2855 3303 jam
2898 3234 3157 3303 praeclare
3190 3235 3293 3291 sim
3353 3246 3609 3308 expertus

346 3320 652 3391 δυνάμεως.
686 3321 796 3375 Καὶ
826 3321 886 3385 6;
911 3323 1135 3393 ὁμαλῶς
1171 3323 1312 3393 ἄγαν
1336 3326 1431 3379 καὶ
1462 3327 1676 3397 πράως,
1702 3316 1776 3380 Συ
1788 3343 1865 3397 γχι

2088 3316 2334 3373 vinorum
2374 3318 2789 3387 charismatum,
2838 3336 2962 3391 qua
3015 3322 3072 3377 in
3112 3329 3166 3378 te
3224 3325 3450 3381 omnino
3503 3339 3607 3393 est,

351 3430 541 3484 ρησον,
567 3413 721 3485 τίμιε
763 3415 970 3487 Πάτερ,
1005 3415 1110 3488 ἔφη
1131 3434 1146 3449 ·
1171 3417 1557 3490 παρακλήθητι
1586 3419 1643 3472 δὲ
1672 3422 1870 3492 πρόνοι‹

2087 3410 2404 3466 ιοτιιιὶοιιεηι
2427 3419 2485 3466 et
2508 3410 2789 3467 virtutem.
2849 3410 2990 3468 Tum
3037 3413 3126 3469 ille
3156 3416 3370 3485 placide
3410 3419 3606 3476 admo-

351 3504 556 3574 μᾶλλον
587 3503 682 3557 τοῦ
725 3496 993 3577 παρόντος
1043 3507 1413 3578 μοναστηρίου
1460 3508 1620 3580 χάριν
1673 3509 1815 3579 ιμήν
1867 3529 1870 3541 ί

2087 3518 2159 3556 nn
2206 3511 2262 3557 et
2317 3502 2512 3558 leniter
2558 3503 2635 3558 ait
2674 3502 2990 3571 :Coneede,
3051 3509 3362 3565 venerande
3405 3510 3606 3579 Pater;

348 3597 443 3647 καὶ
462 3594 580 3666 σὴν,
615 3596 709 3649 καὶ
728 3595 909 3651 αὐτῶν
938 3595 995 3651 δὲ
1027 3597 1138 3651 τῶν
1163 3597 1416 3668 ἀδελφῶν
1446 3598 1612 3654 ἕνεκα
1636 3599 1867 3653 ποιεῖσθε

2090 3609 2254 3649 :orare
2277 3610 2407 3650 vero
2436 3604 2498 3650 ut
2514 3595 2695 3666 potius
2726 3596 3011 3668 praesentis
3036 3601 3373 3667 monasterii,
3404 3616 3529 3658 mea
3555 3616 3609 3659 et

348 3688 445 3742 καὶ
474 3686 735 3760 κήδεσθαι
780 3689 874 3743 καὶ
905 3688 1100 3756 αὐτοῦ,
1134 3688 1327 3763 ὥσπερ
1377 3689 1547 3755 εἰκός.
1581 3691 1725 3764 Πρὸς
1756 3692 1867 3746 ταῦα

2085 3701 2123 3740 la
2168 3702 2330 3741 causa
2380 3696 2434 3741 et
2490 3696 2717 3759 propter
2764 3688 2914 3758 ipsos
2947 3688 3163 3756 fratres,
3210 3692 3604 3762 providentiam

347 3780 377 3831 6
411 3778 776 3851 πατριάρχης,
802 3782 917 3835 Kal
948 3780 1299 3848 Θεοκτίστου,
1324 3783 1511 3853 φησιν,
1540 3782 1622 3836 ἔτι
1651 3784 1866 3855 περιόντ

2089 3777 2258 3840 theas,
2300 3777 2530 3848 ejusque
2556 3794 2745 3834 curam
2769 3795 2947 3852 geras,
2976 3789 3038 3835 ut
3071 3797 3168 3853 par
3223 3791 3326 3837 est.
3380 3782 3461 3839 Ad
3492 3784 3608 3841 haec

347 3870 443 3924 τοῦ
461 3872 520 3924 ὲν
541 3872 741 3940 ἁγίοις,
764 3874 828 3926 σὺ
858 3867 926 3946 ἧς
953 3876 981 3927 6
1007 3873 1110 3944 τῆς
1143 3874 1351 3946 ἐρήμου
1394 3873 1601 3947 ταύτης
1627 3873 1866 3947 προεστά

2089 3867 2377 3923 ltriarcha:
2428 3869 2627 3935 Etiam,
2662 3870 2856 3939 inquit,
2887 3881 3077 3927 saneto
3098 3872 3413 3930 Theoctisto
3428 3875 3608 3931 adhue

350 3963 446 4016 καὶ
496 3963 655 4017 πόλιν
690 3965 862 4038 αὐτὴν
900 3965 980 4037 τῷ
1011 3966 1124 4020 τῶν
1177 3966 1532 4022 ἐνοικούντων
1586 3967 1782 4039 πλήθει
1836 3984 1869 4019 κ

2088 3962 2345 4031 ιροτειῐιε,
2410 3969 2467 4016 ιιι
2522 3962 2648 4018 huic
2700 3963 2965 4034 praefuisti
3014 3964 3315 4032 solitudini,
3376 3982 3607 4038 eamque

348 4058 416 4127 τῇ
455 4057 627 4129 ἀρετῇ
657 4058 915 4130 κομῶσαν
949 4058 1260 4126 ἀποδείξας,
1291 4060 1388 4115 καὶ
1426 4060 1595 4130 ἄλλην
1620 4058 1741 4113 τινὰ
1762 4056 1864 4110 καθ

2088 4054 2260 4110 fecisti
2282 4055 2556 4111 civitatem
2587 4056 2856 4128 insignem
2917 4056 3268 4115 multitudine
3304 4074 3372 4114 ac
3406 4060 3607 4118 virtute

350 4162 461 4219 περ
502 4149 857 4224 Ἰερουσαλὴμ
894 4151 975 4223 τῷ
1008 4152 1233 4224 Χριστῷ
1285 4152 1673 4223 παραστήσας’
1705 4150 1798 4204 καὶ
1835 4166 1863 4203 ν

2093 4149 2356 4212 colarum.
2428 4159 2484 4204 et
2559 4150 2708 4205 velut
2753 4151 2917 4205 aliam
2952 4152 3244 4221 quamdam
3306 4153 3605 4210 Jerusalem

353 4241 522 4299 πάλιν
564 4243 777 4298 ἐκείνου
822 4244 914 4298 τὸν
945 4244 1062 4316 βίον
1106 4244 1466 4316 ἀμείψαντος,
1510 4245 1593 4298 σοὶ
1632 4243 1699 4298 τά
1732 4259 1872 4297 σαυτι

2090 4241 2256 4296 liristo
2283 4240 2581 4296 eshibuisti
2609 4260 2625 4309 ;
2661 4251 2716 4297 et
2750 4259 2897 4299 nunc
2929 4260 3121 4300 rursus
3166 4261 3288 4300 cum
3319 4246 3409 4304 ille
3432 4264 3463 4302 e
3500 4248 3609 4304 vita

351 4333 765 4391 καταλείπεται.
809 4334 872 4390 ’0
900 4335 1002 4408 μὲν
1042 4334 1137 4390 οὖν
1169 4335 1343 4390 ταῦτα
1383 4335 1578 4403 εἰπὼν,
1613 4335 1706 4389 καὶ
1736 4352 1870 4389 συντ

2086 4332 2304 4405 igravit,
2348 4333 2442 4387 tibi
2469 4340 2558 4386 tua
2602 4333 3003 4402 relinquuntur.
3053 4334 3150 4389 His
3189 4334 3371 4404 itaque
3427 4335 3605 4402 dictis,

354 4424 587 4496 ξάμενος
616 4426 696 4498 τῷ
725 4428 890 4498 ἁγίῳ,
918 4428 1055 4500 πρὸς
1095 4427 1196 4492 τὰς
1237 4428 1444 4493 οἰκείας
1478 4424 1632 4492 αὖθις
1660 4427 1869 4499 ἐπανῆλ

2093 4441 2159 4479 ιω
2191 4432 2381 4480 sancto
2425 4421 2786 4491 valcfecisset,
2820 4440 3074 4480 reversus
3095 4432 3181 4481 est
3224 4426 3293 4480 ad
3340 4443 3492 4482 suam
3518 4430 3612 4484 ha-

351 4519 659 4590 διατριϐάς.

2033 4517 2373 4573 bitationem.

428 4613 551 4666 PB'.
581 4613 855 4686 Εὑθύμιος
895 4614 952 4669 δὲ
994 4616 1024 4668 6
1072 4615 1264 4685 μέγας,
1300 4615 1481 4688 Μάριν
1514 4615 1605 4668 τὸν
1634 4631 1726 4668 του
1761 4611 1932 4685 Τερέ-

2111 4606 2225 4663 Cll.
2253 4609 2320 4662 At
2340 4621 2568 4676 magnus
2588 4607 2913 4680 Euthymius
2932 4619 3215 4680 postquam
3234 4611 3419 4666 Marini
3444 4613 3610 4671 Tere-

353 4706 528 4769 6ωνος
560 4705 723 4774 θεῖον,
759 4707 1064 4779 φιλαρέτως
1100 4708 1301 4774 ξῶντα,
1327 4709 1423 4764 καὶ
1457 4708 1555 4780 τὴν
1592 4707 1804 4779 ἡλικίαν
1829 4708 1872 4780 ἦε

2088 4703 2203 4756 onis
2224 4700 2574 4763 avunculum,
2597 4715 2665 4755 ex
2702 4700 2920 4756 virtutis
2954 4703 3134 4772 regula
3159 4703 3433 4759 viventem
3471 4704 3607 4775 (45),

354 4803 693 4870 προήκοντα,
729 4799 1032 4872 ἡγούμενον
1085 4800 1186 4870 τῆς
1233 4801 1400 4871 μονῆς
1452 4800 1821 4871 καταστήσας,
1852 4817 1873 4851 ε

2099 4810 2260 4865 mque
2311 4802 2470 4849 :rtate
2519 4801 2859 4863 provectum,
2934 4795 3248 4850 monasterii
3296 4796 3610 4865 praefectum

354 4889 457 4960 τὴν
485 4892 695 4944 οἰκείαν
727 4892 820 4945 καὶ
869 4891 1031 4955 αὐτὸς
1054 4891 1263 4963 λαύραν
1292 4892 1563 4946 ἐπάνεισι.
1594 4889 1701 4944 ’1ὀῦ
1727 4889 1806 4955 δὲ,
1840 4891 1868 4945 6

2092 4887 2441 4951 instituisset,
2464 4885 2751 4941 revertitur
2768 4885 2883 4956 ipse
2902 4901 3116 4957 quoque
3134 4886 3188 4942 in
3207 4903 3361 4944 suam
3383 4889 3611 4945 lauram.

353 4985 420 5053 τῇ
461 4982 561 5052 τῆς
598 4982 766 5052 μονῆς
799 4982 1111 5055 προστασίᾳ
1158 4984 1382 5055 χρόνους
1425 4980 1782 5046 ὲπιϐιοῦντος,
1813 4976 1872 5033 εἷ’

2096 4997 2177 5035 um
2212 4980 2256 5035 is
2304 4994 2430 5033 vero
2466 4978 2521 5033 in
2550 4977 2865 5031 monasterii
2901 4978 3222 5048 prml‘eetura
3266 4981 3404 5037 duos
3442 4998 3615 5037 annos

351 5074 451 5127 καὶ
482 5072 650 5130 αὑτοῦ
685 5076 775 5128 τὸν
809 5075 924 5147 βίον
959 5074 1420 5147 μεταλλάξαντος,
1454 5073 1732 5130 κατελθὼν
1779 5070 1870 5128 αὖε

2103 5072 2290 5138 sisset,
2310 5084 2375 5124 ac
2394 5067 2594 5122 deinde
2615 5081 2644 5121 e
2668 5068 2773 5120 vita
2811 5069 3099 5138 migrasset
3121 5070 3258 5142 (46),
3278 5072 3616 5129 descendens

350 5169 381 5220 6
415 5166 614 5237 μέγας,
649 5168 708 5222 τὸ
738 5168 835 5239 μὲν
863 5169 1009 5240 ἱερὸν
1029 5168 1223 5223 τούτου
1260 5167 1443 5239 σῶμα,
1476 5168 1534 5222 ὲν
1556 5171 1621 5238 τῇ
1648 5165 1743 5219 τοῦ
1768 5182 1869 5236 μεγ

2096 5180 2237 5219 trsus
2286 5176 2536 5230 magnus,
2568 5175 2782 5215 sacrum
2851 5160 3069 5230 quidem
3140 5164 3260 5234 ejus
3306 5182 3525 5237 corpus,
3563 5168 3614 5221 in

351 5260 450 5315 λου
481 5260 809 5316 θεοκτίστου
845 5261 988 5333 θήκῃ
1019 5260 1286 5331 θεοφιλῶς
1319 5258 1704 5315 κατατίθεται·
1734 5262 1870 5328 Δογγ

2095 5255 2231 5329 lagni
2261 5252 2560 5309 Theoetisti
2591 5254 2747 5307 theca
2770 5252 2856 5323 pie
2879 5253 3141 5324 deponit;
3172 5256 3387 5311 cuidam
3434 5268 3614 5313 autem

1625 5400 1859 5456 VARUS
1900 5396 2299 5454 LECTIUNES.

429 5499 452 5545 ι
476 5497 551 5557 al.
578 5500 773 5574 τέκνῳ.

1547 5582 1741 5641 JOAN.
1786 5582 2129 5639 BOLLANDI
2166 5581 2399 5640 NOTAE.

452 5735 542 5807 ιδ)
580 5732 685 5807 An.
715 5730 817 5807 illi.
852 5727 981 5807 667,
1012 5724 1079 5782 ad
1114 5725 1261 5780 illum
1308 5724 1449 5807 diem
1482 5724 1648 5807 deﬂeo
1685 5739 1931 5807 agemus.
2059 5794 2071 5807 .
2112 5723 2225 5794 (45)
2274 5742 2293 5775 ‹
2330 5723 2519 5779 Marim
2548 5725 2765 5797 dignum
2811 5733 2864 5783 et
2896 5724 3223 5792 mirabilem,
3248 5744 3268 5778 ι
3302 5725 3353 5780 in
3373 5726 3495 5787 Vita
3528 5748 3589 5790 ea

455 5794 546 5877 44')
577 5823 595 5857 ι
624 5800 943 5883 Ειιιίιξιηὶυε
971 5797 1749 5883 utin.tuagna‘lioue‘rilicentia
1781 5810 1936 5865 sepc-
2041 5794 2224 5883 deni.“
2278 5868 2293 5883 Δ
2409 5865 2465 5883 m
2549 5794 2641 5883 in;
2875 5814 2880 5819 θ

353 5864 477 5939 livit
509 5864 704 5946 corpus
729 5864 869 5941 eius.
908 5888 927 5920 ι
963 5867 1194 5937 Cyrillus
1226 5867 1277 5918 in
1311 5864 1428 5918 Vita
1460 5866 1513 5920 S.
1545 5864 1721 5919 Sine.
1754 5884 1774 5915 ι
1848 5864 1855 5865 “
2117 5866 2228 5937 (46)
2269 5868 2370 5921 An.
2407 5865 2508 5923 Cb.
2538 5866 2663 5924 469.

689 5968 957 6026 PATROL.
1003 5964 1117 6022 Gn.
1166 5958 1375 6043 CXIV.
3159 5963 3238 6022 22
