3846 6522
271 415 382 480 683

1502 398 1790 460 MENSIS
1832 395 2302 460 JANUARIUS.

3426 385 3534 450 681i

268 524 508 596 I.ongino
539 519 672 591 (47),
696 516 813 572 viro
845 519 1069 586 propter
1091 510 1260 567 vitam
1281 509 1440 566 laude
1472 508 1656 582 digno,
1692 523 1848 564 com-

1980 527 2030 578 ’ῳ
2053 508 2110 562 δὲ
2143 525 2246 560 τινι
2277 505 2577 576 ἀξιεπαίνῳ
2614 503 2706 560 τὸν
2736 502 2849 575 βίον
2903 497 3078 573 ἀνδρὶ,
3111 497 3210 572 τήν
3241 500 3334 572 τῆς
3363 503 3533 572 μονῆς

265 617 632 674 mittitcuram
656 605 993 664 monasterii.

336 705 472 764 CIII.
501 700 694 759 Statim
718 708 902 755 autem
931 704 1056 769 post
1083 694 1264 768 magni
1283 694 1584 750 Theoctisti
1612 693 1847 760 obitum,

266 813 393 854 cum
417 791 698 865 Olympius
721 786 1071 861 Scythopolis
1099 786 1392 856 episcopus
1407 783 1573 840 vitam
1591 782 1850 854 reliquis-

267 898 372 956 set,
400 886 630 944 Cosmas
653 880 876 953 quidem
903 887 1090 935 custos
1119 875 1298 932 crucis
1323 891 1424 946 pro
1449 875 1541 930 illo
1567 875 1852 932 ordinatur

257 983 560 1052 episcopus
578 975 914 1048 ;Chrys’:ppo
936 979 1118 1026 autem
1142 970 1385 1027 custodis
1403 968 1582 1025 crucis
1597 968 1851 1024 commit-
1885 1015 1904 1029 ,

271 1075 404 1128 titur
437 1069 842 1134 ministerium;
872 1079 1054 1136 neque
1106 1062 1200 1118 hic
1249 1061 1535 1119 excidente
1575 1059 1855 1132 Euthymii

271 1162 648 1235 praedictione.
677 1157 912 1226 ,Verum
963 1156 1158 1211 beatus
1194 1153 1444 1220 Cosmas,
1500 1168 1627 1208 cum
1682 1161 1858 1219 .totos
1901 1196 1907 1199 .

273 1251 494 1324 triginta
529 1263 706 1305 annos
737 1247 796 1303 in
826 1261 893 1302 eo
934 1243 1219 1316 principali
1254 1257 1482 1298 munere
1525 1242 1859 1316 permansis-

271 1337 609 1410 set,magnis
637 1335 694 1392 in
721 1333 960 1390 secunda
991 1330 1408 1388 Palaestinorum
1437 1331 1548 1404 (18)
1579 1330 1858 1402 provincia

271 1425 710 1484 claruitmeritis.
733 1425 804 1478 At
822 1421 1177 1493 Chrysippus,
1201 1420 1290 1490 qui
1316 1427 1436 1476 erat
1467 1419 1616 1476 illius
1641 1433 1858 1490 quoque

275 1521 466 1589 frater,
495 1517 594 1573 ubi
637 1514 930 1571 duodecim
979 1527 1156 1568 annos
1211 1511 1436 1566 obiisset
1493 1511 1859 1566 ministerium

1955 601 2213 675 πρόνοιαν
2239 599 2554 672 ἐγχειρίζει.

2025 692 2146 749 PI".
2185 691 2514 756 Καταπόδας
2545 690 2602 744 δὲ
2632 689 2732 762 τῆς
2765 688 3094 744 Θεοκτίστου
3125 683 3387 756 τελευτῆς
3440 682 3537 737 τοῦ

1958 784 2220 856 μεγάλου,
2255 783 2350 840 καὶ⁹
2389 779 2690 854 Ὀλυμπίου
2752 777 2848 833 τοῦ
2877 776 3267 841 Σκυθοπόλεως
3310 771 3538 828 ἐπισκό-

1957 895 2061 932 που
2109 877 2204 932 τδν
2241 876 2356 948 βίον
2407 874 2795 939 ἀπολιπόντος,
2829 871 3060 944 Κοσμᾶς
3103 869 3206 941 μὲν
3241 868 3272 922 ό
3301 881 3536 936 σταυρο-

1958 969 2137 1042 φύλαξ
2184 969 2484 1031 ἐπίσκοπος
2531 967 2646 1022 ἀντ’
2679 963 2893 1020 ἐκείνου
2931 963 3359 1036 χειροτονείταιο
3393 955 3544 1030 Χρύ-

1961 1079 2164 1126 σιππος
2192 1060 2274 1124 δὲ,
2295 1059 2397 1132 τὴν
2425 1056 2522 1114 τοῦ
2551 1055 2994 1126 σταυροφύλακος
3025 1051 3396 1126 ἐγχειρίζεται
3431 1047 3543 1102 λεια

1958 1153 2220 1225 τουργίαν
2242 1168 2258 1186 θ
2301 1153 2426 1224 μηδ’
2457 1149 2696 1205 ἐνταῦθα
2728 1147 3094 1217 διαπεσούσης
3133 1147 3232 1216 τῆς
3265 1141 3543 1213 Εὐθυμίου

1959 1246 2342 1320 προρρήσεως.
2383 1243 2524 1298 Ἀλλ’
2557 1245 2587 1297 ὁ
2623 1241 2722 1314 μὲν
2753 1239 3063 1313 μακαρίτης
3105 1237 3356 1308 Κοσμᾶς,
3390 1235 3546 1306 τριά-

1961 1356 2128 1394 κοντα
2187 1337 2342 1403 ὅλους
2403 1336 2685 1398 ἐνιαυτοὺς
2737 1335 2830 1388 ἐπὶ
2863 1334 2966 1399 τῆς
2994 1331 3174 1404 ἀρχῆς
3225 1329 3542 1400 διαμείνας,

1967 1431 2224 1503 μεγάλοις
2270 1429 2328 1484 ἑν
2367 1432 2436 1502 τῇ
2480 1427 2712 1501 δευτέρᾳ
2733 1426 2843 1480 τῶν
2882 1423 3260 1480 Παλαιστινῶν
3293 1419 3547 1492 ἐπαρχία

1962 1522 2225 1595 διέλαμψε
2253 1520 2666 1594 κατορθώμασι.
2697 1517 3026 1591 Χρύσιππος
3054 1515 3133 1582 δὲ,
3164 1514 3223 1580 ὃς
3251 1514 3349 1569 καὶ
3387 1511 3548 1568 ἁδελ-

276 1610 649 1669 ευειοόὶοηὰαι
679 1607 882 1674 crucis,
919 1605 1142 1676 scriptis
1174 1604 1380 1660 relictis
1404 1603 1519 1676 (49)
1551 1613 1606 1660 et
1629 1620 1861 1660 numero

281 1703 487 1770 multis,
549 1709 606 1758 et
668 1701 740 1756 ob
804 1697 1190 1755 tractationem
1281 1696 1670 1765 laudabilibus,
1751 1698 1861 1752 vita

1965 1616 2063 1687 φὺς
2089 1611 2158 1688 ἦν
2199 1615 2431 1682 ἐκείνου,
2459 1613 2766 1668 δωδέκατον
2799 1613 2868 1682 τῇ
2899 1608 2994 1664 τοῦ
3057 1607 3292 1680 σταυροῦ
3325 1606 3545 1676 φυλακῇ

1965 1709 2158 1781 χρόνον
2189 1707 2539 1780 διακονήσας,
2580 1705 2674 1760 ἐπὶ
2701 1703 3102 1776 συγγράμμασι
3143 1701 3202 1756 τό
3247 1716 3309 1754 τε
3342 1697 3549 1768 πλῆθος

277 1796 514 1852 excedit.
541 1795 750 1850 [lorum
777 1806 907 1847 vero
927 1789 1098 1846 frater
1119 1787 1447 1856 Gabrieiius,
1466 1789 1770 1861 presbyter,
1803 1797 1864 1845 ut

1980 1800 2185 1864 πολλοῖς
2210 1801 2306 1854 καὶ
2347 1799 2448 1871 τὴν
2491 1796 2881 1870 πραγματείαν
2921 1794 3250 1857 δπαινετοῖς,
3285 1787 3550 1846 καταλύει

278 1890 442 1961 paulo
488 1895 616 1943 ante
646 1885 853 1942 dictum
887 1891 994 1947 est,
1057 1889 1113 1937 et
1155 1858 1480 1936 monasterii
1530 1858 1646 1950 per—
1674 1879 1866 1951 viginti

1980 1894 2060 1950 τὸν
2119 1858 2254 1965 βίον.
2302 1893 2361 1946 '0
2396 1858 2496 1964 μέν
2528 1858 2872 1946 τοί-τούτων
2921 1887 3154 1957 ἀδελφὸς
3199 1883 3548 1955 Γαϐριήλιος,

279 1991 514 2055 quatuor
551 1994 728 2036 annos
759 1975 1076 2049 praefectus,
1110 1981 1298 2045 postea
1319 1972 1486 2028 breve
1539 1972 1646 2028 sibi
1701 1971 1871 2027 indili-

1980 1981 2366 2057 πρεσϐύτερος,
2405 1980 2662 2054 καθάπερ
2699 1979 2879 2053 μικρῷ
2927 1977 3166 2052 πρόσθεν
3191 1977 3430 2048 εἴρηται.
3455 1969 3556 2030 καὶ

277 2073 426 2131 cavit
467 2069 868 2128 monasterium
897 2067 954 2122 in
989 2067 1126 2123 valle
1187 2065 1520 2122 venerabilis
1568 2066 1759 2137 templi
1800 2067 1868 2122 ad

1980 2077 2278 2151 ἡγούμενος
2305 2075 2556 2147 τετάρτῳ
2587 2073 2683 2128 ἐπὶ
2710 2075 2822 2136 τοῖς
2855 2070 3061 2126 εἴκοσιν
3090 2068 3204 2123 ἔτει
3247 2062 3555 2137 γεγενημέ-

284 2167 580 2232 oriéntem,
618 2161 768 2234 quod
817 2159 1046 2216 nomine
1093 2157 1312 2214 Sanctae
1360 2158 1713 2214 Ascensionis
1756 2158 1868 2232 (50)

1980 2185 2084 2233 νος,
2113 2165 2290 2240 βραχύ
2323 2183 2378 2220 τι
2412 2163 2832 2236 φροντιστήριον
2866 2162 2926 2214 ὲν
2955 2161 3024 2234 τῇ
3067 2157 3206 2229 πρὸς
3234 2157 3308 2211 ἔω
3347 2151 3558 2210 κοιλάδι

285 2259 554 2314 donatum
589 2255 798 2322 fuerat;
821 2253 912 2308 ubi
947 2251 1016 2308 ad
1032 2250 1394 2307 imitationem
1412 2249 1712 2322 Euthymii,
1749 2260 1872 2322 post

1980 2256 2067 2312 τοῦ
2101 2255 2402 2327 σεϐασμίου
2454 2253 2607 2321 ναοῦ,
2639 2253 2699 2318 ὃς
2739 2251 2860 2306 ’ἀπὸ
2896 2249 2998 2318 τῆς
3048 2249 3238 2319 Ἀγίας
3267 2246 3557 2317 ὠνόμαστο

285 2351 602 2406 divinorum
626 2343 1114 2417 Theophaniorum
1139 2350 1394 2398 octavum
1418 2341 1566 2398 diem
1586 2344 1867 2411 secedens,

1985 2349 2354 2423 Ἀναλήψεως,
2402 2347 2656 2419 ἐδείματο
2705 2343 2918 2416 ἐαυτῷο
2949 2336 3012 2398 οὗ
3043 2342 3109 2413 δὴ
3150 2337 3290 2413 μετὰ.
3335 2337 3559 2409 ὀγδόην,

289 2457 468 2512 usque
557 2439 628 2495 ad
694 2437 898 2494 festum
955 2435 1264 2491 Palmarum
1335 2435 1673 2490 morabatur.
1734 2433 1871 2491 Cum

1980 2443 2117 2517 κατὰ
2151 2443 2386 2514 μίμησιν
2421 2439 2718 2510 Εὐθυμίου,
2743 2437 2854 2491 τῶν
2887 2435 3048 2490 θείων
3079 2430 3396 2503 Θεοφανίων
3417 2429 3560 2501 ήμέ-

289 2534 476 2588 autem
496 2538 644 2586 esset
673 2527 920 2585 discendi
955 2525 1210 2598 cupidus,
1249 2523 1444 2582 habuit
1473 2541 1690 2598 quoque
1719 2526 1873 2598 inge-

1980 2553 2080 2610 ραν
2105 2533 2428 2607 ἀναχωρῶν,
2463 2533 2570 2596 ἕως
2606 2531 2706 2601 τῆς
2751 2529 2861 2585 τῶν
2899 2528 3078 2582 Βαῖων
3115 2525 3384 2597 διέτριϐεν
3439 2525 3564 2594 ἑορ-

295 2623 446 2678 nium
481 2621 534 2678 ei
577 2634 738 2692 opem
771 2619 972 2675 ferens.
1020 2617 1178 2673 Unde
1225 2625 1280 2673 et
1335 2617 1572 2690 linguam
1615 2618 1682 2674 ad
1725 2617 1873 2674 Grae-

1980 2629 2096 2702 τῆς.
2123 2627 2431 2701 Φιλομαθὴς
2457 2625 2514 2680 δὲ
2537 2625 2647 2693 ὢν,
2667 2619 2779 2696 εἶχε
2810 2622 2906 2678 καὶ
2935 2622 3035 2693 τὴν
3065 2620 3226 2691 φύσιν
3255 2616 3408 2688 αὗτῷ
3435 2633 3563 2670 συν-

291 2728 486 2770 corum
535 2727 871 2778 sermonem,
939 2709 1426 2780 Romanorumque
1501 2718 1560 2764 et
1606 2711 1872 2783 Syrorum

1980 2722 2294 2795 αιρομένην.
2339 2719 2530 2774 Ἔνθεν
2562 2735 2645 2773 τοι
2697 2718 2793 2772 καὶ
2818 2714 2915 2787 τὴν
2937 2714 3187 2784 γλῶτταν
3210 2710 3348 2784 πρός
3369 2727 3430 2763 τε
3459 2708 3564 2780 τὴν

294 2805 607 2862 exercebat.
626 2804 854 2861 Moritur
873 2811 1058 2858 autem
1083 2803 1418 2874 octogesimo
1453 2803 1631 2859 aetatis
1653 2819 1798 2858 anno
1817 2803 1873 2859 in

1989 2813 2258 2883 Ἐλλήνων
2301 2811 2485 2883 φωνὴν
2515 2809 2611 2864 καὶ
2657 2807 2756 2881 τὴν
2785 2807 2894 2862 τῶν
2932 2803 3221 2875 Ῥωμαίων
3253 2801 3347 2856 καὶ
3372 2799 3563 2871 Σύρων

292 2897 667 2956 monasterio:
691 2906 748 2953 et
769 2897 878 2952 illic
901 2895 960 2951 Iit
977 2895 1100 2952 viro
1129 2895 1444 2966 sepulcrum
1467 2895 1602 2967 (5i),
1627 2895 1684 2949 in
1706 2895 1873 2967 signis

1980 2905 2212 2977 ἤσκητο.
2250 2903 2494 2974 Τελευτᾷ
2523 2901 2582 2956 δὲ
2610 2895 2954 2970 ὀγδοηκοστῷ
2982 2897 3080 2966 τῆς
3110 2893 3328 2968 ἡλικίας
3358 2891 3469 2944 ἔτει
3504 2892 3566 2944 ὲν

294 2991 548 3048 maximis
586 2990 808 3046 illustri.
839 2988 1018 3058 Atque
1047 3002 1110 3043 ea
1148 3002 1270 3058 quae
1289 2987 1512 3058 quidem
1569 2988 1636 3043 ad
1672 2987 1873 3060 Euthy-

1980 2996 2058 3069 τῷ
2100 2995 2488 3068 μοναστηρίῳο
2528 2991 2625 3048 κα)⁹
2661 2991 2836 3063 τάφος
2869 2990 2989 3044 ἐκεῖ
3031 2989 3109 3058 τῷ
3137 2986 3293 3056 ἀνδρὶ
3326 2984 3562 3054 γίνεται,

289 3085 387 3138 mii
429 3082 714 3154 pertinent
734 3080 1054 3152 discipulos,
1085 3079 1402 3152 huiusmodi
1427 3089 1578 3148 sunt,
1631 3095 1696 3136 ac
1754 3081 1873 3137 talis

1984 3091 2079 3146 ἐπὶ
2113 3089 2366 3162 σημείοις
2406 3087 2685 3159 λάμψαντι
2737 3084 3036 3156 μεγίστοις.
3079 3080 3162 3136 Τὰ
3197 3081 3297 3151 μὲν
3345 3079 3410 3150 δὴ
3453 3079 3568 3132 τῶν

293 3173 598 3244 υιιὶευίίιιιθ
629 3171 823 3244 οιηῑεῐι
858 3185 1029 3228 ωοΐδο
1763 3253 1772 3261 .
1905 3212 1952 3275 ο
1987 3183 2244 3257 μαθητῶν
2283 3181 2562 3252 Εὑθυμίου
2597 3177 2844 3242 τοιαῦτα,
2877 3176 2973 3231 καὶ
3020 3175 3279 3246 τοιαύτης
3329 3171 3566 3232 Ξκαστος

355 3359 505 3416 ‘CIV.
549 3357 665 3431 Ego
691 3372 822 3415 vero
865 3359 930 3414 ad
964 3373 1028 3414 ea
1075 3375 1196 3432 quae
1223 3369 1633 3432 consequuntur
1677 3377 1743 3419 ex
1779 3361 1880 3418 viri

296 3459 450 3506 recte
492 3449 655 3506 factis
693 3459 960 3506 revertor.
988 3449 1124 3506 Nam
1174 3451 1292 3508 haec
1335 3468 1554 3524 quoque
1589 3453 1722 3508 milii
1757 3469 1882 3509 cum

296 3545 423 3602 aliis
463 3543 702 3600 Joannes
733 3542 1010 3600 solitarius
1039 3552 1094 3600 et
1129 3545 1438 3615 episcopus,
1486 3553 1542 3601 et
1575 3545 1884 3602 Tltalelteus

301 3636 588 3708 presbyter
617 3645 1002 3692 narraverunt.
1032 3635 1267 3691 Aiehant
1295 3637 1462 3704 enim,
1489 3638 1632 3706 quod
1663 3652 1884 3692 versan-

303 3728 448 3784 tibus
467 3727 760 3797 aliquando
787 3727 920 3796 ipsis
948 3727 1000 3782 in
1023 3727 1340 3792 solitudine,
1367 3743 1663 3785 occurrens
1693 3727 1884 3786 beatus

303 3827 478 3884 Sabas
511 3825 943 3894 colloquebatur,
975 3827 1186 3892 dicens,
1221 3827 1364 3896 quod
1394 3841 1518 3882 cum
1545 3828 1722 3882 adhuc
1743 3835 1886 3882 esset

307 3919 360 3972 in
408 3916 686 3984 ctenobio,
737 3917 1072 3973 ascendisset
1111 3927 1233 3986 post
1284 3928 1516 3974 mortem
1564 3917 1882 3985 Theoctisti,

300 4009 466 4065 simul
483 4023 604 4064 cum
631 4007 874 4076 Longino
899 4009 1211 4066 monasterii
1235 4011 1523 4080 praeposito
1539 4009 1606 4064 ad
1633 4025 1885 4082 magnum

311 4098 688 4171 Euthymium.
728 4098 949 4168 Aliquot
978 4107 1158 4154 autem
1198 4099 1318 4156 dies
1356 4101 1554 4155 morati
1597 4099 1738 4155 circa
1772 4100 1888 4154 Ru-

307 4193 412 4248 ban
443 4207 549 4248 una
585 4207 710 4249 cum
740 4189 1020 4264 Martyrio
1043 4201 1100 4248 et
1125 4191 1266 4258 Elia,
1305 4203 1496 4248 sancto
1523 4191 1686 4248 etiam
1717 4191 1890 4248 Gera-

307 4286 445 4340 sitno
474 4281 759 4339 nobiscum
805 4293 1081 4348 versante,
1119 4284 1399 4353 quoniam,
1431 4283 1629 4354 lnquit,
1677 4282 1890 4340 alacres

309 4391 540 4448 magnus
566 4390 652 4432 me
672 4385 728 4432 et
755 4377 1124 4433 Domitianum
1153 4375 1652 4447 videbatﬁutroque
1675 4391 1890 4432 assum.

310 4480 424 4538 pto,
473 4469 741 4526 transibat
773 4484 868 4541 per
905 4469 1220 4526 interiorem
1247 4468 1594 4526 solitudinem
1629 4469 1764 4542 (59.).
1811 4471 1893 4526 Ci-

1983 3277 2142 3346 ἔτυχε
2173 3275 2267 3329 καὶ
2291 3275 2391 3346 τῆς
2415 3272 2695 3344 τελευτῆς.

2052 3369 2171 3422 PA’.
2216 3364 2358 3435 Ἐγὼ
2384 3365 2441 3419 δὲ
2471 3364 2609 3446 πρὸς
2637 3364 2705 3418 τὰ
2734 3362 2862 3434 ἑξῆς
2889 3360 2998 3416 τῶν
3027 3357 3121 3416 τοῦ
3149 3356 3342 3430 ἀνδρὸς
3369 3370 3573 3425 κατορ-

1985 3459 2254 3532 θωμάτων
2298 3459 2580 3529 ἐπάνειμι.
2623 3455 2736 3512 Καὶ
2771 3455 2945 3510 ταῦτα
2983 3453 3094 3524 γάρ
3137 3469 3230 3523 μοι
3277 3449 3420 3522 μετὰ
3457 3447 3570 3502 τῶν

1985 3553 2180 3619 ἄλλων,
2219 3550 2472 3622 Ἰωάννης
2496 3566 2556 3603 τε
2581 3549 2614 3603 ό
2644 3547 2959 3620 ήσυχαστὴς
2988 3546 3084 3601 καὶ
3114 3545 3440 3606 ἐπίσκοπος,
3471 3537 3570 3592 καὶ

1985 3643 2280 3706 Θαλέλαιος
2303 3642 2332 3694 ὁ
2359 3639 2732 3713 πρεσϐύτερος
2755 3639 3108 3710 διηγήσαντο.
3131 3636 3408 3703 Ἐφασκον
3435 3631 3568 3701 γὰρ,

1987 3738 2062 3803 ὡς
2101 3737 2208 3808 ἄρα
2242 3731 2578 3806 διατρίϐουσι
2612 3748 2745 3786 ποτε
2781 3731 2966 3794 αὐτοῖς
3003 3729 3099 3784 ἐπὶ
3129 3730 3231 3797 τῆς
3267 3725 3505 3796 ἐρήμου.
3543 3724 3572 3776 ὁ

1991 3831 2301 3904 μακαρίτης
2330 3827 2511 3890 Σάϐας
2540 3823 2781 3898 ἐντυχὼν
2805 3823 3056 3896 διωμίλει
3080 3840 3095 3856 υ
3121 3822 3261 3886 Ἔτι,
3279 3819 3480 3886 λέγων,
3512 3820 3574 3870 ὲν

1987 3922 2064 3992 τῷ
2095 3917 2345 3989 κοινοϐίῳ
2373 3916 2471 3984 ὢν,
2498 3914 2712 3972 ἀνέλθοι
2745 3915 2886 3988 μετὰ
2907 3915 3004 3987 τὴν
3030 3913 3358 3968 Θεοκτίστου
3386 3909 3572 3964 τελευο

1986 4012 2108 4084 τήν,
2133 4013 2248 4084 ἅμα
2272 4011 2522 4081 Λογγίνῳ
2548 4009 2625 4081 τῷ
2653 4007 2946 4080 ἡγουμένῳ
2976 4007 3115 4080 πρὸς
3141 4006 3232 4062 τὸν
3262 4004 3440 4077 μέγαν
3467 4004 3572 4058 E6-

1990 4103 2216 4175 θύμιον.
2244 4103 2488 4176 Ἡμέρας
2527 4102 2586 4157 δέ
2620 4118 2774 4164 τινας
2814 4102 2944 4172 περὶ
2983 4100 3073 4154 τὸν
3100 4098 3328 4154 Ῥουϐἄν
3364 4095 3576 4164 διατρί-

1988 4198 2214 4268 ψαντες,
2254 4197 2372 4268 ἅμα
2409 4197 2522 4260 τοῖς
2567 4195 2697 4265 περὶ
2738 4192 3056 4264 Μαρτύριον
3093 4193 3189 4246 καὶ
3219 4190 3432 4253 Ἠλίαν,
3475 4187 3575 4242 καὶ

1989 4289 2297 4362 Γερασίμου
2339 4287 2434 4342 τοῦ
2477 4289 2537 4344 ὲν
2583 4287 2760 4357 ἁγίοις
2805 4285 3188 4358 συμπαρόντος
3229 4285 3388 4353 ἡμῖν,
3428 4281 3572 4345 imi,

1993 4381 2150 4454 φησὶ,
2191 4379 2506 4453 προθύμους
2548 4380 2578 4432 ό
2617 4378 2812 4449 μέγας,
2857 4377 2960 4448 ἐμέ
2999 4393 3060 4430 τε
3103 4376 3200 4430 καὶ
3242 4371 3580 4444 Δομετιανὸν

1994 4471 2170 4545 ἑώρα,
2213 4470 2548 4542 παραλαϐὼν
2586 4470 2967 4542 ἀμφοτέρους,
3016 4468 3105 4522 διὰ
3143 4467 3244 4538 τῆς
3292 4467 3575 4538 ὲνδοτέρας

309 4563 410 4614 bus
429 4569 609 4616 autem
636 4559 796 4616 nobis
810 4567 968 4614 erant
1006 4559 1218 4614 radices
1245 4559 1662 4630 meleagrorum.
1687 4559 1873 4615 Deindt

1991 4566 2200 4637 ἐρήμου
2241 4564 2514 4635 διήρχετο.
2544 4561 2733 4634 Τροφὴ
2772 4561 2831 4615 δὲ
2871 4557 3012 4634 ἦσαν
3049 4563 3200 4632 ἡμῖν,
3236 4560 3294 4614 aI
3330 4560 3442 4613 τῶν
3481 4575 3583 4628 με-

308 4652 658 4722 pervenimus
692 4653 757 4706 ad
787 4649 1078 4722 quamdam
1111 4658 1312 4706 terram
1343 4651 1632 4706 admodum
1661 4653 1893 4708 horren-

1991 4653 2268 4728 λεάγρωνί
2318 4655 2488 4726 ῥίζαι.
2514 4649 2647 4710 Εἶτα
2691 4652 3180 4727 καταλαμϐάνομέν
3204 4669 3327 4708 τινα
3354 4655 3460 4724 γῆν
3483 4653 3580 4706 ἀν·-

1598 4761 1836 4820 νΑιιικΕ
1865 4763 2274 4824 LECTIONES.

389 4860 406 4911 1
440 4859 513 4916 al.
551 4857 922 4932 μελεαγρίων.
954 4853 1060 4909 Int.
1100 4851 1506 4922 melagriorum.

1487 4965 1608 5022 ,ιοΑ
1621 4965 1684 5022 Ν.
1724 4967 2000 5027 BOLLAN
2011 4973 2071 5028 Dl
2113 4971 2347 5030 ΝΟΤᾹΞ.

385 5069 502 5153 (ﬁ?)
541 5067 675 5153 Ejus
701 5057 1905 5153 enie‘ntip-IitzmSAabaet
2002 5063 2909 5153 presbyteriumGama‘lielzqno
2940 5063 2995 5148 in
3029 5063 3148 5146 loco
3171 5063 3582 5153 laterent-cor-

313 5127 749 5209 Qttiriaci.'Huic
775 5131 994 5209 Paulus,
1027 5130 1103 5186 illi
1135 5128 1390 5209 suﬂgcttts
1411 5127 1898 5209 jttttioruTerehon.

382 5210 496 5282 (48)
538 5204 890 5282 Scythopolis
943 5202 1195 5282 secundae
1245 5196 1548 5282 Palaestina:
1588 5198 1900 5282 _Mell't)p_oli-

313 5269 436 5334 lana
472 5269 652 5342 sedes,
703 5269 894 5344 prima:
939 5269 1186 5327 Caesarea
1218 5285 1233 5323 :
1263 5280 1494 5338 utraque
1523 5270 1623 5325 sub
1667 5272 1898 5340 patriar-

313 5354 476 5406 rltatu
521 5344 1036 5414 Hierosolymitano.

385 5419 498 5490 (49)
539 5417 718 5490 Pauca
749 5407 813 5490 ἐξ
851 5413 936 5490 Itis
959 5418 1376 5490 supersunt...”
1414 5407 1590 5490 primp
1620 5407 1802 5490 huius“
1809 5421 1894 5490 est

311 5478 496 5546 sermo
535 5487 602 5542 de
633 5485 977 5540 sanctissima
1005 5478 1174 5538 Maria
1202 5479 1452 5547 Deipara,
1481 5494 1508 5532 a
1541 5478 1745 5533 Joanne
1767 5479 1892 5536 Pico

313 5557 633 5620 I’arisiensi,
665 5570 770 5609 una
799 5568 921 5609 cum
949 5555 1072 5609 aliis
1106 5551 1304 5613 editus,
1337 5557 1408 5620 et_
1433 5548 1890 5620 insertttsBiino-

316 5633 486 5683 thecae
518 5616 629 5680 SS.
655 5623 762 5680 PP.
802 5625 975 5685 tribus
1013 5621 1341 5679 editionibus
1377 5616 1797 5682 Parisiensibus,
1836 5629 1891 5675 et

314 5697 675 5770 Coloniensi;
702 5695 796 5770 sed
818 5694 999 5770 saeculi
1030 5695 1231 5770 6Lnar.
1253 5689 1309 5770 ᾖ,
1333 5688 1476 5758 quod
1501 5697 1632 5770 anas
1657 5690 1892 5770 nescire-

321 5781 439 5838 tur.
465 5757 716 5838 Secundo
755 5764 914 5834 hujus
945 5757 1362 5838 est‘lzlncomion’
1407 5759 1795 5838 conscriptum
1826 5757 1892 5838 de

319 5840 377 5893 ὃ.
424 5837 708 5894 Theodoro
742 5826 1003 5908 martyre,
1043 5834 1096 5891 in
1146 5848 1256 5906 quo
1282 5832 1490 5890 mentio
1535 5826 1888 5886 οει’1.υοίειιιί

2001 5133 2132 5206 pora
2169 5133 2270 5192 SS.
2317 5133 2921 5206 Stepltani,Nicodemi,
2959 5134 3128 5204 ipsius
3169 5133 3490 5190 Gamalielis
3524 5145 3584 5192 et

1995 5203 2155 5264 Abibi
2183 5207 2300 5271 lilii,
2337 5203 2595 5262 rerelavit
2625 5220 2713 5276 an.
2744 5203 2870 5276 415.
2899 5203 3013 5260 luto
3028 5206 3223 5276 horum
3251 5206 3578 5276 martyrium

1996 5279 2066 5332 ab
2111 5293 2178 5334 eo
2223 5277 2613 5346 conscriptum.
2653 5275 2888 5330 Consule
2919 5276 2976 5330 in
3021 5275 3200 5331 Photii
3247 5273 3578 5331 bibliotheca

1997 5357 2193 5403 tmema
2227 5347 2347 5402 171.

2071 5416 2184 5486 (50)
2222 5415 2494 5470 Palladius
2537 5415 2612 5486 in,
2633 5413 2827 5486 histor.
2861 5415 3119 5472 Lausiaca
3152 5430 3273 5484 cap.
3305 5416 3430 5480 106,
3466 5430 3586 5470 me-

2001 5485 2159 5541 minit
2182 5506 2201 5538 t
2225 5486 2584 5556 oratoriorum
2603 5485 2654 5541 in
2675 5485 2885 5556 Oliveto
2905 5491 2956 5541 in
2991 5486 3126 5542 colle
3149 5486 3578 5556 Assumptionis,

1999 5557 2143 5640 unde
2167 5556 2410 5640 ascendit
2429 5553 2608 5612 Jesus.
2633 5574 2652 5608 ι
2676 5555 2772 5613 Est
2798 5568 2981 5612 autem
3000 5558 3066 5612 ad
3081 5553 3572 5614 orientem'sancta:

1998 5635 2256 5684 civitatis.

2069 5696 2182 5768 (5i)
2226 5696 2300 5752 De
2327 5712 2394 5753 eo
2415 5712 2639 5768 agemus
2665 5697 2738 5753 26
2768 5697 3033 5754 Januarii.

2075 5767 2187 5840 (52)
2225 5767 2520 5840 Sequentta
2547 5778 2842 5825 narrantur
2867 5769 3031 5827 etiam
3055 5768 3110 5826 in
3139 5767 3256 5826 Vita
3303 5767 3360 5826 S.
3403 5769 3580 5826 Saba.
