3846 6490
323 455 428 521 (385

1579 457 1755 517 VITA
1797 453 1856 513 S.
1897 456 2239 518 EU'I‘HYMI
2256 460 2298 519 ί.

3459 469 3566 530 (386

322 571 458 639 ἠμεί,
467 585 526 621 ον
543 567 635 625 ἐπὶ
648 566 780 620 πολῦ
798 565 890 619 καὶ
908 564 1076 636 ξηρὰν
1093 567 1184 619 καὶ
1200 565 1434 638 ἀτεχνῶς
1451 566 1676 636 ἄνυδρον
1691 606 1703 619 .
1725 566 1898 631 Ἔγω-

2009 573 2137 629 tem,
2191 568 2498 636 siccamque
2543 580 2595 624 cl
2637 574 2861 627 omnino
2905 588 3055 643 aqua:
3097 585 3392 644 expertem.
3462 579 3569 647 ligo

320 676 386 730 γε
422 654 517 712 οὖν
550 657 827 730 ἀσυνήθης
858 656 936 711 ὢν
970 656 1284 713 παντάπασι
1317 657 1426 710 τῶν
1461 659 1521 711 ἐν
1554 658 1746 731 ἐρήμῳ
1780 657 1896 710 δια-

319 750 558 822 τριϐῶν,
584 750 726 820 δίψει
752 766 812 803 τε
848 748 1128 820 συσχεθεὶς
1159 748 1504 820 σφοδροτάτῳ
1525 788 1542 813 ,
1572 748 1899 820 λειποψυχίᾳ

318 865 379 902 τε
417 847 763 917 συνειχόμην,
798 845 893 899 καὶ
929 845 1054 900 οὐδέ
1086 845 1214 908 τοὺς
1255 843 1420 908 πόδας
1455 840 1602 914 εἶχον
1637 844 1718 899 ἔτι
1762 845 1899 916 πρὸς

317 940 420 1011 τὴν
453 935 682 1010 πορείαν
709 936 1044 1006 δυναμένους
1084 935 1412 1006 ὑπηρετεῖν.
1441 934 1806 1006 Ἐπιστρέψας
1842 935 1899 989 δέ

321 1046 485 1101 φησιν
513 1030 543 1081 ὁ
578 1029 752 1099 μέγας
782 1027 1082 1096 Εὐθύμιος,
1116 1028 1211 1082 καὶ
1239 1025 1412 1091 οὕτως
1446 1026 1763 1080 ἐκλείποντα
1796 1026 1898 1098 ήδη

322 1121 416 1175 καὶ
442 1121 785 1192 ἀπειρηκότα
812 1137 878 1191 με
909 1121 1267 1190 θεασάμενος,
1293 1118 1464 1173 ἔπαθε
1485 1118 1585 1190 τὴν
1608 1118 1786 1190 ψυχὴν
1812 1120 1897 1173 ἐπ’

320 1210 479 1282 ἐμοί’
506 1213 601 1265 καὶ
634 1211 827 1284 μικρὸν
846 1212 940 1282 ἀφ’
959 1212 1117 1282 ἡμῶν
1136 1211 1380 1278 διαστὰς,
1406 1211 1500 1265 καί¹
1524 1214 1594 1283 τῇ
1625 1214 1695 1283 γῇ
1727 1229 1898 1282 προσ-

323 1303 642 1359 καταϐαλὼν
669 1305 891 1367 ἑαυτὸν,
914 1302 1147 1376 ηὔχετο,
1173 1304 1376 1375 Κύριε,
1404 1303 1612 1373 λέγων,
1640 1304 1729 1368 δὸς
1754 1304 1897 1376 ὕδωρ

217 1457 223 1462 ,
320 1395 377 1445 ἐν
405 1398 477 1466 γῇ
506 1394 739 1467 διψώσῃ,
766 1395 865 1467 τὴν
893 1395 989 1449 τοῦ
1015 1395 1247 1466 ἀδελφοῦ
1275 1395 1437 1466 δίψαν
1466 1397 1899 1467 παραμυθούμε-

321 1499 409 1537 νον
428 1485 476 1538 ιι.
513 1487 624 1540 Καὶ
660 1487 797 1556 μετά
828 1484 928 1557 τὴν
960 1484 1125 1557 εὐχὴν
1157 1486 1427 1551 ἀναστὰς,
1464 1485 1896 1556 ἐπιλαμϐάνεται

320 1574 417 1629 τοῦ
450 1576 732 1646 σκαφείου,
760 1568 804 1645 ᾧ
831 1577 930 1640 τὰς
954 1577 1063 1631 τῶν
1091 1575 1330 1647 βοτανῶν
1354 1576 1714 1647 ἐκτέμνοντες
1741 1578 1897 1649 ῥίζας

212 1715 216 1719 4
318 1669 525 1745 τροφὴν
551 1670 902 1741 ἐποιούμεθα,
930 1672 1022 1725 καὶ
1048 1672 1237 1727 κόπτει
1268 1672 1440 1743 βραχὺ
1468 1672 1529 1725 τὸ
1556 1671 1774 1739 ἔδαφος,
1802 1674 1897 1725 καὶ

320 1761 483 1824 εὐθὺς
521 1761 664 1833 ὕδωρ
697 1763 805 1817 ἀπὸ
833 1763 933 1834 τῆς
968 1763 1074 1834 γῆς
1109 1764 1433 1818 ἀναδίδοται.
1465 1759 1601 1818 Εἶτα
1637 1763 1794 1817 καλεῖ
1829 1780 1896 1835 με

320 1851 457 1924 πρὸς
485 1852 700 1922 ἑαυτὸν,
727 1854 821 1909 καὶ
845 1854 1191 1911 ὑποδείκνυσι
1213 1855 1274 1908 τὸ
1299 1854 1464 1926 ὕδωρ,
1490 1854 1584 1909 καὶ
1612 1856 1756 1908 πιεῖν
1779 1856 1897 1908 ἐπι-

2004 656 2185 728 itaque
2216 646 2304 729 qui
2332 661 2491 730 plane
2523 678 2670 718 cram
2705 666 3011 723 inassuelus
3050 669 3570 725 commorationihus

2003 749 2054 804 in
2110 751 2346 818 deserto,
2390 754 2863 812 vehementissima
2926 758 3017 814 siti
3072 769 3376 830 correptus,
3435 763 3570 818 deli-

2004 843 2191 913 quium
2232 846 2398 900 animi
2438 847 2707 917 patiebar,
2737 855 2791 905 et
2822 864 2922 907 nec
2949 851 3113 921 pedes
3150 852 3414 909 habebam
3455 872 3569 911 am-

2001 934 2147 1004 plius
2176 936 2241 990 ad
2271 937 2481 994 itineris
2523 940 3044 999 administrationem
3076 944 3303 1001 validos.
3327 946 3570 1003 Conver-

2001 1039 2094 1079 sus
2119 1040 2266 1089 vero,
2297 1026 2489 1098 inquit,
2518 1044 2744 1101 magnus
2769 1032 3112 1104 Euthymius,
3150 1049 3341 1105 meque
3361 1038 3440 1094 sic
3459 1037 3571 1107 jam

2003 1114 2344 1182 deﬁcientem
2389 1129 2442 1174 et
2483 1118 2710 1175 fractum
2748 1109 2996 1187 intuitus,
3033 1139 3151 1178 mea
3180 1141 3341 1180 causa
3387 1130 3570 1186 animo

2002 1219 2308 1266 commotus
2356 1223 2473 1282 est;
2530 1231 2762 1286 cumque
2803 1230 2862 1271 se
2897 1217 3168 1286 paululum
3206 1236 3235 1275 a
3277 1223 3434 1279 nobis
3480 1239 3569 1280 se—

1996 1302 2285 1373 junxisset,
2332 1314 2388 1361 et
2424 1306 2492 1362 ad
2535 1316 2735 1363 terram
2783 1310 3186 1379 prostravisset,
3232 1314 3446 1380 orabat,
3482 1317 3567 1372 di-

2004 1408 2132 1452 cens
2163 1413 2179 1451 :
2212 1398 2456 1466 Domine,
2491 1398 2556 1454 da
2593 1414 2787 1470 aquam
2817 1401 2870 1456 in
2905 1409 3050 1457 terra
3083 1404 3308 1471 sitienti,
3334 1406 3403 1461 ad
3428 1407 3573 1463 sola-

2004 1484 2135 1539 tium
2189 1485 2519 1543 ali'erendum
2560 1488 2747 1547 fratris
2790 1490 2902 1547 siti.
2934 1490 3002 1546 Et
3045 1503 3167 1563 post
3212 1508 3405 1565 preces
3440 1512 3570 1553 sur-

2002 1591 2155 1648 gens,
2188 1579 2546 1647 apprehendit
2588 1579 2847 1651 ligonem,
2881 1599 2991 1654 quo
3028 1586 3238 1643 radices
3281 1586 3571 1645 herbarum

2002 1667 2453 1725 exscindebamus
2518 1671 2586 1725 ad
2650 1673 2948 1742 parandum
3015 1675 3171 1731 nobis
3246 1678 3460 1745 cibum,
3518 1693 3575 1735 et

2000 1753 2173 1809 solum
2197 1770 2386 1824 parum
2412 1759 2628 1826 scindit,
2669 1761 2963 1830 statimque
2989 1778 3128 1833 aqua
3153 1779 3183 1821 e
3213 1776 3355 1823 terra
3387 1780 3572 1825 scatu-

2001 1846 2092 1900 rit.
2124 1845 2314 1905 Postea
2349 1859 2503 1906 vocat
2537 1867 2622 1908 me
2648 1853 2714 1907 ad
2740 1868 2819 1919 se,
2852 1858 3089 1910 ostendit
3125 1872 3346 1927 aquam,
3394 1872 3448 1918 et
3487 1864 3573 1919 bi-

316 1921 533 2014 τρέπει.
564 1921 711 2001 Πιὼν
737 1948 950 2016 τοίνυν,
980 1947 1075 2003 καὶ
1099 1946 1161 2002 τὸ
1188 1921 1525 2017 συνέχον-τοῦ
1551 1946 1738 2017 δίψους
1762 1947 1897 2000 ἀπο-

2009 1938 2137 1992 bere
2169 1939 2454 2008 permittit.
2496 1940 2695 1998 Bibens
2734 1944 2918 2016 igitur,
2952 1955 3006 2002 et
3037 1948 3124 2002 siti
3152 1921 3270 2019 qua:
3296 1921 3577 2020 premebat

317 2036 497 2090 ϐαλὼν
523 2036 568 2105 ι,
601 2039 985 2110 ηὐχαρίστησα
1014 2039 1092 2111 τῷ
1126 2037 1447 2112 παραδόξως
1478 2037 1571 2093 διὰ
1603 2038 1712 2093 τῶν
1731 2037 1894 2093 αὐτοῦ

322 2128 675 2200 θεραπόντων
696 2134 761 2184 τά
778 2133 1008 2187 τοιαῦτα
1039 2131 1541 2203 θαυματουργοῦντι
1570 2128 1710 2203 Θεῷ.

386 2224 510 2277 PE'.
551 2222 738 2287 Οὕτως
781 2223 960 2295 ἔχοντι
1006 2224 1142 2297 πρὸς
1180 2224 1271 2277 τὸν
1305 2223 1439 2278 Θεὸν
1474 2222 1790 2297 παρρησίας
1818 2221 1898 2296 τῷ

317 2313 600 2386 Εύθυμίῳ,
639 2315 737 2369 καὶ
778 2314 1048 2387 τοσαύτην
1085 2313 1290 2370 ἀνωθεν
1329 2315 1761 2386 ἐπισπασαμένῳ
1798 2319 1899 2388 τὴν

318 2405 481 2477 χάριν
507 2407 600 2460 τοῦ
626 2406 963 2479 Πνεύματος,
989 2406 1109 2461 οὐδὲ
1130 2410 1229 2478 τῆς
1260 2407 1445 2479 κοινῆς
1473 2407 1622 2480 αὑτῷ
1644 2409 1901 2482 τελευτῆς

317 2496 566 2568 ὁ⁶καιρὺς
596 2499 909 2570 ἀπεκρύϐη,
934 2499 1055 2553 οὐδὲ
1084 2499 1185 2554 ὅσα
1213 2498 1354 2555 κατὰ
1377 2500 1476 2570 τὴν
1501 2500 1664 2555 αὐτοῦ
1690 2501 1898 2575 λαύραν

320 2588 646 2659 συμϐαίνειν
678 2590 934 2662 ἔμελλεν⁸
971 2590 1046 2656 ὡς
1083 2593 1135 2645 οί
1172 2592 1306 2647 θεῖοι
1333 2593 1577 2665 Πατέρες
1616 2587 1765 2649 οὗτοι
1804 2598 1898 2651 καὶ

321 2684 452 2753 περὶ
484 2683 667 2738 αὐτῶν
696 2684 823 2755 ἐμοὶ
852 2685 1206 2757 διηγήσαντο.
1238 2688 1376 2740 Φασὶ
1410 2688 1519 2759 γὰρ
1549 2689 1743 2762 ὀγδόην
1772 2692 1894 2745 τότε

323 2774 463 2844 μετά
483 2777 552 2830 τά
583 2777 738 2845 φῶτα
766 2777 1008 2849 ἡμέραν,
1027 2780 1151 2834 καθ’
1166 2780 1235 2851 ἢν
1261 2780 1410 2853 αὐτῷ
1447 2782 1678 2854 σύνηθες
1710 2780 1776 2855 ἧν
1803 2785 1896 2838 ἐπὶ

318 2866 420 2937 τὴν
462 2868 746 2941 ἐνδοτέραν
790 2870 1050 2942 ἀπαίρειν
1095 2872 1327 2945 ἔρημον,
1378 2874 1735 2948 συνήλθομεν,
1784 2877 1896 2931 οἵτε

321 2960 649 3029 προπέμψαι
682 2961 989 3033 μέλλοντες,
1018 2966 1113 3021 καὶ
1140 2967 1255 3020 ὅσοι
1280 2968 1604 3038 κοινωνῆσαι
1631 2968 1693 3022 τὸ
1720 2971 1900 3042 παρά-

327 3065 434 3102 παν
470 3049 621 3124 αὐτῷ
661 3053 762 3123 τῆς
807 3055 1116 3128 ἀποδημίας
1159 3057 1479 3127 ἠϐούλοντο,
1516 3059 1605 3112 Ἐν
1642 3054 1723 3123 οἷς
1750 3072 1791 3101 ω
1831 3062 1899 3116 ἂν

318 3136 463 3214 ἦσαν
484 3145 532 3199 οἱ
561 3149 688 3219 περὶ
715 3151 1032 3223 Μαρτύριον
1053 3155 1148 3206 καὶ
1174 3151 1383 3209 Ἠλίαν.
1416 3155 1630 3226 Ἐπειδὴ
1660 3156 1717 3210 δὲ
1745 3154 1898 3209 οὐδὲν

321 3237 598 3310 εὐπρεπὲς
619 3249 646 3278 ιι
675 3235 854 3314 εὗρον,
881 3244 1034 3299 οὐδὲν
1058 3244 1296 3318 ἕτοιμον,
1319 3247 1440 3301 οὐδὲ
1469 3250 1744 3321 προσῆκον
1768 3251 1898 3303 ἀνα-

321 3333 586 3403 χωρήσει,
616 3334 733 3389 ἀλλ’
758 3337 1143 3409 ἀπαράσκευον
1174 3339 1313 3404 ὅλως
1340 3341 1432 3394 τὸν
1463 3342 1636 3414 ἄνδρα
1668 3343 1900 3396 κατέλα-

320 3422 354 3475 ϐ
369 3440 439 3486 λν,
463 3425 825 3481 ἐπυνθάνοντο
842 3430 891 3483 εί
913 3428 988 3502 μὴ
1006 3428 1195 3501 αὔριον
1212 3438 1237 3467 ο
1250 3431 1490 3487 ἀπιέναι.
1506 3433 1565 3487 '0
1598 3433 1656 3487 δέ
1690 3434 1900 3500 Πᾶσαν,

321 3515 454 3585 ἔφη,
474 3516 573 3587 τὴν
590 3518 859 3590 ἑϐδομάδα
899 3522 1193 3594 συνέσομαι
1222 3523 1352 3595 ὑμῖν
1380 3526 1439 3578 ἐν
1468 3528 1535 3596 τῇ
1566 3524 1770 3597 λαύρα,
1808 3526 1903 3580 καὶ

319 3609 418 3663 τοῦ
433 3610 711 3664 Σαϐϐἀτου
732 3612 913 3683 μέσων
937 3614 1164 3682 νυκτῶν,
1184 3617 1278 3687 ἀφ’
1298 3616 1326 3670 ὁ
1337 3616 1455 3687 μῶν
1468 3618 1899 3687 χωρισθήσομαι.

321 3698 499 3753 Τοῦτο
528 3700 586 3755 δὲ
614 3699 736 3756 εἷπε
755 3743 771 3771 ,
801 3706 1103 3777 τηνικαῦτα
1130 3707 1389 3779 τελευτᾷν
1410 3718 1439 3758 P
1486 3707 1899 3779 προσημαίνων.

396 3792 537 3862 PG’.
581 3794 748 3869 Τρίτῃ
785 3798 916 3867 γοῦν
954 3800 1014 3853 τὸ
1050 3799 1189 3870 μετὰ
1219 3801 1395 3855 ταῦτα
1429 3800 1644 3873 ἡμέρᾳ,
1679 3802 1774 3856 καὶ
1805 3801 1902 3872 τῆς

334 3882 629 3939 Ἀντωνίου
671 3886 775 3958 ήδη
811 3888 904 3942 τοῦ
947 3889 1091 3945 θείου
1134 3892 1327 3963 ἑορτῆς
1368 3890 1901 3962 ἐπιστάσηςηάγρυ-

322 3977 487 4030 πνίαν
510 3980 599 4033 διὰ
624 3982 803 4053 πάσης
824 3983 922 4051 τῆς
943 3984 1135 4048 νυκτὸς
1158 3985 1215 4039 ἐν
1234 3984 1312 4055 τῷ
1330 3984 1444 4056 ναῷ
1468 4003 1541 4038 πα
1551 3985 1898 4057 ραγγέλλεις.

324 4072 440 4124 Καὶ
465 4071 575 4125 τῶν
603 4075 931 4147 νυκτερινῶν
962 4075 1147 4148 ὕμνων
1176 4078 1363 4142 αὐτοῖς
1398 4079 1627 4133 ἐκείνων
1654 4077 1902 4132 συντελε-

324 4164 587 4231 σθέντων,
626 4166 753 4232 τοὺς
801 4169 1206 4243 πρεσϐυτέρους
1252 4173 1310 4226 ἐν
1346 4170 1424 4241 τῷ
1464 4169 1759 4241 διακονικῷ
1805 4187 1902 4224 κα-

322 4257 575 4330 λουμένῳ
603 4258 936 4331 παραλαϐὼν
956 4303 970 4327 ,
1004 4263 1229 4328 Οὐκέτι,
1263 4264 1460 4334 φησὶν,
1491 4263 1712 4333 ἀδελφοὶ
1732 4305 1746 4329 ,
1782 4263 1900 4332 μεθ’

324 4347 484 4418 ὑμῶν
517 4350 824 4418 ἀγρυπνίαν
852 4353 1164 4409 διατελέσω.
1197 4355 1372 4410 Καλεῖ
1406 4357 1516 4425 γάρ
1556 4372 1624 4426 με
1658 4356 1757 4426 ἤδη
1793 4356 1903 4411 ἀπὸ

322 4439 427 4506 τῆς
462 4438 744 4512 παρούσης
778 4442 923 4516 ζωῆς
953 4446 984 4497 ὁ
1012 4445 1165 4511 Θεός.
1202 4446 1363 4501 Ἀλλά
1396 4446 1492 4501 νῦν
1528 4448 1628 4516 μὲν
1656 4448 1901 4516 ἐξελθόν-

321 4551 417 4597 τες
438 4575 454 4599 ,
490 4535 757 4592 καλέσατε
788 4556 879 4610 μοι
908 4540 1232 4611 Δομετιανόν
1251 4556 1265 4571 ·
1305 4540 1472 4594 ἕωθεν
1500 4539 1558 4594 δέ
1586 4541 1695 4593 τῶν
1728 4540 1901 4594 Πατέ-

2006 2026 2250 2099 depulsa,
2281 2033 2484 2100 gratias
2525 2034 2607 2104 egi
2641 2034 2751 2091 Deo
2780 2038 2871 2107 qui
2904 2050 3100 2108 praeter
3125 2041 3435 2110 opinionem
3476 2060 3574 2116 per

2007 2134 2195 2177 servos
2221 2139 2350 2179 suos
2382 2124 2511 2181 talia
2539 2127 2650 2182 edit
2674 2129 2956 2188 miracula.

2076 2211 2185 2269 CV.
2222 2214 2355 2271 Cum
2393 2216 2534 2273 hanc
2556 2219 2783 2277 haberet
2814 2224 2953 2293 apud
2984 2223 3150 2280 Deum
3195 2225 3440 2285 ﬁduciam
3465 2230 3575 2286 Eu-

2010 2305 2246 2380 thymius
2290 2317 2604 2383 tantamque
2650 2313 2885 2383 Spiritus
2924 2318 3155 2384 gratiam
3201 2333 3435 2389 superne
3487 2332 3574 2377 at-

2009 2401 2282 2468 traxisset,
2327 2416 2393 2458 ne
2421 2406 2725 2461 communis
2764 2406 2982 2478 quidem
3040 2411 3228 2467 mortis
3266 2414 3316 2469 ei
3362 2423 3573 2485 tempus

2006 2500 2092 2546 est
2113 2493 2508 2562 absconditum,
2540 2511 2639 2552 nec
2667 2513 3002 2570 quaecunque
3045 2515 3302 2559 eventura
3333 2518 3487 2562 erant
3520 2510 3571 2562 in

2006 2582 2128 2653 ejus
2154 2582 2335 2651 laura;
2376 2588 2518 2643 sicut
2543 2589 2708 2645 divini
2735 2592 2790 2647 hi
2818 2594 3013 2650 Patres
3042 2597 3108 2649 de
3133 2597 3199 2652 iis
3230 2598 3359 2653 mihi
3388 2615 3579 2654 narra-

2007 2686 2222 2731 verunt.
2245 2677 2625 2752 Aiuntquippe
2644 2685 2783 2753 quod
2807 2696 2998 2742 octavo
3023 2688 3133 2757 (55)
3162 2698 3288 2745 tunc
3318 2693 3406 2746 die
3453 2704 3576 2761 post

2005 2765 2208 2822 festum
2263 2769 2549 2839 luminum,
2607 2776 2824 2845 quando
2888 2778 3100 2834 solebat
3142 2781 3208 2834 ad
3260 2780 3574 2838 interiorem

2007 2861 2282 2930 proﬁcisci
2318 2866 2687 2934 solitudinem,
2734 2872 3107 2936 convenimus,
3144 2880 3255 2927 tum
3294 2875 3387 2943 qui
3421 2886 3578 2931 erant

2006 2956 2311 3024 deducturi,
2326 2970 2435 3013 tum
2460 2961 2768 3033 quicunque
2790 2964 2909 3033 ejus
2927 2966 3372 3037 peregrinationis
3394 2971 3574 3024 omni-

2008 3062 2079 3103 no
2123 3051 2372 3106 volebant
2413 3068 2537 3110 esse
2578 3056 2745 3123 socii;
2794 3072 2934 3127 quos
2976 3060 3117 3113 inter
3156 3068 3314 3115 erant
3371 3059 3577 3134 Marty-

2007 3140 2119 3198 rius
2160 3152 2215 3198 et
2254 3144 2415 3198 Elias.
2451 3144 2716 3212 Quoniam
2744 3161 2872 3203 vero
2909 3150 3045 3205 nihil
3074 3164 3322 3221 paratum
3354 3154 3579 3211 invene-

2009 3244 2156 3300 runt,
2191 3233 2322 3290 nihil
2352 3247 2680 3306 promptum,
2713 3253 2811 3294 nec
2838 3241 3077 3296 secessui
3102 3243 3451 3309 conveniens,
3484 3247 3578 3301 sed

2008 3328 2180 3381 virum
2219 3327 2556 3383 oilenderunt
2588 3328 2745 3399 plane
2777 3332 3125 3402 imparatum,
3152 3334 3415 3391 sciscitati
3446 3347 3579 3393 sunt

2005 3435 2071 3491 an
2115 3435 2219 3474 non
2251 3431 2394 3476 esset
2415 3437 2539 3477 cras
2567 3422 2834 3482 abiturus.
2866 3424 2956 3483 Ille
2988 3441 3115 3483 vero
3143 3442 3158 3480 :
3191 3427 3348 3493 Tota,
3377 3419 3574 3499 inquit,

2006 3512 2343 3568 hebdomada
2374 3529 2469 3572 ero
2512 3516 2788 3573 vobiscum
2821 3518 2871 3572 in
2906 3518 3076 3586 Iaura,
3119 3529 3175 3575 et
3204 3520 3430 3576 Sabbati
3466 3537 3578 3578 me-

2007 3606 2091 3659 dia
2152 3616 2329 3671 nocte,
2380 3623 2409 3662 a
2462 3611 2614 3664 vobis
2651 3613 2969 3681 separabor.
3028 3613 3140 3669 Hoc
3185 3623 3368 3671 autem
3415 3616 3574 3683 dixit,

2006 3698 2428 3768 praesigniﬁcans
2467 3717 2526 3757 se
2563 3713 2688 3757 tunc
2715 3718 2836 3759 esse
2867 3705 3214 3762 moriturum.

2073 3789 2208 3846 CVI.
2270 3793 2456 3863 Itaque
2506 3796 2665 3850 tertio
2709 3806 2831 3865 post
2872 3797 2985 3853 hazc
3039 3799 3148 3863 die,
3199 3800 3309 3870 jam
3363 3798 3575 3858 adven-

2006 3889 2156 3937 tante
2201 3883 2367 3938 divini
2412 3885 2630 3940 Antonii
2667 3885 2827 3955 festo,
2867 3890 3122 3958 praecepit
3158 3898 3217 3945 ut
3267 3906 3363 3962 per
3404 3901 3572 3948 totam

2008 3984 2223 4030 noctem
2278 3976 2562 4047 vigilarent
2629 3978 2682 4031 in
2734 3980 2952 4049 templo.
3011 3981 3077 4036 Et
3135 3985 3415 4041 nocturnis
3469 3985 3576 4043 illis

2003 4071 2219 4142 hymnis
2250 4086 2347 4141 per
2370 4087 2462 4128 eos
2486 4073 2738 4142 peractis,
2771 4088 2894 4129 cum
2924 4076 3310 4145 assumpsisset
3339 4083 3569 4153 presby-

2006 4172 2152 4217 teros
2186 4162 2237 4217 in
2275 4176 2341 4217 eo
2363 4163 2505 4231 quod
2533 4162 2875 4218 diaconicum
2923 4164 3271 4234 appellatur:
3312 4165 3426 4222 Non
3453 4183 3578 4224 am~

2006 4253 2169 4324 plius,
2217 4254 2414 4324 inquit,
2457 4254 2679 4320 fratres,
2733 4256 3016 4312 vobiscum
3053 4258 3270 4329 vigilias
3299 4275 3570 4332 peragam.

2007 4345 2090 4401 Me
2122 4346 2264 4401 enim
2295 4346 2404 4416 jam
2436 4356 2590 4401 vocat
2615 4346 2756 4402 Deus
2788 4363 2817 4401 a
2847 4348 2954 4402 vita
2986 4351 3261 4418 praesenti.
3295 4350 3401 4407 Sed
3432 4368 3573 4407 nunc

2004 4439 2221 4509 quidem
2253 4439 2480 4508 egressi.
2508 4438 2773 4495 arcessite
2799 4439 2930 4494 mihi
2961 4441 3324 4498 Domitianum
3363 4460 3378 4497 :
3412 4460 3571 4500 mane

2004 4542 2185 4585 autem
2228 4538 2370 4584 totus
2407 4527 2630 4583 Patrum
2668 4539 2843 4585 cmtus
2888 4532 3201 4587 conveniat.
3235 4532 3407 4588 Simul
3445 4550 3575 4606 ergo

323 4644 439 4697 ρων
480 4626 628 4682 ἅπαν
660 4629 722 4683 τὸ
757 4630 1008 4703 σύστημα
1046 4630 1367 4687 συνελθέτω.
1391 4632 1544 4703 ’Ἅμα
1583 4631 1715 4701 γοῦν
1754 4630 1898 4702 πρωῒ

2009 4623 2189 4678 cuncti
2229 4638 2387 4677 mane
2423 4623 2490 4678 ad
2522 4638 2644 4677 eum
2685 4622 2926 4678 studiose
2970 4623 3367 4682 conﬂuxerunt.
3398 4629 3574 4697 Atque

323 4718 618 4790 συνέρρεον
654 4720 792 4789 μετά
834 4721 1070 4793 σπουδῆς
1109 4721 1347 4786 ἅπαντες
1390 4723 1528 4793 πρὸς
1571 4721 1755 4775 αὐτόν.
1784 4721 1900 4774 Καὶ

324 4811 527 4881 μικρὸν
554 4812 814 4885 ἐπισχὼν,
846 4813 1050 4885 ἤρξατο
1080 4815 1217 4887 πρὸς
1248 4816 1447 4879 αὐτοὺς
1475 4815 1638 4883 λόγου
1666 4814 1895 4867 τοιοῦδε’

394 4904 516 4958 ΡΖ¹.
532 4905 776 4977 Πατέρες
798 4908 945 4978 ἐμοὶ,
961 4907 1284 4978 καὶάδελφοὶ
1304 4908 1583 4978 ἀγαπητοὶ
1600 4909 1658 4961 ἐν
1680 4907 1893 4978 Κυρίῳ,

322 4995 420 5048 καὶ
449 4994 618 5052 τέκνα
640 5013 654 5029 ’
699 4998 809 5067 ἐγὼ
845 4999 943 5069 μὲν
974 5000 1277 5072 πορεύομαι
1318 5000 1419 5072 ἥδη
1449 5000 1549 5070 τὴν
1582 4999 1897 5053 τελευταίαν

322 5084 443 5140 ὁδὸν
477 5086 585 5141 τῶν
618 5089 872 5162 πατέρων
905 5107 1029 5162 μου.
1067 5091 1244 5162 ’Υμᾶς
1285 5092 1342 5145 δὲ
1383 5089 1489 5162 χρὴ
1522 5089 1584 5143 τὸ
1623 5089 1760 5159 πρὸς
1796 5087 1898 5157 ἐμὲ

324 5177 573 5250 φίλτρον,
599 5180 687 5235 διὰ
711 5181 810 5252 τῆς
833 5182 941 5236 τῶν
966 5182 1195 5237 ἐντολῶν
1219 5183 1384 5236 τῶνδε
1412 5180 1660 5251 φυλακῆς
1690 5177 1898 5232 ἐπιδεί-

325 5269 545 5335 ξασθαι.
573 5267 674 5327 Ὧν
717 5274 1144 5348 προηγουμένως
1188 5273 1337 5327 ἐστὶν
1381 5274 1415 5343 ἡ
1458 5272 1668 5342 ἀγάπη,
1713 5268 1901 5323 σύνδεο

205 5405 225 5417 ι
327 5378 466 5431 σμος
506 5362 644 5420 οὖσα
673 5369 771 5438 τῆς
804 5370 913 5424 τῶν
948 5366 1158 5440 ἀρετῶν
1195 5366 1554 5438 τελειότητος.
1576 5364 1754 5433 Ὅπερ
1789 5361 1899 5433 γὰρ

402 5462 449 5495 ³⁸
475 5461 684 5517 Coloss.
708 5478 793 5529 ut,
830 5463 919 5518 I4.

2007 4715 2096 4769 ubi
2127 4730 2186 4769 se
2216 4730 2409 4786 parum
2446 4715 2736 4781 continuit,
2769 4716 2935 4782 cwpit
2972 4716 3114 4772 hunc
3151 4718 3219 4773 ad
3250 4734 3342 4775 eos
3372 4719 3573 4775 habere

2001 4820 2308 4865 sermonem
2348 4824 2363 4861 ι

2074 4897 2235 4955 CVII.
2280 4898 2468 4953 Patres
2498 4897 2599 4951 mei
2629 4907 2685 4952 et
2713 4896 2910 4953 fratres
2938 4897 3122 4954 dilecti
3150 4898 3205 4954 in
3243 4898 3489 4971 Domino,
3522 4914 3576 4958 et

2006 4991 2098 5045 filii
2125 5007 2141 5057 ;
2166 5005 2266 5059 ego
2290 4988 2508 5059 quidem
2534 4988 2647 5059 jam
2672 4998 2997 5058 postremam
3026 4990 3167 5045 viam
3195 5006 3439 5047 meorum
3468 4993 3574 5047 Pa-

2004 5092 2145 5138 trum
2192 5081 2486 5150 iugredior.
2519 5080 2628 5136 Vos
2669 5090 2849 5136 autem
2882 5091 3093 5153 oportet
3127 5093 3367 5139 vestrum
3396 5085 3448 5139 in
3489 5099 3575 5140 me

2006 5189 2243 5230 amorem
2305 5191 2399 5245 per
2448 5174 2642 5229 horum
2701 5185 3094 5244 praeceptorum
3137 5177 3569 5231 observationem

2003 5270 2310 5325 Ostendere.
2361 5265 2507 5320 Inter
2550 5282 2672 5335 qua:
2713 5267 2984 5338 prazcipue
3025 5277 3109 5324 est
3149 5268 3409 5335 cbaritas,
3452 5283 3571 5337 quae
3634 5331 3641 5337 _

2005 5358 2274 5413 vinculum
2330 5368 2416 5414 est
2468 5359 2729 5414 virtutum
2782 5359 3207 5430 perfectionis“.
3249 5359 3382 5414 Nam
3432 5359 3574 5428 quod

1598 5525 1836 5584 VARIIE
1860 5519 2261 5580 LECTIONES.

400 5629 429 5668 ll
453 5627 526 5682 al.
560 5624 1070 5699 παραμυθούμενος.

1177 5624 1195 5664 ι
1237 5626 1307 5680 aI.
1354 5623 1449 5677 τοῦ
1496 5623 1813 5692 συνέχοντος
1854 5621 2040 5692 δίψους
2095 5622 2427 5688 ἀνενεγκων.

2529 5631 2567 5652 ἠ
2602 5621 2759 5676 abest
2808 5617 2878 5673 ab
2920 5617 2993 5675 al.
3093 5626 3122 5654 ιι
3149 5615 3219 5670 al.
3279 5611 3572 5684 εὐπρεπές,

325 5700 351 5731 ⁸
386 5714 457 5753 an
483 5690 655 5754 inser:
682 5690 868 5770 μ’έλλῃ.
893 5690 905 5697 ’
942 5706 971 5747 P
997 5698 1068 5751 al.
1100 5698 1199 5768 τὴν
1218 5695 1497 5768 τελευτήν.
1572 5703 1600 5744 ς
1628 5690 1701 5746 ει.
1726 5690 2120 5763 παραγγείλας.

1524 5786 1718 5846 JOAN.
1759 5783 2101 5843 BOLLANDI
2136 5785 2371 5845 NOTAE.

398 5884 515 5963 (2'33)
537 5884 798 5963 Octavam
822 5882 1301 5963 _Theophaniorum
1332 5897 1360 5937 a
1384 5883 1603 5963 Graecis
1640 5880 1903 5963 celebrari

332 5957 399 6011 II
427 5955 693 6023 Ianuarii,
723 5957 959 6012 diximus
986 5970 1171 6024 supra;
1193 5970 1354 6024 quam
1387 5955 1833 6011 consuetudinem
1864 5967 1894 6005 a

2016 5878 2167 5951 Syris
2229 5883 2419 5955 etiam;
2461 5880 2651 5955 fuisse
2686 5880 3034 5955 observatam.
3078 5871 3207 5955 hinc
3224 5865 3574 5955 "conjﬁilj‘jljs

2007 5936 2147 6022 qdod
2183 5936 2340 6009 tertio
2373 5952 2442 6007 ab
2472 5952 2573 6006 hoc
2605 5951 2689 6005 ιΙίε
2721 5948 2883 6004 fuerit
2915 5942 3182 6000 festivitas
3224 5939 3282 5995 s.
3331 5936 3573 5991 Antonii.
