3846 6466
314 414 421 478 687

1560 404 1845 465 MENSIS
1878 404 2339 467 JANUARIUS.

3478 402 3588 468 688

306 530 389 588 sal
414 524 559 597 pani,
603 523 704 578 boc
734 518 1025 575 virtutibus
1060 515 1345 572 cbaritas:
1388 530 1485 572 nec
1521 517 1641 572 sine
1669 532 1732 571 ea
1774 515 1888 572 fieri

1998 518 2046 570 οἱ
2083 515 2210 580 ᾰλες
2239 515 2317 587 τῷ
2351 515 2522 588 ἄρτῳ,
2557 513 2714 568 τοῦτο
2745 517 2863 578 ταῖς
2899 515 3124 586 ἀρεταῖς
3159 515 3191 586 ἡ
3224 514 3418 589 ἀγάπη
3442 535 3457 550 ·
3495 524 3593 574 καὶ

309 628 509 693 potest,
556 626 615 673 ut
653 614 828 670 virtus
864 619 1025 683 prout
1068 619 1285 681 oportet
1322 622 1470 666 recte
1512 618 1882 701 exerceatur:

306 708 744 785 quandoquidem
786 705 1038 761 universa
1094 704 1265 758 virtus
1313 717 1409 772 per
1451 701 1776 756 clraritatcm
1833 708 1888 754 et

305 801 668 860 humilitatem
708 797 863 851 ﬁrma
918 805 975 850 et
1015 793 1227 850 stabilis
1265 793 1630 865 cognoscitur.
1674 792 1887 847 Etenim

304 894 591 952 humilitas
622 892 842 961 quidem
879 888 1030 945 novit
1050 902 1175 943 eum
1208 887 1298 959 qui
1333 886 1422 941 illa
1452 887 1640 953 utitur,
1675 887 1741 940 ad
1771 885 1889 941 cul-

306 1005 427 1045 men
458 997 606 1045 recte
655 985 926 1040 factorum
979 980 1282 1037 extollere:
1327 980 1567 1034 cbaritas
1601 994 1731 1034 vero
1772 988 1888 1034 tuto

302 1081 569 1147 continet,
612 1092 791 1149 neque
840 1076 971 1131 sinit
1008 1089 1071 1129 ea
1122 1089 1190 1128 ex
1231 1072 1520 1128 altitudine
1563 1070 1779 1126 cadere.
1818 1071 1885 1125 At

304 1171 479 1241 major
522 1179 611 1227 est
653 1168 894 1224 charitas
940 1165 1246 1221 humilitate
1295 1180 1309 1218 :
1359 1165 1502 1235 quod
1525 1174 1582 1219 et
1627 1173 1776 1233 patet
1819 1178 1887 1218 ex

304 1267 421 1335 ipso
464 1244 682 1320 Domini
732 1260 1122 1329 Creatorisque
1165 1258 1437 1328 exemplo.
1490 1256 1626 1312 Nam
1662 1266 1888 1328 propter

302 1373 458 1413 suam
491 1358 545 1413 in
580 1370 679 1412 nos
707 1355 1035 1411 charitatcm
1056 1354 1295 1424 seipsum
1319 1361 1527 1423 sponte
1555 1353 1885 1420 bumiliavit,

301 1463 359 1506 et
391 1451 569 1506 factus
595 1456 683 1503 est
714 1446 871 1517 juxta
921 1460 1039 1500 nos.
1094 1442 1323 1514 Oportet
1360 1458 1493 1512 ergo
1531 1443 1582 1500 ei
1621 1452 1888 1515 perpetuo

301 1540 576 1605 confiteri,
609 1550 663 1596 et
695 1540 925 1610 hymnos
955 1536 1173 1591 offerre.
1205 1534 1330 1590 Ilaec
1356 1534 1624 1605 siquidem
1660 1534 1887 1604 praecla-

304 1648 426 1689 rum
467 1639 551 1689 est
587 1645 619 1686 a
649 1629 864 1686 cunctis
900 1626 1212 1682 hominibus
1260 1626 1486 1681 omnino
1531 1616 1815 1693 exerceri;
1857 1641 1886 1679 τι

301 1726 460 1784 nobis
497 1732 681 1781 autem
715 1730 849 1777 ante
873 1730 1126 1786 caeteros,
1166 1730 1278 1775 tum
1315 1729 1538 1791 propter
1575 1728 1731 1791 pacta
1761 1735 1887 1775 cum

299 1837 387 1887 eo,
434 1828 559 1874 tum
605 1816 731 1886 quia
775 1815 842 1869 ab
886 1815 1035 1869 omni
1083 1814 1507 1870 conturbatione
1550 1812 1890 1883 negotiisque

1995 607 2164 677 χωρὶς
2194 605 2366 675 αὐτῆς
2399 605 2604 677 ἀρετὴν
2632 604 2709 669 ὡς
2738 606 2845 678 χρὴ
2878 606 3227 678 κατορθῶσαι
3260 608 3546 681 ἀμήχανον
3571 628 3588 642 ·

1996 698 2121 752 ἐπεὶ
2145 698 2241 751 καὶ
2270 697 2442 770 ἀρετὴ
2471 698 2622 751 πᾶσα
2644 737 2658 763 ,
2684 698 2752 751 δι’
2775 697 2995 767 ἀγάπης
3029 699 3126 753 καὶ
3149 702 3590 772 ταπεινοφροσύ-

1996 808 2094 860 νης
2126 789 2320 860 βεϐαία
2348 789 2697 860 γνωρίζεται.
2726 790 2790 844 Ἡ
2821 790 2921 861 μὲν
2952 789 3061 863 γὰρ
3087 798 3591 865 ταπεινοφροσύνῃ,

1998 881 2133 954 πρὸς
2159 880 2291 952 ὕψος
2315 877 2424 934 οἶδε
2450 882 2897 954 κατορθωμάτων
2919 885 3146 953 ἀνάγειν
3166 885 3259 939 τὸν
3282 874 3547 956 μετιόντα
3569 903 3587 917 ⁸

1996 976 2031 1045 ή
2072 974 2129 1028 δὲ
2170 974 2397 1044 ἀγάπη,
2439 973 2655 1044 συνέχει
2693 991 2752 1027 τε
2798 974 3094 1043 ἀσφαλῶς,
3138 977 3235 1031 καὶ
3275 969 3374 1031 τοῦ
3419 977 3593 1048 ὕψους

1997 1070 2208 1124 ἐκείνου
2241 1070 2521 1126 διαπεσεῖν
2549 1070 2648 1124 οὐκ
2682 1071 2766 1142 ἐᾷ.
2799 1070 3019 1135 Μείζων
3044 1081 3066 1109 ι’
3096 1071 3156 1125 δέ
3186 1073 3222 1143 ή
3256 1072 3448 1144 ἀγάπη
3482 1073 3589 1143 τῆς

1995 1164 2533 1237 ταπεινοφροσύνης’
2590 1164 2728 1236 ὅπερ
2783 1164 2879 1219 καὶ
2933 1165 3028 1219 ἀπ’
3058 1162 3226 1220 αὐτοῦ
3279 1165 3443 1236 δῆλον
3492 1164 3592 1219 τοῦ

1996 1259 2141 1314 κατά
2177 1259 2270 1314 τὸν
2312 1258 2593 1330 Δεσπότην
2633 1258 2730 1311 καὶ
2770 1258 3116 1329 Δημιουργδν
3157 1258 3592 1330 ὑποδείγματος.

1996 1354 2097 1409 Διά
2132 1355 2243 1426 γὰρ
2280 1352 2379 1425 τὴν
2417 1351 2556 1422 πρὸς
2595 1352 2744 1422 ἡμᾶς
2782 1350 3003 1421 ἀγάπην
3040 1349 3407 1404 ἐταπείνωσεν
3447 1352 3595 1404 ἑκὼν

1997 1448 2219 1513 ἐαυτὸν,
2250 1446 2348 1500 καὶ
2381 1443 2502 1499 καθ’
2527 1445 2678 1516 ήμᾶς
2712 1443 2927 1513 γέγονε.
2959 1440 3083 1513 Χρὴ
3115 1435 3208 1495 οῦν
3238 1441 3593 1512 ἐξομολογεῖ-

1999 1535 2124 1588 σθαι
2180 1533 2358 1604 τούτῳ
2412 1531 2749 1597 διαπαντὸς,
2809 1531 2906 1584 καὶ
2964 1528 3169 1601 ὕμνους
3224 1530 3589 1602 προσφέρειν.

1997 1626 2183 1679 Ταῦτα
2218 1626 2318 1696 μὲν
2342 1624 2450 1694 γὰρ
2477 1622 2572 1678 atati.
2598 1622 2809 1686 πάντας
2836 1622 3156 1694 ἀνθρώπους
3188 1623 3376 1689 ἁπλῶς
3405 1625 3596 1696 μετιέ-

1997 1734 2085 1772 ναι
2129 1718 2325 1772 καλόνο
2372 1715 2479 1787 πρὸ
2519 1715 2576 1769 δέ
2622 1715 2839 1769 πάντων
2876 1717 3042 1787 ἡμᾶς,
3085 1715 3175 1770 διά
3210 1733 3271 1769 τε
3311 1715 3411 1780 τὰς
3450 1718 3593 1788 πρὸς

1996 1811 2159 1866 αὑτὸν
2183 1810 2482 1883 συνθήκας,
2500 1810 2595 1864 καὶ
2621 1811 2704 1865 ὅτι
2737 1807 3055 1881 συγχύσεως
3080 1809 3301 1880 ἀπάσης
3324 1811 3420 1864 καὶ
3448 1827 3595 1882 πρα-

299 1909 655 1966 saecularibus
669 1905 1031 1972 liberi,vitam
1057 1914 1299 1961 nostram
1338 1905 1561 1960 minime
1578 1906 1888 1962 distractam

1998 1904 2224 1974 γμάτων
2251 1902 2668 1974 ἀπηλλαγμένοι
2696 1900 2988 1973 βιωτικῶν,
3017 1901 3433 1968 ἀπερίσπαστον
3459 1903 3595 1973 ἀγο-

302 1999 537 2067 agimus,
578 1996 789 2067 solique
841 1993 1086 2050 solitarie
1143 1995 1477 2050 attendimus
1523 1997 1680 2051 nobis
1733 1994 1891 2065 ipsis.

304 2087 536 2159 Semper
569 2077 861 2153 debemus,
906 2084 1130 2153 fratres,
1169 2086 1490 2157 corporibus
1516 2096 1571 2142 et
1609 2086 1893 2143 animabus

300 2181 441 2235 casti
463 2194 623 2248 esse;
662 2193 875 2235 necnon
910 2188 1228 2235 consuetam
1260 2179 1316 2234 in
1349 2180 1650 2250 synaxibus
1688 2180 1893 2250 glorifi-

299 2271 597 2337 cationem,
647 2268 917 2340 nobisque
961 2283 993 2323 a
1034 2267 1306 2340 principio
1353 2269 1587 2339 desuper
1635 2270 1890 2326 traditam

302 2365 570 2436 regulam,
634 2365 785 2420 omni
839 2364 1087 2420 custodia
1133 2377 1481 2419 conservare.
1533 2362 1734 2417 Eorum
1798 2363 1890 2434 qui

301 2458 636 2528 afﬂiguntur,
674 2471 804 2512 cura
845 2465 932 2512 est
969 2456 1205 2526 gerenda
1251 2469 1349 2526 pro
1397 2454 1629 2510 viribus.
1673 2452 1775 2522 Qui
1822 2470 1890 2511 ex

303 2552 564 2608 fratribus
592 2549 921 2607 colluctatur
956 2563 1080 2604 cum
1101 2548 1364 2620 improbis
1386 2547 1829 2620 cogitationibus,
1858 2563 1889 2603 a

302 2646 457 2702 vobis
500 2658 717 2715 semper
755 2643 1141 2709 confirmetur,
1172 2652 1226 2698 et
1255 2651 1514 2713 perpetua
1551 2640 1766 2697 fruatur
1792 2642 1890 2697 ad-

303 2738 622 2803 monitione,
674 2737 946 2803 doctrina,
1008 2735 1416 2805 prteccptione;
1462 2749 1531 2790 ne
1574 2734 1890 2805 imprudens

300 2831 564 2904 paulatim
599 2830 999 2902 supplantetur,
1019 2828 1208 2900 gravis
1241 2826 1396 2882 ruina
1432 2826 1648 2882 diabolo
1683 2826 1885 2883 factus.

301 2928 418 2985 Iloc
470 2938 686 2996 quoque
741 2922 993 2979 ultimum
1046 2922 1201 2977 vobis
1255 2921 1476 2990 impono
1530 2920 1884 2977 mandatum:

301 3019 593 3088 Nunquam
634 3015 802 3087 janua
833 3012 1164 3070 occludatur
1213 3010 1653 3075 advenientibus,
1682 3012 1777 3066 sed
1814 3012 1885 3066 sit

300 3127 520 3184 semper
546 3119 732 3182 aperta
764 3107 940 3163 cuivis
961 3106 1182 3171 viatori,
1214 3113 1270 3160 et
1300 3103 1449 3159 velut
1485 3106 1553 3158 ad
1576 3104 1884 3175 susceptio-

302 3220 429 3261 nem
459 3199 808 3273 paratissima
838 3216 853 3253 :
887 3197 1188 3268 quinetiam
1214 3197 1390 3266 ipsum
1415 3205 1614 3251 tectum
1637 3196 1792 3252 vobis
1815 3196 1883 3252 sit

302 3306 595 3351 commune
622 3288 931 3362 hospitibus
972 3297 1138 3357 atque
1175 3286 1584 3341 transeuntibus
1625 3301 1639 3338 :
1675 3282 1902 3342 necnon'

304 3406 369 3446 ea
395 3401 519 3461 qua:
547 3385 785 3451 habetis,
821 3380 1108 3454 egentibus
1143 3389 1519 3451 proponantur
1557 3381 1887 3435 communia.

282 3486 399 3541 -Sic
422 3482 572 3541 enim
593 3479 872 3552 copiosam
906 3477 1404 3550 suppeditationem
1435 3474 1655 3533 caelitus
1692 3489 1888 3532 conse-

304 3578 569 3652 quemini.

375 3671 557 3729 CVIII.
594 3669 723 3728 Haec
752 3668 844 3725 ubi
873 3669 952 3724 eis
987 3667 1227 3741 iniunxit
1253 3683 1269 3734 ;
1298 3674 1488 3736 postea
1510 3662 1887 3733 interrogavit,

305 3779 598 3835 quemnam
623 3762 826 3817 vellent
855 3760 986 3831 ipsis
1011 3772 1248 3831 praeesse
1275 3768 1331 3814 et
1363 3758 1655 3827 imperare.
1687 3754 1768 3809 Illi
1794 3770 1889 3807 an-

296 3872 416 3913 -tem
439 3856 587 3912 velut
605 3870 672 3910 ex
700 3862 987 3922 compacto
1016 3865 1208 3905 omnes
1243 3849 1640 3918 responderunt
1664 3864 1678 3900 :
1702 3844 1888 3899 Domi~

310 3953 539 4006 tianum.
576 3947 628 4003 Is
659 3961 789 4002 vero
823 3964 838 4001 :
876 3948 949 3999 At
991 3942 1115 4006 hoc,
1157 3943 1357 4011 inquit,
1394 3940 1511 3996 fieri
1553 3953 1659 3994 non
1689 3946 1882 4009 potest.

310 4043 649 4100 Domitianus
688 4040 831 4096 enim
882 4053 989 4092 non
1023 4036 1111 4091 hic
1159 4036 1320 4105 longo
1359 4042 1605 4104 tempore
1641 4041 1764 4102 post
1803 4045 1891 4086 me

311 4134 593 4200 manebit;
624 4131 719 4187 sed
751 4128 985 4201 septimo
1014 4128 1188 4184 solunr
1224 4129 1310 4182 die
1344 4132 1643 4189 transacto,
1684 4122 1890 4194 postri~

308 4231 398 4284 die
423 4242 512 4284 me
544 4232 825 4297 sequetur.
854 4222 968 4279 Hoc
1002 4235 1194 4278 omnes
1242 4219 1339 4289 qui
1377 4219 1607 4273 aderant
1634 4217 1891 4284 obstupe-

308 4320 459 4385 fecit,
501 4317 640 4374 adeo
684 4324 874 4387 aperte
902 4324 957 4368 et
987 4313 1215 4368 fidenter
1242 4306 1673 4365 dictum.-Simul
1711 4307 1893 4375 itaque

308 4428 408 4485 spe
433 4412 500 4467 de
539 4409 848 4465 Domitiano
882 4405 1104 4472 amissa,
1139 4403 1312 4457 Eliam
1344 4400 1637 4471 quemdam
1678 4407 1889 4470 petunt,

307 4501 588 4559 inferioris
653 4496 972 4554 monasterii
1024 4507 1394 4553 ceconomum.
1443 4488 1889 4545 Jerichuntiuum

1999 2013 2099 2068 μεν
2118 1994 2291 2068 ,ήμῶν
2315 1996 2416 2064 τὴν
2447 1986 2614 2066 ζωὴν,
2650 1993 2748 2047 καὶ
2780 1992 2931 2064 μόνοι
2966 1993 3285 2065 καταμόνας
3316 1995 3591 2066 προσέχο-

1999 2107 2100 2160 μεν
2136 2090 2367 2152 ἐαυτοϊς.
2408 2086 2718 2158 Ἀγνιστέον
2749 2088 2885 2157 ήμῖν
2908 2096 2930 2125 ¹
2966 2088 3053 2141 ἀεὶ
3086 2088 3183 2140 καὶ
3219 2088 3453 2159 σώματα
3492 2089 3593 2143 καὶ

1993 2181 2194 2253 ψυχὰς,
2229 2181 2450 2253 ἀδελφοί
2474 2198 2486 2212 ·
2521 2182 2616 2236 καὶ
2649 2180 2749 2249 τὴν
2780 2178 2991 2251 συνήθη
3033 2181 3166 2252 περὶ
3196 2178 3297 2244 τὰς
3335 2180 3592 2246 συνάξεις

1993 2272 2330 2342 δοξολογεαν,
2374 2271 2472 2326 καὶ
2499 2270 2591 2325 τὸν
2622 2268 2831 2325 ἀνωθεν
2856 2272 2992 2342 ἡμῖν
3021 2270 3458 2341 παραδεδομένον
3490 2289 3593 2326 κα-

1992 2365 2147 2431 νόνα,
2180 2364 2332 2439 πάσῃ
2365 2363 2582 2435 φυλακῇ
2615 2361 2909 2434 τηρητέον.
2939 2362 3061 2416 Τῶν
3091 2363 3150 2415 ἐν
3180 2361 3449 2433 θλίψεσιν,
3478 2365 3587 2439 ,ὅση

1991 2456 2224 2529 δύναμις
2254 2438 2636 2527 ἐπιμελητέον.
2670 2455 2732 2509 '0
2761 2455 3045 2527 λογισμοῖς
3073 2456 3301 2521 ἀτόποις
3327 2438 3591 2527 προσπα-

1990 2549 2156 2605 λαῐων
2190 2549 2301 2605 τῶν
2338 2550 2609 2621 ἀδελφῶν,
2642 2547 3029 2619 ἀσφαλιζέσθω
3068 2549 3224 2620 ὑμῶν
3249 2552 3266 2587 ί
3302 2552 3461 2615 dei“,
3494 2551 3592 2606 καὶ

1993 2640 2371 2713 παραινέσεως
2407 2639 2732 2695 ἀπολαυέτω
2771 2640 3058 2708 διηνεκοῦς
3098 2642 3193 2695 καὶ
3224 2642 3592 2707 διδασκαλίας

1990 2734 2085 2789 καὶ
2112 2733 2393 2805 ὑποθήκης
2413 2750 2428 2765 ’
2471 2733 2547 2804 μὴ
2575 2732 2715 2803 λάθῃ
2743 2733 2885 2788 κατά
2914 2732 3111 2804 μικρὸν
3141 2733 3588 2799 ὑποσκελισθεις,

1989 2830 2083 2883 καὶ
2111 2827 2312 2898 πτῶμα
2340 2826 2575 2898 χαλεπὸν
2601 2825 2680 2897 τῷ
2705 2826 2939 2897 διαϐόλῳ
2965 2826 3283 2897 γενόμενος.
3315 2828 3427 2881 Καὶ
3453 2828 3593 2882 ταῦ-

1988 2940 2091 2993 την
2116 2921 2173 2975 δὲ
2201 2919 2521 2975 τελευταίαν
2547 2920 2674 2990 ὑμῖν
2700 2919 2922 2989 ἐντολὴν
2947 2919 3265 2990 ἐπιτίθημιο
3300 2920 3360 2973 Ὀ
3391 2919 3585 2974 πυλὼν

1993 3015 2261 3086 μηδέποτε
2284 3015 2398 3077 τοῖς
2420 3009 2713 3084 παριοῦσιν
2728 3021 2757 3050 τ
2778 3010 3216 3077 ἀποκεκλεισθω,
3240 3011 3359 3067 ἀλλ’
3380 3014 3595 3067 ἀναπε-

1990 3107 2269 3172 πταμένος
2295 3106 2380 3159 ἀεὶ
2408 3104 2573 3159 παντὶ
2601 3103 2754 3177 ὀδετῃ
2783 3106 3061 3175 παρέστω,
3086 3107 3182 3158 καὶ
3205 3100 3317 3159 οἷον
3341 3106 3423 3171 εἰς
3458 3105 3594 3161 ὑπο-

1990 3200 2151 3270 δοχὴν
2177 3196 2529 3269 ἑτοιμότατος
2552 3211 2567 3227 ⁸
2607 3196 2698 3249 καὶ
2728 3195 2866 3267 αὐτὴ
2892 3195 2953 3249 δὲ
2982 3197 3113 3267 ὑμῖν
3138 3198 3171 3269 ή
3204 3197 3396 3269 στέγη,
3430 3198 3591 3268 κοινὴ

1990 3294 2104 3354 τοῖς
2140 3289 2311 3356 ξένοις
2348 3289 2445 3343 καὶ⁵
2483 3286 2878 3360 παροδεύουσιν
2909 3287 3026 3361 ήτω
3051 3304 3066 3319 ⁸
3101 3290 3258 3343 κοινά
3294 3289 3352 3342 δέ
3393 3290 3492 3343 καὶ
3521 3306 3592 3343 τα.

1992 3383 2123 3437 ὄντα
2148 3385 2262 3445 τοῖς
2292 3381 2567 3452 δεομένοις
2601 3379 2938 3450 προκείσθω.
2990 3381 3148 3434 Οὕτω
3179 3381 3289 3454 γὰρ
3319 3381 3387 3436 ἂν
3414 3382 3589 3452 ἀφθό-

1992 3496 2085 3533 νου
2116 3479 2212 3550 τῆς
2239 3477 2506 3550 χορηγίας
2532 3475 2741 3531 ἄνωθεν
2772 3474 3123 3532 ἀπολαὺοιτε.

2064 3662 2188 3717 PII'.
2231 3660 2416 3715 Ταῦτα
2436 3659 2583 3732 ’πρὸς
2608 3660 2808 3725 αὐτοὺς
2834 3660 3148 3731 ἐπισκήψας
3169 3676 3183 3692 ’
3219 3654 3361 3724 εἶτα,
3398 3659 3495 3713 καὶ
3520 3660 3590 3715 ⁵δν

1995 3754 2269 3827 βούλοιντο
2306 3752 2638 3825 ἀφηγεῖσθαί
2671 3769 2732 3806 τε
2772 3752 2953 3807 αὐτῶν
2989 3754 3082 3806 καὶ
3116 3752 3310 3825 ἄρχειν
3347 3753 3590 3807 ἀνεπυν-

1993 3846 2202 3901 θάνετο.
2236 3848 2298 3899 0i
2328 3845 2385 3898 δὲ
2416 3845 2670 3915 καθάπερ
2697 3845 2803 3899 ὑπὸ
2835 3846 3146 3915 συνθήματι
3169 3858 3195 3885 ι
3227 3843 3456 3909 πάντες,
3486 3847 3588 3897 Δο-

1996 3939 2251 4010 μετιανὸν
2279 3939 2669 4010 ἀπεκρίναντο.
2703 3939 2813 3992 Καὶ
2842 3937 3105 4005 δς,Ἀλλά
3132 3938 3288 3993 τοῦτο
3321 3939 3421 4008 μὲν
3454 3938 3589 3992 ἀδό-

1992 4049 2174 4099 νατον,
2213 4031 2341 4103 ἐφη.
2380 4032 2708 4103 Δομετιανὸς
2748 4032 2858 4105 γὰρ
2902 4032 3087 4086 οὐκέτι
3128 4033 3246 4103 μετ’
3272 4032 3374 4103 ἐμέ
3414 4033 3586 4088 πολὺν

1994 4125 2232 4179 ἐνταῦθα
2268 4126 2531 4195 ὑπομενεῖ
2558 4125 2752 4195 χρόνον
2778 4140 2793 4156 ³
2826 4125 2943 4178 ἀλλ’
2969 4124 3205 4196 ἑϐδόμην
3236 4125 3409 4195 μόνην
3441 4127 3588 4196 ἡμέ-

1999 4233 2098 4287 ραν
2148 4215 2451 4285 διαγαγὼν,
2501 4216 2602 4287 τῆς
2650 4215 3001 4289 ὑστεραίας]
3055 4216 3414 4287 ἀκολουθήσει
3468 4235 3585 4288 μοι.

1995 4308 2167 4362 Τοῦτο
2218 4309 2428 4371 πάντας
2476 4306 2739 4379 ἐξέπληξε
2793 4310 2919 4372 τοὺς
2974 4309 3280 4380 παρόντας,
3329 4310 3587 4381 φανερῶς

1993 4397 2138 4452 οὓτω
2192 4398 2288 4451 καὶ
2344 4398 2921 4470 πεπαρρησιασμένως
2977 4399 3187 4469 λεχθέν.
3227 4401 3588 4469 Ἀπογνόντες

1993 4493 2037 4547 δ’
2052 4490 2146 4547 οὖν
2163 4493 2313 4564 ὅμως
2332 4490 2687 4562 Δομετιανοῦ,
2706 4491 2891 4546 Ἠλίαν
2913 4491 3127 4545 αἰτοῦσι
3153 4509 3276 4546 τινα
3303 4493 3405 4563 τῆς
3430 4493 3587 4547 κάτω

307 4608 525 4665 genere.
550 4590 634 4645 Ad
663 4605 787 4645 eum
811 4603 941 4658 ergo
969 4588 1153 4642 statim
1180 4598 1477 4639 conversus
1507 4597 1757 4653 magnus,
1784 4581 1888 4636 Ec-

2000 4586 2164 4657 μονῆς
2199 4586 2501 4654 οἰκονόμον,
2537 4586 2598 4638 τὸ
2630 4584 2785 4652 γένος
2820 4584 3250 4656 Ἱεριχοῦντειον.
3284 4586 3590 4659 Ἐπιστρα-

308 4704 395 4754 cc,
424 4687 622 4756 inquit,
645 4698 838 4741 omnes
868 4679 1062 4736 Patres
1087 4687 1140 4732 te
1164 4677 1270 4731 sibi
1306 4685 1580 4745 pastorem
1618 4684 1672 4729 et
1696 4673 1889 4742 pmic-

308 4790 457 4837 ctum
487 4779 714 4850 eligunt.
747 4775 829 4828 Tu
855 4786 982 4828 vero
1000 4770 1143 4825 vide.
1177 4777 1236 4823 ut
1270 4768 1367 4822 tibi
1398 4766 1501 4835 ipsi
1527 4768 1798 4833 attendas,
1833 4776 1891 4820 et

304 4873 406 4930 toti
436 4871 610 4943 gregi.
655 4868 885 4939 Oportet
934 4872 1117 4919 autem
1161 4870 1217 4915 te
1256 4860 1359 4913 hoc
1380 4857 1546 4913 etiam
1578 4858 1722 4911 scire
1764 4868 1890 4913 ante

308 4968 440 5031 alia,
475 4964 620 5035 quod
647 4964 756 5017 Deo
786 4963 964 5012 visum
1002 4954 1096 5017 sit,
1133 4954 1274 5008 haud
1309 4953 1378 5005 ita
1408 4950 1498 5004 diu
1550 4950 1747 5004 abhinc
1775 4949 1892 5004 Iau-

308 5073 428 5113 ram
456 5058 598 5112 hanc
630 5061 847 5108 vertere
883 5050 938 5103 in
979 5045 1309 5102 cmnobium.
1353 5044 1619 5114 Deinceps
1650 5055 1806 5107 vero,
1835 5051 1892 5098 et

311 5150 528 5204 ubinam
554 5144 820 5202 aedificari
851 5139 1189 5204 ctenobium,
1224 5146 1280 5193 et
1321 5137 1595 5206 quomodo
1633 5135 1892 5192 constitui

312 5250 615 5313 oporteret,
653 5239 782 5290 item
816 5235 881 5288 de
906 5232 1178 5302 hospitutn
1205 5228 1545 5298 exceptione,
1570 5228 1891 5297 psalmodia,

304 5336 491 5392 studio
538 5334 591 5388 in
643 5328 826 5401 regula
869 5327 1197 5392 adhibendo,
1245 5323 1503 5394 praecepit
1532 5320 1690 5390 Eliaa,
1732 5333 1788 5378 et
1826 5324 1893 5377 de

311 5444 420 5484 non
443 5424 776 5496 negligendis
808 5419 1088 5483 fratribus,
1116 5418 1350 5472 maxime
1377 5417 1443 5470 iis
1469 5416 1558 5485 qui
1590 5424 1890 5484 gravantur

310 5518 497 5588 pravis
553 5513 996 5587 cogitationibus.
1050 5511 1255 5566 Deinde
1313 5510 1415 5564 hoc
1460 5515 1743 5579 postremo
1810 5508 1888 5561 ait

309 5608 563 5668 omnibus
601 5605 695 5661 :Si
718 5604 952 5675 aliquam
985 5604 1281 5659 invenerim
1313 5603 1379 5657 ad
1416 5601 1583 5656 Deum
1613 5598 1888 5667 fiduciam,

1996 4679 2112 4749 φεὶς
2145 4672 2238 4730 οῦν
2261 4676 2424 4739 εὐθὺς
2452 4676 2587 4747 πρὸς
2619 4677 2781 4731 αὐτὸν
2804 4678 2832 4731 ὁ
2865 4679 3059 4749 μέγας,
3078 4677 3237 4743 Ἰδοὺ,
3262 4679 3420 4750 φησι,
3443 4681 3587 4733 πάν-

1992 4786 2082 4833 τες
2109 4770 2158 4822 οἱ
2189 4768 2430 4839 Πατέρες
2456 4767 2692 4838 ποιμένα
2718 4785 2777 4822 σε
2801 4769 2954 4823 αὐτοὶ
2978 4770 3195 4835 ἑαυτοῖς
3219 4774 3312 4824 καὶ
3339 4773 3588 4843 προστά-

1994 4880 2093 4932 την
2112 4861 2459 4932 ψηφῐξονται.
2489 4861 2598 4914 Σὺι
2626 4861 2682 4914 δὲ
2709 4862 2858 4926 ὅπως
2884 4862 3066 4933 ἐαυτῷ
3090 4880 3151 4916 τε
3184 4864 3465 4936 προσέχῃς
3493 4866 3589 4920 καὶ

1996 4953 2162 5008 παντὶ
2186 4953 2265 5024 τῷ
2292 4953 2591 5024 ποιμνιῳι.
2619 4953 2711 5006 Δεῖ
2735 4953 2790 5007 δέ
2819 4971 2880 5008 σε
2910 4956 3004 5008 καὶ
3028 4954 3189 5008 τοῦτο
3216 4957 3323 5025 πρὸ
3349 4956 3463 5009 τῶν
3492 4959 3590 5013 ἀλ-

1997 5047 2105 5098 λων
2142 5044 2364 5108 ειδέναι,
2409 5046 2492 5098 ὅτι
2536 5044 2804 5100 κοινόὸιον
2842 5046 3102 5116 γενέσθαι
3144 5048 3352 5119 ταύτην
3389 5050 3455 5102 οῦ
3499 5052 3589 5104 διὰ

1999 5139 2211 5210 μακροῦ
2245 5137 2343 5207 τὴν
2375 5136 2583 5208 λαύραν
2619 5138 2911 5208 εὐδόκησεν
2943 5139 2973 5191 ὁ
3005 5138 3162 5203 Θεός.
3202 5138 3363 5209 Ἑξῆς
3396 5141 3457 5194 δὲ
3492 5146 3589 5196 καὶ

1995 5231 2129 5284 ὅπου
2158 5229 2217 5281 τὸ
2247 5229 2516 5282 κοινόῦιον
2543 5229 2989 5301 οἰκοδομηθῆναι,
3018 5230 3111 5284 καὶ
3138 5232 3290 5295 ὅπως
3320 5234 3589 5301 συστῆναι

1994 5321 2126 5385 δέοι,
2159 5321 2289 5391 περὶ
2317 5321 2416 5391 τῆς
2451 5320 2753 5393 ξενοδοχίαις
2784 5337 2843 5374 τε
2875 5324 2969 5376 καὶ
3001 5322 3326 5394 ψαλμῳδίας
3358 5328 3458 5379 καὶ
3486 5330 3590 5399 τῆς

1998 5417 2077 5478 εἰς
2113 5415 2204 5467 τὸν
2248 5414 2450 5468 κανόνα
2494 5416 2754 5487 σπουδῆς,
2798 5415 3118 5486 ἐπέσκηπτε
3156 5417 3235 5488 τῷ
3269 5419 3451 5492 Ἠλίᾳ,
3492 5422 3590 5474 καὶ

1995 5506 2089 5561 τοῦ
2124 5507 2199 5577 μὴ
2228 5506 2337 5560 τῶν
2368 5505 2613 5574 ἀδελφῶν
2644 5508 2894 5580 ἀμελεῖν,
2923 5511 3017 5564 καὶ
3046 5511 3252 5566 τούτων
3280 5511 3447 5566 πλέον
3476 5513 3589 5568 τῶν

1996 5599 2275 5671 λογισμοῖς
2320 5600 2545 5665 ἀτόποις
2592 5600 3003 5673 βαρυνομένων.
3034 5604 3268 5661 Ἔπειτα
3308 5606 3404 5661 καὶ
3450 5606 3590 5679 πρὸς

1629 5715 1868 5773 ἾΑΒΙᾸΞ
1894 5716 2304 5774 LECTIONES.

388 5831 408 5854 '
441 5820 515 5875 al.
551 5816 755 5887 μεῖξον.
833 5828 855 5856 ⁸
886 5817 956 5872 al.
991 5819 1142 5888 ὑμῖν.
1226 5820 1244 5855 ί
1286 5818 1358 5875 al.
1393 5818 1502 5873 ins.
1532 5817 1647 5886 ὑφ’,
1676 5816 1749 5888 al.
1787 5815 1937 5884 ὑμῖν.

313 5904 343 5949 1
387 5893 459 5951 aI.
490 5892 559 5963 τῇ
584 5889 866 5960 ὑστεραίᾳ.
953 5898 976 5926 ⁸
1008 5887 1077 5946 al.
1123 5890 1225 5949 σοί.
1305 5902 1331 5933 ει
1364 5889 1434 5946 al.
1463 5888 1590 5945 add.
1625 5887 1869 5975 μελήσει,

2038 5826 2067 5855 ιι
2107 5813 2180 5871 al.
2217 5813 2425 5871 αὐτῶν.
2518 5815 2643 5874 Val.
2668 5818 2961 5891 παροῦσιν.
3043 5828 3071 5858 κ
3094 5820 3168 5877 al.
3209 5820 3583 5892 συνθήματος.
