3846 6480
266 384 379 451 689

1539 390 1719 453 VITA
1757 389 1820 452 S.
1861 391 2267 458 EUTHYMII.

3446 396 3558 460 690

263 500 539 565 ἅπαντας,
575 498 883 555 τελευταῖον
917 499 1039 556 τόδε
1084 500 1272 572 φησὶν,
1317 502 1394 567 ὡς
1436 503 1608 577 Εῐπερ
1648 504 1870 576 εὖροιμί

1981 509 2118 565 hanc
2153 511 2388 581 primum
2431 519 2612 581 petam
2654 514 2721 569 ab
2752 526 2820 569 eo
2858 512 3118 586 gratiam,
3165 520 3227 569 ut
3276 510 3555 568 vobiscum

262 608 385 646 τινα
415 592 554 664 πρὸς
580 593 714 649 Θεὸν
740 593 1078 667 παρρησίαν,
1109 594 1313 667 ταύτην
1340 596 1551 668 αἰτήσω
1580 595 1809 669 πρώτην
1833 598 1863 638 b

265 684 399 753 παρ’
421 684 589 739 αὐτοῦ
628 684 728 758 τὴν
761 685 944 757 χάριν,
985 685 1126 740 ὥστε
1165 692 1406 743 συνεῖναι
1448 690 1578 759 ὑμῖν
1618 690 1726 758 ἀεὶ,
1768 691 1865 745 καὶ

262 779 378 842 τοῖς
415 778 536 847 μεθ’
559 778 727 849 ὑμᾶς,
757 779 834 850 τῷ
866 782 1138 853 πνεύματι
1167 783 1297 855 ἄχρι
1329 784 1423 838 καὶ
1444 784 1541 838 τοῦ
1572 784 1788 851 αιὶὦνος.

338 870 464 924 PO'.
489 870 680 928 Ταῦτα
713 872 885 928 εἰπὼν
910 875 1150 930 ἀπέλυσε
1172 877 1406 943 πάντας,
1429 877 1571 950 πλὴν
1593 881 1864 951 Δομετια-

265 962 360 1019 νόν
374 973 424 1019 ο.
443 966 555 1019 Καὶ
579 965 771 1037 τρίτην
792 969 850 1022 ὲν
868 967 945 1040 τῷ
970 969 1263 1042 διακονικῷ
1284 972 1475 1043 μείνας
1494 973 1554 1026 τὸ
1576 974 1714 1044 μετά
1736 972 1866 1027 ταῦ-

264 1072 337 1110 τα
354 1057 595 1129 ἡμέραν,
613 1059 692 1132 τῷ
731 1059 998 1128 Σαϐϐάτῳ
1016 1063 1234 1131 νυκτὸς,
1252 1066 1310 1118 ὲν
1344 1065 1540 1137 είρήνῃ
1575 1067 1861 1138 κοιμᾶται,

267 1150 367 1203 καὶ
408 1151 549 1220 πρὸς
577 1152 678 1223 τὴν
719 1153 932 1209 ἐκεῖθεν
958 1154 1232 1211 διαϐαίνει
1266 1161 1682 1230 μακαριότητα·
1729 1176 1867 1231 πρε-

270 1240 480 1313 σσύτης
514 1241 686 1308 ὅντως
729 1245 827 1299 καὶ
855 1245 1072 1318 πλήρης
1103 1247 1332 1319 ἡμερῶν
1352 1266 1367 1280 °
1394 1250 1586 1306 εἰκάδα
1615 1251 1738 1306 τότε
1770 1249 1864 1305 τοῦ

281 1331 644 1406 Ἰαννουαρίου
680 1336 850 1408 μηνὸς
879 1338 1130 1407 ἄγοντος,
1157 1340 1215 1393 ἐν
1244 1339 1355 1394 ἔτει
1390 1343 1489 1414 τῆς
1523 1343 1624 1414 μὲν
1653 1343 1863 1414 κόσμου

269 1425 507 1490 κτίσεως
532 1427 674 1482 κατὰ
713 1430 841 1492 τοὺς
867 1433 1286 1503 συγγραφέντας
1308 1434 1536 1507 χρόνους
1564 1436 1866 1508 Ἱππολύτῳ

267 1535 332 1572 τε
350 1517 431 1589 τῷ
460 1520 676 1592 παλαιῷ
708 1523 803 1576 καὶ
830 1524 1154 1590 ἀποστόλοις
1176 1527 1363 1591 αὐτοῖς
1385 1528 1672 1602 γνωρίμῳ,
1708 1532 1865 1586 Ἐπι-

270 1613 451 1684 φανίῳ
479 1631 539 1668 τε
572 1615 652 1687 τῷ
685 1618 750 1672 ὲκ
782 1616 1035 1691 Κύπρου,
1069 1620 1164 1676 καὶ
1190 1621 1409 1694 Ἤρωνι
1463 1623 1742 1697 φιλοσόφῳ
1768 1625 1865 1679 καὶ

275 1705 616 1780 ὁμολογητῇ,
643 1709 884 1783 πέμπτῳ
911 1728 970 1766 τε
1000 1713 1095 1766 καλ⁸
1129 1713 1410 1785 ἑξηκοστῷ
1442 1716 1535 1769 ἐπὶ
1562 1717 1867 1782 ἐνακοσίοις

273 1797 376 1851 καὶ
426 1801 916 1872 πεντακισχιλίοις,
973 1803 1072 1874 τῆς
1122 1804 1182 1857 δέ
1219 1821 1284 1872 γε
1321 1805 1414 1859 τοῦ
1466 1808 1674 1878 Κυρίου
1706 1808 1865 1880 ήμῶν

286 1889 467 1958 Ἰησοῦ
502 1869 743 1961 Χριστού
783 1869 1056 1962 ὲνσάρκου
1087 1869 1388 1965 ἐπιδημίας
1413 1894 1463 1961 ἀ,
1504 1869 1865 1967 πέμπτῳέπὶ
1898 1869 1942 1925 Β

272 1979 543 2050 ἐξήκοντα
564 1982 661 2036 καὶ
686 1983 1085 2056 τετρακοσίοις.
1110 1984 1295 2039 Ἔστω
1322 1986 1379 2039 δὲ
1412 1987 1509 2041 καὶ
1538 1988 1712 2042 ταῦτα
1738 1987 1869 2059 περὶ

274 2070 556 2143 Εὑθυμίου
590 2073 810 2142 εἰδέναι,
836 2075 910 2139 ὼς
936 2077 1022 2148 εἴη
1052 2075 1153 2149 τὴν
1185 2078 1283 2148 μὲν
1312 2076 1424 2143 ἕξιν
1460 2077 1736 2142 ἄπλαστος
1773 2079 1868 2134 καὶ

273 2167 609 2240 πραότατος,
638 2168 740 2240 τήν
792 2168 850 2222 δὲ
896 2170 1023 2242 ὄψιν
1059 2172 1398 2245 στρογγύλος
1433 2190 1494 2227 τε
1522 2173 1617 2227 καὶ
1650 2174 1867 2240 λευκὸς,

271 2260 503 2332 φαιδρός
529 2278 589 2314 τε
623 2262 820 2334 κομιδῇ
846 2263 941 2317 καὶ
967 2261 1220 2332 εΰοπτος,
1250 2264 1434 2330 πολιὸς
1463 2266 1742 2333 καθάπαξ.
1769 2268 1869 2340 τὴν

272 2355 493 2428 ήλικίαν
540 2356 723 2429 μικρῷ
761 2357 1124 2431 βραχύτερος,
1155 2360 1325 2426 πολὺς
1357 2361 1451 2416 τὸν
1493 2361 1734 2431 πώγωνα
1775 2362 1870 2415 καὶ

275 2451 444 2523 μέχρι
462 2450 638 2521 ζώνης
655 2452 819 2507 αὐτὸν
848 2454 945 2507 καὶ
966 2454 1207 2526 γαστρὸς
1239 2455 1583 2528 καθειμένος,
1611 2455 1871 2527 ἀκέραιος

270 2544 342 2599 τὰ
397 2545 537 2618 μέλη
586 2548 681 2602 καὶ
716 2548 908 2619 ὕγιής’
959 2549 1022 2602 οὐ
1056 2548 1345 2614 δάκτυλον,
1387 2551 1489 2604 οὐκ
1525 2550 1730 2622 ὄνυχα,
1766 2550 1867 2604 οὐκ

272 2637 492 2706 ὀδόντα,
525 2641 588 2694 οὐ
641 2641 838 2713 μικρὸν
887 2642 949 2696 οὐ
992 2642 1181 2714 μεῖξον
1212 2655 1236 2682 ε
1282 2641 1377 2697 τοῦ
1413 2643 1666 2715 σώματος
1704 2644 1871 2716 μέρος

272 2730 593 2805 ἰπιλειπής.
612 2734 878 2789 Γεννᾶται
907 2734 1005 2806 μὲν
1021 2731 1116 2791 οὖν
1144 2735 1201 2804 ἐξ
1237 2736 1657 2807 ἀποκαλύψεως,
1680 2735 1871 2807 ὥσπερ

271 2826 373 2878 καὶ
407 2826 510 2898 ἤδη
539 2844 628 2897 μοι
653 2826 894 2900 εἴρηται.
926 2829 1068 2900 Τρία
1088 2829 1146 2884 δὲ
1170 2827 1413 2899 γεγονὼς
1439 2829 1557 2901 ἔτη,
1583 2828 1873 2901 καθιεροῦ-

272 2932 366 2970 ται
397 2916 540 2988 Θεῷ,
572 2935 678 2973 κατ
728 2919 906 2992 ἀρχὰς
925 2922 1025 2990 τῆς
1061 2921 1340 2992 βασιλείας
1366 2920 1651 2976 Θεοδοσίου
1673 2922 1873 2995 δηλαδή

273 3007 373 3060 τοῦ
399 3009 683 3077 Μεγάλου.
706 3011 941 3067 Διελθὼν
967 3012 1025 3066 δὲ
1044 3012 1136 3067 διὰ
1152 3015 1375 3069 πάντων
1397 3013 1870 3086 ὲκκλησιαστικῶν

277 3097 531 3169 βαθμῶν,
566 3101 648 3165 είς
684 3100 1044 3175 Ἰερουσαλήμ
1074 3102 1293 3176 ἔρχεται
1320 3104 1451 3175 περὶ
1486 3104 1555 3159 τὰ
1582 3104 1739 3159 ἐννέα
1764 3121 1867 3158 που

274 3192 375 3245 καὶ
405 3193 609 3247 εἴκοσιν
638 3193 732 3267 ἔτη
771 3196 870 3267 τῆς
905 3196 1045 3261 ἰδίας
1074 3198 1242 3269 ζωῆς.
1259 3197 1438 3252 Ὀκτὼ
1463 3197 1520 3251 δὲ
1542 3198 1679 3270 πρὸς
1703 3201 1817 3262 τοῖς
1847 3198 1863 3236 ί

1969 602 2073 657 sim
2107 612 2434 673 semper,et
2474 619 2601 661 cum
2630 605 2868 676 posteris
2902 606 3122 673 vestris,
3156 605 3365 678 spiritu
3388 618 3559 678 usque

1969 695 2022 749 in
2052 695 2329 751 saeculum.

2036 875 2173 933 CIX.
2212 875 2309 935 His
2352 878 2533 944 dictis,
2572 879 2772 936 dimisit
2801 893 3013 947 omnes,
3051 888 3249 952 prmter
3277 879 3547 935 Domitiao

1969 987 2118 1027 num.
2148 971 2359 1029 Etcum
2394 975 2711 1044 treslpostea
2727 973 3217 1044 diesmausissctin
3247 973 3556 1040 diaconico,

1968 1062 2213 1120 Sabban
2234 1076 2397 1120 noctu
2419 1064 2623 1121 dormit
2650 1065 2705 1120 in
2755 1079 2890 1137 pace
2913 1065 3052 1137 (54),
3086 1074 3143 1120 et
3176 1068 3243 1121 ad
3277 1079 3398 1120 eam
3433 1079 3556 1134 quae

1969 1157 2077 1214 illic
2096 1166 2177 1213 est
2197 1158 2391 1214 transit
2409 1158 2837 1226 beatitudinem;
2878 1173 3067 1215 revera
3088 1171 3253 1215 senex
3285 1164 3339 1215 et
3367 1158 3559 1230 plenus

1968 1247 2201 1314 dierum,
2240 1248 2502 1304 vicesima
2525 1248 2614 1304 die
2638 1248 2844 1305 mensis
2873 1246 3146 1314 Januarii,
3180 1247 3234 1302 in
3263 1263 3407 1303 anno
3433 1248 3559 1317 qui-

1968 1340 2132 1395 dema
2148 1341 2331 1396 mundi
2350 1341 2967 1408 creatione,secundum
2993 1349 3239 1412 tempora
3263 1341 3466 1410 scripta
3491 1341 3559 1393 ab

1967 1430 2256 1502 Hippolyto
2271 1430 2386 1503 (55)
2401 1430 2493 1487 illo
2507 1430 2734 1502 antiquo
2748 1431 2989 1502 ipsisque
3001 1430 3266 1502 apostolis
3279 1429 3482 1486 familia
3491 1432 3534 1486 ri
3541 1472 3558 1496 ,

1967 1530 2021 1578 et
2047 1522 2115 1579 ab
2135 1522 2439 1594 Epiphanio
2453 1523 2653 1596 Cyprio
2676 1522 2815 1596 (56),
2835 1523 2975 1580 etab
3006 1523 3222 1580 Herone
3242 1521 3354 1597 (57)
3386 1522 3562 1594 philo-

1968 1617 2144 1687 sophe
2159 1623 2214 1673 et
2234 1616 2569 1683 confessore,
2589 1616 2880 1688 quinquies
2902 1616 3190 1673 millesimo
3211 1617 3561 1690 nongentesi-

1968 1723 2059 1763 mo
2076 1708 2416 1779 sexagesimo
2459 1708 2650 1781 quinto
2688 1708 2828 1782 (58),
2873 1723 2906 1765 a
2941 1708 3156 1764 Domini
3175 1718 3359 1766 autem
3385 1710 3560 1765 nostri

1967 1798 2094 1856 Jesu
2124 1801 2330 1859 Christi
2356 1802 2410 1858 in
2440 1817 2606 1860 carne
2630 1803 2892 1869 adventu,
2928 1802 3469 1875 quadringentesimo
3505 1813 3562 1857 et

1970 1901 2310 1974 sexagesimo
2335 1899 2545 1970 quinto.
2582 1896 2845 1953 Sciantur
2875 1903 3054 1952 autem
3089 1896 3205 1951 haec
3239 1908 3456 1966 quoque
3494 1892 3563 1948 de

1969 1992 2282 2063 Euthymio,
2315 1992 2460 2061 quod
2481 1989 2679 2045 habitu
2691 1987 2911 2061 quidem
2931 2000 3052 2044 erat
3071 1987 3297 2043 minime
3333 1987 3491 2042 [ictus
3507 1995 3564 2041 ct

1971 2086 2313 2149 mitissimus,
2333 2090 2553 2154 aspectu
2570 2092 2753 2139 autem
2775 2090 2918 2137 teres
2935 2091 2990 2136 et
3006 2080 3182 2147 albus,
3203 2078 3360 2134 valde
3382 2079 3559 2139 laetus.

1972 2185 2025 2235 et
2041 2179 2109 2234 ad
2123 2178 2409 2233 videndum
2423 2175 2719 2248 iucundus,
2734 2189 2794 2230 ea
2804 2189 2905 2230 nus
2921 2172 3164 2239 omnino,
3179 2181 3385 2226 statura
3401 2168 3563 2240 paulo

1970 2270 2227 2339 brevior,
2262 2269 2429 2325 densa
2472 2268 2636 2325 barba
2669 2275 2725 2323 et
2761 2282 2934 2338 usque
2963 2269 3030 2322 ad
3064 2281 3258 2321 zonam
3290 2271 3562 2319 ventrem-

1972 2380 2078 2435 que
2108 2364 2397 2436 promissa,
2430 2362 2690 2418 membris
2711 2360 2926 2432 integer
2950 2367 3004 2416 et
3032 2373 3225 2425 sanus,
3255 2366 3314 2412 ut
3343 2356 3430 2413 cui
3455 2370 3562 2410 non

1974 2459 2199 2529 digitus,
2232 2473 2340 2512 non
2374 2456 2594 2527 unguis,
2642 2469 2748 2510 non
2778 2453 2940 2518 deus,
2982 2468 3089 2509 non
3119 2465 3285 2523 parva
3322 2464 3422 2507 nec
3445 2463 3562 2503 ma-

1974 2564 2077 2620 gna
2112 2563 2240 2619 pars
2276 2546 2492 2602 abesset
2520 2545 2787 2614 corporis.
2823 2544 3004 2614 Atque
3036 2553 3199 2597 natus
3229 2550 3315 2597 est
3341 2540 3561 2611 quidem

1975 2657 2041 2695 ex
2084 2637 2440 2705 revelatione,
2474 2647 2532 2692 ut
2562 2637 2679 2708 jam
2712 2651 2742 2691 a
2775 2652 2861 2691 me
2902 2635 3111 2691 dictum
3144 2633 3269 2689 i‘uit.
3313 2632 3562 2687 Tertium

1975 2743 2153 2789 autem
2185 2747 2353 2800 agens
2391 2746 2615 2798 annum,
2662 2730 2772 2785 Deo
2811 2737 3183 2793 consecratur,
3215 2726 3428 2783 scilicet
3458 2728 3563 2781 sub

1975 2825 2190 2881 initium
2223 2824 2433 2894 imperii
2478 2822 2773 2879 Theodosii
2822 2821 3025 2894 Magni.
3058 2820 3306 2890 Cumque
3330 2818 3563 2874 transis-

1976 2927 2059 2974 set
2082 2933 2178 2989 per
2210 2931 2402 2973 omnes
2433 2915 2844 2972 ecclesiasticos
2882 2913 3106 2984 gradus,
3134 2913 3283 2968 venit
3309 2909 3565 2966 Hieroso-

1978 3011 2173 3084 lymam
2215 3009 2362 3066 circa
2401 3024 2603 3066 annmu
2650 3009 2772 3063 vitae
2812 3021 2924 3063 suae
2965 3005 3287 3063 vicesimum
3332 3017 3562 3059 nonum.

1976 3106 2047 3159 At
2078 3103 2358 3174 sexaginta
2389 3100 2549 3158 anuis
2580 3101 2635 3156 in
2689 3098 2984 3155 solitudine
3035 3096 3278 3169 perlatis,
3325 3108 3566 3164 nonage-

1978 3199 2119 3254 simo
2149 3196 2367 3268 quidem
2391 3204 2449 3252 et
2479 3209 2623 3252 nono
2648 3191 2764 3267 (59)
2795 3207 2939 3248 anno
2973 3206 3085 3249 suae
3117 3190 3316 3258 aetatis,
3352 3187 3586 3245 decimo,

274 3284 549 3355 ἑξήκοντα
574 3288 798 3359 χρόνους
817 3289 876 3342 ὲν
894 3290 1088 3362 ἐρήμῳ
1103 3290 1419 3360 διενεγκὼν,
1436 3291 1613 3363 ὲνάτῳ
1646 3290 1744 3362 μὲν
1772 3292 1867 3346 καὶ

1981 3298 2158 3346 autem
2191 3298 2346 3347 sexto
2368 3288 2580 3361 imperii
2608 3287 2830 3356 Leonis,
2859 3286 3075 3342 excedit
3101 3300 3133 3342 e
3157 3284 3288 3340 vita.

277 3381 625 3454 ἐνενηκοστῷ
661 3383 762 3451 τῆς
790 3382 957 3439 αὐτοῦ
990 3385 1230 3456 ήλικίας,
1251 3385 1396 3457 ἕκτῳ
1424 3385 1484 3440 δὲ
1520 3385 1618 3440 καὶ
1650 3383 1863 3456 δεκάτῳ
1895 3388 1995 3458 τῆς
2022 3383 2117 3441 τοῦ
2141 3384 2375 3448 Λέοντος
2398 3382 2675 3455 βασιλείας
2695 3380 2828 3446 ἔτει,
2851 3376 3114 3434 καταλύει
3144 3380 3239 3434 τὸν
3272 3377 3413 3449 βίον.

349 3479 457 3537 Pl'.
495 3481 610 3551 Τῆς
644 3481 701 3535 δὲ
732 3484 923 3556 φήμης
954 3482 1126 3551 ὀξέως
1162 3482 1307 3537 κατὰ
1331 3482 1516 3555 πάσης
1557 3483 1658 3553 τῆς
1712 3498 1873 3555 περι-

276 3572 465 3646 χώρου
496 3573 856 3646 διαδοθείσης,
897 3574 1104 3647 πλῆθος
1153 3574 1409 3647 μοναχῶν
1452 3592 1511 3628 τε
1541 3575 1632 3628 καὶ
1665 3574 1873 3629 λαῖκῶν

275 3666 393 3722 οὐδ’
422 3666 781 3739 ἀριθμεῖσθαι
815 3667 997 3740 ῥᾴδιον
1034 3666 1427 3740 συνηθροίσθη.
1460 3668 1538 3722 Οὐ
1573 3666 1702 3739 μὴν,
1734 3666 1872 3721 ἀλλὰ

278 3760 381 3816 καὶ
436 3761 792 3825 Ἀναστάσιος
820 3763 849 3814 6
903 3761 1012 3816 τῶν
1066 3760 1458 3834 Ἰεροσολύμων
1502 3760 1872 3833 πατριάρχης,

280 3852 459 3924 ἐσμὸν
489 3852 609 3923 ἃμα
659 3854 941 3926 κληρικῶν
974 3872 1035 3908 τε
1067 3857 1163 3909 καὶ
1211 3853 1564 3926 στρατιωτῶν
1600 3857 1624 3895 ⁸
1657 3871 1878 3924 συμπα-

285 3942 565 4012 ραλαὸὼν,
587 3944 796 4014 ἐφοίτα.
817 3944 1008 4015 Παρῆν
1032 3943 1090 3997 δὲ
1113 3943 1207 3997 καὶ
1222 3942 1572 4014 Χρύσιππος,
1601 3944 1699 3998 σὺν
1727 3940 1877 4014 αὐτῷ

282 4035 381 4090 καὶ⁵
425 4035 792 4107 Γαὸριήλιος·
838 4036 976 4090 ἀλλὰ
1022 4037 1119 4091 καὶ
1145 4040 1173 4092 6
1203 4036 1451 4102 διάκονος
1478 4037 1664 4100 Φείδος
1687 4052 1701 4067 ο
1733 4037 1788 4090 οῖ
1814 4053 1876 4091 τε

284 4130 434 4185 κατὰ
467 4131 569 4196 τὰς
619 4132 863 4203 ἐρήμους
918 4132 1304 4206 ἀναχωρηταὶ,
1340 4132 1437 4187 καί⁵
1475 4133 1632 4186 αὐτοὶ
1666 4148 1878 4186 παντα-

280 4222 444 4296 χόθεν
467 4222 752 4296 συνῄεσαν·
775 4219 851 4282 ὧν
873 4219 954 4290 εἷς
980 4221 1049 4299 ἦν
1071 4226 1166 4281 καὶ
1185 4227 1213 4280 6
1244 4225 1386 4291 θεῖος
1403 4224 1734 4298 Γεράσιμος.
1753 4224 1875 4291 Ἐξ-

2048 3480 2165 3538 CX.
2201 3480 2373 3538 Porro
2411 3480 2560 3534 fama
2598 3476 2856 3534 celeriter
2893 3492 2993 3550 per
3030 3491 3248 3533 omnem
3279 3474 3565 3530 ﬁnitimam

1979 3576 2256 3644 regionem
2291 3588 2501 3645 sparsa,
2554 3574 2948 3629 monachorum
2985 3580 3038 3628 et
3072 3571 3337 3629 laicorum
3381 3570 3568 3626 multi-

1980 3667 2111 3723 tudo
2157 3670 2248 3722 vix
2297 3665 2655 3723 numerabilis
2702 3675 3032 3738 congregata
3077 3674 3210 3721 est:
3263 3663 3566 3736 quinetiam

1981 3755 2304 3812 Anastasius
2358 3754 2860 3829 Hierosolymorum
2899 3756 3247 3824 patriarcha,
3287 3765 3568 3824 assumpto

1981 3864 2168 3906 secum
2200 3848 2523 3905 clericorum
2576 3849 2736 3905 simul
2780 3858 2836 3904 ct
2881 3849 3118 3905 militum
3163 3848 3437 3914 examine,
3472 3863 3568 3904 ac-

1980 3943 2168 3999 cessit.
2202 3940 2407 3997 Aderat
2436 3957 2652 4013 quoque
2699 3943 3061 4015 Chrysippus,
3088 3956 3305 4014 unaque
3339 3940 3570 3998 Gabrie-

1982 4036 2109 4101 lius,
2136 4034 2233 4091 sed
2267 4044 2321 4091 et
2347 4036 2610 4092 diaconus
2635 4034 2832 4103 Fidus;
2864 4037 3213 4093 anachoreta:
3262 4051 3392 4093 vero
3435 4036 3568 4091 soli-

1986 4128 2257 4194 tudinum,
2301 4138 2357 4185 et
2414 4127 2518 4200 ipsi
2567 4128 2808 4200 undique
2865 4141 3275 4199 convenerant;
3337 4143 3570 4200 quorum

1982 4239 2124 4281 unus
2146 4231 2285 4291 erat,
2310 4222 2531 4281 divinus
2551 4221 2868 4280 Gerasimus
2889 4221 3026 4296 (60).
3049 4222 3290 4281 Cunctos
3311 4233 3492 4279 autem
3516 4221 3573 4277 in

1552 4336 1791 4394 vanis;
1830 4304 2241 4396 LECTIONES.

362 4433 395 4473 δ
421 4433 496 4488 al.
528 4432 765 4505 πρῶτον.
845 4442 869 4474 ο
900 4433 971 4489 al.
1008 4430 1364 4505 Δομετιανοῦ.
1454 4430 1482 4470 ἀ
1511 4431 1584 4486 a‘l.
1614 4430 1949 4502 οἰκονομίας.

2067 4441 2094 4472 ο
2123 4430 2198 4485 al.
2234 4429 2398 4501 μέγα.
2482 4428 2502 4468 ί
2531 4431 2602 4487 al.
2640 4432 2791 4496 τούς.
2876 4434 2901 4472 8
2933 4432 3003 4487 al.
3034 4430 3498 4503 στρατιωτικῶν.,

1470 4546 1669 4605 .IOAN.
1716 4546 2063 4604 BOLLANDI
2101 4545 2336 4603 NOTAE.

363 4645 482 4715 (δι)
522 4645 624 4701 An.
667 4644 769 4702 Ch.
808 4639 935 4702 673.
962 4643 1098 4701 Vide
1138 4645 1528 4716 Prolegomena
1581 4660 1733 4700 num.
1791 4644 1879 4701 15.
1914 4649 1958 4706 1)
1987 4644 2168 4716 adhuc
2197 4643 2507 4716 ngslatct‘.

365 4716 481 4788 (55)
514 4715 784 4789 Eusebius
815 4718 908 4771 lib.
940 4732 1015 4781 vI,
1048 4731 1170 4789 cap.
1205 4715 1647 4789 16.7Hippolytus
1681 4725 1879 4789 praeter

292 4789 435 4845 alios
462 4786 766 4858 plerosque
813 4788 1241 4858 commentarios
1289 4786 1445 4858 quos
1488 4786 1873 4854 componebat,

290 4873 432 4929 opus
456 4856 523 4911 de
554 4856 819 4929 Paschate
845 4857 1188 4929 conscripsit,
1231 4857 1286 4911 in
1310 4856 1527 4929 'qnert
1569 4866 1875 4929 temporum

290 4926 493 4986 seriem
517 4928 796 4997 explanat,
821 4937 927 4982 etc.
946 4927 1020 4980 De
1046 4928 1267 4983 Canone
1285 4926 1402 4997 ejus
1439 4926 1683 4981 Paschali
1709 4928 1876 4997 pluri-

292 5003 398 5057 bus
425 4999 537 5067 agit
557 4997 807 5067 JEgidius
824 4997 1123 5068 Bucherins
1153 5010 1360 5053 noster.
1394 4998 1605 5052 Colitur
1635 4997 1707 5052 22
1733 5000 1869 5068 Aug.

365 5069 484 5141 (56)
516 5068 590 5141 De
613 5085 679 5124 eo
713 5083 934 5140 agemus
956 5068 1024 5123 ια
1038 5067 1184 5141 Maii.
1214 5068 1272 5122 In
1300 5069 1453 5123 libris
1486 5078 1688 5141 contra,
1710 5067 1876 5141 luere-

289 5138 387 5197 ses
425 5138 674 5210 pluribus
709 5138 776 5195 de
809 5149 1052 5208 tempore
1083 5138 1345 5208 disputat,
1389 5139 1624 5194 maxime
1679 5140 1871 5194 haeresi

291 5211 388 5275 5|,
450 5211 744 5280 Alogorutn
813 5210 999 5275 dicta,
1073 5225 1194 5279 qua:
1250 5210 1478 5280 prolixis
1531 5221 1586 5264 et
1646 5210 1875 5265 eruditis

292 5282 554 5352 diatribiis
583 5281 1118 5352 discutitDionysius
1149 5280 1402 5335 Petavius
1439 5291 1646 5336 noster.

370 5350 889 5423 (57)_Hujus.Sixtus
913 5349 1193 5423 Senensis,
1219 5352 1565 5417 Posscvinns,
1594 5349 1875 5423 Bellarmi:

296 5420 425 5486 nus,
457 5421 694 5487 Miraeus,
722 5422 915 5491 aliique
952 5422 1189 5475 nondum
1223 5423 1609 5488 meminerunt;
1646 5433 1699 5475 ct
1740 5420 1879 5475 varii

294 5495 418 5566 ejus
442 5494 681 5548 nominis
707 5494 884 5549 sancti
935 5494 1098 5562 sunti;
1132 5500 1189 5546 at
1247 5494 1372 5562 quis
1432 5494 1521 5548 hic
1566 5491 1874 5557 confessor,

2058 4715 2170 4784 (58)
2205 4714 2392 4772 Aﬁr-am
2438 4717 2579 4779 hanc
2609 4712 2970 4772 Orientalium
3006 4718 3291 4788 attigimus
3342 4717 3397 4773 in
3439 4717 3574 4774 Pro-

1981 4786 2177 4841 letzom.
2212 4801 2363 4839 unm.
2391 4785 2475 4840 15.

2003 4802 2177 4846 egom.
2212 4801 2363 4839 lllllll.
2391 4801 2475 4840 ιο.

2033 4802 2177 4857 gom.
2212 4802 2363 4839 unm.
2391 4802 2475 4840 to.

2053 4857 2167 4928 (59)
2199 4857 2443 4928 Septimo
2461 4856 2754 4928 legendum
2778 4873 2921 4926 esse,
2953 4867 3231 4915 ostensum
3259 4870 3342 4917 est
3374 4858 3510 4916 ibid.

2053 4926 2165 4999 (60)
2202 4926 2406 4999 InVita
2452 4926 2778 4999 SCCyriaci
2808 4946 2822 4983 :
2873 4950 2891 4982 ι
2916 4929 3323 4999 Abitpulcltro
3358 4931 3451 4986 illo
3502 4932 3570 4986 ad

1983 4998 2150 5053 Deum
2218 4998 2413 5072 itinere
2466 4998 2703 5072 magnus
2764 4998 3121 5072 Euthymius.
3177 5000 3336 5056 Videt
3386 5010 3571 5057 autem

1979 5068 2362 5142 sacram‘illius
2390 5070 2624 5142 animam
2656 5068 2973 5127 Gerasimus
2991 5070 3183 5127 deduci
3208 5072 3281 5142 ab
3327 5073 3562 5142 angelis,

1980 5151 2033 5193 et
2055 5138 2315 5207 pra'clare
2346 5140 2411 5192 ad
2452 5140 2621 5196 ctelos
2658 5143 2983 5207 ascendere,
3023 5143 3164 5198 unde
3193 5141 3371 5199 fuerat
3405 5138 3573 5198 voca-

1988 5222 2095 5264 tus.
2155 5211 2291 5282 Cum
2344 5224 2477 5282 ergo
2535 5214 2719 5265 statim
2787 5214 3177 5282 assumpsisset
3236 5214 3570 5279 Quiriacum,

1982 5281 2228 5353 ascendit
2274 5281 2487 5353 ingejns
2537 5283 2779 5345 lanrant,
2820 5293 2873 5339 et
2919 5296 3168 5339 sanctum
3216 5284 3335 5353 ejus
3368 5300 3568 5352 corpus

1983 5352 2156 5424 gratis
2187 5351 2436 5405 manibus
2459 5353 2675 5424 sepelit,
2707 5369 2831 5408 cunt
2853 5369 2918 5409 ea
2942 5368 3046 5420 qua
3075 5369 3175 5424 par
3203 5351 3288 5410 es}
3319 5351 3545 5409 reveren
3570 5388 3573 5391 ι

1984 5422 2155 5483 tia,et
2185 5435 2308 5474 cunt
2357 5425 2541 5477 omnia
2595 5423 2816 5480 fecisset
2861 5439 2982 5496 quae
3032 5422 3101 5481 de
3141 5440 3294 5481 more
3349 5425 3570 5486 ﬁebant,

1985 5506 2235 5546 reversus
2260 5501 2364 5546 est.
2404 5512 2422 5543 ι

356 5616 395 5652 ³⁸
413 5611 526 5663 Non
552 5614 730 5664 tacebo
750 5615 1080 5678 conjecturam
1107 5627 1290 5678 meam,
1315 5619 1399 5662 aut
1423 5612 1465 5661 si
1495 5613 1620 5678 velis
1660 5611 2062 5678 hariolationem,
2085 5626 2205 5678 num
2223 5610 2361 5660 Hero
2384 5609 2479 5678 iste
2505 5610 2829 5678 philosophus
2853 5619 2905 5662 et
2928 5613 3188 5678 confessor
3228 5612 3295 5660 sit
3322 5607 3571 5678 Maximus

293 5677 535 5738 Cynicus,
560 5689 709 5737 quem
731 5681 795 5727 iis
818 5670 910 5727 s'ub
935 5676 1219 5726 nominibus
1249 5670 1412 5723 laudat
1432 5674 1659 5738 oratione
1686 5673 1963 5738 Gregorius
1987 5674 2296 5737 Theologus,
2332 5670 2520 5736 quique
2541 5670 2757 5738 scripsit,
2786 5680 2915 5738 teste
2950 5675 3272 5738 Hieronymo,
3320 5670 3570 5738 insignem

503 5723 1203 5806 ééﬁaidé‘édiéé‘su;musas,
1228 5744 1282 5785 et
1304 5738 1431 5787 forte
1462 5723 1556 5786 alia
1580 5723 2014 5806 rcliquitvingenli
2040 5739 2114 5806 sui
2144 5723 2657 5806 mbnu:m_cr_ita,_atqt_te
2679 5723 2860 5806 alicubi
2889 5723 3105 5796 Operum
3139 5723 3356 5806 inseruit
3393 5723 3573 5806 timui:

295 5800 365 5862 hil
389 5800 796 5862 chronologicum
820 5801 883 5850 oh
914 5802 1043 5862 quod
1066 5800 1125 5848 ab
1160 5792 1365 5848 auctore
1395 5807 1565 5849 nostro
1599 5792 1707 5849 una-
1731 5812 1841 5847 cum
1877 5792 2146 5861 Hippolyto
2170 5792 2537 5862 cthpiphanio
2573 5792 2778 5862 :citetur.
2806 5792 3126 5862 Contentus
3151 5820 3211 5829 ~—
3235 5794 3356 5844 Vide
3406 5792 3586 5847 Basilii.

299 5860 490 5911 Itinimi
515 5862 711 5913 Scholia
734 5863 783 5914 in
810 5858 947 5928 Cch
989 5863 1205 5913 Natam.
1242 5868 1366 5911 orat.
1406 5865 1468 5913 dc
1501 5862 1700 5912 llerone
1728 5858 2379 5926 philosopho,'Putro!ogitt'
2413 5868 2511 5912 tom
2571 5859 2778 5922 XXXVI,
2807 5862 2900 5909 col.
2932 5858 3066 5908 HLO.
3096 5858 3230 5907 Ευιτ.
