3846 6466
298 351 399 419 591

1532 348 1814 412 MENSlS
1854 344 2323 412 JANUARIUS.

3462 348 3569 411 692

298 475 578 537 stuporem
618 465 921 520 adducebat
963 463 1300 520 continuatio
1347 462 1758 517 miraculorum.
1798 460 1876 513 Ex

1986 458 2218 531 ἑπληττε
2251 462 2307 515 δὲ
2339 461 2546 526 πάντας
2576 461 2609 533 ἡ
2638 461 2748 516 τῶν
2783 460 3077 530 θαυμάτων
3109 457 3385 530 συνέχεια.
3422 457 3573 529 Πλή-

301 575 573 615 cont-ursu
609 558 774 629 igitur
805 558 1171 613 multitudinis
1209 571 1378 626 prope
1408 555 1658 621 infinitae,
1692 552 1876 623 prohi-

1982 552 2108 615 Oou;
2151 548 2245 608 οὖν
2278 554 2512 626 ἀπείρου
2554 553 2750 626 κομιδῇ
2785 551 3210 625 συνδραμόντος,
3255 550 3478 624 είργετο
3508 551 3574 605 τδ

300 652 529 706 beliatur
559 665 777 705 sacrum
816 649 947 706 illud
983 663 1181 718 corpus
1212 664 1241 703 a
1282 648 1581 717 sepultura,
1616 661 1738 701 cum
1765 644 1878 715 jam

1986 647 2131 718 ἱερὸν
2156 648 2335 704 ἐκεῖνο
2364 647 2523 719 σῶμα
2553 648 2755 718 ταφῆς.
2790 646 2893 717 ἠδη
2925 644 3020 701 καὶ
3055 646 3253 715 ἐνάτης
3290 643 3441 716 ὥρας
3471 661 3575 697 κα-

300 753 445 800 esset
468 744 603 798 hora
629 758 802 810 nona;
829 743 1001 797 donec
1027 740 1246 807 milites,
1279 749 1338 795 ut
1366 740 1445 794 eis
1468 740 1679 809 jussum
1703 737 1878 792 fuerat

1986 740 2359 813 ταλαὸούσηςο
2406 742 2513 807 ἕως
2562 743 2611 796 oi
2643 739 3016 811 στρατιῶται,
3057 737 3352 792 κελευσθὲν
3384 737 3574 799 αὐτοῖς

300 854 330 893 a
361 837 700 905 patriarcha,
733 837 1062 892 submovent
1103 832 1527 889 multitudinem.
1565 830 1632 885 Et
1677 829 1757 884 sic
1789 829 1878 882 vix

1986 836 2090 890 ὑπὸ
2126 836 2221 891 τοῦ
2270 834 2639 908 πατριάρχου,
2686 834 2751 889 τὸ
2801 831 3009 904 πλῆθος
3060 829 3415 886 ἀποσοϐοῦσι.
3460 830 3574 884 Καὶ

234 990 240 995 ,
297 930 516 984 tandem
574 929 736 984 datur
778 929 955 984 aditus
994 926 1197 983 divinis
1239 924 1516 990 Patribus,
1560 932 1618 978 ut
1666 920 1878 991 corpori

301 1022 401 1086 illi,
436 1024 583 1092 quod
608 1022 744 1077 adeo
780 1021 1156 1077 decertaverat
1195 1017 1475 1085 multaque
1505 1028 1728 1085 passum
1765 1011 1882 1066 fue-

302 1123 405 1182 rat,
425 1115 572 1184 justa
598 1122 941 1185 peragerent,
968 1113 1127 1181 idque
1159 1126 1285 1168 cum
1315 1107 1531 1179 hymnis
1555 1105 1882 1163 convenien-

299 1207 446 1262 tibus
486 1207 540 1262 in
576 1206 828 1276 locupleti
865 1206 1202 1276 deponerent
1235 1203 1433 1258 loculo.
1494 1200 1639 1255 Sane
1663 1197 1881 1268 quidem

299 1300 514 1357 cunctis
537 1300 694 1355 dolor
717 1300 783 1355 de
804 1298 1104 1355 amissione
1127 1295 1426 1367 Euthymii,
1451 1293 1741 1349 multarum
1765 1300 1885 1347 erat

296 1407 461 1450 causa
509 1391 908 1464 lacrymarum;
949 1392 1045 1447 sed
1077 1389 1397 1462 Martyrium
1429 1395 1484 1443 et
1518 1386 1690 1442 Eliam
1727 1384 1884 1453 longe

301 1485 557 1556 tangebat
587 1484 1001 1548 vehementius,
1036 1492 1201 1552 atque
1230 1481 1389 1537 valde
1435 1479 1745 1549 plorabant.
1779 1475 1885 1532 Ve-

299 1594 419 1633 rum
460 1578 581 1634 illos
619 1578 838 1649 quidem
881 1577 1195 1633 consolatus
1237 1573 1547 1646 patriarcha
1582 1586 1679 1642 per
1712 1568 1886 1641 chry-

298 1669 512 1739 sippum
557 1666 739 1726 crucis
785 1669 1090 1734 custodem,
1125 1675 1178 1723 et
1228 1664 1485 1736 congruis
1527 1677 1661 1718 usus
1689 1661 1883 1716 admo-

296 1762 619 1830 nitiouibus,
664 1764 914 1820 hortatus
975 1771 1061 1818 est
1118 1770 1178 1818 ut
1222 1758 1571 1829 frequentius
1631 1759 1697 1811 ad
1755 1768 1879 1810 eum

308 1856 651 1913 accederent.
681 1856 876 1912 Fidum
906 1866 1087 1913 autem
1112 1854 1400 1911 diaconum
1435 1853 1489 1907 in
1529 1851 1682 1906 Iaura
1719 1846 1885 1905 relin-

304 1965 504 2018 quens,
538 1951 586 2005 ei
616 1950 921 2006 aedificandi
946 1948 1238 2007 committit
1271 1945 1587 2017 negotium;
1615 1954 1889 1998 reversus-

296 2058 403 2112 que
430 2043 482 2098 in
508 2054 754 2100 sanctam
786 2044 1088 2109 civitatem,
1119 2042 1288 2097 mittit
1311 2040 1379 2095 ad
1411 2053 1548 2108 opus
1577 2036 1802 2107 opifices
1830 2043 1887 2089 et

299 2136 611 2211 materiam,
632 2151 741 2206 quo
767 2136 940 2193 beatae
968 2135 1075 2191 illae
1102 2130 1385 2205 Euthymii
1410 2129 1654 2202 reliquie
1682 2128 1734 2184 in
1758 2134 1886 2198 apto

297 2234 353 2281 et
374 2227 721 2285 convenienti
752 2226 872 2285 loco
901 2228 1324 2300 deponerentur.

368 2407 503 2466 CXI.
530 2409 872 2466 Domitianus
897 2424 1029 2465 vero
1049 2448 1067 2475 ,
1122 2410 1301 2480 magni
1344 2420 1572 2479 magnus
1601 2419 1795 2462 revera
1829 2412 1884 2459 et

297 2516 594 2573 germanus
620 2501 940 2572 discipulus,
961 2510 1147 2574 utpote
1163 2500 1280 2570 ejus
1298 2502 1421 2556 vita:
1451 2498 1693 2556 imitator
1718 2512 1882 2553 accu-

302 2599 632 2663 ratissimus,
657 2600 747 2669 qui
776 2598 1062 2670 plusquam
1091 2599 1484 2670 quinquaginta
1508 2610 1679 2653 annos
1693 2602 1883 2650 sancto

297 2689 568 2754 inserviit;
602 2705 708 2744 non
739 2690 967 2745 recessit
991 2703 1023 2744 a
1056 2690 1196 2754 loco,
1230 2689 1326 2745 sed
1357 2688 1657 2759 permansit
1684 2686 1750 2740 ad
1786 2698 1879 2740 se-

298 2783 567 2848 pulcrum,
618 2796 791 2853 usque
821 2782 879 2837 in
924 2782 1067 2839 diem
1117 2781 1403 2851 postmodo
1446 2788 1693 2845 sextum;
1723 2776 1882 2847 quasi

296 2877 596 2932 arbitratus
644 2891 753 2932 non
782 2889 907 2931 esse
951 2875 1055 2932 sibi
1089 2875 1382 2932 vivendum
1420 2876 1488 2931 de
1517 2881 1739 2939 cratere,
1784 2885 1882 2926 nec

297 2967 578 3024 ferendum
622 2966 848 3023 omnino
894 2975 954 3022 ut
988 2970 1133 3023 bane
1180 2967 1359 3022 lucem
1420 2964 1712 3035 aspiceret.
1743 2962 1880 3018 Cum

297 3058 558 3127 septimus
588 3072 771 3114 autem
796 3057 908 3125 jam
943 3058 1062 3114 dies
1086 3058 1420 3125 advenisset,
1447 3057 1498 3112 ei
1531 3067 1691 3113 noetu
1712 3070 1883 3126 lappa-

1986 928 2145 1000 μόλις
2174 928 2319 983 οὕτω
2351 927 2482 997 γοῦν
2534 930 2645 991 τοῖς
2690 924 2864 991 θείοις
2910 924 3214 996 Πατράσιν,
3262 924 3295 995 ἡ
3331 920 3577 991 παράδο-

1986 1039 2070 1086 σις
2096 1024 2125 1063 h
2163 1023 2388 1088 δίδοται,
2422 1022 2565 1079 ὥστε
2605 1022 2686 1094 τῷ
2719 1022 3002 1092 ἀθλητικῷ
3037 1020 3237 1092 ἐκείνῳ
3269 1020 3366 1074 καὶ
3404 1018 3575 1074 πολυ-

1986 1116 2150 1171 παθεϊ
2179 1116 2393 1188 σώματι
2418 1115 2490 1170 τὰ
2513 1114 2882 1187 νενομισμένα
2908 1113 3145 1179 τελέσαι,
3174 1112 3272 1167 καὶ
3300 1111 3440 1184 μετά
3462 1111 3576 1166 τῶν

1985 1210 2382 1283 προσηκόντων
2420 1210 2607 1281 ὓμνων
2641 1208 2792 1280 αὐτῷ
2826 1210 2870 1273 ί,
2903 1210 2970 1281 τῇ
3008 1206 3364 1278 πολυπλούτῳ
3397 1223 3575 1261 κατα-

1986 1302 2177 1358 θέσθαι
2206 1301 2373 1375 σορῷ.
2420 1304 2567 1358 Πᾶσι
2598 1303 2698 1375 μὲν
2730 1302 2824 1357 οὖν
2854 1301 2916 1356 τδ
2946 1300 3120 1367 πάθος
3159 1300 3263 1371 τῆς
3293 1299 3573 1370 Εὑθυμίου

1989 1398 2326 1469 στερήσεως,
2357 1396 2572 1452 πολλῶν
2621 1396 2876 1468 δακρύων
2904 1395 3078 1450 αῐτιον
3113 1389 3183 1467 ἦν
3204 1406 3218 1423 ⁸
3248 1392 3574 1464 Μαρτυρίου

1985 1488 2043 1543 δὲ
2075 1488 2169 1543 καὶ
2209 1489 2365 1544 Ἠλία
2418 1489 2514 1543 καὶ
2547 1487 2899 1560 ἰσχυρότερον
2938 1485 3124 1559 πολλῷ
3167 1484 3448 1547 καθίκετο,
3476 1483 3577 1537 καὶ⁵

1989 1583 2237 1657 σφοδρῶς
2265 1582 2486 1637 ἔκλαιον
2507 1600 2522 1615 ο
2551 1579 2670 1634 ἀλλ’
2701 1578 2951 1644 ἐκείνους
2984 1578 3082 1650 μὲν
3117 1576 3518 1649 παρηγορήσας
3547 1576 3577 1629 δ

1987 1675 2357 1747 πατριάρχης,
2380 1673 2471 1728 διὰ
2499 1671 2830 1743 Χρυσίππου
2855 1669 2951 1725 τοῦ
2975 1667 3443 1739 σταυροφύλακος.
3477 1664 3577 1720 καὶ

1987 1770 2058 1824 τὰ
2116 1768 2304 1823 είκότα
2352 1765 2766 1838 παρακαλέσας,
2825 1761 3160 1834 πυκνότερον
3199 1758 3580 1830 παραϐάλλειν

1991 1862 2142 1930 αύτῷ
2175 1860 2574 1933 προετρέψατο.
2621 1857 2809 1912 Φεῐδον
2854 1856 2914 1911 δὲ
2962 1856 3177 1926 είς-τὴν
3221 1853 3434 1923 λαύραν
3482 1851 3578 1905 τδν

1989 1954 2238 2008 διάκονον
2293 1950 2706 2015 καταλελοιπὼς
2747 1952 2795 2018 ι,
2853 1947 3187 2019 ἐπισκήπτει
3233 1944 3388 2016 αὐτῷ
3443 1942 3580 2012 περὶ

1988 2049 2089 2119 τῆς
2113 2047 2141 2086 ὶί
2172 2044 2491 2115 οίκοδομῆςθ
2525 2044 2623 2098 καὶ
2676 2044 2759 2106 είς
2805 2041 2908 2113 τὴν
2950 2039 3114 2108 ἀγίαν
3146 2036 3306 2091 πόλιν
3347 2034 3580 2090 ἐπανελ-

1990 2140 2119 2207 θὼν,
2149 2139 2404 2210 τεχνίτας
2434 2137 2571 2209 πρὸς
2603 2137 2665 2190 τὸ
2685 2135 2847 2207 ἔργον
2876 2134 2968 2188 καὶ
2998 2131 3134 2204 ὓλην
3163 2128 3579 2198 ἐξαποστέλλει,

1988 2232 2131 2287 ὥστε
2186 2231 2247 2285 τὸ
2300 2229 2571 2301 μακάριον
2620 2229 2797 2282 έκεῖνο
2848 2225 2945 2281 τοῦ
2990 2223 3270 2295 Εὑθυμίου
3318 2223 3580 2293 λείψανον

1988 2324 2047 2377 έν
2077 2318 2137 2377 εὖ
2162 2321 2340 2393 ἔχοντι
2367 2320 2463 2375 καὶ
2494 2318 2790 2390 ἐπιτηδείῳ
2822 2314 3193 2386 κατατεθῆναι
3217 2313 3394 2385 τόπῳ.

2059 2412 2210 2471 PIA'.
2269 2410 2597 2483 Δομετιανὸς
2630 2410 2687 2465 δὲ
2725 2413 2755 2464 ὁ
2782 2407 2878 2463 τοῦ
2918 2407 3155 2481 μεγάλου
3189 2406 3365 2477 μέγας
3402 2403 3577 2469 ὄντως

1987 2507 2086 2561 καὶ
2113 2504 2337 2576 γνήσιος
2375 2502 2648 2574 μαθητὴς,
2688 2500 2785 2555 ἅτε
2812 2500 2877 2572 δὴ
2916 2499 3014 2554 καὶ
3043 2497 3139 2553 τοῦ
3181 2496 3299 2569 βίου
3325 2494 3578 2569 μιμητὴς

1986 2596 2408 2669 ἀκριϐέστατος,
2444 2593 2588 2662 ὑπὲρ
2624 2592 2691 2648 τὰ
2724 2592 3070 2664 πεντήκοντα
3100 2589 3184 2664 τῷ
3213 2589 3359 2661 ἀγίῳ
3386 2588 3581 2643 διακο-

1986 2691 2295 2763 νησάμενος
2328 2688 2449 2759 έτη,
2489 2688 2592 2742 οὐκ
2638 2686 2851 2757 ἀπέστη
2888 2683 2983 2739 τοῦ
3016 2684 3206 2751 τόπου,
3242 2680 3383 2737 ἀλλὰ
3427 2698 3579 2753 παρ-

1986 2786 2171 2855 έμεινε
2225 2785 2290 2854 τῇ
2338 2781 2517 2854 σορῷ,
2568 2779 2735 2852 μέχρι
2786 2779 2975 2834 λοιπὸν
3029 2778 3199 2849 έκτης
3256 2776 3317 2843 ἐξ
3358 2774 3577 2831 ἐκείνου

1988 2878 2233 2948 ἡμέρας·
2259 2875 2451 2946 ὥσπερ
2493 2874 2556 2929 οὐ
2602 2873 2797 2944 βιωτὸν
2838 2872 2989 2944 αὐτῷ
3027 2871 3089 2926 τὸ
3136 2870 3322 2925 λοιπὸν
3355 2869 3575 2942 κρίνας.

1984 2968 2106 3024 οὐδὲ
2136 2966 2295 3021 τοῦτο
2331 2966 2397 3039 δὴ
2426 2967 2487 3021 τὸ
2517 2964 2637 3033 φῶς
2682 2966 2819 3038 δρᾷν
2847 2962 3078 3020 ἀνεκτὸν
3107 2964 3265 3027 ὅλως.
3316 2967 3579 3031 Διαγενο-

1989 3063 2159 3136 μένης
2187 3061 2244 3115 δὲ
2268 3060 2372 3132 ἥδη
2395 3061 2494 3132 τῆς
2521 3059 2779 3130 ἑϐδόμης,
2806 3057 3149 3128 ἐπιφαίνεται
3174 3055 3322 3128 αὐτῷ
3345 3055 3578 3128 φαιδρὸς

295 3160 382 3206 ret
416 3150 541 3206 laeto
584 3150 734 3206 vultu
798 3150 1146 3222 Euthymius,
1187 3151 1347 3217 Veni,
1379 3150 1599 3217 dicens,
1650 3149 1745 3205 tibi
1780 3164 1876 3220 pa-

1986 3154 2081 3227 τὴν
2114 3151 2237 3224 ὄψιν
2265 3152 2458 3215 νυκτὸς
2487 3151 2517 3204 ὁ
2548 3149 2845 3221 Εὑθύμιος,
2873 3148 3068 3221 Δεῦρο,
3105 3148 3300 3219 λέγων,
3326 3146 3578 3201 ἀπολαύ-

298 3253 414 3297 rata
440 3242 612 3314 gloria
647 3242 935 3300 fruiturus.
972 3241 1114 3299 Ecce
1143 3243 1313 3307 enim,
1345 3242 1540 3313 inquit,
1565 3240 1712 3299 Deus
1744 3256 1881 3298 con-

296 3336 481 3400 cessit,
517 3346 572 3391 ut
593 3336 899 3393 communis
925 3336 1080 3394 nobis
1105 3336 1173 3391 sit
1199 3336 1286 3392 hic
1305 3350 1524 3407 quoque
1547 3336 1877 3406 permansio.

296 3430 422 3486 Haec
451 3428 820 3496 Domitianus,
850 3444 974 3485 cum
1009 3429 1244 3485 venisset
1285 3429 1353 3485 ad
1390 3428 1662 3501 syuaxim,
1698 3428 1881 3483 fratri-

295 3527 395 3581 bus
441 3526 733 3581 annuntiat
767 3542 780 3578 :
816 3526 1003 3597 sicque
1034 3527 1152 3596 ipse
1191 3527 1357 3582 etiam
1395 3527 1448 3580 in
1476 3525 1674 3598 gaudio
1703 3535 1760 3584 et
1792 3526 1880 3583 fu-

298 3627 547 3673 turorum
572 3618 838 3675 bonorum
870 3634 990 3691 spe,
1021 3619 1187 3674 vitam
1221 3618 1502 3688 relinquit.

364 3796 528 3853 CXII.
562 3797 633 3853 At
669 3798 935 3865 diaconus
971 3797 1163 3866 Fidus,
1188 3798 1356 3854 multa
1387 3813 1675 3867 operarum
1716 3815 1877 3855 manu

295 3889 543 3952 collecta.
572 3904 875 3962 magnoque
898 3890 1146 3946 adhibito
1175 3892 1377 3959 studio,
1414 3891 1729 3963 speluncam
1759 3908 1879 3962 qua:

293 3981 350 4039 in
405 3982 678 4052 principio
729 3984 904 4039 tenuit
954 3984 1141 4053 quiete
1190 3994 1441 4058 agentem
1500 3986 1874 4057 Euthym-ium,

292 4073 460 4130 redem
494 4073 916 4145 pulcherrimam
944 4083 999 4132 et
1030 4077 1321 4134 maximam
1345 4077 1542 4145 edicit;
1579 4078 1734 4148 cujus
1752 4093 1877 4134 cum

293 4161 532 4218 medium
565 4162 911 4220 attribuisset
959 4165 1132 4221 theca:
1162 4165 1344 4238 magni
1383 4165 1583 4237 Patris,
1619 4183 1687 4223 ex
1728 4178 1878 4223 utra-

290 4270 397 4327 que
432 4264 590 4325 parte
626 4255 870 4313 elaborat
898 4259 1083 4313 thecas
1116 4263 1584 4330 presbyterorum.
1628 4255 1879 4333 hegn’me-

294 4362 487 4403 norum
512 4361 604 4404 seu
629 4350 980 4406 monasteriis
1003 4350 1409 4420 praefectorum,
1430 4352 1879 4426 reliquorumque

292 4450 605 4496 sanctorum
643 4441 947 4498 hominum.
989 4442 1286 4514 Postquam
1328 4460 1459 4501 vero
1488 4447 1600 4517 jam
1633 4448 1876 4519 perfecta

290 4532 524 4589 fuissent
554 4535 759 4602 onmia,
809 4536 1070 4604 tabulam,
1109 4553 1230 4609 quae
1260 4547 1381 4595 erat
1411 4543 1663 4610 sepulcro
1694 4541 1871 4613 impo-
1907 4532 1953 4589 ι)

290 4628 491 4693 nenda,
524 4637 579 4684 et
615 4637 931 4702 argenteam
966 4647 1183 4699 urnam,
1219 4641 1275 4689 et
1322 4634 1616 4702 cancellos,
1651 4646 1878 4693 ractera-

288 4734 395 4788 que
431 4721 629 4791 quibus
657 4722 834 4779 solent
864 4726 1063 4794 templa
1100 4727 1382 4792 exornari,
1423 4728 1733 4797 patriarcha
1767 4737 1877 4784 sta-

288 4812 386 4866 tim
422 4827 454 4868 e
485 4812 883 4885 Hierosolymis
926 4816 1133 4873 mittit:
1180 4818 1380 4874 deinde
1409 4819 1501 4875 ille
1549 4819 1665 4889 ipse
1708 4822 1873 4877 etiam

287 4904 570 4961 descendit
603 4908 670 4962 ad
701 4908 946 4975 lauram;
985 4924 1218 4981 cumque
1260 4920 1507 4966 sanctum
1554 4913 1683 4969 illud
1728 4915 1873 4973 beati

287 5013 487 5067 corpus
513 5016 634 5056 cum
679 5001 1020 5071 lampadibus
1060 5013 1116 5059 et
1145 5004 1368 5075 psalmis
1395 5007 1717 5063 credidisset
1741 5024 1872 5080 pro-

286 5091 420 5162 priis
452 5094 724 5162 manibus,
748 5096 1009 5150 transfert
1033 5098 1099 5152 ad
1133 5100 1302 5154 aedem
1339 5114 1502 5171 quam
1533 5101 1648 5170 ipse
1679 5116 1871 5158 recen-

286 5197 367 5239 tcr
409 5184 590 5242 fuerat
637 5186 966 5256 fabricatus,
1019 5200 1071 5246 et
1116 5191 1168 5246 in
1218 5207 1378 5248 sacro
1424 5194 1604 5250 loculo
1647 5196 1869 5266 deponit

285 5288 429 5344 tute;
464 5288 524 5333 ut
566 5294 844 5351 nunquam
880 5294 1060 5352 posset
1094 5284 1325 5354 amplius
1356 5287 1577 5357 aperiri,
1619 5305 1716 5344 nec
1759 5290 1866 5346 ulla

283 5369 367 5425 vei
391 5384 555 5439 parva
582 5370 710 5427 hinc
726 5373 929 5427 auferri
960 5374 1313 5445 reliquiarum
1348 5376 1447 5431 viri
1470 5380 1667 5446 portio.
1695 5379 1865 5435 Porro

283 5463 538 5532 imposita
569 5465 750 5521 tabula
788 5482 980 5522 urnam
1014 5471 1247 5538 desuper
1277 5472 1429 5540 quasi
1457 5474 1524 5528 ad
1559 5484 1750 5542 pectus
1775 5474 1871 5530 de-

281 5557 418 5629 ligit.
454 5557 531 5615 Ea
568 5576 698 5619 vero
739 5563 807 5619 ab
843 5562 934 5619 illo
973 5574 1217 5635 tempore
1251 5568 1302 5621 in
1342 5550 1664 5624 hodiernum
1699 5584 1870 5638 usque

1984 3263 2094 3302 σων
2126 3246 2227 3317 τῆς
2280 3241 2690 3316 ήτοιμασμένης
2719 3258 2802 3295 σοι
2826 3239 3005 3313 δόξης.
3049 3239 3183 3294 Ἰδοὺ
3222 3237 3332 3309 γὰρ
3382 3237 3577 3308 ἐχαρί-

1984 3355 2136 3405 σατο,
2159 3337 2345 3411 φησιν,
2366 3336 2541 3401 όΘεὸς
2570 3336 2754 3407 κοινὴν
2793 3335 2928 3406 ημῖν
2954 3329 3096 3387 εἶναι
3124 3332 3220 3386 καὶ⁵
3245 3331 3346 3402 τὴν
3379 3328 3577 3385 ὲνταῦ·

1983 3433 2052 3488 θα
2080 3431 2378 3503 διαγωγήν.
2427 3429 2614 3484 Ταῦτα
2667 3431 2695 3484 ὁ
2726 3424 3054 3498 Δομετιανὸς
3098 3425 3177 3488 είς
3207 3421 3307 3496 τὴν
3349 3420 3576 3486 σύναξιν

1982 3521 2175 3588 ἐλθὼν,
2204 3524 2317 3588 τοῖς
2341 3520 2590 3592 ἀδελφοῖς
2614 3516 2981 3589 ἀπαγγέλλει*
3016 3516 3110 3570 καὶ
3136 3513 3311 3578 οὕτως
3336 3516 3396 3568 ἐν
3424 3514 3576 3585 χαρᾷ

1982 3615 2080 3669 καὶ
2136 3614 2299 3678 αὐτὸς
2337 3614 2434 3668 καὶ
2484 3616 2551 3685 τῇ
2598 3612 2708 3666 τῶν
2752 3610 3058 3683 μελλόντων
3096 3606 3321 3678 ἀγαθῶν
3368 3605 3573 3673 ἑλπίδι,

1982 3707 2305 3761 καταλείπει
2334 3706 2426 3761 τὸν
2456 3705 2592 3777 βίον.
2681 3740 2686 3745 -

2052 3796 2202 3855 PlB'.
2239 3798 2376 3868 Ὅγε
2414 3798 2523 3870 μὴν
2548 3797 2795 3860 διάκονος
2812 3795 3023 3862 Φεῖδος,
3051 3796 3214 3867 χεῖρα
3243 3792 3449 3866 συχνὴν
3475 3794 3574 3848 καὶ

1981 3891 2184 3963 πολλὴν
2201 3892 2282 3946 ὅτι
2310 3889 2741 3960 συνεισενεγκὼν
2758 3889 2857 3960 τὴν
2880 3887 3143 3960 σπουδὴν,
3159 3888 3222 3942 τὸ
3253 3886 3521 3959 σπηλαιον
3541 3887 3572 3940 δ

1979 3988 2135 4060 ποιρά
2154 3987 2254 4059 τὴν
2283 3987 2462 4059 ἀρχὴν
2488 3984 2835 4057 ἡσυχάζοντα
2860 3978 2974 4056 εἶχε
2995 3983 3089 4038 τὸν
3108 3981 3385 4053 Εὑθύμιον
3416 3979 3460 4047 ι,
3487 3984 3573 4045 είς

1981 4075 2131 4136 οἷκον
2169 4079 2457 4134 κάλλιστόν
2486 4096 2548 4134 τε
2594 4079 2691 4133 καὶ
2725 4076 2987 4150 μέγιστον
3042 4074 3368 4148 ἀπαρτίζει*
3397 4067 3459 4130 οὗ
3505 4074 3573 4128 τὸ

1984 4174 2314 4243 μεσαίτατον
2340 4175 2406 4246 τῇ
2432 4173 2576 4245 θήκη
2601 4170 2696 4226 τοῦ
2727 4170 2967 4244 μεγάλου
2998 4170 3211 4242 Πατρδς
3237 4170 3569 4241 ἀπονείμας,

1928 4274 1945 4291 ⁸
1981 4268 2113 4340 παρ’
2143 4266 2385 4339 ἑκάτερα
2434 4264 2828 4338 πρεσϐυτέρων
2873 4281 2935 4318 τε
2969 4264 3065 4318 καὶ
3096 4264 3424 4336 ἡγουμένων
3473 4265 3574 4317 καὶ

1980 4358 2187 4413 λοιπῶν
2242 4359 2406 4427 ὁσίων
2459 4356 2673 4431 ἀνδρῶν
2721 4355 3005 4427 φιλοπονεϊ
3052 4355 3251 4427 θήκας.
3306 4354 3466 4409 Ἐπεὶ
3511 4352 3574 4407 δὲ

1981 4452 2159 4507 πάντα
2181 4450 2285 4523 ἤδη
2316 4452 2644 4524 ἀπήρτιστο,
2679 4450 2780 4522 τὴν
2811 4449 3113 4521 μέλλουσαν
3148 4447 3463 4503 ἐπικεῖσθαι
3490 4446 3576 4517 τῷ

1980 4546 2141 4617 τάφῳ
2181 4544 2390 4610 πλάκα,
2446 4545 2542 4598 καὶ
2602 4545 2703 4615 τὴν
2763 4544 3016 4615 ἀργυρᾶν
3070 4540 3283 4614 χώνην,
3344 4542 3439 4595 καλ⁵
3472 4538 3575 4609 τὴν

1980 4640 2259 4711 κιγκλίδα,
2285 4638 2381 4694 καὶ
2414 4638 2481 4693 τὰ
2520 4635 2657 4693 ἄλλα
2698 4638 2799 4692 ὅσα
2832 4636 2926 4691 τὸν
2959 4636 3085 4691 ναὸν
3116 4632 3226 4691 οἶδε
3260 4637 3512 4709 κοσμεῖν,
3543 4634 3575 4686 δ

1981 4733 2332 4806 πατριάρχης
2377 4733 2486 4787 ἀπὸ
2548 4729 2942 4805 Ἱεροσολύμων
2987 4730 3151 4795 εὐθὺς
3206 4728 3570 4786 ἀποστέλλειθ

1980 4827 2175 4882 ἔπειτα
2205 4827 2301 4881 καὶ
2334 4826 2499 4889 αὐτὸς
2540 4825 2749 4890 ἐκεῖνος
2778 4824 2997 4879 κάτεισι
3031 4823 3168 4896 πρὸς
3194 4824 3298 4895 τὴν
3321 4822 3532 4893 λαύραν
3554 4840 3568 4854 ·

1979 4921 2074 4975 καὶ
2105 4918 2167 4975 τό
2197 4936 2256 4974 τε
2290 4917 2447 4987 ἅγιον
2473 4919 2649 4973 έκεῖνο
2677 4917 2838 4990 σῶμα
2867 4918 2962 4972 τοῦ
3000 4917 3251 4988 μάκαρος
3291 4916 3400 4971 ὑπὸ
3424 4916 3572 4987 λαμ-

1980 5012 2115 5067 πάσι
2162 5010 2258 5065 καὶ
2293 5007 2527 5081 ψαλμοῖς
2559 5008 2748 5081 χερσὶν
2792 5009 2954 5073 ἰδίαις
2986 5008 3308 5073 πιστεύσας,
3338 5007 3477 5079 πρὸς
3504 5006 3566 5060 δν

1979 5105 2143 5169 αὐτὸς
2176 5101 2507 5175 ὲνεούργησε
2542 5101 2843 5174 μεταφέρει
2869 5097 3156 5167 οἷκον,κα“ι
3183 5104 3251 5174 τῇ
3281 5101 3402 5172 ίερᾷ
3424 5101 3571 5175 θήκῃ

1977 5195 2237 5268 ἀσφαλῶς
2267 5195 2621 5250 κατατίθεται
2643 5212 2656 5224 ’
2680 5196 2757 5259 ὡς
2784 5196 2982 5268 μηκέτι
3006 5194 3413 5269 παρανοιγῆναί
3435 5212 3571 5249 ποτε

1974 5288 2258 5352 δύνασθαι,
2294 5288 2431 5358 μηδέ
2481 5304 2533 5340 τι
2574 5287 2772 5358 μικρὸν
2803 5287 3014 5342 ἐκεῖθεν
3046 5286 3416 5360 ύφαιρεθῆναι
3470 5286 3567 5340 τοῦ

1978 5383 2174 5455 ἀνδρὸς
2218 5382 2490 5452 λείψανον.
2545 5381 2788 5447 Ἐπιθεὶς
2822 5382 2921 5454 μέν
2950 5400 3036 5437 τοι
3066 5384 3166 5454 τὴν
3207 5381 3415 5447 πλάκα,
3467 5382 3569 5447 τὴν

1978 5476 2159 5548 χώνην
2198 5474 2407 5530 ἄνωθεν
2439 5475 2611 5547 αὐτῆς
2648 5475 2724 5541 ὡς
2757 5476 2890 5547 πρὸς
2924 5476 3006 5546 τῷ
3042 5476 3231 5549 στήθει
3263 5476 3566 5546 πήγνυσιν.

1989 5570 2055 5623 Ἠ
2085 5569 2144 5622 δὲ
2195 5567 2567 5633 παντοδαπαῖς
2615 5569 2676 5635 ἐξ
2719 5570 2930 5625 ἐκείνου
2989 5570 3084 5625 καὶ
3121 5570 3201 5633 εἰς
3260 5567 3418 5640 τήνδε
3469 5568 3571 5639 τὴν

1576 5710 1806 5767 VARle
1851 5709 2254 5769 LEGTIONES.

374 5839 405 5881 ι’
437 5838 506 5895 al.
543 5837 795 5913 πάροδος.
912 5844 926 5885 ί
964 5844 1032 5899 al.
1074 5846 1225 5901 αὐτὸ.
1326 5844 1339 5896 i
1377 5847 1444 5901 ai.
1495 5848 1865 5917 καταστήσας.

1948 5847 1971 5886 ¹ι
2007 5846 2073 5901 al.
2103 5843 2209 5901 ius.
2249 5845 2332 5900 τό.
2420 5844 2433 5883 ¹
2473 5844 2542 5899 ai.
2579 5845 2749 5903 it-scr.
2778 5846 2944 5903 θεῖον.
