3846 6468
257 381 362 445 633

1522 382 1697 443 VlTA
1730 381 1791 441 S.
1838 380 2249 445 EUTHYMII.

3406 375 3538 441 694‘s

261 491 480 561 ἡμέραν
514 493 624 556 τοῖς
677 491 886 556 πιστῶς
924 487 1211 561 προσιοῦσι
1242 486 1497 559 δωρεῖται
1529 489 1647 552 ταῖς
1676 488 1835 559 χάρι-

1960 493 2086 549 liem
2128 493 2195 549 ad
2222 507 2382 550 omne
2412 490 2713 564 gratiarum
2742 507 2913 565 genus
2954 493 3396 565 consequendum
3423 495 3513 548 do-

261 601 366 639 σιν.
413 582 472 638 '0
505 584 605 655 μὲν
633 583 775 638 οῦτω
806 581 1075 655 λαμπρῶς
1102 579 1248 634 κατὰ
1275 580 1375 651 τὴν
1404 578 1636 651 ἐϐδόμην
1659 580 1838 634 Μαΐου

258 674 358 745 τὴν
376 675 472 730 τοῦ
495 675 749 746 λειψάνου
781 674 1079 748 μετάθεσιν
1108 673 1505 745 ἐργασάμενος,
1525 671 1842 743 Μαρτύριον

264 767 389 837 μεθ’
434 767 629 822 ἑαυτοῦ
666 770 764 823 καὶ
798 768 985 823 Ἠλίαν
1030 763 1389 837 παραλαϐὼν,
1422 766 1503 829 εἰς
1550 763 1650 836 τὴν
1682 763 1843 833 ἁγίαν

261 862 355 914 καὶ
387 857 547 925 αὖθις
572 862 824 916 ἐπάνεισι
855 860 1044 913 πόλινο
1082 858 1179 912 καὶ
1213 857 1626 929 πρεσϐυτέρους
1646 858 1845 921 αὐτοὺς

263 954 586 1024 χειροτονεῖ,
616 954 713 1007 καὶ
743 952 820 1024 τῷ
842 953 942 1022 τῆς
977 951 1139 1021 ἁγίας
1173 951 1527 1014 ἀναστάσεως
1552 949 1846 1018 καταλέγει

263 1046 474 1115 κλήρῳ.
502 1044 614 1098 Καὶ
647 1043 823 1098 ταῦτα
859 1044 958 1115 μὲν
987 1041 1180 1106 οὕτως.

332 1132 481 1189 PII".
518 1134 662 1207 Ὥρα
700 1135 757 1189 δὲ
815 1134 1003 1188 λοιπὸν
1045 1135 1231 1187 ἐκεῖνα
1268 1133 1584 1200 διεξελθεῖν,
1613 1131 1737 1188 ὅθεν
1764 1133 1847 1198 είς

263 1225 534 1280 κοινόϐιον
556 1225 654 1282 καὶ
679 1227 825 1292 ὅπως
846 1229 880 1299 ἡ
906 1226 1181 1298 Εὐθυμίου
1207 1226 1387 1297 λαύρα
1415 1225 1845 1298 μετεσκευάσθη.

265 1317 482 1388 Μικρὸν
509 1316 567 1371 δὲ
625 1316 834 1373 ἄνωθεν
866 1317 958 1373 τὸν
1001 1318 1162 1388 λόγον
1191 1319 1490 1387 ἀναγκαῖον
1533 1317 1845 1383 ἀναλαϐεῖν,

267 1406 336 1462 ἵν’
368 1407 514 1462 οὕτω
556 1408 745 1479 σαφῶς
786 1407 1019 1480 ἔχουσαν
1052 1407 1411 1481 ποιησώμεθα
1442 1408 1543 1481 τήν
1575 1408 1846 1481 διήγησιν.

272 1500 468 1564 Ἔτους
497 1499 598 1571 ήδη
620 1498 838 1571 πρώτου
875 1500 1011 1570 μετά
1038 1498 1136 1571 τὴν
1164 1499 1442 1571 Εύθυμίου
1477 1499 1571 1553 τοῦ
1605 1499 1845 1570 μεγάλου

268 1593 528 1663 τελευτὴν
561 1595 961 1664 διαγεγονότος,
1011 1595 1165 1649 Λέων
1198 1596 1227 1649 ὁ
1264 1595 1438 1666 μέγας
1468 1596 1564 1649 καὶ
1604 1595 1849 1666 φιλόχρι-

271 1701 397 1748 στος
428 1684 705 1755 βασιλεὺς,
734 1686 997 1740 καταλύει
1025 1686 1116 1741 τὸν
1144 1685 1278 1758 βίον,
1307 1687 1512 1741 Λέοντα
1533 1687 1626 1741 τὸν
1652 1688 1851 1742 οίκεῖον

270 1776 499 1844 ἔκγονον
533 1777 617 1830 ἐτι
650 1779 849 1850 κομιδῇ
879 1779 1077 1849 νήπιον
1106 1779 1257 1845 ὅντα,
1287 1779 1531 1850 διάδοχον
1561 1780 1660 1850 τῆς
1697 1778 1853 1851 βασι-

268 1863 418 1927 λείας
463 1866 803 1923 καταλιπών.
852 1867 1038 1936 Τόνδε,
1092 1869 1267 1942 βραχύ
1316 1887 1368 1925 τι
1422 1871 1740 1925 ἐπιϐιοῦντα
1781 1873 1848 1941 τῇ

273 1956 547 2029 βασιλείᾳ,
579 1959 767 2030 Ζήνων
794 1960 823 2013 ό
856 1959 1039 2032 πατὴρ
1062 1961 1392 2033 διαδέχεται.
1435 1962 1577 2017 Ἀλλ’
1600 1964 1628 2017 ὀ
1661 1962 1759 2034 μὲν
1793 1961 1854 2027 ἐξ

269 2048 568 2120 ἐπιϐουλῆς
606 2050 935 2106 Βασιλίσκου
986 2052 1131 2117 τινὸς
1164 2056 1275 2119 τοῖς
1308 2053 1600 2125 βασιλείοις
1648 2056 1853 2124 ἐπιπη-

271 2143 557 2212 δήσαντος,
587 2146 782 2214 φεύγει
816 2147 952 2215 προς
995 2146 1291 2218 Ἰσαυρίαν.
1316 2146 1639 2211 Βασιλίσκος
1668 2146 1725 2199 δὲ
1754 2145 1854 2217 τὴν

273 2234 453 2303 ἀρχὴν
478 2233 786 2307 κατασχὼν,
824 2235 1147 2305 Ἐγκύκλιον
1173 2235 1315 2290 κατά
1344 2236 1443 2306 τῆς
1473 2239 1530 2291 ἐν
1548 2236 1854 2307 Χαλκηδόνι

274 2325 427 2390 θείας
464 2328 683 2382 συνόδου
713 2332 949 2385 ποιεῖται
973 2346 987 2362 ’
1010 2321 1056 2398 ᾧ
1085 2329 1149 2402 δὴ
1176 2329 1270 2384 καὶ
1291 2330 1352 2383 τδ
1379 2329 1730 2402 περιλειφθὲν
1752 2328 1856 2383 ἀνά

272 2417 374 2488 τὴν
408 2418 572 2487 ἁγίαν
606 2419 762 2473 πόλιν
814 2420 924 2476 τῶν
968 2422 1340 2495 Ἀποσχιστῶν
1374 2423 1539 2494 μέρος
1578 2424 1855 2495 ἐπερειδό-

280 2526 456 2580 μενοι,
487 2516 581 2565 καὶ
606 2512 890 2584 Γερόντιόν
920 2531 1041 2567 τινα
1068 2514 1150 2578 είς
1183 2515 1618 2587 ἀρχιμανδρίτην
1647 2514 1856 2570 ἑαυτῶν

276 2605 749 2676 προστησάμενοι,
789 2605 961 2660 πολλὰ
996 2606 1137 2661 κατά
1170 2608 1268 2678 τῆς
1304 2606 1635 2679 Ἐκκλησίας
1664 2624 1859 2661 νεωτε-

277 2696 512 2767 ρίζουσι,
535 2697 631 2750 καὶ
656 2696 810 2751 οὐδὲν
839 2698 989 2769 ἥττω
1019 2699 1127 2752 τῶν
1154 2699 1258 2752 ὑπὸ
1284 2699 1569 2753 Θεοδοσίου
1595 2699 1859 2769 πρότερον

273 2787 677 2857 τολμηθέντων.
706 2788 949 2861 Πέμπτῳ
975 2789 1033 2844 δὲ
1072 2788 1211 2860 μετά
1239 2792 1411 2844 ταῦτα
1438 2790 1692 2861 ἐνιαυτῷ,
1728 2790 1857 2861 θνή-

279 2897 402 2934 σκει
459 2881 558 2950 μέν
597 2882 950 2947 Ἀναστάσιος
991 2884 1021 2937 ὁ
1073 2884 1422 2957 πατριάρχης
1447 2893 1511 2952 ω,
1549 2881 1857 2956 ἀρχομένου

278 2972 383 3042 ήδη
425 2974 597 3044 μηνὸς
636 2974 998 3047 Ἰαννουαρίου
1023 2992 1038 3009 ·
1071 2977 1260 3048 Ζήνων
1288 2976 1345 3031 δὲ
1383 2979 1484 3045 τῆς
1510 2975 1692 3047 φυγῆς
1727 2978 1861 3030 ἁνα-

286 3063 551 3134 στρέψας,
582 3066 859 3139 χειροῦται
886 3068 985 3139 μὲν
1012 3067 1103 3124 τδν
1126 3068 1471 3136 Βασιλίσκον,
1500 3069 1747 3140 ἐγκρατῆ
1780 3068 1861 3121 ἐτι

1944 594 2107 639 natur
2137 586 2204 641 iis
2235 585 2326 655 qui
2368 600 2490 642 cum
2530 586 2634 642 llde
2681 587 2965 643 accedunt.
2998 588 3175 658 Atque
3221 587 3267 642 is
3313 586 3403 643 ubi
3437 586 3516 642 sic

1943 676 2227 747 splendide
2250 677 2470 734 fecisset
2499 678 2853 750 reliquiarum
2888 678 3302 735 translationem
3348 682 3517 748 septi-

1946 786 2033 828 mo
2057 768 2205 837 Maii,
2233 769 2548 843 Martyrium
2569 780 2624 828 et
2655 772 2825 827 Eliam
2849 787 3033 828 secum
3069 786 3375 837 assumens,
3402 786 3521 826 rur-

1946 876 2043 915 sus
2092 861 2142 915 in
2192 869 2434 915 sanctam
2488 863 2761 918 civitatem
2821 863 3146 929 revertitur;
3204 872 3368 931 atque
3426 876 3541 917 eos.

1947 938 2163 1009 ordinat
2179 953 2547 1023 presbyteros,
2565 962 2617 1008 et
2641 954 2808 1009 rel‘ert
2824 955 2874 1008 in
2893 954 3209 1022 Catalogum
3234 955 3362 1009 cleri
3383 953 3526 1008 San-

1948 1044 2516 1102 ctmResurrectionis.
2542 1046 2610 1100 Et
2632 1046 2747 1101 haec
2772 1046 2987 1116 quidem
3014 1050 3081 1100 ad
3111 1047 3257 1101 hunc
3282 1045 3534 1100 ntmluni.‘

2019 1136 2202 1195 CXIII.
2229 1136 2424 1194 Restat
2455 1153 2599 1193 nunc
2626 1145 2685 1192 ut
2716 1137 2805 1191 illa
2848 1152 3262 1209 persequamur,
3305 1137 3447 1191 unde
3475 1146 3529 1190 et

1950 1245 2057 1301 quo
2085 1229 2241 1286 modo
2268 1227 2543 1301 Euthymii
2577 1228 2727 1284 Iaura
2768 1237 3125 1284 transmutata
3152 1229 3225 1284 sit
3260 1228 3313 1283 in
3345 1242 3531 1284 emno-

1950 1322 2120 1380 bium.
2157 1323 2264 1379 Sed
2301 1336 2526 1379 necesse
2570 1330 2661 1379 est
2704 1322 3005 1378 orationem
3042 1321 3204 1392 paqu
3232 1319 3396 1375 altius
3440 1335 3529 1374 rea

1951 1426 2156 1486 petere,
2182 1422 2240 1469 ut
2264 1413 2343 1469 sic
2364 1413 2656 1470 dilucidam
2676 1413 2941 1471 faciamus
2962 1413 3354 1469 narrationem.
3374 1413 3530 1471 Anno

1947 1508 2059 1579 jam
2104 1505 2281 1576 primo
2326 1513 2449 1576 post
2492 1514 2723 1561 mortem
2774 1506 2957 1574 magni
3002 1502 3280 1576 Euthymii
3324 1503 3530 1571 elapso,

1953 1598 2063 1654 Leo
2096 1596 2324 1667 Magnus
2364 1606 2420 1653 et
2452 1597 2655 1653 Christi
2684 1612 2872 1654 amans
2925 1596 3221 1667 imperator
3260 1597 3474 1651 excedit
3506 1612 3534 1651 e

1955 1690 2062 1745 vita
2084 1688 2222 1761 (61),
2242 1678 2560 1745 ευοοοεεοτε
2584 1689 2794 1759 imperii
2817 1688 3008 1746 relicto
3025 1687 3204 1745 Leone
3224 1697 3418 1758 nepote
3435 1703 3534 1742 suo

1953 1798 2177 1852 prorsus
2195 1781 2402 1837 infante
2420 1780 2557 1854 (62).
2572 1782 2632 1837 Ei
2656 1789 2860 1845 autem,
2881 1788 3164 1851 postquam
3189 1796 3381 1850 parum
3397 1780 3535 1835 vixit

1957 1873 2009 1927 in
2028 1872 2258 1941 imperio
2281 1869 2417 1943 (65),
2435 1871 2681 1926 succedit
2697 1878 2848 1941 pater
2861 1870 3025 1926 Zeno.
3055 1869 3160 1926 Sed
3179 1870 3271 1925 ille
3288 1870 3541 1939 quidem,

1955 1978 2077 2020 cum
2110 1962 2402 2019 Basiliscus
2434 1963 2652 2034 quidam
2692 1978 2756 2019 ex
2794 1962 3005 2019 insidiis
3034 1962 3327 2018 invasisset
3359 1961 3533 2033 impe-

1956 2056 2122 2120 rium,
2141 2054 2341 2125 fugitin
2364 2054 2625 2110 Isauriam
2645 2054 2779 2126 (64).
2796 2052 2863 2109 At
2884 2053 3177 2109 Basiliscus
3194 2053 3421 2124 imperio
3438 2068 3534 2121 po-

1954 2148 2111 2217 titus,
2145 2145 2482 2218 encyclicum
2516 2146 2647 2203 facit
2676 2147 2938 2202 adversus
2994 2145 3235 2201 divinam
3269 2144 3534 2217 synodum

1954 2238 2485 2301 Chalcedonensem;
2536 2253 2645 2308 quo
2686 2237 2905 2308 quidem
2945 2237 3127 2292 nitens
3173 2250 3295 2306 qua:
3326 2235 3536 2303 reliqua

1957 2340 2077 2388 erat
2118 2331 2173 2387 in
2215 2340 2405 2386 sancta
2455 2330 2676 2387 civitate
2714 2330 3166 2402 Aposchistarum
3215 2344 3362 2400 pars,
3416 2344 3537 2383 cum

1956 2424 2271 2489 Qerontium
2290 2426 2580 2495 quemdam
2596 2422 2697 2480 sibi
2714 2422 3083 2496 praefecissem
3097 2421 3211 2496 (65)
3232 2421 3541 2477 archiman-

1959 2518 2178 2584 dritam,
2204 2519 2372 2572 multa
2404 2517 2457 2572 in
2489 2516 2788 2573 Ecclesiam
2813 2517 3056 2584 innovat,
3091 2529 3191 2571 nec
3224 2514 3432 2569 minora
3474 2513 3539 2566 iis

1959 2627 2077 2682 qua:
2099 2622 2255 2668 antea
2286 2626 2451 2667 ausus
2475 2610 2650 2667 fuerat
2672 2610 3037 2667 Theodosius.
3062 2608 3330 2667 Caeterum
3350 2609 3541 2679 quinto

1960 2714 2083 2773 post
2110 2704 2224 2759 lucc
2249 2719 2393 2760 anno
2418 2703 2554 2774 (66),
2591 2704 2823 2760 moritur
2851 2703 3070 2773 quidem
3096 2701 3422 2757 Anastasius
3448 2715 3540 2768 pa-

1962 2796 2220 2860 triarcha,
2235 2795 2347 2866 jam
2368 2796 2663 2866 incipiente
2684 2811 2871 2852 mense
2883 2794 3172 2861 Januario;
3196 2792 3344 2850 Zeno
3360 2802 3540 2847 autem

1962 2903 2215 2945 reversus
2241 2904 2271 2942 a
2302 2887 2444 2960 luga,
2475 2888 2643 2944 vincit
2670 2888 3016 2955 Basiliscum,
3045 2888 3136 2957 qui
3166 2888 3345 2942 adhuc
3371 2885 3555 2955 impea

1965 2981 2104 3035 rium
2164 2982 2420 3045 tenebat,
2479 2994 2779 3051 rursusque
2836 2987 3123 3050 recuperat
3179 2977 3555 3049 principatum.

1964 3087 2124 3142 quem
2159 3072 2416 3128 amiserat
2442 3072 2576 3145 (67).
2599 3073 2666 3127 Et
2685 3074 2797 3130 sedi
2830 3071 3337 3142 Hierosolymitana:
3355 3084 3545 3126 succe~

281 3158 382 3227 τῆς
415 3157 697 3227 βασιλείας
744 3161 1082 3233 ὑπάρχοντα,
1117 3162 1416 3216 ἀνακτᾶται
1466 3162 1522 3216 δὲ
1553 3162 1719 3216 πάλιν
1762 3159 1853 3230 τὴν

1967 3161 2043 3217 dit
2070 3161 2385 3235 Martyrius,
2432 3163 2521 3219 ille
2538 3178 2566 3218 a
2593 3178 2679 3219 me
2704 3162 2958 3234 superius
2979 3177 3122 3233 saepe
3167 3168 3502 3217 memoratus
3530 3178 3544 3225 ;

283 3251 461 3324 ἀρχὴν
491 3251 559 3323 ἢν
589 3252 843 3309 ἀπέθετο.
876 3254 986 3309 Καὶ
1012 3254 1315 3325 διαδέχεται
1361 3254 1453 3309 τὸν
1487 3254 1674 3327 θρόνον
1701 3254 1864 3323 Μαρ-

284 3343 493 3414 τύριος,
518 3343 548 3397 ὃ
570 3345 682 3400 άνω
711 3364 800 3418 μοι
831 3347 927 3401 τοῦ
956 3347 1117 3416 λόγου
1150 3346 1407 3410 πολλάκις
1434 3345 1830 3418 μνημονευθείς
1850 3362 1863 3377 '

1967 3254 2058 3321 qui
2107 3257 2174 3310 ad
2210 3256 2387 3323 ipsum
2424 3250 2818 3327 imperatorem
2866 3254 3142 3311 Zenonem
3180 3261 3236 3308 et
3291 3254 3547 3327 Acacmm

1966 3344 2641 3420 Constantiuopolitanum
2692 3348 3008 3417 episcopum
3061 3346 3256 3402 scribit
3296 3344 3361 3400 de
3403 3344 3546 3413 Apo-

282 3431 340 3493 ὃς
374 3432 527 3504 αὐτῷ
589 3451 649 3487 τε
693 3435 771 3507 τῷ
822 3435 1034 3507 βασιλεῖ
1067 3436 1315 3506 Ζήνωνι,
1374 3436 1471 3490 καὶ
1514 3434 1754 3506 Ἀκακίῳ
1791 3434 1853 3505 τᾷ

1970 3438 2218 3502 schistis,
2269 3452 2569 3508 eorumque
2621 3437 2960 3506 blasphemia
3001 3436 3296 3490 etvitanda
3323 3433 3548 3498 haeresi;
3598 3424 3637 3454 ”

288 3524 947 3597 Κωνσταντινουπόλεως,
976 3528 1044 3583 τὰ
1073 3529 1203 3601 περὶ
1230 3527 1338 3581 τῶν
1374 3527 1747 3597 Ἀποσχιστῶν
1779 3530 1853 3580 κα

1974 3539 2134 3600 atque
2168 3530 2305 3587 Fido
2332 3532 2561 3586 diacono
2593 3530 2792 3585 litteris
2822 3528 3058 3593 traditis,
3086 3543 3191 3583 non
3225 3525 3551 3595 pauca-viro

285 3613 389 3681 τῆς
412 3614 637 3669 ἐκείνων
672 3615 1026 3690 βλασφημίας
1057 3620 1150 3672 καὶ
1183 3616 1425 3688 φευκτῆς
1454 3616 1719 3690 αἱρέσεως
1754 3618 1876 3670 ἐπι-

1978 3634 2074 3675 ore
2095 3621 2258 3675 etiam
2284 3621 2508 3676 dicenda
2551 3620 2794 3675 mandat.

289 3704 535 3759 στέλλει·
597 3706 694 3760 καὶ
747 3707 920 3780 Φείδῳ
971 3708 1041 3762 τὰ
1083 3709 1389 3780 γράμματα
1432 3706 1748 3779 ἐγχειρίσας
1793 3708 1873 3780 τῷ
1911 3708 2163 3781 διακόνῳ,
2228 3712 2328 3766 οὐκ
2353 3711 2509 3781 ὀλίγα
2540 3712 2714 3765 εἰπεῖν
2748 3711 2827 3783 τῷ
2860 3707 3015 3781 ἀνδρὶ
3050 3708 3145 3763 καὶ
3184 3706 3273 3761 διὰ
3308 3703 3551 3776 γλώττης

286 3797 614 3853 ἐντέλλεται.

358 3888 506 3944 ΡΙΔ’.
548 3888 607 3942 ‘0
632 3889 690 3943 δὲ
718 3891 816 3962 τὴν
854 3890 1079 3963 Ἰόππην
1109 3898 1140 3928 ιι
1165 3887 1510 3954 καταλαϐὼν,
1548 3890 1644 3945 καὶ
1678 3891 1865 3944 πλοίου

288 3984 439 4047 τινὸς
478 3983 831 4055 καταίροντος
875 3985 955 4048 είς
997 3982 1269 4055 Κορύκιον
1291 3983 1314 4016 ⁰
1344 3982 1563 4051 ἐπιϐὰς,
1594 3984 1718 4039 ἐπεὶ
1743 3983 1866 4039 κατ’

2047 3888 2233 3946 CXIV.
2281 3887 2376 3945 Ille
2407 3895 2587 3944 autem
2619 3903 2741 3944 cum
2779 3885 2986 3958 Joppen
3017 3883 3353 3955 pervenisset
3378 3890 3433 3935 et
3461 3896 3554 3933 na—

1977 3983 2176 4054 vigium
2232 3980 2568 4037 ascendisset
2612 3977 2757 4049 quod
2798 3976 3253 4050 proficiscebatur
3294 3972 3347 4027 in
3382 3971 3556 4046 Cor}.—

290 4076 425 4130 αὐτὸ
468 4077 571 4148 ήδη
602 4077 664 4130 τὸ
708 4076 1042 4147 Παρθενικὸν
1096 4077 1317 4146 ἐγένετο
1346 4078 1604 4146 πέλαγος,
1634 4077 1853 4149 χειμῶνι

1976 4077 2119 4131 cium
2146 4075 2283 4147 (68),
2308 4074 2396 4129 ubi
2423 4073 2532 4143 jam
2557 4071 2659 4127 fuit
2685 4073 2737 4127 in
2760 4072 2877 4142 ipso
2898 4071 3032 4126 mari
3052 4066 3382 4123 Parthenico
3414 4066 3552 4136 (69).

294 4165 519 4238 μεγάλῳ
548 4167 643 4221 καὶ
689 4164 918 4220 κλύδωνι
958 4166 1258 4237 συντυχὼν,
1303 4167 1477 4238 μέσης
1529 4167 1722 4231 νυκτὸς
1761 4170 1853 4237 ύφ-

1977 4170 2030 4224 in
2056 4184 2306 4239 magnam
2328 4167 2573 4222 incidens
2595 4164 2883 4235 procellam
2904 4172 2959 4220 et
2978 4169 3380 4233 tempestatem,
3408 4160 3553 4229 pati-

294 4258 512 4313 ίσταται
543 4259 604 4311 τὸ
628 4258 911 4327 ναυάγιον.
946 4259 1360 4329 Καταδυόμενος
1393 4261 1450 4315 δὲ
1482 4261 1606 4332 ήδη,
1631 4262 1723 4315 καὶ
1754 4261 1853 4315 οῦδ

1975 4272 2061 4317 tur
2081 4262 2251 4315 media
2270 4270 2427 4317 nocte
2445 4257 2811 4329 naufragium.
2827 4255 3555 4326 Cumquejamdemergere-

291 4349 542 4405 ὁπωσοῦν
564 4351 758 4404 ἐαυτὸν
780 4350 1061 4422 ὑπερέχων
1086 4361 1114 4400 P
1132 4350 1224 4404 τοῦ
1249 4350 1537 4418 κλύδωνος,
1557 4352 1674 4406 ἀλλ’
1692 4351 1853 4415 οὕτως

1967 4363 2072 4421 tur,
2101 4369 2199 4408 nec
2222 4368 2282 4408 se
2310 4368 2473 4422 supra
2495 4350 2691 4407 ﬂuctus
2720 4350 3213 4420 quomodocunque
3253 4342 3556 4397 attolleret.

294 4441 400 4495 ὑπὸ
425 4442 577 4514 μέσῳ
606 4442 834 4512 πελάγει
863 4444 955 4497 κα).
987 4442 1224 4513 ἀσαφείᾳ
1254 4443 1448 4507 νυκτὸς
1469 4443 1853 4514 ἀπολλύμενος.

1966 4444 2057 4500 sed
2093 4445 2170 4499 sic
2210 4445 2264 4498 in
2302 4444 2480 4499 medio
2517 4443 2678 4511 mari,
2709 4442 2994 4510 noctisque
3037 4436 3374 4493 obscuritate
3421 4435 3560 4504 peri-

295 4534 440 4605 ξύλῳ
471 4535 579 4589 τινὶ
616 4537 681 4589 ἐκ
739 4535 1072 4608 παραλόγου,
1127 4534 1329 4605 μᾶλλον
1378 4534 1436 4588 δὲ
1476 4534 1613 4589 Θεοῦ
1664 4535 1853 4598 δόντος

1970 4549 2073 4605 ret,
2102 4537 2166 4604 ,in
2217 4537 2488 4606 quoddam
2539 4538 2766 4607 lignum,
2810 4552 2873 4589 ex
2927 4531 3227 4601 inopinato,
3278 4528 3388 4582 imo
3424 4541 3558 4579 vero

297 4627 721 4701 περιτυγχάνει·
756 4629 852 4682 καὶ
883 4628 1295 4701 άπονηξάμενος
1324 4626 1420 4683 ἐπὶ
1449 4627 1662 4693 τούτου,
1694 4627 1787 4682 καί
1817 4645 1853 4681 τι

1974 4629 2083 4683 Deo
2109 4629 2292 4694 dante,
2320 4628 2586 4694 incurrit;
2622 4646 2650 4683 c
2676 4646 2743 4683 IIII
2787 4645 2893 4697 quo
2930 4636 3182 4687 enatans,
3244 4617 3548 4692 paululum;

1562 4722 1794 4777 VARle
1834 4722 2133 4780 LECTION
2146 4721 2244 4779 ES.

367 4825 407 4854 ω
438 4813 512 4869 al.
535 4813 661 4869 add.
704 4813 1114 4886 Ἱεροσολύμων.
1190 4824 1219 4853 ιι
1246 4815 1318 4870 al.
1359 4812 1559 4886 Ἰόπην.
1639 4821 1663 4848 °
1698 4813 1771 4868 al.
1802 4813 2113 4886 Κωρύκιον.
2191 4813 2309 4869 Pal.
2337 4814 2714 4886 ύπερανέχων.

1501 4908 1692 4966 JOAN.
1734 4909 2073 4967 BOLLANDI
2109 4910 2342 4970 NOTAE.

520 4999 748 5076 §9.ﬂh.
778 5001 1119 5076 47d,_mense
1147 5001 1455 5076 Januario,
2050 5003 2161 5076 (67)
2203 5002 2417 5076 Postgl)
2441 5012 2859 5076 incusemquam
2879 4994 3085 5076 eiectus
3102 5000 3238 5076 erat,
3262 4990 3555 5072 ut'tradunt

389 5069 481 5144 ea)
520 5062 601 5144 I5}:
628 5070 735 5144 ﬁlia
771 5062 1030 5144 Ariadna,
1064 5082 1226 5144 nupta
1252 5072 1482 5130 Zenoni.

367 5140 482 5218 (£55.)
526 5140 918 5218 ἓίθιιθὲἓδυεὶἕρο

373 5210 484 5281 (64)
523 5212 628 5266 Αη.
655 5210 757 5266 Ch.
779 5212 905 5268 476.
949 5213 1148 5268 Basilio
1180 5223 1231 5269 et
1260 5216 1485 5281 Armato
1512 5228 1682 5276 coss.,
1709 5221 1767 5266 ut
1804 5226 1869 5266 ex

297 5279 562 5367 Simplicii
587 5296 743 5367 papa:
766 5283 992 5367 epistola
1027 5279 1426 5367 colligitur,'bis
1454 5285 1590 5367 data
1625 5297 1769 5338 coss.
1795 5297 1870 5343 tv.

301 5352 379 5425 ιλιι.
412 5350 664 5417 «Ι.ιηιιιιῖ·.,
698 5350 816 5420 (ιυιί
842 5352 1116 5408 Zenonem
1155 5350 1207 5425 ut
1235 5350 1332 5425 pro
1368 5358 1693 5425 imperatore
1728 5368 1876 5425 qua:—

301 5422 425 5496 dam
454 5436 660 5496 ageret,
694 5424 945 5496 hortatur
973 5442 986 5478 :
1016 5439 1116 5479 nec
1142 5422 1384 5496 diu'post
1418 5422 1580 5481 isthic
1609 5424 1873 5487 substitit,

235 5494 240 5501 ’
303 5492 446 5562 utch
474 5494 647 5562 reditu
673 5494 903 5562 patebit.

1978 5062 2211 5143 Cy‘rill'us
2257 5074 2306 5127 in
2349 5072 2465 5125 Vita
2507 5070 2566 5143 ὃ.
2611 5062 2789 5143 διήιξε,
2837 5062 3107 5120 et‘Victor
3147 5062 3555 5143 Tuununensis-

1983 5134 2293 5213 Simplicius
2330 5157 2465 5213 papa
2505 5142 2573 5213 de
2603 5140 2832 5213 imperio
2870 5142 3186 5203 recuperato
3212 5134 3562 5213 congratula-

1983 5226 2069 5268 tur
2094 5201 2313 5282 {Zenoni
2333 5201 2443 5266 'Vil
2477 5212 2602 5282 ldus
2633 5201 2827 5282 (Ii-Ioh.
2865 5201 3011 5277 post
3039 5201 3379 5261 consulatum
3407 5201 3559 5258 Basi-

1979 5279 2105 5341 lisci‘
2130 5294 2184 5337 et
2206 5284 2415 5338 Armati
2440 5297 2530 5335 an.
2566 5281 2664 5337 Ch.
2696 5279 2818 5334 477.

2049 5356 2158 5426 (68)
2190 5350 2429 5426 Corycus
2467 5352 2789 5426 Ptolemmo.
2824 5347 3025 5426 Plinio,
3062 5342 3432 5426 Straboni..Q.
3458 5343 3562 5426 Ca:

1977 5412 2153 5487 Ialiro,
2175 5412 2375 5479 Cilicia:
2396 5423 2648 5489 Oppidum
2672 5438 2685 5486 ;
2712 5420 2999 5491 Corycium
3022 5414 3477 5491 promontorium,
3506 5423 3563 5469 et

1980 5496 2032 5550 in
2074 5510 2141 5550 eo
2179 5506 2393 5548 antrum
2441 5487 2754 5564 Corycium,
2817 5487 2871 5545 in
2917 5506 3025 5560 quo
3076 5487 3318 5556 Optimus
3362 5499 3562 5540 crocus

372 5560 489 5634 (65)
526 5560 1053 5635 Pseudqepiscopum
1113 5572 1302 5620 contra
1368 5564 1753 5633 Anastasium,
1822 5572 1880 5618 ut
1979 5568 2242 5621 nascitur.

302 5634 442 5688 bene
470 5633 704 5687 advertit
728 5633 994 5690 Baronius
1022 5651 1109 5689 an.
1136 5636 1262 5696 476.
1284 5652 1432 5692 num.
1465 5637 1557 5690 41.

372 5702 492 5777 (66)
528 5702 662 5777 Post
683 5717 912 5777 mortem
949 5706 1005 5759 S.
1038 5705 1309 5777 Euthymii
1342 5723 1430 5761 an.
1460 5706 1562 5761 Ch.
1590 5705 1872 5777 “Lucum

302 5771 612 5841 prmfuisset
644 5774 710 5829 I8
737 5790 927 5839 annos,
966 5786 1024 5829 ut
1053 5771 1252 5833 dicitur
1296 5777 1351 5832 in
1399 5777 1667 5834 Chronico
1718 5772 1875 5830 Nicc-

305 5843 485 5912 phori,
511 5852 563 5899 et
592 5843 800 5916 aliquot
824 5860 1055 5904 menses.

2052 5636 2162 5705 (69)
2205 5635 2318 5688 Imo
2376 5632 2797 5697 Parthenicum,
2853 5646 2947 5685 seu
3003 5627 3356 5705 Parthenium
3411 5638 3562 5704 mare

1983 5697 2256 5761 Macrohio
2289 5706 2329 5758 7Δ
2363 5705 2608 5769 Saturn,
2652 5712 2738 5757 est
2779 5718 2903 5771 pars
2946 5702 3111 5755 maris
3153 5697 3558 5759 Mediterranei,

1983 5779 2124 5848 quod
2157 5776 2336 5834 Asiam
2366 5776 2716 5845 Africamque
2739 5771 3003 5829 interluit.
