3846 6468
307 310 417 374 8’5

1542 320 1651 383 ME
1660 323 1832 385 NSIS
1870 325 1903 387 Ι
1913 325 2008 387 AN
2017 326 2327 390 UABIUS.

3454 327 3564 391 696

311 440 417 491 que
447 439 512 480 ex
552 433 697 481 tanta
741 428 1051 483 calamitate
1100 440 1402 500 recreatus.
1439 434 1493 489 in
1547 438 1868 493 recordatio-

1989 441 2184 511 μικρὸν
2228 441 2293 494 ἐκ
2345 438 2677 510 τηλικαύτης
2732 440 3042 511 ἀνενεγκὼν
3100 456 3420 512 συμφορᾶς,
3482 446 3563 504 εἰς

313 531 434 568 nem
487 516 633 571 venit
676 517 1015 574 admirabilis
1061 521 1333 592 Euthymii
1378 538 1392 575 :
1431 530 1485 577 et
1521 524 1704 579 statim
1737 525 1884 580 illum

310 607 571 664 adversus
605 609 909 678 periculum
937 612 1316 669 auxiliatorem
1351 613 1660 682 invocabat,
1686 625 1742 671 et
1765 633 1883 671 am-

307 699 403 755 bas
426 702 474 755 ei
505 701 756 757 tendebat
780 718 997 773 manus,
1032 704 1282 776 illiusque
1313 722 1508 763 nomen
1542 723 1686 778 saepe
1716 709 1884 764 incla-

307 790 514 849 mabat.
567 791 660 849 Sic
711 809 844 865 ergo
890 796 939 852 ei
998 796 1292 863 laboranti,
1354 808 1577 869 apparet
1633 799 1884 856 alicunde

306 896 534 951 magnus
555 880 902 956 Enthymius,
935 888 1208 945 transiens
1230 905 1327 958 per
1354 901 1588 955 mare,et
1609 906 1772 959 super
1790 891 1884 945 fitt-

302 984 422 1031 ctus
456 991 648 1033 secure
676 979 959 1041 incedens.
1003 982 1313 1049 QuiFidum
1337 994 1560 1054 repente
1584 985 1880 1051 videntem,

301 1070 356 1124 in
402 1070 819 1129 admirationem
864 1076 1087 1144 conjicit
1123 1094 1138 1132 :
1182 1078 1275 1133 sed
1307 1082 1428 1132 etim
1468 1093 1659 1135 rursus
1690 1078 1880 1135 volens

299 1160 369 1213 ab
421 1176 628 1232 angore
679 1173 734 1219 et
779 1175 926 1220 metu
980 1166 1163 1220 statim
1220 1166 1477 1230 liberare,
1518 1177 1774 1223 consueta
1803 1168 1878 1222 uti

297 1250 533 1309 faciebat
564 1254 715 1324 prius
742 1256 1068 1313 allocutione
1103 1273 1118 1312 :
1148 1257 1502 1330 Noli,inquit,
1527 1260 1754 1327 timere;
1781 1276 1879 1332 ego

300 1361 419 1400 sum
449 1346 773 1420 Eutltymius
820 1365 1011 1406 servus
1050 1352 1139 1407 Dei
1174 1365 1190 1406 :
1223 1354 1365 1408 scias
1404 1360 1616 1418 autem,
1652 1352 1748 1407 tibi
1782 1352 1877 1408 bo-

300 1453 429 1491 num
484 1454 588 1494 non
642 1456 763 1497 esse
797 1441 901 1498 ltoc
937 1442 1040 1498 iter
1071 1444 1122 1498 in
1167 1453 1461 1512 conspectu
1509 1442 1626 1501 Dei.
1659 1443 1874 1498 Nullam

296 1529 441 1583 enim
480 1531 669 1588 afferet
720 1534 1007 1591 utilitatem
1063 1536 1226 1591 matri
1284 1535 1675 1593 Ecclesiarum.
1733 1534 1877 1602 Qua-

296 1629 516 1690 propter
538 1633 750 1692 oportet
782 1634 833 1679 te
856 1626 1052 1683 reverti
1082 1628 1147 1681 ad
1179 1644 1302 1683 eum
1324 1629 1415 1698 qui
1446 1637 1497 1684 te
1527 1630 1694 1693 misit,
1716 1631 1875 1698 eique

298 1725 419 1765 meo
450 1714 670 1770 nomine
697 1716 1041 1780 denuntiare,
1084 1735 1150 1775 ue
1193 1718 1265 1776 sit
1298 1720 1571 1775 ullatenus
1605 1718 1872 1775 sollicitus

294 1805 363 1858 de
392 1804 758 1877 disiunctione
802 1809 1292 1880 Aposcltistarum;
1331 1827 1437 1867 non
1473 1813 1619 1865 enim
1654 1811 1743 1866 diu
1773 1810 1870 1866 ab-

294 1895 441 1963 hinc,
492 1900 587 1953 sed
630 1900 730 1955 sub
760 1902 877 1971 ejus
902 1904 1218 1972 pontificatu
1263 1905 1369 1960 erit
1413 1904 1562 1969 unie,
1595 1914 1649 1961 et
1681 1918 1870 1959 omnes

298 1986 771 2060 llierosolymitani
815 1993 943 2049 fient
966 2010 1105 2050 unus
1131 2011 1285 2066 grex,
1321 2006 1482 2064 atque
1512 1996 1610 2050 sub
1640 2009 1748 2049 uno
1777 2008 1872 2064 pa-

292 2088 462 2133 store.
498 2079 574 2135 'l‘e
602 2092 781 2138 autem
813 2095 1026 2152 oportet
1062 2085 1249 2140 venire
1299 2087 1365 2139 ad
1411 2101 1585 2141 meam
1617 2085 1824 2141 lauram
1852 2103 1868 2155 ;

293 2178 348 2224 et
389 2170 617 2229 fratrum
665 2176 883 2243 quidem
933 2178 1101 2232 cellas
1145 2177 1363 2233 diruere
1395 2177 1462 2231 ab
1512 2176 1644 2246 ipsis
1683 2176 1871 2233 funda-

294 2272 516 2337 mentis,
540 2271 851 2326 coenobium
884 2287 1013 2327 vero
1043 2272 1375 2328 reazditieare
1406 2272 1538 2337 illic,
1573 2272 1665 2328 ubi
1691 2287 1867 2328 meum

297 2364 572 2419 tediticasti
596 2363 994 2419 cmmeterium.
1022 2363 1225 2419 Locum
1257 2365 1401 2419 enim
1427 2364 1537 2422 Deo
1559 2362 1735 2436 placet
1761 2380 1866 2420 non

296 2461 503 2513 lauram
534 2469 676 2526 esse,
709 2456 803 2512 sed
831 2455 1012 2527 potius
1046 2454 1376 2511 coenobium.

369 2720 531 2779 CXV.
564 2722 692 2778 Haec
722 2723 813 2780 ille
848 2723 1070 2794 quidem
1103 2723 1325 2779 mandat
1354 2722 1511 2790 Fido,
1536 2732 1589 2779 et
1615 2737 1712 2779 suo
1742 2736 1864 2778 eum

295 2819 458 2891 pallio
493 2818 690 2873 induit.
717 2818 764 2873 Is
799 2833 925 2872 vero
956 2832 1170 2884 revera,
1198 2834 1303 2873 non
1344 2818 1397 2872 in
1431 2816 1637 2874 somnis
1677 2816 1862 2871 confe-

294 2913 422 2965 stim
465 2911 744 2979 abreptus,
779 2924 885 2962 non
920 2907 1175 2965 dissimili
1212 2907 1394 2961 forsan
1422 2908 1581 2962 modo
1623 2921 1686 2959 ac
1724 2904 1869 2959 Aba-

294 3019 415 3067 cuc,
438 3000 596 3057 facile
625 3000 697 3054 ita
722 3010 777 3055 et
810 3012 1087 3057 momento
1113 3000 1373 3070 temporis
1407 3000 1653 3055 redditur
1680 2999 1864 3067 littori;

293 3104 347 3149 et
385 3094 531 3148 velut
564 3109 595 3148 e
623 3108 813 3148 somno
838 3094 1107 3148 excitatus
1156 3094 1211 3163 (o
1239 3093 1476 3147 divinam
1501 3092 1868 3163 dispensatio-

297 3201 417 3240 nem
434 3186 500 3256 ί),
523 3186 575 3239 in
597 3194 781 3239 sancta
803 3185 1077 3240 invenitur
1096 3186 1335 3240 civitate.
1357 3185 1446 3238 Sic
1470 3191 1648 3238 autem
1673 3199 1869 3256 prater

292 3276 603 3343 opinionem
652 3274 705 3326 in
746 3273 905 3328 domo
954 3283 1335 3339 conservatus,
1379 3273 1600 3343 depenit
1646 3273 1862 3343 quidem

293 3367 537 3421 divinum
571 3365 699 3420 illud
736 3364 1011 3436 Eutltytnii
1056 3365 1300 3436 pallium,
1333 3367 1474 3435 quod
1505 3360 1862 3421 effeceratin

298 3472 501 3522 tantum
525 3463 747 3537 pelagus
770 3482 945 3534 penna
975 3466 1138 3523 cit‘ius
1167 3469 1443 3538 tutiusque
1473 3465 1860 3531 transvolaret;

294 3564 554 3613 consueta
596 3569 775 3614 autem
813 3559 1053 3615 induitur
1078 3571 1245 3616 veste.
1276 3563 1345 3615 At
1373 3561 1499 3615 illud
1542 3561 1659 3632 (sed
1692 3570 1866 3615 atten:

295 3636 529 3703 (tendum
556 3660 681 3705 est:
713 3666 835 3703 nant
872 3652 1138 3706 miraculo
1163 3652 1508 3708 connectitur
1541 3650 1863 3706 miraculum

291 3751 579 3810 cognatum
616 3743 780 3798 veluti
809 3751 865 3798 et
892 3744 1201 3815 consimile)
1222 3746 1374 3815 quasi
1401 3747 1470 3799 ab
1497 3744 1676 3812 aliqua
1701 3760 1862 3797 manu

291 3834 595 3903 abreptum,
647 3849 677 3888 e
716 3835 893 3890 medio
934 3837 1205 3890 sublatum
1244 3837 1541 3891 evanescit.
1594 3836 1865 3891 Reversus

293 3926 474 3994 itaque
501 3927 565 3979 ad
590 3940 648 3981 se
671 3924 857 3990 Fidus,
884 3943 1004 3982 cum
1032 3928 1428 3983 considerasset
1447 3928 1636 3999 quales
1664 3927 1715 3982 in
1741 3943 1863 3982 eum

290 4019 631 4074 calamitates
658 4019 1029 4086 advenissent,
1049 4022 1241 4084 undas,
1272 4021 1465 4077 fluctus
1494 4020 1863 4075 vehementis-

292 4110 487 4175 sintoc,
521 4120 761 4177 noctem,
797 4112 1257 4181 desperationem.
1296 4123 1606 4184 cmteraque
1631 4123 1865 4185 tempes-

293 4204 421 4257 tatis
448 4202 608 4271 ltttjus
654 4204 828 4270 mala;
877 4205 1070 4260 deinde
1104 4222 1231 4261 vero
1272 4208 1607 4278 repentinam
1647 4208 1868 4278 inexpu-

292 4297 526 4365 gnabilis
604 4297 763 4353 istius
837 4313 1093 4353 aerumnae
1160 4300 1525 4366 solutionem,
1606 4316 1862 4370 magnum

291 4390 637 4460 Euthymium
684 4406 698 4443 :
737 4399 791 4445 et
819 4391 1272 4459 quemadmodum
1300 4407 1425 4446 cum
1472 4392 1584 4460 jam
1615 4391 1864 4448 defessus

1988 533 2296 606 ὑπόμνησιν
2344 529 2476 605 ἦλθε
2515 535 2610 589 τοῦ
2650 533 2964 605 θαυμαστοῦ
2998 533 3272 606 Εὑθυμίου
3294 549 3307 562 ·
3341 534 3436 588 καὶ
3468 534 3561 586 αὐ-

1985 624 2115 679 τίκα
2172 625 2365 699 βοηθὸν
2395 628 2603 682 ἐκεῖνον
2634 626 2777 682 κατά
2808 627 2904 680 τοῦ
2939 626 3188 683 κινδύνου
3229 627 3438 693 ἐκάλει,
3469 627 3561 680 καὶ

1986 717 2304 789 ἀμφοτέρας
2348 717 2527 789 ὤρεγε
2573 720 2764 790 χεῖρας
2818 716 2990 788 αὐτῷ,
3028 719 3125 772 καὶ
3183 718 3246 771 τὸ
3276 719 3449 787 ὄνομα
3499 717 3561 770 τὸ

1985 810 2197 864 ἐκείνου
2226 810 2486 875 πολλάκις
2521 811 2807 866 ἐπεϐοᾶτο.
2839 810 3024 873 Οὕτως
3049 802 3144 865 οὖν
3171 810 3423 880 πονήρως
3454 808 3557 863 αὐ·

1984 899 2061 970 τῷ
2116 900 2329 973 ἔχοντι,
2382 901 2726 971 ἐπιφαίνεταί
2779 900 2941 955 ποθεν
2973 902 3002 953 ὁ
3047 900 3220 971 μέγας
3258 899 3557 971 Εὐθύμιος,

1983 990 2135 1045 διῖὼν
2168 994 2260 1046 ἐπὶ
2298 993 2398 1063 τῆς
2427 992 2724 1063 θαλάσσης,
2753 993 2848 1046 καὶ
2878 991 3060 1056 αὐτοῖς
3088 993 3148 1047 δὲ
3173 995 3284 1056 τοῖς
3314 990 3559 1063 κύμασιν

1981 1083 2243 1153 ἀσφαλῶς
2298 1085 2792 1155 ἐπιπορευόμενος·
2845 1083 3022 1138 ἰδόντα
3070 1083 3130 1139 δὲ
3186 1084 3424 1153 ἀθρόον,
3477 1085 3555 1146 είς

1980 1175 2244 1247 ἔκπληξιν
2267 1175 2526 1246 ἐμϐάλλει
2545 1176 2635 1231 τὸν
2651 1176 2834 1231 Φεῖδον
2855 1194 2869 1208 ’
2889 1177 2985 1230 καὶ
3008 1177 3107 1248 τῆς
3129 1175 3368 1245 ἀγωνίας
3389 1176 3554 1231 πάλιν

1980 1268 2143 1332 εὐθὺς
2177 1268 2271 1322 καὶ
2302 1267 2397 1322 τοῦ
2433 1268 2587 1334 δέους
2611 1270 2775 1325 αὑτὸν
2800 1268 3068 1323 ἀπολῦσαι
3106 1268 3456 1339 βουλόμενος,
3484 1268 3554 1339 τῇ

1981 1360 2203 1433 συνήθει
2253 1362 2330 1426 ὡς
2370 1357 2485 1435 εἷχε
2517 1364 2609 1417 καὶ
2639 1362 2901 1433 πρότερον
2941 1360 3196 1430 ἐντεύξει,
3229 1361 3322 1433 Μὴ
3360 1359 3552 1431 φοϐοῦ,

1977 1452 2090 1523 ἐγώ
2114 1456 2232 1524 είμι
2266 1454 2539 1521 Εὑθύμιος
2562 1456 2590 1508 ὁ
2626 1453 2721 1507 τοῦ
2743 1451 2878 1508 Θεοῦ
2908 1454 3107 1521 δοῦλος,
3143 1453 3284 1523 ἔφη·
3315 1452 3551 1521 γίνωσκε

1976 1548 2033 1601 δὲ
2063 1547 2138 1610 ὡς
2165 1548 2267 1601 οὐκ
2301 1546 2495 1601 ἀστεία
2520 1563 2603 1601 σοι
2631 1548 2665 1619 ἠ
2693 1546 2810 1610 ὁδὸς
2839 1545 2979 1617 αὕτη
3005 1543 3236 1600 ἐνώπιον
3267 1543 3361 1598 τοῦ
3389 1544 3549 1598 Θεοῦ.

1976 1641 2111 1695 Οὐδὲ
2157 1641 2268 1713 γὰρ
2300 1640 2487 1712 ὄνησίν
2518 1657 2641 1694 τινα
2690 1637 2826 1693 οἴσει
2855 1641 2920 1711 τῇ
2956 1637 3125 1709 μητρὶ
3168 1637 3278 1691 τῶν
3316 1635 3552 1707 Ἐκκλη-

1978 1733 2130 1789 σιῶν.
2164 1733 2264 1788 Διά
2309 1732 2483 1789 ταῦτα
2524 1730 2877 1804 ἐπιστρέφειν
2908 1747 2969 1784 σε
3006 1731 3090 1783 δεῖ
3115 1728 3255 1801 πρὸς
3280 1727 3374 1782 τὸν
3415 1730 3551 1783 ἀπο·

1975 1823 2262 1879 στείλαντά
2296 1840 2376 1890 σε,
2424 1822 2520 1877 καὶ
2551 1821 2873 1894 παρεγγυᾷν
2905 1818 3054 1890 αύτῷ
3097 1818 3228 1889 παρ’
3272 1816 3433 1889 ἐμοῦ,
3475 1817 3551 1888 μὴ

1977 1918 2249 1990 μεριμνᾷν
2283 1915 2450 1988 μηδὲν
2478 1915 2609 1987 περὶ
2636 1914 2738 1983 τῆς
2771 1911 2882 1967 τῶν
2919 1910 3292 1983 ’Δποσχιστῶν
3321 1909 3550 1964 διαστά-

1974 2026 2116 2075 σεως
2135 2025 2149 2039 ⁸
2179 2011 2280 2064 οὐκ
2314 2010 2393 2072 είς
2428 2000 2649 2079 μακράν
2683 2006 2815 2077 γὰρ,
2845 2002 2963 2060 ἀλλ’
2991 2003 3086 2056 ἐπὶ
3104 2003 3201 2073 τῆς
3230 2001 3331 2072 σῆς
3360 2002 3549 2071 ίεραρ-

1972 2101 2096 2172 χίας
2124 2100 2280 2154 ἔσται
2310 2101 2344 2168 ἡ
2383 2100 2599 2165 ἒνωσις,
2632 2098 2728 2153 καὶ
2757 2096 2858 2168 μία
2896 2093 3105 2166 ποίμνη
3149 2094 3354 2158 πάντες
3400 2094 3448 2146 oi
3492 2092 3551 2145 ὲν

1983 2192 2401 2264 Ἰεροσολύμοις,
2436 2191 2533 2246 καὶ
2564 2189 2654 2261 ὑφ’
2700 2189 2784 2245 ἐνὶ
2831 2187 3052 2258 ποιμένι
3100 2186 3445 2257 γενήσονται.
3483 2183 3552 2236 Σὲ

1969 2285 2029 2340 δὲ
2072 2284 2207 2357 πρὸς
2238 2286 2337 2354 τὴν
2371 2283 2512 2355 ἐμὴν
2556 2280 2851 2352 ἀφικέσθαι
2890 2279 3100 2351 λαύραν
3150 2278 3293 2349 χρήο
3343 2275 3438 2329 κα)⁸
3482 2268 3554 2328 τά

1973 2377 2073 2447 μὲν
2099 2376 2287 2429 κελλία
2313 2374 2420 2427 τῶν
2449 2373 2714 2443 ἀδελφῶν,
2736 2373 2801 2426 ὲκ
2825 2371 3041 2443 βάθρων
3070 2369 3252 2424 αὐτῶν
3277 2365 3548 2429 καθελεῖν,

1970 2467 2241 2523 κοινόϐιον
2271 2466 2327 2523 δὲ
2353 2466 2803 2537 ἀνοικοδομῆσαι,
2830 2466 2888 2518 ὲν
2920 2458 2963 2532 ᾧ
2991 2463 3053 2517 τὸ
3084 2461 3218 2533 ὲμδν
3259 2459 3549 2532 ᾠκοδόμη-

1972 2578 2072 2625 σας
2117 2559 2498 2631 κοιμητήριον.
2534 2555 2670 2611 Οὐδὲ
2704 2555 2812 2629 γὰρ
2840 2554 3070 2626 λαύραν,
3103 2551 3240 2607 ἀλλὰ
3278 2549 3550 2605 κοινόϐιον

1973 2651 2178 2725 μᾶλλον
2206 2647 2348 2706 εἶναι
2374 2650 2467 2704 τὸν
2496 2649 2684 2714 τόπον,
2719 2647 2797 2719 τῷ
2829 2645 2950 2718 Θεῷ
2975 2647 3141 2702 δοκεῖ.

2040 2745 2191 2801 PlE’.
2224 2744 2411 2799 Ταῦτα
2441 2745 2469 2798 ὁ
2506 2743 2605 2815 μὲν
2648 2742 2984 2811 ἐπισκήπτει
3011 2738 3089 2811 τῷ
3115 2738 3307 2809 Φείδῳ,
3336 2737 3433 2790 καὶ
3469 2736 3551 2806 τῷ

1970 2837 2184 2911 παλλίῳ
2213 2837 2378 2892 αὐτὸν
2407 2836 2483 2908 τῷ
2510 2835 2702 2891 ἑαυτοῦ
2724 2833 3059 2905 περιϐάλλει.
3096 2832 3155 2887 Ὀ
3184 2830 3239 2884 δὲ
3268 2828 3420 2901 ῦπαρ
3450 2832 3552 2884 ούκ

1969 2933 2103 3004 ὖναρ
2126 2933 2467 3004 παραχρῆμα
2488 2926 2996 3001 ἀναρπασθεὶς,ούκ
3020 2922 3287 2995 ἀνομοίως
3310 2922 3452 2993 τάχα
3472 2922 3553 2992 τῷ

1981 3023 2329 3095 Ἀμϐακοὺμ,
2352 3023 2481 3095 ῥᾷον
2506 3018 2651 3075 οὕτω
2678 3017 2771 3074 καὶ
2801 3015 3008 3090 ἀκαρῆ,
3045 3013 3122 3085 τῷ
3151 3012 3383 3082 αἰγιαλῶ
3418 3011 3553 3065 δίδο-

1895 3141 1937 3197 c
1973 3117 2188 3172 ται·κα“ι
2207 3110 2319 3169 οἷον
2334 3113 2428 3168 τοῦ
2449 3113 2617 3166 ὕπνου
2632 3110 2923 3174 διαναστάς
2942 3105 3169 3176 (ὣθείας
3186 3102 3549 3199 οἰκονομίαςῐ)
3587 3184 3601 3199 ⁸

1971 3212 2064 3264 ἐπὶ
2093 3210 2192 3279 τῆς
2213 3207 2374 3275 ἁγίας
2394 3206 2708 3277 εὑρίσκεται
2728 3199 3123 3266 πόλεως.0’ύτω
3146 3199 3202 3254 δὲ
3228 3197 3551 3270 παραδόξως

1970 3304 2051 3365 είς
2067 3300 2165 3371 τὴν
2180 3298 2355 3355 οἰκίαν
2369 3296 2688 3360 ἀνασωθεὶς,
2701 3293 3017 3351 ἀποτίθεται
3036 3292 3134 3360 μὲν
3146 3291 3204 3343 τὸ
3217 3291 3358 3344 θεῖον
3372 3289 3551 3343 ἐκεῖνο

1968 3391 2065 3445 τοῦ
2092 3389 2368 3460 Εὐθυμίου
2396 3386 2639 3448 παλλίον,
2669 3385 2697 3439 ὃ
2723 3382 2922 3456 πτεροῦ
2949 3382 3151 3454 μᾶλλον
3175 3380 3408 3450 πέλαγος
3430 3380 3551 3434 δια-

1973 3484 2175 3553 πτῆναι
2207 3480 2483 3546 τοσοῦτον,
2517 3477 2771 3548 ὀξύτερόν
2802 3494 2860 3530 τε
2891 3476 2984 3529 καὶ
3016 3472 3423 3543 ἀσφαλέστερον
3450 3475 3551 3525 αύ-

1970 3574 2061 3628 τδν
2088 3571 2492 3645 παρεσκεύασε,
2526 3569 2623 3640 τὴν
2668 3567 2873 3640 συνήθη
2906 3567 2962 3620 δὲ
2998 3565 3188 3638 στολὴν
3226 3565 3552 3637 περιϐάλλε-

1970 3684 2080 3722 ται.
2117 3666 2322 3719 Ἐκεῖνο
2345 3664 2422 3717 δέ·
2458 3663 2593 3717 ἀλλὰ
2616 3661 2949 3734 προσεκτέον
2969 3677 2983 3690 ·
3016 3658 3301 3716 ἀκολουθεῖ
3326 3659 3437 3727 γὰρ
3470 3658 3552 3728 τῷ

1974 3758 2216 3827 θαύματι
2269 3755 2455 3825 θαῦμα
2506 3755 2769 3823 συγγενὲς
2813 3752 2927 3807 οἷον
2977 3752 3072 3806 καὶ
3126 3749 3548 3822 παραπλήσιονσ

1972 3850 2228 3921 καθάπερ
2254 3847 2359 3902 ύπό
2382 3864 2525 3910 τινος
2543 3846 2877 3916 διαρπασθὲν
2901 3843 3103 3916 χειρὸς,
3129 3843 3331 3912 ἀφανὲς
3358 3843 3423 3895 ἐκ
3454 3840 3548 3895 τοῦ

1973 3947 2141 4015 μέσου
2168 3945 2404 4014 γίνεται.
2446 3939 2789 3996 Ἐπανελθὼν
2828 3939 3118 4010 τοιγαροῦν
3163 3942 3243 4003 είς
3293 3937 3490 3992 ἑαυτὸν
3521 3938 3550 3990 ὁ

1968 4038 2172 4105 Φεῖδος,
2207 4037 2303 4091 καλ⁸
2329 4030 2417 4091 οἶα
2452 4033 2751 4092 καταλάϐοι
2781 4031 2947 4087 αὐτὸν
2979 4032 3129 4086 δεινά
3162 4031 3546 4104 λογισάμενος,

1968 4131 2061 4185 τὸν
2092 4129 2362 4196 κλύδωνα,
2395 4131 2494 4193 τὰς
2527 4127 2846 4199 τρικυμίας,
2889 4126 2988 4197 τὴν
3039 4126 3233 4194 νύκτα,
3267 4125 3367 4198 τὴν
3408 4126 3548 4180 ἀπό-

1968 4240 2193 4292 γνωσιν,
2226 4221 2319 4277 καὶ
2344 4222 2445 4275 ὃσα
2470 4219 2563 4274 τοῦ
2597 4218 2867 4291 χειμῶνος
2897 4217 3091 4272 τούτου
3133 4218 3281 4272 κακά
3302 4232 3317 4248 ο
3354 4217 3549 4273 ἔπειτα

1966 4318 2068 4387 τὴν
2089 4316 2293 4388 ἀθρόαν
2318 4315 2417 4385 τῆς
2449 4314 2664 4386 ἀμάχου
2695 4312 2899 4384 ταύτης
2932 4313 3220 4384 συμφορᾶς
3249 4310 3424 4376 λύσιν,
3456 4310 3549 4364 τὸν

1972 4409 2148 4476 μέγαν
2178 4404 2452 4476 Εὐθύμιον
2476 4421 2490 4435 ·
2533 4403 2629 4459 καὶ
2666 4404 2815 4467 ὅπως
2850 4401 3293 4475 ἀπαγορεύσαντι
3320 4401 3424 4473 ἥδη
3453 4403 3550 4456 καὶ

291 4484 601 4539 concideret
630 4484 834 4547 animo,
866 4495 919 4537 et
950 4485 1187 4552 graviter
1206 4485 1586 4552 suffocaretnr,
1619 4495 1863 4555 apparet,

1975 4499 2396 4568 ἀποπνιγομένῳ
2456 4496 2666 4560 δεινῶς,
2709 4495 3061 4564 ἐπιφαίνεται
3109 4493 3358 4560 πεζεύων
3404 4494 3550 4549 κατὰ

287 4577 509 4647 pedibus
554 4591 655 4647 per
703 4576 901 4630 fluctus
953 4576 1235 4642 incedens,
1296 4592 1361 4632 ac
1427 4577 1590 4632 veluti
1642 4593 1858 4631 manum

287 4669 591 4739 porrigens,
629 4667 857 4723 hilarem
900 4669 1114 4739 penitus
1146 4669 1295 4724 illam
1324 4668 1519 4724 faciem
1550 4676 1603 4723 et
1645 4683 1859 4734 vocem,

286 4770 448 4830 atque
472 4760 581 4830 iam
614 4759 757 4814 dicta
790 4760 1052 4815 mandans
1086 4760 1155 4826 ei,
1206 4760 1532 4831 tandemque
1561 4760 1725 4829 pallio
1754 4762 1861 4817 cir-

286 4854 569 4919 cuntdans,
613 4862 670 4907 et
717 4852 1094 4907 transmittens
1138 4851 1312 4907 instar
1350 4851 1472 4907 alati
1518 4852 1573 4908 in
1603 4869 1729 4908 aere
1767 4869 1861 4922 per

288 4956 495 5002 tantum
540 4960 714 5010 mare,
754 4952 811 4998 et
842 4942 986 4998 domi
1028 4956 1138 4998 sua:
1183 4943 1416 4997 reddens
1456 4942 1860 5001 insensibiliter.

290 5038 411 5093 llaec.
439 5055 563 5095 cum
614 5035 759 5107 apud
801 5051 862 5091 se
912 5034 1308 5091 considerasset
1343 5034 1529 5099 Fidus,
1576 5038 1711 5092 istas
1741 5054 1861 5092 cum

289 5148 482 5203 magna
507 5130 868 5186 admiratione
891 5127 1077 5183 emisit
1109 5144 1269 5184 voces
1299 5145 1315 5184 :
1346 5126 1502 5183 Nunc
1529 5130 1650 5183 novi
1676 5145 1861 5187 verum

284 5236 406 5276 esse
427 5230 481 5276 et
504 5234 819 5290 germanum
844 5218 937 5273 Dei
963 5233 1179 5273 servum
1209 5234 1461 5289 magnum
1494 5221 1860 5291 Euthymiutu,

291 5314 356 5366 ab
386 5328 559 5382 eoque
597 5314 819 5368 missum
853 5312 1112 5367 liberasse
1145 5329 1228 5365 me
1264 5330 1291 5364 a
1324 5312 1653 5368 calamitate.

361 5402 544 5459 CXVI.
607 5404 869 5473 Deinceps
932 5415 1111 5459 autem
1175 5405 1288 5458 ltmc
1351 5418 1567 5473 quoque
1622 5407 1862 5461 narravit

294 5496 474 5549 tnatri.
528 5494 619 5549 Illa
669 5510 799 5550 vero
830 5496 911 5551 eis
941 5512 1128 5550 aurem
1156 5495 1384 5549 libenter
1409 5496 1859 5562 accommodans;

294 5587 504 5645 amabat
533 5588 676 5644 enim
703 5604 808 5644 non
828 5590 1009 5661 .filium
1043 5592 1326 5654 duntaXat,
1356 5588 1448 5644 sed
1475 5589 1634 5644 etiam
1658 5588 1858 5659 Deum;

1971 4589 2252 4660 κυμάτων,
2292 4588 2388 4642 καὶ
2420 4587 2584 4640 οίονεί
2612 4589 2772 4658 χεῖρα
2802 4585 3016 4657 ὀρέγων
3045 4585 3147 4656 τὴν
3179 4585 3373 4658 ἱλαρὰν
3404 4584 3550 4639 ὲκεί-

1969 4697 2069 4751 νην
2091 4679 2186 4735 καὶ
2224 4679 2348 4750 ὄψιν
2376 4678 2620 4749 ἀτεχνῶς
2666 4679 2762 4731 καὶ
2795 4678 2999 4752 φωνὴν,
3032 4678 3127 4733 καὶ¹
3163 4679 3231 4732 τὰ
3280 4678 3550 4751 εἰρημένα

1969 4772 2327 4843 ἐπισκήπτων
2353 4770 2523 4841 αὐτῷ,
2550 4771 2645 4824 καὶ
2679 4770 2836 4834 τέλος
2863 4769 2925 4824 τδ
2963 4770 3187 4825 παλλίον
3221 4771 3547 4843 περιτιθεὶς,

1969 4862 2062 4915 καὶ
2088 4860 2323 4929 πέλαγος
2348 4858 2602 4913 τοσοῦτον
2637 4859 2945 4928 ὑπόπτερον
2974 4859 3165 4931 ῶσπερ
3190 4860 3390 4930 ἀερίως
3432 4859 3551 4914 δια-

1968 4952 2232 5020 ϐιϐἀζων,
2282 4952 2377 5005 καὶ
2412 4951 2488 5022 τῷ
2518 4951 2653 5022 οἴκῳ
2690 4949 3113 5021 ἀνεπαισθήτως
3148 4951 3436 5015 ἀποδιδοὺς
3469 4950 3550 5022 τῷ

1967 5044 2173 5115 οἰκείῳ.
2213 5043 2402 5098 Ταῦτα
2453 5044 2814 5114 λογισάμενος
2856 5042 2980 5098 καθ’
3021 5042 3215 5096 ἑαυτὸν
3262 5043 3292 5096 ὁ
3338 5043 3546 5107 Φεῖδος,

1967 5134 2186 5197 ὲκείνας
2206 5133 2389 5204 ἀφῆκε
2414 5134 2532 5203 μετ’
2557 5131 2871 5204 ἐκπλήξεως
2892 5143 2920 5183 (ι
2940 5132 3039 5196 τὰς
3062 5132 3268 5200 φωνάς·
3293 5130 3410 5186 Νῦν
3430 5127 3549 5186 οῖδα

1966 5227 2048 5281 ὄτι
2087 5227 2311 5297 γνήσιος
2353 5225 2490 5280 Θεοῦ
2521 5225 2778 5296 θεράπων
2816 5226 2843 5279 ὁ
2888 5226 3062 5295 μέγας
3114 5222 3412 5296 Εὐθύμιος,
3454 5227 3552 5279 καίΙ

1966 5319 2099 5389 παρ’
2128 5318 2295 5371 αὑτοῦ
2326 5318 2623 5398 πεμφθεὶς,
2650 5316 2886 5383 ὲξείλετό
2914 5335 2981 5388 με
3004 5318 3102 5388 τῆς
3129 5319 3437 5389 συμφορᾶς.

2036 5407 2178 5464 ΡΙΣ’.
2235 5410 2396 5476 Ἑξῆς
2424 5410 2481 5463 δὲ
2526 5411 2621 5463 καὶ
2659 5413 2724 5481 τῇ
2775 5410 2943 5480 μητρὶ
2970 5409 3212 5478 διηγεῖτο
3243 5408 3442 5461 ταῦτα.
3484 5408 3548 5461 Ἦ

1965 5503 2021 5556 δὲ
2051 5503 2110 5556 τὸ
2135 5496 2228 5566 οὖς
2257 5503 2438 5565 αὐτοῖς
2468 5502 2641 5571 ἡδέως
2671 5501 2950 5571 ύπέχουσα
2982 5517 2998 5534 ο
3027 5501 3203 5570 ἐφίλει
3235 5501 3340 5573 γὰρ
3369 5501 3431 5554 οὐ
3456 5501 3547 5553 τὸν

1966 5594 2079 5645 υἱὸν
2109 5593 2291 5664 μόνον,
2339 5593 2473 5648 ἀλλὰ
2516 5593 2611 5648 καὶ
2647 5592 2735 5647 τὸν
2765 5593 2897 5648 Θέον
2927 5610 2939 5624 ⁸
2980 5593 3074 5648 καὶ
3120 5593 3211 5647 διὰ
3252 5591 3422 5647 ταῦτα
3450 5590 3545 5645 τοῦ

1583 5683 1817 5740 VARUS
1867 5685 2270 5741 l.lil‘.TlO."§l".S.

356 5784 385 5827 ιι
424 5777 492 5831 al.
529 5780 668 5844 μετά
703 5781 894 5853 πο’ίλῆς
929 5783 1045 5853 τῆς.
