3846 6458
312 340 421 408 697

1596 346 1772 409 VITA
1819 345 1879 404 S.
1923 343 2336 412 EUTHYMII.

3493 344 3602 408 693

312 454 582 521 σῶζον-τός
603 472 664 510 τε
688 455 783 511 καὶ
808 455 906 510 τοῦ
934 454 1247 527 σωζομένου
1282 454 1349 526 τῇ
1379 455 1633 527 διηγήσει
1668 433 1900 527 μάλιστα

2010 466 2062 513 ει
2095 471 2384 529 prepterea
2423 465 2534 513 tum
2553 457 2825 514 servantis
2857 462 2971 513 tum
3000 455 3202 512 servati
3234 455 3473 512 maxime
3502 458 3596 511 σου

315 546 577 620 ἡδομένη,
603 546 701 602 καί
721 564 825 601 που
853 547 949 601 καὶ
970 542 1179 617 δ’άκρυα
1211 546 1320 600 τῶν
1344 545 1640 616 ὀφθαλμῶν
1666 545 1908 599 ἀποστά-

317 644 505 708 ζουσα,
523 642 795 712 ἐκπλῆσαι
822 640 1038 696 ἅπαντα
1059 641 1136 712 τῷ
1154 640 1257 710 υίῷ
1277 638 1682 695 συνεϐούλευεν.
1714 637 1909 692 Ἔπει-

313 753 384 790 τα
417 736 518 807 μέν
551 753 635 791 τοι
668 737 764 790 καὶ
794 736 933 806 πρδς
961 735 1053 790 τὸν
1077 735 1439 805 ’πατριάρκην
1472 732 1686 799 anei"
1724 734 1909 803 ἀπὴ7⁶

313 829 463 896 γειλε
492 828 585 881 καὶ
611 824 759 896 αὐτῷ
786 825 963 878 πάντα
993 827 1020 879 ὁ
1039 825 1245 887 Φείδος.
1276 825 1549 886 Κάκεῖνος
1571 823 1710 892 ἄγαν
1740 838 1906 876 κατα·

313 919 544 985 πλαγεὶς
565 916 642 987 τῷ
659 916 957 987 παραλόγῳ
981 914 1074 970 τοῦ
1092 916 1454 988 διηγήματος,
1467 912 1545 970 Ἦ
1570 917 1676 987 μὴν
1690 915 1907 986 προφή-

311 1026 413 1079 της
445 1008 540 1062 τοῦ
586 1007 744 1072 Θεοῦ,
800 1002 976 1072 εἶπεν,
1007 1008 1035 1062 ὀ
1072 1008 1246 1077 μέγας
1280 1005 1571 1077 Εὐθύμιος,
1606 1008 1701 1060 καὶ
1737 1005 1905 1079 πολλὴ

314 1103 412 1156 καὶ
440 1102 648 1172 ἄφατος
678 1100 830 1171 αὐτῷ
854 1100 992 1171 πρὸς
1039 1102 1246 1155 ἐκεῖνον
1278 1102 1312 1174 ἡ
1339 1099 1622 1173 παρρησία
1642 1117 1656 1130 ·
1682 1100 1751 1155 τὰ
1795 1101 1906 1172 γάρ

315 1196 446 1267 περὶ
482 1195 585 1262 τῆς
613 1194 841 1264 λαύρας,
873 1195 968 1248 καὶ
1001 1192 1107 1247 ὑπὸ
1151 1196 1319 1248 πᾶσιν
1344 1196 1479 1264 ἡμῖν
1510 1194 1745 1264 μάρτυσι
1771 1212 1908 1265 προι-

313 1286 586 1358 ηγόρευσε
645 1286 855 1357 μέλλων
899 1287 959 1339 ὲν
1016 1287 1243 1359 Χριστῷ
1294 1284 1654 1341 τελειοῦσθαι.
1715 1286 1904 1341 Ταῦτα

313 1380 509 1444 εἰπὼν,
534 1381 822 1453 ἐπιτρέπει
848 1381 928 1452 τῷ
955 1380 1127 1452 Φείδῳ
1162 1380 1258 1434 καὶ
1284 1378 1447 1444 αὐτὸς
1475 1377 1574 1451 τὴν
1591 1377 1688 1433 τοῦ
1721 1395 1902 1433 κοινο-

314 1472 434 1526 dion
492 1473 785 1543 οἰκοδομήν
812 1487 827 1502 ⁸
866 1473 961 1526 καὶ
1021 1471 1121 1543 τὴν
1177 1473 1359 1525 ἐκεῖσε
1404 1469 1633 1525 κάθοδον
1685 1469 1905 1523 δίδωσιν

313 1562 469 1634 αὐτῷ
501 1579 517 1594 ·
552 1554 1025 1634 ἐπαγγειλάμενος
1053 1562 1169 1633 ἅμα
1201 1561 1299 1617 καὶ
1339 1560 1557 1627 ἑαυτὸν,
1584 1560 1745 1615 παντὶ
1780 1559 1903 1613 σθέ-

313 1673 397 1711 νει
433 1655 528 1709 τοῦ
555 1654 721 1727 ἔργου
757 1654 1224 1725 συνεφαψάμενον.

383 1750 511 1805 PIZ'
548 1750 725 1821 Χεῖρα
764 1748 948 1803 τοίνυν
990 1747 1192 1820 πολλὴν
1225 1750 1252 1802 ὁ
1281 1748 1465 1812 Φεῖδος
1509 1745 1801 1819 ὑπηρετῶν
1837 1761 1898 1798 τε

312 1843 410 1896 καὶ
438 1841 759 1913 οἰκοδόμων,
791 1840 1020 1895 καὶτῶν
1051 1840 1370 1913 μηχανικῶν
1404 1841 1501 1894 ἕνα
1536 1836 1895 1910 παραλαϐὼν,

315 1935 562 1990 κάτεισιν
591 1935 671 1998 είς
709 1932 806 2005 τὴν
830 1932 1056 2004 λαύραν
1081 1934 1175 1986 καὶ⁵
1205 1933 1266 1987 τὸ
1309 1931 1577 1986 κοινόϐιον
1610 1930 1899 2001 οἰκοδομή-

316 2045 437 2091 σας,
475 2026 572 2081 καλ⁸
622 2025 865 2096 φραγμῷ
902 2025 1092 2094 κύκλῳ
1121 2026 1219 2103 καὶἴ
1260 2024 1449 2096 τειχίῳ
1493 2022 1805 2096 περιλαϐών
1838 2032 1897 2078 ι’.

314 2120 406 2173 τὸν
438 2119 537 2189 μὲν
568 2118 797 2172 παλαιὸν
828 2120 977 2184 ναδν,
1008 2120 1091 2182 εἰς
1117 2118 1438 2190 ἀριστήριον
1460 2119 1483 2148 ⁸
1509 2119 1622 2182 τοῖς
1650 2116 1899 2186 ἀδελφοῖς

312 2213 605 2284 ἀπονέμει,
633 2210 827 2283 ἕτερον
850 2211 907 2265 δὲ
932 2212 1193 2283 ὑπεράνω
1220 2210 1340 2265 νέον
1368 2210 1662 2279 οἰκοδομεῖ.
1682 2209 1900 2282 Πύργον

311 2309 370 2363 δὲ
396 2308 492 2362 τοῦ
520 2306 792 2362 κοινοϐξου
823 2307 991 2372 ἔνδον,
1027 2305 1190 2360 οίονεί
1221 2322 1275 2359 τι
1304 2306 1404 2377 τῆς
1433 2304 1642 2377 ἐρήμου
1667 2302 1852 2375 ἔρυμα
1877 2303 1898 2340 ί
1944 2310 1974 2339 ~‘

314 2404 499 2473 πάσης
530 2400 851 2474 περιφανῶς
889 2400 1165 2472 ἀνεγείρει
1188 2414 1204 2430 ⁶
1252 2399 1351 2455 καὶ
1393 2398 1538 2453 κατὰ
1568 2397 1732 2469 μέσον
1768 2395 1901 2451 αὐτὸ

311 2498 611 2552 ἀποτάττει
634 2497 695 2551 τὸ
737 2496 1120 2567 κοιμητήριον.
1161 2494 1274 2565 Τὴν
1327 2492 1386 2548 δὲ
1421 2492 1516 2546 τοῦ
1554 2493 1723 2546 τόπου
1753 2491 1900 2546 θέσιν

311 2592 416 2660 ἐφ’
509 2589 572 2643 τὸ
608 2587 754 2661 ἱερὸν
780 2587 939 2642 τοῦτο
988 2588 1260 2642 κοινόόιον
1291 2588 1529 2659 ἵδρυται,
1574 2585 1635 2641 εὖ
1660 2603 1721 2640 τε
1753 2585 1903 2658 ὥρας

312 2684 547 2753 ἔχουσαν
589 2681 676 2735 διά
710 2680 913 2753 πολλὴν
950 2679 1285 2751 ὁμαλότητα,
1321 2681 1416 2735 καὶ
1468 2680 1724 2750 μοναχοίς
1762 2677 1902 2749 πρὸς

312 2776 550 2847 ἄσκησιν
574 2772 738 2827 οὖσαν
760 2772 1095 2843 ἐπιτηδείαν,
1129 2771 1209 2825 δι’
1235 2771 1415 2843 ἀέρων
1438 2770 1538 2842 οὐχ
1579 2770 1779 2840 ἥκιστα
1805 2769 1900 2822 εύο

312 2866 552 2938 κρασίαν
606 2864 726 2919 καθ’
755 2865 879 2918 ὅσον
901 2859 1014 2919 οἷόν
1058 2881 1118 2917 τε
1142 2863 1429 2935 διαγράψω
1462 2863 1539 2933 τῷ
1565 2862 1728 2934 λόγῳ.

382 2956 542 3014 PIH'.
565 2957 721 3011 Ἐστι
753 2974 836 3020 τις
865 2956 1026 3025 λόφος
1056 2955 1396 3026 βραχύτατος
1427 2955 1631 3027 μεταξὺ
1663 2956 1758 3011 δύο
1787 2973 1902 3013 κοι-

309 3049 488 3106 λάδων
505 3049 565 3115 ἐξ
582 3047 858 3103 ἀνατολῶν
876 3049 970 3103 καὶ
983 3047 1190 3103 δύσεων
1202 3059 1231 3088 ιι
1250 3045 1545 3102 συνιουσῶν
1563 3046 1748 3119 ⁴ἠρέμα
1765 3049 1903 3119 πρὸς

2012 552 2209 606 lectata
2268 551 2461 616 relatu,
2515 560 2682 621 atque
2725 551 2889 606 etiam
2941 551 3214 621 lacrymas
3262 549 3599 620 profundens

2009 659 2074 699 ex
2125 644 2315 711 oculis,
2367 644 2639 700 consuluit
2690 644 2801 697 lilio
2852 654 3051 700 cuncta
3108 643 3378 713 impleret.
3425 641 3598 697 Porro

2009 735 2281 792 transiens
2329 744 2516 806 postea
2552 736 2620 790 ad
2661 733 3058 804 patriarcham,
3085 735 3134 789 ei
3166 748 3381 803 quoque
3413 734 3596 786 omnia

2010 828 2344 883 renuntiavit
2393 827 2581 884 Fidus.
2634 825 2701 881 Et
2755 827 2844 881 ille
2891 827 3244 881 vehementer
3296 825 3598 880 admiratus

2010 924 2376 978 narrationem
2425 922 2681 992 opinione
2727 921 3031 988 majorem:
3072 920 3348 983 Profecto,
3396 918 3593 986 inquit,

2009 1011 2103 1066 Dei
2139 1013 2398 1082 propheta
2428 1022 2515 1068 est
2555 1026 2787 1081 magnus
2816 1010 3170 1081 Enthymius,
3208 1023 3514 1078 magnaque
3539 1018 3596 1062 et

2008 1103 2301 1161 ineﬂ'abilis
2327 1112 2410 1159 εει
2437 1103 2484 1159 ei
2522 1104 2665 1172 apud
2717 1102 2866 1157 illum
2902 1102 3099 1156 Iiducia
3133 1118 3148 1156 :
3187 1116 3309 1170 qua:
3349 1099 3493 1154 enim
3524 1098 3594 1153 ad

2005 1198 2215 1253 lauram
2264 1202 2533 1266 spectant,
2563 1208 2626 1248 ea
2657 1208 2841 1249 coram
2874 1193 3035 1248 nobis
3079 1193 3331 1247 omnibus
3363 1191 3593 1246 testibus

2005 1289 2277 1361 praedixit,
2304 1290 2416 1360 jam
2466 1288 2519 1343 in
2550 1288 2772 1343 Christo
2813 1302 2908 1355 per
2938 1295 3167 1341 mortem
3199 1300 3593 1340 consumman-

2005 1388 2128 1440 dus.
2170 1384 2266 1441 His
2299 1383 2487 1448 dictis,
2526 1384 2643 1452 ipse
2691 1381 2855 1437 etiam
2893 1378 3031 1435 Fide
3073 1378 3370 1435 committit
3411 1391 3596 1434 οωιιοσ

2007 1475 2078 1530 bii
2109 1473 2554 1539 :edilicationem;
2584 1472 2948 1542 conceditqne
2975 1470 3025 1525 ei
3058 1478 3119 1524 ut
3153 1469 3247 1525 illo
3278 1468 3593 1537 proficisca-

2006 1576 2125 1636 tur;
2151 1567 2311 1624 simul
2338 1567 2618 1638 professus
2639 1582 2697 1623 se
2716 1580 2931 1637 quoque
2953 1564 3207 1621 omnibus
3224 1563 3432 1619 viribus
3456 1578 3593 1633 opus

2005 1682 2035 1719 ll
2044 1683 2074 1720 η
2083 1682 2109 1719 ἶὶ
2142 1680 2266 1721 esse
2294 1678 2698 1735 aggressurum.

2073 1757 2282 1814 CXVII.
2311 1757 2478 1812 Fidus
2506 1757 2710 1827 itaque,
2737 1762 2956 1825 accepta
2989 1767 3181 1823 magna
3210 1766 3372 1807 manu
3402 1750 3593 1807 minis-

2006 1860 2212 1905 trorum
2261 1856 2317 1904 et
2341 1856 2698 1913 structorum,
2729 1861 2853 1901 cum
2888 1860 2995 1901 uno
3028 1859 3096 1899 ex
3128 1841 3464 1898 mechanicis
3495 1855 3590 1895 seu

2003 1941 2342 2008 architectis,
2370 1939 2652 1995 descendit
2678 1939 2731 1993 in
2758 1937 2969 1993 lauram
3004 1952 3019 1990 :
3048 1949 3281 2006 cumque
3319 1932 3591 1988 aedificas-

2003 2044 2086 2092 set
2124 2033 2454 2098 eteuobium,
2510 2040 2777 2102 septaque
2825 2039 2880 2085 et
2926 2044 3083 2084 muro
3123 2028 3177 2082 in
3226 2027 3414 2082 orbem
3446 2033 3595 2081 esset

2003 2125 2354 2198 complexus,
2403 2133 2559 2179 vetus
2597 2124 2818 2194 quidem
2859 2120 3118 2191 templum
3183 2119 3432 2174 attribuit
3480 2116 3591 2171 fra-

2005 2222 2180 2278 tribus
2213 2222 2280 2277 ad
2317 2217 2660 2276 coenacnlum
2693 2234 2709 2273 :
2753 2216 2898 2271 aliud
2930 2223 3112 2270 autem
3162 2212 3421 2282 templum
3457 2212 3591 2266 aedi-

2005 2316 2132 2373 licat
2192 2315 2467 2385 superius.
2530 2313 2675 2367 Inter
2730 2309 3041 2366 coenobium
3103 2322 3255 2373 vero,
3313 2306 3595 2377 splendide

2004 2410 2207 2465 excitat
2235 2409 2456 2471 turrim,
2487 2405 2637 2462 velut
2679 2404 2954 2474 quoddam
2984 2401 3150 2457 totius
3187 2400 3357 2455 eremi
3394 2414 3594 2470 propu-

2004 2499 2329 2569 gnaculum;
2381 2507 2437 2553 et
2484 2496 2540 2551 in
2592 2494 2776 2551 medio
2814 2493 3134 2549 cmmeterio
3164 2490 3414 2547 collocat.
3460 2489 3591 2546 Loci

2003 2607 2137 2649 vero
2159 2591 2484 2661 posituram.
2512 2588 2568 2643 in
2599 2603 2703 2658 qua
2739 2587 2843 2642 hoc
2870 2600 3083 2641 sacrum
3112 2592 3484 2641 constructum
3508 2591 3593 2636 est

2004 2684 2337 2749 cmnobium,
2366 2690 2420 2737 el
2449 2681 2733 2753 pulchram
2763 2679 2951 2735 multa!
2971 2676 3303 2749 mqualitatis
3327 2690 3514 2738 causa,
3535 2686 3593 2730 et

2005 2775 2290 2832 monachis
2312 2774 2377 2830 ad
2397 2773 2717 2830 exercitium
2742 2781 2926 2842 aptam
2946 2780 3169 2840 propter
3189 2769 3332 2824 aeris
3354 2766 3594 2821 maxime

2005 2867 2480 2936 temperationem,
2517 2862 2762 2920 oratione
2784 2860 3090 2917 describam
3119 2874 3218 2930 pro
3248 2857 3478 2913 viribus.

2074 2959 2306 3017 CXVIII.
2332 2961 2430 3014 Est
2459 2958 2678 3030 quidam
2707 2956 2865 3012 collis
2897 2955 3255 3010 brevissimus
3283 2953 3428 3008 inter
3454 2953 3593 3008 duas

2006 3057 2175 3113 valles
2194 3071 2260 3111 ex
2284 3055 2499 3110 oriente
2519 3063 2575 3110 et
2607 3053 2894 3109 occidente
2921 3047 3081 3107 simul
3104 3048 3361 3118 paulatim
3389 3062 3594 3104 coeun-

307 3143 374 3196 τδ
386 3143 539 3206 αὐτὸ,
576 3142 671 3196 καὶ
698 3141 957 3213 ἀλλήλαις
979 3140 1125 3196 κατὰ
1143 3140 1206 3195 τὸ
1233 3141 1408 3195 νότιον
1430 3140 1895 3210 ὲπιμιγνυμένων.

2010 3159 2113 3219 les,
2146 3158 2202 3206 et
2237 3151 2303 3206 ad
2333 3157 2577 3205 austrum
2609 3148 2757 3203 inter
2791 3162 2852 3203 se
2874 3145 3212 3202 commistas.
3255 3141 3336 3198 Ad
3360 3141 3590 3219 boream

310 3233 395 3287 Τὰ
443 3232 631 3302 μέντοι
674 3231 813 3304 πρὸς
845 3231 1050 3303 βοῤῥάν
1084 3232 1252 3286 αὐτοῦ
1312 3231 1616 3305 διήπλωται
1669 3231 1900 3304 λαμπρά

311 3322 504 3387 πεδιὰς
558 3322 652 3375 ἐπὶ
696 3323 846 3393 τρισὶ
897 3321 1134 3393 μάλιστα
1171 3323 1455 3393 κεχυμένη
1521 3322 1777 3387 σταδίοις,
1809 3317 1899 3375 οἷα

309 3417 451 3488 πρὸς
506 3416 702 3487 ἡδονὴν
755 3415 1017 3470 κάλλιστα
1066 3417 1162 3471 καὶ
1220 3406 1413 3489 τέρψιν
1477 3416 1896 3487 ὲπινενοημένη.

307 3511 539 3581 Διαρρετ
562 3508 619 3563 δὲ
649 3508 736 3563 διά
768 3509 940 3579 μέσης
968 3508 1141 3578 αὐτῆς
1172 3510 1201 3562 ὁ
1245 3508 1572 3581 χείμαρρος,
1601 3508 1807 3562 ἀνωθεν
1832 3510 1899 3564 ὲκ

304 3604 406 3659 τοῦ
436 3604 572 3676 πρὸς
622 3603 888 3666 ἀνατολὰς
923 3601 1115 3673 βουνοῦ
1158 3600 1385 3667 κατιὼν,
1421 3602 1518 3655 καὶ
1553 3600 1743 3675 ὥσπερ
1813 3618 1899 3667 τις

307 3700 458 3771 ζώνη
517 3696 598 3769 τῷ
643 3699 795 3767 τόπῳ
831 3695 1137 3765 γινόμενος.
1171 3693 1316 3766 Πρὸς
1350 3693 1486 3764 αὐτῇ
1515 3710 1579 3762 γε
1610 3694 1719 3765 μὴν
1745 3696 1810 3764 τῇ
1837 3711 1898 3747 τε

308 3792 405 3847 τοῦ
435 3791 601 3861 λόφου
637 3787 773 3858 πρὸς
793 3788 854 3841 τὸ
891 3786 1070 3841 πεδίον
1099 3784 1392 3851 ἐπικλίσει,
1428 3785 1524 3838 καὶ
1553 3786 1617 3855 τῇ
1652 3784 1749 3837 σὺν
1779 3782 1900 3857 ῶρᾳ

305 3883 520 3937 τούτων
567 3879 713 3951 μίξει
771 3878 869 3932 καὶ
924 3880 1159 3948 συναφῆ,
1193 3877 1283 3929 ὅτε
1325 3874 1536 3946 πύργος
1577 3874 1897 3944 ἀνέστηκεν,

311 3969 429 4028 οἶόν
451 3989 534 4036 τις
562 3970 780 4041 κορυφὴ
799 3969 894 4023 καὶ
921 3967 1240 4039 ἀκρόπολις.
1263 3967 1376 4020 Καὶ
1406 3966 1497 4020 τὸν
1526 3965 1738 4035 πύργον
1771 3965 1900 4037 ἑξῆς

307 4069 343 4135 ὴ
376 4063 516 4137 πρὸς
563 4063 626 4116 τὸ
672 4061 852 4114 πεδίον
910 4058 1217 4129 διαδέχεται
1264 4058 1410 4129 πύλη
1446 4059 1900 4131 παραπέμπουσα

308 4158 440 4221 τοὺς
468 4154 711 4223 ἐξιόντας
757 4153 875 4225 μεθ’
899 4151 1115 4224 ἡδονῆς,
1149 4150 1403 4224 καθάπερ
1430 4153 1539 4207 ἀπό
1567 4169 1712 4217 τινος
1743 4168 1901 4224 περι-

308 4250 471 4318 ωπῆς
522 4248 638 4309 τοῖς
688 4243 872 4308 καλοῖς
903 4243 1134 4307 ἐκείνοις
1184 4244 1287 4313 τῆς
1333 4244 1587 4308 πεδιάδος
1630 4244 1900 4314 θεάμασιν

309 4341 742 4405 έπικύπτοντας.
783 4339 947 4393 Ἀλλά
975 4338 1026 4392 τί
1061 4340 1125 4392 ἄν
1155 4355 1242 4404 τις
1276 4338 1378 4410 τὴν
1406 4338 1501 4393 τοῦ
1530 4339 1699 4394 τόπου
1725 4357 1899 4393 κατα-

308 4438 449 4510 λέγῃ
473 4435 635 4506 φύσιν
663 4453 673 4463 ·
702 4435 853 4497 ὅπως
890 4433 987 4502 μὲν
1016 4432 1225 4503 ἥμερός
1251 4449 1309 4485 τε
1345 4433 1438 4485 καὶ
1466 4430 1673 4500 εὔγεως
1704 4441 1732 4469 ν
1757 4449 1772 4464 ⁸
1802 4432 1900 4503 οἴῳ

2009 3252 2189 3298 autem
2224 3250 2374 3312 patet
2406 3240 2775 3311 pulcherrima
2817 3236 2994 3308 campi
3041 3234 3341 3305 planities,
3375 3247 3496 3302 quae
3526 3232 3592 3285 ad

2008 3334 2111 3389 tria
2152 3332 2327 3388 stadia
2373 3332 2612 3386 maxime
2648 3329 3009 3396 diffunditur,
3045 3326 3199 3397 quasi
3239 3327 3306 3380 ad
3342 3323 3595 3395 volupta-

2007 3435 2117 3483 tem
2147 3437 2201 3481 et
2234 3425 2652 3481 delectationem
2685 3423 2891 3494 optime
2936 3430 3084 3477 esset
3134 3419 3459 3495 excogitata.
3491 3416 3597 3473 I’er

2006 3533 2126 3574 eam
2158 3531 2293 3573 vero
2315 3515 2550 3571 mediam
2587 3522 2806 3570 torrens
2836 3511 3076 3584 perﬂuit,
3109 3511 3343 3581 desuper
3366 3511 3595 3566 descen-

2006 3614 2140 3669 dens
2168 3626 2235 3668 ex
2268 3609 2406 3667 colle
2434 3609 2526 3680 qui
2552 3618 2637 3666 est
2670 3610 2738 3665 ad
2769 3609 3061 3674 orientem,
3095 3608 3261 3677 ﬁtque
3285 3607 3405 3662 loco
3430 3607 3594 3663 veluti

2006 3704 2251 3775 quaedam
2285 3716 2443 3758 zona.
2478 3701 2538 3756 In
2568 3703 2686 3772 ipsa
2717 3714 2882 3770 porro
2909 3697 3063 3754 collis
3093 3700 3147 3754 in
3174 3697 3457 3770 planitiem
3510 3698 3596 3753 in-

2008 3797 2328 3862 clinatione,
2374 3809 2677 3864 eorumque
2724 3793 2959 3865 eleganti
2995 3792 3225 3848 mistura
3269 3803 3326 3847 et
3371 3790 3596 3859 conjun-

2009 3891 2211 3957 ctione,
2240 3889 2489 3961 exsurgit
2524 3887 2716 3953 turris,
2746 3886 2900 3958 quasi
2920 3894 3110 3942 vertex
3138 3894 3193 3941 et
3225 3900 3345 3940 arx.
3377 3884 3592 3940 Turrim

2009 3986 2267 4054 deinceps
2296 3982 2653 4054 consequitur
2699 3995 2893 4037 versus
2927 3980 3204 4050 planitiem
3243 3988 3399 4048 porta
3423 4017 3439 4045 ,
3475 3994 3596 4049 qua:

2008 4095 2132 4136 cum
2163 4078 2441 4148 voluptate
2475 4075 2793 4132 transmittit
2819 4090 2913 4130 eos
2951 4074 3044 4144 qui
3074 4082 3300 4137 exeunt,
3340 4083 3592 4143 tanquam

2008 4185 2037 4223 a
2073 4168 2297 4239 Specula
2334 4167 2512 4236 aliqua
2559 4166 2922 4235 despicientes
2957 4164 3185 4235 pulchra
3218 4155 3315 4216 illa"
3351 4162 3595 4232 planitiei

2008 4260 2342 4331 spectacula.
2394 4259 2595 4315 Verum
2649 4258 2780 4329 quid
2841 4257 2943 4312 loci
3004 4266 3255 4311 naturam
3313 4264 3596 4311 recenseat

2010 4353 2243 4424 aliquis?
2261 4351 2546 4418 Quomodo
2570 4359 2654 4406 est
2677 4350 2895 4420 quidem
2927 4349 3074 4403 mitis
3103 4357 3159 4402 et
3186 4347 3380 4402 fertilis
3406 4364 3421 4413 ;
3446 4346 3592 4416 quali

2012 4455 2192 4501 autem
2221 4461 2385 4514 super
2408 4452 2570 4514 caput
2604 4457 2733 4498 aere
2767 4450 3234 4511 contemperetur,
3268 4451 3321 4495 ει
3357 4456 3456 4495 nec
3479 4456 3595 4494 ma-

308 4531 368 4586 δὲ
398 4528 478 4600 τῷ
532 4528 674 4598 ὑπὲρ
721 4525 966 4597 κεφαλῆς
1015 4526 1143 4595 ἀέρι
1195 4524 1483 4594 κέκραται,
1535 4523 1633 4577 καὶ
1676 4521 1801 4576 οὔτε
1830 4524 1898 4594 τῇ

2010 4540 2125 4609 iere
2156 4552 2320 4607 quam
2366 4551 2504 4607 opus
2550 4536 2624 4591 sit
2653 4534 2855 4601 calore,
2894 4548 2998 4589 nec
3028 4533 3229 4602 frigore
3255 4541 3461 4596 utatur,
3498 4532 3593 4587 sed

311 4622 733 4695 Oépttnﬁzitsiow
766 4620 864 4691 τῆς
903 4618 1116 4690 χρείας,
1147 4616 1272 4671 οὔτε
1302 4616 1382 4686 τῷ
1411 4616 1574 4687 ψύχει
1606 4615 1895 4687 κέχρηται,

309 4717 443 4773 ἀλλ’
489 4714 819 4785 ἀμφοτέρων
864 4710 935 4765 τὰ
980 4709 1253 4764 λυποῦντα
1293 4709 1503 4778 φυγὼν,
1535 4709 1632 4777 τὴν
1662 4708 1896 4763 ἑκάστου

310 4810 536 4864 πλουτεῖ
585 4807 879 4879 μεσότητα,
937 4805 1032 4857 καὶ
1082 4802 1198 4856 ἔστι
1230 4802 1338 4856 τῶν
1390 4802 1487 4872 μὲν
1538 4802 1896 4875 ψυχροτέρων

310 4903 666 4974 θερμότερος,
696 4898 806 4952 τῶν
835 4897 892 4950 δὲ
914 4894 1261 4967 θερμοτέρων
1287 4896 1478 4967 ἡρέμα
1509 4895 1672 4949 πάλιν
1689 4895 1897 4967 ψυχρό-

307 5013 495 5067 τερος,
547 4990 862 5061 ἀκολούθως
923 5006 983 5042 τε
1030 4988 1139 5041 τῶν
1189 4988 1311 5042 λίαν
1348 4988 1533 5060 ὑγρῶν
1584 4988 1898 5060 ξηρότερος,

309 5090 406 5144 καὶ
434 5086 549 5141 τῶν
580 5086 834 5161 ἀμέτρως
862 5080 1044 5155 ξηρῶν
1080 5081 1394 5153 ὑγρότερος,
1430 5080 1570 5152 μετά
1594 5082 1694 5153 τῆς
1723 5082 1900 5152 ἀρμο-

309 5179 514 5248 ζούσης
538 5177 624 5248 ἐφ’
653 5176 858 5230 ἕκαστα
892 5174 1257 5245 συμμετρίας.

379 5268 547 5326 Ῑ³Ιϐ’⁸
583 5271 695 5341 Τῆς
719 5268 850 5337 γοῦν
870 5267 1128 5338 τοιαύτης
1152 5267 1281 5337 ὅλης
1318 5266 1413 5323 τοῦ
1444 5266 1716 5322 κοινοὸίου
1742 5269 1894 5324 οίκο-

308 5362 485 5434 δομῆς
521 5359 637 5431 ἅμα
669 5360 763 5413 καὶ
803 5357 1123 5428 εὐκοσμίας,
1153 5359 1214 5412 ού
1270 5358 1432 5414 πλέον
1464 5359 1499 5430 ἢ
1548 5359 1718 5431 τριῶν
1757 5359 1895 5416 ἑτῶν

306 5451 598 5524 δεηθείσης
625 5450 711 5506 διὰ
743 5450 947 5520 πολλὴν
972 5450 1131 5521 χεῖρα
1164 5449 1261 5504 καὶ
1290 5448 1541 5504 σύντονον
1562 5450 1890 5521 ὑπουργίαν,

309 5547 608 5612 ὴὸούλοντο
665 5545 764 5616 μὲν
806 5546 855 5598 οἱ
904 5540 1039 5597 θεῖοι
1076 5544 1321 5616 Πατέρες
1368 5544 1568 5597 ἐκεῖνοι
1626 5544 1764 5615 μετά
1797 5546 1895 5615 τῆς

309 5635 483 5708 ἄλλης
530 5633 948 5706 διακοσμήσεώς
975 5652 1035 5690 τε
1084 5637 1180 5689 καὶ
1226 5633 1446 5705 τέχνης,
1485 5635 1780 5690 ἀποδοῦναι
1827 5642 1894 5711 τῇ

2007 4646 2073 4686 ex
2102 4630 2369 4685 ambobus
2411 4644 2474 4684 ea
2505 4643 2625 4698 quae
2671 4627 2893 4684 molesta
2920 4635 3048 4680 sunt
3089 4624 3374 4697 ellugiens,
3407 4625 3595 4680 unius-

2007 4724 2272 4793 cujusque
2300 4721 2503 4776 ditetur
2536 4719 2736 4785 medio,
2768 4719 2949 4788 sitque
2976 4717 3349 4788 frigidioribus
3376 4717 3591 4786 quidem

2007 4814 2256 4880 calidior,
2290 4811 2644 4867 calidioribus
2668 4820 2847 4865 autem
2873 4825 3060 4865 rursus
3082 4808 3287 4864 sensim
3318 4808 3591 4879 frigidior,

2005 4914 2061 4959 et
2091 4914 2491 4976 consequenter
2520 4902 2677 4958 valde
2706 4900 2947 4957 humidis
2980 4900 3200 4968 siccior,
3233 4909 3289 4955 et
3327 4899 3594 4955 immode-

2007 5008 2126 5054 rate
2165 4991 2328 5054 siccis
2372 4997 2673 5063 humidior,
2712 5010 2835 5052 cum
2866 5009 2932 5052 eo
2962 4993 3057 5066 qui
3087 4994 3315 5067 singulis
3339 4992 3595 5050 convenit

2005 5105 2346 5146 commensu.

2076 5275 2267 5333 CXIX.
2333 5275 2468 5332 Cum
2520 5277 2706 5346 itaque
2764 5273 3077 5348 huiusmodi
3124 5284 3293 5346 totum
3353 5267 3589 5328 ρατιιοῦἱί

2006 5368 2291 5424 aedilicium
2328 5366 2489 5421 simul
2517 5377 2575 5423 et
2601 5378 2983 5423 ornamentum
3014 5383 3118 5422 non
3149 5381 3284 5439 ppns
3310 5362 3590 5418 habuisset

2007 5461 2291 5531 plusquam
2328 5459 2500 5516 tribus
2531 5461 2706 5522 annis,
2741 5459 2811 5515 ob
2841 5460 3038 5513 multas
3066 5471 3260 5512 manus
3289 5454 3589 5507 intensnm-

2006 5566 2111 5620 que
2142 5550 2527 5618 ministerium,
2554 5550 2808 5607 volebant
2836 5550 3052 5619 quidem
3078 5545 3243 5601 divini
3270 5543 3342 5598 illi
3375 5540 3589 5606 Patres,

2008 5661 2129 5701 cum
2156 5642 2263 5695 alio
2292 5653 2484 5695 ornatu
2522 5652 2576 5697 et
2607 5642 2843 5697 artiﬁcio
2875 5638 3272 5695 dedicationem
3296 5634 3460 5688 etiam
3492 5645 3587 5686 ee-

1603 5745 1839 5803 VARIA'J
1875 5745 2284 5805 LECTIONES.

385 5842 410 5875 '
445 5834 514 5890 al.
555 5834 883 5906 naptﬁaitbv.
986 5849 1005 5875 ³
1032 5837 1100 5891 al.
1144 5836 1553 5909 ἀριστητήριον.

1658 5840 1675 5877 ί
1711 5842 1778 5897 ttl.
1813 5844 2071 5916 ἔρεισμα.

2151 5850 2175 5878 ιι
2216 5840 2282 5895 al.
2328 5837 2554 5902 δύσεως.
2634 5845 2657 5873 ν’
2689 5835 2760 5889 al.
2806 5831 3047 5902 αὖγειος.
