3846 6464
237 325 347 390 699

1484 324 1766 386 MENSIS
1806 323 2267 385 JANUARIUS.

3391 322 3501 389 700

246 433 429 491 clesiae
477 432 750 499 tribuere;
798 446 893 487 eos
939 442 1117 487 autem
1166 434 1389 488 arcebat
1434 447 1624 488 rursus
1669 445 1815 502 aqua:

1924 419 2227 502 Ἐκκληᾰίᾳ
2260 447 2353 485 και
2382 447 2453 486 τα
2490 432 2746 502 ὲγκαίνια
2769 450 2783 465 ·
2821 429 2973 507 εἶργε
3000 433 3058 490 δὲ
3109 434 3271 491 πάλιν
3297 436 3499 502 αὐτοὺς

237 526 493 596 penuria.
527 524 660 579 Nam
684 525 737 579 in
763 524 853 579 illa
882 523 1173 580 solitudine
1192 525 1330 595 pluit
1373 533 1581 581 tantum
1615 526 1811 581 hieme.

235 621 367 687 Quae
395 618 652 689 quoniam
681 618 891 688 majore
923 632 987 673 ex
1022 628 1175 686 parte
1210 616 1388 674 fuerat
1426 632 1581 687 aqua:
1619 631 1820 688 expers

236 722 292 769 et
315 714 486 778 sicca,
527 727 623 769 eos
653 727 791 784 aqua
824 712 1119 779 defecerat,
1151 713 1387 768 maxime
1412 713 1560 769 circa
1593 728 1815 767 vernam

235 808 687 873 conversionem;
732 807 835 863 nisi
881 805 1022 863 forte
1064 807 1116 862 in
1159 808 1416 863 concavis
1455 809 1818 862 cisternarum

235 901 607 957 consisterent
650 901 845 970 aliqua!
880 901 1070 957 imbris
1113 902 1306 958 breves
1353 903 1627 973 reliquias;
1673 901 1817 971 quod

237 992 455 1062 quidem
482 1008 579 1048 eos
619 992 684 1048 ad
730 993 943 1048 consilii
990 993 1231 1063 inopiam
1278 994 1577 1063 redigebat,
1625 1003 1683 1047 ut
1726 993 1818 1061 qni

239 1083 665 1139 inexorabilibus
706 1093 1084 1153 premerentur
1124 1092 1332 1139 natura:
1379 1083 1812 1139 necessitatibus.

239 1178 424 1247 Itaque
456 1178 603 1233 Elias
632 1178 952 1247 praepositus
967 1186 1022 1233 et
1046 1178 1307 1233 diaconus
1327 1177 1494 1233 Fidus
1511 1176 1820 1247 significant

239 1270 484 1341 Longino
512 1269 786 1326 inferioris
806 1270 1121 1325 monasterii
1149 1268 1263 1342 (70)
1292 1268 1566 1339 praefecto,
1583 1277 1635 1323 et
1653 1267 1818 1323 Paulo

240 1365 531 1431 praeposito
568 1364 880 1419 monasterii
905 1364 1144 1436 Martyrii
1174 1363 1310 1436 (Ἠ),
1356 1372 1416 1419 ut
1458 1376 1555 1433 per
1573 1361 1819 1433 jumenta

245 1470 341 1512 eos
367 1457 627 1526 adjuveut
654 1459 721 1512 ad
746 1472 941 1528 aquam
969 1470 1036 1511 ex
1070 1456 1261 1512 Pharis
1290 1454 1743 1512 transferendam.

312 1631 476 1688 CXX.
509 1631 766 1703 Sequenti
800 1648 932 1703 ergo
958 1641 1137 1697 nocte,
1169 1632 1374 1703 paratis
1404 1632 1471 1688 iis
1504 1631 1647 1688 circa
1675 1631 1815 1687 dilu-

235 1727 417 1781 culum
443 1727 509 1782 ad
543 1728 667 1792 iter,
696 1727 918 1796 jamque
958 1728 1301 1797 congregatis
1326 1726 1610 1797 iumentis,
1647 1740 1816 1794 appa-

1918 524 1952 593 η
1984 521 2079 576 τοῦ
2140 520 2331 588 ὓδατος
2382 525 2597 591 σπάνις.
2656 526 2852 582 ’Ύεται
2898 526 3000 598 μὲν
3057 528 3170 599 γὰρ
3225 529 3498 602 ἡίρημος

1918 612 2100 683 ἐκείνη
2132 614 2296 684 μόνου
2323 616 2612 685 χειμῶνος.
2642 618 2849 673 Τούτου
2875 618 2933 673 δὲ
2974 619 3206 692 ἀνὺδρου
3235 621 3298 676 τὸ
3337 623 3502 676 πλέον

1918 706 2015 761 καὶ
2045 706 2210 780 ξηροῦ
2241 707 2651 780 διαγενομένου,
2678 709 3011 765 ἐπιλελοίπει
3038 712 3102 766 τδ
3128 712 3276 783 ὕδωρ
3301 713 3500 778 αὐτοὺς

1918 797 2047 867 περὶ
2072 798 2279 870 τροπὰς
2316 798 2553 869 μάλιστα
2595 799 2697 864 τὰς
2743 802 2966 872 ἑαρινὰς
2994 818 3008 832 ·
3060 802 3202 873 πλὴν
3233 805 3284 856 εί
3315 804 3499 873 μήπου

1917 889 2026 961 ἄρα
2057 892 2114 944 ὲν
2135 892 2247 955 τοῖς
2277 890 2481 954 κοίλοις
2510 890 2620 946 τῶν
2644 892 2865 947 λάκκων
2892 894 3225 966 συνεστηκὸς
3247 890 3316 966 ἦν
3343 894 3507 948 ὑετοῦ

1916 999 1970 1045 τι
1998 982 2173 1053 βραχὺ
2197 982 2472 1054 λείψανον·
2502 985 2641 1056 ὅπερ
2666 984 2864 1049 αὐτοὺς
2913 988 2996 1051 είς
3022 986 3336 1058 ἀμηχανίαν
3366 987 3504 1041 καθ-

1922 1069 2043 1139 ίστη
2075 1074 2197 1136 ταῖς
2231 1074 2630 1145 ἀπαραιτήτοις
2674 1075 2944 1145 ἀνάγκαις
2996 1076 3353 1144 πιεζομένους
3403 1078 3504 1149 τῆς

1919 1164 2154 1234 φύσεως.
2186 1165 2407 1236 Ἀμέλει
2429 1168 2526 1221 καὶ
2543 1165 2796 1237 δηλοῦσιν
2824 1168 2875 1222 oi
2903 1168 3034 1238 περὶ
3056 1167 3146 1223 τὸν
3166 1168 3500 1238 ἡγούμενον.

1918 1258 2109 1312 Ἠλίαν
2130 1259 2223 1314 καὶ
2242 1258 2333 1313 τὸν
2363 1258 2612 1314 διάκονον
2636 1259 2822 1314 Φεῖδον
2849 1261 3100 1332 Λογγίνῳ
3121 1260 3201 1333 τῷ
3229 1260 3329 1333 τῆς
3352 1260 3513 1315 κάτω

1922 1351 2109 1420 μονῆς,
2139 1351 2238 1406 καὶ
2265 1350 2464 1422 Παύλῳ
2484 1350 2561 1423 τῷ
2581 1350 2680 1422 τῆς
2700 1353 2792 1407 τοῦ
2823 1354 3142 1426 Μαρτυρίου
3175 1353 3503 1425 προεστῶτι,

1921 1444 2259 1514 συνάρασθαι
2296 1443 2384 1497 διὰ
2417 1444 2527 1498 τῶν
2556 1443 2872 1514 ὑποζυγίων
2900 1446 3085 1511 αὑτοῖς
3112 1445 3250 1517 πρὸς
3282 1447 3382 1517 την
3405 1444 3509 1498 τοῦ

1919 1532 2109 1599 ὓδατος
2136 1537 2247 1591 ἀπὸ
2281 1536 2474 1608 Φαρῶν
2504 1550 2532 1579 ι
2567 1536 2956 1609 μετακομιδήν.

1990 1630 2122 1681 ΡΚ’.
2150 1629 2262 1697 Τῆς
2282 1623 2374 1682 οὖν
2403 1631 2662 1699 ἐπιούσης
2686 1629 2812 1700 ἄρτι
2839 1628 3035 1694 νυκτὸς
3059 1629 3123 1683 τὸ
3149 1630 3279 1699 περὶ
3305 1627 3506 1700 δρθρον

1920 1718 2365 1788 έτοιμαζομένοις
2404 1718 2542 1791 πρὸς
2570 1719 2671 1790 τὴν
2713 1719 2959 1791 πορείαν,
3024 1720 3119 1774 καὶ
3161 1720 3271 1774 τῶν
3304 1719 3509 1784 ὑποζυ-

242 1826 320 1872 ret
353 1828 518 1873 nocte
548 1791 842 1874 illabcato'
864 1817 991 1873 Elite
1025 1791 1255 1888 magnus
1286 1791 1606 1890 Euthymius
1633 1831 1646 1869 :
1678 1791 1815 1884 Quid

1924 1810 2055 1878 γίων
2080 1809 2404 1880 αὐτοίςλλδη
2451 1809 2973 1881 συναθροισθέντων.
3006 1810 3360 1879 ἐπιφαίνεται
3402 1810 3507 1879 τῆς

240 1909 340 1964 hoc
372 1911 474 1965 sibi
514 1911 648 1975 vult,
680 1926 901 1981 rogans,
934 1912 1077 1979 quod
1114 1911 1273 1965 hodie
1298 1910 1541 1979 iumenta
1588 1926 1817 1980 congre-

237 2003 414 2071 getls?
456 2002 592 2060 Cum
632 2006 677 2057 is
725 2019 856 2059 vero
903 2003 1282 2074 respondisset
1323 2022 1336 2059 :
1388 2001 1461 2058 Ut
1503 2019 1700 2074 aquam
1752 2018 1818 2060 ex

239 2099 433 2154 Pharis
465 2097 777 2163 efferamus,
813 2113 879 2154 eo
911 2098 1052 2167 quod
1086 2114 1184 2154 nos
1216 2114 1359 2153 nunc
1403 2100 1629 2154 omnino
1669 2101 1819 2155 defe-

237 2194 372 2247 cerit
392 2235 407 2258 ,
438 2193 741 2262 increpavit
761 2192 873 2259 ille,
895 2192 1085 2249 dicens
1110 2211 1122 2247 :
1147 2191 1371 2248 Modica:
1397 2193 1517 2248 fidei
1546 2193 1818 2260 homines,

240 2300 478 2353 quanam
507 2284 574 2338 de
603 2298 769 2340 causa
800 2282 969 2339 Deum
999 2299 1104 2339 non
1142 2286 1348 2352 precati
1391 2284 1563 2341 estis?
1600 2285 1741 2341 Num
1776 2288 1825 2342 is

238 2375 330 2444 qui
372 2390 404 2430 e
437 2384 710 2446 prarupta
760 2382 913 2445 petra
961 2376 1364 2431 inobedientem
1407 2379 1611 2447 potavit
1652 2392 1821 2448 popu-

239 2467 373 2534 lum,
408 2478 463 2524 et
493 2482 691 2538 aquam
733 2482 798 2522 ex
828 2466 965 2522 asini
999 2467 1215 2521 maxilla
1250 2467 1495 2523 Samsoni
1533 2469 1821 2539 aliquando

237 2557 371 2615 fecit
402 2561 693 2627 scaturire,
731 2577 836 2616 non
871 2562 1073 2631 poterit
1111 2560 1262 2617 vobis
1299 2577 1514 2631 quoque
1552 2565 1618 2619 ad
1663 2579 1821 2621 usum

240 2651 613 2721 suppeditare,
647 2654 942 2710 dummodo
993 2672 1117 2712 cum
1165 2657 1270 2713 fide
1318 2655 1558 2712 offeratis
1598 2656 1820 2726 petitio-

243 2741 407 2796 nem?
430 2742 632 2799 Deinde
659 2743 739 2799 eis
766 2745 930 2799 etiam
960 2748 1234 2815 prohibuit
1260 2748 1363 2802 iter
1395 2748 1463 2801 ad
1498 2746 1728 2809 Pharas.
1764 2756 1824 2802 ut

241 2834 463 2890 minime
498 2839 889 2893 necessarium.
941 2839 1095 2909 Aqua
1143 2839 1288 2896 enim
1332 2840 1485 2895 vobis
1520 2838 1823 2908 implebun-

240 2934 350 2989 tur,
376 2926 574 2997 inquit,
604 2930 688 2983 vel
720 2932 973 2989 maxima:
1003 2932 1278 3000 cisternae,
1311 2946 1380 2988 ne
1409 2932 1581 2988 tribus
1602 2931 1821 3002 quidem

236 3017 386 3074 horis
409 3023 760 3089 exspectatis.

310 3187 499 3244 CXXI.
558 3189 842 3251 Excitatus
886 3210 917 3251 e
961 3211 1155 3255 somno
1205 3199 1273 3255 ad
1321 3199 1583 3256 visionem
1628 3200 1819 3257 beatus

240 3281 405 3347 Elias,
443 3286 741 3357 statimque
786 3303 847 3344 ea
895 3291 1031 3347 Fido
1085 3300 1140 3347 et
1189 3292 1419 3364 reliquis
1471 3294 1821 3361 annuntiata,

233 3374 475 3445 iumenta
504 3379 719 3448 quidem
748 3396 778 3435 a
809 3385 1091 3453 proposito
1122 3385 1285 3451 solvit
1314 3386 1618 3442 ministerio
1642 3404 1657 3441 :
1695 3403 1818 3442 cum

236 3481 343 3520 nox
375 3477 554 3525 autem
576 3468 693 3539 jam
732 3474 1060 3540 transiisset,
1091 3483 1146 3531 et
1182 3475 1266 3531 sol
1307 3490 1523 3533 omnem
1562 3487 1817 3547 quantam

234 3559 385 3616 videt
410 3569 611 3618 terram
639 3565 916 3622 radiorum
948 3567 1249 3624 illustraret
1271 3569 1491 3639 jaculis,
1523 3571 1694 3627 nubes
1722 3571 1822 3625 ali-

233 3654 411 3708 cunde
436 3669 616 3711 aerem
673 3658 852 3714 subito
892 3661 1172 3730 complexa
1205 3661 1455 3718 coenobio
1501 3665 1819 3720 incumben-

236 3748 366 3809 tem,
400 3746 579 3814 erupit
623 3748 874 3815 protinus
901 3751 954 3804 in
996 3750 1268 3819 pluviam;
1305 3762 1360 3808 et
1386 3754 1569 3809 omnia
1599 3754 1815 3823 quidem

234 3832 593 3891 circumcirca
623 3837 800 3894 simile
840 3840 1018 3897 adhuc
1048 3842 1308 3912 puniebat
1350 3844 1620 3914 ﬂagellum
1653 3845 1817 3902 sicci—

237 3923 400 3991 tatis;
440 3925 476 3980 ii
519 3936 700 3982 autem
749 3928 849 3984 soli
891 3932 985 4001 qui
1036 3943 1197 3990 erant
1246 3936 1300 3992 in
1351 3938 1624 4004 cmnobio,
1680 3951 1816 4007 aqua

235 4023 435 4086 prater
465 4019 773 4086 opinionem
810 4020 1165 4095 fruebantur;
1200 4030 1424 4098 perinde
1452 4044 1516 4084 ac
1545 4030 1591 4085 si
1619 4028 1819 4098 aliquis

232 4105 469 4177 pluviam
517 4102 1056 4184 circumscripsisset,
1114 4134 1415 4189 rursusque
1457 4136 1562 4175 non
1614 4119 1818 4174 sineret

234 4198 465 4253 ulterius
492 4203 763 4272 progredi.
792 4205 1083 4278 Postquam
1108 4221 1288 4266 autem
1317 4211 1568 4266 cisternae
1598 4210 1819 4266 fuerunt

160 4356 165 4361 δ
232 4305 372 4363 aqua
401 4291 592 4361 plenze,
640 4310 740 4351 nec
788 4296 822 4351 ii
859 4300 1091 4369 amplius
1124 4301 1438 4372 indigebant
1477 4301 1744 4358 imbribus
1785 4317 1816 4358 ο

231 4383 392 4452 coelo,
426 4386 609 4440 statim
640 4389 808 4445 nubes
843 4389 1107 4459 dissipata
1145 4402 1247 4459 est,
1284 4402 1338 4448 et
1380 4393 1672 4448 vehemens
1710 4392 1815 4446 im-

1922 1899 2114 1963 νυκτδς
2148 1901 2366 1970 ἐκείνης
2424 1901 2583 1973 Ἦλίᾳ
2612 1900 2692 1973 τῷ
2736 1901 3015 1976 μακαρίτῃ
3060 1904 3090 1956 ὁ
3121 1901 3296 1973 μέγας
3330 1899 3508 1954 Εὐθύ-

1925 2008 2044 2063 μιος
2071 2009 2085 2025 ο
2114 1991 2168 2045 τί
2206 1991 2455 2062 βούλεται
2489 1994 2675 2058 αὐτοῖς
2719 1995 2962 2066 σήμερον
2992 1992 3420 2063 πυνθανόμενος,
3468 1993 3507 2063 ἠ

1919 2083 2029 2137 τῶν
2058 2085 2372 2156 ὑποζυγίων
2431 2088 2725 2158 συναγωγή
2749 2104 2764 2118 ’
2796 2086 2892 2141 τοῦ
2935 2087 3015 2151 δὲ,
3055 2085 3124 2140 δι’
3154 2086 3349 2150 ὓδατος
3396 2086 3506 2139 ἀπὸ

1918 2175 2112 2248 Φαρῶν
2145 2178 2514 2250 μετακομιδὴν
2544 2178 3011 2250 ἀποκριναμένου,
3042 2178 3131 2231 διὰ
3155 2177 3217 2230 τὸ
3239 2177 3506 2249 παράπαν

1919 2272 2012 2328 νῦν
2035 2274 2180 2344 ἡμᾶς
2206 2272 2610 2351 ἐπιλελοιπέναι
2643 2289 2657 2305 ο
2690 2271 3026 2344 ἐπετίμησεν
3054 2272 3285 2335 ἐκεῖνος,
3307 2270 3501 2325 εἰπών’

1919 2363 2310 2435 Ὀλιγόπιστοι,
2338 2366 2462 2419 ὅτου
2489 2364 2547 2418 δὲ
2572 2364 2734 2436 χάριν
2753 2366 2827 2436 μὴ
2850 2364 3105 2436 ἐδεήθητε
3128 2363 3221 2417 τοῦ
3241 2362 3404 2429 Θεοῦ;
3428 2364 3506 2434 μὴ

1919 2456 2029 2529 γὰρ
2048 2459 2076 2510 ὁ
2106 2456 2165 2522 ἐξ
2184 2457 2494 2527 ἁκροτόμου
2517 2456 2721 2527 πέτρας
2742 2454 3072 2512 ἀπειθοῦντα
3097 2453 3327 2517 ποτίσας
3352 2454 3506 2518 λαὸν,

1919 2548 2013 2602 καὶ
2044 2546 2186 2619 ὓδωρ
2217 2547 2323 2601 ὑπὸ
2353 2556 2382 2596 Y
2413 2546 2663 2615 σιαγόνος
2690 2546 2814 2601 ὄνου
2838 2543 3039 2616 βλύσας
3069 2543 3202 2598 ποτὲ
3239 2542 3318 2613 τῷ
3353 2543 3507 2612 Σαμ-

1918 2638 2058 2711 ψὼν,
2088 2641 2287 2711 ἀπορεῖ
2314 2640 2409 2694 καλ⁵
2448 2640 2586 2712 πρὸς
2626 2637 2725 2710 τὴν
2777 2637 2971 2711 χρείαν
3027 2637 3121 2690 καὶ
3153 2635 3282 2706 ὑμῖν
3314 2636 3507 2705 ὲπιχοο

1923 2734 2137 2803 ρηγεῖν,
2175 2732 2224 2785 εί
2264 2731 2446 2785 πίστει
2482 2731 2644 2801 μόνον
2694 2729 2794 2801 τὴν
2840 2728 3058 2799 αίτησιν
3105 2727 3456 2796 είσενέγκητε
3488 2742 3508 2792 ;

1920 2820 2073 2891 Εἶτα,
2120 2825 2216 2878 καὶ
2236 2824 2336 2895 τὴν
2388 2823 2484 2878 ἐπὶ
2512 2824 2696 2893 Φαρᾶς
2722 2832 2744 2859 ι
2787 2820 2904 2875 ὁδὸν
2965 2819 3042 2882 ὡς
3074 2820 3175 2874 οὐκ
3207 2816 3514 2889 ἀναγκαίαν

1921 2917 2105 2979 αὐτοῖς
2159 2915 2493 2988 ἀπηγόρευε.
2549 2912 2964 2984 Πλησθήσονται
3037 2912 3146 2981 γὰρ
3180 2911 3330 2981 ὑμῖν,
3378 2908 3507 2978 ἔφη,

1926 3005 2060 3078 μηδὲ
2105 3006 2296 3077 τρίτην
2346 3005 2738 3076 περιμέναντες
2783 3002 2956 3075 ὥραν,
2988 3005 3038 3058 οι
3078 3001 3328 3074 μέγιστοι
3397 2999 3512 3055 τῶν

1926 3097 2145 3153 λάκκων
2178 3096 2390 3162 ὓδατος.

1995 3192 2168 3245 PKA'.
2202 3187 2552 3252 Διυπνισθεὶς
2610 3187 2667 3242 δὲ
2697 3187 2834 3260 πρὸς
2856 3186 2954 3257 τὴν
2984 3183 3107 3256 ὄψιν
3134 3187 3163 3241 ὁ
3198 3183 3514 3257 μακαρίτης

1936 3280 2144 3346 Ἠλίας,
2186 3281 2282 3334 καί
2328 3279 2498 3352 Φείδῳ
2529 3277 2733 3348 ταύτην
2780 3276 2943 3342 εὐθὺς
2996 3276 3091 3331 καὶ
3134 3277 3245 3339 τοῖς
3304 3274 3512 3338 λοιποῖς

1922 3372 2284 3443 ἀπαγγείλας,
2318 3373 2388 3428 τά
2412 3374 2511 3443 μὲν
2542 3371 2834 3440 ὑποζύγια,
2863 3374 2962 3443 τῆς
2984 3369 3359 3441 προκειμένης
3396 3368 3508 3421 ἀπ-

1922 3463 2045 3520 έλυε
2068 3463 2411 3533 λειτουργίας
2434 3479 2447 3491 ·
2478 3462 2603 3533 ἀρτι
2623 3462 2679 3516 δὲ
2699 3461 2892 3524 νυκτὸς
2909 3459 3223 3531 οἰχομένης,
3244 3459 3337 3511 καὶ
3358 3457 3512 3527 ἡλίου

1922 3558 2105 3611 πᾶσαν
2145 3556 2277 3627 ὅσην
2308 3555 2411 3627 ὁρᾷ
2441 3554 2546 3625 γῆν
2578 3558 2701 3618 ταῖς
2730 3555 2838 3608 τῶν
2871 3554 3107 3609 ἀκτίνων
3126 3550 3310 3622 βολαῖς
3341 3568 3515 3608 καταο

1920 3650 2251 3721 λάμποντος,
2287 3650 2485 3722 νεφέλη
2535 3648 2698 3702 ποθὲν
2738 3649 3079 3721 περισχοῦσα
3106 3650 3199 3705 τὸν
3227 3650 3371 3722 ὑπὲρ
3416 3648 3513 3703 τοῦ

1922 3743 2190 3799 κοινοϐίου
2220 3743 2421 3813 αἴφνης
2464 3741 2624 3814 ἀέρα,
2657 3743 2737 3806 εἰς
2773 3741 2927 3798 ὑετὸν
2977 3743 3138 3806 εὐθὺς
3187 3743 3465 3816 ἐξερράγη
3495 3757 3510 3771 ⁸

1919 3834 2011 3888 καὶ
2057 3832 2126 3887 τά
2154 3833 2252 3903 μὲν
2278 3831 2461 3900 κύκλῳ
2494 3830 2692 3894 πάντα,
2723 3831 2939 3902 ηὸμοία
2970 3835 3063 3887 καὶ
3083 3833 3164 3887 ἔτι
3186 3837 3289 3906 τῆς
3325 3835 3503 3905 ἀνομο

1918 3923 2077 3995 ὁρίας
2102 3922 2328 3988 ἐκόλαζε
2350 3922 2577 3994 μάστιξ’
2609 3924 2657 3978 οἱ
2685 3922 2742 3976 δὲ
2771 3925 2830 3978 ὲν
2844 3923 2922 3997 τῷ
2939 3925 3191 3998 κοινοϐίῳ
3213 3927 3367 3998 μόνοι
3413 3925 3510 3979 τοῦ

1919 4011 2112 4077 ὕδατος
2168 4013 2488 4086 παραδόξως
2541 4013 2814 4068 ἀπέλαυον
2846 4030 2862 4046 ·
2918 4015 3170 4087 καθάπερ
3221 4017 3368 4081 τινὸς
3419 4017 3510 4071 τὶν

1918 4107 2074 4161 ὑετὸν
2105 4105 2568 4179 περιγράψαντος,
2605 4106 2701 4160 καὶ
2740 4108 3052 4178 περαιτέρω
3098 4109 3261 4163 πάλιν
3312 4109 3511 4179 προελο

1917 4200 2032 4255 θεῖν
2059 4200 2160 4253 οὐκ
2188 4200 2404 4263 ἐῶντος.
2443 4199 2601 4253 Ἐπεὶ
2640 4200 2698 4254 δὲ
2750 4200 2862 4270 οἵτε
2888 4200 3084 4255 λάκκοι
3124 4201 3318 4272 μεστοί⁵
3346 4201 3509 4271 γεγό-

1916 4310 2071 4348 νασιν
2127 4291 2338 4358 ὓδατος,
2398 4292 2492 4346 καὶ
2554 4292 2739 4347 οὐκέτι
2793 4293 2956 4364 χρεία
3005 4293 3110 4347 τῶν
3168 4293 3227 4358 ἐξ
3273 4293 3506 4363 οὐρανοῦ

1916 4385 2138 4457 ὄμϐρων
2179 4384 2384 4450 αὐτοῖς,
2414 4382 2627 4455 διέσχεν
2662 4383 2868 4449 εὐθέως
2896 4384 2959 4438 τὸ
2992 4385 3154 4454 νέφος
3182 4384 3282 4439 καὶ
3312 4386 3345 4456 ἡ
3374 4402 3508 4454 σφο-

230 4475 409 4531 brium
436 4478 675 4547 procella
700 4482 766 4536 ad
787 4483 1135 4539 serenitatem
1168 4485 1363 4541 iterum
1400 4485 1615 4542 redacta
1652 4485 1773 4541 fuit.

1924 4479 2017 4552 5ρά
2042 4478 2294 4549 καταιγὶς
2335 4477 2443 4532 τῶν
2480 4475 2725 4549 ὄμϐρων,
2755 4480 2837 4542 είς
2869 4476 3090 4551 αἰθρίαν
3146 4475 3306 4542 αὖθις
3369 4477 3507 4531 καθ-

299 4652 513 4714 CXXII.
555 4657 689 4714 Cum
726 4675 856 4716 vero
880 4661 1201 4717 miraculum
1223 4661 1377 4718 brevi
1410 4670 1579 4717 totam
1616 4678 1810 4733 perva-

229 4747 394 4803 sisset
424 4751 796 4819 solitudinem,
827 4764 992 4824 atque
1021 4756 1087 4809 ad
1122 4756 1298 4825 ipsum
1332 4754 1495 4809 etiam
1537 4754 1811 4824 archiepi-

228 4852 450 4909 scopum
480 4839 796 4913 Martyrium
825 4845 935 4916 jam
968 4845 1328 4917 pervenisset,
1367 4845 1698 4901 descendens
1722 4846 1814 4903 ille

227 4945 351 4985 cum
391 4932 558 4989 multa
596 4951 776 4991 rerum
807 4934 1078 4990 afﬂuentia
1123 4935 1190 4989 ad
1219 4935 1549 5000 cmnobium,
1582 4937 1810 5005 praecla-

229 5038 344 5077 ram
380 5025 494 5095 agit
536 5027 792 5097 synaxim
839 5036 896 5083 et
936 5026 1198 5097 vigiliam,
1229 5041 1352 5081 cum
1385 5029 1570 5083 multis
1598 5027 1809 5099 lampa-

227 5115 385 5173 dibus
412 5128 467 5173 et
503 5119 809 5187 sumtibus;
841 5119 935 5174 sed
969 5129 1026 5174 et
1054 5118 1393 5187 Splendidam
1436 5121 1809 5190 magnificam-

222 5226 327 5283 que
386 5214 521 5271 facit
593 5213 1033 5280 dedicationem;
1099 5214 1378 5284 deponens
1455 5216 1557 5270 sub
1644 5215 1803 5270 altari

1914 4575 2117 4629 ίστατο.

1981 4661 2161 4720 ΡΚΒ¹.
2219 4661 2329 4718 Τοῦ
2388 4661 2668 4734 θαύματος
2726 4661 2785 4716 δὲ
2841 4661 2943 4731 τὴν
2998 4660 3207 4733 ἔρημον
3250 4662 3311 4716 ὲν
3341 4662 3510 4735 ὀλίγῳ

1911 4760 2091 4813 πᾶσαν
2131 4755 2551 4829 περιλαὸόντος,
2593 4755 2689 4810 καὶ
2735 4755 2817 4820 είς
2868 4755 3033 4809 αὐτὸν
3090 4754 3149 4809 δὲ
3210 4755 3304 4811 τὸν
3354 4759 3511 4827 ἀρχι-

1908 4851 2209 4905 ιπίσκοπον
2274 4847 2592 4920 Μαρτύριον
2657 4847 2760 4919 ἤδη
2843 4846 3153 4912 διαϐάντος.
3229 4848 3510 4903 κατελθὼν

1913 4942 2121 5005 ἐκεῖνος
2152 4940 2293 5010 μετὰ
2346 4940 2551 5011 πολλῆς
2582 4940 2682 4994 καὶ
2730 4939 3018 5009 δαψιλείας
3050 4941 3188 5012 πρὸς
3220 4939 3282 4994 τὸ
3331 4941 3507 4995 κοινὸ⁸

1913 5033 2051 5098 διον,
2094 5033 2357 5103 λαμπρὰν
2430 5033 2529 5102 μὲν
2594 5032 2721 5102 ἄγει
2780 5032 2883 5104 τὴν
2953 5031 3176 5100 σύναξιν
3249 5033 3347 5087 καὶ
3408 5033 3509 5103 τὴν

1914 5125 2248 5198 ἀγρυπνίαν,
2318 5124 2422 5177 ὑπὸ
2481 5124 2702 5189 πολλαῖς
2758 5125 3007 5193 λαμ-πάσι
3063 5125 3159 5181 καὶ
3200 5126 3513 5197 θυμιάμασι

1915 5218 2197 5293 φιλότιμον
2248 5214 2306 5270 δὲ
2336 5216 2450 5286 ,καὶ
2487 5216 2754 5292 πολυτελῆ
2787 5220 2879 5275 τὸν
2914 5219 3272 5291 ὲγκαινισμδν
3318 5218 3504 5272 ποιεί⁸

1571 5328 1811 5385 νΑιιιέΕ
1847 5329 2266 5387 LECTIONES.

291 5430 321 5459 ³
353 5421 424 5478 al.
452 5403 724 5496 Φαρὰνέι
752 5424 946 5498 Φαρὼν
978 5432 1034 5481 et
1065 5423 1226 5481 infra.
1304 5432 1334 5473 Υ
1362 5424 1436 5481 al.
1465 5424 1598 5479 ἀπό.
1679 5435 1701 5463 ²
1734 5426 1807 5481 al.
1833 5427 2020 5500 Φαρὰς
2050 5435 2107 5484 et
2130 5426 2348 5498 Φαράν.

1362 5558 1365 5561 ν
1460 5538 1656 5598 JOAN.
1694 5512 2039 5599 BOLLANDI
2072 5541 2301 5599 nam.

296 5631 411 5700 (70)
446 5632 765 5690 Thenctisti.

297 5701 787 5773 (7l)Patriarchae,
824 5707 908 5761 cui
950 5708 1036 5762 hic
1078 5707 1280 5763 Paulus
1326 5708 1605 5772 successit.
1649 5722 1810 5773 Quem

231 5772 335 5833 tibi
356 5774 676 5844 secundum,
708 5791 803 5833 seu
828 5778 1217 5849 coadjutorcm,
1250 5778 1482 5837 habebat
1527 5778 1589 5835 S.
1624 5772 1804 5835 Theo-

1916 5637 2101 5710 dosius
2124 5636 2510 5710 cmngbiarcha
2548 5636 2603 5692 in
2639 5637 2902 5708 regimine
2946 5638 3281 5710 reliquorum
3315 5654 3506 5695 cmun-

1916 5708 2151 5769 biornnt,
2191 5723 2219 5759 τι
2247 5706 2483 5761 Salustio
2533 5706 2842 5775 patriarcha
2906 5706 3227 5766 moribundo
3274 5726 3367 5766 an.
3401 5710 3500 5767 CII-

1916 5778 2020 5834 495
2045 5778 2319 5848 imposito.
2357 5776 2593 5849 Cyrillus
2625 5779 2675 5834 in
2703 5777 2820 5834 Vita
2860 5779 2916 5834 S.
2953 5780 3132 5837 Salue.
