3846 6464
314 349 415 417 701

1582 376 1628 435 V
1642 376 1765 436 [TA
1804 379 1864 439 S.
1903 377 2310 451 EUTHYMII.

3491 403 3601 468 702

320 462 464 533 μέρη
520 463 646 519 τινὰ
692 464 804 520 τῶν
854 472 1215 543 μαρτυρικῶν
1267 475 1560 549 λειψάνων,
1623 482 1900 556 Ταράχου,

320 552 534 590 nmina”
593 556 685 590 ...ι
709 555 1059 590 ungunt..-“
1106 563 1211 590 3-;
1239 564 1297 590 ,ι
1327 566 1618 590 nmmum“..-

2012 498 2268 564 qu:tsdam
2294 512 2474 570 partes
2498 503 2844 573 reliquiarum
2868 518 3164 578 martyrum
3184 509 3418 570 Taracbi
3454 519 3596 590 (72),

318 552 556 620 Πρόδου,
593 556 689 610 καὶ
709 555 1082 630 ’Δνδρονίκου,
1106 563 1214 617 ὑπὸ
1237 564 1301 619 τὸ
1327 552 1722 643 θυσιαστήριον.
1738 552 1909 629 κατα-

318 644 567 715 θέμενος·
596 647 837 720 ἐδδόμην
861 649 985 705 τότε
1017 652 1112 707 τοῦ
1137 655 1319 710 Μαίου
1355 659 1666 730 ἐπέχοντος,
1706 664 1764 727 ὃς
1807 666 1908 738 ήδη

315 738 624 805 δωδέκατος
679 741 819 812 μετὰ
853 742 955 815 τὴν
1001 745 1280 819 Εύθυμίου
1338 751 1599 826 τελευτὴν
1661 759 1908 823 ἐνιαυτὸς

315 832 539 903 περιῆν.
572 833 786 905 Χρόνου
827 835 885 890 δέ
917 853 1065 903 τινος
1108 839 1430 909 διελθόντος,
1487 845 1583 899 καὶ
1603 848 1632 900 ό
1659 847 1908 915 διάκονος

313 923 499 988 Φείδος
537 925 640 995 τῆς
681 925 894 991 πόλεως
955 929 1155 1002 Δώρων
1205 931 1348 988 οὕτω
1397 937 1763 1012 καλουμένης,
1810 942 1909 1014 τὴν

314 1015 631 1087 ἐπισκοπὴν
661 1017 1052 1089 ἐγχειρίζεται.

388 1111 568 1163 ΡΚΓ’.
601 1111 742 1165 Ἀλλ’
773 1112 1011 1169 ἐνταῦθά
1049 1133 1118 1186 με
1143 1115 1240 1173 τοῦ
1282 1117 1447 1189 λόγου
1495 1122 1811 1194 γενόμενον,
1846 1126 1909 1179 τὸ

316 1202 444 1273 περὶ
476 1202 587 1257 τῶν
629 1203 1008 1277 Ἀποσχιστῶν
1039 1210 1220 1264 ἐκεῖνο
1250 1212 1563 1284 εἰσέρχεται
1590 1231 1603 1246 ·
1638 1216 1667 1269 ὃ
1697 1217 1762 1290 δὴ
1814 1219 1910 1272 καὶ

316 1295 451 1349 αὐτὸ
490 1295 652 1367 λόγου
714 1296 866 1364 ἄξιον
906 1297 1051 1356 εἷναί
1097 1319 1191 1374 μοι
1239 1304 1389 1359 δοκεῖ
1431 1307 1751 1377 προσθεῖναι
1796 1312 1912 1375 τοῖς

314 1389 631 1458 εἰρημένοις
669 1409 683 1422 ·
711 1389 788 1456 ὡς
821 1392 887 1448 ἂν
911 1394 1310 1468 ἐναργέστερον
1340 1398 1594 1454 ἐντεῦθεν
1625 1401 1659 1472 ἠ
1687 1400 1782 1455 ἐπὶ
1807 1403 1909 1474 τῆς

317 1482 600 1555 θαλάσσης
625 1486 903 1557 Εὑθυμίου
947 1488 1043 1542 τοῦ
1077 1488 1224 1544 θείου
1267 1492 1578 1564 προφητεία
1609 1494 1907 1569 διαδειχθῇ.

320 1574 460 1646 Ἤδη
503 1576 605 1647 μὲν
642 1579 754 1651 γὰρ
782 1582 812 1634 ὁ
868 1581 1215 1652 πατριάρχης
1258 1583 1579 1656 Μαρτύριος
1621 1590 1689 1659 τῇ
1731 1605 1910 1660 παρα-

314 1665 453 1738 δόξῳ
498 1669 799 1735 πιστεύσας
844 1671 1083 1745 ὀπτασίᾳ
1126 1673 1222 1729 τοῦ
1260 1676 1473 1743 Φείδου,
1507 1678 1601 1733 καὶ
1648 1674 1729 1744 οἷς
1758 1680 1911 1751 αύτῷ

313 1758 410 1812 ἐπὶ
446 1760 553 1814 ποῦ
592 1761 867 1831 πελάγους
894 1764 924 1819 ό
960 1763 1139 1836 μέγας
1187 1767 1434 1838 προέφη,
1486 1768 1588 1841 τῆς
1639 1771 1909 1843 περὶτῶν

316 1849 702 1924 Ἀποσχιστῶν
720 1854 929 1910 τούτων
942 1856 1406 1930 φροντίδοςξάνῆκε
1425 1861 1554 1925 τοὺς
1586 1861 1903 1933 λογισμούς.
1934 1860 1982 1921 Β

312 1945 524 2015 Χρόνος
581 1947 642 2000 δὲ
696 1948 759 2002 οὐ
814 1949 985 2011 πολὺς
1015 1951 1074 2002 ἐν
1115 1949 1197 2022 τῷ
1248 1951 1422 2023 μέσῳ,
1476 1954 1570 2009 καὶ
1601 1953 1793 2027 ὥσπερ
1845 1957 1911 2010 ἐκ

310 2039 462 2103 τινὸς
508 2039 792 2112 θειοτέρας
846 2043 1159 2114 ἐπισκοπῆς
1209 2045 1558 2115 Μαρκιανὸς,
1606 2040 1673 2101 οὗ
1726 2048 1910 2119 μικρῷ

313 2131 556 2203 πρόσθεν
612 2134 918 2206 ἐμνήσθην,
955 2135 1204 2206 κινηθεὶς
1255 2136 1356 2209 τὴν
1389 2136 1591 2210 ψυχὴν,
1648 2141 1911 2210 συγκαλεί

311 2223 526 2289 πάντας
567 2226 767 2288 αὐτοὺς
801 2227 860 2281 ἐν
902 2225 982 2298 τῷ
1015 2228 1109 2282 ὑπ’
1137 2228 1306 2284 αὐτοῦ
1357 2231 1616 2287 συστάντι
1650 2234 1782 2305 περὶ
1806 2231 1907 2305 τὴν

311 2316 478 2383 ἁγίαν
497 2317 748 2390 Βηθλεὲμ
771 2318 1028 2391 κοινοσίιρ
1049 2334 1064 2350 ·
1096 2321 1194 2375 καὶ
1213 2322 1377 2391 λόγου
1408 2323 1741 2395 ἀρξάμενος,
1761 2325 1910 2390 Ἕως

311 2409 470 2477 πότε,
515 2411 705 2482 φησὶν,
738 2411 960 2482 ἀδελφοὶ
1001 2412 1096 2467 καὶ
1116 2413 1381 2486 Πατέρες,
1413 2417 1493 2480 είς
1524 2416 1670 2489 μέρη
1698 2418 1762 2472 τὸ
1806 2419 1912 2491 τῆς

327 2502 645 2574 Εκκλησίας
707 2503 871 2574 σῶμα
934 2503 1356 2578 φιλονεικοῦμεν
1418 2508 1700 2579 διατεμεῖν
1731 2527 1746 2544 ·
1811 2512 1911 2566 καὶ

307 2596 494 2651 ταῦτα
530 2597 669 2669 μηδὲ
698 2598 860 2670 δῆλον
908 2600 1067 2671 ἡμῖν,
1120 2600 1176 2655 τί
1204 2601 1268 2656 τδ
1299 2601 1508 2658 τέλειον
1547 2604 1764 2676 θέλημα
1810 2606 1907 2660 τοῦ

308 2692 471 2756 Θεοῦ.
505 2693 644 2749 ἀλλὰ
671 2694 959 2767 λογισμοῖς
987 2695 1165 2762 οὔτως
1185 2697 1336 2763 ίδίοις
1360 2697 1423 2752 τὸ
1472 2700 1708 2771 πρᾶγμα
1736 2716 1909 2754 κατα-

309 2784 691 2852 πιστεύοντες.
724 2787 1035 2860 Τοιγαροῦν
1064 2790 1332 2844 σκεπτέον
1364 2793 1522 2863 ήμίν,
1556 2793 1771 2864 μήποτε
1803 2793 1911 2865 τὴν

309 2876 531 2932 εὐθείαν
556 2879 794 2950 οἰόμενοι
822 2889 843 2911 ⁸
863 2879 1093 2943 ὁδεύειν,
1122 2881 1362 2948 ἀνοδίαις
1393 2884 1638 2957 συμϐαίη
1662 2903 1906 2958 περιπε-

312 2974 449 3026 σεῖν.
472 2973 759 3043 Λογισμώ
784 2976 898 3045 γὰρ
920 2974 1252 3045 ἀνθρώπων
1281 2977 1495 3045 δειλοί,
1523 2982 1593 3037 τά
1623 2983 1743 3056 ιερά
1770 3000 1906 3055 φασι

306 3065 487 3136 λόγια.
524 3068 636 3123 Καὶ
683 3067 732 3122 εί
787 3069 958 3134 δοκεῖ,
1011 3068 1091 3138 τῷ
1133 3071 1479 3144 άποστολικῷ
1524 3075 1723 3145 ἐκείνῳ
1777 3077 1910 3131 ἁκοο

309 3159 652 3225 λουθοῦντες,
678 3161 775 3215 καὶ
817 3160 893 3226 ὡς
920 3160 1284 3232 ὑποδείγματι
1315 3165 1612 3236 χρώμενοι,
1649 3167 1905 3238 βάλωμεν

309 3254 553 3325 κλήρους
596 3253 690 3306 ἐπὶ
721 3250 1020 3325 προσώπου
1076 3253 1188 3309 τῶν
1230 3256 1547 3312 ἐπισκόπων
1577 3277 1636 3313 τε
1651 3236 1755 3315 καὶ
1793 3236 1904 3317 τῶν
1931 3236 1975 3295 c

310 3346 592 3418 μοναχῶν.
620 3345 725 3400 κᾶν
763 3345 868 3417 μὲν
919 3347 949 3400 ό
979 3346 1180 3418 κλῆρος
1195 3348 1288 3402 ἐπὶ
1308 3349 1436 3412 τοὺς
1454 3352 1720 3421 μοναχοὺς
1735 3351 1899 3419 ἔλθοι,

306 3437 571 3509 ἐμμένειν
596 3438 676 3492 δεῖ
698 3438 917 3502 πάντως
941 3438 1029 3508 ἐφ’
1056 3435 1139 3503 οἷς
1186 3440 1287 3512 ἤδη
1320 3441 1415 3496 καὶ
1448 3441 1542 3495 νῦν
1574 3443 1810 3514 μένομέν
1839 3461 1899 3497 τε

307 3531 406 3585 καὶ
438 3529 742 3602 στέργομεν
766 3546 781 3560 ·
812 3529 864 3583 εί
906 3529 964 3584 δὲ
1010 3532 1105 3584 ἐπὶ
1153 3532 1282 3596 τοὺς
1312 3534 1667 3601 ἐπισκόπους,
1714 3536 1900 3601 αὐτοῖς

307 3624 610 3677 κοινωνεῖν.
639 3620 859 3694 Ταύτην
915 3622 1322 3692 εἰσενεγκόντος
1358 3626 1460 3697 τὴν
1484 3627 1710 3700 γνώμην
1740 3630 1898 3700 Μαρ-

306 3715 521 3780 κιανοῦ,
552 3713 726 3779 οὐδεὶς
748 3709 818 3787 ἦν
836 3714 944 3768 τῶν
972 3716 1257 3787 παρόντων
1288 3717 1440 3783 ὅστις
1496 3720 1599 3775 οὐκ
1655 3721 1899 3775 ἐπαινῶν

303 3806 397 3880 ἦν.
432 3807 709 3877 Βληθέντα
735 3806 1027 3878 τοιγαροῦν
1051 3807 1140 3862 τὸν
1163 3808 1385 3879 κλῆρον,
1415 3810 1465 3863 oi
1494 3810 1594 3882 μὲν
1628 3812 1850 3883 μοναχοὶ
1869 3812 1898 3852 b

305 3899 502 3956 τοῦτον
525 3894 675 3969 εῐχον
697 3914 717 3934 σ
748 3899 951 3963 πάντες
976 3897 1034 3952 δὲ
1063 3899 1247 3963 αὐτοῖς
1279 3900 1441 3965 εὐθὺς
1463 3902 1802 3970 ἐκοινώνουν,
1822 3902 1898 3968 ὡς

306 3990 542 4055 ἐκθεοῦ
571 3990 634 4044 τὸ
677 3991 911 4062 πρᾶγμα
964 3989 1209 4058 γνωσθὲν
1240 3992 1584 4063 νομίσαντες*
1619 3995 1758 4067 πλὴν
1802 3998 1901 4049 Γε-

310 4085 525 4155 ροντίου
561 4084 724 4155 μόνου
763 4087 858 4140 καὶ
901 4085 1211 4155 Ῥωμανοῦ.
1250 4087 1347 4141 καὶ
1398 4089 1601 4155 πάντες
1638 4091 1898 4164 φέροντες

306 4176 537 4241 ἑαυτοὺς
565 4176 867 4247 παρέχουσι
916 4178 983 4248 τῇ
1012 4176 1111 4246 τῆς
1159 4175 1489 4249 Ἐκκλησίας
1537 4181 1749 4250 ἐνώσει,
1798 4185 1897 4239 καὶ

304 4270 542 4341 γνησίαν
570 4269 738 4340 αὐτῆς
770 4281 792 4309 ι
831 4268 929 4323 καὶ
975 4267 1268 4340 ἀκίϐδηλον
1318 4271 1415 4325 τοῦ
1450 4271 1638 4329 λοιποῦ
1675 4275 1896 4332 ποιοῦν-

303 4380 398 4417 ται
426 4361 527 4432 τὴν
546 4362 853 4417 κοινωνίαν.

379 4455 555 4508 PKA’.
594 4453 791 4519 Καλῶς
827 4454 887 4509 δέ
915 4454 1112 4518 αὐτοὺς
1141 4456 1170 4509 ὁ
1218 4456 1566 4529 πατριάρχης
1596 4461 1692 4515 καὶ
1720 4463 1796 4527 ὡς
1826 4463 1895 4518 ἂν

2013 589 2198 656 Probi,
2226 601 2281 648 et
2304 594 2596 651 Andronici
2620 617 2635 665 ;
2660 600 2891 669 septimo
2912 604 3114 660 mensis
3134 606 3290 674 Maii,
3315 624 3457 663 anno
3488 589 3598 680 iam

2011 684 2331 741 duodecimo
2356 687 2467 760 (73)
2494 702 2614 759 post
2637 693 2911 765 Euthymii
2934 707 3183 754 mortem.
3212 699 3347 756 Cum
3373 703 3599 771 aliquod

2010 790 2193 835 autem
2235 791 2444 852 tempus
2497 788 2826 852 transiisset,
2875 791 3138 846 diaconus
3181 810 3398 866 quoque
3434 795 3602 855 Fidus

2010 871 2209 943 accipit
2236 874 2609 948 episcOpatum
2639 880 2876 938 civitatis
2903 898 3023 953 quae
3052 898 3275 942 vocatur
3295 889 3434 943 Dora
3460 889 3601 963 (74).

2078 1143 2316 1200 CXXIII.
2361 1144 2467 1201 Sed
2510 1161 2596 1202 me
2640 1162 2763 1203 cum
2805 1148 2859 1204 in
2907 1150 3053 1207 hunc
3096 1153 3277 1209 locum
3324 1158 3595 1222 venerim,

2010 1237 2158 1292 subit
2223 1238 2532 1293 recordatio
2623 1241 2826 1311 negotii
2904 1243 3392 1313 Aposcbistarum;
3456 1252 3600 1318 quod

2008 1330 2187 1399 ipsum
2224 1332 2386 1385 etiam
2425 1341 2485 1388 ut
2523 1334 2870 1389 memorabile
2895 1336 3023 1390 mihi
3057 1337 3275 1392 videtur
3297 1354 3419 1394 csse
3441 1341 3600 1398 dictis

2010 1424 2412 1493 adjungendum
2438 1441 2455 1492 ;
2482 1434 2542 1480 ut
2571 1425 2875 1482 evidentius
2905 1427 3037 1483 hinc
3077 1431 3400 1485 ostendatur
3430 1432 3600 1488 divini

2009 1514 2283 1589 Euthymii
2312 1518 2593 1588 prophetia
2620 1519 2709 1574 illa
2736 1520 2788 1575 in
2815 1522 2976 1576 mari.
3004 1523 3213 1578 Etenim
3235 1525 3345 1596 jam
3367 1526 3603 1592 patriar-

2008 1610 2108 1665 cha
2140 1611 2461 1683 Martyrius,
2495 1612 2654 1669 Iidem
2689 1618 2934 1672 tribuens
2977 1618 3310 1674 admirandae
3351 1619 3468 1675 Fidi
3513 1620 3599 1673 vi-

2008 1703 2171 1769 sioni,
2206 1714 2262 1758 et
2293 1705 2359 1761 iis
2389 1720 2509 1776 quae
2538 1707 2589 1761 ei
2623 1707 2675 1762 in
2702 1711 2839 1764 mari
2870 1711 3123 1781 praedixit
3149 1727 3397 1782 magnus,
3425 1714 3490 1768 de
3516 1713 3600 1769 his

2010 1796 2353 1864 Aposchistis
2387 1799 2674 1855 remiserat
2709 1817 2896 1858 curam
2929 1813 2985 1859 et
3023 1805 3432 1873 cogitationem.
3484 1807 3602 1862 Non

2015 1887 2243 1943 multum
2279 1901 2459 1945 autem
2495 1892 2755 1961 temporis
2789 1894 3124 1962 intercessit,
3156 1905 3209 1951 et
3246 1897 3389 1951 velut
3419 1913 3483 1953 ex
3517 1900 3602 1953 di~

2012 1980 2219 2037 viniore
2245 1983 2478 2053 quadam
2510 1984 2842 2051 visitatione,
2871 1985 3202 2055 Marcianus,
3231 1990 3386 2058 cujus
3439 1991 3603 2061 paulo

2011 2082 2139 2127 ante
2178 2074 2420 2142 memini,
2465 2075 2647 2131 anima
2692 2090 3020 2147 commotus,
3056 2097 3245 2137 omnes
3277 2083 3426 2154 ipsos
3469 2099 3602 2139 con-

2009 2173 2173 2220 vocat
2213 2165 2268 2220 in
2312 2167 2570 2224 cmnobio
2621 2172 2765 2240 quod
2819 2183 3206 2230 construxerat
3247 2175 3316 2231 ad
3355 2186 3596 2231 sanctam

2009 2256 2323 2325 Bethleem,
2371 2267 2428 2314 et
2478 2261 2627 2332 loqui
2672 2264 2982 2335 incipiens:
3033 2265 3352 2338 Quousque,
3402 2267 3601 2337 inquit,
3709 2295 3715 2301 π

2011 2349 2211 2407 fratres
2250 2362 2303 2408 et
2350 2351 2566 2421 Patres,
2599 2359 2978 2415 contendimus
3004 2373 3204 2429 corpus
3234 2359 3490 2417 Ecclesiae
3524 2362 3604 2417 di-

2012 2443 2194 2499 videre
2227 2443 2281 2498 in
2306 2455 2490 2515 partes
2510 2489 2525 2515 ,
2565 2448 2728 2519 idque
2758 2464 2879 2505 cum
2912 2465 3011 2506 nec
3039 2449 3194 2507 nobis
3224 2452 3441 2522 quidem
3473 2469 3603 2508 con-

2010 2546 2140 2602 stet,
2186 2553 2308 2609 quae
2352 2539 2423 2594 sit
2474 2543 2690 2596 tandem
2744 2543 2995 2599 voluntas
3041 2544 3161 2611 Dei,
3209 2546 3307 2600 sed
3359 2561 3474 2601 rem
3522 2546 3606 2603 sic

2010 2630 2246 2700 propriis
2284 2632 2574 2688 credamus
2624 2634 3076 2706 cogitationibus?
3122 2635 3218 2691 Est
3265 2653 3397 2709 ergo
3448 2639 3604 2694 nobis

2008 2719 2489 2791 considerandum,
2540 2739 2607 2780 ne
2656 2725 2795 2780 forte
2846 2726 2971 2781 dum
3018 2727 3398 2782 existimamus
3457 2742 3602 2784 recta

2008 2813 2092 2867 via
2130 2813 2365 2883 ingredi,
2402 2814 2455 2870 in
2492 2817 2614 2871 avia
2645 2816 2923 2889 contingat
2949 2817 3208 2873 incidere.
3245 2817 3601 2889 Cogitationes

2007 2902 2144 2955 enim
2175 2903 2448 2957 hominum
2475 2905 2699 2969 timidw,
2731 2920 2890 2962 sacra
2920 2909 3070 2962 aiunt
3097 2907 3325 2980 Eloquia
3357 2910 3422 2964 “.
3459 2910 3523 2965 Et
3552 2912 3599 2966 si

2009 2991 2207 3060 placet,
2237 2994 2366 3049 illud
2398 2996 2754 3063 apostolicum
2786 3009 3101 3068 sequentes,
3133 3001 3387 3070 velutque
3415 3018 3603 3057 exem-

2008 3086 2154 3157 plum
2187 3097 2530 3145 assumeutes
2553 3090 2621 3159 ",
2669 3090 2939 3161 iaciamus
2990 3102 3173 3150 sortes
3222 3094 3323 3150 sub
3367 3111 3600 3168 persona

2008 3182 2391 3252 episcoporum
2438 3193 2493 3239 et
2526 3185 2965 3243 monachorum:
3011 3196 3065 3243 et
3114 3186 3160 3243 si
3211 3202 3330 3244 sors
3378 3190 3597 3260 quidem

2009 3274 2218 3328 venerit
2250 3274 2317 3329 ad
2369 3276 2691 3345 monachos,
2723 3286 2941 3347 oportet
2979 3279 3206 3339 omnino
3246 3295 3602 3351 perseverare

2010 3365 2067 3420 in
2106 3366 2174 3423 iis
2212 3368 2409 3437 quibus
2442 3369 2724 3439 hucusque
2752 3385 3032 3426 manemus
3064 3381 3120 3427 et
3151 3376 3554 3444 acquiescimus
3582 3393 3597 3432 :

2009 3461 2091 3516 sin
2138 3470 2324 3517 autem
2364 3462 2432 3518 ad
2480 3464 2787 3533 episcopos,
2833 3479 2955 3518 cum
2996 3463 3129 3534 ipsis
3168 3469 3599 3523 communicare.

2009 3550 2159 3607 Hanc
2174 3553 2262 3608 ubi
2284 3555 2607 3608 sententiam
2632 3553 2903 3609 intulisset
2926 3552 3234 3610 Marcianus
3261 3555 3395 3627 (75),
3422 3558 3600 3616 nullos

2006 3652 2123 3700 erat
2148 3657 2217 3698 ex
2240 3642 2568 3708 astantibus,
2602 3643 2694 3714 qui
2727 3658 2837 3698 non
2876 3643 3145 3703 laudaret.
3175 3645 3384 3703 Jactam
3417 3648 3600 3719 itaque

2006 3748 2231 3805 sortem,
2260 3736 2568 3792 habuerunt
2594 3735 2864 3806 episc0pi;
2906 3735 2973 3791 iis
3025 3750 3154 3792 vero
3187 3738 3375 3794 statim
3410 3754 3600 3794 omnes

2006 3829 2502 3895 communicaruut,
2532 3843 2646 3883 rem
2676 3837 2933 3896 tanquam
2989 3843 3019 3882 a
3052 3829 3164 3885 Deo
3194 3829 3472 3886 decretam
3506 3846 3598 3884 ar~

2007 3923 2231 3988 bitrati;
2289 3931 2488 3992 praeter
2534 3917 2861 3976 Gerontium
2915 3918 3090 3976 solum
3155 3930 3210 3975 et
3269 3922 3593 3975 Romanum.

2004 4014 2184 4085 Atque
2241 4028 2432 4070 omnes
2485 4011 2758 4067 adducunt
2809 4026 2869 4066 se
2926 4025 2990 4066 ac
3045 4012 3288 4082 praebent
3344 4011 3599 4067 Ecclesiae

2007 4107 2216 4173 unioni,
2240 4114 2296 4161 et
2320 4119 2632 4177 germanam
2654 4104 3037 4176 sinceramque
3063 4105 3129 4161 de
3159 4114 3359 4162 caetero
3390 4105 3596 4160 faciunt

2006 4215 2129 4258 cum
2160 4214 2224 4255 ea
2252 4197 2711 4256 communionem.

2074 4464 2308 4523 CXXIV.
2332 4463 2649 4519 Patriarcha
2675 4478 2804 4520 vero
2835 4464 3060 4535 pulchre
3091 4463 3233 4529 illos,
3257 4473 3333 4531 et,
3361 4474 3419 4517 ut
3446 4464 3592 4523 dixe-

303 4545 487 4610 εἴποις
518 4544 578 4598 ού
621 4546 781 4615 χερσὶ
830 4545 993 4618 μόνον
1047 4547 1292 4611 ὑπτίαις,
1339 4548 1475 4603 ἀλλὰ
1526 4553 1622 4606 καὶ
1662 4555 1893 4625 καρδίας

2012 4559 2102 4623 ris,
2133 4572 2240 4612 non
2271 4556 2446 4610 solum
2484 4555 2694 4624 supinis
2727 4555 2999 4621 manibus,
3026 4555 3121 4610 sed
3155 4567 3209 4610 et
3247 4555 3431 4609 cordis
3457 4556 3592 4610 sini-

308 4636 535 4701 κόλποις
585 4634 903 4708 δεξάμενος,
961 4637 1224 4711 λαμπρὰν
1273 4638 1398 4710 άγει
1448 4643 1542 4697 καὶ
1602 4645 1892 4718 πάνδημον

2012 4653 2105 4708 bus
2127 4649 2427 4720 excipiens,
2462 4647 2805 4718 splendidum
2843 4648 2955 4720 agit
2982 4660 3037 4705 et
3060 4647 3337 4720 publicum
3367 4645 3592 4728 festum.

378 4800 427 4835 ³⁵
447 4799 575 4873 Sap.
615 4817 695 4871 ιι,
743 4801 829 4857 Η.
904 4801 949 4836 ³⁷
974 4803 1093 4858 Act.
1126 4802 1281 4869 1,26.

1598 4926 1835 4983 VARle
1878 4927 2283 4988 LECTIONES.

376 5047 405 5077 ι
436 5035 508 5092 al.
547 5035 837 5106 οἰομένοις.
914 5034 945 5075 ιι
981 5034 1053 5089 al.
1086 5034 1397 5093 ἐπίσκοποι.

1480 5052 1501 5079 ο
1540 5041 1609 5094 al.
1636 5043 1828 5108 αὐτοῖς
1858 5054 1915 5099 et
1945 5046 2183 5107 ἑαυτοῖς.

1485 5154 1675 5212 JOAN.
1720 5156 2068 5216 BOLLANDI
2108 5157 2337 5216 ΝΟΤᾹΞ.

378 5269 493 5341 (72)
526 5270 835 5341 Passisunt
862 5267 1351 5341 subibiocletiano
1379 5269 1535 5327 Tarsi
1578 5274 1631 5329 in
1679 5272 1896 5332 Cilicia.

305 5341 384 5397 De
412 5339 493 5396 eis
522 5343 631 5409 agit
655 5339 934 5409 Martyrol.
970 5340 1204 5395 Roman.
1229 5340 1290 5395 11
1323 5340 1519 5399 Octob.

380 5412 496 5483 (τε)
526 5412 635 5483 an.
658 5409 913 5483 Ch._484.

377 5480 492 5553 (⁷74)
525 5482 728 5553 Doron,
750 5480 913 5545 Dora,
951 5481 1081 5546 Dor,
1117 5481 1284 5553 Ador,
1316 5488 1445 5549 etc.,
1477 5482 1672 5540 civitas
1724 5486 1896 5542 mari-

1998 5277 2199 5331 horreo
2242 5274 2577 5330 frumentum
2624 5285 2693 5326 ex
2740 5271 2901 5326 unico
2930 5285 3114 5339 grano
3167 5270 3425 5327 divinitus
3476 5285 3581 5325 una

1997 5356 2156 5401 nocte
2206 5344 2490 5400 admodum
2533 5341 2869 5407 duplicatum
2921 5336 3111 5408 fuisse,
3156 5341 3359 5397 dictum
3404 5351 3487 5396 est
3534 5342 3585 5394 in

1995 5415 2116 5470 Vita
2155 5415 2213 5471 S.
2236 5412 2554 5477 Theodosii,
2591 5412 2655 5467 H
2701 5411 2948 5467 Januarii
2999 5428 3151 5467 uttm.
3196 5412 3257 5466 6i
3306 5422 3359 5467 et
3392 5412 3483 5466 62.
3526 5409 3583 5463 In

1998 5484 2122 5540 Vita
2163 5491 2222 5541 ὃ.
2260 5485 2416 5541 Saba:
2460 5483 2663 5539 dicitur
2713 5492 2940 5538 sanctus
2986 5483 3153 5539 abbas
3204 5494 3258 5535 et
3301 5483 3384 5536 vir
3429 5482 3585 5603 longe

1998 5557 2273 5603 nntimns:
2310 5556 2402 5603 nui
2436 5554 2642 5603 visione
2676 5552 2882 5603 caelesti
2918 5554 3153 5603 munitus
3197 5550 3392 5603 fuerat.
3437 5560 3492 5603 ut
3575 5595 3579 5600 .

307 5550 804 5626 tima,'ttndecimo_,
840 5561 956 5626 aut,
981 5560 1040 5604 ut
1063 5552 1150 5605 alii
1194 5552 1402 5626 volunt,
1436 5567 1585 5626 nouo
1633 5556 1894 5613 mi’lliario
1993 5557 2273 5625 optimus;
2310 5556 2402 5625 qui
2436 5554 2642 5626 visione
2676 5552 2883 5626 caelesti
2918 5550 3392 5626 tnonit_tts__fuerat,
3437 5560 3492 5603 ut

306 5640 333 5674 a
396 5624 648 5678 Caesarea
702 5622 1021 5683 Palaestina,
1077 5622 1425 5691 pergentibus
1475 5622 1885 5684 Ptolemaidem.

304 5691 592 5764 Legendus
619 5691 996 5764 Adricltomius
1031 5694 1081 5747 iu
1116 5694 1257 5747 tribu
1290 5692 1565 5750 Manasses
1599 5697 1735 5751 citra
1763 5695 1888 5754 Jorv

302 5762 500 5818 tlanem
526 5777 647 5829 Cap.
672 5762 763 5818 26.

376 5833 489 5901 (ιδ)
534 5832 787 5890 Summus
822 5833 898 5888 ιιι·
922 5840 1107 5903 postca
1150 5833 1453 5892 Marcianus
1488 5834 1604 5904 fuit,
1635 5836 1686 5893 in
1725 5838 1880 5911 Cujus

2001 5620 2159 5682 Saba:
2197 5620 2267 5682 de
2309 5620 2637 5680 necessariis
2692 5625 3020 5695 provideret.
3054 5621 3213 5695 ΔΟιιίἰι
3259 5620 3584 5695 universalis

1998 5696 2440 5751 Archimandrita
2478 5689 2721 5750 omnium
2770 5692 3224 5748 monasteriorum
3275 5706 3301 5740 a
3344 5689 3581 5743 Salustio

1996 5766 2310 5821 Patriarcba
2356 5766 2709 5834 constitutus,
2762 5766 2848 5821 cui
2899 5760 3110 5821 suﬂ'cc'i
3160 5759 3258 5814 SS.
3315 5757 3487 5815 Sabas
3527 5768 3578 5813 et

1995 5837 2351 5895 Theodosius.
