3846 6488
227 346 334 414 703

1477 338 1764 401 MENSIS
1805 339 1884 399 JA
1898 339 2136 400 NUARl
2153 339 2267 399 US.

3397 342 3508 408 704

226 461 494 518 Praaclare
537 459 680 515 enim
710 457 1001 513 admodum
1051 455 1259 512 civitati
1297 462 1546 510 exortum
1588 461 1673 506 est
1713 451 1808 504 bo-

1949 452 2132 522 ορτήν.
2173 424 2446 504 Ἀνέτειλε
2480 450 2592 521 γάρ
2614 453 2678 522 τῇ
2721 452 2876 507 πόλει
2901 453 2962 508 τδ
2999 454 3101 526 τῆς
3135 456 3367 528 εἰρήνης
3400 477 3506 513 καο

228 573 358 611 num
404 553 588 624 pacis;
625 561 679 607 et
712 551 904 605 laetata:
941 559 1065 605 sunt
1102 549 1292 619 plateae
1321 547 1645 606 Jerusalem.
1675 544 1817 598 Deo-

229 666 336 720 que
363 665 460 719 per
497 646 676 700 omnia
716 645 885 716 gloria
931 643 1285 698 offerebatur.
1332 643 1400 695 At
1443 640 1737 696 Gerontius
1768 646 1822 693 et

233 741 542 805 Romanus,
573 739 662 792 ille
693 736 910 806 quidem
947 742 1236 806 postquam
1261 733 1621 804 quadraginta
1657 731 1819 801 quin-

231 848 336 903 que
382 845 558 886 annos
596 831 908 898 praefuisset
950 831 1122 882 beata:
1166 827 1408 882 Melania:
1449 824 1818 891 monasteriis,

233 926 322 980 hic
349 941 475 978 vero
503 925 554 977 in
584 923 928 979 Tltecoorum
957 925 1100 986 vico,
1128 931 1186 975 ut
1214 921 1328 990 jam
1366 935 1530 990 supra
1562 919 1820 983 diximus,

231 1018 624 1074 monasterium
671 1018 1104 1081 construxisset,
1139 1015 1336 1069 deinde
1375 1030 1442 1068 ex
1485 1012 1615 1082 ipsis
1657 1013 1822 1067 etiam

233 1098 746 1180 turpiter’propter
813 1111 1124 1179 dogmatnm
1191 1107 1522 1174 impietatem
1589 1103 1820 1174 expulsi,

235 1204 363 1258 mali
392 1203 531 1259 male
563 1205 667 1258 ltuc
689 1212 744 1257 et
768 1202 897 1258 illuc
927 1203 1246 1256 oberrantes
1270 1200 1544 1254 obierunt.
1582 1196 1685 1253 Sed
1711 1199 1824 1254 barc

235 1297 455 1368 quidem
484 1295 631 1352 facta
663 1305 790 1351 sunt
823 1296 1156 1366 temporibus
1179 1293 1433 1351 Zenonis.

308 1553 521 1612 CXXV.
539 1553 908 1626 Sequentibus
922 1570 1051 1610 vero
1063 1555 1368 1619 annis,cum
1383 1554 1698 1610 Anastasius
1713 1552 1826 1626 (76)

238 1662 363 1720 post
389 1650 563 1717 ipsum
597 1650 898 1720 accepisset
922 1650 1227 1716 imperium,
1249 1648 1472 1704 Barbari
1501 1648 1613 1720 (77)
1649 1649 1828 1702 incur-

1921 541 2010 594 λδν
2069 541 2275 612 σφόδρα
2306 540 2520 605 καλῶς·
2579 545 2673 596 καὶ
2734 546 2789 598 αἱ
2826 543 3078 600 πλατεῖαι
3150 547 3509 621 Ἰερουσαλὴμ

1923 634 2341 705 ηὑφράνθησαν,
2383 635 2478 688 καὶ
2499 633 2634 697 Θεὸς
2659 630 2726 706 ἦν
2763 635 2853 689 διὰ
2879 637 3098 691 πάντων
3122 638 3511 712 δοξολογούμε-

1923 743 2032 789 νος.
2105 726 2389 795 Γερόντιος
2451 726 2636 797 μέντοι
2685 729 2778 781 καὶ
2818 728 3124 800 Ῥωμανδς,
3171 734 3199 785 6
3232 734 3332 804 μέν
3367 736 3514 804 πέμ-

1925 836 2059 871 πτον
2093 819 2186 872 ἐπὶ
2208 821 2318 882 τοῖς
2346 821 2759 892 τεσσαράκοντα
2789 821 2930 886 ἐτος,
2962 823 3070 877 τῶν
3102 824 3205 896 τῆς
3231 829 3515 898 μακαρίας

1924 905 2178 986 Μελάνης
2238 915 2618 985 μοναστηρίων
2673 918 3128 990 ἀφηγησάμενος,
3163 923 3191 975 6
3241 923 3391 977 δὲέν
3446 927 3513 994 τῇ

1925 1007 2181 1072 Θεκώων,
2205 1009 2279 1072 ὡς
2303 1006 2415 1060 άνω
2441 1008 2534 1062 τοῦ
2557 1010 2717 1079 λόγου
2746 1011 3056 1081 φθάσαντες
3090 1015 3303 1086 ἔφημεν
3325 1015 3375 1082 ά,
3416 1035 3516 1088 μο-

1927 1104 2222 1175 ναστήριον
2255 1106 2703 1177 συστησάμενος⁶
2760 1103 2878 1160 εἶτα
2935 1109 3034 1162 xui.
3081 1109 3266 1164 αὐτῶν
3308 1111 3516 1166 ἀπελαο

1929 1198 2119 1262 θέντες
2153 1199 2418 1270 αἰσχρῶς,
2463 1200 2552 1255 διὰ
2581 1200 2682 1271 τὴν
2711 1200 2820 1255 τῶν
2866 1202 3206 1272 δεδογμένων
3234 1205 3515 1268 ἀσέϐειαν,

1929 1293 2093 1347 κακοὶ
2135 1291 2325 1356 κακῶς
2374 1293 2502 1364 τῇδε
2558 1293 2786 1346 κάκεῖσε
2841 1295 3154 1364 περιιόντες
3209 1297 3515 1368 άπῴχοντο.

1942 1381 2105 1436 Ἀλλά
2125 1383 2300 1437 ταῦτα
2336 1383 2436 1455 μὲν
2466 1383 2562 1438 ἐπὶ
2591 1383 2702 1438 τῶν
2737 1383 2832 1438 τοῦ
2871 1385 3118 1458 Ζήνωνος
3151 1388 3361 1460 καιρῶν
3392 1391 3517 1458 ἐγε-

1931 1474 2053 1542 γόνε
2064 1493 2101 1529 ι.

2001 1567 2176 1623 PKE'.
2232 1569 2356 1632 Τοῖς
2388 1568 2433 1621 δ’
2490 1569 2617 1641 ἐξῆς
2661 1571 2953 1635 ἐνιαυτοῖς,
2996 1570 3353 1628 Ἀναστασίου
3400 1577 3522 1648 μετ’

1934 1661 2097 1715 αὑτὸν
2130 1661 2229 1732 τὴν
2266 1661 2547 1731 βασιλείαν
2581 1664 3013 1734 παραλαϐόντος,
3046 1667 3444 1738 ἐπιδραμόντες
3473 1671 3524 1723 oi

241 1743 396 1797 sione
417 1742 579 1808 facta,
612 1753 665 1798 et
699 1757 891 1812 magna
915 1742 1229 1797 solitudinis
1254 1751 1406 1811 parte
1425 1742 1746 1812 depopulata
1777 1750 1827 1795 et

1949 1754 2231 1825 Βάρὸαροι,
2281 1756 2376 1808 καὶ
2407 1755 2610 1828 πολλὴν
2636 1757 2737 1826 τῆς
2771 1758 2984 1828 ἐρήμου
3019 1757 3307 1829 κείραντες
3339 1777 3400 1814 τε
3431 1761 3526 1814 καὶ

243 1843 474 1900 vastata,
492 1845 803 1890 everterunt
825 1836 935 1904 ipsa
951 1849 1168 1904 quoque
1185 1835 1557 1905 Agareuorum
1577 1835 1829 1888 taberna-

1949 1813 2339 1920 ιωδησάμενοι,
2389 1813 2982 1921 κατεστρέψναντοικαὶ
3039 1813 3212 1917 αὑτάς
3267 1813 3527 1918 τάςτῶν

242 1928 384 1992 cuia,
416 1945 536 1999 quae
559 1944 663 1985 non
696 1930 768 1983 ita
801 1930 1010 1998 pridem
1040 1931 1120 1984 eis
1149 1945 1378 1997 magnus
1409 1929 1603 1984 fixerat
1629 1929 1831 2000 Eutltyo

244 2024 405 2078 mins.
443 2024 650 2079 Deinde
695 2025 886 2079 horum
934 2023 1263 2092 insigniores
1297 2023 1401 2077 alia
1447 2024 1549 2078 sibi
1594 2023 1836 2077 excitant

243 2117 395 2171 circa
457 2118 852 2172 monasterium
905 2116 1147 2187 Martyrii
1195 2116 1470 2181 monachi,
1519 2125 1574 2169 et
1634 2115 1830 2183 templa

248 2210 488 2277 erigunt.
521 2211 588 2263 At
623 2209 876 2275 Barbari,
915 2210 1152 2264 secunda
1184 2209 1237 2263 in
1273 2224 1368 2263 eos
1398 2209 1592 2263 iterum
1625 2209 1706 2264 usi
1740 2224 1837 2263 ex-

248 2303 523 2371 peditione
544 2343 560 2369 ,
589 2303 728 2356 alios
759 2303 975 2370 quidem
1021 2302 1359 2369 interimunt,
1396 2301 1530 2356 alios
1571 2317 1702 2356 vero
1735 2303 1835 2356 ab-

247 2401 455 2450 ducunt
481 2396 749 2465 captivos,
786 2396 1000 2465 aliquos
1028 2405 1206 2450 autem
1240 2396 1292 2450 in
1323 2395 1426 2449 alia
1462 2396 1656 2464 oppida
1689 2411 1837 2450 com-

247 2486 475 2554 pellunt,
507 2502 700 2557 nempe
729 2502 823 2542 eos
853 2489 941 2558 qui
972 2503 1039 2542 ex
1077 2488 1358 2558 inopinato
1387 2490 1698 2558 superiores
1737 2491 1837 2544 huc

251 2580 494 2647 periculo
528 2595 773 2645 evasere,
809 2598 931 2636 cum
971 2597 1164 2652 magna
1215 2589 1270 2635 et
1315 2581 1606 2636 admodum
1657 2582 1838 2653 gravis

250 2673 361 2730 illic
387 2673 578 2730 fuisset
601 2675 716 2730 haec
745 2673 1108 2730 Barbarorum
1145 2673 1408 2731 incursio.

319 2863 556 2921 CXXVI.
601 2864 870 2920 Caeterum
903 2863 1097 2918 beatus
1126 2862 1292 2929 Elias,
1326 2864 1418 2933 qui
1448 2872 1595 2918 recte
1629 2863 1838 2934 Euthy-

252 2956 345 3011 tuii
377 2958 568 3012 ovibus
595 2962 850 3026 praeerat,
887 2965 1175 3025 postquam
1211 2955 1340 3008 totis
1373 2954 1590 3024 triginta
1631 2964 1686 3009 et
1718 2964 1842 3008 octo

253 3049 409 3103 annis
447 3048 709 3104 tenuisset
745 3047 1063 3102 monasterii
1115 3045 1516 3116 praefecturam,
1563 3045 1842 3112 multaque

255 3139 510 3208 praeclara
553 3149 608 3193 et
653 3139 868 3207 egregia
901 3139 972 3204 in
1025 3153 1087 3191 ea
1136 3136 1356 3191 fecisset
1407 3150 1596 3205 opera,
1629 3144 1681 3190 et
1722 3150 1840 3188 ma-
1869 3165 1913 3225 ο

256 3248 422 3302 gnum
453 3232 534 3285 sui
575 3246 817 3286 amorem
863 3229 1176 3300 reliquisset
1205 3228 1468 3284 fratribus
1491 3228 1720 3295 cunctis,
1751 3229 1842 3298 qui

257 3326 312 3378 in
345 3325 425 3379 eis
446 3325 587 3394 viget
612 3339 786 3394 usque
816 3323 868 3378 in
917 3322 1238 3377 hodiernum
1286 3322 1452 3385 dicm,
1489 3323 1603 3392 ipse
1633 3335 1846 3390 quoque

259 3418 399 3473 felici
427 3418 492 3471 ad
515 3418 799 3472 Dominum
820 3417 1032 3472 excedit
1050 3415 1387 3486 profectione
1408 3415 1544 3485 (78).
1568 3413 1703 3470 Cum
1724 3413 1846 3484 qui-

257 3515 380 3569 dam
407 3522 586 3566 autem
614 3511 852 3583 Symeon
883 3509 1206 3580 Apamensis
1223 3517 1344 3579 post
1363 3507 1512 3562 illum
1540 3507 1847 3576 accepisset

259 3607 708 3677 gubernationem
756 3605 893 3678 (79),
940 3613 1160 3672 tresque
1211 3611 1417 3656 tantum
1461 3601 1513 3655 in
1561 3616 1626 3656 ea
1675 3614 1849 3654 annos

260 3701 508 3763 vixisset,
527 3697 838 3767 Stephanus
853 3697 1030 3750 Arabs
1047 3709 1267 3764 genere,
1286 3708 1570 3749 successor
1586 3692 1704 3758 ejus
1718 3707 1849 3746 con-

261 3793 538 3856 stituitur;
591 3790 683 3860 qui
723 3797 936 3844 mortuo
997 3787 1170 3842 fratre
1230 3787 1515 3856 Procopio,
1561 3793 1850 3842 sexcentos

262 3899 457 3941 aureos
491 3900 558 3941 ex
588 3883 747 3940 bonis
773 3884 1017 3954 paternis
1052 3881 1240 3938 tribuit
1273 3879 1630 3937 monasterio.

333 4152 594 4210 CXXV".
647 4151 762 4208 Sub
814 4149 1004 4206 eadem
1058 4149 1223 4204 etiam
1280 4159 1524 4220 tempora
1584 4149 1852 4206 Caesarius

265 4249 487 4316 quidam
517 4245 908 4308 Antiochenus,
933 4243 1025 4313 qui
1067 4244 1120 4297 in
1159 4243 1410 4298 civilibus
1447 4244 1854 4312 magistratibus

266 4355 410 4411 saepe
436 4340 632 4395 bonam
669 4347 786 4394 erat
811 4345 1094 4392 assecutus
1123 4335 1610 4402 existimationem,
1635 4350 1758 4392 cum
1785 4337 1852 4391 ad

268 4443 510 4490 sanctam
542 4433 782 4487 venisset
832 4430 1132 4494 civitatem,
1173 4439 1229 4484 et
1267 4429 1401 4485 satis
1442 4430 1662 4501 longum
1708 4437 1855 4486 esset

1949 1941 2268 2012 Ἀγαρηνῶν
2316 1943 2547 2012 σκηνὰς,
2603 1943 2669 2006 ἃς
2725 1946 2754 1997 6
2807 1945 2982 2016 μέγας
3032 1946 3215 2011 αὐτοῖς
3255 1947 3530 2017 Εὐθύμιος

1939 2033 2131 2108 πρώην
2173 2035 2488 2106 πηξάμενος
2519 2032 2611 2107 ἦν.
2651 2037 2885 2092 Ἔπειτα
2928 2041 2978 2092 οἱ
3025 2040 3124 2109 μὲν
3167 2040 3372 2095 τούτων
3406 2042 3525 2096 ἐπι-

1938 2130 2285 2199 φανέστεροι,
2327 2128 2527 2201 ἑτέρας
2575 2132 2791 2197 ἑαυτοῖς
2831 2132 3094 2190 άνιστῶσι
3140 2133 3273 2207 περὶ
3310 2138 3377 2207 τῇ
3433 2135 3529 2190 τοῦ

1942 2221 2180 2291 μοναχού
2219 2221 2542 2294 Μαρτυρίου
2581 2228 2740 2295 μονῇ,
2779 2225 2875 2278 xul.
2921 2227 3082 2290 ναοὺς
3125 2228 3530 2300 ἀνεγείρουσιν.

1938 2313 2001 2365 Ol
2032 2313 2089 2366 δὲ
2126 2312 2408 2386 Βάρὸαροι
2440 2315 2670 2388 δευτέρᾳ
2714 2317 2807 2371 καὶ
2845 2317 3004 2382 αὖθις
3034 2319 3211 2391 ἐφόδῳ
3243 2321 3532 2392 χρησάμε-

1939 2421 2041 2469 νοι,
2070 2405 2198 2469 τοὺς
2229 2406 2330 2475 μέν
2359 2408 2670 2479 ἀναιροῦσι,
2723 2410 2850 2475 τοὺς
2875 2411 2931 2465 δέ
2959 2413 3296 2481 κατάγουσιν
3327 2411 3534 2486 αἰχμαέ

1938 2492 2166 2560 λώτους,
2187 2495 2316 2560 τοὺς
2343 2497 2400 2550 δὲ
2431 2499 2527 2552 καὶ
2552 2500 2634 2563 εἰς
2664 2499 2860 2571 ἐτέρας
2900 2502 3289 2556 συνελαύνουσι
3313 2504 3534 2573 κώμας,

1941 2589 2057 2643 ὅσοι
2098 2589 2413 2661 κρείττονες
2444 2592 2509 2645 ἐκ
2539 2593 2870 2664 παραδόξου,
2921 2594 3018 2648 τοῦ
3055 2595 3304 2650 κινδύνου
3340 2597 3536 2652 τούτου

1948 2681 2318 2753 κατέστησαν,
2353 2683 2598 2753 μεγάλης
2641 2685 2850 2757 σφόδρα
2881 2689 2974 2740 καὶ
3013 2688 3260 2758 χαλεπῆς
3293 2689 3394 2758 τῆς
3437 2708 3540 2745 κα-

1941 2773 2218 2843 ταδρομῆς
2249 2773 2456 2845 ταύτης
2483 2775 2594 2829 τῶν
2627 2776 2932 2847 Βαρϐάρων
2962 2779 3080 2831 ἐκεῖ
3104 2779 3427 2850 γενομένης.

2021 2863 2208 2932 PBG'.
2247 2865 2304 2920 '0
2337 2867 2523 2936 μέντοι
2558 2867 2883 2940 μακαρίτης
2920 2870 3104 2932 Ἠλίας
3130 2872 3159 2924 6
3207 2871 3384 2935 καλῶς
3427 2889 3540 2925 των

1949 2956 2228 3026 Εύθυμίου
2256 2958 2548 3029 προϐάτων
2595 2959 2969 3031 ἡγεμονεύων,
2995 2962 3054 3013 ἐν
3084 2960 3231 3015 ὀκτὼ
3249 2965 3362 3026 τοῖς
3392 2963 3541 3026 ὅλοις

1947 3044 2215 3108 ἐνιαυτοῖς
2269 3045 2366 3099 καὶ
2401 3045 2706 3116 τριάκοντα
2727 3047 2828 3117 τὴν
2862 3046 2966 3117 τῆς
3003 3049 3171 3120 μονῆς
3201 3050 3542 3122 προστασίαν

1947 3135 2336 3207 ἐγχειρισθεὶς,
2378 3137 2477 3191 καὶ
2533 3137 2705 3192 πολλὰ
2740 3139 2842 3206 μὶν
2888 3143 3114 3208 γενναῖα
3162 3142 3258 3195 καὶ
3307 3142 3543 3213 λαμπρά

1948 3226 2070 3280 κατ’
2111 3228 2284 3296 αὐτὴν
2335 3229 2767 3300 ἀποδειξάμενος
2828 3230 2987 3301 ἔργα,
3023 3233 3160 3286 πολὺ
3193 3233 3250 3286 δὲ
3292 3235 3386 3288 καὶ
3416 3234 3542 3304 φίλ-

1947 3335 2074 3391 τρον
2109 3321 2244 3374 πᾶσι
2269 3321 2381 3384 τοῖς
2413 3321 2667 3390 ἀδελφοῖς
2700 3323 2797 3375 καὶ
2847 3322 2930 3386 είς
2968 3322 3050 3376 ἔτι
3084 3323 3179 3377 καὶ
3225 3324 3322 3378 νῦν
3355 3325 3543 3388 αὐτοῖς

1950 3416 2265 3486 ἐνακμάζον
2295 3415 2634 3482 καταλιπὼν,
2681 3417 2781 3487 τὴν
2816 3417 3096 3490 μακαρίαν
3134 3419 3274 3490 πρὸς
3309 3419 3403 3473 τὸν
3453 3420 3542 3473 δε-

1951 3509 2157 3578 σπότην
2215 3509 2312 3563 καὶ
2358 3509 2522 3572 αὐτὸς
2572 3509 2804 3579 ἐκδημεῖ
2854 3511 3105 3581 πορείαν.
3157 3511 3386 3581 Συμεὼν
3417 3521 3441 3549 ο
3487 3511 3545 3566 δέ

1951 3619 2097 3666 τινος
2137 3601 2430 3671 Ἀπαμέως
2463 3601 2564 3673 τὴν
2609 3601 2786 3673 ἀρχὴν
2846 3602 2966 3672 μετ’
3000 3603 3209 3657 ἐκεῖνον
3242 3603 3545 3675 ἐκδεξαμέ-

1952 3711 2067 3759 νου,
2102 3694 2199 3747 xui
2228 3694 2410 3764 τρίτον
2442 3693 2578 3764 αὐτῇ
2610 3694 2769 3763 μόνον
2799 3692 3141 3758 ἐπιϐιοῦντος
3172 3692 3218 3758 ί,
3250 3695 3544 3766 Στέφανος,

1955 3784 2144 3856 Ἀραψ
2175 3785 2237 3839 τὸ
2283 3783 2463 3853 γένος,
2521 3785 2764 3855 διάδοχος
2826 3785 3040 3839 ἐκείνου
3089 3785 3452 3841 καθίσταταιο
3489 3787 3548 3853 ὃς

1954 3877 2406 3948 τετελευτηκότος
2437 3876 2584 3947 αύτῷ
2620 3876 2719 3930 τοῦ
2773 3876 3007 3947 ἀδελφοῦ
3044 3880 3382 3950 Προκοπίου,
3423 3879 3549 3946 ἐξα-

1955 3970 2176 4034 κοσίους
2235 3971 2301 4023 ἐκ
2329 3969 2440 4025 τῶν
2475 3967 2747 4041 πατρῴων
2777 3970 3015 4041 χρυσοῦς
3050 3974 3119 4042 τῇ
3172 3975 3307 4045 μονῇ
3355 3973 3547 4027 ὰπονὲ·

1959 4081 2072 4134 μει.

2026 4154 2198 4212 PKZ'.
2237 4154 2374 4208 Ὑπὸ
2411 4154 2470 4208 δέ
2523 4157 2650 4219 τοὺς
2691 4155 2892 4220 αὐτοὺς
2930 4156 3180 4226 χρόνους,
3205 4155 3301 4210 καὶ
3340 4156 3549 4210 Καισά-

1958 4249 2073 4320 ριός
2109 4266 2193 4313 τις
2241 4248 2571 4319 Ἀντιοχεὺς,
2617 4249 2673 4300 ἐν
2708 4249 3017 4312 πολιτικαῖς
3057 4249 3255 4319 ἀρχαῖς
3287 4248 3550 4311 πολλάκις

1957 4342 2344 4412 εὐδοκιμήσας,
2388 4344 2469 4407 εἰς
2522 4342 2621 4413 τὴν
2657 4341 2819 4410 ἁγίαν
2859 4342 3014 4394 πόλιν
3054 4340 3407 4412 παραϐαλὼν,
3457 4347 3551 4396 καὶ

1956 4435 2151 4507 χρόνον
2176 4435 2357 4488 ἐκεῖσε
2396 4435 2757 4506 κατασχεθεὶς
2798 4436 3004 4499 ἱκανὸν,
3045 4436 3210 4489 πάθει
3243 4438 3352 4490 τινὶ
3397 4455 3553 4508 περι-

269 4538 482 4596 tempus
524 4525 631 4581 illic
677 4534 946 4589 moratus,
978 4523 1172 4578 incidit
1213 4523 1264 4576 in
1315 4523 1564 4594 corporis
1605 4523 1838 4579 morbutr

1961 4528 2153 4582 πίπτει
2188 4526 2513 4597 σωματικῷ,
2571 4526 2776 4597 σφόδρα
2822 4526 3067 4598 χαλεπῷ.
3106 4527 3261 4579 Ἐπεὶ
3294 4526 3352 4580 δὲ
3394 4526 3552 4580 τοῦτο

269 4620 670 4692 gravissimum.
698 4619 966 4686 Quoniam
994 4632 1121 4671 vero
1148 4616 1336 4671 deerat
1362 4632 1554 4671 manus
1586 4617 1850 4684 curatrix,

267 4723 322 4768 et
349 4729 566 4769 omnem
596 4713 818 4769 morbus
841 4709 1132 4780 superabat
1156 4708 1498 4763 tolerantiam
1529 4711 1856 4764 amicorum-

268 4821 374 4876 que
401 4805 854 4869 consolationem,
890 4817 1000 4855 non
1043 4800 1250 4853 habens
1283 4797 1374 4852 ille
1417 4798 1672 4866 quidnam
1706 4800 1857 4853 dein-

268 4912 398 4969 ceps
427 4899 525 4954 sibi
553 4897 860 4960 adhiberet,
887 4890 1133 4962 confugit
1170 4890 1236 4944 ad
1269 4889 1579 4959 sepulcrum
1617 4890 1859 4944 admira-

271 4994 392 5048 bilis
418 4991 697 5066 Eutbymii
724 5009 737 5045 :
770 4999 825 5044 et
859 4985 1004 5058 quod
1032 4985 1180 5041 illinc
1211 4993 1333 5040 erat
1357 4983 1558 5051 oleum,
1586 4982 1646 5037 fit
1677 4985 1857 5038 statim

1961 4615 2146 4687 χειρὸς
2193 4616 2393 4686 ἠπόρει
2459 4615 2896 4685 θεραπευούσης.
2939 4617 3238 4688 καρτερίας
3265 4634 3323 4670 τε
3370 4618 3552 4689 πάσης

1963 4707 2059 4760 καὶ
2093 4707 2192 4776 τῆς
2222 4707 2288 4761 ἐκ
2314 4706 2483 4775 φίλων
2523 4706 2882 4777 παραμυθίας
2935 4702 3004 4778 ἦν
3037 4707 3411 4779 ἰσχυρότερον,
3455 4710 3555 4761 οὐκ

1965 4799 2103 4868 ἔχων
2136 4799 2234 4851 ὅτι
2260 4799 2527 4870 χρήσαιτο
2576 4797 2762 4850 λοιπὸν
2818 4798 3020 4869 ἐαυτῷ,
3072 4800 3225 4871 παρὰ
3251 4801 3343 4854 τὸν
3385 4801 3554 4872 τάφον

1965 4889 2307 4960 καταφεύγει
2336 4888 2432 4943 τοῦ
2475 4889 2797 4960 θαυμαστοῦ
2835 4891 3114 4964 Εύθυμίου
3137 4909 3152 4924 ·
3188 4893 3374 4946 καὶτὸ
3413 4895 3554 4947 ἐκείο

1969 4985 2062 5039 θεν
2093 4984 2297 5050 ἔλαιον,
2337 4985 2630 5056 ἀπαλλαγὴ
2659 4985 2754 5040 τοῦ
2802 4985 3010 5051 πάθους
3047 4985 3210 5051 εὐθὺς
3240 4987 3320 5060 τῷ
3349 4987 3558 5058 ἀνθρώ-

1591 5123 1675 5180 νΑ
1685 5123 1828 5180 Rl/E
1869 5125 2164 5181 LECTION
2174 5125 2281 5181 ES.

336 5246 364 5287 ιι
391 5246 465 5301 al.
499 5243 875 5318 ἐδηλώσαμεν.
957 5253 981 5283 ο
1013 5242 1082 5298 al.
1124 5242 1432 5313 Συμεῶνος.
1516 5241 1536 5281 ί
1575 5243 1648 5300 al.
1681 5242 1853 5298 inscr.
1888 5243 2032 5308 ἔτος.

1503 5381 1697 5439 JOAN.
1743 5381 2086 5438 BOLLANDI
2119 5381 2350 5437 NUT/E.

345 5527 458 5598 (76)
499 5525 725 5598 Olybrio
780 5527 896 5583 solo
945 5525 1170 5584 consule
1228 5541 1319 5582 an.
1375 5525 1498 5581 491.
1555 5523 1856 5582 [indictione
1962 5525 2118 5581 Prior
2159 5527 2273 5580 tunc
2335 5522 2568 5598 irruptio
2613 5535 2740 5580 ante
2789 5531 3017 5578 mortem
3070 5524 3200 5580 Elia:
3270 5521 3558 5593 begutueni

276 5615 389 5660 XIV,
449 5603 501 5654 in
533 5598 655 5652 Vita
682 5599 741 5654 S.
767 5598 944 5655 Sabu‘.

351 5671 462 5742 (77)
505 5670 868 5742 Theophanes
921 5672 1020 5726 lib.
1066 5684 1156 5730 xv,
1206 5684 1328 5737 cap.
1381 5668 1448 5723 10
1481 5669 1671 5742 refert
1715 5683 1860 5742 anno

274 5739 550 5796 Anastasii
594 5741 651 5794 H
699 5739 1094 5796 Saracenorum
1140 5743 1419 5795 incursum
1481 5740 1533 5791 in
1562 5740 1855 5794 l‘ltmtticen

277 5821 331 5867 et
362 5813 576 5884 Syriam
611 5827 796 5870 rursus
833 5815 950 5886 (seu
983 5812 1221 5870 secunda
1255 5812 1392 5877 vice)
1427 5810 1676 5866 cflectum
1716 5823 1856 5864 esse.

1968 5598 2182 5649 videtur
2207 5597 2524 5662 contigiSse.

2032 5669 2144 5738 (78)
2188 5670 2287 5721 An.
2316 5667 2416 5719 (In.
2456 5667 2576 5720 stt.
2665 5706 2673 5720 ,

2038 5740 2149 5808 (7%))
2193 5740 2295 5793 Att.
2322 5739 2444 5791 illi.
