3846 6466
252 404 366 467 ’107

1506 402 1790 465 MENSIS
1827 396 2285 463 JANUARIUS.

3405 387 3519 453 703

258 517 541 572 .Iiaconico
570 527 755 588 partes
788 518 1040 589 quaedam
1067 529 1256 576 essent
1284 519 1434 576 illius
1463 519 1615 591 ligni,
1648 520 1702 574 in
1729 532 1837 587 quo

1965 511 2107 566 ιύτοῦ
2136 511 2209 573 ὡς
2232 512 2340 580 ἀρα
2364 502 2474 562 εἷεν
2506 506 2711 560 ἐκείνου
2748 503 2887 576 μέρη
2911 502 3005 557 τοῦ
3029 501 3185 571 ξύλου
3215 500 3337 557 τινὰ
3369 503 3521 573 παρά

262 608 521 663 Dominus
564 609 857 665 tremenda:
884 610 1031 667 illius
1075 612 1493 681 dispensationis
1519 612 1681 667 subiit
1714 626 1840 664 cru-

258 701 591 769 citixionem,
626 701 762 771 petit
786 703 855 758 ab
891 718 958 758 eo
987 714 1047 758 ιιι
1081 705 1316 774 pretiosa
1348 705 1437 761 illa
1460 705 1602 776 ligna
1646 705 1842 758 adora-

264 801 364 855 ret,
391 806 688 862 eorumque
720 791 975 862 exiguam
1007 794 1247 864 aliquam
1284 804 1495 866 partem
1546 794 1841 865 acciperet.

259 880 395 935 Cum
434 896 565 953 ergo
600 884 882 939 annuisset
907 886 1223 941 monasterii
1272 887 1619 956 praepositus,
1654 885 1844 941 eadem

263 975 479 1045 quidem
511 977 641 1031 hora
672 978 720 1032 ei
757 977 937 1048 aperit
968 979 1159 1035 ambas
1191 979 1461 1035 diaconici
1495 980 1664 1042 fores,
1691 992 1843 1033 rese-

267 1074 555 1118 ratautem
598 1067 783 1121 thecas
840 1082 1021 1122 rerum
1083 1069 1477 1138 pretiosarum;
1524 1068 1728 1139 aliquid
1764 1067 1848 1122 fa-

266 1156 419 1210 ciens
460 1157 741 1211 ardentius
777 1166 832 1211 et
886 1160 1181 1215 amantius.
1233 1159 1408 1229 Atque
1448 1162 1723 1231 ingressus
1763 1166 1848 1214 est

270 1263 391 1301 eum
423 1250 537 1302 suis
566 1249 857 1305 Caesarius.
880 1249 1185 1307 Adorantes
1207 1268 1335 1308 vero
1359 1263 1412 1308 et
1436 1253 1726 1323 complexi,
1749 1251 1849 1306 ali-

270 1356 431 1407 quam
482 1356 698 1410 quoque
740 1353 949 1412 partem
992 1344 1265 1416 accipiunt
1316 1346 1572 1401 salutaris
1612 1346 1755 1401 illius
1794 1354 1851 1402 et

274 1433 563 1487 venerandi
609 1432 762 1504 ligni.
796 1433 1002 1491 Deinde
1045 1437 1272 1507 ingressi
1317 1439 1628 1494 interiorem
1666 1439 1850 1495 diaco-

275 1522 610 1591 nicicellam,
643 1541 832 1583 rursus
866 1527 932 1582 ad
965 1543 1027 1585 se
1067 1528 1390 1587 reficiendos
1415 1530 1589 1586 amice
1624 1545 1850 1587 conver-

277 1623 483 1670 tuntur.

1941 604 2019 676 τῷ
2071 600 2384 671 διακονικῷ,
2440 602 2497 654 ἐν
2544 592 2590 667 ᾧ
2646 598 2746 667 τὴν
2786 597 2929 667 ὑπὲρ
2977 594 3136 667 ἡμῶν
3179 596 3209 649 ό
3240 593 3524 664 Δεσπότης

1945 697 2179 768 φρικτῆς
2214 693 2427 763 ἐκείνης
2454 690 2768 762 οἰκονομίας
2819 688 3031 758 ὑπέστη
3070 687 3402 759 σταύρωσιν,
3434 690 3524 742 αὶ-

1941 791 2027 842 τεῖ
2053 788 2183 857 παρ’
2217 784 2383 841 αὐτοῦ
2407 784 2506 857 τὴν
2538 785 2642 838 τῶν
2671 783 2869 854 τιμίων
2892 781 3115 835 ἐκείνων
3142 780 3316 845 ξύλων
3346 798 3525 852 προσ-

1944 881 2193 951 κύνησιν,
2252 879 2349 935 καὶ
2392 880 2533 934 ὥστε
2580 877 2752 949 βραχύ
2786 893 2840 930 τι
2876 875 3039 947 μέρος
3077 873 3284 927 τούτων
3314 872 3523 929 λαϐεῖν.

1958 972 2279 1036 Ἐπινεύσας
2308 968 2401 1026 οὖν
2427 972 2455 1024 ὁ
2487 969 2589 1041 τῆς
2612 971 2782 1040 μονῆς
2811 965 3115 1038 προεστὼς,
3152 966 3402 1038 ἀναπετᾷ
3427 965 3529 1037 μὲν

1946 1065 2118 1134 αὐτῆς
2174 1063 2325 1135 ὥρας
2373 1062 2691 1134 ἀμφοτέρας
2745 1059 2897 1130 αὐτῷ
2949 1058 3048 1121 τὰς
3091 1057 3186 1110 τοῦ
3218 1056 3528 1111 διακονικοῦ

1947 1157 2122 1221 πύλας
2146 1173 2160 1188 ’
2186 1156 2393 1225 ἀνοίγει
2423 1155 2479 1208 δέ
2520 1154 2619 1217 τὰς
2656 1151 2767 1206 τῶν
2804 1149 3108 1222 κειμηλίων
3140 1150 3313 1221 θήκας
3342 1165 3357 1180 ⁸
3396 1148 3529 1219 θερο

1952 1247 2180 1320 μότερόν
2212 1265 2267 1300 τι
2299 1246 2470 1300 ποιῶν
2514 1244 2678 1314 δῆθεν
2717 1245 2815 1296 καὶ
2847 1240 3231 1311 φιλικώτερον.
3269 1242 3378 1295 Καὶ
3401 1243 3527 1294 εἱσ-

1947 1340 2035 1414 ῄει
2083 1340 2222 1412 μετά
2266 1339 2374 1392 τῶν
2408 1337 2540 1408 περὶ
2591 1334 2804 1390 αύτδνὸ
2848 1334 3172 1404 Καισάριος.
3207 1333 3529 1403 Προσκυνή-

1950 1449 2143 1497 σαντες
2170 1432 2226 1485 δέ
2284 1432 2380 1484 καὶ
2431 1426 2925 1502 περιπτυξάμενοι,
2972 1425 3313 1497 λαμϐάνουσι
3343 1443 3394 1479 τι
3437 1424 3535 1479 καὶ

1953 1525 2119 1597 μέρος
2145 1524 2239 1579 τοῦ
2266 1508 2645 1593 σωτηριώδους
2669 1521 2883 1576 ἐκείνου
2907 1518 3063 1583 ξύλου
3087 1518 3182 1571 καὶ
3207 1517 3532 1588 σεϐασμίου.

1954 1620 2189 1672 Ἔπειτα
2235 1619 2332 1670 καὶ
2363 1620 2497 1691 πρὸς
2526 1617 2589 1669 τὸ
2626 1614 2903 1683 ἐνδότερον
2955 1610 3047 1665 τοῦ
3076 1611 3383 1664 διακονικοῦ
3412 1609 3536 1662 κελ·

1951 1714 2061 1771 λίον
2095 1712 2450 1777 εἰσελθόντες,
2490 1712 2571 1776 είς
2614 1708 2932 1780 φιλοτησίαν
2981 1707 3074 1761 καὶ
3122 1704 3276 1769 αὖθις
3302 1704 3538 1776 τρέπον-

1953 1823 2068 1859 ται.

346 1875 588 1933 CXXXI.
624 1877 937 1936 Theodotus
961 1846 1140 1938 autem
1160 1883 1380 1954 quidam
1408 1884 1626 1951 Galata,
1649 1888 1741 1958 qui
1774 1887 1852 1946 eis

1965 1846 2200 1952 "BAN.
2246 1896 2505 1959 Θεόδοτος
2544 1893 2602 1948 δέ
2640 1910 2723 1955 τις
2757 1893 2944 1956 αὐτοῖς
2970 1890 3223 1960 Γαλάτης
3251 1887 3535 1944 διακονού-

280 1972 644 2037 ministrabat,
696 1972 1010 2044 frequenter
1048 1975 1237 2033 exiens
1263 1993 1360 2048 per
1393 1980 1760 2046 diaconicum,
1800 1992 1855 2038 et

277 2065 344 2117 ad
376 2079 468 2118 eos
502 2064 834 2133 ingrediens,
873 2066 1047 2122 sacris
1094 2068 1203 2123 illis
1258 2072 1429 2125 thecis
1466 2073 1690 2141 apertis,
1726 2089 1853 2130 sex-

278 2165 465 2212 centos
493 2169 658 2227 supra
682 2158 855 2213 dictos
884 2159 1111 2230 surripit
1140 2176 1355 2227 aureos,
1386 2164 1475 2234 qui
1510 2165 1669 2235 positi
1699 2173 1856 2221 erant

282 2244 337 2297 in
369 2248 539 2302 tribus
570 2249 867 2304 crumenis.
917 2248 1007 2305 Sic
1059 2262 1242 2320 postea
1287 2258 1605 2324 praepositus
1637 2256 1852 2326 quidem

278 2338 515 2393 Gzesario
568 2349 622 2393 et
672 2342 962 2398 comitibus
1005 2341 1123 2413 ejus
1167 2357 1401 2402 mentem
1441 2348 1721 2413 adhibens,
1750 2365 1853 2404 non

278 2423 447 2478 sensit
466 2427 607 2493 quod
642 2427 841 2483 factum
869 2429 1063 2486 fuerat.
1083 2431 1242 2489 Mane
1273 2451 1400 2490 vero
1428 2452 1656 2507 surgens
1685 2438 1857 2494 Theo-

283 2517 464 2580 dotus,
496 2518 788 2575 simulabat
822 2536 880 2578 se
910 2522 1133 2594 iratum,
1179 2535 1233 2582 et
1284 2528 1439 2583 valde
1491 2543 1551 2583 se
1592 2530 1855 2599 indignari

286 2609 539 2678 tingebat,
575 2612 734 2681 quasi
771 2627 875 2668 non
918 2614 1105 2672 liceret
1143 2618 1190 2673 ei
1227 2617 1333 2673 frui
1363 2620 1567 2690 quiete.
1589 2622 1856 2690 Quocirca

284 2701 486 2754 recedit
514 2705 922 2769 emonasterio,
970 2708 1150 2777 specie
1188 2710 1404 2780 quidem
1450 2714 1593 2782 quod
1644 2714 1856 2771 deside-

284 2803 426 2847 raret
466 2792 642 2849 locum
671 2809 901 2853 vacuum
932 2815 962 2855 a
989 2802 1219 2856 tumultu
1239 2844 1254 2871 ,
1287 2819 1476 2859 revera
1503 2819 1682 2862 autem
1713 2809 1856 2879 quod

281 2890 503 2949 cuperet
533 2882 725 2949 latere,
757 2896 809 2941 et
840 2903 1031 2943 aurum
1064 2890 1280 2949 auferre
1310 2903 1473 2963 atque
1503 2897 1855 2956 abscondere.

284 2970 453 3039 Igitur
480 2974 546 3028 ad
572 2985 819 3032 sanctam
864 2980 1138 3036 civitatem
1187 2998 1504 3055 properans,
1543 2989 1752 3060 iterque
1792 2995 1858 3046 ad

283 3075 406 3115 eam
467 3064 770 3135 ingressus,
794 3068 883 3123 ubi
908 3070 1008 3125 fuit
1035 3087 1102 3127 ex
1122 3072 1350 3131 adverso
1368 3079 1683 3134 monasterii
1720 3078 1862 3134 Mar—

287 3152 414 3223 tyrii
452 3158 931 3214 monachiseusim
970 3161 1189 3229 sedens,
1221 3175 1276 3220 et
1318 3167 1545 3237 genibus
1573 3184 1860 3225 crumenas

285 3244 590 3313 imponens,
619 3250 956 3319 sumptisque
988 3265 1057 3306 ex
1101 3268 1208 3309 una
1252 3269 1438 3311 earum
1470 3259 1859 3331 quinquaginta

286 3349 514 3391 numero
538 3338 739 3405 aureis,
778 3341 931 3410 ponit
967 3344 1207 3416 reliquos
1250 3347 1352 3403 sub
1384 3363 1581 3421 magno
1628 3354 1860 3422 quodam

286 3427 497 3496 lapide;
548 3439 601 3485 et
650 3447 773 3487 cum
828 3434 1097 3504 signasset
1146 3438 1347 3504 locum,
1401 3442 1614 3513 sibique
1654 3454 1860 3514 notum,

285 3530 547 3587 quantum
579 3533 811 3593 poterat,
843 3523 1086 3595 fecisset,
1123 3539 1270 3586 recta
1306 3531 1584 3605 profectus
1625 3546 1713 3592 est
1740 3536 1867 3592 Ilie-

288 3612 595 3685 rosulyma;
634 3616 784 3672 illinc
812 3632 944 3677 vero
972 3617 1210 3691 Joppeu.

359 3876 620 3935 CXXXII.
672 3880 740 3934 Et
774 3882 933 3951 equis
962 3885 1271 3950 conductis,
1303 3887 1578 3961 arrhaque
1606 3895 1754 3958 data,
1782 3908 1869 3951 re-

291 3971 524 4024 vertitur
546 3971 613 4025 ad
634 3971 869 4041 lapidem
896 3974 996 4030 sub
1018 3990 1126 4046 quo
1152 3976 1355 4035 latebat
1378 3995 1591 4037 aurum.
1621 3983 1869 4054 Cumque

236 4088 240 4093 -
288 4058 398 4127 jam
439 4073 606 4128 prope
647 4060 840 4118 fuisset
886 4065 942 4127 (ο
970 4066 1183 4121 oculum
1217 4079 1413 4125 cuncta
1456 4070 1788 4128 intuentem!
1833 4089 1868 4131 ο

287 4148 594 4217 justissima
644 4150 847 4221 judicia
867 4152 930 4222 l),
959 4154 1106 4211 videt
1158 4160 1444 4227 quemdam
1496 4163 1869 4233 magnitudine

295 4241 618 4309 maximum,
644 4252 700 4299 et
723 4243 898 4300 forma
921 4247 1215 4303 terribilem
1251 4260 1587 4320 serpentem,
1627 4256 1719 4324 qui
1742 4256 1870 4311 ela-

295 4334 418 4403 pide
433 4345 800 4405 prorepserat,
832 4337 987 4407 quasi
1028 4337 1320 4395 collocatus
1374 4339 1567 4397 fuisset
1589 4343 1656 4397 ad
1686 4353 1870 4399 custo-

296 4427 522 4482 diendos
540 4440 760 4494 aureos,
793 4436 850 4483 et
878 4430 1177 4484 conabatur
1213 4445 1402 4487 arcere
1429 4448 1552 4489 eum
1586 4450 1616 4489 a
1647 4450 1704 4490 re
1737 4437 1868 4490 alie-

298 4531 387 4569 ua.
419 4514 513 4569 Ille
537 4531 668 4587 ergo
700 4518 894 4574 timore
919 4531 1225 4592 correptus,
1267 4531 1394 4579 tunc
1420 4524 1639 4594 quidem
1686 4528 1870 4585 vacuis

297 4608 549 4664 manibus
579 4624 832 4667 reversus
868 4621 976 4667 est.
1021 4612 1280 4682 Sequenti
1325 4623 1507 4671 autem
1536 4618 1625 4671 die
1670 4618 1868 4674 iterum

298 4701 468 4770 venit;
494 4710 550 4757 et
567 4716 757 4757 rursus
787 4704 1085 4762 terribilem
1126 4706 1275 4760 illum
1306 4708 1509 4777 reperit
1536 4709 1654 4764 auri
1688 4721 1871 4768 custo-

301 4794 445 4861 dem,
484 4793 772 4849 admodum
814 4794 1101 4866 diligenter
1156 4796 1495 4866 vigilantem,
1529 4798 1781 4870 velutque
1803 4801 1871 4857 ad

303 4884 556 4954 pecunias
575 4884 957 4951 excubantem,
984 4887 1056 4940 ita
1076 4894 1133 4940 ut
1163 4900 1231 4941 ne
1260 4886 1445 4941 liceret
1459 4888 1675 4958 quidem
1690 4892 1868 4948 omni-

299 4992 369 5033 no
411 4978 477 5032 ad
519 4977 751 5048 lapidem
800 4983 1062 5034 accedere
1098 4979 1267 5048 :quin
1302 4978 1464 5034 etiam
1496 4995 1619 5036 cum
1648 4982 1872 5041 adortus

300 5081 465 5136 esset,
499 5071 588 5126 diu
617 5080 671 5126 et
693 5072 894 5125 acriter
923 5085 953 5123 a
985 5080 1237 5138 serpente
1260 5070 1576 5137 insectatus,
1610 5075 1744 5129 satis
1778 5075 1874 5130 ha-

300 5164 481 5218 buitsi
515 5163 601 5217 vel
636 5171 842 5218 tantum
867 5162 1049 5218 salvus
1089 5162 1237 5217 illinc
1264 5161 1561 5218 recederet.
1603 5163 1874 5223 Postridie

302 5256 484 5324 itaque
510 5267 702 5309 rursus
729 5253 905 5323 pergit
927 5253 993 5308 ad
1018 5252 1232 5320 locum;
1267 5262 1322 5308 et
1351 5253 1598 5323 protinus
1612 5256 1874 5317 advolans

1960 2007 2141 2062 μενος,
2182 1987 2342 2055 ἐξιών
2371 2004 2428 2041 τε
2462 1986 2643 2040 πυκνά
2668 1984 2759 2040 διὰ
2794 1982 2889 2039 τοῦ
2916 1982 3229 2039 διακονικοῦ
3267 1983 3361 2037 καὶ
3398 1984 3537 2053 πρὸς

1954 2079 2153 2142 αὐτοὺς
2203 2073 2410 2141 εἰσιὼν,
2440 2075 2550 2130 τῶν
2585 2074 2746 2146 ίερῶν
2776 2073 2960 2146 θηκῶν
2990 2071 3217 2126 ἐκείνων
3247 2072 3539 2143 ἀνεῳγμέ-

1955 2185 2084 2234 νων,
2115 2167 2242 2231 τοὺς
2264 2166 2366 2236 ἤδη
2399 2164 2666 2236 ῥηθέντας
2706 2162 3043 2228 ἑξακοσίους,
3074 2164 3131 2215 ἐν
3166 2162 3313 2231 τρισὶ
3339 2159 3542 2231 βαλαν-

1956 2259 2093 2322 τίοις
2137 2260 2430 2327 κειμένους
2480 2256 2793 2325 ὑφαιρεῖται
2844 2251 3098 2324 χρυσοῦς.
3150 2249 3267 2305 Εῐθ’
3305 2249 3481 2311 οὓτως
3512 2249 3544 2303 ὁ

1963 2352 2061 2423 μὲν
2095 2348 2400 2422 ἡγούμενος
2433 2350 2545 2412 τοῖς
2591 2347 2722 2418 περὶ
2760 2346 3067 2415 Καισάριον
3101 2346 3196 2398 καὶ⁵
3240 2345 3352 2407 τοῖς
3400 2343 3525 2412 ἀμφ

1958 2444 2125 2501 αὐτὸν
2157 2443 2443 2516 προσέχων
2472 2444 2564 2497 τὸν
2594 2440 2742 2507 νοῦν,
2771 2440 2873 2494 οὒκ
2929 2437 3128 2511 ἠσθετο
3172 2436 3269 2491 τοῦ
3310 2452 3547 2505 γεγενη-

1963 2536 2147 2608 μένου.
2192 2534 2401 2589 Ἒωθεν
2424 2533 2480 2587 δὲ
2523 2533 2765 2596 ἀναστάς
2792 2533 2821 2586 ό
2850 2530 3127 2595 Θεόδοτος,
3159 2529 3547 2601 προσεποιεῖτο

1958 2627 2050 2681 τὸν
2075 2624 2447 2696 ὀργιζόμενον,
2473 2624 2569 2677 καὶ
2601 2621 2933 2691 ἀγανακτεῖν
2964 2620 3269 2691 ἐσκήπτετο
3312 2618 3544 2688 σφόδρα.

1960 2714 2215 2783 καθάπερ
2249 2711 2483 2785 ἡσυχίας
2518 2709 2815 2765 ἀπολαύειν
2844 2706 2992 2778 αὐτῷ
3021 2705 3097 2778 μὴ
3121 2704 3317 2778 παρόν.
3350 2703 3548 2757 Ἔνθεν

1959 2827 2043 2864 τοι
2072 2807 2168 2863 καὶ
2198 2806 2562 2861 ἀπανίσταται
2601 2803 2697 2858 τοῦ
2745 2802 3113 2877 μοναστηρίου
3140 2814 3154 2831 ⁸
3195 2798 3273 2871 τῷ
3316 2798 3414 2869 μὲν
3462 2797 3557 2850 δοῖ

1965 2903 2102 2964 κεῖν,
2152 2897 2419 2969 ἐπιθυμίᾳ
2469 2895 2711 2967 καθαροῦ
2786 2893 3034 2965 θορύϐων
3081 2891 3316 2964 χωρίουο
3365 2892 3433 2961 τῇ
3489 2889 3551 2945 δέ

1961 2990 2214 3062 ἀληθείᾳ,
2270 2989 2474 3060 σπουδῇ
2528 2987 2621 3041 τοῦ
2650 2986 2834 3040 λαθεῖν
2865 2984 3060 3039 ἐαυτόν
3100 2999 3157 3036 τε
3186 2983 3280 3036 καὶ
3314 2980 3376 3034 τὸ
3408 2997 3549 3051 χρυ-

1964 3084 2079 3139 σίον
2133 3081 2419 3151 ἀφανίσαι.
2458 3078 2760 3151 Ὀρμηθεὶς
2812 3077 2994 3131 τοίνυν
3046 3075 3183 3147 πρὸς
3237 3073 3337 3146 τὴν
3380 3072 3550 3141 ἁγίαν

1965 3177 2141 3244 πόλιν,
2177 3176 2272 3230 καὶ
2299 3178 2398 3247 τῆς
2456 3174 2545 3229 ἐπ’
2577 3174 2749 3245 αὐτὴν
2801 3171 3032 3244 πορείας
3064 3170 3365 3240 ἁψάμενος,
3393 3169 3553 3221 ἐπει-

1965 3276 2061 3330 δάν
2090 3274 2188 3344 τῆς
2225 3270 2321 3326 τοῦ
2371 3268 2610 3342 μοναχοῦ
2641 3267 2958 3339 Μαρτυρίου
2994 3266 3163 3338 μονῆς
3201 3264 3430 3335 ἀντικρὺ
3456 3262 3554 3332 γέ-

1966 3382 2133 3431 νοιτο,
2160 3362 2392 3425 καθίσας
2414 3361 2618 3431 ἡρέμα,
2645 3358 2741 3413 καὶ
2776 3357 2841 3412 τὰ
2864 3357 3126 3429 βαλάντια
3157 3356 3272 3420 θεὶς
3315 3356 3413 3408 ἐπὶ¹
3440 3354 3555 3409 τῶν

1967 3456 2236 3527 γονάτων,
2283 3453 2378 3505 καὶ
2410 3452 2749 3522 πεντήκοντα
2791 3448 2883 3503 τὸν
2936 3446 3169 3521 ἀριθμὸν
3193 3445 3430 3518 χρυσοῦς
3459 3447 3557 3517 ἀφ’

1967 3548 2088 3614 ἐνὸς
2118 3547 2324 3602 τούτων
2375 3543 2582 3607 λαϐὼν,
2634 3542 2818 3615 τίθησι
2850 3542 2978 3605 τοὺς
3006 3540 3227 3605 λοιποὺς
3272 3539 3380 3593 ύτιδ
3419 3539 3556 3611 λίθῳ

1968 3641 2076 3696 τινὶ
2105 3639 2327 3712 μεγάλῳ
2345 3652 2362 3670 ο
2396 3634 2608 3691 καὶτὸν
2636 3634 2803 3688 τόπον
2837 3633 2999 3702 ἐπιση
3011 3630 3207 3704 μήνας,
3230 3629 3326 3684 καὶ
3355 3628 3550 3698 γνώριο

1972 3749 2072 3807 μον
2117 3730 2194 3796 ὡς
2238 3729 2367 3801 ἐνῆν
2402 3726 2580 3798 ἐαυτῷ
2619 3725 2870 3797 θέμενος,
2924 3723 3057 3778 εύθὺ
3100 3723 3209 3777 τῶν
3250 3720 3548 3793 Ἱεροσολύ-

1979 3841 2096 3895 μων
2134 3822 2332 3894 ἐχώρει
2352 3837 2367 3853 ’
2400 3819 2611 3873 ἐκεῖθεν
2636 3818 2693 3872 δέ
2722 3818 2857 3889 πρὸς
2896 3816 3144 3888 Ἰόππην.

2044 3913 2214 3970 PAB’.
2248 3912 2455 3980 Ἀλογα
2483 3908 2587 3984 [δέ]
2633 3908 3075 3982 μισθωσάμενος,
3122 3908 3219 3963 καὶ
3250 3907 3555 3979 ἀρραϐῶνα

1973 4005 2327 4071 καταϐαλὼν,
2362 4004 2617 4059 ἐπάνεισι
2651 3999 2789 4073 πρὸς
2812 4001 2906 4056 τδν
2935 4000 3107 4069 λίθον,
3131 3999 3222 4070 ὑφ’
3249 3993 3293 4069 ᾧ
3318 3999 3378 4054 τὸ
3419 4018 3554 4072 χρυο

1972 4097 2087 4151 σίον
2138 4094 2466 4167 ἐκρύπτετο.
2532 4092 2644 4147 Καὶ
2700 4091 2929 4160 πλησίον
2967 4091 3071 4163 ἥδη
3123 4089 3419 4160 γενόμενος
3469 4089 3559 4162 (ὣ

1972 4185 2150 4239 πάντα
2174 4182 2467 4253 βλέποντος
2496 4178 2779 4251 ὀφθαλμοῦ
2808 4182 2822 4235 l
2862 4177 2909 4233 ὣ
2951 4176 3240 4249 κριμάτων
3276 4178 3557 4231 δικαιοτά-

1971 4292 2082 4329 των
2105 4273 2175 4339 I),
2209 4275 2315 4345 ὁρᾷ
2344 4290 2465 4327 τινα
2492 4271 2586 4326 τοῦ
2612 4270 2762 4324 λίθου
2806 4256 3041 4341 μεγέθει
3063 4267 3322 4341 μέγιστον
3367 4267 3465 4322 καὶ⁸
3488 4270 3559 4339 τῇ

1980 4368 2163 4440 μορφῇ
2207 4365 2439 4437 φοϐερὸν
2471 4361 2852 4435 ἐξερπύσαντα
2877 4362 3025 4433 ὅφιν,
3070 4353 3324 4431 καθάπερ
3352 4359 3559 4429 φυλάτ-

1970 4474 2085 4511 τειν
2112 4458 2238 4520 τοὺς
2266 4455 2505 4529 χρυσοῦς
2533 4453 2891 4523 τεταγμένον,
2938 4451 3035 4505 καὶ
3068 4450 3361 4523 ἀπείργειν
3393 4449 3562 4503 αὐτὸν

1901 4569 1946 4624 ι)
1974 4546 2325 4619 πειρώμενον
2356 4545 2684 4617 πράγματος
2716 4541 3023 4613 ἀλλοτρίου.
3065 4541 3259 4603 Δείσας
3293 4536 3387 4593 οῦν
3413 4541 3561 4593 ἐκεῖ·

1978 4655 2089 4704 νος,
2128 4635 2434 4706 τηνικαῦτα
2467 4635 2565 4705 μὲν
2610 4634 2799 4696 κεναῖς
2835 4629 3065 4703 ἐπανῄει
3107 4626 3287 4700 χερσί.
3324 4628 3559 4681 Κάτεισι

1976 4726 2034 4780 δέ
2065 4725 2231 4780 πάλιν
2266 4725 2347 4789 είς
2372 4724 2473 4796 τὴν
2507 4722 2670 4793 ἑξῆς*
2713 4721 2810 4776 καὶ⁸
2861 4719 3027 4775 πάλιν
3048 4717 3297 4788 εὑρίσκει
3323 4716 3418 4770 τὸν
3461 4732 3562 4786 φο-

1978 4816 2140 4888 ϐερὸν
2183 4817 2393 4870 ἐκεῖνον
2422 4812 2519 4867 τοῦ
2550 4811 2753 4885 χρυσοῦ
2788 4809 3025 4881 φύλακα,
3062 4807 3406 4879 ἐγρηγορότα
3436 4806 3563 4861 λίαν

1978 4907 2279 4979 ἐπιμελῶς,
2314 4907 2411 4960 καὶ
2432 4900 2547 4959 οἷον
2585 4900 3043 4972 ἐπαγρυπνοῦντα
3069 4900 3148 4966 τῷ
3172 4900 3440 4969 χρήματι,
3480 4898 3562 4963 ὡς

1982 4998 2117 5069 μηδὲ
2149 4996 2471 5067 πλησιάσειν
2500 4996 2519 5036 ί
2556 4995 2693 5057 ὅλως
2726 4992 2925 5057 ἐξεῖναι
2952 4989 3032 5059 τῷ
3076 4988 3211 5060 λίθῳ
3230 5004 3245 5019 ο
3281 4987 3418 5042 ἀλλὰ
3461 4989 3561 5042 καὶ

1980 5089 2361 5162 προσϐαλόντα
2414 5088 2714 5159 διωχθῆναι
2777 5083 3046 5145 συντόνως
3091 5079 3197 5135 om
3240 5078 3333 5133 τοῦ
3379 5078 3561 5148 ὄφεως

1980 5180 2108 5252 ἄχρι
2149 5177 2367 5242 πολλοῦ,
2397 5178 2492 5230 καὶ
2519 5177 2806 5248 ἀγαπῆσαι
2829 5174 2945 5243 είγε
2967 5172 3064 5227 καὶ
3095 5171 3256 5243 μόνον
3293 5167 3309 5220 i
3361 5169 3559 5235 σωθεὶς

1984 5271 2197 5327 ἐκεῖθεν
2243 5271 2676 5340 ἀναχωρήσειεν.
2742 5270 2857 5339 Τῆς
2904 5263 3037 5335 γοῦν
3082 5261 3408 5334 ύστεραίας,
3449 5262 3561 5332 ἀφ-

299 5349 546 5417 quaedam
572 5347 745 5401 virtus
784 5360 969 5413 aerea,
1024 5362 1145 5401 cum
1194 5347 1356 5403 veluti
1401 5349 1609 5405 clavam
1642 5351 1860 5423 aliquan

1985 5365 2216 5417 ικνεῖται
2253 5363 2346 5416 καὶ
2372 5360 2528 5423 αὖθις
2563 5360 2657 5413 ἐπὶ
2689 5358 2782 5413 τὸν
2828 5358 3026 5412 τόπον·
3076 5356 3170 5411 καὶ
3212 5353 3561 5425 παραχρῆμα

299 5439 620 5494 incussisset
664 5436 969 5506 Theodoto,
1022 5439 1345 5511 plagamque
1395 5443 1774 5513 gravissimam
1827 5448 1876 5505 ei

299 5532 607 5597 indixisset,
639 5531 788 5586 illum
819 5532 1039 5601 quidem
1074 5535 1291 5601 evertit,
1320 5545 1377 5591 et
1400 5535 1877 5595 lethaliteradmo-

300 5627 427 5682 dum
455 5639 514 5683 se
543 5625 830 5681 habentem
880 5623 1249 5698 humidejicit.
1295 5627 1523 5697 Quidam
1554 5640 1734 5686 autem
1768 5630 1877 5687 La-

1977 5451 2207 5524 δύναμίς
2230 5469 2314 5514 τις
2347 5450 2596 5522 ἐναέριος
2634 5450 2936 5513 ἐπιπτᾶσα,
2985 5448 3081 5502 καὶ
3118 5444 3309 5518 ὥσπερ
3334 5445 3442 5500 τινὶ
3469 5445 3560 5515 po-

1984 5542 2141 5613 πάλῳ
2172 5540 2265 5595 τοῦ
2302 5541 2556 5595 Θεοδότου
2585 5540 3012 5610 κατενεγκοῦσα,
3042 5541 3139 5596 καὶ
3170 5538 3383 5611 πληγὴν
3406 5535 3559 5607 αὐτῷ

1977 5635 2200 5706 καιρίαν
2231 5631 2538 5703 ἐντείνασα,
2570 5633 2779 5689 ἐκεῖνον
2806 5632 2908 5704 μὲν
2939 5630 3259 5704 ἀνατρέπει,
3289 5629 3387 5686 καὶ
3408 5626 3547 5681 πολὺ

1603 5748 1693 5806 VA
1703 5747 1840 5805 BHE
1902 5746 2315 5805 LECTIONES.

383 5862 403 5906 ι
436 5860 510 5918 al.
539 5862 861 5937 πλησιάσαι.
943 5864 958 5918 i
1000 5866 1069 5923 al.
1100 5867 1258 5932 ὅλως.
