3846 6524
292 451 402 516 709

1518 438 1695 500 VITA
1874 435 2289 498 EUTHYMII.

3471 426 3580 493 710

294 573 358 623 τὸ
383 566 656 640 νεκρῶδες
679 563 896 636 ἔχοντα,
929 564 996 636 τῇ
1030 565 1101 635 γῇ
1141 560 1490 617 καταϐάλλει.
1522 555 1879 628 Λαζαριώται

2008 555 2203 611 .ariotze
2234 568 2359 610 cum
2393 553 2732 611 transeundo
2792 550 3365 621 advenissent,sieque
3382 548 3582 607 misere

293 659 350 712 δέ
376 674 522 722 τινες
574 658 639 711 ὲκ
668 654 765 711 τοῦ
805 655 1152 727 παρήκοντος
1192 650 1537 716 ἐπιστάντες,
1572 649 1667 702 καὶ
1708 645 1883 710 οὕτως

297 749 636 823 ἐρριμμένον
691 747 895 813 ἀθλίως
943 747 1197 820 εὑρόντες
1243 745 1342 799 καὶ
1389 743 1562 815 χαμαὶ
1604 741 1882 810 κείμενον,

295 842 750 915 ἀναλαμϐάνουσί
787 859 848 898 τε
900 840 997 896 καὶ
1045 841 1126 905 είς
1152 839 1215 893 τὸ
1247 838 1388 893 κατὰ
1413 836 1514 909 τὴν
1535 835 1698 906 ἁγίαν
1729 832 1885 886 πόλιν

297 939 649 1008 νοσοκομεῖον
685 936 1026 1006 κομίζουσιν.

368 1031 541 1089 PM".
589 1030 802 1087 Ἐκεῖσε
864 1030 1047 1085 τοίνυν
1095 1031 1189 1085 ἐπὶ
1235 1029 1371 1085 πολὺ
1411 1028 1703 1099 κείμενος,
1752 1024 1885 1095 δναρ

256 1124 265 1131 “
297 1125 404 1196 δρᾷ
446 1140 568 1177 τινα
598 1121 915 1193 πρεσϐύτην
940 1121 1089 1193 αὐτῷ
1112 1121 1533 1194 χαλεπαίνοντα,
1570 1119 1691 1185 καὶ,
1728 1116 1890 1172 Ἀνα-

303 1215 499 1287 στῆναί
539 1233 601 1268 σε
625 1215 803 1280 ἄλλως
832 1216 935 1269 ούκ
986 1214 1090 1283 ενι,
1133 1216 1383 1285 λέγοντα,
1426 1216 1474 1268 εί
1531 1211 1696 1285 μὴτὸ
1721 1211 1887 1281 ὑφαι-

303 1311 465 1383 ρεΘὲν
488 1310 678 1382 χρῆμα
708 1310 977 1381 πρότερον
1013 1312 1082 1381 τῇ
1121 1309 1218 1364 τοῦ
1259 1308 1536 1380 Εὐθυμίου
1585 1309 1719 1379 μονῇ
1755 1307 1888 1361 ἁπο-

301 1402 469 1475 δῴης.
525 1403 1043 1474 Μεταστειλάμενος
1084 1401 1178 1457 οὖν
1218 1401 1429 1457 ἐκεῖθεν
1469 1400 1560 1455 τὸν
1592 1398 1884 1468 πανδοχέα,

301 1497 405 1568 τήν
435 1513 495 1550 τε
518 1495 729 1569 κλοπὴν
754 1495 1033 1567 ὁμολογεῖ,
1057 1496 1155 1551 καὶ
1182 1494 1276 1549 τὸν
1307 1493 1457 1548 δόλον
1488 1490 1888 1568 ἀνακαλύπτει,

308 1588 408 1642 καὶ
438 1588 540 1660 τὴν
568 1587 958 1661 κρυπτομένην
995 1587 1134 1652 τέως
1163 1586 1348 1643 αἰτίαν
1374 1587 1477 1657 τῆς
1499 1588 1567 1640 ὲκ
1590 1584 1684 1640 τοῦ
1723 1601 1890 1657 μοναρ

311 1678 537 1750 στηρίου
586 1680 993 1751 ἀναχωρήσεως
1034 1677 1351 1749 δημοσιεύει
1404 1678 1501 1731 καὶ
1542 1677 1682 1747 φωτὶ
1732 1675 1890 1729 δίδω-

306 1786 394 1822 σιν
423 1769 681 1840 ἀληθείας
709 1786 724 1801 ·
759 1771 910 1835 ὅπως
954 1786 1015 1823 τε
1048 1768 1154 1824 ὑπὸ
1183 1768 1317 1841 λίθῳ
1341 1768 1450 1822 τινὶ
1480 1766 1775 1822 κατάθοιτο
1799 1763 1891 1818 τὸν

302 1860 533 1930 χρυσὸν,
569 1864 663 1915 καὶ
694 1860 845 1926 ὅπως
887 1860 1052 1915 αὑτὸν
1087 1858 1462 1932 προσϐαλόντα
1496 1857 1759 1921 πολλάκις
1797 1856 1891 1911 καὶ

303 1952 595 2009 ἀνελέσθαι
624 1953 992 2024 πειρώμενον,
1017 1953 1213 2024 πρῶτα
1256 1952 1356 2022 μὲν
1384 1949 1530 2020 δφις,
1572 1949 1804 2021 φοϐερὸς
1832 1947 1894 2005 τὺ
1924 1933 1966 1990 Β

307 2043 540 2114 μέγεθος
587 2043 719 2097 αὐτὸ
769 2042 866 2097 καὶ
913 2042 975 2096 τὸ
1026 2039 1190 2110 εἶδος,
1248 2041 1559 2114 ἑξερπύσας
1598 2039 1694 2094 τοῦ
1744 2040 1894 2093 λίθου

306 2134 631 2206 παραδόξως
660 2135 964 2207 ἀπήλασεν,
990 2135 1183 2191 ἔπειτα
1205 2135 1262 2189 δέ
1299 2136 1383 2201 τίς
1412 2135 1578 2189 ποθεν
1606 2134 1699 2188 καὶ
1730 2131 1895 2189 δύνα-

308 2245 404 2298 μις
427 2228 881 2292 ὲπικαταπτᾶσα,
910 2227 1053 2282 οὕτω
1080 2226 1362 2300 διέθηκεν.

377 2317 544 2374 PAA'.
572 2319 759 2373 Ταῦτα
796 2317 1061 2389 μαθόντες
1091 2318 1143 2371 σί
1177 2320 1308 2389 περὶ
1327 2318 1421 2371 τὸν
1441 2315 1745 2389 ἡγούμενον
1775 2313 1896 2370 Θω-

308 2414 420 2484 μᾶν
451 2412 549 2468 καὶ
583 2412 862 2478 Λεόντιον,
895 2411 1222 2483 άνὲρχονται
1256 2411 1397 2482 πρὸς
1422 2411 1521 2482 τὴν
1545 2409 1706 2478 ἁγίαν
1740 2407 1897 2462 πόλιν

307 2505 494 2574 εὐθὺς,
523 2504 619 2560 καί
645 2522 751 2560 τινι
781 2505 988 2576 φορείῳ
1015 2505 1107 2558 τὸν
1132 2503 1388 2558 Θεόδοτον
1419 2501 1728 2567 ἐπιθέντες,
1753 2501 1896 2558 ὥστε

313 2597 587 2665 δποδετξαι
621 2597 712 2651 τὸν
742 2596 907 2652 τόπον
939 2596 1147 2663 αὐτοῖς,
1180 2596 1271 2666 ὑφ’
1318 2595 1378 2649 ὃν
1429 2597 1458 2650 ό
1504 2595 1708 2667 χρυσὸς
1765 2592 1901 2664 κρύ-

311 2702 520 2753 πτοιτο,
548 2685 864 2757 εὑρίσκουσι
899 2685 1000 2758 μὲν
1035 2685 1200 2741 αὑτὸν
1228 2684 1336 2739 ὑπὸ
1361 2685 1440 2757 τῷ
1461 2685 1594 2753 λίθῳ
1611 2684 1860 2756 κείμενον
1878 2697 1896 2714 ⁹

308 2781 337 2834 6
366 2779 426 2834 δὲ
457 2780 686 2852 φρικτδς
705 2781 916 2846 ἐκεῖνος
955 2780 1132 2851 φύλαξ
1160 2779 1244 2854 (ὣ
1274 2779 1367 2834 τοῦ
1405 2779 1684 2850 θαύματος
1704 2779 1771 2850 ι),
1808 2778 1901 2833 οὑ-

307 2871 488 2944 δαμοῦ
507 2888 521 2901 ·
559 2872 817 2945 καθάπερ
857 2874 971 2938 τοῖς
997 2872 1275 2944 ἀληθινοῖς
1301 2874 1593 2940 δεσπόταις
1622 2874 1773 2941 εἴξας
1802 2873 1899 2929 τοῦ

310 2964 615 3038 θησαυροῦ.
671 2965 886 3021 Αὐτίκα
926 2964 1082 3035 γοῦν,
1120 2966 1171 3020 oi
1203 2967 1303 3038 μὲν
1328 2965 1456 3030 τοὺς
1488 2967 1723 3040 χρυσοῦς
1748 2969 1903 3023 ἀναι-

318 3058 567 3131 ροῦνται,
614 3058 789 3129 μικρὰ
829 3058 939 3113 τῶν
972 3058 1078 3112 ὑπὸ
1124 3058 1382 3114 Θεοδότου
1414 3060 1516 3131 ἤδη
1563 3059 1903 3130 δαπανηθέν-

310 3168 423 3205 των
458 3151 848 3223 φροντίσαντες
871 3166 885 3182 ο
928 3151 1092 3215 αὐτὸς
1121 3150 1199 3219 δὲ,
1231 3151 1421 3208 κακῶν
1449 3146 1519 3224 ἦν
1566 3153 1783 3224 ἀπαθὴς
1807 3153 1902 3208 καὶ

313 3243 486 3314 ὑγιῶς
511 3243 652 3315 ἔχων
679 3244 774 3298 τοῦ
801 3243 1075 3315 σώματος.

387 3334 560 3392 PAE'.
590 3337 693 3391 Τὸν
724 3337 825 3408 μὲν
854 3332 949 3391 οὖν
996 3338 1201 3407 Θωμᾶν
1241 3337 1431 3408 ὄγδοον
1459 3338 1579 3403 ἔτος
1603 3339 1703 3409 τῆς
1730 3338 1905 3393 Εὐθυ-

317 3431 448 3503 μίου
503 3430 671 3501 μονῆς
722 3429 1098 3500 ἡγησάμενον,
1158 3431 1391 3504 πέμπτῃ
1432 3431 1527 3486 ἐπὶ
1570 3433 1685 3494 τοῖς
1728 3431 1904 3484 εἴκοσι

312 3520 414 3577 τοῦ
445 3520 694 3592 Μαρτίου
746 3522 942 3593 μηνὸς,
990 3520 1382 3593 ἑϐδομηκοστῷ
1414 3523 1553 3594 μετὰ
1589 3522 1689 3593 τὴν
1736 3522 1906 3575 Εὐθυ-

317 3614 449 3684 μίου
480 3613 747 3685 ἐκδημίαν
781 3610 1036 3683 ἐνιαυτῷ,
1071 3611 1475 3684 φιλανθρώπως
1502 3612 1531 3653 ιι
1561 3614 1591 3667 ὁ
1625 3614 1905 3684 Δεσπότης

314 3707 427 3761 τῶν
452 3705 585 3778 τῇδε
623 3704 1040 3777 μετακαλεῖται.
1064 3704 1321 3768 Λεόντιος
1347 3704 1406 3759 δὲ
1458 3706 1577 3776 μετ’
1606 3705 1772 3760 αὐτὸν
1809 3706 1907 3777 τὴν

314 3798 420 3867 τῆς
443 3797 613 3869 μονῆς
638 3796 977 3870 προστασίαν
1021 3796 1448 3868 παραλαμϐάνει
1471 3813 1487 3829 ο
1527 3796 1620 3868 ὑφ’
1646 3792 1708 3852 οὗ
1754 3800 1851 3853 καὶ
1879 3800 1909 3853 ὁ

316 3892 509 3962 γραφῇ
531 3890 705 3944 ταῦτα
739 3888 1019 3961 παραδοὺς
1057 3889 1191 3958 ἐγὼ,
1228 3888 1309 3961 τῷ
1337 3889 1449 3945 τῶν
1491 3889 1739 3960 ἀδελφῶν
1761 3890 1908 3963 χορῷ

315 3983 422 4054 τῆς
463 3983 725 4055 τοιαύτης
771 3982 1013 4055 ποίμνης
1060 3983 1534 4056 ἐγκαταλέγομαι.
1583 3985 1653 4038 ’Δ
1684 3985 1784 4057 μὲν
1816 3983 1909 4041 οὖν

318 4076 454 4148 περὶ
482 4074 578 4131 τοῦ
611 4073 876 4148 θεοφόρου
904 4074 1101 4130 τούτου
1130 4074 1227 4129 καὶ
1266 4074 1585 4147 θαυμαστοῦ
1632 4076 1910 4148 Εὐθυμίου

321 4171 374 4222 οἱ
420 4168 668 4240 Πατὲρες
709 4167 1041 4240 διηγήσαντό
1093 4184 1208 4238 μοι,
1253 4168 1397 4224 κατὰ
1437 4170 1529 4224 τὸν
1569 4168 1711 4225 θεῖον
1745 4170 1911 4240 φάναι

1991 654 2319 717 prostratum
2340 645 2690 718 reperissent,
2713 652 2770 701 et
2796 644 2943 701 humi
2968 644 3260 715 jacentem,
3283 642 3577 708 accipiunt,

1992 748 2161 810 atque
2188 738 2440 796 deferunt
2469 739 2526 796 in
2562 737 2938 796 nosoeomium
2976 748 3182 793 sanet-.e
3212 735 3471 792 civitatis.

2065 1026 2356 1085 CXXXIII.
2410 1026 2544 1081 Dum
2589 1024 2699 1081 illic
2752 1025 2937 1096 itaque
2982 1023 3074 1079 diu
3114 1022 3279 1094 jacet,
3334 1022 3483 1077 videt
3525 1022 3579 1077 in

1996 1119 2203 1176 somnis
2230 1119 2519 1188 quemdam
2548 1131 2733 1171 senem
2766 1116 2813 1170 ei
2843 1123 3284 1178 succensentem,
3318 1120 3373 1167 et
3395 1113 3583 1166 dicen-

1995 1220 2106 1268 tem
2142 1231 2156 1268 :
2188 1210 2308 1269 Non
2337 1210 2495 1267 aliter
2539 1210 2635 1266 tibi
2676 1210 2802 1265 licet
2845 1222 3091 1279 surgere,
3130 1207 3235 1261 nisi
3275 1215 3581 1274 surreptam

1997 1304 2287 1376 pecuniam
2314 1304 2510 1360 reddas
2531 1304 2683 1373 prius
2711 1301 2985 1374 Euthymii
3012 1299 3368 1356 monasterio.
3403 1299 3583 1363 Quare

1998 1398 2266 1455 arcessito
2288 1398 2483 1454 exinde
2505 1396 2801 1451 Pandocbii
2827 1394 3105 1465 praefecto,
3144 1400 3255 1446 tum
3292 1390 3585 1446 conﬁtetur

1998 1492 2227 1561 furtum,
2254 1502 2369 1546 tum
2395 1490 2576 1546 dolum
2603 1488 2799 1559 aperit,
2842 1496 2955 1542 tum
3007 1500 3230 1540 causam
3266 1498 3516 1539 recessus
3551 1496 3584 1535 e

1999 1586 2331 1643 monasterio
2393 1593 2521 1640 tunc
2550 1584 2820 1639 occultam
2877 1580 3127 1651 propalat
3172 1578 3491 1649 profertque
3528 1577 3586 1631 in

1999 1679 2174 1736 lucem
2199 1678 2480 1742 veritatis,
2517 1687 2574 1733 et
2605 1677 3057 1746 quemadmodum
3099 1674 3202 1728 sub
3234 1675 3468 1742 quodam
3506 1672 3586 1724 la-

1999 1772 2125 1841 pide
2165 1787 2357 1826 aurum
2387 1772 2738 1841 deposuerit,
2764 1778 2930 1838 utque
2963 1782 3111 1833 eum,
3148 1781 3292 1835 saepe
3319 1766 3585 1820 acceden-

2004 1873 2112 1920 tem
2147 1872 2560 1933 tentantemque
2587 1861 2824 1926 auferre,
2855 1860 3033 1931 primo
3082 1860 3298 1931 quidem
3336 1871 3581 1926 serpens.

2000 1968 2106 2012 tam
2135 1956 2504 2028 magnitudine
2545 1969 2706 2023 quam
2755 1961 2975 2024 aspectu
3004 1949 3387 2014 formidabilis,
3423 1963 3454 2002 e
3502 1946 3582 2001 Ia-

1998 2050 2124 2120 pide
2166 2064 2486 2119 prorepens,
2516 2047 2912 2103 admirabiliter
2956 2045 3328 2115 inepinantem
3358 2040 3583 2111 expule-

1998 2143 2107 2208 rit;
2139 2143 2338 2197 deinde
2365 2156 2494 2197 vero
2538 2142 2785 2213 quaedam
2814 2139 2988 2195 virtus
3021 2137 3273 2194 alicunde
3299 2134 3586 2200 advolans,

2000 2236 2083 2291 sic
2123 2235 2388 2290 aifeeerit.

2071 2325 2359 2383 CXXXIV.
2403 2324 2500 2382 His
2527 2323 2824 2394 compertis
2878 2320 3201 2394 praepositus
3262 2320 3501 2374 Thomas
3533 2326 3589 2372 et

2001 2418 2279 2486 Leontius,
2338 2422 2641 2474 ascendunt
2682 2418 2869 2474 statim
2907 2419 2972 2471 ad
2994 2425 3238 2473 sanetam
3286 2415 3588 2478 civitatem,

1999 2514 2135 2570 etin
2166 2513 2401 2583 quodam
2438 2513 2689 2569 vehiculo
2729 2512 3076 2567 Theodotum
3136 2511 3495 2579 imponentes,
3531 2515 3593 2558 ut

1999 2605 2082 2661 eis
2109 2606 2419 2661 ostenderet
2466 2605 2642 2660 locum
2677 2607 2778 2661 sub
2810 2620 2918 2675 quo
2959 2619 3152 2658 aurum
3184 2602 3423 2656 abditum
3449 2608 3592 2663 erat,

2003 2698 2133 2752 illud
2153 2697 2370 2768 quidem
2408 2698 2694 2752 inveniunt
2717 2700 2818 2752 sub
2846 2696 3023 2767 lapide
3054 2694 3325 2765 positum;
3362 2693 3591 2746 horren—

2002 2792 2103 2847 dus
2150 2801 2331 2845 autem
2390 2789 2480 2846 ille
2530 2799 2717 2846 custos
2775 2788 2831 2860 (ο
2879 2782 3258 2856 miraculum!)
3315 2798 3607 2857 nusquam

2003 2884 2225 2951 aderat;
2263 2891 2320 2938 ut
2357 2887 2448 2953 qui
2472 2883 2636 2939 veluti
2664 2882 2810 2938 veris
2844 2879 3080 2937 dominis
3108 2879 3368 2933 thesauro
3398 2874 3598 2930 cessis-

2005 2986 2109 3033 set.
2151 2976 2350 3032 Statim
2397 2992 2527 3049 ergo
2568 2976 2647 3031 illi
2699 2976 2916 3046 quidem
2975 2973 3170 3029 tollunt
3221 2984 3439 3034 aureos,
3483 2982 3590 3021 non

2008 3067 2234 3123 multum
2262 3067 2480 3124 solliciti
2505 3067 2572 3123 de
2587 3067 2653 3123 iis
2668 3068 2757 3138 qui
2777 3082 2808 3121 a
2834 3066 3117 3121 Theodoto
3144 3062 3448 3130 consumpti
3474 3058 3593 3113 fue-

2008 3169 2167 3228 rant;
2201 3162 2315 3231 ipse
2344 3175 2493 3228 vero,
2531 3158 2919 3230 niltilamplius
2951 3157 3077 3212 mali
3104 3155 3402 3224 sentiebat,
3428 3168 3593 3209 sano-

1930 3274 1975 3333 c
2006 3268 2115 3324 que
2146 3263 2265 3307 erat
2289 3266 2541 3321 corpore.

2074 3339 2347 3399 CXXXV.
2386 3344 2557 3400 Porro
2587 3341 2878 3410 Thomam,
2906 3339 2998 3411 qui
3036 3348 3160 3395 octo
3194 3351 3366 3393 annos
3397 3335 3595 3406 Euthy-

2008 3438 2103 3492 mii
2137 3437 2429 3507 praefuerat
2455 3435 2811 3499 monasterio,
2842 3433 3105 3488 vicesimo
3153 3432 3344 3501 quinto
3387 3430 3597 3483 mensis

2007 3531 2211 3597 Martii,
2248 3545 2393 3584 anno
2438 3538 2557 3599 post
2604 3527 2876 3598 Eutltymii
2924 3542 2990 3580 ex
3020 3525 3123 3579 hac
3152 3524 3259 3578 rita
3288 3522 3591 3578 discessum

2007 3620 2407 3693 septuagesimo
2425 3621 2561 3693 (85),
2602 3620 2898 3675 clementer
2932 3618 3189 3673 Dominus
3216 3616 3343 3671 hinc
3377 3625 3597 3671 evocat.

2007 3715 2266 3772 Leontius
2295 3725 2475 3771 autem
2506 3724 2629 3786 post
2652 3729 2776 3769 eum
2810 3713 3032 3782 suscipit
3063 3713 3443 3782 praefecturam
3472 3726 3594 3766 mo-

2012 3809 2276 3877 nasterii;
2307 3808 2340 3864 it
2370 3823 2476 3879 quo
2505 3822 2629 3878 ego,
2673 3807 2765 3877 qui
2799 3806 2914 3862 haec
2943 3805 3162 3874 scriptis
3203 3803 3477 3870 mandavi,
3512 3818 3598 3857 re-

2014 3903 2160 3959 feror
2176 3901 2557 3974 in_catalogum
2580 3899 2695 3973 (86)
2715 3909 3026 3968 canumque
3040 3897 3270 3953 fratrum
3301 3897 3448 3951 illius
3476 3909 3599 3966 gre-

2011 3994 2113 4065 gis.
2142 3992 2271 4061 Qua:
2305 3992 2469 4064 igitur
2498 3992 2565 4046 de
2594 3992 2698 4046 hoc
2727 3989 2987 4046 divinitus
3011 3987 3189 4044 amato
3205 3995 3261 4043 et
3280 3985 3595 4042 admirabili

2014 4086 2300 4158 Euthymio
2331 4085 2525 4141 Patres
2571 4084 2706 4140 mihi
2748 4089 3134 4149 narraverunt,
3169 4090 3227 4136 ut
3259 4094 3382 4136 eum
3415 4078 3602 4134 divino

2017 4178 2220 4235 Davide
2242 4178 2482 4249 loquar:
2523 4175 2648 4232 Non
2687 4176 2947 4232 occultavi
2984 4192 3016 4230 a
3041 4176 3169 4244 ﬁliis
3220 4189 3401 4229 eorum
3427 4173 3480 4226 in
3506 4188 3597 4241 ge-

321 4262 510 4330 Δαϐὶδ,
559 4264 683 4318 Οὐκ
734 4260 1061 4331 ἀπέκρυψα
1105 4262 1226 4318 ἀπὸ
1258 4260 1382 4318 τῶν
1433 4264 1662 4319 τέκνων
1710 4263 1897 4319 αὐτῶν

2016 4274 2289 4327 ueratione
2305 4271 2472 4327 altera
2490 4272 2556 4329 ”.
2590 4270 2815 4342 Oportet
2857 4279 3039 4324 autem
3086 4269 3311 4324 omnino
3339 4279 3403 4322 ea
3434 4267 3599 4320 etiam

319 4358 411 4424 είς
443 4356 661 4426 γενεὰν
699 4355 934 4425 ἑτέραν.
974 4357 1067 4409 Δεῖ
1093 4355 1152 4409 δὲ
1185 4356 1408 4419 πάντως
1440 4357 1535 4412 καὶ
1561 4358 1631 4412 τὰ
1657 4357 1745 4410 ἐπ’
1776 4355 1897 4427 ἐμοί

2013 4381 2137 4437 quae
2163 4382 2285 4424 meo
2307 4374 2547 4437 tempore
2576 4373 2893 4426 evenerunt,
2938 4378 3043 4418 non
3079 4362 3403 4433 despicere;
3432 4358 3600 4413 bene-

320 4450 590 4520 γεγονότα
619 4450 697 4521 μὴ
728 4449 978 4522 παριδεῖν
1002 4466 1018 4482 ·
1051 4449 1161 4505 τῶν
1190 4449 1662 4521 εύεργετηθέντων
1694 4450 1778 4504 ἔτι
1814 4468 1897 4504 πε·

2016 4461 2139 4517 ﬁcio
2163 4458 2375 4515 all‘ectis
2426 4459 2608 4513 adhuc
2653 4457 3069 4528 superstitibus,
3119 4464 3174 4510 et
3211 4456 3278 4510 ad
3324 4454 3443 4525 ipsa
3482 4468 3603 4523 quae

323 4544 579 4611 ριόντων,
612 4542 711 4596 καὶ
757 4544 871 4606 τοῖς
925 4542 1326 4613 πραττομένοις
1370 4541 1555 4606 αὐτοῖς
1609 4541 1897 4613 παρόντων⁴

2019 4553 2154 4607 ﬁunt
2177 4552 2563 4622 praesentibus,
2590 4552 2979 4621 propriumque
3037 4548 3294 4604 intuitum
3327 4563 3425 4615 pro
3465 4555 3603 4601 teste

324 4636 425 4688 καὶ
476 4633 577 4705 τὴν
628 4634 843 4701 οἰκείαν⁸
893 4632 1017 4704 ὄψιν
1045 4636 1303 4707 μάρτυρα
1342 4634 1737 4708 κεκτημένων
1775 4634 1897 4689 ἀλλὰ

2020 4619 2389 4712 habentibus;
2422 4645 2515 4699 sed
2547 4619 2606 4699 et
2639 4619 2761 4709 cum
2793 4643 2847 4698 in
2882 4619 3205 4698 hodiernum
3250 4654 3420 4710 usque
3457 4640 3600 4694 diem

325 4727 424 4781 καὶ
470 4726 553 4791 είς
605 4725 687 4780 ἔτι
737 4726 848 4782 τῶν
908 4727 1234 4798 παραδόξων
1283 4727 1488 4784 τούτων
1536 4724 1897 4798 θαυμασίως]

2021 4737 2288 4811 ejusmodi
2318 4737 2561 4808 prodigia
2587 4736 2912 4792 mirabiliter
2939 4736 3204 4803 edantur;
3235 4749 3357 4804 quae
3389 4743 3447 4789 et
3473 4743 3601 4787 sunt

327 4818 744 4888 ἐνεργουμένων
763 4834 779 4849 ·
837 4817 874 4872 ἆ
916 4819 1014 4872 καὶ
1062 4817 1249 4881 πίστις
1277 4817 1397 4871 ἐστὶ
1429 4816 1537 4871 τῶν
1568 4815 1894 4887 φθασάντων

2018 4829 2447 4900 praecedentium
2491 4825 2759 4896 probatio,
2820 4824 3194 4895 etperfectum
3236 4822 3605 4893 signaculum,

329 4914 428 4965 καὶ
456 4913 699 4983 σφραγὶς
728 4912 987 4985 ἀκριϐὴς,
1037 4909 1134 4965 τοῦ
1161 4909 1331 4985 μηδὲν
1360 4910 1498 4975 ὅλως
1519 4911 1651 4982 περὶ
1692 4911 1897 4966 ἐκείνου

330 5005 776 5060 διαμφιϐάλλειν.

2020 4924 2163 4994 quod
2191 4924 2256 4978 de
2285 4920 2393 4977 illis
2424 4919 2559 4975 nihil
2582 4920 2655 4976 sit
2686 4918 2910 4976 omnino
2938 4918 3319 4976 dubitandum.

364 5023 776 5076 ιαμφιοαλλειν.

405 5095 591 5166 ΡΛΕΓ.
615 5098 768 5152 Ἔτει
789 5094 1084 5168 τοιγαροῦν
1114 5095 1487 5169 ἑξκαιδεκάτῳ
1506 5090 1606 5168 τῆς
1638 5095 1897 5167 βασιλεία.

2094 5099 2381 5160 CXXXVI.
2415 5101 2571 5155 Anno
2601 5098 2785 5169 itaque
2813 5097 3024 5154 decimo
3061 5104 3217 5153 sexto
3252 5093 3607 5166 (87)imperii

405 5216 449 5249 ³⁹
485 5215 631 5274 Psal.
666 5232 871 5287 Lxxvu,
911 5217 965 5272 4.

1623 5314 1861 5376 νΑΒΙᾸῧ
1890 5318 2302 5378 LECTIONES.

1094 5431 1111 5471 ι
1144 5433 1221 5489 al.
1251 5432 1596 5505 θαυμασίων.

1564 5552 1759 5612 JOAN.
1803 5553 2153 5611 BOLLANDI
2180 5551 2411 5609 NOTE.

2022 5662 2112 5701 an.
2150 5646 2250 5700 Ch.
2294 5646 2401 5718 ξιίὸ
2435 5645 2686 5718 contigit,
2726 5645 2818 5718 qui
2849 5643 3119 5718 secundus
3156 5650 3241 5698 est
3275 5636 3607 5712 prafeeturm

408 5714 524 5788 (86)
550 5719 675 5774 Haec
730 5720 917 5773 eadem
953 5716 1141 5780 refert,
1175 5717 1345 5772 citato
1391 5718 1494 5772 hoc
1531 5716 1674 5788 loco,
1710 5715 1764 5788 in
1796 5714 1922 5771 Vita
2023 5718 2258 5788 Leontii.
2295 5716 2429 5771 Vide
2457 5714 2849 5788 Prolegomena
2883 5734 3031 5771 num.
3056 5716 3114 5788 ξ).

340 5782 659 5845 8.Ὶοέιιηιίε
704 5788 1026 5859 Silentiarii,
1054 5788 1142 5842 ubi
1183 5787 1533 5859 indictionem
1567 5787 1660 5859 _V[,
1697 5785 1847 5841 addit
1871 5794 1926 5842 et
2094 5788 2205 5859 (87)
2233 5786 2343 5842 luto
2377 5788 2587 5859 decimo
2619 5782 2801 5843 t'ertio.
2831 5787 3011 5859 Rediit
3049 5786 3107 5839 S.
3140 5782 3606 5859 SabasConstau-

342 5874 547 5915 annum
585 5859 763 5914 tetatis
798 5857 858 5913 S.
889 5858 1115 5915 Joannis
1136 5858 1226 5925 90,
1263 5872 1503 5912 mensem
1558 5856 1780 5921 Juliunt,
1813 5871 1925 5926 quo
2028 5853 2248 5928 tinopoli
2301 5859 2352 5911 in
2420 5858 2764 5914 Palaestinam
2819 5860 2869 5912 in
2925 5856 3257 5928 Septetttltr't.
3313 5853 3603 5928 indictione:

343 5931 412 5987 ad
452 5929 510 5985 S.
539 5928 814 6001 Euthymii
834 5920 1225 5986 monasterium
1246 5928 1581 5999 venit;quod
1616 5920 1927 5985 necessario
2028 5920 2165 5986 nona
2195 5944 2284 5983 an.
2328 5928 2429 5984 Cb.
2461 5928 2591 5983 550.
2629 5920 3017 5999 Hierosolymis
3066 5925 3364 5982 Cmsaream
3394 5920 3592 5991 proﬁci.

411 5432 437 5472 ι
469 5432 571 5487 int.
599 5433 1014 5507 Φιλάνθρωπος.

409 5647 527 5705 (85)
563 5647 666 5703 An.
695 5648 797 5703 Cb.
827 5647 954 5702 διε.
