3846 6466
258 434 362 500 Ήὶ

1507 412 1789 474 MENSIS
1827 353 2284 472 JANUARIUS.

3403 392 3511 458 ἨΞ

253 549 517 614 Zenonis,
543 543 929 600 monachorum
945 533 1437 603 cumsusccpissem
1460 529 1723 594 habitum,
1747 544 1838 582 νεα

1955 526 2190 596 ζήνωνος
2214 523 2312 593 (ιι),
2336 520 2395 573 τὸ
2415 518 2521 573 τῶν
2553 514 2802 588 μοναχῶν
2832 511 3076 566 ὑπελθὼν
3102 509 3309 580 σχῆμα,
3339 506 3516 561 δεινόν

255 641 604 708 licinentique
631 647 899 707 pungerer
918 628 1104 685 aculeo
1127 625 1327 681 amoris
1362 624 1554 694 quieta:
1584 624 1727 688 vita‘,
1756 637 1820 676 ac

250 735 505 804 gestirem
533 731 647 800 ipse
661 729 824 782 etiam
845 723 1091 779 habitare
1111 721 1160 774 in
1183 717 1492 780 solitudine,
1515 713 1822 784 qumrebant

254 830 532 880 honestam
562 819 802 890 alioquin
831 815 1197 876 occasionem,
1239 820 1298 864 ut
1343 809 1393 862 id
1439 820 1821 876 consequerer.

251 915 406 968 Nulla
434 928 562 967 vero
598 911 700 964 alia
731 909 971 970 inventa,
1024 916 1134 973 pra:
1175 914 1260 954 me
1293 898 1385 951 tuli
1427 912 1619 966 magno
1657 895 1826 948 teneri

255 1022 341 1060 tne
367 1003 640 1060 desiderio
668 1016 794 1070 erga
846 993 1242 1051 dedicationem
1275 989 1531 1044 Ecclesia:
1568 987 1826 1041 Hieroso-

255 1099 552 1170 lymitanat,
594 1103 650 1149 et
690 1091 820 1162 petii
866 1089 1140 1143 licentiam
1181 1084 1307 1138 illuc
1347 1081 1529 1136 eundi.
1564 1078 1828 1133 Dimissus

255 1168 422 1258 igitur
453 1203 480 1239 a
516 1183 831 1255 prwposito,
874 1178 964 1232 ubi
1004 1176 1115 1244 jam
1147 1189 1176 1227 a
1211 1171 1494 1238 metropoli
1531 1168 1828 1239 Scythopo-

259 1257 548 1333 litanorum
595 1289 744 1328 eram
803 1272 1166 1328 discessurus,
1211 1263 1520 1317 mandatum
1554 1262 1656 1314 hoc
1699 1257 1830 1311 mihi

257 1373 349 1424 dat
379 1378 573 1430 mater,
615 1374 673 1418 ut
708 1362 838 1418 nihil
866 1377 928 1414 ex
963 1357 1124 1413 rebus
1163 1355 1228 1408 ad
1275 1355 1510 1408 animum
1552 1350 1830 1420 pertinen-

261 1464 428 1525 tibus,
471 1461 676 1528 absque
711 1453 1080 1510 admonitione
1118 1461 1171 1506 et
1204 1448 1429 1506 consilio
1453 1443 1680 1499 Joannis
1704 1441 1834 1496 soli«

262 1555 404 1621 tarii,
445 1567 511 1607 ει
543 1565 626 1605 me
657 1549 894 1603 facerem
923 1563 938 1600 ;
972 1543 1049 1599 Ne
1095 1543 1256 1608 forte,
1304 1541 1494 1610 inquit,
1533 1537 1715 1592 statim
1765 1534 1834 1588 ab

262 1647 413 1701 initio
449 1642 760 1712 imprudens
805 1638 1093 1693 abtluearis
1137 1635 1188 1688 in
1221 1648 1466 1689 errorem
1497 1629 1831 1699 Origenista-

262 1756 400 1794 rum.
433 1737 619 1805 Itaque
665 1743 949 1804 postquam
983 1730 1248 1784 venissem
1279 1728 1333 1781 in
1373 1733 1615 1780 sanctam
1647 1722 1834 1776 civita-

263 1843 390 1894 tem,
420 1838 474 1883 et
502 1842 654 1883 sacra
687 1826 805 1879 loca
844 1823 1184 1883 adorassem,
1230 1819 1281 1872 in
1327 1817 1525 1887 quibus
1571 1813 1836 1870 salutares

1929 636 1988 672 τε
2008 617 2238 689 ἡσυχίας
2257 614 2460 668 ὠδίνων
2477 611 2676 682 ἔρωτα,
2702 607 2796 661 καὶ
2813 607 2910 676 τὴν
2927 605 3130 677 ἔρημον
3165 603 3384 670 οἰκῆσαι
3414 601 3513 654 καὶ⁵

1932 711 2092 774 αὐτὸς
2145 709 2307 779 ἐρῶν,
2365 705 2720 776 εὐπρόσωπον
2763 700 2936 762 ἄλλως
2978 695 3232 768 ἀφορμὴν
3259 694 3512 764 ἐζήτουν,

1936 802 2078 855 ὥστε
2108 801 2299 854 τούτου
2350 799 2550 867 τυχεῖν.
2606 792 2853 864 ’Λπορῶν
2875 791 2934 842 δὲ
2974 791 3188 859 ἐτέρας,
3238 785 3512 855 ἐσκηπτό-

1939 913 2044 966 μην
2078 905 2118 932 ιιι
2149 891 2443 962 ἐπιθυμίαν
2475 887 2596 942 τινὰ
2621 886 2713 941 τοῦ
2744 881 3249 955 τῆςἸεροσολύμων
3272 879 3514 948 Ἐκκλη-

1937 990 2055 1050 σίας
2097 983 2488 1053 ἐγκαινισμοῦ,
2523 981 2618 1033 καὶ
2664 979 2763 1049 τὴν
2823 978 2998 1030 ἐκεῖσε
3053 973 3277 1028 κάθοδον
3327 972 3515 1044 ⁴ᾔτουν.

1951 1077 2263 1138 Ἀπολυθεῖς
2299 1071 2393 1128 οὖν
2450 1073 2601 1143 παρὰ
2651 1070 2742 1123 τοῦ
2776 1067 3208 1139 καθηγουμένου,
3246 1065 3366 1118 ἐπεὶ
3417 1064 3519 1134 τῆς

1938 1168 2350 1224 Σκυθοπολιτῶν
2401 1166 2503 1236 ἤδη
2536 1162 2920 1235 μητροπόλεως
2961 1158 3216 1229 ἀπαίρειν
3265 1156 3517 1227 ἔμελλον,

1939 1263 2160 1334 ἐντολήν
2211 1277 2303 1332 μοι
2335 1259 2539 1328 ταύτην
2589 1259 2622 1328 ὴ
2655 1257 2838 1327 μήτηρ
2893 1253 3098 1317 δίδωσι,
3140 1250 3274 1321 μηδὲ
3301 1249 3411 1302 τῶν
3438 1251 3520 1310 εἰς

1937 1354 2115 1424 ψυχὴν
2140 1353 2402 1423 ἡκόντων,
2435 1351 2563 1404 ἄνευ
2613 1348 2716 1417 τῆς
2774 1346 3026 1400 Ἰωάννου
3057 1345 3152 1397 τοῦ
3204 1339 3518 1414 ἡσυχαστοῦ

1939 1448 2216 1516 ὑποθήκης
2246 1445 2340 1496 καὶ
2372 1442 2680 1512 συμϐουλῆς
2709 1439 2920 1493 οἴκοθεν
2949 1436 3369 1506 διαπράξασθαι·
3397 1436 3522 1504 Μή-

1940 1556 2092 1602 ποτε,
2123 1536 2278 1606 φησὶ,
2308 1536 2400 1589 καὶ
2425 1537 2488 1587 ἐκ
2521 1533 2822 1604 προοιμίων
2852 1530 3012 1592 εὐθὺς
3038 1529 3204 1601 λάθῃς
3237 1527 3428 1581 ἑαυτὸν
3451 1528 3520 1596 τῇ

1939 1632 2048 1682 τῶν
2070 1627 2488 1701 Ὤριγενιαοτῶν
2524 1636 2552 1663 ιι
2582 1625 2762 1695 ἀπάτῃ
2794 1621 3175 1691 συναπαχθείς,
3225 1621 3524 1689 Γενόμενος

1942 1720 2120 1774 τοίνυν
2164 1719 2304 1772 κατὰ
2333 1721 2431 1787 τὴν
2478 1716 2640 1786 ἁγίαν
2677 1715 2852 1779 πόλιν,
2885 1713 2980 1767 καὶ
3002 1713 3385 1784 προσκυνήσας
3422 1709 3524 1779 μὲν

1943 1817 2068 1877 τοὺς
2117 1815 2298 1883 ἱεροὺς
2337 1814 2556 1876 τόπους,
2603 1811 2662 1862 ἐν
2711 1803 2790 1871 οἷς
2822 1808 2920 1870 τὰς
2954 1807 3250 1876 σωτηρίους
3281 1803 3348 1857 δι’
3376 1804 3526 1874 ἡμᾶς

262 1926 381 1978 illas
409 1921 664 1977 Dominus
699 1925 917 1987 propter
945 1928 1042 1967 nos
1068 1926 1248 1965 moras
1280 1909 1482 1974 traxit;
1518 1915 1681 1974 atque
1709 1905 1839 1958 ado-

1955 1907 2158 1968 ὲκείνας
2185 1908 2212 1957 ό
2234 1905 2510 1974 Δεσπότης
2534 1903 2768 1955 ἐποιεῖτο
2797 1899 3098 1969 διατριϐάς·
3138 1896 3527 1967 προσκυνήσας

265 2030 469 2072 rassem
496 2012 698 2082 pariter
737 2008 936 2061 divinae
975 2003 1156 2058 crucis
1193 2003 1430 2072 lignum;
1459 1999 1652 2054 deinde
1674 1997 1740 2050 ad
1772 1997 1845 2051 \‘i-

266 2121 386 2160 rum
414 2116 630 2158 transeo
669 2099 804 2173 (88).
839 2098 887 2152 ls
929 2105 1131 2160 autem,
1159 2106 1269 2150 tum
1298 2094 1400 2147 alia
1430 2093 1521 2147 dat
1548 2089 1772 2146 consilia
1793 2098 1847 2144 ct

268 2196 492 2258 monita,
515 2203 624 2246 tum
644 2192 857 2245 demum
873 2190 976 2242 hoc
999 2188 1127 2240 mihi
1152 2186 1390 2256 praecipit
1410 2203 1423 2239 :
1445 2184 1503 2238 Si
1529 2185 1630 2251 vis,
1649 2183 1845 2251 inquit,

267 2288 447 2342 salvus
477 2298 624 2348 esse,
654 2283 789 2336 vade
820 2285 886 2335 ad
914 2279 1089 2350 magni
1123 2277 1398 2348 Eutliyinii
1436 2277 1843 2339 monasterium,

267 2392 324 2435 et
357 2382 408 2434 in
439 2393 503 2432 eo
537 2375 742 2430 habita.
785 2372 878 2428 llis
905 2387 1005 2441 ego
1041 2371 1263 2436 auditis,
1281 2369 1437 2424 venio
1463 2383 1559 2437 per
1593 2368 1846 2421 solitudi-

273 2487 394 2525 nem
429 2484 592 2538 quam
630 2465 895 2520 citissime
923 2465 990 2517 ad
1020 2461 1331 2527 Jordanem,
1372 2469 1425 2514 et
1451 2460 1585 2514 satis
1631 2459 1848 2528 longum

274 2572 485 2630 tempus
516 2575 639 2613 cum
688 2556 940 2611 Patribus
986 2555 1074 2624 qui
1107 2553 1215 2608 illic
1243 2558 1401 2606 erant
1435 2559 1678 2606 versatus
1714 2550 1848 2621 (89),

273 2653 421 2705 circa
441 2665 676 2704 mensem
696 2646 894 2702 Julium
915 2647 967 2700 in
986 2645 1164 2716 magni
1189 2644 1328 2699 illius
1348 2643 1556 2700 delatus
1574 2657 1850 2700 monaste-

276 2747 438 2809 rium,
465 2752 746 2814 susceptus
773 2740 869 2795 fui.
889 2737 1062 2794 Porro
1089 2738 1346 2793 Leontius
1371 2746 1512 2804 erat,
1536 2738 1621 2792 cui
1648 2747 1774 2792 tunc
1801 2747 1853 2791 et

275 2837 601 2906 suscipiendi
662 2850 792 2890 cura
843 2843 898 2889 et
933 2831 1250 2887 monasterii
1299 2831 1620 2901 prtefectura
1679 2830 1854 2884 fuerat

274 2932 583 2985 commissa.

345 3021 661 3079 CXXXVII.
694 3023 804 3078 Illic
831 3038 961 3093 ergo
986 3036 1351 3084 commorans,
1381 3019 1540 3075 video
1569 3033 1632 3072 ea
1668 3025 1856 3072 aestate

193 3178 195 3180 η
276 3117 561 3186 quemdam
593 3132 794 3188 genere
842 3117 1086 3182 Cilicem,
1123 3116 1308 3169 habitu
1346 3112 1690 3173 monachum,
1718 3109 1858 3163 Pau-

1945 2001 2000 2053 δε
2035 2000 2214 2053 καὶτὸ
2268 1998 2363 2051 τοῦ
2415 1996 2560 2049 θείου
2607 1995 2841 2064 σταυροῦ
2891 1991 3064 2057 ξύλον⁹
3111 1987 3230 2043 εἶτα
3264 1987 3527 2043 διαϐαίνοι

1947 2095 2044 2147 καὶ
2086 2091 2223 2160 πρὸς
2255 2090 2347 2142 τὸν
2376 2087 2565 2158 ἄνδρα.
2631 2087 2690 2139 '0
2722 2086 2798 2150 δὲ,
2857 2085 2949 2137 καὶ
2979 2083 3114 2136 ἄλλα
3159 2082 3257 2152 μὲν
3287 2079 3530 2150 συμϐου·

1948 2181 2096 2236 λεύει
2145 2181 2240 2232 καὶ
2271 2178 2607 2242 ὑποτίθεται,
2655 2174 2964 2228 τελευταῖον
3009 2172 3066 2225 δέ
3099 2189 3186 2242 μοι
3221 2171 3316 2224 καὶ
3365 2168 3530 2222 τοῦτο

1950 2276 2280 2342 ἐπισκήπτει
2303 2288 2318 2304 ο
2351 2271 2448 2336 ὡς,
2493 2269 2666 2339 Εἴπερ
2696 2268 2872 2339 βούλει
2902 2265 3162 2336 σωθῆναι,
3188 2265 3375 2333 φησιν,
3407 2261 3530 2316 ἐλθὲ

1949 2368 2101 2438 παρὰ
2126 2367 2223 2437 τὴν
2257 2363 2533 2434 Εὐθυμίου
2573 2362 2668 2415 τοῦ
2710 2361 2944 2432 μεγάλου
2977 2359 3163 2429 μονὴν,
3200 2359 3295 2412 καὶ
3323 2356 3530 2426 ταύτην

1948 2461 2192 2530 οἷκησον.
2248 2457 2467 2510 Τούτων
2528 2454 2769 2516 ἀκούσας
2823 2451 2954 2522 ἐγὼ,
3009 2454 3238 2521 ἔρχομαι
3289 2449 3378 2503 διὰ
3429 2449 3531 2518 τῆς

1951 2553 2158 2622 ἐρήμου
2174 2549 2274 2617 τὴν
2303 2547 2571 2618 ταχίστην
2597 2545 2750 2616 παρὰ
2778 2545 2868 2597 τὸν
2889 2543 3181 2614 Ἰορδάνην,
3214 2540 3309 2594 καὶ
3339 2540 3533 2610 χρόνον

1956 2647 2141 2700 ἱκανὸν
2166 2648 2278 2708 τοῖς
2307 2645 2488 2696 ἐκεῖσε
2513 2637 2943 2711 προσδιατρίψας
2974 2634 3240 2703 Πατράσι,
3271 2633 3397 2702 περί
3428 2647 3533 2702 που

1949 2741 2041 2792 τὸν
2062 2737 2282 2792 Ἰούλιον
2303 2738 2451 2808 μῆνα
2489 2736 2556 2804 τῇ
2584 2731 2678 2785 τοῦ
2711 2731 2946 2800 μεγάλου
2969 2731 3101 2798 μονῇ
3126 2723 3531 2796 προσενεχθεὶς,

1955 2832 2295 2903 εἰσεδέχθην,
2333 2829 2586 2890 Λεόντιος
2629 2826 2686 2878 δέ
2715 2821 2783 2896 ἦν
2815 2825 2842 2876 ὁ
2884 2825 2977 2877 καὶ
3010 2822 3107 2892 τὴν
3143 2817 3409 2894 ὑποδοχὴν
3434 2816 3536 2871 καὶ

1954 2926 2053 2996 τὴν
2077 2926 2173 2994 τῆς
2204 2924 2369 2994 μονῆς
2405 2917 2738 2992 προστασίαν
2773 2915 3074 2986 τηνικαῦτα
3109 2909 3501 2982 πεποιημένος.

2029 3015 2195 3070 ΡΛΖ’.
2238 3014 2386 3067 Ἐκεῖ
2418 3008 2705 3081 τοιγαροῦν
2739 3007 3050 3080 διατρίϐων,
3087 3005 3198 3076 δρῶ
3260 3019 3385 3056 τινα
3437 2999 3537 3052 τοῦ

1963 3108 2128 3163 αὑτοῦ
2162 3107 2374 3178 θέρους,
2408 3103 2606 3157 Κίλικα
2640 3101 2699 3155 τὸ
2747 3101 2922 3169 γένος,
2953 3099 3013 3152 τὸ
3066 3097 3252 3167 σχῆμα
3280 3091 3538 3164 μοναχὸν,

276 3211 388 3263 lum
419 3211 659 3274 nomine,
697 3226 760 3264 ex
787 3209 1026 3280 Martyrii
1090 3207 1425 3262 monasterio
1469 3201 1792 3273 profectum,
1825 3217 1846 3254 ε

1965 3206 2182 3260 Παῦλον
2213 3204 2409 3273 ὄνομα,
2457 3200 2557 3270 τῆς
2591 3197 2684 3252 τοῦ
2720 3194 3036 3266 Μαρτυρίου
3087 3191 3256 3262 μονῆς
3296 3189 3541 3299 ἐξορμη-

279 3293 421 3349 malo
449 3295 666 3364 quidem
713 3298 905 3366 spiritu
949 3306 1284 3366 correptum,
1313 3312 1341 3348 ιι
1370 3292 1723 3347 familiaribus
1757 3307 1853 3344 au-

281 3397 388 3439 tem
422 3387 710 3442 adductum
750 3388 819 3442 ad
875 3397 1284 3443 monumentum
1331 3385 1625 3456 Eutltyntii.
1671 3383 1854 3438 Posito

280 3480 443 3549 igitur
474 3479 743 3535 monacho
794 3479 861 3534 ad
899 3480 1124 3534 thecam-
1161 3478 1534 3548 reliquiarum,
1586 3487 1854 3544 apparens

280 3571 442 3640 paulo
469 3581 591 3642 post
636 3587 862 3641 magnus
897 3573 1075 3625 media
1126 3582 1286 3624 nocte
1334 3567 1485 3637 fugat
1533 3567 1854 3621 daunonem.

280 3666 348 3720 Et
379 3666 483 3721 hoc
516 3664 882 3720 teatimoninm
925 3664 1224 3718 curationis
1275 3673 1506 3716 certum.
1554 3657 1688 3712 Nam
1733 3672 1856 3712 cum

283 3760 402 3828 ipsa
451 3767 611 3811 nocte
665 3758 904 3810 venisset
953 3754 1153 3809 Paulus
1214 3753 1298 3824 ad.
1346 3753 1534 3806 horam
1583 3760 1862 3804 nocturna:

285 3847 624 3920 psalmodiae,
652 3848 710 3900 lit
741 3861 878 3900 unus
929 3861 996 3900 ex
1029 3845 1096 3899 iis
1123 3844 1215 3914 qui
1253 3845 1540 3907 canebant,
1579 3852 1632 3896 et
1677 3854 1860 3895 coram

287 3939 541 3994 erunibus
580 3937 737 3992 nobis
772 3952 830 3992 se
861 3952 893 3992 a
929 3935 1038 3991 Deo
1068 3946 1313 3992 curatum
1359 3936 1522 3990 fuisse
1552 3932 1859 4003 profitetur.

288 4033 462 4098 Quam
495 4046 607 4086 rem
633 4031 722 4085 ubi
757 4039 1139 4099 compererunt
1169 4030 1260 4100 qui
1301 4029 1353 4083 in
1393 4027 1638 4098 Martyrii
1681 4039 1866 4080 moua~

285 4125 457 4178 sterio
485 4132 664 4187 erant,
690 4123 930 4187 veniunt,
960 4132 1016 4176 ut
1047 4137 1170 4177 eum
1209 4123 1260 4176 in
1294 4137 1448 4176 suum
1475 4119 1862 4174 monasterium

292 4215 575 4268 reducant.
622 4213 691 4267 At
732 4213 821 4268 ille
859 4214 1046 4268 volens
1099 4228 1158 4268 se
1209 4221 1421 4283 gratum
1468 4211 1780 4273 ostendere,
1810 4218 1866 4264 et

291 4311 431 4380 apud
474 4323 533 4364 se
574 4310 936 4380 conscriptam
988 4307 1215 4378 gratiam
1270 4321 1618 4372 conservans,
1671 4303 1867 4360 mansit

290 4401 545 4468 deinceps
573 4399 624 4454 in
659 4399 930 4465 emnobio,
963 4399 1248 4466 omnisque
1269 4397 1468 4451 laboris
1494 4407 1550 4452 et
1580 4395 1866 4450 ministerii

291 4493 457 4546 alacri
485 4491 665 4564 .plane
711 4493 893 4547 animo
951 4506 1075 4546 cum
1132 4487 1392 4544 fratribus
1435 4503 1496 4544 se
1547 4488 1863 4559 participem

291 4586 439 4639 fecit.

362 4762 692 4819 CXXXVllI.
729 4763 1035 4833 Aliquando
1079 4761 1246 4831 igitur
1287 4761 1604 4830 colligentes
1643 4762 1870 4817 alimen-

292 4867 401 4909 tum
432 4860 483 4912 in
514 4858 834 4922 solitudine;
877 4857 929 4910 id
960 4869 1086 4908 vero
1124 4861 1260 4916 erat,
1303 4867 1423 4922 qua:
1456 4852 1632 4907 solent
1678 4855 1871 4922 appel-

1962 3297 2141 3358 θέντα,
2177 3292 2453 3362 πνεύματι
2508 3288 2608 3360 μὲν
2666 3285 2886 3356 πονηρῷ
2919 3281 3290 3351 συνεχόμενον,
3322 3277 3426 3330 ὑπὸ
3481 3274 3542 3329 δὲ

1959 3386 2066 3439 τῶν
2123 3381 2449 3452 ἐπιτηδείων
2501 3378 2580 3448 τῷ
2609 3376 2701 3431 τοῦ
2753 3374 3027 3444 Εύθυμίου
3068 3371 3315 3440 μνήματι
3363 3382 3544 3438 προσ-

1962 3477 2066 3544 αγό
2077 3492 2256 3545 μενον.
2283 3474 2540 3535 Τεθέντος
2565 3470 2742 3523 τοίνυν
2762 3468 2855 3520 τοῦ
2888 3462 3122 3536 μοναχοῦ
3153 3461 3304 3533 παρὰ
3330 3464 3395 3531 τῇ
3441 3458 3540 3514 τοῦ

1959 3569 2213 3638 λειψάνου
2247 3567 2411 3638 θήκῃ,
2443 3563 2699 3632 ὲποφθεῖς
2730 3562 2846 3632 μετ’
2875 3560 3058 3627 ὀλίγον
3085 3560 3112 3611 ὁ
3143 3555 3318 3627 μέγας
3352 3553 3542 3622 μέσων

1964 3662 2175 3717 νυκτῶν
2200 3661 2291 3714 τὸν
2317 3659 2548 3728 δαίμονα
2579 3655 2892 3710 ἀπελαύνει.
2919 3653 3028 3706 Καὶ
3048 3651 3205 3704 τοῦτο
3238 3647 3542 3719 μαρτύριον

1964 3756 2062 3825 τῆς
2097 3755 2292 3815 ἰάσεως
2329 3749 2583 3819 ἀψευδές.
2639 3747 2819 3816 Αὐτῆς
2858 3745 2965 3815 γὰρ
2994 3742 3186 3804 νυκτὸς
3235 3738 3478 3795 ἀνελθὼν
3516 3741 3543 3792 ὁ

1966 3846 2179 3910 Παῦλος
2207 3844 2357 3914 παρὰ
2389 3843 2491 3913 τὴν
2521 3842 2618 3912 τῆς
2648 3839 2970 3911 νυκτερινῆς
3001 3834 3322 3906 ψαλμῳδίας
3365 3831 3541 3903 ὥραν⁹

1963 3935 2045 4003 εἷς
2069 3955 2130 3991 τε
2163 3937 2272 3991 τῶν
2311 3934 2546 4007 ᾀδόντων
2581 3933 2812 4002 γίνεται,
2847 3931 2940 3985 καὶ
2995 3929 3080 3998 ἐφ’
3115 3927 3271 3998 ἡμῶν
3324 3930 3547 3980 πάντων

1964 4028 2086 4099 Θεῷ
2122 4029 2222 4097 τὴν
2256 4028 2404 4081 ἴασιν
2435 4023 2855 4094 ἐξομολογεῖται.
2877 4021 3181 4083 -Μαθόντες
3235 4018 3327 4070 οῦν
3364 4019 3415 4070 oi.
3445 4020 3547 4088 τῆς

1965 4121 2060 4175 τοῦ
2100 4118 2415 4190 Μαρτυρίου
2452 4117 2619 4188 μονῆς
2645 4115 2706 4169 τὸ
2734 4115 3120 4185 γεγενημένον,
3152 4112 3378 4184 ἣκουσιν
3404 4109 3547 4163 ὥστε

1966 4213 2058 4267 τὸν
2094 4210 2306 4266 Παῦλον
2351 4212 2432 4273 είς
2474 4209 2572 4279 τὴν
2604 4208 2811 4262 οἰκείαν
2855 4203 3010 4270 αὖθις
3050 4205 3216 4275 μονὴν
3263 4205 3548 4269 ἐπαναγα-

1968 4309 2108 4377 γεῖν.
2175 4305 2320 4360 Ἀλλ’
2372 4306 2609 4370 ἐκεῖνος,
2648 4300 2944 4372 εὐγνώμων
2999 4297 3310 4353 δείκνυσθαι
3353 4294 3546 4367 βουλό-

1973 4417 2155 4471 μενος,
2187 4397 2539 4470 ἀναγραπτόν
2569 4413 2627 4450 τε
2681 4397 2780 4465 τὴν
2811 4393 2972 4465 χάριν
3021 4389 3148 4461 παρ’
3192 4389 3370 4457 ἐαυτῷ
3422 4405 3550 4441 συν·

1969 4493 2173 4564 τηρῶν,
2206 4491 2365 4562 ἔμενε
2395 4491 2455 4543 τὸ
2480 4488 2663 4541 λοιπὸν
2697 4488 2755 4539 ἐν
2785 4486 2862 4556 τῷ
2885 4483 3155 4553 κοινοσίῳ,
3190 4483 3284 4535 καὶ
3341 4480 3548 4543 παντὸς

1889 4579 1944 4640 Ι)
1971 4585 2137 4638 πόνου
2168 4586 2262 4637 καὶ
2287 4583 2752 4651 λειτουργήματος
2782 4579 2879 4631 σὺν
2909 4575 3190 4647 προθυμίᾳ
3233 4573 3383 4644 πάσῃ
3436 4575 3550 4636 τοῖς

1972 4676 2220 4744 ᾲδελφοῖς
2256 4672 2551 4728 ἐκοινώνει.

2041 4764 2215 4823 PAH’.
2259 4767 2398 4818 Ποτὲ
2438 4767 2569 4833 γοῦν
2601 4763 2950 4831 συλλέγοντες
3007 4763 3168 4834 ἡμεῖς
3203 4759 3413 4831 τροφὴν
3459 4760 3554 4810 ἐπὶ

1977 4859 2074 4928 τῆς
2102 4858 2330 4928 ἐρήμοω
2358 4857 2394 4926 ὴ
2425 4855 2480 4909 δὲ
2511 4850 2602 4926 ἦν,
2634 4853 2672 4908 ἃ
2706 4853 2966 4925 μανούθια
2993 4853 3219 4925 σύνηθες
3241 4852 3552 4922 ὀνομάζει-θ’

1631 4950 1865 5008 ἾΑΒΙιΕ
1895 4952 2190 5012 LECTION
2198 4953 2301 5007 ES.

362 5059 400 5082 "
428 5053 496 5108 al.
522 5050 889 5121 ἐσκεπτόμην.
967 5054 994 5082 η
1021 5045 1096 5100 al.
1133 5045 1620 5115 Ὠριγενειαστῶν.

1507 5138 1700 5196 JOAN.
1737 5141 2080 5199 BOLLANDI
2118 5142 2357 5200 NOTAE.

292 5239 482 5304 scitur,
514 5237 641 5291 hinc
681 5232 1076 5304 Scytltopolim.
1118 5227 1381 5300 Cyrillum
1430 5243 1654 5304 puerum
1692 5232 1873 5304 pisci-

293 5299 479 5377 puluui
511 5309 628 5377 sibi,
649 5299 918 5377 acquirit,
949 5303 1101 5372 cujus
1131 5299 1292 5377 caput
1320 5301 1658 5377 metropolita
1692 5299 1874 5357 Theo-

294 5370 476 5431 dnsins
506 5370 811 5428 tondeus'in
843 5370 1025 5442 primo
1057 5370 1428 5424 ecclesiastico
1471 5372 1640 5442 gradu
1673 5373 1877 5426 consti-

297 5449 415 5501 tuit.
447 5445 605 5498 Redit
653 5440 933 5497 Sabasad
979 5445 1223 5501 laurum,
1267 5450 1320 5492 et
1361 5440 1572 5494 modico
1635 5450 1877 5511 tempore

297 5517 367 5570 ibi
396 5522 670 5570 transacto
713 5513 1033 5566 infirmitate
1084 5513 1333 5563 detentus
1375 5521 1477 5574 ρει,
1514 5526 1715 5575 ex-qua
1743 5513 1877 5566 obiit

296 5588 591 5640 indictione
640 5586 868 5647 decima,
934 5583 966 5636 5
1012 5583 1322 5636 Decembris
1369 5596 1459 5632 an.
1499 5581 1599 5635 till.
1627 5581 1752 5634 551.
1795 5585 1875 5634 Ab

298 5657 590 5710 indictione
613 5671 740 5725 ergo
763 5670 928 5721 noun,
959 5655 1023 5707 ad
1055 5662 1370 5720 sequentem
1402 5663 1612 5705 sextam
1657 5653 1874 5706 nonnisi

1980 5235 2222 5290 decimus
2247 5235 2436 5289 tertius
2461 5232 2742 5288 labebatur
2765 5231 3111 5300 annus;nisi
3163 5241 3287 5286 ante
3341 5230 3554 5284 dicatnt‘

1979 5305 2221 5359 habitum
2256 5307 2612 5358 monasticum
2650 5305 2946 5371 accepisse,
2985 5302 3127 5372 quod
3169 5302 3258 5355 ille
3302 5301 3454 5357 locus
3502 5305 3557 5355 iu

1977 5375 2086 5427 vita
2115 5373 2171 5427 S.
2192 5375 2349 5428 Sabae
2377 5389 2520 5444 εδει-θ
2538 5383 2595 5426 ut
2623 5374 2961 5439 suspicemur
2984 5372 3267 5443 permittit.

2053 5447 2165 5503 (88)
2194 5444 2246 5496 In
2283 5446 2485 5496 lauraiu
2521 5445 2580 5496 S.
2607 5444 2782 5497 Sabze.

2056 5514 2166 5584 (89)
2195 5513 2538 5584 Potissimum
2573 5529 2692 5567 cum
2719 5531 2737 5563 ι
2775 5511 3025 5584 Seniculo
3059 5526 3282 5584 monaco
3303 5511 3354 5565 in
3385 5527 3554 5565 xeno-

1992 5582 2189 5652 iloijlti'o
2209 5585 2417 5636 abbatis
2441 5582 2736 5652 Entlrymii,
2769 5601 2786 5634 t
2822 5583 3130 5652 Scytltopoli
3154 5599 3216 5635 ex
3258 5585 3554 5638 monitione

1984 5652 2041 5707 S.
2077 5651 2303 5707 Joannis
2332 5658 2385 5707 in
2418 5651 2608 5708 somno
2637 5654 2686 5707 ei
2716 5656 2877 5710 facta.
2900 5651 2963 5708 lu
2997 5651 3154 5721 bujns
3185 5653 3324 5707 Vita.

363 5769 434 5832 (ιι)
467 5767 806 5834 Ἰουστινιανοῦ
832 5769 1194 5820 emendandum
1218 5767 1423 5831 affirmo,
1452 5780 1547 5819 nec
1571 5768 1862 5832 probatione
1899 5775 1976 5820 est
2009 5783 2160 5833 opus;
2200 5784 2399 5834 prorsus
2431 5775 2598 5823 tamen
2641 5771 2862 5823 videnda)
2890 5773 3000 5822 atina
3037 5771 3285 5822 editiones
3311 5785 3427 5834 quas
3475 5769 3558 5824 hie

297 5830 505 5883 variant.
537 5830 843 5882 Οοτειειιιυε.
