3846 6522
267 510 376 578 ’ἶὶό

1539 500 1711 561 VITA
1757 500 1817 558 S.
1859 495 2207 557 EUTHYMI
2221 495 2265 556 ῐ.

3427 468 3534 571 m

280 619 556 693 Ὶὶρόμεθα
613 619 706 674 τὸν
764 617 974 671 Παῦλον
1029 613 1120 668 ἐπὶ
1163 616 1227 686 τῇ
1281 613 1514 685 συλλογῇ
1547 615 1642 666 καὶ
1679 611 1842 665 αὐτὸν

1968 624 2060 664 are
2087 608 2361 662 utauutltia
2384 608 2527 678 (90);
2556 609 2609 663 iu
2631 610 2932 681 colligendo
2955 617 3264 682 roga‘wmus
3285 614 3537 672 Paulum.

270 716 532 788 παρόντα,
578 714 663 766 ὅτι
731 729 791 765 τε
824 710 1015 773 πάθος,
1044 708 1137 762 καὶ
1169 706 1293 761 ὅθεν
1339 708 1419 771 εἰς
1471 705 1532 758 τὸ
1583 703 1848 759 κοινόόιον

269 811 433 875 ἔλθοι,
463 808 559 862 καὶ
583 806 704 870 οίας
739 803 894 876 παρὰ
919 806 986 872 τῇ
1020 800 1115 855 τοῦ
1145 798 1402 869 λειψάνου
1445 797 1587 868 θήκῃ
1611 795 1852 849 ἀπολαύ-

272 920 351 957 σοι
382 900 482 971 τῆς
512 896 832 971 θεραπείας.
896 895 1009 948 Καὶ
1047 892 1211 956 αὐτὸς
1253 890 1499 961 συνήθως
1552 891 1685 960 ἡμῖν
1711 887 1850 957 ἔχων

270 996 392 1067 ἥδη,
440 970 533 1047 καὶ
566 970 741 1062 μηδὲν
762 988 916 1051 εἰδὼς
941 987 1010 1041 τά
1037 1003 1101 1057 γε
1131 985 1267 1057 πρὸς
1291 984 1438 1055 ἡμᾶς
1468 981 1848 1053 ὑποκρίνεθαι,

271 1085 521 1158 φανερῶς
560 1083 779 1138 ἅπαντα
827 1080 1050 1152 διεξῄει.
1110 1075 1255 1146 Ἐγὼ
1305 1074 1604 1141 διακονίαν,
1654 1073 1852 1142 λέγων,

270 1182 328 1231 ἐν
375 1180 442 1247 τῇ
478 1176 571 1229 τοῦ
601 1173 919 1246 Μαρτυρίω
975 1173 1109 1242 μονῇ
1141 1168 1474 1233 πιστευθεὶς,
1507 1167 1852 1236 φιλοχρημα-

273 1266 391 1331 τίας
426 1267 526 1321 οὐκ
558 1261 656 1318 οἷδ’
699 1266 847 1325 ὅπως
879 1263 1055 1316 ἑάλων
1106 1261 1292 1334 ἔρωτι.
1339 1257 1565 1329 Ἐπειδὴ
1605 1258 1665 1310 δι
1719 1255 1855 1326 ἡπό-

274 1376 402 1431 ρουν
440 1360 535 1411 καὶ
563 1358 664 1410 οὐκ
708 1353 853 1426 εἶχον
879 1354 1003 1409 ὅθεν
1034 1355 1101 1409 ἂν
1135 1354 1255 1407 οὐδὲ
1282 1353 1533 1423 δραχμὴν
1562 1353 1851 1421 κτήσαιμι,

273 1451 456 1505 ἔννοιά
502 1467 595 1521 μοι
631 1449 864 1518 γίνεται,
920 1447 1029 1501 τῶν
1080 1448 1242 1516 ἱερῶν
1297 1444 1511 1499 σκευῶν
1558 1442 1852 1513 ὑφελέσθαι

273 1544 415 1608 τινὰ,
446 1541 650 1597 τούτων
673 1558 732 1594 τε
755 1540 988 1595 ἕκαστον
1007 1538 1172 1608 τιμῆς
1201 1536 1518 1601 ἀποδόσθαι,
1539 1535 1634 1589 καὶ
1660 1534 1855 1603 κτῆσιν

271 1637 497 1708 ἐμαυτῷ
519 1653 641 1690 τινα
661 1634 807 1689 τόνδε
849 1633 940 1687 τὸν
957 1632 1157 1702 τρόπον
1186 1629 1667 1702 περιποιήσασθαι.
1700 1626 1856 1680 Ἐπεὶ

273 1727 369 1786 οὖν
392 1729 634 1801 ἡττήθην
659 1727 828 1781 τῶνδε
880 1726 988 1780 τῶν
1021 1724 1271 1796 πονηρῶν
1296 1722 1595 1793 λογισμῶν,
1630 1720 1727 1775 καὶ
1764 1719 1855 1773 τὸν

280 1824 381 1878 τοῦ
417 1822 554 1877 Θεοῦ
582 1822 746 1892 φόϐον
777 1819 1179 1890 άπεσεισάμην,
1215 1815 1550 1888 ὑφαιροῦμαι
1582 1815 1683 1877 τὰς
1710 1812 1857 1874 κλεῖς

272 1921 341 1972 ὲκ
370 1916 466 1972 τοῦ
510 1913 924 1983 θυσιαστηρίου·
975 1912 1065 1964 καὶ
1089 1907 1361 1973 διανοίξας
1392 1906 1523 1961 ἔνθα
1552 1906 1661 1959 τῶν
1691 1903 1854 1974 ἱερῶν

1954 701 2048 772 qui
2095 702 2213 770 ipse
2251 701 2414 756 etiam
2465 701 2676 769 aderat,
2724 703 2985 773 quidnam
3029 704 3078 760 ei
3120 706 3433 775 accidisset,
3483 721 3540 763 et

1954 807 2123 862 quare
2153 792 2388 847 venisset
2414 794 2464 846 in
2492 795 2825 862 coenobium,
2862 797 3191 867 qualemque
3223 810 3370 856 esset
3402 816 3535 856 con-

1953 894 2174 938 secutus
2224 885 2563 939 curationem
2628 887 2695 940 ad
2752 889 2965 943 thecam
3034 889 3408 961 reliquiarum.
3474 892 3541 948 Et

1956 977 2092 1047 ipse,
2131 977 2245 1047 jam
2289 976 2568 1033 uobiscum
2606 978 2947 1037 familiariter
2988 999 3175 1053 agens,
3219 1001 3318 1042 nec
3351 986 3538 1043 valens

1955 1069 2096 1138 apud
2122 1084 2221 1124 nos
2252 1069 2549 1139 quidquam
2586 1070 2956 1139 dissimulare,
2999 1076 3180 1132 omnia
3222 1087 3412 1148 aperte
3452 1096 3540 1135 re-

1956 1162 2168 1216 censuit
2218 1162 2407 1217 dicens
2438 1180 2451 1216 :
2479 1162 2611 1233 Ego,
2647 1178 2770 1219 cum
2822 1167 3084 1223 diaconiae
3125 1185 3220 1226 seu
3253 1171 3537 1241 dispensa-

1958 1252 2123 1308 tionis
2164 1268 2359 1308 munus
2402 1255 2455 1308 in
2501 1254 2746 1327 Martyrii
2800 1259 3131 1315 monasterio
3179 1265 3536 1333 accepissem,

1957 1344 2202 1399 avaritiae
2221 1346 2404 1401 nescio
2434 1350 2708 1417 quomodo
2734 1359 2923 1420 captus
2947 1351 3021 1407 fui
3048 1353 3364 1423 cupiditate.
3400 1356 3537 1423 Quia

1960 1452 2091 1492 vero
2123 1437 2278 1507 inops
2310 1454 2483 1507 eram,
2520 1457 2616 1497 nec
2641 1444 2906 1499 habebam
2937 1448 3077 1502 unde
3109 1449 3191 1503 vel
3226 1450 3540 1505 drachmam

1960 1529 2323 1597 acquirerem,
2343 1531 2633 1586 venitmibi
2658 1532 2711 1587 in
2732 1543 2993 1601 mentem,
3011 1550 3077 1590 ex
3101 1540 3271 1593 sacris
3288 1539 3428 1593 vasis
3441 1540 3544 1593 ali-

1958 1619 2101 1688 quod
2113 1620 2451 1689 surripereet
2466 1625 2885 1696 unumquodque
2897 1629 3271 1697 eorumpretio
3287 1631 3543 1695 vendere,

1960 1718 2126 1779 atque
2159 1713 2226 1765 ad
2248 1727 2374 1765 eum
2402 1715 2619 1769 modum
2664 1715 2899 1785 aliquam
2942 1717 3072 1772 mihi
3107 1733 3300 1787 parare
3328 1736 3546 1791 posses-

1959 1801 2188 1856 sionem.
2228 1800 2518 1873 Postquam
2555 1819 2683 1877 ergo
2728 1807 2905 1862 victus
2936 1807 3013 1862 fui
3055 1809 3124 1865 ab
3165 1809 3252 1865 bis
3283 1812 3544 1881 improbis

1960 1895 2405 1966 cogitationibus,
2447 1897 2805 1968 timoremque
2843 1898 2938 1955 Dei
2986 1904 3224 1969 excussi,
3273 1905 3541 1960 subtraho

275 2008 490 2063 σκευῶν
521 2009 557 2079 ἡ
583 2005 868 2070 ἀπόθεσις,
906 2002 1113 2056 τούτων
1142 2002 1211 2055 τὰ
1246 2000 1345 2070 μὲν
1397 2000 1720 2070 κακούργως
1744 1999 1860 2049 ὲνο-

1967 1989 2147 2044 claves
2196 2005 2261 2044 ex
2322 1990 2515 2056 altari;
2566 2002 2621 2045 et
2666 2002 2855 2061 aperto
2900 1993 3016 2048 loco
3061 1995 3113 2048 in
3158 2010 3266 2066 quo
3306 1997 3539 2067 reposita

274 2103 595 2173 σφισάμην,
649 2100 717 2152 τὰ
771 2098 830 2151 δὲ
881 2099 975 2150 καὶ
1030 2095 1208 2158 ἄλλοις
1263 2093 1545 2165 ὀλιγώρως
1588 2091 1853 2159 διένειμα.

275 2193 415 2250 Εἶτα
470 2197 570 2266 τὴν
617 2192 896 2247 διακονίαν
924 2190 1265 2253 οὲκτελέσας
1321 2188 1559 2256 ἐκείνην,
1602 2186 1701 2248 τὰς
1759 2184 1860 2255 μὲν

275 2289 429 2352 κλεῖς
454 2286 776 2355 ἀποδίδωμι,
802 2283 983 2354 φέρων
1007 2281 1163 2345 αὖθις
1192 2281 1270 2351 τῷ
1288 2279 1681 2350 θυσιαστηρίῳ.
1715 2278 1859 2347 Τρα-

278 2382 404 2445 πεὶς
446 2380 505 2434 δὲ
556 2378 696 2448 μετά
733 2394 895 2431 τινων
943 2374 1189 2444 ἀδελφῶν
1219 2374 1313 2426 ἐπὶ
1366 2371 1603 2435 δεῖπνον,
1664 2370 1858 2431 καὶείς

276 2473 444 2545 κόρον
476 2471 623 2525 οἴνου
659 2468 822 2534 πιὼν,
878 2468 973 2521 ἐπὶ
1009 2467 1107 2536 τῆς
1139 2464 1430 2537 στρωμνῆς
1460 2463 1641 2525 ἄθλιος
1693 2478 1863 2514 κατα-

277 2563 559 2632 κλίνομαι.
593 2562 701 2614 Καὶ
748 2559 948 2613 αὐτίκα
1002 2558 1068 2628 δὴ
1117 2558 1223 2619 πᾶς
1259 2554 1553 2617 ἀκολασίας
1600 2551 1862 2621 λογισμὸς

277 2654 605 2725 καταχεῖταί
663 2669 764 2723 μου
792 2653 892 2722 τῆς
946 2651 1147 2720 ψυχῆς,
1189 2648 1381 2719 ὥσπερ
1412 2647 1500 2699 ἐπ’
1528 2645 1662 2698 αὐτὸ
1695 2643 1859 2696 τοῦτο

280 2747 507 2802 πάντων
559 2762 650 2816 μοι
704 2742 1145 2814 συνδραμόντων.
1189 2737 1330 2809 Ἐγὼ
1378 2739 1434 2792 δὲ
1485 2736 1582 2808 τὴν
1623 2737 1862 2790 διάνοιαν

277 2839 394 2894 ὑπὸ
441 2842 538 2911 τῆς
576 2837 747 2910 μέθης
811 2837 894 2889 ἔτι
940 2834 1360 2903 διεφθαρμένος,
1408 2831 1582 2904 ἡδέως
1624 2828 1863 2900 ἐμαυτὸν

275 2937 398 2997 τοῖς
428 2932 710 3002 λογισμοῖς
732 2928 944 2991 τούτοις
970 2929 1150 2998 ἀνῆκα
1170 2942 1183 2957 ’
1209 2925 1302 2978 καί
1336 2941 1403 2995 με
1427 2921 1859 2994 παραλαϐόντες,

276 3024 429 3079 οὕτω
455 3023 734 3092 διέθηκαν,
764 3021 838 3083 ὡς
855 3019 951 3074 καὶ
970 3017 1228 3088 γυναικὸς
1259 3015 1612 3070 αἰσθάνεσθαι
1643 3030 1864 3084 συμπα-

281 3117 512 3192 ρούσης,
531 3117 626 3170 καὶ
648 3115 786 3187 αὐτῇ
821 3109 1244 3167 συνανακεῖσθαι
1272 3109 1467 3163 δοκεῖν.

356 3273 531 3331 PAB'.
572 3276 761 3345 ’Δφνω
788 3266 881 3327 οὖν
917 3271 1247 3344 προσϐάλλει
1287 3287 1378 3343 μοι
1400 3269 1556 3339 νέφος
1589 3268 1863 3323 σκοτεινόν

282 3391 337 3427 τι
371 3372 466 3426 καὶ
514 3339 788 3440 ἀλαμπέςο
821 3366 883 3419 τὸ
932 3339 989 3419 si
1042 3360 1110 3437 ἦν
1142 3364 1252 3435 ἄρα
1288 3339 1332 3418 ⁷ὁ
1378 3363 1724 3436 ἐπιπηδήσας
1773 3379 1863 3432 μοι
1891 3339 1934 3397 C

286 3465 488 3539 μιαρὸς
520 3462 749 3532 δαίμων·
782 3459 871 3528 ὑφ’
904 3452 967 3512 οὗ
996 3457 1305 3529 χειρωθεὶς,
1340 3455 1529 3526 ὥσπερ
1563 3455 1667 3508 ὑπὸ
1694 3464 1722 3504 P
1749 3454 1858 3506 τῶν

284 3555 570 3627 πολεμίων
618 3551 846 3624 ληφθεὶς
873 3550 1237 3621 αἰχμάλωτος,
1289 3547 1481 3618 ἔμεινα
1519 3547 1732 3617 χρόνονο
1774 3545 1866 3599 ὑπ’

284 3652 460 3707 αὐτοῦ
494 3648 680 3721 συχνὸν
707 3647 1141 3719 τιμωρούμενος,
1170 3647 1262 3700 καὶ
1288 3646 1340 3698 τί
1375 3644 1450 3715 μὴ
1481 3645 1707 3713 πάσχων
1757 3641 1868 3695 τῶν

284 3742 570 3818 χαλεπῶν.
603 3741 713 3795 Ποῦ
738 3742 848 3813 γάρ
879 3741 944 3795 ἂν
989 3741 1083 3794 καὶ
1112 3739 1272 3811 κόρον
1308 3738 1460 3792 λάϐοι
1494 3736 1736 3799 τοιοῦτος
1774 3736 1867 3807 ἐχ-

288 3837 422 3908 θρὸς
452 3833 547 3887 τοῦ
580 3833 766 3897 κακῶς
793 3833 946 3905 δρᾷν,
977 3831 1209 3901 ἐπειδὰν
1244 3830 1392 3898 ἅπαξ
1421 3830 1607 3901 κύριος
1645 3829 1870 3901 γένηται

286 3931 453 3985 τοῦτο
472 3938 500 3978 q
532 3927 663 4000 δρᾷν
692 3944 708 3993 ;
740 3926 842 3989 ἕως
872 3922 1054 3979 οἶκτόν
1110 3942 1211 3995 μου
1250 3923 1506 3987 λαϐόντες
1550 3924 1599 3977 οἱ
1629 3923 1871 3991 ἀδελφοὶ,

284 4021 639 4095 ἀναιροῦνταί
669 4037 760 4091 με,
791 4021 890 4073 καὶ
934 4019 1086 4090 παρὰ
1119 4017 1219 4089 τὴν
1248 4017 1340 4070 τοῦ
1379 4016 1534 4086 ἁγίου
1573 4016 1871 4086 ⁹κομίζουσι

288 4117 493 4188 θήκην.
534 4116 671 4184 Παρ⁹
705 4114 843 4185 αὐτῇ
898 4112 1076 4165 τοίνυν
1130 4109 1327 4175 τεθεὶς,
1378 4110 1474 4164 καὶ
1529 4110 1872 4180 παραχρῆμα

288 4208 406 4265 οἷον
434 4207 763 4277 ἀνενεγκὼν,
798 4207 892 4259 καὶ
923 4208 982 4259 ἐν
1020 4202 1241 4276 ἐμαυτῷ
1276 4204 1587 4273 γενόμενος,
1641 4202 1873 4273 ἐδεόμην

291 4297 436 4370 μετά
458 4297 676 4369 θερμῶν
701 4296 809 4349 τῶν
841 4294 1112 4366 δακρύων,
1147 4292 1292 4347 ἔλεόν
1319 4310 1421 4363 μου
1442 4293 1563 4347 τινὰ
1584 4293 1676 4347 τὸν
1698 4293 1874 4361 μέγαν

288 4390 508 4454 λαϐεῖν,
562 4389 659 4443 καὶ
709 4389 810 4457 τῆς
869 4387 1133 4459 ἐπηρείας
1173 4403 1241 4456 με
1266 4386 1473 4457 ταὺτης
1519 4385 1611 4438 τοῦ
1676 4385 1874 4457 μιαροῦ

289 4484 553 4554 δαίμονος
595 4481 902 4546 ἀπαλλάξαι
928 4498 941 4510 °
980 4482 1074 4534 καὶ
1117 4481 1493 4551 προσεκείμην
1513 4480 1606 4548 ἀφ’
1638 4481 1875 4551 ἑσπέρας

291 4578 470 4648 αὐτῆς
512 4575 779 4647 λιπαρῶν,
837 4574 933 4628 καὶ
982 4574 1082 4627 οὐκ
1128 4573 1302 4629 άνίειν
1333 4573 1603 4643 δεόμενος.
1648 4572 1787 4643 Ἤδη
1817 4572 1875 4625 δὲ

1962 2092 2121 2138 erant
2142 2098 2267 2139 vasa
2293 2098 2471 2147 sacra,
2498 2099 2561 2139 ea
2593 2086 2787 2155 partim
2814 2085 2946 2140 mihi
2975 2087 3239 2143 scelerate
3262 2090 3539 2158 usurpavi,

1961 2176 2158 2243 partim
2201 2177 2323 2232 aliis
2364 2179 2717 2248 contemptim
2766 2179 3041 2234 distribui.
3072 2178 3278 2236 Deinde
3318 2192 3541 2252 peracto

1961 2265 2055 2322 illo
2083 2267 2372 2323 ministerii
2411 2267 2609 2334 oﬂicio,
2644 2269 2827 2324 claves
2858 2272 3078 2341 quidem
3124 2273 3315 2340 reddo,
3352 2289 3543 2329 rursus

1961 2361 2030 2416 ad
2050 2377 2198 2415 aram
2231 2360 2434 2417 ferens.
2475 2362 2785 2420 Conversus
2818 2375 2999 2421 autem
3049 2380 3171 2421 cum
3217 2364 3539 2435 quibusdam

1963 2452 2222 2510 fratribus
2253 2455 2321 2510 ad
2340 2470 2575 2522 ctenam,
2610 2472 2732 2511 cum
2765 2458 2949 2512 vinum
2987 2459 3053 2513 ad
3094 2460 3411 2515 satietatem
3446 2460 3538 2516 bt-

1963 2545 2189 2610 bisscm,
2233 2547 2287 2601 in
2318 2552 2513 2616 jstrato
2564 2549 2825 2604 recumbo
2872 2549 3060 2606 miser.
3108 2548 3370 2607 Protinus
3411 2567 3543 2606 vero

1964 2646 2161 2690 cuncta
2184 2636 2420 2693 libidinis
2459 2637 2717 2707 cogitatio
2746 2639 2801 2693 in
2839 2653 3014 2695 meam
3069 2640 3390 2697 diffunditur
3425 2645 3544 2698 ani-

1965 2741 2131 2790 mam,
2162 2728 2386 2798 perinde
2413 2730 2549 2785 ac‘si
2571 2730 2638 2785 ad
2660 2731 2712 2785 id
2740 2731 2916 2801 ipsum
2947 2733 3132 2788 omnia
3157 2735 3285 2790 mihi
3309 2750 3544 2792 concur--

1964 2821 2184 2878 rissent.
2218 2821 2329 2893 Ego
2371 2831 2576 2889 autem,
2620 2823 2777 2893 cujus
2817 2826 3033 2883 animus
3063 2837 3184 2882 erat
3211 2829 3390 2885 adhuc
3421 2845 3547 2885 cor-

1965 2923 2202 2985 ruptusa
2239 2915 2578 2981 temulentia,
2611 2931 2699 2972 me
2723 2917 2955 2974 libenter
2986 2920 3181 2975 tradidi
3208 2921 3295 2976 bis
3330 2924 3542 2993 cogita-

1966 3005 2235 3073 tionibus;
2263 3021 2385 3077 qure
2416 3020 2506 3061 me
2542 3016 2878 3078 assumptum
2924 3010 3007 3065 sie
3050 3007 3368 3075 affecerunt,
3399 3023 3459 3066 ιιι
3491 3024 3547 3068 et

1965 3099 2181 3155 viderer
2209 3101 2414 3157 sentire
2449 3100 2707 3158 feminam
2752 3117 2872 3173 qua:
2912 3118 3017 3158 una
3055 3118 3266 3160 mecum
3303 3116 3468 3173 esset,
3492 3120 3548 3163 et

1965 3208 2087 3248 cum
2114 3209 2175 3248 ea
2214 3209 2317 3248 una
2348 3194 2553 3264 jacere.

2040 3280 2331 3337 CXXXIX.
2361 3284 2553 3340 Subito
2583 3288 2850 3358 igitur-me
2869 3290 3073 3345 invadit
3101 3292 3349 3361 quaedam
3380 3296 3550 3350 nubes

1971 3377 2254 3433 tenebrosa
2283 3388 2339 3432 et
2363 3378 2595 3434 obscura
2630 3398 2645 3435 :
2676 3394 2738 3434 ea
2782 3394 2945 3449 porro
2992 3392 3112 3437 erat
3148 3387 3238 3455 qui
3271 3386 3325 3441 in
3361 3401 3447 3442 me
3476 3390 3545 3443 ir-

1970 3476 2155 3523 ruerat
2184 3469 2425 3538 impurus
2448 3470 2697 3534 daamon;
2747 3485 2775 3522 a
2821 3486 2931 3539 quo
2970 3471 3238 3540 devictus,
3287 3485 3548 3546 tanquam

1968 3562 2037 3616 ab
2067 3559 2315 3616 hostibus
2332 3562 2576 3629 captivus
2606 3558 2804 3625 facula,
2838 3563 3011 3616 mansi
3041 3578 3135 3632 per
3156 3564 3376 3636 longum
3410 3577 3551 3622 rem-

1970 3669 2071 3724 pus
2098 3653 2168 3707 ab
2197 3668 2262 3708 eo
2283 3652 2576 3719 cruciatus,
2599 3661 2654 3706 et
2679 3652 2813 3723 quid
2840 3667 2944 3707 nou
2970 3669 3135 3724 grave
3170 3671 3382 3725 passus.
3413 3658 3549 3715 libi-

1972 3760 2096 3800 uam
2132 3744 2279 3799 enim
2314 3745 2623 3799 satietatem
2677 3745 2818 3799 male
2858 3745 3087 3801 faciendi
3118 3751 3331 3820 ceperit
3358 3752 3550 3822 hujus-

1973 3838 2119 3892 modi
2144 3837 2420 3902 inimicus,
2467 3839 2684 3906 quando
2729 3838 2897 3892 semel
2926 3838 3180 3896 habuerit
3222 3852 3545 3911 potestatem

1972 3929 2204 4001 faciendi
2229 3928 2370 3984 hoc?
2403 3929 2582 3985 Donec
2608 3927 2807 3985 fratres
2827 3931 2974 3987 ducti
3006 3935 3109 3988 mei
3151 3935 3547 4002 misericordia.

1973 4023 2168 4078 tollunt
2188 4035 2293 4088 me,
2329 4031 2383 4076 et
2414 4020 2482 4076 ad
2503 4021 2676 4075 sancti
2700 4036 2921 4092 capsam
2949 4023 3245 4082 adducunt.
3271 4028 3459 4099 itaque
3479 4034 3546 4085 ad

1976 4116 2121 4169 illam
2156 4114 2384 4182 positus,
2418 4114 2602 4169 statim
2648 4114 2796 4170 velut
2837 4127 3116 4173 recreatus
3156 4128 3212 4173 et
3256 4121 3309 4174 in
3345 4137 3431 4177 me
3467 4139 3552 4178 rc-

1975 4222 2189 4271 versus,
2233 4206 2455 4261 orabam
2513 4219 2634 4260 cum
2682 4206 3166 4282 calidislacrymis,
3220 4223 3280 4265 ut
3325 4229 3555 4285 magnus

1976 4299 2082 4355 mei
2117 4298 2460 4369 aliquatenus
2483 4297 2851 4364 misereretur,
2889 4315 3082 4370 meque
3118 4303 3189 4357 ab
3221 4305 3322 4359 hac
3354 4306 3552 4376 impuri

1976 4391 2241 4447 Minonis
2275 4391 2854 4446 liberaretwexatione
2889 4409 2905 4447 :
2931 4402 2986 4449 et
3015 4409 3045 4448 a
3073 4409 3300 4466 vespera
3340 4398 3428 4452 illa
3458 4403 3557 4454 ad»

1974 4481 2222 4551 jacebam
2255 4480 2586 4550 supplicans,
2621 4495 2721 4536 nec
2762 4482 3186 4540 intermittebam
3223 4503 3401 4544 orare.
3433 4490 3553 4547 iam

1978 4588 2109 4629 vero
2139 4574 2285 4628 circa
2315 4573 2549 4628 mediam
2588 4582 2798 4628 noctem
2830 4574 3056 4631 videbar
3089 4579 3219 4632 mibi
3262 4585 3464 4638 versari
3499 4585 3552 4637 in

293 4672 432 4743 περὶ
473 4669 535 4722 τὸ
578 4667 911 4740 ’μεσαίτατον
964 4666 1065 4735 τῆς
1104 4664 1319 4727 νυκτὸς,
1376 4665 1550 4718 ἐδόκει
1593 4681 1685 4735 μοι
1723 4666 1861 4735 πειρά

1977 4666 2212 4736 quodam
2239 4664 2354 4719 loco
2370 4663 2554 4721 divino
2581 4672 2635 4719 et
2675 4664 3014 4733 admirabili;
3045 4670 3198 4736 cujus
3227 4673 3550 4741 posituram,

291 4781 408 4820 τινι
454 4761 753 4832 διατρίϐειν
805 4760 956 4832 τόπῳ
1006 4758 1136 4830 θείῳ
1189 4760 1283 4811 καὶ
1334 4753 1743 4828 θαυμαστῷὀῦ
1774 4759 1873 4830 τὴν

294 4858 476 4923 θέσιν,
506 4858 567 4909 τὸ
596 4855 825 4920 κάλλος,
877 4853 975 4924 τὴν
1024 4852 1206 4923 χάριν,
1264 4849 1480 4915 εὔξαιτο
1531 4850 1630 4920 μὲν
1683 4849 1748 4904 ἄν
1788 4868 1872 4916 τις

374 5078 400 5103 υ
426 5067 500 5123 al.
531 5066 819 5138 διανομήν.
891 5073 920 5114 ρ
950 5064 1020 5118 al.
1060 5062 1163 5117 ὑπό
1193 5079 1308 5118 του.
1387 5072 1415 5112 ς
1435 5063 1506 5117 al.
1535 5063 1648 5116 τοῦ.

1982 4756 2465 4829 pulchritudinem,
2505 4755 2760 4826 gratiam,
2802 4760 3070 4824 optaverit
3108 4761 3325 4827 quidem
3372 4765 3557 4822 videre

1980 4851 2275 4921 quispiam.
2293 4848 2388 4905 sed
2416 4849 2597 4904 verbis
2619 4863 2957 4918 nequaquam
2985 4852 3190 4920 poterit
3219 4856 3550 4924 exprimere.

1668 4963 1907 5023 VARUS
1941 4962 2346 5020 LECTIONES.

1617 5163 1812 5220 JOAN.
1851 5162 2191 5221 BOLLANDI
2222 5158 2454 5217 ΝΟΤᾹΖ.

373 5264 491 5338 (90)
517 5262 692 5318 Lubet
705 5261 773 5318 de
797 5277 929 5338 voce
958 5263 1090 5338 hac._
1107 5261 1717 5338 nusquam’libinobis
1741 5263 1871 5338 Διιιιῐ-

297 5330 427 5394 dein
474 5330 708 5397 notata,
764 5334 1032 5388 eruditum
1065 5332 1290 5386 Adriani
1317 5330 1573 5387 Cr'ommii
1626 5334 1867 5404 (utrique

296 5417 552 5464 nostrum
600 5418 817 5472 smper
863 5420 984 5457 cum
1032 5405 1238 5456 honore
1290 5405 1630 5468 nominandi,
1685 5420 1714 5457 a
1760 5419 1867 5473 quo

297 5476 479 5535 sacris
500 5473 719 5528 Litteris
746 5473 1165 5543 tbeolugicisque
1187 5473 1486 5543 disciplinis
1506 5489 1693 5529 sumus
1724 5475 1873 5529 iusti-

302 5548 435 5617 tuti)
454 5545 825 5610 conjecturam
855 5541 1124 5617 apponere
1148 5560 1163 5595 :
1186 5541 1519 5617 cExistimo,
1548 5545 1745 5611 inquit,
1770 5545 1875 5599 lle-

297 5613 505 5676 iirmam
528 5630 650 5669 esse
678 5629 861 5668 vocem
884 5631 899 5678 ;
924 5627 977 5666 et
997 5615 1076 5668 sic
1097 5613 1437 5667 scribendam
1463 5621 1648 5674 νηὶ-ιε)
1669 5624 1877 5669 manat—

296 5692 383 5760 in,
409 5689 462 5743 id
486 5696 589 5750 est,
618 5695 818 5760 partes,
851 5686 963 5760 sive
995 5686 1288 5760 portiones,
1325 5684 1440 5747 Dei.
1470 5687 1583 5738 sive
1614 5689 1878 5760 inemptas

298 5754 493 5825 Uajtcs,
522 5770 745 5825 quasex
776 5755 864 5806 Dei
889 5755 1149 5807 benelicin
1178 5754 1228 5806 in
1253 5756 1559 5825 desertoﬁex
1590 5758 1879 5813 arboribus

299 5824 388 5885 vel
427 5824 614 5881 herbis
660 5824 928 5892 legebant.
969 5825 1173 5879 Similis
1210 5839 1312 5877 vox
1343 5837 1425 5878 est
1458 5824 1704 5879 Estheris
1734 5842 1795 5890 ll,
1821 5842 1872 5881 ν.

297 5901 335 5955 9
364 5902 416 5954 in
440 5898 690 5958 Hebraeo,
721 5893 808 5947 ubi
839 5892 1054 5948 Estheri
1094 5895 1349 5967 dicuntur
1368 5896 1504 5950 data:
1522 5907 1698 5963 partes
1737 5898 1871 5967 ejus.

298 5970 443 6027 lieb.
478 5975 685 6029 attain
736 5967 1009 6031 portiones
1059 5964 1197 6032 ejus.
1229 5966 1345 6022 sive
1375 5981 1461 6024 res
1497 5970 1545 6021 ei
1573 5969 1640 6024 ad
1670 5964 1872 6025 victum

546 6061 818 6122 PATROL.
849 6058 965 6120 Gtt.
1006 6060 1207 6124 CXIV.

1979 5270 2037 5319 et
2055 5262 2261 5319 cultum
2285 5257 2757 5334 necessariae._8ed
2777 5259 2847 5315 ibi
2865 5260 3147 5321 mlittera:
3161 5260 3348 5318 ﬂnales
3375 5263 3560 5334 plura-

1975 5335 2079 5389 lem
2137 5345 2420 5386 numerum
2476 5342 2534 5403 et
2571 5329 2797 5403 anisum
2871 5334 3186 5403 fetutininum
3226 5329 3554 5403 significant.

1976 5404 2167 5459 Posset
2185 5403 2348 5457 etiam
2384 5415 2447 5454 ex
2487 5398 2753 5473 ilebraica
2780 5411 2834 5457 et
2870 5401 3059 5473 Graeca
3109 5418 3233 5473 esse
3261 5398 3567 5473 coniposlta

1979 5475 2167 5536 dictio,
2201 5482 2260 5543 ut.
2290 5472 2590 5543 _p.atvov0£a
2624 5473 2696 5527 sit
2727 5472 2881 5541 quasi
2905 5473 3081 5543 μάννα
3115 5472 3362 5539 ἑωθινόν,
3394 5485 3451 5526 ιιι
3491 5478 3562 5529 sit

1981 5544 2173 5598 allusio
2193 5542 2259 5595 ad
2287 5541 2409 5596 Man
2448 5544 2563 5597 sive
2590 5538 2787 5596 mantia
2816 5538 3189 5607 llebrteorum,
3216 5547 3358 5612 quod
3391 5538 3571 5597 Exodi?
3642 5556 3656 5567 ‘

1984 5631 2101 5672 xvn.
2131 5630 2184 5667 ν.
2214 5612 2307 5679 2i,
2343 5623 2399 5667 et
2425 5614 2670 5681 Sapient.
2701 5629 2813 5677 xvt,
2847 5630 2900 5668 ν.
2923 5614 3014 5677 28,
3044 5623 3169 5667 ante
3201 5628 3379 5668 ortum
3432 5614 3565 5668 solis

1987 5685 2346 5755 colligendum
2395 5696 2532 5738 erat.
2585 5682 2929 5754 Vocaturque
2984 5688 3155 5755 ipsum
3210 5700 3355 5743 man.
3405 5686 3559 5752 quasi

1986 5771 2113 5826 pars
2147 5754 2227 5807 vel
2255 5755 2452 5823 portio,
2479 5770 2599 5823 qua:
2631 5755 2760 5824 ipsis
2802 5773 2831 5809 a
2874 5756 2981 5809 Deo
3008 5754 3278 5817 dabatur,
3333 5766 3388 5807 et
3446 5757 3564 5826 sine

1985 5825 2170 5879 labore
2196 5828 2633 5892 comparabatur,
2670 5827 3259 5895 quanqnametaliam
3291 5825 3562 5895 etymqu-

1985 5898 2128 5965 giant
2156 5897 2249 5948 dat
2281 5906 2462 5965 uoster
2482 5895 2750 5963 lnterpres
2772 5911 2836 5947 ex
2864 5893 3025 5948 LXX.
3053 5893 3223 5965 Exod.
3253 5893 3364 5951 xw.
3397 5912 3445 5951 v.
3472 5894 3563 5961 15,

1985 5963 2043 6023 ut
2068 5978 2147 6029 Nn
2172 5976 2264 6025 fit:
2294 5963 2551 6033 Hau/tau,
2583 5966 2653 6020 sit
2687 5966 2836 6034 quasi
2866 5974 3040 6054 quta
3065 5964 3202 6027 Quid
3242 5967 3379 6022 hoc?
3414 5985 3434 6020 ι

3076 6062 3154 6121 23
