3846 6462
312 440 420 508 715

1545 441 1831 503 MENSIS
1868 441 2329 505 IANUARIUS.

3487 442 3603 506 716

312 561 444 618 Mihi
478 571 694 632 quoque
748 557 1042 614 videbatur
1094 555 1248 627 nigra
1308 556 1555 626 quaedam
1607 555 1820 612 cuculla
1857 564 1909 610 et

2018 557 2166 627 ἰδεῖν,
2194 559 2338 630 λόγῳ
2363 558 2418 612 δὲ
2442 556 2667 621 δυνατὸς
2690 556 2862 610 εἰπεῖν
2889 556 3143 628 οὐδαμῶς
3176 553 3350 610 ἔσται.
3406 556 3605 629 Ἐᾠκει

314 657 473 727 plena
508 652 707 708 vellere
742 650 905 721 capiti
937 664 1059 706 meo
1087 664 1208 705 esse
1239 649 1488 719 imposita
1521 669 1535 704 :
1568 648 1698 704 illud
1724 659 1906 703 autem

2018 652 2067 705 δέ
2096 668 2187 722 μοι
2218 652 2314 705 καὶ
2345 651 2662 706 κουκούλιόν
2695 666 2749 703 τι
2796 649 2967 721 μέλαν
3010 649 3105 703 καὶ
3161 648 3366 720 μαλλοῦ
3393 650 3606 720 πλῆρες

314 747 488 805 vellus
535 747 592 817 (ο
637 744 906 800 malorum
948 742 1208 813 depulsor
1255 757 1414 798 serve
1469 741 1561 796 Dei
1592 740 1905 813 Eutliymi!)

314 841 457 897 absit
493 849 554 895 ut
577 839 699 896 ullis
733 827 1232 910 aliis'imponatur.
1267 835 1402 892 Nam
1437 838 1767 893 intrinsecus
1788 837 1910 908 qui-

316 937 437 989 dem
464 932 584 988 loeo
618 931 795 988 mollis
816 932 976 997 lanae,
999 938 1190 987 ornata
1222 940 1339 985 erat
1359 930 1557 1002 spinis,
1586 930 1763 1001 iisque
1798 945 1907 985 non

319 1026 700 1082 tolerabilibus
733 1026 923 1094 utique
955 1034 1010 1080 et
1044 1022 1430 1088 mediocribus,
1473 1023 1570 1079 sed
1612 1037 1733 1092 qua:
1771 1023 1910 1078 scri-

321 1122 630 1195 ptoriorum
660 1120 1153 1175 instrumentorum
1179 1115 1416 1171 stimulis
1452 1114 1826 1188 magnitudine
1847 1129 1912 1170 ac

314 1214 656 1288 longitudine
676 1222 834 1269 erant
869 1212 1115 1277 similes;
1150 1219 1314 1281 caput
1336 1219 1518 1264 autem
1546 1224 1725 1266 meum
1752 1207 1911 1263 valde

316 1305 616 1379 pungebat,
655 1317 833 1375 neque
869 1304 1097 1358 omnino
1135 1301 1289 1357 hiare
1333 1300 1553 1357 sinebat
1598 1307 1692 1355 aut
1746 1300 1914 1370 reapi-

318 1416 464 1459 rare.

387 1493 545 1550 CXL.
578 1492 756 1548 Tanto
790 1491 958 1562 igitur
998 1488 1145 1545 malo
1176 1502 1422 1557 pressus,
1453 1488 1634 1557 lingua
1669 1484 1800 1540 mihi
1832 1483 1912 1537 vi-

318 1589 486 1644 debar
520 1600 740 1641 versare
777 1598 973 1640 nomen
1008 1581 1317 1653 Euthymii,
1366 1593 1601 1649 eumque
1639 1571 1915 1632 orare.'Et

318 1684 415 1741 ille
446 1683 632 1738 statim
692 1678 826 1734 mihi
872 1685 1123 1747 apparet,
1169 1674 1337 1730 multa
1396 1673 1516 1726 luce
1557 1670 1913 1727 circumcirca

317 1775 623 1845 refulgens,
653 1770 779 1841 pilis
824 1784 1018 1833 canus,
1070 1778 1214 1823 teres
1260 1776 1506 1835 aspectu,
1548 1763 1689 1818 lzetis
1716 1761 1911 1827 oculis,

316 1876 525 1923 statura
558 1863 765 1929 brevis,
800 1860 1067 1932 promissa
1118 1860 1308 1923 barba,
1364 1858 1518 1929 nigro
1570 1855 1734 1927 pallio
1772 1854 1912 1908 ami-

317 1967 460 2024 ctus,
503 1965 559 2012 et
596 1954 850 2010 baculum
888 1967 1051 2007 manu
1102 1959 1293 2006 tenens
1326 1966 1339 2001 :
1376 1958 1539 2017 atque
1568 1949 1632 2002 ad
1666 1962 1751 2003 me
1786 1947 1862 2001 ait
1894 1965 1908 1999 :

316 2054 566 2121 Quanam
589 2064 649 2105 re
688 2047 782 2103 tibi
804 2060 942 2117 opus
976 2045 1099 2099 est?
1152 2041 1295 2110 Quid
1330 2052 1511 2096 autem
1561 2040 1647 2095 vis
1697 2040 1791 2094 tibi
1829 2037 1912 2093 fa-

315 2144 507 2201 ciam?
540 2141 678 2198 Cum
725 2146 909 2193 autem
956 2150 1057 2207 ego
1100 2133 1562 2190 subtremebunde
1609 2145 1675 2186 ac
1724 2131 1914 2186 timide

318 2232 722 2305 respondissem
756 2245 771 2283 :
807 2227 1070 2284 Miserere
1103 2238 1239 2279 meae
1278 2221 1628 2288 calamitatis,
1653 2230 1707 2276 et
1739 2237 1767 2275 a
1796 2236 1913 2277 mo-

320 2330 462 2385 lesto
505 2326 609 2382 hoc
650 2338 739 2380 me
772 2322 941 2378 libera
976 2321 1269 2386 .daemone,
1324 2317 1415 2372 ille
1465 2315 1740 2372 ansterius
1767 2315 1912 2370 exci-

319 2422 479 2491 piens
522 2434 539 2473 :
583 2417 692 2473 Sed
746 2426 905 2472 estne
975 2412 1092 2477 tibi,
1134 2411 1332 2480 inquit,
1380 2423 1702 2480 persuasum
1739 2421 1805 2463 ex
1846 2406 1913 2463 iis

321 2527 442 2585 quae
490 2510 628 2565 fiunt
653 2506 786 2562 nihil
810 2517 972 2575 posse
1002 2503 1171 2557 Deum
1208 2500 1416 2556 latere?
1444 2499 1691 2554 Didicisti
1720 2512 1817 2568 per
1846 2511 1910 2551 ea

322 2620 446 2678 quae
481 2616 674 2674 passus
710 2614 794 2665 es,
841 2605 1107 2668 quantum
1152 2592 1351 2649 malum
1389 2593 1481 2659 sit,
1513 2608 1598 2648 res
1627 2589 1909 2658 Ecclesiae,

321 2695 619 2766 autpotius
643 2690 739 2747 Dei
785 2688 1082 2757 despicere,
1116 2693 1170 2742 et
1202 2691 1364 2756 prout
1408 2699 1573 2739 casus
1619 2680 1806 2737 tulerit
1829 2691 1908 2734 te-

321 2802 474 2846 mere
501 2783 871 2858 profundere?
904 2780 1059 2836 Sicut
1089 2779 1237 2835 enim
1274 2792 1455 2833 rerum
1490 2775 1751 2832 Ecelesiis
1783 2788 1913 2830 con-

322 2886 664 2938 seeratarum
726 2875 902 2948 gratia
947 2882 1138 2944 aperte
1191 2870 1389 2925 transit
1424 2869 1491 2923 ad
1542 2868 1754 2932 Deum;
1797 2866 1913 2933 ipse

323 2984 505 3030 autem
522 2986 716 3028 rursus
742 2969 894 3025 novit
913 2982 980 3021 ex
1012 2965 1125 3019 alto
1145 2963 1389 3034 praebere
1416 2959 1909 3016 remunerationes:

320 3071 398 3124 ita
422 3076 476 3123 et
502 3065 592 3136 qui
624 3064 705 3119 eis
755 3062 897 3117 male
926 3066 1178 3124 utuntur,
1226 3068 1333 3111 non
1383 3054 1438 3109 in
1478 3053 1667 3116 alium,
1715 3050 1808 3107 sed
1858 3051 1910 3105 in

324 3161 477 3216 illum
502 3157 679 3227 ipsum
709 3162 833 3209 sunt
860 3148 1265 3215 contumeliosi,
1319 3147 1479 3217 eique
1529 3159 1719 3215 pmnas
1760 3148 1913 3197 luunt

324 3252 573 3308 meritas.
607 3246 745 3314 Nam
776 3247 822 3301 si
853 3245 985 3301 olim
1024 3241 1265 3297 Ananias
1290 3254 1414 3295 eum
1444 3254 1636 3304 uxore,
1663 3236 1805 3307 quod
1842 3250 1909 3290 ex
1935 3277 1982 3341 Ο

324 3348 394 3405 iis
418 3360 539 3417 quae
567 3343 667 3414 ipsi
696 3339 1006 3397 obtulerant
1056 3334 1473 3405 surripuissent,
1515 3341 1695 3386 tantas
1741 3331 1909 3384 dede-

326 3448 454 3496 runt
488 3450 701 3509 ptenas,
729 3443 790 3489 ut
818 3433 936 3503 ipso
975 3445 1077 3484 una
1106 3428 1160 3482 in
1192 3428 1337 3482 furto
1381 3425 1567 3480 statim
1633 3436 1912 3477 moreren-

331 3544 438 3597 tur,
465 3541 760 3601 quamnam
799 3524 984 3593 utique
1045 3520 1258 3576 veniam
1299 3526 1685 3585 consequetur,
1715 3514 1807 3583 qui
1844 3527 1911 3568 ne

325 3624 516 3680 alienae
545 3622 761 3692 quidem
813 3618 893 3672 sic
944 3614 1121 3685 parcit
1161 3610 1516 3668 oblationi“?
1551 3607 1774 3671 Verum,
1826 3606 1909 3659 iu-

326 3719 467 3786 quit,
491 3715 536 3770 si
574 3723 786 3784 pactum
836 3715 1162 3764 conventum
1200 3704 1417 3769 feceris,
1452 3713 1505 3758 te
1536 3718 1644 3757 non
1678 3699 1911 3769 amplius

326 3801 495 3866 rebus
538 3805 712 3862 sacris
758 3802 990 3871 injustas
1036 3813 1229 3854 manus
1274 3797 1672 3858 immissurum,
1722 3805 1825 3846 nec
1855 3792 1907 3845 in

326 3901 595 3958 malarum
656 3895 1049 3968 cogitationum
1104 3890 1436 3947 admissioue
1481 3888 1905 3949 luxuriaturum,

327 4008 400 4061 te,
428 3991 628 4063 inquit,
657 3986 1031 4046 consolabitur
1058 3984 1224 4050 Deus,
1262 3991 1319 4039 et
1366 3982 1606 4038 sanabit.
1638 3978 1734 4033 Est
1762 3977 1907 4032 enim

284 4071 289 4075 ’
327 4085 600 4155 benignus
644 4091 697 4137 et
740 4081 1000 4147 clemens,
1041 4086 1099 4134 et
1126 4092 1239 4134 non
1269 4075 1384 4131 vult
1406 4084 1634 4131 mortem
1658 4079 1908 4142 peccato-

326 4182 429 4244 ris,
465 4186 526 4234 ut
550 4173 731 4230 divina
763 4173 956 4228 docent
981 4167 1279 4239 eloquia“,
1307 4166 1530 4223 sicutut
1557 4169 1909 4220 convertatur

326 4276 447 4344 ipse
491 4279 548 4328 et
595 4268 760 4324 vivat.
794 4262 1242 4335 Quandoquidem
1287 4260 1384 4316 tibi
1434 4259 1558 4314 ideo
1608 4262 1909 4312 evenerunt

325 4361 635 4437 praesentia,
680 4356 823 4429 quod
881 4369 1065 4412 rerum
1117 4366 1399 4411 sacrarum
1457 4347 1763 4406 ministerio
1811 4359 1909 4403 ac-

323 4468 503 4530 cepto,
535 4469 643 4511 non
672 4464 852 4508 tamen
881 4448 1116 4520 teipsum
1151 4448 1260 4503 Deo
1292 4442 1629 4502 conservasti
1670 4439 1907 4505 fidelem,

321 4555 419 4607 sed
448 4546 632 4606 statim
665 4544 731 4599 ad
762 4540 944 4598 dolum
971 4537 1285 4609 furtumque
1317 4532 1641 4605 respexisti;
1669 4540 1903 4593 metens,

2014 744 2324 799 ὲπικεῖσθαί
2356 762 2458 815 μου
2484 746 2551 817 τῇ
2578 743 2830 817 κεφαλῇ’
2878 746 2907 797 ό
2933 743 2991 797 δὲ
3026 742 3228 814 μαλλδς
3251 742 3400 814 αὐτῷ
3445 741 3601 815 (ἀλε-

2013 838 2209 905 ξίκακε
2241 839 2482 911 θεράπον
2510 837 2647 893 Θεοῦ
2675 836 2954 907 Εὑθύμιε)
2997 837 3134 909 μηδὲ
3164 836 3374 907 ἑτέροις
3411 838 3601 889 ἔπιτε-

2013 930 2477 1003 θῆναι·μηδαμῶς
2511 929 2972 1001 γένοιτο.⁹Εκόμα
3013 934 3115 999 μὲν
3140 929 3251 998 γὰρ
3278 932 3348 982 τά
3378 928 3528 983 ἔνδον
3551 939 3597 991 ι’,

2015 1024 2279 1087 ἀκάνθαις
2310 1026 2435 1079 ἀντὶ⁵
2466 1024 2653 1095 μαλῶν
2673 1035 2719 1090 ³,
2754 1023 2848 1077 καὶ
2877 1021 3107 1085 ταύταις
3133 1022 3195 1075 ού
3227 1024 3501 1092 φορηταῖς
3532 1021 3599 1091 δή

2012 1131 2125 1168 τισι
2169 1115 2262 1168 καὶ
2294 1116 2571 1187 μετρίαις,
2604 1114 2743 1170 ἀλλά
2776 1116 2891 1179 τοῖς
2919 1114 3031 1167 τῶν
3058 1113 3352 1186 γραφικῶν
3379 1116 3396 1152 ι
3431 1115 3605 1184 ἐργα-

2015 1207 2176 1262 λείων
2207 1208 2459 1279 κέντροις
2508 1208 2567 1262 τό
2609 1226 2668 1262 τε
2715 1207 2950 1278 μέγεθος
2991 1207 3088 1261 καὶ
3123 1206 3185 1277 τὸ
3220 1209 3397 1279 μῆκος
3422 1224 3604 1277 παραυ

2016 1298 2308 1370 πλησίαις’
2372 1299 2581 1353 ἐκέντει
2613 1300 2671 1354 δέ
2727 1317 2830 1371 μου
2877 1299 3128 1370 σφοδρῶς
3173 1299 3275 1370 τὴν
3324 1299 3599 1372 κεφαλὴν,

2016 1389 2114 1444 καὶ
2145 1388 2269 1442 οὐδὲ
2296 1388 2506 1459 χαίνειν
2532 1388 2669 1454 ὅλως
2702 1390 2825 1443 οὐδὲ
2858 1391 3121 1445 ἀναπνεῖν
3149 1388 3471 1461 συνεχώρει.

2086 1479 2221 1536 PM'.
2267 1481 2509 1552 Τοιούτῳ
2552 1481 2842 1553 τοιγαροῦν
2908 1481 3067 1551 κακῷ
3125 1481 3472 1551 πιεζόμενος,
3511 1480 3604 1535 διὰ

2016 1572 2264 1644 γλώττης
2311 1573 2568 1645 στρέφειν
2599 1576 2663 1628 τδ
2696 1573 2791 1627 τοῦ
2825 1575 3105 1645 Εὐθυμίου
3140 1574 3334 1640 δνομα,
3370 1577 3465 1628 καὶ
3489 1574 3605 1627 δεῖ·

2019 1666 2146 1720 σθαι
2173 1665 2338 1720 αὐτού
2376 1666 2616 1721 ἐδόκουν.
2644 1667 2755 1720 Καὶ
2800 1666 2880 1729 ὃς,
2912 1666 3075 1730 εὐθὺς
3106 1652 3456 1736 ἐπιφαίνεταὶ
3487 1683 3604 1736 μοι,

2019 1759 2203 1831 πολλῷ
2231 1759 2311 1833 τῷ
2339 1761 2479 1829 φωτὶ
2510 1759 2697 1832 κύκλῳ
2727 1760 3232 1832 περιλαμπόμενος,
3286 1760 3473 1823 πολιὸς
3502 1762 3606 1831 τὴν

2017 1854 2202 1925 τρίχα,
2241 1853 2575 1926 στρογγύλος
2623 1855 2724 1924 τὴν
2762 1853 2909 1924 ὄψιν,
2953 1853 3180 1925 φαιδρὸς
3223 1855 3351 1917 τοὺς
3396 1854 3608 1924 ὀφθαλ-

2019 1948 2176 2017 μοὺς,
2199 1948 2297 2019 τὴν
2323 1947 2798 2020 ἡλικίαννβραχὺς,
2841 1947 3011 2019 βαθὺς
3039 1947 3131 2000 τὸν
3160 1945 3425 2016 πώγωνα,
3464 1965 3607 2017 μανι

2013 2040 2148 2094 δύαν
2184 2040 2393 2112 μέλανα
2428 2042 2847 2112 περικείμενος,
2879 2041 3075 2113 ῥάϐδον
3100 2057 3159 2095 τε
3196 2043 3263 2110 τῇ
3290 2040 3439 2110 χειρὶ
3466 2057 3605 2092 κατ-

2016 2133 2194 2204 έχων
2227 2134 2321 2187 καλ⁸
2358 2135 2524 2187 Ὄτου
2570 2133 2689 2208 δέῃ,
2724 2133 2860 2205 πρός
2922 2132 2991 2202 μέ
3040 2146 3206 2203 φησι;
3238 2130 3305 2183 Τί
3335 2132 3389 2183 δὲ
3422 2130 3607 2201 βούλει

2015 2226 2229 2296 ποιήσω
2265 2242 2378 2292 σοι;
2420 2226 2587 2296 Ἑμοῦ
2637 2226 2697 2279 δὲ
2746 2225 3059 2295 ὑπότρομόν
3105 2241 3161 2277 τι
3207 2224 3300 2277 καὶ
3352 2224 3607 2295 περιδεὲς

2014 2319 2485 2390 ἀποκριναμένου,
2523 2320 2793 2389 οἰκτεῖραι
2845 2318 2941 2372 τοῦ
2975 2317 3200 2383 πάθους,
3253 2319 3349 2371 καὶ
3375 2317 3470 2370 τοῦ
3506 2335 3608 2387 χα-

2014 2412 2183 2467 λεποῦ
2212 2413 2404 2466 τούτου
2439 2412 2695 2482 δαίμονος
2725 2412 3035 2478 ἀπαλλάξαι
3059 2428 3129 2481 με
3154 2427 3168 2442 ο
3198 2411 3607 2483 αὐστηρότερον

2017 2506 2230 2569 ἐκεῖνος
2265 2505 2558 2559 ὑπολαϐὼν
2580 2548 2592 2572 ,
2632 2506 2705 2560 Σὺ
2738 2506 2795 2559 δὲ
2828 2504 2945 2559 ἀλλ’
2974 2504 3257 2576 ἐπείσθης,
3296 2507 3485 2575 φησιν,
3519 2506 3604 2558 ὅτι

2015 2599 2125 2652 τῶν
2195 2600 2499 2668 γινομένων
2547 2598 2705 2652 οὐδὲν
2758 2598 2852 2653 τὸν
2905 2598 3039 2654 Θεδν
3092 2600 3280 2652 λαθεῖν
3333 2599 3602 2663 δυνατόν;

2022 2688 2269 2759 Ἐμαθες
2323 2691 2380 2756 ἐξ
2427 2684 2504 2744 ὧν
2557 2690 2762 2754 ἔπαθες
2803 2691 2991 2761 ἡλίκον
3019 2690 3089 2743 τά
3113 2693 3213 2762 τῆς
3251 2690 3607 2763 Ἐκκλησίαξ,

2020 2780 2223 2851 μᾶλλον
2254 2779 2310 2832 δὲ
2355 2780 2421 2833 τα
2478 2779 2571 2833 τοῦ
2602 2778 2738 2833 Θεοῦ
2773 2782 3128 2851 περιφρονεῖν
3161 2780 3356 2844 κακὸν,
3397 2780 3492 2832 καὶ
3528 2778 3605 2842 ὡς

2016 2874 2083 2928 ἂν
2117 2874 2216 2928 καὶ
2236 2875 2391 2946 τύχοι
2421 2873 2713 2945 προΐεσθαι
2734 2874 2939 2940 ςὬσπε
2951 2892 2981 2945 ρ
3004 2874 3115 2944 γὰρ
3147 2876 3179 2943 ἡ
3204 2875 3315 2926 τῶν
3342 2874 3603 2941 ἀφοσιουο

2021 2967 2198 3037 μένων
2226 2969 2349 3031 ταῖς
2381 2967 2734 3038 Ἐκκλησίαις
2766 2968 2957 3037 χάρις,
2993 2966 3135 3037 πρὸς
3173 2965 3308 3018 Θεὸν
3344 2964 3607 3034 ἄντικρυς

2016 3061 2316 3115 διαϐαίνει’
2371 3061 2465 3115 καὶ
2510 3060 2673 3123 αὒτδς
2721 3060 2778 3113 δὲ
2828 3060 2991 3114 πάλιν
3023 3059 3235 3113 ἀνωθεν
3262 3054 3374 3113 οἶδε
3416 3075 3606 3129 παρα-

2021 3155 2173 3223 σχεῖν
2206 3154 2305 3215 τὰς
2343 3151 2641 3215 ἀντιδόσεις
2662 3168 2676 3182 ο
2713 3151 2857 3204 οὕτω
2886 3151 2950 3222 δὴ
2981 3152 3075 3205 καὶ
3110 3152 3158 3205 οἱ
3193 3151 3386 3215 κακῶς
3419 3153 3606 3214 αὐτοῖς

2019 3244 2374 3316 κεχρημένοι,
2403 3245 2504 3299 ούκ
2535 3246 2614 3308 είς
2644 3245 2823 3311 ἄλλον,
2877 3244 2993 3299 ἀλλ’
3052 3244 3133 3308 είς
3185 3244 3350 3297 αὐτὸν
3390 3245 3609 3297 ἐκεῖνον

2017 3337 2436 3411 ἐμπαροινοῦσι,
2475 3339 2571 3392 καὶ
2596 3338 2694 3409 τὴν
2730 3339 2888 3405 ἀξίαν
2912 3337 3064 3410 αὐτῷ
3091 3338 3249 3409 δίκην
3284 3338 3604 3410 ὑπέχουσιν.

2018 3431 2081 3485 Et
2116 3432 2223 3500 γάρ
2253 3431 2281 3483 ό
2322 3429 2575 3494 Ἀνανίας
2609 3430 2778 3484 πάλαι
2825 3429 2964 3501 μετά
2994 3431 3095 3500 τῆς
3125 3429 3408 3499 γυναικὸς,
3438 3428 3499 3495 ὲξ
3527 3424 3606 3482 ῶν

2016 3522 2171 3578 αὐτοὶ
2199 3524 2587 3594 προσήνεγκαν
2623 3523 2986 3594 ὑφελόμενοι,
3034 3523 3369 3594 τηλικαύτην
3413 3523 3607 3576 ἔδοσαν

2016 3617 2308 3687 τιμωρίαν,
2340 3616 2416 3679 ὡς
2443 3618 2581 3687 αὐτῇ
2619 3620 2719 3671 σὺν
2760 3620 2872 3687 ἅμα
2905 3619 2970 3689 τῇ
3004 3617 3179 3689 κλοπῇ
3208 3617 3603 3683 ἐπαποθανεῖν,

2016 3710 2177 3775 ποίας
2237 3711 2346 3780 ἄρα
2395 3709 2647 3775 τεύξεται
2680 3711 3034 3782 συγγνώμης,
3078 3713 3106 3765 ό
3142 3710 3279 3781 μηδὲ
3312 3710 3606 3783 ἀλλοτρίας

2015 3799 2160 3854 οὕτω
2223 3801 2542 3871 προσφορᾶς
2568 3799 2914 3870 φειδόμειηοςς
2959 3800 3100 3854 Ἀλλ’
3122 3809 3149 3838 ιι
3182 3803 3231 3855 εἰ
3258 3800 3437 3868 δίδως,
3468 3801 3601 3873 ἔφη,

2017 3893 2315 3964 συνθήκας,
2370 3897 2570 3965 μηκέτι
2599 3896 2790 3967 χεῖρας
2826 3894 3083 3959 ἀδίκους*
3115 3895 3284 3965 ἱεροῖς
3314 3893 3605 3948 ἐπιϐαλεῖν

2016 3984 2329 4057 πράγμασι,
2390 3988 2528 4059 μήτε
2588 3987 2695 4058 μὴν
2733 3986 3014 4057 λογισμῶν
3060 3986 3281 4056 φαύλων
3313 3986 3601 4061 παραδοχῇ

2014 4077 2491 4151 καθηδυπαθῆσαι,
2538 4078 2978 4152 παρακαλεῖται,
3030 4079 3218 4153 φησὶν,
3251 4079 3279 4132 δ
3312 4078 3467 4146 Θεὸς,
3506 4081 3606 4135 καὶ

2018 4171 2165 4227 ἰᾶταί
2195 4188 2275 4226 σε.
2309 4170 2697 4245 Φιλάνθρωπος
2751 4171 2893 4244 γάρ·
2946 4170 3044 4226 καὶ
3097 4172 3159 4225 οὐ
3214 4170 3473 4243 βούλεται
3507 4172 3604 4225 τὸν

2015 4266 2248 4320 θάνατον
2273 4263 2366 4319 τοῦ
2395 4262 2758 4337 ἀμαρτωλοῢ,
2790 4259 2826 4341 ᾖ
2858 4265 2953 4319 καὶ
2986 4265 3055 4320 τὰ
3088 4264 3207 4319 θεῖα
3234 4264 3484 4319 διδάσκει
3505 4265 3615 4341 Λόη

2015 4376 2147 4429 για,
2177 4358 2251 4423 ὡς
2286 4356 2347 4412 τδ
2372 4356 2703 4429 ἐπιστρέψαι
2732 4358 2827 4411 καὶ
2859 4358 2960 4429 ζῇν
2988 4356 3174 4413 αὐτόν.
3200 4357 3358 4411 Ἐπεὶ
3389 4356 3488 4412 καὶ
3511 4355 3607 4410 διὰ

2014 4451 2174 4506 τοῦτό
2204 4450 2378 4504 σοιτά
2409 4450 2654 4521 παρόντα
2681 4448 2905 4520 συνέϐη,
2945 4449 3026 4503 δτι
3060 4449 3408 4521 πραγμάτων
3426 4448 3606 4520 ’ἱερῶν

2014 4544 2292 4600 διακονίαν
2353 4542 2743 4615 ἐγχειρισθεὶς,
2796 4542 3061 4614 οὐμενοῦν
3112 4542 3192 4613 τῷ
3234 4540 3357 4614 Θεῷ
3403 4528 3613 4597 πιστὸν

325 4652 387 4699 ut
421 4655 550 4697 vere
584 4638 787 4702 dicam,
834 4632 925 4688 ubi
971 4645 1079 4686 non
1114 4626 1420 4692 seminasti,
1471 4634 1528 4679 et
1566 4637 1908 4694 congregans

2018 4639 2242 4694 σεαυτὸν
2269 4639 2565 4710 ἑφύλαξας,
2607 4638 2745 4693 ἀλλά
2775 4636 2912 4711 πρὸς
2944 4637 3096 4692 δόλον
3138 4638 3304 4703 εὐθὺς
3335 4639 3435 4692 καὶ
3476 4624 3613 4711 κλο-Ϊ

322 4738 413 4793 ubi
451 4750 561 4790 non
594 4726 928 4802 sparsisti“.
958 4724 1095 4780 Hinc
1111 4728 1291 4777 ortum
1318 4717 1507 4774 habuit
1534 4716 1819 4772 derelictio
1843 4715 1909 4773 ab

2018 4733 2125 4805 ’κήν
2178 4708 2441 4801 εϐλεῷας·
2500 4730 2757 4804 θερίζων,
2805 4708 3024 4802 ἀληθῶς
3052 4730 3260 4796 είπεῖν,
3314 4731 3450 4785 δπου
3499 4708 3615 4785 ούιέ

321 4827 576 4895 eo;biue
607 4822 841 4883 iusuitus
882 4816 1067 4874 carnis
1118 4822 1173 4867 et
1205 4808 1657 4879 intemperantia;
1700 4822 1908 4864 necnon

2018 4823 2296 4895 ἔσπειρας,
2326 4822 2421 4875 καὶ
2450 4822 2701 4890 συνάγων
2738 4821 2866 4876 ὅθεν
2892 4820 2955 4875 οὐ
3004 4821 3420 4892 διεσκόρπισας.
3480 4821 3615 4903 ἐἰν-¹

322 4919 502 4992 gravis
536 4915 624 4972 hic
653 4929 682 4967 a
713 4907 1051 4966 daemonibus
1075 4901 1295 4963 ﬂuctus,
1325 4898 1477 4964 hinc,
1525 4898 1721 4966 inquit,
1767 4898 1819 4951 in
1854 4906 1908 4953 te

2018 4916 2204 4971 τεῦθεν
2229 4918 2263 4986 ἡ
2297 4915 2427 4986 παρ’
2474 4913 2642 4968 αὑτοῦ
2688 4913 3116 4984 ἑγκατάλειψις·
3164 4913 3421 4968 ἐντεῦθεν
3461 4914 3495 4983 ἠ
3536 4913 3607 4965 ὲκ

318 5012 621 5069 inundavit.
2025 5013 2127 5080 τῆς
2164 5008 2367 5079 σαρκὸς
2394 5008 2650 5079 ὲπήρεια,
2680 5010 2773 5061 καὶ
2801 5008 3067 5061 ἀκολασία
3087 5024 3101 5039 ·
3127 5007 3224 5061 καὶ
3246 5007 3312 5061 τὸ
3337 5007 3517 5060 δεινὸν
3544 5005 3603 5060 δὲ

322 5107 482 5163 τοῦτο
507 5107 661 5177 παρὰ
698 5102 809 5157 τῶν
839 5096 1115 5169 δαιμόνων
1160 5093 1478 5158 κλυδώνιον,
1524 5093 1775 5150 ἐντεῦθέν
1807 5116 1890 5158 σοι
1926 5107 2112 5176 φησιν,
2142 5105 2475 5175 ἐπεκύμηνε.

278 5214 305 5281 ἢ
394 5200 578 5258 CXLI.
623 5196 719 5252 llis
754 5209 855 5265 ego
907 5189 1130 5254 auditis,
1184 5187 1233 5241 ei
1283 5184 1541 5256 polliceor
1595 5190 1902 5249 cautionem

2082 5198 2301 5252 Τούτων
2321 5196 2562 5260 ἀκούσας
2583 5196 2713 5267 ἐγὼ,
2733 5197 3010 5269 συνθήκας
3056 5197 3194 5268 πρὸς
3222 5197 3387 5251 αὐτὸν
3416 5193 3613 5250 ποιοῦ-³

260 5278 374 5351 Pin
410 5302 711 5365 ponet-um.
764 5287 828 5340 Et
877 5295 1025 5349 tunc,
1063 5280 1261 5351 inquit,
1310 5293 1433 5333 eum
1475 5278 1528 5332 in
1573 5281 1901 5338 sceleratum

2018 5306 2110 5359 μαι
2145 5288 2245 5358 τῆς
2281 5291 2363 5351 είς
2390 5289 2450 5342 τὸ
2487 5288 2672 5343 λοιπὸν
2706 5290 2975 5361 φυλακῆς.
3010 5290 3118 5345 Καὶ
3149 5293 3293 5355 τότε,
3338 5290 3495 5361 φησὶ,
3524 5290 3605 5358 τῷ

319 5388 622 5440 ἀπωοιιοιιι
650 5375 1048 5438 infremuisset,
1085 5385 1358 5441 manuque
1389 5386 1567 5425 meam
1599 5377 1902 5442 apprehcn-

2018 5382 2199 5452 μιαρῷ
2227 5382 2442 5451 δαίμονι
2489 5382 2998 5454 ἐμϐριμησάμενος,
3035 5384 3129 5437 καὶ
3152 5382 3457 5454 λαϐόμενός
3494 5384 3613 5452 μου

318 5478 491 5531 disset
520 5469 816 5534 cucullam,
849 5467 935 5520 vix
962 5474 1163 5520 etcum
1194 5463 1244 5518 vi
1270 5478 1388 5517 cam
1415 5463 1590 5518 aufert
1617 5482 1645 5520 e
1678 5470 1856 5537 capite
1888 5489 1901 5525 :

2018 5476 2077 5542 τῇ
2108 5475 2253 5543 χειρὶ
2290 5475 2384 5526 τοῦ
2413 5476 2755 5540 κουκουλίου,
2788 5476 2942 5545 μόλις
2971 5476 3069 5545 μὲν
3088 5475 3222 5530 αὐτὸ
3258 5475 3352 5529 καὶ
3383 5476 3483 5528 σὺν
3507 5464 3614 5544 βέρρ’

396 5618 445 5649 ιο
481 5614 606 5669 Act.
643 5627 698 5675 v,
732 5608 755 5661 l
797 5623 951 5679 seqq.
1029 5606 1071 5639 “
1110 5605 1312 5661 Ezech.
1346 5621 1504 5671 xvnt,
1533 5605 1623 5661 ‘23.
1701 5609 1745 5640 ⁸³
1774 5608 1966 5667 Matth.
1991 5631 2117 5680 xxv,
2146 5615 2238 5670 Ἡ.

1654 5741 1889 5801 VARI/ﬁ
1945 5749 2355 5807 LECTIONES.

418 5896 445 5926 ι’
470 5887 624 5943 abest
656 5888 721 5941 ab
753 5887 821 5942 al.
904 5899 931 5955 ξ
954 5888 1023 5942 al.
1050 5886 1296 5958 μαλλῶν.
1383 5883 1402 5917 ί
1448 5878 1517 5933 al.
1552 5882 1855 5950 γναφεκῶν.
1937 5900 1958 5926 υ
1984 5890 2051 5944 al.
2083 5907 2326 5963 praepon.
2361 5892 2524 5964 πλήν.
2606 5905 2632 5935 ν
2661 5896 2733 5950 al.
2761 5895 2984 5959 ἀδίκως.
