3846 6532
262 522 370 587 717

1540 527 1719 588 VITA
1756 529 1813 588 S.
1858 526 2262 588 EUTHYMII.

3421 521 3529 587 718

262 636 362 705 τῆς
390 634 633 705 κεφαλῆς
662 635 1008 708 άφαιρεῖταιο
1037 634 1097 688 τὸ
1125 635 1181 689 δὲ
1212 634 1321 707 ἄρα
1352 636 1650 707 μετέϐαλεν
1681 636 1845 702 εὐθὺς

1973 636 2044 691 lla
2074 652 2204 692 vero
2236 635 2420 691 statim
2457 630 2691 690 mutavit
2722 632 2977 701 formam,
3013 641 3067 689 et
3094 630 3225 689 milii
3256 631 3311 686 in
3345 631 3530 687 Sancti

262 728 362 800 τὴν
387 727 624 798 μορφὴν,
668 726 764 781 καί
798 725 888 797 μοί
917 743 1002 790 τις
1033 725 1093 782 ὲν
1118 728 1184 799 τῇ
1212 727 1310 781 τοῦ
1344 727 1504 796 ἁγίου
1530 727 1677 800 χειρὶ
1709 726 1844 799 βρα-

264 820 365 891 χὺς
424 817 622 888 Αἰθίοψ
668 818 850 891 ὼρᾶτο
897 818 1033 889 πυρὶ
1088 818 1217 882 τοὺς
1263 818 1577 889 ὀφθαλμοὺς
1623 808 1842 891 ὅμοιος·

263 912 430 983 ὲῴκει
463 912 521 965 δέ
550 930 634 977 τις
660 913 766 984 πρὸ
789 929 897 968 των
928 910 1106 967 ποδῶν
1130 912 1278 984 αὐτῷ
1305 913 1400 968 καὶ
1424 912 1617 986 βόθρος
1649 914 1844 986 κομιδῇ

269 1005 573 1076 βαθύτατος
599 1004 918 1077 διωρύχθαι.
956 1007 1069 1061 Καὶ
1092 1006 1183 1060 τὸν
1223 1008 1321 1078 μὲν
1366 1009 1547 1079 ἀφῆκε
1580 992 1724 1063 κατὰ
1750 1008 1845 1063 τοῦ

269 1096 468 1168 βόθρου
491 1114 504 1127 ·
535 1098 869 1169 ἐπιστρέψας
902 1098 959 1153 δὲ
980 1098 1119 1171 πρός
1151 1117 1219 1170 με
1259 1100 1445 1167 πάλιν,
1476 1102 1654 1157 ἐκεῖνό
1682 1118 1848 1173 φησιν

263 1188 293 1242 ὃ
328 1188 463 1261 πρὸς
486 1188 579 1244 τὸν
617 1189 931 1260 παράλυτον
961 1192 990 1245 ὁ
1014 1192 1248 1262 Χριστός
1270 1208 1285 1224 ·
1324 1192 1441 1248 Ἴδε
1484 1191 1662 1263 ὑγιὴς
1685 1192 1849 1265 γέγο-

265 1296 401 1346 νας,
422 1278 639 1350 μηκέτι
695 1280 1016 1351 ἁμάρτανε,
1069 1283 1230 1338 ἀλλὰ
1283 1287 1550 1356 πρόσεχε
1586 1283 1860 1352 σεαυτῷ,

265 1372 370 1426 ἵνα
397 1371 481 1441 μὴ
512 1371 713 1442 χεῷόν
742 1390 796 1427 τι
835 1387 937 1428 σοι
967 1374 1233 1445 γένηται.
1275 1377 1512 1441 ’Δνεθεὶς
1533 1377 1591 1432 δὲ
1620 1377 1716 1433 τοῦ
1746 1379 1854 1434 πά-

267 1461 398 1525 θους
434 1460 568 1530 ἐγὼ,
608 1464 702 1517 καὶ
732 1463 1073 1537 θερμοτέραν
1100 1467 1335 1533 ἀποδοὺς
1370 1468 1450 1540 τῷ
1480 1469 1600 1541 Θεῷ
1627 1470 1730 1542 τὴν
1761 1471 1850 1525 εὐ-

265 1554 585 1625 χαριστίαν,
623 1555 840 1628 ἀπαθὴς
865 1556 924 1625 ἐξ
976 1558 1189 1613 ἐκείνου
1220 1561 1315 1614 καὶ
1368 1564 1450 1623 είς
1486 1561 1649 1633 δεῦρο
1680 1563 1852 1617 κακοῦ

268 1645 473 1707 παντὸς
512 1649 940 1719 συντετήρημαι.
973 1650 1160 1705 Ταῦτα
1194 1653 1321 1723 ἐμοὶ
1350 1653 1444 1709 τοῦ
1492 1654 1706 1709 Παύλου
1733 1656 1854 1711 δια-

264 1739 634 1807 σαφήσαντος,
656 1739 842 1811 κοινὴν
856 1740 968 1810 ἐγὼ
990 1744 1122 1798 πᾶσι
1140 1745 1430 1815 παρέθηκα
1448 1746 1548 1818 τὴν
1571 1746 1849 1818 διήγησιν.

336 1829 517 1886 PMB'.
549 1833 716 1902 Πλὴν,
753 1834 873 1888 ἀλλ’
902 1837 931 1889 ὀ
982 1837 1139 1906 λόγος
1190 1839 1337 1910 ὁρμᾷ
1397 1856 1490 1910 μοι
1547 1840 1710 1895 πάλιν
1758 1841 1855 1895 καλ⁵

261 1919 475 1991 ἑτέροις
504 1923 754 1978 ἑστιάσαι
779 1924 880 1990 τὰς
913 1925 1070 1996 ὑμῶν
1097 1926 1290 1991 ἀκοάς.
1324 1928 1650 1985 Παύσασθαι
1680 1929 1792 2002 γὰρ
1819 1932 1854 2001 ή

260 2012 377 2067 τῶν
403 2012 700 2084 θαυμάτων
734 1991 984 2089 συνέχεια
1013 2019 1115 2072 οὐκ
1148 2020 1234 2090 ὲᾷ,
1265 1991 1856 2094 προκαλουμένη-μᾶλί
1887 1991 1930 2047 Β

262 2102 357 2157 λον
390 2105 478 2158 ἀεὶ
500 2105 592 2159 τὸν
617 2106 793 2176 λόγον,
829 2108 923 2161 καὶ
952 2110 1033 2173 είς
1054 2109 1116 2163 τὸ
1141 2117 1169 2147 ι
1201 2111 1389 2181 πρόσω
1419 2112 1623 2184 βαίνειν
1646 2114 1853 2185 προθυ-

266 2197 544 2268 μουμένη,
573 2199 858 2271 κρείττονα
900 2200 1030 2255 ὄντα
1074 2202 1171 2256 καὶ
1214 2202 1566 2276 χαριέστεροι,
1600 2204 1853 2279 καθάπερ

263 2286 410 2357 αὐτὴ
441 2288 580 2360 πρὸς
633 2290 839 2362 ἑαυτὴν
866 2290 1246 2363 ἁμιλλωμένη,
1273 2295 1369 2348 καὶ
1398 2296 1468 2350 τὰ
1514 2296 1855 2366 προλαϐόντα

264 2377 428 2449 νικᾷν
445 2381 558 2443 τοῖς
590 2379 791 2451 ἑφεξῆς
824 2381 1143 2453 βουλομένη.
1196 2380 1338 2447 Τοὺς
1374 2385 1482 2455 γὰρ
1502 2383 1594 2438 δύο
1618 2385 1856 2452 λάκκους

263 2466 365 2532 οὓς
390 2467 492 2540 τὴν
512 2469 688 2542 ἀρχὴν
709 2470 867 2541 λόγος
895 2471 1002 2526 ὑπὸ
1017 2472 1126 2526 τῶν
1149 2474 1495 2546 ’Δμορραίων
1511 2473 1852 2548 διορυγῆναι,

261 2559 393 2615 δυσὶ
437 2559 531 2617 τοῦ
597 2563 864 2617 κοινοϐίου
915 2564 1149 2629 σταδίοις
1194 2565 1582 2638 διεστηκότας,
1641 2570 1858 2625 ἀνανεοί

267 2654 377 2725 μὲν
406 2654 489 2708 ἔτι
514 2653 593 2708 ὣν
621 2656 762 2727 ὑπὲρ
788 2656 892 2741 γῆς
919 2657 949 2710 ό
976 2658 1149 2729 μέγας
1170 2656 1468 2729 Εὑθύμιος,
1492 2660 1568 2724 ὼς
1590 2661 1691 2732 ἤδη
1723 2662 1857 2732 φθά-

266 2761 465 2809 σαντες
504 2746 878 2819 ἐδηλώσαμεν,
911 2749 1007 2803 καὶ
1040 2749 1120 2821 ’τῷ
1146 2749 1242 2804 τοῦ
1274 2750 1462 2822 ἐτέρου
1494 2753 1726 2821 στόματι
1757 2753 1855 2809 θύ-

267 2855 378 2910 ραν
408 2839 575 2904 αὐτὸς
605 2839 837 2904 ἐπιθεὶς,
855 2840 1121 2913 ἀπονέμει
1145 2841 1282 2912 πρὸς
1309 2841 1527 2913 ὑδρείαν
1557 2845 1621 2915 τῇ
1654 2843 1853 2917 λαύρᾳο

267 2931 489 3003 θατέρῳ
513 2932 569 2987 δὲ
602 2935 713 2997 τοῖς
742 2932 834 2987 ὑπ’
861 2932 1025 2987 αὐτοῦ
1059 2934 1436 3004 βαπτισθείσιν
1471 2936 1795 3008 Ἀγαρηνοῖς
1825 2945 1856 2985 y

268 3025 441 3096 ῥητόν
467 3041 590 3078 τινα
617 3029 943 3097 παραχωρεῖ
983 3027 1197 3099 χρόνον.
1222 3025 1410 3091 Οὕτως
1437 3023 1532 3082 οὖν
1563 3028 1715 3101 αὐτῷ
1747 3028 1855 3083 τῶν

266 3117 495 3171 λάκκων
516 3118 770 3189 ἐχόντων,
806 3120 897 3172 καὶ
934 3120 1027 3174 τοῦ
1058 3121 1158 3190 μὲν
1189 3123 1254 3191 τῇ
1282 3119 1479 3194 λαύρα,
1515 3122 1610 3176 τοῦ
1640 3122 1697 3175 δὲ
1743 3124 1858 3188 τοῖς

279 3206 612 3280 Ἀγαρηνοίς
653 3208 1164 3282 ἀπονενεμημένου,
1193 3210 1366 3285 ξηρὰν
1393 3214 1488 3267 καὶ
1531 3212 1711 3277 ἄλλως
1756 3214 1857 3287 τὴν

1949 744 2111 785 manu
2164 729 2348 786 brevis
2388 728 2609 800 quidam
2654 727 2938 784 videbatur
2991 725 3241 798 Etliiops
3270 768 3285 794 ,
3354 726 3528 782 oculis

1951 824 2059 894 igni
2095 822 2290 879 similis
2326 842 2339 876 :
2376 824 2487 878 visa
2522 835 2739 893 quoque
2786 832 2871 876 est
2892 828 3029 881 ante
3064 819 3182 891 ejus
3225 819 3388 891 pedes
3418 817 3529 874 de-

1951 916 2097 972 fossa
2131 930 2255 971 esse
2280 913 2700 985 prol‘undissima
2736 912 2916 968 fovea.
2949 913 3014 967 Et
3045 912 3193 967 illum
3222 913 3439 987 quidem
3476 911 3529 964 in

1952 1010 2161 1067 foveam
2207 1009 2438 1080 dejecit;
2478 1008 2545 1063 ad
2579 1021 2666 1063 me
2699 1020 2829 1061 vero
2873 1004 3070 1062 iterum
3112 1020 3432 1069 conversus,
3468 1003 3534 1075 il-

1950 1103 2042 1158 lud
2071 1102 2222 1169 dicit,
2256 1100 2674 1173 quodﬁliristus
2701 1096 3002 1171 paralytico
3035 1114 3049 1152 :
3089 1096 3222 1151 Ecce
3253 1112 3416 1150 sanus
3448 1094 3535 1166 fu-

1953 1206 2069 1251 ctus
2101 1213 2177 1261 es,
2206 1196 2325 1267 jam
2371 1193 2483 1249 noli
2521 1207 2761 1260 peccare,
2807 1189 2901 1245 sed
2932 1188 3150 1245 attende
3184 1187 3281 1243 tibi
3311 1188 3535 1259 ipsi,’ne

1953 1289 2184 1345 deterius
2225 1289 2318 1343 tibi
2349 1286 2553 1358 aliquid
2582 1283 2852 1355 contingat
2879 1281 3022 1335 "4‘.
3057 1280 3167 1351 Ego
3213 1294 3342 1335 vero
3376 1278 3443 1332 ab
3471 1294 3536 1333 ea

1954 1382 2264 1438 calamitate
2283 1380 2567 1442 liberatus,
2587 1388 2643 1433 et
2666 1373 3071 1433 ardentioribus
3101 1372 3212 1426 Deo
3239 1370 3378 1427 actis
3405 1384 3529 1440 gra-

1957 1475 2070 1541 tiis,
2103 1474 2172 1530 ab
2202 1472 2294 1528 illo
2339 1482 2583 1541 tempore
2626 1483 2799 1539 usque
2833 1472 2889 1522 in
2939 1464 3259 1520 hodiernum
3312 1476 3537 1517 conser—

1955 1578 2114 1623 vatus
2145 1581 2265 1621 sum
2297 1562 2478 1620 omnis
2508 1561 2632 1616 mali
2662 1574 2885 1629 expers.
2920 1555 3049 1612 Haec
3080 1569 3203 1611 cum
3240 1552 3375 1607 mihi
3402 1549 3541 1604 Pan—

1957 1657 2041 1712 lus
2071 1655 2451 1718 declaraverit,
2489 1666 2835 1708 communem
2870 1663 2974 1719 ego
3030 1644 3245 1701 cunctis
3276 1642 3539 1715 proposui

1967 1747 2362 1804 narrationem.

2026 1837 2237 1895 CXLII.
2283 1838 2481 1894 Verum
2517 1837 2662 1891 enim
2700 1849 2832 1890 vero
2877 1831 3009 1888 mihi
3060 1843 3250 1885 rursus
3298 1826 3540 1898 erumpit

1957 1932 2136 1988 oratio
2171 1932 2238 1986 ad
2269 1930 2573 2002 pascendas
2612 1928 2777 1984 rebus
2806 1925 2930 1980 aliis
2965 1937 3129 1979 aures
3157 1931 3387 1977 vestras.
3421 1918 3537 1974 Non

1958 2023 2094 2079 sinit
2137 2022 2281 2078 enim
2318 2035 2540 2077 cessare
2577 2016 2968 2074 miraculorum
3004 2014 3369 2079 continuatio,
3396 2027 3540 2067 sem-

1957 2130 2057 2188 per
2096 2114 2268 2186 magis
2316 2125 2620 2184 provocans
2658 2109 2982 2174 orationem,
3013 2117 3069 2163 et
3123 2103 3367 2177 gestiens
3415 2118 3541 2173 pro-

1958 2208 2109 2282 gredi
2134 2208 2200 2262 ad
2227 2205 2510 2272 ulteriora,
2537 2218 2659 2274 qua:
2681 2200 3064 2273 praestantiora
3092 2207 3221 2254 sunt
3249 2204 3305 2253 et
3340 2194 3541 2266 jucun-

1958 2304 2142 2371 diora;
2179 2300 2345 2357 veluti
2370 2300 2485 2369 ipsa
2512 2312 2700 2353 secum
2727 2302 2971 2361 certans,
3002 2295 3304 2359 volensque
3333 2303 3536 2361 prame-

1958 2394 2139 2451 dentia
2191 2395 2415 2449 vincere
2449 2389 2939 2460 consequentibus.
2987 2387 3131 2442 Duas
3170 2385 3314 2440 enim
3343 2383 3540 2438 cister-

1959 2503 2079 2555 nas,
2109 2502 2247 2557 quas
2282 2484 2425 2540 fama
2475 2493 2560 2540 est
2613 2481 2681 2536 ab
2722 2480 2880 2537 initio
2929 2479 3130 2535 fodisse
3173 2473 3539 2536 Amorrbaaos.

1959 2584 2178 2639 dissitas
2210 2580 2420 2636 duobus
2445 2578 2638 2634 stadiis
2674 2591 2705 2632 a
2754 2574 3027 2639 cmnobio,
3065 2579 3293 2627 renovat
3316 2567 3537 2640 quidem

1964 2673 2142 2730 adhuc
2177 2673 2229 2727 in
2263 2680 2407 2727 terra
2451 2669 2640 2724 vivens
2685 2680 2917 2737 magnus
2947 2660 3294 2732 Eutliymius,
3325 2669 3387 2715 ut
3427 2658 3539 2729 jam

1959 2779 2118 2825 antea
2149 2765 2574 2832 declaravimns,
2596 2772 2652 2818 et
2681 2776 2807 2818 cum
2834 2756 3064 2814 alterius
3085 2756 3165 2812 ori
3191 2753 3543 2825 imposuisset

1959 2857 2160 2916 ostium
2182 2901 2197 2925 ,
2237 2855 2429 2912 tribuit
2468 2854 2636 2908 laurae
2672 2850 2740 2906 ad
2768 2848 3144 2921 aquationem;
3181 2843 3542 2906 alteramau-

1963 2961 2067 3007 tem
2088 2946 2357 3020 Agarenis
2386 2961 2522 3018 quos
2547 2944 2940 3015 baptizaverat,
2961 2945 3113 2996 certo
3137 2933 3386 2993 concedit
3411 2942 3545 2989 tem-

1960 3057 2112 3114 pore.
2154 3039 2234 3095 lta
2268 3053 2400 3109 ergo
2426 3051 2486 3092 se
2515 3033 2847 3091 habentibus
2873 3030 3154 3095 cisternis,
3185 3036 3242 3082 et
3269 3041 3375 3081 una
3400 3023 3543 3080 Lau-

1964 3112 2056 3196 τω,
2091 3129 2262 3184 altera
2293 3124 2563 3196 Agarenis
2622 3122 2916 3189 attributa,
2964 3116 3315 3176 solitudinem
3369 3112 3540 3178 illam,

1962 3221 2202 3292 alioquin
2251 3220 2462 3275 aridam
2515 3223 2572 3272 et
2617 3214 3008 3284 propemodum
3042 3222 3197 3281 aqua:
3239 3213 3542 3275 expertem.

265 3295 484 3390 ἔρημον
532 3297 748 3370 ἐκείνην
770 3297 959 3367 οὖσαν,
1007 3304 1103 3355 καὶ
1137 3303 1336 3374 μικροῦ
1370 3320 1434 3373 γε
1467 3304 1579 3360 δεῖν
1607 3305 1856 3377 ἄνυδρον,

1966 3315 2161 3386 pluviae
2199 3314 2474 3368 invaserat
2514 3307 2766 3380 penuria.
2793 3304 2896 3372 Qui
2928 3304 3137 3358 lauram
3173 3299 3360 3367 itaque
3388 3294 3545 3350 inco-

266 3389 548 3460 ἀνομϐρία
580 3393 865 3464 κατέσχεν.
919 3392 983 3447 Οἱ
1008 3392 1140 3462 γοῦν
1186 3396 1284 3467 τῆς
1314 3395 1525 3467 λαύρας
1553 3397 1856 3462 δεδοικότες

1966 3406 2189 3465 lebant,
2245 3415 2401 3473 aqua:
2451 3398 2613 3454 veriti
2665 3396 2905 3464 inepiam
2937 3433 2954 3458 ,
3010 3391 3265 3447 cisterna:
3325 3388 3544 3459 quidem

264 3482 377 3554 τὴν
405 3483 499 3538 τοῦ
535 3484 725 3550 ὓδατος
765 3486 997 3552 ἔνδειαν,
1050 3488 1150 3560 τὴν
1187 3489 1286 3560 μὲν
1321 3490 1418 3545 τοῦ
1451 3490 1659 3546 λάκκου
1690 3491 1860 3563 θύραν

270 3576 386 3631 ὑπὸ
428 3577 606 3632 κλεισὶ
636 3580 733 3634 καὶ
751 3580 969 3651 μοχλοῖς
996 3580 1409 3650 ἀσφαλίξονται.

348 3667 527 3722 ΡΜΓ.
553 3668 673 3723 Τῶν
700 3669 755 3724 δὲ
781 3671 1072 3743 φυλάρχων
1096 3672 1204 3726 τῶν
1226 3672 1333 3727 ὑπὸ
1348 3676 1415 3746 τῇ
1438 3675 1548 3728 τῶν
1574 3674 1862 3747 Ῥωμαίων

267 3761 424 3832 ἀρχῇ
457 3762 725 3833 κειμένων
767 3763 968 3836 Ἀρέθα
991 3766 1086 3818 καὶ
1117 3766 1426 3832 ’Δσουάδου,
1452 3767 1591 3822 ὅπλα
1614 3767 1736 3822 κατ’
1763 3767 1861 3821 ἀλ-

269 3853 459 3925 λήλων
486 3854 582 3908 καὶ
615 3854 852 3926 πόλεμον
886 3857 1202 3930 ἀραμένων,
1232 3856 1503 3929 πολλαχοῦ
1528 3860 1629 3930 τῆς
1651 3860 1748 3931 ἱρή
1759 3876 1861 3929 μου

268 3946 677 4018 διασπαρέντες
707 3948 755 4002 οί
786 3948 1084 4022 Βάρϐαροι,
1122 3950 1425 4023 χρημάτων
1470 3968 1531 4005 τε
1578 3938 1891 4024 ἁρπαγὰς(

270 4042 376 4098 καὶ
399 4041 567 4097 οῐκων
591 4043 926 4117 ἀνατροπὰς,
958 4045 1053 4100 καὶ
1077 4044 1211 4100 ἄλλα
1239 4046 1451 4118 ὅσαπερ
1477 4047 1534 4099 ὲν
1552 4048 1664 4110 τοῖς
1687 4045 1865 4100 τοιού-

267 4152 395 4198 τοις
426 4133 581 4205 βίαια
612 4136 704 4190 καὶ
731 4137 1034 4209 τυραννικὰ
1063 4137 1212 4207 φιλεῖ
1241 4137 1586 4209 συμϐαίνειν,
1617 4139 1860 4195 ἐποίουν.

269 4225 422 4280 Ποτὲ
454 4225 588 4295 γοῦν
617 4226 948 4299 καθημένων
974 4228 1136 4301 ἡμῶν
1158 4228 1267 4299 πρὸ
1287 4229 1387 4301 τῆς
1408 4230 1614 4284 είσόδου
1629 4230 1723 4284 τοῦ
1750 4248 1867 4286 κοι·

269 4315 484 4382 νοϐιον,
519 4318 917 4391 προσέρχονταί
938 4338 1082 4387 τινες
1105 4323 1382 4396 Βάρϐαροι
1402 4322 1529 4377 δύο·
1561 4324 1780 4397 προσῆν
1806 4324 1866 4379 δὲ

270 4412 469 4476 αὐτοῖς
510 4413 611 4467 καὶ
661 4414 1027 4486 Χριστιανὸς,
1076 4416 1330 4482 θαλάϐας
1374 4416 1566 4488 δνομα,
1615 4416 1728 4472 τῶν
1761 4416 1866 4472 ὑπὸ

273 4503 561 4576 Εὖθυμίτυ
582 4505 752 4561 πάλαι
774 4505 1181 4577 βαπτισθέντων
1224 4509 1544 4583 ’Δγαρηνῶν
1593 4509 1867 4582 συγγενὴς

272 4594 382 4654 ὢν.
416 4596 557 4654 Ἕνα
578 4598 673 4653 τοῦ
696 4600 899 4655 οίκείου
928 4600 1168 4672 πλήθους
1199 4602 1540 4674 ἐπαγόμενοι
1556 4602 1862 4675 Βάρϐαρον,

1965 3498 2164 3553 ostium
2190 3494 2435 3549 clavibus
2465 3501 2519 3548 et
2545 3490 2799 3547 vectibus
2823 3482 3226 3544 communiunt.

2034 3671 2263 3731 CXLIII.
2305 3670 2443 3728 Cum
2466 3683 2594 3725 vero
2618 3669 2853 3724 tribuum
2886 3664 3126 3738 prafecti
3158 3662 3272 3738 (9|)
3298 3662 3543 3718 Romano

1963 3767 2195 3838 imperio
2224 3763 2711 3835 subjectiAretbas
2729 3771 2776 3818 et
2806 3761 3076 3826 Asuades,
3094 3768 3284 3814 contra
3318 3769 3377 3811 se
3407 3753 3545 3809 invi-

1965 3875 2083 3916 cem
2115 3872 2263 3912 arma
2286 3864 2341 3910 et
2375 3853 2576 3909 bellum
2619 3850 3018 3921 suscepissent,
3061 3863 3160 3920 per
3193 3845 3541 3904 solitudinem

1965 3965 2108 4024 saepe
2136 3949 2367 4021 dispersi
2416 3944 2668 4013 barbari,
2703 3953 2760 4000 et
2808 3942 3070 4015 pecunias
3112 3938 3462 4010 diripiebant.
3492 3946 3550 3991 et

1966 4046 2158 4100 domos
2186 4042 2536 4106 evertebant,
2572 4037 2787 4108 aliaque
2824 4035 3098 4091 faciebant
3120 4047 3240 4105 quae
3270 4031 3323 4086 in
3355 4027 3546 4098 hujus.—

1966 4133 2113 4189 modi
2149 4133 2324 4189 solent
2356 4130 2675 4200 contingere
2719 4125 2961 4181 violenta
3018 4131 3184 4193 atque
3235 4117 3541 4193 tyrannica.

1966 4224 2276 4296 Aliquando
2304 4226 2447 4294 ergo
2478 4217 2797 4277 sedentibus
2826 4216 2985 4272 nobis
3018 4223 3146 4270 ante
3194 4211 3400 4267 aditum
3432 4222 3546 4264 cte-

1967 4318 2139 4385 nobii,
2170 4315 2440 4374 accedunt
2462 4313 2685 4385 quidam
2712 4311 2820 4366 duo
2848 4307 3102 4371 barbari;
3138 4320 3264 4361 cum
3293 4304 3377 4358 eis
3413 4314 3545 4357 vero

1968 4410 2159 4467 aderat
2226 4421 2441 4480 quoque
2501 4403 2874 4465 Christianus,
2950 4396 3224 4452 Thalabas
3295 4393 3540 4453 nomine.

1969 4512 2233 4575 cognatus
2290 4502 2667 4571 Agarenorum
2718 4496 2811 4566 qui
2862 4493 3082 4549 fuerant
3115 4486 3245 4543 olim
3279 4483 3542 4575 bapiiaati

1969 4572 2387 4665 avautbymio;
2434 4589 2767 4645 adducentes
2795 4597 2961 4640 unum
2998 4594 3029 4636 e
3056 4593 3155 4634 sua
3192 4572 3545 4630 multitudine

277 4688 386 4745 καὶ
432 4690 593 4744 αὐτὸν
621 4691 835 4767 δαίμονί
874 4709 983 4746 τινι
1023 4665 1248 4763 χαλεπῷ
1303 4665 1555 4763 κάτοχον.
1603 4665 1760 4747 Ἐπεί
1805 4665 1856 4747 δέ

1971 4687 2286 4747 barbarum,
2319 4682 2410 4754 qni
2444 4681 2561 4751 ipse
2598 4679 2765 4734 etiam
2793 4690 2824 4731 a
2856 4674 3091 4745 quodam
3126 4682 3270 4725 saevo
3300 4665 3549 4721 daemone

274 4779 616 4851 προσῆλθον,
666 4781 916 4854 ἐξηγεῖτο
938 4781 1038 4852 τὴν
1067 4781 1248 4836 αἰτίαν
1278 4780 1308 4833 ό
1352 4778 1637 4843 Θαλάϐας’
1676 4778 1754 4843 ὡς
1780 4779 1869 4834 ιλ-

271 4870 493 4927 θόντων
519 4873 649 4926 ποτὲ
669 4871 780 4927 τῶν
807 4870 1109 4944 Βαρϐάρων
1152 4872 1303 4943 παρὰ
1329 4871 1430 4944 τὴν
1459 4870 1691 4944 λαῦραν,
1725 4867 1865 4927 ὥστε

280 4960 511 5020 micat
531 4963 631 5029 τὰς
652 4963 865 5021 ἑαυτῶν
884 4963 1191 5036 καμήλους,
1221 4964 1316 5020 καὶ
1327 4962 1409 5035 τῷ
1427 4963 1616 5035 λάκκῳ
1648 4961 1751 5034 τὴν
1776 4960 1872 5017 θῦ-

280 5068 390 5125 ραν
414 5052 843 5128 ιπικεκλιμένην
862 5055 1154 5129 εὑρόντων,
1185 5056 1216 5110 ό
1244 5053 1518 5126 δαιμονῶν
1548 5047 1707 5118 οὗτος
1743 5053 1870 5125 βαρ-

277 5144 664 5220 ϐαρικώτερον
694 5148 957 5221 κινηθεὶς,
973 5149 1072 5219 τὴν
1099 5148 1200 5220 μὲν
1228 5147 1363 5220 λίθῳ
1394 5147 1552 5219 βαρεῖ
1587 5146 1834 5218 κατακλᾷ
1853 5163 1868 5178 ο

276 5238 479 5291 τοῦτον
504 5236 564 5291 δὲ
594 5236 803 5309 δαίμων
836 5238 996 5305 εὐθὺς
1028 5238 1302 5295 ἀντι-παίει
1331 5238 1511 5310 πολλῷ
1536 5239 1870 5308 δεινότερονο

279 5330 387 5381 καὶ
428 5328 492 5381 τὸ
536 5327 723 5384 λοιπὸν
751 5331 931 5385 ἔκειτο
964 5334 1433 5406 σπαραττόμενος,
1474 5332 1569 5387 καὶ
1606 5329 1785 5405 ἀφροῦ
1814 5329 1875 5384 τὸ

282 5420 468 5490 στόμα
498 5422 963 5493 ὑποπιπλάμενος.

359 5540 409 5573 ⁸³
435 5538 651 5595 “Joan.
696 5556 749 5605 v,
782 5539 867 5595 Η».
952 5528 959 5532 ’

1973 4777 2371 4851 possidebatnr.
2420 4773 2717 4843 Postquam
2763 4777 2945 4824 autem
2978 4766 3352 4824 accesserunt,
3382 4770 3551 4851 expo-

1974 4848 2086 4931 suit
2118 4884 2338 4929 causam
2374 4866 2686 4925 'l'balabas:
2737 4860 2876 4917 Cum
2933 4852 3227 4925 aliquando
3272 4848 3553 4906 venissent

1974 4962 2195 5022 barbari
2221 4961 2290 5019 ad
2332 4959 2567 5022 lauram,
2593 4962 2655 5010 ut
2686 4950 3024 5020 adaquarent
3051 4957 3178 5001 suas
3206 4938 3468 5001 camelos,
3497 4946 3555 4991 et

1975 5057 2226 5115 cisterna:
2248 5052 2570 5109 incumbens
2607 5044 2949 5102 invenissent
2977 5038 3201 5101 ostium,
3235 5033 3323 5089 hic
3354 5029 3557 5085 daemo-

1978 5148 2198 5211 niacus,
2228 5138 2529 5197 barbariori
2580 5136 2740 5191 modo
2791 5139 3120 5193 commotus,
3166 5122 3319 5195 gravi
3378 5117 3558 5187 lapide

1974 5239 2106 5294 illud
2141 5210 2468 5300 confringit;
2512 5244 2637 5284 eum
2681 5234 2867 5282 autem
2917 5222 3064 5277 illico
3112 5213 3357 5272 vicissim
3397 5210 3559 5278 longe

1974 5327 2195 5400 gravius
2243 5325 2371 5378 ferit
2409 5321 2653 5383 damon;
2715 5331 2781 5372 ac
2812 5313 3008 5369 deinde
3032 5308 3254 5381 iacebat
3290 5312 3468 5359 tortus
3501 5308 3560 5353 et.

1980 5419 2332 5481 dilaceratus,
2358 5426 2529 5483 osque
2567 5410 2780 5465 liabcns
2808 5417 2999 5476 spuma
3037 5400 3336 5471 cpplctum.

1585 5631 1820 5688 VARIA’.‘
1862 5621 2269 5685 LECTIONES.

364 5739 394 5770 ι
428 5726 501 5781 al.
525 5727 616 5783 τά.
692 5737 722 5777 1
752 5727 823 5783 al.
859 5728 1221 5800 Σαρακηνοῖς.

1479 5815 1675 5877 JOAN.
1714 5804 2058 5870 BOLLANDI
2097 5806 2334 5865 ΝΟΤᾹΞ.
3259 5884 3270 5888 _
3458 5874 3472 5888 .

366 5917 488 5990 (9,1)
523 5917 678 5990 Anno
697 5914 989 5990 Iustiniani
1016 5913 1253 5990 19,9br.
1289 5913 1665 5990 obsessa
1698 5912 1875 5990 _fuit_a
1913 5909 2158 5967 Chosroe
2184 5908 2401 5966 seniore
2434 5902 2665 5967 Edessa,
2734 5906 2843 5967 quo
2867 5896 3128 5956 tempore:
3184 5884 3276 5931 πί
3321 5884 3585 5944 Ρτθιῖαιε

286 5983 572 6061 Sequenti,
601 5987 703 6044 hoc
726 5989 921 6043 ducum
956 5986 1267 6043 intestinum
1322 5986 1518 6045 bellum
1565 5983 1875 6051 contigerit.
