3846 6458
334 436 441 499 719

1531 441 1815 503 MENSIS
1854 443 2315 505 IANUARIUS.

3484 437 3596 503 720

403 550 633 608 CXLIV.
676 548 787 621 Ego
836 564 965 605 vero
1020 549 1333 617 adveniens,
1366 560 1420 605 et
1472 550 1655 607 animo
1703 550 1901 608 fractus

2083 555 2258 611 ΡΜΣ.
2296 555 2511 625 Ἔγωγε
2559 552 2653 610 οὖν
2686 553 2922 627 παριὼν,
2955 554 3050 617 καὶ
3083 553 3183 627 τὴν
3210 547 3391 627 ψυχὴν
3419 552 3597 619 οὕτως

323 647 464 717 quod
539 645 611 699 ita
665 658 724 699 se
777 641 1004 699 haberet
1053 643 1345 711 Barbarus,
1401 659 1504 699 una
1572 659 1696 699 cum
1768 645 1901 699 viris

323 753 445 794 eum
512 737 661 803 tollo,
721 745 773 791 et
831 736 899 791 ad
970 737 1157 793 Sancti
1223 751 1445 808 capsam
1518 737 1770 803 adduco;
1846 747 1905 791 ut

323 832 467 887 unde
521 830 751 887 amictus
793 838 877 887 est
924 829 1261 896 calamitate,
1302 831 1449 886 illinc
1484 831 1723 886 inveniat
1776 830 1903 885 mali

321 937 537 993 quoque
570 921 1048 977 medicamentum.
1074 922 1330 993 Ejusdem
1358 922 1501 977 enim
1524 931 1629 986 est,
1654 930 1708 977 et
1738 923 1904 977 casti-

322 1027 453 1083 gare
484 1020 703 1082 propter
731 1010 1116 1075 temeritatem,
1151 1018 1207 1064 et
1230 1024 1422 1065 curare
1446 1024 1637 1064 rursus
1671 1023 1768 1080 per
1796 1006 1905 1062 cle-

268 1098 275 1105 ’
323 1103 605 1159 mentiam.
638 1100 854 1157 Positus
886 1115 1017 1172 ergo
1045 1100 1111 1155 ad
1143 1099 1376 1156 loculum
1404 1098 1448 1154 is
1477 1099 1566 1168 qui
1603 1097 1901 1162 laborabat,

324 1209 448 1248 cum
494 1209 602 1249 non
642 1192 868 1249 multum
907 1192 1165 1262 deinceps
1206 1201 1419 1261 tempus
1448 1190 1558 1245 illic
1591 1191 1900 1254 mansisset,

323 1286 657 1344 curationem
698 1286 901 1341 invenit
956 1285 1214 1357 majorem
1259 1299 1420 1354 quam
1475 1282 1739 1353 petierat;
1796 1296 1901 1337 non

323 1382 587 1437 liberatus
631 1380 970 1437 solummodo
1013 1393 1043 1433 a
1098 1380 1236 1433 mala
1270 1377 1579 1440 affectione,
1610 1374 1703 1430 sed
1739 1376 1901 1431 etiam

323 1472 595 1527 diviniore
625 1471 831 1527 lumine
864 1471 917 1526 in
950 1471 1130 1526 anima
1154 1470 1518 1535 collustratus,
1543 1477 1597 1524 et
1627 1484 1733 1523 non
1762 1468 1902 1522 mul-

323 1566 389 1620 tis
425 1572 610 1633 postea
636 1564 826 1622 diebus
858 1566 1186 1638 baptizatus.

391 1653 602 1710 CXLV.
646 1654 901 1725 Ejusdem
951 1657 1114 1712 etiam
1161 1656 1417 1711 Thalabae
1468 1671 1531 1711 ex
1582 1653 1748 1709 fratre
1810 1662 1904 1709 aut

318 1762 507 1802 sorore
547 1748 751 1816 neptis,
802 1747 1065 1803 immundi
1106 1748 1369 1804 daemonis
1417 1748 1695 1804 dominatu
1751 1756 1902 1802 tene-

320 1841 501 1895 batur.
546 1839 715 1911 igitur
758 1840 873 1912 ipsa
918 1856 1133 1912 quoque
1174 1841 1241 1896 ad
1286 1841 1636 1911 reliquiarum
1684 1840 1899 1895 thecam

320 1939 533 1999 portata
589 1946 654 1988 ex
708 1931 941 1987 Lazario
1003 1932 1164 2004 (illic
1199 1933 1397 2003 quippe
1430 1932 1710 1987 habitabat
1753 1931 1899 1987 Tha-

319 2024 516 2094 lztbas),
549 2024 753 2079 nullum
772 2025 989 2094 quidem
1021 2025 1167 2079 aliud
1201 2024 1902 2095 medicamentumexstitit,

320 2117 421 2170 nisi
455 2131 519 2171 ex
554 2114 717 2186 hujus
751 2115 911 2171 loculi
947 2115 1383 2171 sanctificatione
1426 2130 1518 2171 seu
1560 2131 1698 2186 aqua
1742 2117 1907 2171 benc-

315 2208 464 2261 dicta
495 2205 701 2273 illitus;
741 2206 855 2261 dies
886 2218 1064 2260 autem
1108 2220 1212 2260 non
1252 2206 1434 2275 plures
1470 2220 1629 2275 quam
1671 2214 1802 2267 tres,
1838 2204 1903 2258 ad

316 2297 619 2369 perfectam
676 2299 743 2353 ab
785 2298 1130 2368 opprimente
1188 2296 1564 2351 liberationem
1609 2294 1902 2350 sulliriunt.

394 2388 629 2445 CXLVI.
657 2389 794 2458 Quid
825 2405 955 2446 vero
979 2389 1181 2446 dixeris
1207 2388 1272 2443 de
1292 2387 1529 2459 Agareni
1553 2388 1735 2458 Argob
1762 2386 1904 2442 filio?

322 2487 427 2541 hoc
453 2482 599 2540 enim
630 2483 851 2538 nomine
881 2492 1038 2553 pater
1077 2482 1374 2537 vocabatur
1414 2498 1429 2534 :
1466 2481 1557 2551 qui
1591 2495 1687 2549 per
1712 2480 1903 2535 solitu-

316 2579 506 2634 dinem
553 2591 746 2649 greges
797 2591 1050 2649 pascens,
1080 2558 1218 2631 cum
1263 2573 1628 2631 exsecrandus
1678 2573 1899 2644 quidam

321 2673 529 2725 daemon
580 2670 632 2725 in
673 2684 795 2725 eum
833 2669 1138 2735 insiliisset,
1187 2683 1292 2722 non
1346 2666 1521 2722 solum
1571 2675 1774 2729 mente,
1806 2662 1903 2719 sed

321 2763 485 2818 etiam
534 2772 756 2833 aspectu
792 2770 846 2816 et
874 2762 1050 2817 oculis
1082 2761 1345 2816 distortus
1371 2769 1642 2813 evaserat.
1681 2758 1903 2812 Delatus

321 2865 501 2911 autem
551 2856 667 2926 ipse
712 2870 929 2926 quoque
959 2855 1025 2910 ad
1061 2869 1279 2924 capsam
1325 2852 1699 2922 reliquiarum,
1752 2850 1901 2905 brevi

320 2950 544 3004 omnino
564 2949 815 3020 erigitur,
841 2958 895 3004 et
918 2947 1099 3002 omnia
1121 2960 1219 3003 suo
1243 2945 1360 3001 loco
1385 2944 1636 3001 restituta
1670 2943 1899 3010 habens,

294 3030 299 3033 ’
320 3042 461 3116 patri
492 3044 753 3098 redditur.

393 3134 649 3192 CXLVII.
692 3135 856 3191 Multa
892 3135 1014 3204 quis
1041 3141 1226 3205 posset
1252 3131 1564 3204 bujusmodi
1597 3139 1650 3188 et
1675 3145 1902 3187 numero

2006 651 2182 722 ἔχοντι
2208 649 2287 721 τῷ
2309 650 2581 721 Βαρδάρῳ
2609 649 2983 715 ἐπικλασθεὶς,
3005 648 3339 722 ἀναιροῦμαι
3366 649 3464 702 σὺν
3477 651 3599 710 τοῖς

2004 743 2264 814 ἀνδράσιν
2295 741 2480 807 αὑτὸν,
2510 744 2606 796 καὶ
2642 744 2707 813 τῇ
2729 742 2824 795 τοῦ
2848 742 3007 809 ἁγίου
3030 740 3173 816 θήκῃ
3200 739 3463 812 προσάγω
3480 758 3494 772 ’
3525 740 3595 793 ἶν’

2004 834 2127 888 ὅθεν
2156 834 2366 905 ἐπλήγη
2397 836 2465 905 τῇ
2493 834 2769 905 συμφορᾷ,
2797 832 3004 887 ἐκεῖθεν
3029 832 3180 904 εὖροι
3208 833 3302 905 καὶ
3325 833 3390 885 τὸ
3418 832 3594 886 κακοῦ

2006 928 2318 998 φάρμακον.
2351 926 2459 980 Τοῦ
2490 926 2599 998 γάρ
2624 926 2813 991 αὑτοῦ,
2842 926 2937 980 καὶ
2967 926 3246 980 παιδεύειν
3277 924 3368 979 διὰ
3385 926 3591 997 θρασύ-

2005 1038 2165 1091 τητα,
2200 1022 2294 1074 καὶ
2328 1018 2654 1090 θεραπεύειν
2686 1018 2851 1073 πάλιν
2901 1019 2989 1073 διὰ
3018 1017 3459 1089 φιλανθρωπίαν.
3494 1018 3596 1071 Τε-

2006 1114 2119 1178 θεὶς
2140 1109 2232 1168 οὖν
2256 1116 2283 1168 δ
2316 1114 2540 1184 πάσχων
2570 1113 2719 1184 παρὰ
2745 1114 2811 1181 τῇ
2849 1112 3012 1183 θήκῃ,
3041 1111 3136 1165 καὶ
3160 1110 3351 1180 χρόνον
3377 1109 3506 1179 ἑξῆς
3529 1110 3593 1162 οὐ

2006 1208 2175 1261 πολὺν
2206 1207 2579 1286 παραμείνας,
2616 1203 2862 1276 εὑρίσκει
2900 1205 2999 1276 τὴν
3028 1204 3333 1286 θεραπείαν
3364 1203 3592 1274 μείζονα

2005 1300 2104 1371 τῆς
2150 1284 2471 1370 αἰτήσεωςΓ
2501 1299 2563 1352 οὐ
2617 1297 2713 1352 τοῦ
2769 1298 2978 1357 πάθους
3021 1284 3202 1369 μόνον
3231 1296 3591 1364 ἀπαλλαγεὶς.

2004 1391 2140 1446 ἀλλὰ
2163 1392 2256 1446 καὶ
2278 1391 2536 1465 θειοτέρῳ
2570 1392 2764 1461 φέγγει
2799 1389 2897 1461 τὴν
2926 1390 3106 1461 ψυχήν
3136 1389 3589 1459 περιαυγασθείς,

2007 1483 2102 1537 καὶ
2127 1483 2361 1554 ἡμέραις
2387 1484 2447 1538 οὐ
2477 1482 2700 1545 πολλαῖς
2724 1480 2951 1551 ὕστερον
2983 1480 3410 1551 βαῃισὰμενος.

2078 1668 2254 1723 PME'.
2289 1666 2393 1722 Τοῦ
2417 1666 2474 1720 δὲ
2502 1664 2669 1720 αὑτοῦ
2697 1663 2920 1719 Θαλάϐα
2947 1663 3043 1717 καὶ⁵
3072 1662 3327 1734 ἀδελφιδῆ
3343 1679 3428 1726 τις
3451 1662 3593 1717 ἁκαο

2006 1760 2190 1830 θάρτῳ
2219 1759 2490 1829 πνεύματι
2541 1758 2917 1829 κεκυρίευται.
2972 1754 3453 1826 Μετακομισθεὶσῃ
3478 1754 3591 1806 τοί-

2005 1872 2099 1907 νυν
2128 1852 2345 1908 ἀπὸτοῦ
2375 1852 2653 1922 Λαζαρίου
2679 1850 2774 1905 καὶ
2808 1851 2947 1921 αὐτῇ
2974 1849 3111 1921 πρὸς
3143 1848 3240 1921 τὴν
3261 1847 3358 1902 τοῦ
3396 1846 3592 1918 λειψά-

2011 1962 2103 1999 νου
2159 1945 2333 2014 θήκην
2354 1961 2368 1977 ο
2401 1943 2528 2013 τῇδε
2578 1942 2687 2013 γὰρ
2722 1943 2752 1994 δ
2779 1941 3031 2004 Θαλὰδας
3089 1938 3225 2011 ᾤκει
3245 1956 3260 1971 ·
3293 1939 3592 2011 φάρμακον

2013 2038 2112 2108 μὲν
2159 2035 2312 2090 οὐδὲν
2343 2035 2552 2105 ἕτερον,
2583 2033 2700 2087 ἀλλ’
2739 2033 2773 2103 ἦ
2819 2033 2879 2085 τὸ
2908 2034 2975 2086 ὲκ
3028 2033 3128 2102 τῆς
3179 2030 3342 2101 σοροῦ
3384 2028 3594 2097 ταύτης

2010 2129 2259 2198 ἁγίασμα
2296 2127 2755 2200 προσχριόμενον·
2807 2126 3014 2197 ἡμέραι
3064 2124 3122 2178 δὲ
3171 2124 3279 2176 τῶν
3306 2121 3476 2193 τριῶν
3530 2124 3591 2174 οὐ

2009 2219 2252 2284 πλείους,
2291 2218 2428 2288 πρὸς
2459 2217 2672 2272 τελείαν
2707 2216 2971 2287 ἀρκοῦσιν
2998 2213 3321 2282 ἀπαλλαγὴν
3350 2212 3444 2266 τοῦ
3479 2213 3597 2265 πιέο

2007 2311 2212 2378 ζοντος.

2078 2404 2273 2472 PMC'.
2301 2404 2367 2457 Τί
2395 2402 2441 2458 δ’
2476 2402 2542 2457 ἂν
2571 2402 2638 2456 τὰ
2669 2403 2807 2456 κατὰ
2838 2401 2930 2454 τὸν
2972 2398 3279 2471 Ἀγαρηνοῦ
3313 2398 3477 2452 παῖδα
3513 2397 3596 2450 εί-

2008 2516 2131 2561 ποις
2188 2495 2443 2568 ’Δργώ6;
2496 2496 2657 2549 τοῦτο
2681 2494 2843 2565 γὰρὸ
2883 2493 3068 2564 πατὴρ
3116 2492 3400 2546 ἐκαλεῖτω
3443 2490 3595 2551 ὅστις

2004 2588 2111 2645 ἀνὰ
2138 2588 2237 2660 τὴν
2271 2588 2476 2659 ἔρημον
2503 2587 2799 2658 θρέμματα
2826 2586 3032 2657 νέμων,
3082 2583 3285 2655 μιαροῦ
3304 2598 3454 2645 τινος
3481 2582 3598 2633 htt-

2006 2680 2348 2752 πηδήσαντος
2395 2680 2546 2751 αὐτῷ
2576 2680 2854 2749 δαίμονος,
2899 2660 2961 2731 οδ
2989 2678 3194 2749 φρένας
3233 2677 3415 2747 μόνον,
3457 2674 3597 2728 ἀλλὰ

2004 2773 2102 2827 καὶ
2126 2773 2249 2842 δψιν
2274 2771 2443 2843 αὐτὴν
2472 2773 2570 2826 καὶ
2597 2771 2911 2842 ὀφθαλμοὺς
2938 2772 3262 2840 διάστροφος
3294 2764 3384 2839 ἦν.
3417 2768 3596 2837 Προσ-

2004 2866 2247 2936 ενεχθεὶς
2274 2866 2331 2926 δὲ
2367 2865 2462 2920 καὶ
2488 2859 2646 2928 οὗτος
2673 2869 2738 2936 τῇ
2793 2864 2886 2919 τοῦ
2923 2863 3182 2933 λειψάνου
3208 2862 3375 2933 θήκη,
3411 2860 3596 2913 πάντα

2004 2958 2063 3013 ὲν
2089 2958 2284 3029 βραχεῖ
2308 2956 2657 3028 ἀκιορθοῦται,
2686 2959 2784 3013 καὶ
2814 2957 2955 3010 κατὰ
2995 2954 3182 3027 χώραν
3209 2955 3422 3007 ἕκαστα
3452 2952 3595 3023 ἔχων

2003 3051 2082 3124 τῷ
2114 3052 2286 3124 πατρὶ
2307 3052 2643 3107 ἀποδίδοται.

2074 3143 2254 3201 PMZ'.
2288 3144 2465 3199 Πολλά
2515 3161 2598 3209 τις
2634 3143 2701 3198 ἂν
2755 3144 2870 3213 ἔχοι
2926 3140 3155 3196 τοιαῦτα
3214 3139 3311 3194 καὶ
3357 3137 3598 3209 ἀριθμοῦ

322 3231 528 3300 majora
569 3244 878 3287 recensere.
917 3229 1217 3297 Quamdam
1264 3229 1409 3283 enim
1449 3225 1748 3295 mulierem,
1782 3239 1901 3295 qua:

2012 3237 2292 3308 κρείττονα
2315 3237 2660 3307 καταλέγειν.
2685 3236 2910 3291 Γυναικὶ
2935 3236 3045 3307 γάρ
3061 3234 3323 3288 τινικατὰ
3334 3234 3434 3304 τὴν
3457 3230 3600 3302 Βητί-

320 3325 374 3379 in
410 3324 527 3380 vico
567 3323 931 3379 Betabudison
960 3339 1082 3379 cum
1114 3323 1308 3379 marito
1336 3320 1636 3387 habitabat,
1673 3318 1900 3374 meridie

2012 3328 2307 3385 ιδουδισῶν
2349 3328 2545 3401 κώμην
2586 3328 2744 3401 ἀνδρὶ
2777 3326 3121 3398 συνοικούσῃ,
3161 3324 3513 3396 μεσημϐρίας
3539 3324 3601 3375 ὲν

321 3416 468 3471 domi
501 3416 793 3487 aliquando
840 3416 1142 3481 sedentem,
1188 3415 1372 3486 gravis
1405 3413 1613 3469 invadit
1648 3410 1897 3476 daemon;

318 3519 371 3564 et
403 3519 548 3566 totos
576 3510 794 3579 quidem
838 3525 934 3565 sex
963 3524 1177 3564 menses
1211 3523 1335 3564 cum
1379 3521 1441 3562 ea
1482 3503 1899 3569 colluctabatur,

320 3604 521 3659 marito
552 3613 734 3658 autem
764 3612 941 3659 morte
977 3601 1125 3659 omni
1149 3600 1489 3657 acerbiorem
1521 3595 1793 3653 efﬁciebat
1817 3596 1900 3651 vi-

318 3706 453 3751 tam.
478 3694 613 3751 Cum
648 3696 831 3763 itaque
862 3695 907 3749 is
932 3710 1055 3750 eum
1093 3708 1279 3750 casum
1304 3690 1707 3749 intolerabilem
1739 3689 1903 3744 habe-

316 3797 422 3852 ret,
448 3802 554 3842 nec
581 3786 744 3841 ullam
773 3794 957 3856 posset
986 3784 1246 3841 molestia:
1291 3784 1539 3839 invenire
1571 3780 1901 3839 consolatio-

320 3896 462 3943 nem,
497 3879 781 3936 constituit
803 3880 870 3933 ad
893 3892 1148 3949 magnum
1174 3877 1489 3947 confugere.
1530 3876 1597 3930 Et
1619 3873 1900 3942 coniugem

319 3987 602 4029 assumens
619 3971 693 4026 ita
710 3971 895 4026 furore
917 3970 1196 4041 percitam,
1222 3968 1504 4023 venitcum
1529 3983 1592 4023 ea
1618 3967 1686 4021 ad
1709 3982 1899 4021 mona-

319 4066 545 4122 sterium
568 4065 704 4137 (92.)
735 4063 1002 4131 Quoniam
1021 4078 1152 4119 vero
1180 4078 1287 4119 non
1309 4062 1434 4117 licet
1466 4062 1694 4117 introire
1710 4060 1901 4116 mulie-

321 4160 490 4224 ribus,
518 4158 796 4215 assidebat
844 4158 933 4212 illa
978 4157 1032 4212 in
1069 4156 1358 4223 vestibulo,
1402 4155 1608 4213 faciens
1641 4170 1760 4225 quae
1802 4170 1902 4226 p0—

310 4260 484 4318 terat,
505 4252 714 4323 jejunio
743 4260 901 4305 utens
922 4260 978 4306 et
997 4250 1266 4315 oratione,
1291 4250 1628 4319 singulisque
1661 4249 1903 4317 vespcris

323 4346 516 4403 bibens
548 4359 614 4398 ex
647 4343 815 4399 theca:
846 4358 986 4413 aqua
1011 4341 1380 4408 sanctiﬁcata,
1412 4357 1533 4397 cum
1566 4342 1688 4398 oleo
1722 4342 1903 4397 lucer-

319 4453 422 4495 nae.
455 4435 624 4492 Porro
659 4437 818 4492 tertia
857 4434 1213 4504 consequenti
1248 4442 1435 4499 nocte,
1463 4434 1512 4489 ei
1544 4448 1774 4504 magnus
1801 4448 1895 4502 ap-

310 4549 515 4606 parens
565 4532 885 4603 Euthymius
929 4549 941 4586 :
985 4530 1148 4597 Ecce,
1198 4529 1393 4600 inquit,
1447 4543 1581 4584 sana
1630 4526 1773 4582 facta
1818 4542 1899 4593 es,

2001 3421 2082 3493 τῷ
2110 3423 2243 3494 οἴκῳ
2265 3422 2397 3476 ποτὲ
2430 3421 2741 3493 καθημένη,
2773 3420 3010 3491 χαλεπὸς
3028 3419 3319 3473 ἐπιπίπτει
3343 3416 3558 3488 δαίμων
3579 3431 3594 3447 ·

2002 3516 2099 3570 καὶ
2121 3517 2188 3584 τῇ
2224 3514 2322 3583 μὲν
2345 3514 2475 3583 παρ’
2507 3514 2665 3577 ὅλους
2689 3513 2832 3567 ἑπτὰ
2865 3510 3241 3584 προσεπάλαιε
3268 3510 3450 3580 μῆνας
3471 3523 3483 3536 ⁸
3520 3507 3599 3577 τῷ

2002 3607 2061 3661 δὲ
2087 3605 2244 3676 ἀνδρὶ
2270 3605 2608 3677 πικροτέραν
2657 3604 2893 3659 θανάτου
2939 3602 3145 3665 παντὸς
3177 3601 3472 3671 εἰργάζετο
3495 3599 3599 3667 τὴν

2005 3698 2174 3769 ζωήν.
2212 3697 2527 3768 ’Δφορήτως
2576 3693 2672 3751 οὖν
2705 3699 2915 3760 ἐκεῖνος
2971 3696 3111 3768 ἔχων
3160 3694 3256 3748 ἐπὶ
3289 3694 3371 3765 τῷ
3406 3693 3597 3759 πάθει,

2004 3795 2101 3850 καὶ
2122 3794 2379 3866 οὐδεμίαν
2413 3792 2714 3865 δυνάμενος
2747 3794 2932 3863 εὑρεῖν
2962 3792 3058 3846 τοῦ
3080 3789 3381 3852 λυποῦντος
3426 3805 3602 3859 παρα-

2004 3885 2207 3956 ψυχὴν,
2235 3884 2328 3938 ἐπὶ
2349 3883 2440 3937 τὸν
2466 3885 2643 3953 μέγαν
2672 3882 2814 3950 ἔγνω
2836 3881 3197 3949 καταφυγεῖν.
3234 3875 3346 3930 Καὶ
3364 3875 3466 3947 τὴν
3499 3874 3593 3927 σύ-

2008 3973 2171 4043 ζυγον
2202 3972 2346 4028 οὕτω
2390 3977 2700 4043 μεμηνυῖαν
2734 3969 3095 4043 παραλαϐὼν,
3143 3970 3459 4039 ἀφικνεῖται
3500 3968 3602 4021 σὺν

2009 4068 2149 4137 αὐτῇ
2182 4066 2318 4137 πρὸς
2346 4066 2408 4119 τὸ
2440 4067 2826 4136 μοναστήριον.
2869 4065 3024 4118 Ἐπεὶ
3058 4063 3115 4117 δὲ
3140 4063 3202 4116 οὗ
3261 4061 3472 4132 βάσιμα
3498 4077 3603 4129 γυ-

2006 4160 2150 4226 ναιξὶ
2186 4159 2256 4213 τὰ
2312 4158 2482 4225 ἔνδον,
2516 4157 2855 4229 προσήδρευε
2885 4155 2962 4227 τῷ
2997 4154 3224 4219 πυλῶνι,
3268 4153 3339 4207 τὰ
3378 4152 3604 4211 ,δυνατὰ

2005 4252 2259 4316 ποιοῦσα,
2291 4252 2515 4323 νηστείᾳ
2560 4267 2618 4306 τε
2645 4252 2901 4323 χρωμένη
2934 4250 3029 4302 καὶ
3050 4249 3351 4318 προσευχῇ,
3383 4246 3480 4298 καὶ
3506 4244 3603 4297 τοῦ

2003 4346 2107 4415 τῆς
2138 4344 2314 4415 θήκης
2343 4345 2686 4415 ἁγιάσματος
2717 4344 2958 4411 ἑκάστης
2987 4342 3250 4411 ἑσπέρας,
3302 4340 3403 4393 σὺν
3434 4336 3602 4406 ἐλαίῳ

2005 4440 2104 4511 τῆς
2156 4439 2497 4510 φωταγωγοῦ
2549 4439 2799 4492 πίνουσα.
2853 4435 3028 4507 Τρίτῃ
3056 4434 3115 4488 δὲ
3147 4436 3213 4504 τῇ
3247 4433 3375 4503 ἑξῆς
3420 4431 3601 4493 νυκτὶ,

2009 4534 2298 4604 ἐπιφανεὶς
2322 4531 2460 4603 αὐτῇ
2477 4532 2505 4584 δ
2534 4531 2705 4601 μέγας
2724 4528 3020 4596 Εὐθύμιος,
3043 4528 3147 4581 Ἴδε
3169 4527 3330 4594 ὑγιὴς
3347 4522 3602 4592 γέγονας,

314 4629 454 4685 vade
487 4629 540 4684 in
585 4627 806 4681 domum
862 4635 1054 4681 tuam:
1093 4624 1393 4692 statimque
1430 4632 1485 4678 et
1543 4622 1766 4675 morbus
1818 4629 1900 4674 cst

2012 4626 2271 4694 ἐπιλέγει,
2297 4623 2537 4695 πορεύου
2570 4625 2649 4687 είς
2675 4623 2767 4676 τὸν
2789 4619 2941 4675 οἶκόν
2976 4637 3099 4696 σου.
3130 4619 3245 4673 Καὶ
3276 4618 3311 4689 ἦ
3342 4634 3404 4671 τε
3452 4617 3605 4677 νόπς

317 4721 635 4784 dissolutus,
669 4729 726 4777 et
753 4719 995 4775 cessavit
1025 4716 1259 4779 insania,
1314 4717 1647 4783 demuznque
1708 4714 1905 4770 mulier

316 4814 514 4873 mentis
544 4828 766 4885 compos
808 4812 1119 4869 revertitur.
1164 4809 1248 4862 Ab
1284 4809 1380 4864 illo
1414 4818 1597 4865 autem
1636 4817 1899 4876 tempore,

2009 4719 2172 4782 εὐθὺς
2199 4718 2453 4779 δελύετο,
2484 4717 2581 4770 καὶ
2622 4716 2693 4770 τὰ
2743 4719 2844 4786 τῆς
2882 4714 3079 4786 μανίας
3129 4711 3393 4766 ἐπαύετο·
3424 4710 3520 4762 καὶ
3568 4710 3600 4776 ἠ

2008 4814 2148 4884 γυνη
2179 4812 2479 4883 σωφρόνως
2505 4811 2723 4880 ἔχουσα,
2751 4810 2937 4864 οἶκαδε
2972 4804 3219 4877 ἐπανῄει.
3270 4804 3361 4869 Ἐξ
3390 4802 3603 4855 tat-{van

316 4917 505 4979 utpote
536 4922 746 4967 memor
772 4904 1025 4962 beneﬁcii
1052 4918 1082 4957 a
1110 4899 1323 4956 Sancto
1346 4901 1582 4969 accepti,
1607 4901 1901 4970 quotannis

2012 4906 2069 4959 δὲ
2093 4903 2359 4975 καθάπερ
2372 4904 2905 4975 ἀπομνημονεύουσι-ι
2931 4903 3033 4972 τῆς
3067 4894 3289 4971 χάριτος
3332 4896 3410 4967 τῷ
3442 4892 3601 4964 ἁγίῳ,

317 5002 570 5058 veniebat
594 5000 663 5056 ad
686 4996 1102 5058 monasterium,
1121 4994 1408 5063 ipsumque
1436 4993 1600 5053 limen
1626 5003 1679 5048 et
1703 4992 1901 5060 solum,

316 5099 461 5165 quod
515 5105 601 5153 est
650 5103 780 5151 ante
821 5092 1152 5163 ingressum,
1183 5095 1241 5144 et
1274 5087 1548 5157 pulverem
1600 5085 1903 5154 complexa,

268 5171 285 5229 ί
319 5191 603 5247 ardentius
646 5185 1018 5250 osculabatur,
1073 5191 1237 5251 atque
1283 5182 1481 5236 fratres
1527 5179 1792 5235 invitabat
1838 5183 1905 5236 ad

319 5281 658 5345 convivium,
672 5288 729 5333 et
746 5290 908 5347 quam
933 5273 1328 5333 humanissime
1345 5280 1563 5341 poterat
1577 5270 1898 5340 accipiebat.

321 5376 388 5429 Et
414 5376 518 5430 hoc
564 5374 782 5443 quidem
817 5379 901 5427 est
936 5367 1225 5441 ejusmodi,
1270 5367 1461 5438 sicque
1496 5379 1597 5423 nec
1634 5364 1909 5436 prioribus

321 5465 466 5520 cedit
500 5463 894 5534 magnitudine.

2013 4997 2295 5066 ἀφικνεῖτὸ
2317 5013 2376 5050 τε
2406 4997 2545 5069 πρὸς
2571 4995 2631 5050 τὸ
2670 4997 3033 5067 μοναστήριον
3080 4991 3334 5063 ἐτησίως,
3369 4989 3471 5044 xci.
3508 4989 3604 5058 τὴν

2006 5090 2173 5161 φλιὰν
2214 5089 2387 5160 αὐτὴν
2413 5090 2508 5142 καὶ
2536 5089 2598 5141 τδ
2642 5089 2837 5157 ἔδαφος
2866 5087 2973 5159 πρὸ
3000 5085 3104 5156 τῆς
3129 5083 3361 5146 εἰσόδου,
3387 5080 3488 5133 καὶ
3511 5077 3605 5147 τὴν

2008 5184 2161 5237 κόνιν
2207 5182 2480 5255 φιλήματι
2533 5180 2852 5252 θερμοτέρῳ
2876 5178 3331 5250 περιεπτύσσετο,
3355 5172 3454 5228 καλ⁸
3481 5171 3607 5233 τοὺς

2011 5275 2275 5345 ἀδελφοὺς
2308 5275 2507 5341 εἱστία,
2540 5276 2636 5328 καὶ
2672 5274 2748 5336 ὡς
2775 5276 2808 5344 ή
2840 5266 3269 5342 δύναμις,εῐχεν
3310 5262 3602 5332 ἐδεξιοῦτο.

2008 5368 2122 5421 Καὶ
2154 5367 2311 5421 τοῦτο
2339 5367 2435 5438 μὲν
2459 5366 2524 5439 δὴ
2548 5366 2812 5420 τοιοῦτον.
2843 5366 2958 5418 Καὶ
2984 5364 3127 5417 οὕτω
3153 5359 3421 5434 μεγέθους
3447 5356 3605 5428 χάριν

2009 5462 2131 5515 οὐδὲ
2161 5471 2184 5498 ι
2206 5461 2315 5515 τῶν
2343 5459 2573 5515 κατόπιν
2599 5458 3056 5529 ἀπολειπόμενον.
3160 5510 3165 5515 ,
3250 5502 3257 5513 .

1610 5555 1873 5631 ,νΑῐιιΑξ
1902 5555 2309 5623 ιΕεΤιοΝεβ.

393 5663 416 5690 ι
450 5653 524 5712 al.
552 5651 735 5707 οὐδέν.

1486 5745 1677 5801 JOAN.
1723 5742 2069 5801 BOLLANDI
2108 5745 2339 5807 ΝΟΤᾸΕ.

392 5846 507 5913 (92)
539 5844 659 5899 Non
690 5843 855 5899 licere
887 5844 1096 5900 mulieri
1136 5845 1189 5899 in
1217 5845 1424 5913 lauram
1450 5844 1712 5898 accedere
1742 5841 1906 5897 tradit
1965 5842 2107 5901 idem
2136 5844 2191 5903 tu
2220 5842 2353 5898 :Vita
2383 5841 2443 5897 S.
2506 5840 2734 5899 Joannis
2769 5840 3094 5898 Silentiarii.
3131 5837 3323 5893 Simile
3349 5834 3418 5892 de
3442 5848 3602 5891 man-

328 5912 421 5969 dra
444 5921 499 5970 5.
534 5915 820 5987 Symconis
851 5915 1058 5987 Stylittc
1088 5916 1119 5970 5
1142 5912 1261 5970 Jan.
1294 5923 1675 5969 memoratum.
