3846 6466
314 319 415 388 ’121

1641 310 1763 376 [TA
1798 311 1857 373 S.
1900 299 2319 374 EUTHYM'IL

3482 300 3602 367 722

381 432 572 487 PMH'.
618 427 828 483 Ἐκεῖνο
867 426 925 481 δὲ
973 425 1069 481 καλ¹
1098 424 1262 489 αὑτὸς
1287 424 1316 479 ὁ
1350 424 1447 494 τὴν
1476 421 1743 495 ἐπήρειάν
1767 424 1888 477 ὑπο·

2077 417 2361 480 CXLVIII.
2405 418 2543 475 lllud
2582 422 2764 474 autem
2794 416 2840 474 is
2875 426 3095 488 quoque
3125 416 3218 488 qui
3250 414 3418 472 subiit
3450 417 3595 471 cata.

313 524 465 589 στάς,
536 522 631 577 καὶ
684 520 836 593 παρᾶ
863 519 943 591 τῷ
973 518 1066 572 τοῦ
1112 517 1271 586 ἁγίου
1305 517 1461 587 τάφῳ
1489 516 1772 589 τρυγήσας
1801 514 1900 587 τὴν

310 615 631 686 θεραπείαν,
650 617 715 687 τῇ
744 615 878 685 μονῇ
909 611 990 665 ἔτι
1014 610 1240 683 περιὼν,
1261 611 1353 664 καὶ
1374 606 1456 673 εἷς
1480 610 1590 664 τῶν
1610 610 1740 681 παρ’
1762 609 1897 681 αὑτῇ

317 708 571 781 μοναχῶν
622 705 732 773 ὢν,
794 705 971 776 οἰκείᾳ
999 704 1216 777 γλώττῃ
1247 704 1341 757 καὶ¹
1398 705 1550 774 φωνῇ
1605 703 1895 774 μαρτυρεῖ.

314 799 470 851 Ἐστι
500 797 609 867 γάρ
649 814 733 860 τις
781 795 1009 864 ἀδελφὸς
1040 795 1097 849 ὲν
1127 793 1204 865 τῷ
1244 795 1591 865 μοναστηρίῳ
1610 832 1627 857 ,
1660 793 1720 846 τὸ
1741 792 1900 860 γένος

310 889 580 960 Γαλάτης,
614 888 714 958 τὴν
742 887 935 958 κλῆσιν
978 886 1309 957 Προκόπιος.
1370 879 1537 949 Οὗτος
1567 883 1661 938 οὖν
1693 886 1721 938 ό
1756 884 1899 955 Προ-

310 979 524 1045 κόπιος,
573 979 632 1032 ὲν
680 977 983 1040 πολιτικοῖς
1030 974 1111 1029 ἔτι
1154 974 1407 1047 θορύϐοις
1438 976 1531 1029 καὶ
1569 975 1896 1046 πράγμασιν

308 1072 409 1137 ὢν,
441 1070 663 1142 πονηρῷ
706 1070 1016 1141 κατεσχέθη
1047 1068 1354 1139 πνεύματι,
1404 1070 1500 1123 καὶ
1532 1067 1690 1123 τοῦτο
1721 1068 1898 1123 σύνοι-

307 1184 404 1219 κον
429 1161 545 1236 εἶχε
589 1165 750 1236 μέχρι
780 1163 999 1230 πολλοῦ,
1026 1164 1276 1235 κρυφίως
1318 1163 1482 1218 αὑτὸν
1513 1163 1893 1233 ὲκδειματοῦν,

307 1261 405 1313 καὶ
429 1259 668 1330 ταράχου
699 1258 769 1312 τὰ
817 1257 966 1312 ἔνδον
1010 1256 1284 1328 πληροῦν·
1330 1256 1521 1329 ὥσπερ
1569 1255 1732 1321 αὑτὸς
1773 1256 1895 1326 ἐμοὶ

306 1351 629 1421 διηγήσατο.
675 1350 828 1404 Ἐπεὶ
852 1350 908 1403 δὲ
931 1350 1023 1403 τὸν
1052 1350 1256 1421 κόσμον
1305 1350 1480 1403 λιπὼν
1510 1350 1588 1421 τῷ
1620 1366 1895 1420 μοναστη-

310 1440 412 1511 ρίῳ
465 1440 866 1511 προσέδραμεν,
913 1439 1196 1511 εἰσεδέχθη
1219 1457 1278 1493 τε
1329 1440 1480 1511 παρά
1508 1439 1605 1508 τῆς
1647 1438 1895 1501 συνοδίας

300 1532 416 1584 τῶν
457 1530 722 1601 ἀδελφῶν,
787 1532 883 1585 καὶ
928 1534 995 1602 τῇ
1053 1532 1147 1585 τοῦ
1199 1532 1455 1601 λειψάνου
1514 1528 1892 1602 προσεκύνησε

306 1625 472 1694 θήκῃ,
502 1623 565 1677 τὸ
586 1623 824 1693 πονηρὸν
848 1623 1012 1687 εὐθὺς
1043 1622 1365 1695 ἀπηλέγχθη
1388 1622 1626 1694 πνεῦμα,
1657 1625 1733 1689 ὡς
1765 1625 1893 1680 σκό-

300 1733 398 1778 τος
422 1716 527 1769 ὑπὸ
554 1717 753 1786 φωτὸς,
783 1716 881 1770 καὶ
934 1718 1014 1780 είς
1049 1717 1285 1788 ἐμφανὲς
1324 1719 1523 1788 ἤγετο,
1556 1720 1649 1771 καὶ
1683 1720 1894 1791 Προκό⁴

2006 514 2252 569 mitatem
2300 522 2356 569 et
2407 513 2473 569 ad
2511 511 2696 569 Sancti
2742 510 3054 582 sepulcrum
3087 509 3427 565 curationem
3467 523 3596 578 per-

2007 605 2169 672 cepit,
2204 604 2382 660 adhuc
2424 611 2705 674 superstes
2740 602 2795 657 iu
2826 602 3179 668 monasterio,
3222 615 3363 657 unus
3407 615 3472 656 ex
3528 602 3597 657 lis

2005 695 2096 764 qui
2139 696 2191 749 in
2232 708 2299 750 eo
2326 704 2451 751 sunt
2484 695 2789 760 monachis,
2829 708 2925 748 sua
2958 693 3143 763 lingua
3199 701 3254 748 et
3280 706 3415 747 voce
3439 694 3597 749 tesri-

2007 787 2224 841 licatur.
2260 784 2359 842 Est
2380 787 2528 841 enim
2553 785 2777 856 quidam
2814 783 2984 839 frater
3010 785 3065 838 in
3111 784 3466 851 monasterio,
3503 799 3597 854 ge-

2005 888 2136 931 nere
2161 872 2375 942 Galata,
2402 876 2626 932 nomine
2647 874 2967 945 ProcOplus.
2988 873 3097 928 llic
3117 887 3249 943 ergo
3268 874 3593 944 Procopius,

2002 984 2125 1025 cum
2144 969 2321 1025 adhuc
2352 970 2406 1024 in
2438 967 2690 1024 civilibus
2714 977 3039 1024 versaretur
3061 968 3382 1024 tumultibus
3410 978 3466 1024 et
3494 985 3595 1023 ne-

2003 1060 2197 1132 gotiis,
2237 1068 2535 1129 occupatus
2587 1058 2691 1114 fuit
2724 1074 2754 1114 a
2804 1058 2999 1127 spiritu
3051 1073 3307 1128 nequam,
3357 1072 3594 1127 eumque

2001 1153 2093 1207 diu
2150 1151 2338 1207 habuit
2370 1151 2532 1206 simul
2581 1151 2939 1215 habitantem,
2989 1151 3206 1206 occulte
3256 1157 3579 1211 terrentem,

1999 1255 2055 1299 et
2100 1243 2430 1299 intrinsecus
2464 1242 2775 1313 opplentem
2828 1243 3053 1312 strepitu
3074 1285 3088 1307 ,
3118 1242 3269 1297 sicut
3304 1240 3423 1310 ipse
3456 1242 3592 1295 mihi

2001 1336 2271 1391 narravit.
2309 1336 2601 1406 Postquam
2647 1342 2827 1389 autem
2870 1334 3062 1388 relicto
3096 1332 3297 1388 sarculo
3344 1333 3584 1388 occurrit

2001 1428 2068 1482 ad
2101 1426 2511 1492 monasterium,
2554 1435 2608 1480 et
2637 1440 2665 1480 a
2705 1434 2975 1480 conventu
3024 1423 3255 1478 fratrum
3298 1434 3591 1492 susceptus

1998 1528 2105 1585 est,
2136 1528 2300 1588 atque
2330 1518 2685 1589 reliquiarum
2717 1532 2937 1587 capsam
2965 1516 3232 1581 adoravit,
3257 1517 3439 1570 statim
3472 1517 3578 1584 spi-

1999 1611 2139 1667 ritus
2185 1625 2417 1681 nequam
2463 1619 2548 1666 est
2590 1610 2908 1677 convictus,
2949 1619 3228 1678 tamquam
3288 1610 3524 1664 tenebrae
3558 1626 3587 1664 a

1998 1700 2139 1765 luce,
2170 1710 2225 1755 et
2258 1701 2310 1756 iu
2340 1710 2586 1771 apertum
2624 1698 2945 1771 productus,
2989 1707 3044 1754 et
3066 1698 3366 1768 Procopius
3400 1703 3588 1768 cogni-

302 1827 429 1873 πιος
470 1810 743 1881 δαιμονῶν
787 1809 1136 1881 ὲγνωρίζετο,
1193 1812 1370 1865 πάντα
1423 1812 1607 1865 ὲκεῖνα
1641 1789 1887 1883 πάσχων,

1998 1802 2084 1848 tus
2120 1802 2203 1849 est
2240 1808 2362 1849 esse
2394 1793 2784 1857 davmouiacus,
2836 1792 3018 1846 omnia
3063 1790 3156 1845 illa
3190 1790 3423 1860 patiens,
3469 1806 3588 1860 qua:

297 1903 402 1955 ὃσα
429 1904 539 1965 τοῖς
561 1901 736 1964 οὕτως
779 1900 998 1972 ἔχουσιν
1045 1901 1171 1968 rem,
1204 1903 1545 1975 ρησσόμενός
1588 1919 1647 1957 τε
1673 1904 1889 1969 δεινῶς,

297 1995 395 2047 καὶ
419 1995 502 2057 είς
532 1995 634 2064 γῆν
686 1994 1216 2065 προσριπτούμενος,
1251 1996 1331 2049 ἔτι
1366 1996 1741 2067 δεσμούμενος
1787 1998 1889 2068 τὴν

295 2089 569 2156 γλῶτταν,
604 2089 697 2142 καὶ
730 2088 865 2159 μηδὲ
921 2089 1171 2160 συνήθως
1199 2088 1540 2158 φθέγγεσθαι
1582 2089 1891 2161 συγχωρού-

246 2244 257 2256 ι
299 2196 485 2249 μενος.
539 2179 750 2249 Ὅνπερ
772 2178 836 2249 δὴ
861 2180 957 2232 καὶ
981 2179 1146 2233 αὑτὸν
1198 2180 1229 2233 ό
1267 2179 1441 2250 μέγας
1470 2182 1636 2247 ίᾶται,
1666 2182 1758 2235 καὶ
1792 2180 1887 2235 τοῦ

296 2271 505 2335 πάθους
537 2271 653 2342 ἅμα
702 2272 795 2324 καὶ
824 2271 924 2340 τῆς
979 2273 1176 2342 μανίας
1226 2274 1321 2326 καὶ
1367 2274 1476 2327 τῶν
1507 2274 1606 2345 τῆς
1640 2273 1888 2345 γλώττης

294 2365 515 2435 δεσμῶν
567 2364 828 2418 ἀπολύει·
863 2364 1005 2419 καθά
1043 2365 1137 2419 καὶ
1175 2368 1257 2429 εἰς
1285 2367 1445 2439 δεῦρο
1495 2366 1687 2438 παρὼν
1720 2370 1777 2421 ὲν
1818 2371 1885 2441 τῇ

298 2461 439 2529 μονῇ
474 2457 751 2512 δείκνυται
774 2474 786 2489 ⁸
819 2459 921 2513 οὑκ
954 2459 1181 2523 ἀπαθῶς
1210 2459 1371 2530 μόνον
1402 2460 1542 2531 ἔχων
1563 2462 1660 2515 καὶ
1692 2461 1885 2530 ὑγιῶς,

294 2553 435 2607 ἀλλά
473 2555 567 2607 καὶ
604 2554 928 2626 σωφροσύνῃ
958 2555 1106 2627 πάσῃ
1135 2554 1229 2607 καὶ
1261 2554 1510 2626 ὑπομονῇ
1539 2555 1885 2627 διαπρέπων,

296 2649 396 2700 καὶ
421 2645 510 2700 τὸν
538 2646 774 2718 χρηστὸν
800 2646 972 2701 ἕλκων
1012 2648 1069 2700 ὲν
1098 2646 1271 2718 ταύτῃ
1302 2647 1392 2701 τοῦ
1450 2646 1689 2717 Χριστοῦ
1723 2645 1886 2717 ζυγὸν

299 2739 444 2793 κατά
472 2739 726 2811 δύναμιν.

366 2858 551 2912 PMB’.
580 2858 801 2919 Τούτοις
825 2856 1118 2910 ἀκόλουθον
1147 2857 1215 2910 τά
1247 2857 1387 2911 κατά
1405 2855 1494 2910 τὸν
1517 2856 1889 2925 ξενικδνέκεϊ-

293 2967 388 3003 νον
442 2948 754 3016 διεξελθεῖν.
814 2950 1163 3021 Καθημένοις
1194 2950 1302 3023 γάρ
1356 2966 1486 3005 ποτε
1532 2950 1669 3022 πρὸς
1698 2953 1765 3022 τῇ
1791 2950 1886 3005 τοῦ

299 3041 669 3112 μοναστηρίου
728 3041 939 3111 εἰσόδῳ,
1004 3042 1096 3094 καί
1133 3058 1253 3095 τινα
1306 3041 1527 3112 μαλώαν
1564 3042 1750 3112 ἔχουσι
1799 3042 1888 3097 διά

296 3134 482 3208 χειρὸς
514 3134 609 3189 καὶ
654 3134 1010 3204 καθαίρουσιν
1031 3174 1046 3198 ,
1108 3133 1321 3188 ἔπεισιν
1370 3137 1504 3207 ἡμῖν
1540 3132 1695 3197 οὗτος
1722 3136 1888 3208 ῥοίζῳ
1916 3127 1956 3182 C

297 3222 547 3292 μεγάλῳ,
584 3222 681 3276 καὶ
702 3222 976 3290 καταιγίδι
1012 3223 1432 3295 παραπλησίως,
1459 3225 1566 3279 ὑπὸ
1596 3223 1691 3279 τοῦ
1716 3243 1887 3296 πονη-

298 3315 397 3387 ροῦ
451 3315 761 3385 πνεύματος
811 3316 1166 3387 ἐλαυνόμενος
1187 3359 1202 3383 ,
1237 3315 1460 3388 κράζων
1481 3336 1538 3371 τε
1569 3319 1796 3390 λαμπρᾷ
1822 3322 1886 3392 τῇ

294 3412 484 3482 φωνῇ·
520 3408 585 3464 Τί
629 3408 754 3481 ἐμοὶ
777 3409 870 3462 καὶ
902 3410 1012 3472 σοὶ,
1034 3409 1126 3463 τού
1161 3409 1295 3463 Θεοῦ
1328 3410 1566 3481 θεράπον
1609 3411 1883 3482 Εὑθύμιε;

297 3501 405 3555 ποῦ
440 3519 505 3572 με
538 3502 633 3555 σὺν
668 3500 757 3572 βίᾳ
786 3500 1004 3567 ’ἐλκεις;
1048 3504 1149 3556 οὑκ
1201 3502 1400 3574 ἔξειμι.
1439 3505 1672 3559 Ἔπειτα
1708 3507 1886 3577 ῥίπτει

294 3595 406 3665 πρὸ
432 3593 540 3647 τῶν
589 3592 771 3646 πυλῶν
817 3595 978 3647 αὑτὸν
1007 3594 1067 3647 τὸ
1118 3596 1354 3666 πονηρὸν
1387 3597 1627 3668 πνεῦμα,
1686 3600 1888 3670 πτῶμα

294 3689 411 3750 τοῖς
446 3685 646 3756 ὁρῶσιν
678 3685 1060 3741 ἐλεεινότατον.
1123 3686 1483 3753 ’Λναστὰντες
1531 3684 1624 3742 οὗν
1670 3690 1766 3743 σὺν
1809 3690 1888 3759 τῷ

296 3778 535 3851 θυρωρῷ
563 3777 802 3850 Βαϐύλα,
836 3780 930 3832 καὶ
959 3780 1110 3850 μόλις
1134 3780 1296 3833 αὑτὸν
1344 3782 1683 3851 ἀνελόμενοι,
1734 3783 1889 3855 παρά

291 3872 395 3944 τὴν
412 3871 508 3925 τοῦ
534 3871 787 3941 λειψάνου
814 3871 990 3942 θήκην
1019 3874 1357 3943 κατάγομεν.
1394 3874 1450 3927 Ὁ
1476 3875 1532 3927 δὲ
1550 3875 1658 3928 τῶν
1685 3877 1887 3946 ὁμοίων

295 3968 394 4018 καὶ
421 3965 501 4018 ἔτι
550 3963 744 4035 φωνῶν
796 3963 1009 4035 εἴχετο’
1036 3965 1101 4017 Τί
1137 3964 1328 4035 βιαίως
1367 3964 1529 4033 οὕτω,
1585 3966 1744 4038 βοῶν,
1774 3969 1887 4023 δια-

297 4057 478 4113 σπᾶτέ
512 4075 576 4127 με
601 4059 695 4111 καὶ
736 4061 1107 4128 ast-castigate;
1144 4058 1195 4110 τί
1228 4075 1296 4127 με
1326 4059 1461 4129 πρὸς
1497 4060 1589 4113 τὸν
1634 4060 1765 4132 ὲμδν
1790 4078 1890 4115 που

294 4150 487 4221 λὲμιον
522 4149 719 4219 ἀγετε;
752 4149 804 4202 τί
835 4149 970 4219 πρὸς
1007 4150 1097 4202 τον
1131 4149 1323 4220 ἐχθρόν
1352 4167 1366 4216 ;
1410 4151 1462 4204 τί
1514 4152 1651 4223 πρὸς
1685 4152 1777 4206 τὸν
1799 4154 1889 4207 ἀεὶ

294 4242 782 4313 καταπιμπρῶντά
840 4259 905 4312 με
962 4241 1207 4313 σφοδρῶς
1256 4243 1476 4310 ﬁxere;
1530 4245 1594 4296 Ὢ
1629 4245 1788 4315 βίαςί
1826 4246 1886 4298 οὑ

295 4335 643 4407 πορεύσομαι
681 4334 802 4406 μεθ’
833 4334 1007 4406 ὑμῶν,
1042 4335 1155 4387 ἀλλ’
1205 4334 1520 4405 ἐξέρχομαι,
1574 4337 1670 4391 καὶ
1726 4336 1887 4391 πλέον

1994 1895 2120 1941 sunt
2160 1884 2470 1941 hominibus
2521 1884 2597 1940 ita
2643 1882 2854 1940 allectis
2908 1883 3127 1953 propria
3157 1922 3173 1949 ,
3220 1892 3282 1937 ut
3317 1883 3411 1952 qui
3447 1897 3588 1938 saeve

1993 1978 2429 2048 disrumperetur
2456 1987 2512 2035 et
2565 1977 2715 2033 humi
2752 1976 3137 2047 proﬁceretur,
3177 1976 3365 2032 adbaac
3399 1975 3582 2045 lingua

1996 2069 2316 2135 vinciretur,
2358 2084 2459 2126 nec
2494 2070 2766 2127 sineretur
2823 2084 2924 2140 pro
2970 2083 3123 2125 more
3177 2069 3375 2139 loqui.'
3411 2068 3581 2134 Quem

1992 2162 2167 2234 ipsum
2200 2177 2417 2235 quoqrre
2448 2177 2679 2234 magnus
2699 2170 2878 2231 sanat,
2909 2171 2964 2218 et
2997 2162 3070 2217 ab
3103 2160 3396 2217 affectione
3422 2160 3585 2215 simul

1991 2261 2046 2308 ct
2084 2251 2322 2321 insania,
2371 2261 2427 2309 et
2479 2251 2678 2324 linguae
2729 2251 2964 2308 vinculis
3018 2250 3291 2318 exsolvit;
3343 2248 3486 2305 sicut
3529 2249 3584 2304 in

1993 2344 2320 2401 hodiernum
2344 2359 2519 2415 usque
2543 2346 2685 2401 diem
2711 2344 3019 2401 ostenditur
3044 2358 3282 2415 praesens
3307 2344 3360 2398 in
3394 2356 3582 2399 mona-

1991 2437 2191 2505 sterio;
2225 2452 2331 2493 non
2360 2438 2537 2494 solum
2564 2451 2732 2492 sanus
2765 2445 2820 2491 et
2851 2452 2879 2491 a
2911 2435 3052 2491 malo
3086 2435 3248 2502 liber,
3281 2434 3374 2491 sed
3414 2435 3577 2489 etiam

1991 2527 2140 2582 omni
2184 2527 2547 2598 temperantia
2589 2536 2643 2581 et
2685 2526 2977 2582 tolerantia
3036 2526 3289 2596 insignis,
3323 2533 3487 2596 atque
3521 2525 3575 2579 in

1990 2635 2059 2676 eo
2091 2622 2314 2676 trahens
2337 2634 2439 2689 pro
2474 2620 2682 2675 viribus
2713 2635 2882 2676 suave
2917 2620 3115 2675 Christi
3153 2618 3368 2689 jugum.

2063 2797 2293 2855 CXLIX.
2338 2798 2433 2854 llis
2464 2812 2802 2868 consequens
2860 2798 3028 2853 fuerit
3075 2812 3136 2851 ea
3171 2798 3427 2865 persequi
3459 2812 3581 2866 quae

1991 2891 2057 2945 ad
2092 2890 2241 2945 illum
2277 2889 2628 2960 peregrinum
2657 2896 2927 2959 spectant.
2952 2888 3280 2943 Sedeutibus
3307 2889 3454 2943 enim
3477 2889 3582 2943 ali—

1992 2982 2209 3051 quando
2236 2981 2289 3037 iu
2320 2981 2637 3038 monasterii
2667 2980 2940 3052 ingressu,
2971 2992 3026 3035 et
3059 2981 3291 3049 ligonem
3322 2980 3374 3034 in
3418 2995 3581 3035 manu

1991 3074 2340 3139 habentibus,
2388 3082 2552 3145 atque
2607 3071 2969 3145 purgantibus
3013 3072 3191 3135 nobis,
3236 3070 3457 3126 advenit
3494 3071 3585 3126 lric

1991 3180 2114 3222 cum
2150 3180 2348 3237 magno
2386 3167 2590 3237 impetu
2620 3173 2674 3221 et
2709 3164 2971 3230 stridore,
3007 3179 3071 3219 ae
3105 3164 3280 3219 instar
3305 3165 3580 3235 procellae,

1996 3271 2024 3311 a
2059 3257 2201 3312 malo
2222 3258 2414 3327 spiritu
2445 3264 2598 3312 actus
2620 3299 2635 3324 ,
2677 3265 2842 3326 atque
2869 3254 3013 3311 clara
3048 3268 3185 3311 voce
3216 3255 3535 3312 exclamans
3567 3273 3581 3311 :

1990 3346 2128 3413 Quid
2156 3347 2289 3401 mihi
2320 3354 2374 3401 et
2400 3347 2521 3412 tibi,
2549 3346 2640 3401 Dei
2678 3361 2836 3401 serve
2857 3344 3159 3416 Eutlrymi‘l
3192 3343 3313 3412 Quo
3342 3360 3427 3401 rue
3457 3361 3580 3400 cum

1994 3439 2248 3494 violentia
2292 3437 2647 3494 tralris?Non
2670 3452 2827 3493 exeo.
2867 3438 3072 3492 Deinde
3106 3451 3229 3491 eum
3272 3444 3398 3493 ante
3434 3435 3582 3492 fores

1992 3529 2211 3602 proiicit
2258 3529 2483 3598 spiritus
2516 3544 2770 3598 nequam,
2826 3544 2954 3583 casu
3007 3525 3316 3583 videntibus
3348 3530 3584 3583 maxime

1992 3618 2315 3674 miserabili.
2363 3619 2663 3690 Surgentes
2711 3617 2876 3687 igitur
2920 3632 3042 3671 eum
3082 3615 3326 3684 janitore
3357 3614 3586 3688 Babyla,

1991 3727 2112 3765 cum
2142 3711 2225 3765 vix
2254 3726 2375 3765 eum
2404 3708 2851 3777 sustulissemus,
2878 3709 2947 3764 ad
2986 3707 3339 3778 reliquiarum
3366 3722 3583 3778 capsam

1990 3803 2337 3859 deducimus.
2382 3802 2478 3858 ille
2517 3810 2698 3857 autern
2748 3801 2926 3857 adhuc
2953 3801 3161 3857 similes
3206 3814 3371 3856 voces
3423 3815 3582 3854 usur-

1990 3896 2174 3964 pabat,
2215 3895 2460 3950 clamans
2504 3911 2518 3949 :
2556 3891 2670 3948 Cur
2694 3908 2780 3949 me
2814 3894 2895 3949 sic
2945 3893 3211 3949 violenter
3242 3891 3501 3948 divellitis
3525 3904 3580 3948 et

1992 3985 2342 4042 distralritis?
2390 3986 2503 4040 Cur
2538 3999 2624 4041 me
2654 3985 2854 4039 ducitis
2885 3984 2953 4038 ad
2985 3985 3195 4039 hostem
3228 3983 3453 4038 meum?
3478 3980 3587 4037 Cur

1993 4078 2061 4133 ad
2092 4078 2416 4133 inimicum?
2456 4077 2567 4133 Cur
2610 4092 2696 4132 me
2722 4079 2787 4132 ad
2815 4091 2938 4132 eum
2968 4077 3318 4131 vehementer
3357 4075 3587 4139 trahitis,

1990 4172 2080 4240 qui
2106 4185 2189 4224 me
2211 4186 2429 4241 semper
2459 4170 2749 4226 incendit?
2782 4186 2815 4224 ο
2841 4170 2984 4223 vim!
3016 4184 3120 4223 non
3151 4168 3242 4223 ibo
3273 4168 3582 4230 vobiscum,

1990 4263 2083 4317 sed
2125 4264 2397 4335 egredior,
2452 4276 2636 4333 neque
2691 4261 2926 4331 amplius
2983 4261 3241 4315 manebo.
3295 4258 3586 4328 Postquam

1994 4370 2121 4410 vero
2172 4355 2238 4409 ad
2294 4355 2468 4425 ipsum
2531 4357 2707 4411 sancti
2761 4353 3069 4424 sepulcrum
3118 4366 3242 4408 cum
3299 4351 3585 4421 peregrino

294 4434 397 4486 οὑκ
428 4430 507 4484 ἔτι
536 4428 706 4500 μενῶ.
747 4429 896 4482 Ἐπεὶ
922 4428 978 4481 δὲ
1005 4428 1140 4500 πρὸς
1171 4427 1317 4499 αὐτῷ
1340 4429 1416 4499 τῷ
1433 4428 1526 4482 τοῦ
1551 4430 1707 4499 ἀγίου
1730 4431 1887 4502 τάφῳ

2002 4445 2229 4500 multum
2264 4446 2462 4502 defessi
2494 4447 2864 4517 pervenimus,
2892 4459 3016 4500 eum
3043 4458 3237 4500 rursus
3254 4443 3441 4513 dejicit
3475 4442 3583 4497 d2-

297 4527 399 4578 σὺν
432 4521 509 4595 τῷ
535 4520 730 4593 ξενικῷ
756 4519 925 4574 πολλά
948 4522 1215 4591 καμόντες
1246 4522 1573 4591 γεγόναμεν,
1611 4522 1885 4577 καταϐάλ-

295 4619 379 4669 λει
402 4616 502 4670 καὶ
535 4614 699 4669 πάλιν
729 4615 891 4668 αὑτὸν
918 4614 946 4666 ὁ
969 4613 1202 4683 δαίμων,
1244 4614 1339 4668 καὶ
1370 4615 1549 4668 πᾶσαν
1576 4615 1790 4685 ἄφωνος
1827 4617 1886 4669 τὸ

299 4709 563 4782 παράπαν
614 4709 827 4779 ἐκείνην
870 4707 971 4778 τὴν
1024 4707 1193 4761 νύκτα
1236 4708 1542 4777 διαγαγὼν,
1590 4710 1886 4782 σωφρονῶν

296 4803 469 4858 ἕωθεν
488 4803 582 4857 καὶ
610 4802 794 4874 νήφων
818 4799 1122 4865 ἀνίσταται,
1153 4801 1273 4854 οὑδὲ
1307 4801 1480 4871 βραχὺ
1508 4802 1759 4871 λείψανον
1776 4802 1886 4857 τῶν

297 4899 584 4970 προτέρων
609 4896 769 4967 ἔχων.
790 4894 1240 4960 Συνεστιαθέντες
1264 4896 1887 4968 τοίνυναύτῷλρόμεθα

299 4989 508 5062 μεταξὺ
534 4991 632 5061 τῆς
664 4986 967 5061 τραπέζης,
995 4988 1048 5042 τί
1072 4989 1208 5059 ὅπερ
1231 4988 1359 5059 χθὲς
1393 4989 1575 5053 πάθοι,
1610 4991 1705 5043 καὶ
1738 4992 1886 5061 ὅπως

296 5083 538 5139 ἐνταῦθα
570 5083 735 5149 ἔλθοι,
783 5083 876 5136 καὶ
903 5082 956 5133 τί
1009 5081 1118 5152 ἄρα
1148 5082 1369 5153 κράζων
1396 5077 1485 5153 ἦν.
1529 5082 1588 5136 '0
1611 5083 1668 5136 δὲ
1706 5086 1885 5138 πάντα

296 5181 486 5247 ἔλεγεν
511 5179 745 5245 ἀγνοεῖν,
782 5177 876 5231 καὶ
904 5173 1028 5229 οὔτε
1059 5175 1173 5239 πῶς
1193 5174 1361 5243 ἔλθοι,
1389 5174 1512 5229 οὔτε
1539 5175 1567 5229 ὃ
1598 5175 1795 5247 ἔκραζε
1824 5175 1886 5229 τὸ

295 5276 564 5342 παράπαν
588 5270 806 5325 εἰδέναι.

368 5362 503 5422 PN'.
523 5363 707 5417 Ταῦτα
732 5362 912 5415 τοίνυν
937 5360 1165 5416 τοιαῦτα
1211 5362 1338 5415 ὅντα
1374 5363 1469 5417 καὶ
1497 5364 1692 5430 οὕτως,
1729 5363 1886 5417 οὐδε-

300 5454 433 5526 μίαν
483 5456 565 5518 είς
614 5453 893 5523 θαύματος
937 5452 1096 5521 λόγον
1133 5453 1443 5524 ὑπερϐολὴν
1489 5454 1881 5519 ἀπολείποντα,

303 5547 485 5611 μόνοις
508 5548 787 5617 ὑποχωρεῖ
814 5547 926 5609 τοῖς
958 5545 1098 5599 κατά
1131 5544 1229 5617 τὴν
1262 5546 1661 5617 Βηταγαϐαίων
1691 5544 1886 5617 κώμην

304 5641 713 5710 γεγενημένοις,
763 5640 850 5708 ἐφ’
895 5638 930 5691 ἀ
978 5638 1148 5708 δήπου
1198 5639 1288 5691 καὶ
1334 5640 1361 5692 ὁ
1388 5638 1546 5708 λόγος
1578 5639 1676 5710 τὴν
1709 5637 1885 5709 ὁρμὴν

297 5728 563 5802 ἔχει.¹Ἠν
597 5732 706 5802 γάρ
732 5749 815 5787 τις
862 5733 918 5783 ἐν
955 5729 1030 5800 τῷ
1093 5731 1440 5802 μοναστηρίῳ
1486 5730 1883 5803 πρεσϐύτερος,

298 5825 397 5897 τῆς
430 5822 686 5894 τοιαύτης
726 5823 1056 5896 ὡρμημένος
1097 5822 1310 5895 κώμης,
1358 5824 1643 5895 Ἀχθὰϐιος
1689 5823 1880 5894 ὄνομα,

1993 4550 2138 4601 ιηοη,
2185 4544 2388 4591 etcum
2432 4547 2599 4591 totam
2647 4537 2801 4591 illam
2831 4550 3073 4606 .noctem
3123 4543 3311 4589 mutus
3359 4533 3583 4588 omnino

1994 4626 2373 4697 transegisset,
2412 4643 2568 4683 mane
2598 4629 2774 4697 surgit
2805 4628 3122 4682 moderatus
3162 4634 3220 4681 et
3250 4640 3398 4680 sanae
3431 4639 3584 4679 men-

1991 4718 2080 4781 tis,
2117 4734 2183 4774 ne
2208 4718 2464 4775 minimas
2489 4720 2708 4789 quidem
2743 4719 2953 4775 habens
3000 4719 3244 4789 priorum
3288 4716 3573 4789 reliquias.

1990 4810 2175 4882 Itaque
2205 4826 2308 4866 una
2333 4827 2458 4867 cum
2493 4827 2558 4868 eo
2602 4812 2829 4883 epulati,
2860 4812 3004 4868 inter
3041 4812 3369 4867 ctenandum
3416 4812 3584 4867 inter-

1991 4904 2345 4973 rogavimus,
2382 4904 2640 4974 quidnam
2686 4912 2833 4960 esset
2878 4906 3022 4975 quod
3073 4904 3194 4959 heri
3255 4904 3579 4974 patiebatur,
3674 4903 3681 4906 ’

1987 5008 2039 5050 et
2069 4996 2529 5065 quemadmodum
2561 4996 2669 5052 huc
2697 4996 2957 5055 venisset.
2994 5004 3048 5053 et
3082 4996 3345 5067 quidnam
3380 4996 3584 5050 clama-

1989 5099 2092 5144 ret.
2125 5088 2219 5142 Ille
2254 5103 2386 5144 vero
2427 5096 2625 5143 cuneta
2657 5088 2872 5144 dicebat
2917 5102 2981 5142 se
3014 5089 3293 5159 ignorare,
3321 5095 3375 5142 et
3405 5098 3581 5153 neque

1988 5193 2095 5249 quo
2126 5180 2286 5234 ruodo
2315 5179 2573 5245 venisset,
2602 5194 2778 5250 neque
2808 5179 2940 5250 quid
2971 5180 3257 5248 clamaret,
3279 5193 3338 5235 se
3359 5176 3580 5234 omnino

1988 5269 2150 5325 scire.

2059 5358 2167 5414 CL.
2212 5359 2384 5416 Porro
2435 5361 2552 5419 haec
2607 5364 2734 5419 talia
2781 5379 2904 5421 cum
2940 5364 3075 5430 sint,
3130 5373 3293 5433 atque
3344 5359 3409 5414 ad
3453 5373 3575 5413 eum

1987 5454 2239 5518 πιοδυηιν
2312 5454 2628 5526 nullamque
2725 5458 3043 5528 relinquant
3129 5452 3568 5525 exsuperantiam

1988 5546 2200 5600 ratione
2235 5546 2504 5616 miraculi,
2532 5550 2598 5607 iis
2645 5550 2778 5606 solis
2809 5550 3009 5606 cedunt
3062 5563 3183 5618 quae
3231 5545 3577 5613 contigerunt

1989 5638 2041 5693 in
2069 5638 2191 5694 \ico
2236 5639 2709 5712 Betagabazorum,
2752 5644 2972 5715 ad'qum
3019 5640 3274 5698 nimirum
3318 5644 3574 5708 properat

1986 5732 2178 5787 oratio.
2208 5733 2428 5789 Scilicet
2449 5746 2570 5792 erat
2600 5738 2824 5809 quidaur
2847 5737 2901 5792 in
2933 5730 3265 5788 monasterio
3284 5726 3577 5799 presbyter.

1987 5838 2051 5881 ex
2089 5838 2153 5882 co
2184 5826 2303 5884 vico
2332 5835 2508 5901 ortas,
2533 5831 2755 5890 neruiue
2786 5825 3147 5893 Achthabius,
3189 5822 3277 5893 qui
3314 5818 3561 5890 quadra—
