3846 6528
176 306 288 369 ’123

1419 300 1704 360 MENSIS
1742 297 2204 361 JANUARIUS.

3354 300 3468 363 72L

181 416 329 488 ginta
379 413 621 483 quinque
670 425 844 468 annos
894 410 948 466 in
1001 423 1066 464 co
1114 417 1420 480 peregerat,
1449 409 1799 480 Christique,

1908 408 2119 480 ’ἐμπτον
2146 411 2205 463 ἐν
2233 408 2382 480 αὑτῴ
2414 408 2549 481 πρὸς
2587 411 2699 474 τοῖς
2725 409 3146 482 τεσσαράκοντα
3190 411 3313 476 ἔτος
3339 413 3466 467 δια-

186 508 569 562 mandatorum
644 502 870 573 probum
946 500 1258 572 operarium
1312 504 1628 557 ostenderat
1689 516 1769 556 se.

184 599 319 655 Erat
352 608 534 654 autem
564 596 612 652 ei
643 607 859 666 quoque
884 592 1057 650 frater
1085 608 1283 665 genere
1304 592 1358 649 in
1390 607 1452 648 ea
1483 593 1608 648 villa
1644 591 1770 648 Βειο

183 693 524 765 οδεώωοιυιη
551 687 687 761 (95),
708 701 830 758 quae
864 687 933 744 ad
953 685 1329 743 duodecimum
1350 685 1583 757 lapidem
1608 684 1775 740 distat

186 804 215 839 a
246 785 417 851 Gaza,
447 782 600 840 nulla
637 794 705 838 ex
740 789 897 854 parte
936 778 1147 838 faciens
1189 778 1390 835 similia
1440 786 1499 834 et
1539 786 1771 849 cognata

186 896 307 937 cum
350 879 543 946 fratre,
575 874 852 932 Romanus
884 874 982 948 (ita
1011 872 1158 930 enim
1189 872 1544 941 vocabatur);
1574 871 1670 927 sed
1701 870 1776 925 vi.

186 986 319 1028 vena
345 968 582 1027 molliter
603 977 661 1024 et
686 965 970 1025 dissolute.
996 965 1168 1038 Igitur
1183 965 1430 1037 quidam,
1470 963 1672 1020 invidia
1709 962 1765 1019 in

192 1080 316 1121 cum
348 1064 545 1121 ductus
576 1062 650 1119 oh
688 1076 843 1134 opes,
872 1060 1110 1133 maligne
1154 1057 1538 1124 insidiabatur,
1571 1071 1775 1129 easque

187 1157 488 1214 conabatur
512 1154 750 1212 auferre.
775 1154 911 1212 Cum
953 1164 1134 1210 autem
1162 1167 1193 1208 a
1221 1166 1392 1223 scopo
1431 1151 1771 1216 aberrasset,

190 1248 390 1304 deinde
420 1256 478 1303 et
511 1245 909 1303 vehementiori
960 1243 1181 1301 invidia
1229 1241 1454 1299 stimqu
1494 1242 1773 1299 sauciatus

190 1349 356 1404 esset,
386 1338 538 1396 venit
560 1335 1053 1407 Eleutheropolim,
1077 1346 1135 1393 et
1160 1345 1351 1392 contra
1388 1351 1514 1391 eum
1540 1336 1776 1392 assumit

160 1431 481 1502 \quemdam
529 1429 1013 1500 prastigiatorem,
1066 1427 1300 1500 proximi
1354 1442 1552 1484 nosam
1603 1427 1776 1483 miser

174 1505 395 1602 imagno
423 1535 773 1592 comparans.
804 1519 981 1593 Atque
1018 1521 1109 1578 ille
1137 1522 1355 1592 quidem
1381 1531 1543 1593 prout
1571 1520 1779 1577 sciebat

177 1614 247 1667 iet
299 1620 514 1681 poterat
565 1625 698 1667 usus
726 1620 811 1668 est
856 1611 1066 1668 artibus
1098 1612 1236 1668 suis.
1285 1612 1570 1668 Romanus
1623 1624 1775 1676 vero,

195 1716 249 1755 ιιι
298 1704 387 1772 qui
442 1702 577 1757 nihil
629 1702 973 1772 previtlisset
1016 1717 1206 1759 eorum
1249 1717 1372 1773 quae
1429 1702 1780 1774 gerebantur,
1822 1709 1829 1719 ‘

1872 502 2122 566 τελέσας,
2164 505 2260 557 καὶ
2284 505 2392 558 τῶν
2420 501 2514 557 τοῦ
2545 501 2785 574 Χριστοῦ
2809 502 3042 558 ἐντολῶν
3070 503 3312 573 ἐργάτης
3332 506 3467 558 ανα-

1873 595 2111 666 δειχθεὶς
2165 595 2410 666 δόκιμος.
2461 595 2677 667 Προσῆν
2714 594 2772 649 δέ
2803 612 2889 660 τις
2925 594 3077 667 αὐτῷ
3114 596 3210 651 καὶ
3238 596 3471 667 ἀδελφὸς

1875 687 2020 742 κατὰ
2072 687 2231 758 γένος
2258 688 2318 742 ἐν
2356 690 2423 760 τῇ
2455 686 2876 758 Βηταγαδαίων,
2929 687 3053 757 ἥτις
3095 687 3313 743 δώδεκα
3371 707 3472 758 ση-

1879 779 2055 850 μείοις
2088 778 2268 850 Γάζης
2301 778 2517 851 ἀπέχει,
2572 777 2728 832 οὐδὲν
2768 779 2931 850 ὃμοια
2956 777 3078 833 ούδέ
3109 778 3350 849 συγγενῆ
3391 779 3472 850 τῷ

1873 874 2093 945 ἀδελφῷ
2124 874 2401 946 πράττων.
2434 875 2467 930 6
2498 872 2786 945 Ῥωμανδς
2840 871 3008 945 (οὓτω
3054 873 3163 948 γὰρ
3188 875 3472 946 ἐκαλεῖτο)

1875 966 2013 1023 ἀλλὰ
2034 966 2145 1033 ζῶν
2167 967 2352 1039 ὑγρῶς
2382 981 2443 1020 τε
2476 965 2572 1021 καὶ
2595 964 2922 1037 ἀνειμένως.
2949 964 3241 1037 Βασκήνας
3262 961 3360 1022 οῦν
3387 983 3475 1031 τις

1876 1060 2027 1134 αὐτῷ
2045 1059 2147 1131 τῆς
2166 1058 2379 1125 οὐσίας,
2401 1058 2670 1130 ἐφήδρευε
2695 1056 3041 1128 κακούργως,
3058 1058 3152 1112 καὶ
3174 1057 3475 1128 ὑφελέσθαι

1877 1153 2047 1225 αὐτὴν
2079 1152 2362 1224 ἐπειρᾶτο.
2394 1150 2501 1205 Τοῦ
2533 1148 2740 1204 σκοποῦ
2764 1149 2822 1203 δέ
2863 1147 3208 1222 διαμαρτὼν,
3233 1144 3355 1204 εἷτα
3377 1150 3475 1205 καὶ

1878 1245 2223 1319 σφοδροτέρῳ
2245 1243 2327 1316 τῷ
2350 1245 2450 1316 τῆς
2501 1241 2809 1315 βασκανίας
2837 1243 3053 1317 κέντρῳ
3103 1240 3360 1313 πληγεὶς,
3413 1244 3474 1299 ἐν

1888 1338 2332 1410 Ἐλευθεροπόλει
2377 1336 2631 1407 γίνεται,
2696 1336 2794 1391 καί
2857 1353 2982 1391 τινα
3036 1337 3470 1410 παραλαμϐάνει

1881 1432 2056 1504 γόητα
2078 1430 2202 1486 κατ’
2232 1428 2425 1493 αὐτοῦ,
2460 1426 2660 1483 πολλοῦ
2688 1428 2791 1499 τὴν
2821 1426 2920 1482 τοῦ
2948 1426 3178 1499 πλησίον
3212 1428 3420 1500 βλάϐην
3442 1430 3507 1492 ό,

1880 1524 2113 1589 δείλαιος
2131 1522 2508 1595 ὠνησάμενος.
2548 1522 2611 1575 '0
2639 1521 2739 1592 μὶν
2759 1520 2944 1585 οῦνῶς
2969 1517 3083 1593 εἶχε
3102 1523 3225 1585 ταῖς
3254 1521 3475 1592 τέχναις

1882 1615 2109 1686 ἐχρῆτο.
2159 1612 2218 1668 '0
2283 1611 2563 1683 Ῥωμανδς
2594 1611 2674 1679 δέ,
2723 1605 2813 1666 οἵα
2843 1610 2954 1665 τῶν
2985 1611 3290 1683 γινομένων
3318 1612 3475 1665 οὐδὲν

1887 1704 2175 1777 προειδὼς,
2235 1705 2296 1760 ἐν
2324 1703 2482 1775 ἀγρῷ
2509 1703 2721 1775 διῆγεν,
2770 1703 3029 1774 οὐδεμίαν
3059 1703 3197 1769 ὅλως
3240 1704 3351 1758 τῶν
3378 1721 3480 1758 κα-

193 1795 430 1865 degebat
456 1795 511 1850 in
552 1810 706 1867 agro,
735 1796 1044 1852 nullatenus
1073 1810 1277 1853 cavens
1304 1795 1472 1866 ipsius
1493 1793 1781 1850 maleficia.

1908 1774 2315 1872 ιουργουμένων
2361 1796 2513 1864 αὐτῷ
2570 1795 2819 1867 φυλακὴν
2871 1795 3031 1868 ἔχων.
3099 1796 3209 1852 Καί
3258 1813 3367 1851 τινι
3417 1796 3482 1851 τὸ

196 1890 372 1956 Atque
400 1898 685 1959 correptus
716 1905 746 1944 a
787 1891 1020 1959 quodam
1054 1899 1279 1946 veterno
1309 1889 1559 1960 corporis
1619 1888 1782 1959 (quod

204 1983 346 2039 Deus
388 1998 643 2053 magnam
704 1983 1016 2040 socordiam
1065 1983 1511 2054 interrumperet,
1563 1982 1788 2053 ejusque

202 2075 439 2129 animam
469 2078 536 2130 ad
576 2074 924 2130 sedulitatem
971 2075 1280 2139 reduceret,
1312 2080 1379 2130 ac
1406 2073 1528 2130 ideo
1574 2071 1785 2144 permi-

201 2174 388 2234 stsset,
426 2177 480 2220 ιιι
516 2166 859 2235 aliquantum
884 2165 1196 2222 vinceretur
1229 2182 1258 2220 a
1290 2165 1508 2234 maligni
1544 2165 1787 2230 insidiis;

205 2260 660 2328 quemadmodum
684 2273 791 2314 non
813 2258 984 2315 multo
1005 2267 1125 2329 post
1142 2258 1499 2316 declarabunt
1528 2272 1648 2328 qua:
1663 2257 1790 2313 sub-

201 2348 546 2421 jungentur),
576 2349 798 2405 domum
819 2348 1077 2404 refertur.
1108 2349 1238 2405 Dein
1271 2349 1360 2405 ubi
1397 2348 1598 2405 malum
1627 2350 1791 2405 vehe-

208 2440 447 2496 mentius
485 2440 761 2510 incubuit;
805 2440 895 2496 ille
924 2440 1142 2511 quidem
1167 2440 1386 2511 iacebat
1432 2441 1789 2512 hydropicus,

212 2545 626 2605 extremamque
673 2544 961 2605 acceperat
991 2547 1059 2590 ex
1090 2542 1208 2589 arte
1232 2535 1563 2590 medicorum
1608 2533 1794 2604 deplo-

214 2626 503 2693 rationem;
531 2625 717 2683 aflines
741 2636 922 2683 autem
946 2635 1001 2681 et
1017 2626 1179 2681 amici
1207 2626 1683 2685 circumsidebant.
1715 2627 1795 2681 ul-

221 2720 495 2788 timasque
528 2718 894 2790 separationis
923 2717 1193 2789 Iacrymas
1222 2728 1445 2789 propter
1468 2734 1593 2773 eum
1627 2718 1793 2773 emit-

216 2811 428 2864 tebattt.

286 2900 419 2956 CLI.
463 2901 557 2957 Sic
583 2901 746 2974 igitur
779 2903 1102 2975 gravissime
1125 2903 1352 2959 affectus
1407 2903 1515 2969 ille,
1573 2903 1822 2973 jamque'

217 2993 391 3062 ipsam
423 3001 653 3048 mortem
698 3002 1046 3065 exspectans,
1098 2996 1189 3050 vix
1241 2995 1475 3049 diductis
1514 2993 1711 3059 oculis,
1746 3003 1801 3047 et

215 3098 325 3154 quo
345 3083 521 3139 solum
554 3084 717 3140 modo
745 3084 875 3155 quid
918 3086 1151 3141 obscure
1207 3084 1383 3142 videri
1430 3094 1616 3156 queat,
1678 3093 1798 3139 orat

216 3192 314 3232 eos
342 3178 434 3247 qui
481 3178 732 3242 aderant,
773 3189 833 3232 ut
880 3178 1153 3248 paululum
1184 3180 1505 3235 secederent
1532 3197 1545 3233 :
1576 3181 1802 3249 ipseque

218 3269 370 3325 solus
406 3269 647 3334 relictus,
673 3278 727 3323 et
761 3268 828 3325 ad
878 3271 1142 3339 parietem
1170 3286 1488 3339 conversus,
1539 3273 1683 3326 sicut
1717 3271 1806 3326 ille

222 3376 456 3432 magnus
500 3361 761 3418 Ezechias
783 3362 1078 3433 aliquando
1107 3364 1178 3429 “,
1224 3363 1347 3419 talia
1371 3365 1432 3419 in
1475 3364 1807 3420 contritione

222 3455 403 3507 cordis
462 3464 548 3509 est
600 3464 875 3524 precatus,
898 3455 1052 3521 Deus
1106 3456 1390 3515 virtutum.
1435 3455 1526 3526 qui
1570 3455 1802 3512 dixisti:

223 3542 356 3597 Cum
400 3560 633 3600 reuersus
678 3545 1017 3616 ingrmueris,
1065 3536 1189 3600 tunc
1217 3547 1393 3601 salvus
1441 3549 1546 3602 eris
1564 3549 1649 3614 “;
1693 3550 1809 3616 ipse

227 3637 438 3707 respice
469 3652 633 3708 super
666 3652 772 3704 me,
811 3648 869 3694 et
916 3639 985 3693 ab
1027 3637 1149 3706 hac,
1180 3654 1299 3708 quae
1347 3654 1432 3693 me
1477 3639 1806 3709 comprimit,

227 3730 558 3786 necessitate
620 3737 677 3785 et
761 3730 1265 3800 calamitateeripe.
1328 3728 1540 3784 Interea
1605 3739 1807 3792 autem,

227 3836 348 3875 cum
390 3821 442 3875 in
477 3830 715 3876 mentem
752 3820 801 3877 ei
841 3823 1103 3888 venisset,
1141 3836 1398 3891 maguum
1434 3822 1599 3876 etiam
1650 3835 1810 3875 voca-

227 3912 316 3967 bat
347 3911 691 3985 Eutltymium
740 3914 1001 3969 adversus
1050 3914 1323 3977 morbum,
1376 3914 1663 3982 virumque
1700 3913 1812 3967 Deo

228 4002 492 4060 offerebat
522 4004 968 4071 intercessorem,
995 4013 1158 4073 atque
1187 4018 1282 4074 per
1305 4005 1480 4074 ipsum
1505 4005 1726 4074 rogabat
1756 4015 1814 4058 ut

230 4101 579 4155 liberaretur.

301 4190 455 4247 CLII.
497 4191 693 4248 Postea
740 4190 888 4247 velut
938 4192 992 4246 in
1030 4193 1227 4247 ecstasi
1275 4191 1623 4257 constitutus,
1673 4190 1811 4245 videt

234 4285 520 4353 quemdam
549 4281 748 4340 vestitu
786 4284 1140 4348 monachum,
1186 4285 1310 4353 pilis
1344 4298 1563 4347 canum,
1605 4284 1815 4339 adstan—

237 4392 342 4431 tettt
383 4387 440 4432 et
462 4377 728 4433 dicentem
756 4394 771 4435 :
801 4375 939 4444 Quid
973 4379 1054 4432 vis
1089 4377 1183 4432 tibi
1213 4377 1457 4432 faciant?
1493 4378 1558 4432 Et
1589 4378 1675 4431 ille
1704 4377 1817 4445 qui-

1891 1890 2049 1961 σῶμα
2074 1889 2251 1961 νάρκῃ
2275 1889 2505 1958 ληφθεὶς
2564 1886 2679 1960 (τοῦ
2729 1885 2868 1941 Θεοῦ
2910 1887 2973 1941 τὸ
3009 1887 3145 1943 πολὺ
3167 1888 3267 1959 τῆς
3307 1887 3482 1960 ρᾳθυ-

1893 1983 2021 2052 μίας
2046 1982 2437 2052 ἐγκύπτοντος,
2483 1981 2578 2035 καὶ
2608 1980 2707 2053 τὴν
2737 1980 2902 2034 αὐτοῦ
2931 1980 3111 2053 ψυχὴν
3135 1981 3273 2053 πρὸς
3311 1998 3483 2035 σπου-

1889 2075 1987 2146 δὴν
2004 2075 2396 2144 ἐπανάγοντος,
2423 2074 2519 2130 καὶ
2548 2074 2638 2129 διὰ
2658 2068 2817 2129 τοῦτο
2847 2075 3230 2145 περιγενέσθαι
3260 2074 3430 2128 αὐτοῦ
3454 2087 3482 2116 ι

1891 2169 2013 2232 ταῖς
2042 2169 2106 2221 ἐκ
2135 2167 2230 2222 τοῦ
2282 2167 2525 2238 πονηροῦ
2558 2166 2864 2237 μεθοδείαις
2906 2165 3081 2238 βραχύ
3111 2185 3167 2220 τι
3213 2185 3479 2239 παραχω-

1898 2260 2197 2331 ρήσαντος·
2242 2260 2319 2323 ὡς
2347 2259 2408 2312 ού
2459 2257 2643 2329 πολλῷ
2690 2258 2920 2328 ὕστερον
2961 2258 3197 2330 δηλώσει
3228 2258 3303 2313 τὰ
3349 2261 3486 2312 ἐπα-

1892 2351 2146 2422 γόμενα),
2185 2351 2263 2422 τῷ
2296 2352 2432 2422 οίκῳ
2486 2348 2906 2421 ἀνακομίζεται.
2953 2346 3091 2405 Εἶτα
3120 2351 3484 2423 σφοδρότερον

1894 2444 1989 2499 τοῦ
2013 2441 2187 2498 κακοῦ
2219 2443 2675 2519 κατασκήψαντος
2697 2459 2712 2475 ο
2769 2444 2798 2497 6
2846 2444 2970 2512 μὲν,
3019 2442 3204 2498 ἔκειτο
3235 2444 3485 2516 ύδεριῶν,

1896 2539 1993 2592 καὶ
2045 2537 2147 2609 τὴν
2176 2538 2416 2608 ἐσχάτην
2454 2539 2518 2590 ἐκ
2560 2537 2662 2608 τῆς
2696 2535 2805 2590 τῶν
2860 2536 3061 2606 ἰατρῶν
3084 2538 3278 2609 τέχνης
3306 2537 3490 2592 λαϐὼν

1899 2630 2306 2701 ἀπαγόρευσιν·
2357 2631 2406 2683 oi
2442 2630 2811 2701 προσήκοντες
2840 2628 2896 2682 δὲ
2925 2628 3088 2682 αὐτὸν
3122 2631 3217 2682 κα)⁸
3261 2632 3311 2684 οἱ
3344 2628 3490 2698 φίλοι

1899 2722 2323 2795 περιεκάθηντο,
2371 2722 2435 2775 τὸ
2464 2722 2775 2776 τελευταῖον
2810 2721 3066 2789 ἀφιέντες
3095 2721 3183 2776 ἐπ’
3210 2721 3361 2792 αὐτῷ
3393 2722 3491 2776 τοῦ

1900 2815 2188 2889 χωρισμοῦ
2223 2817 2479 2886 δάκρυον.

1898 2897 1903 2901 ά
1970 2910 2150 2964 ΡΝΑἏ
2205 2908 2391 2970 Οὕτως
2435 2901 2528 2961 οὖν
2579 2907 2861 2978 βαρύτατα
2925 2909 3066 2979 ἔχων
3120 2909 3350 2974 ἐκεῖνος,
3399 2906 3494 2961 καὶ

1903 3001 2073 3070 αὐτὴν
2111 2999 2215 3072 ἥδη
2242 3000 2340 3070 τὴν
2373 2998 2629 3070 τελευτὴν
2665 3000 3043 3071 ἐκδεχόμενος,
3072 3000 3225 3071 μόλις
3247 3000 3341 3054 καὶ
3369 3000 3495 3053 ὅσον

1827 3132 1870 3191 C
1904 3091 2144 3163 ἀμυδρόν
2168 3108 2220 3144 τι
2246 3091 2409 3159 μόνον
2440 3089 2568 3144 ἰδεῖν
2596 3088 2658 3143 τό
2689 3090 2913 3162 βλέμμα
2941 3090 3155 3162 διάρας,
3185 3090 3358 3145 δεῖται
3385 3090 3497 3144 τῶν

1909 3183 2194 3257 παρόντων
2224 3182 2549 3255 ἐκχωρῆσαι
2599 3181 2830 3253 μικρόνο
2875 3183 2969 3237 καὶ
3006 3182 3179 3254 μόνος⁸
3218 3181 3378 3246 αὐτὸς
3409 3183 3498 3236 ἐπ’

1908 3276 2170 3347 ἐρημίαις
2192 3272 2602 3341 καταλειφθεὶς,
2630 3272 2727 3326 καὶ
2756 3271 2890 3344 πρὸς
2910 3272 3000 3326 τὸν
3022 3276 3200 3345 τοῖχον
3229 3274 3493 3343 ἐπιστρα-

1910 3371 2055 3439 φεὶς,
2092 3367 2346 3437 καθάπερ
2384 3365 2634 3430 Ἐζεκίας
2666 3367 2873 3430 ἐκεῖνος
2904 3364 2933 3415 ὁ
2977 3366 3154 3435 μέγας
3187 3364 3354 3430 ποτὲ,
3384 3382 3499 3420 τοι·

1909 3459 2050 3514 αῦτα
2080 3461 2137 3514 ἐν
2168 3456 2428 3528 συντριϐῇ
2464 3457 2693 3527 καρδίας
2728 3455 3101 3528 προσηύχετο·
3139 3455 3199 3509 ὐ
3232 3456 3363 3520 Θεὸς
3391 3458 3499 3510 τῶν

1909 3550 2214 3620 δυνάμεων,
2243 3551 2271 3602 6
2290 3548 2479 3611 εἰπὼν,
2505 3547 2687 3601 Ὅταν
2719 3546 3141 3616 ἀποστραφεὶς
3170 3547 3500 3617 στενάξῃς,

1913 3644 2046 3696 τότε
2074 3639 2350 3708 σωθήσῃ,
2412 3639 2574 3703 αὐτὸς
2605 3637 2899 3709 ἐπίὸλεψον
2964 3639 3054 3692 ἐπ’
3108 3639 3229 3709 ἐμὲ,
3263 3641 3361 3693 καὶ
3403 3644 3501 3706 τῆς

1915 3734 2248 3805 συνεχούσης
2285 3750 2352 3803 με
2409 3732 2611 3803 ταύτης
2656 3733 2903 3803 ἀνάγκης
2936 3733 3030 3785 καὶ
3064 3732 3162 3802 τῆς
3214 3734 3503 3803 συμφοράς

1915 3827 2120 3894 ἐξελοῦ.
2171 3827 2259 3880 Ἐν
2289 3825 2529 3895 τοσούτῳ
2564 3825 2642 3890 δὲ,
2701 3826 2782 3888 εἰς
2816 3822 2941 3877 νοῦν
2969 3824 3119 3895 αὐτῷ
3177 3824 3421 3879 ἐπελθὼν
3455 3827 3500 3892 θ’,

1917 3919 2129 3974 καὶτὸν
2164 3919 2338 3990 μέγαν
2383 3916 2661 3987 Εὐθύμιον
2714 3916 2903 3970 ἐκάλει
2953 3916 3095 3971 κατὰ
3142 3916 3236 3969 τοῦ
3271 3918 3499 3981 πάθους,

1919 4014 2015 4067 καὶ
2057 4013 2285 4081 μεσίτην
2326 4010 2572 4081 προσῆγε
2605 4008 2698 4062 τὸν
2748 4008 2916 4080 ἄνδρα
2945 4007 3086 4081 Θεῷ,
3121 4008 3216 4062 καὶ
3238 4008 3306 4063 δι’
3334 4008 3501 4063 αὑτοῦ

1919 4104 2016 4175 τὴν
2038 4101 2359 4173 ἀπαλλαγὴν
2388 4099 2606 4170 ηὔχετο.

1995 4194 2161 4248 PNB'.
2198 4188 2330 4246 Εἶτα
2365 4192 2553 4264 ὥσπερ
2579 4194 2636 4244 ἐν
2656 4191 2911 4244 ἐκστάσει
2933 4190 3365 4262 γενόμενος,’όρᾷ
3386 4209 3505 4246 τινα

1920 4286 2018 4354 τὴν
2052 4284 2245 4354 στολὴν
2289 4286 2542 4353 μοναχὸν,
2577 4282 2674 4352 τὴν
2706 4282 2869 4352 τρίχα
2914 4283 3127 4346 λευκὸν,
3184 4281 3504 4348 ἐπιστάντα,

1923 4378 2037 4443 καὶ,
2063 4378 2129 4428 Τί
2156 4376 2335 4446 βούλει
2364 4377 2574 4445 ποιήσοι
2599 4392 2679 4427 σοι
2704 4390 2718 4439 ;
2746 4375 2992 4442 λέγοντα.
3035 4375 3145 4430 Καὶ
3174 4376 3341 4446 ὁμὲν,
3376 4375 3506 4440 δέει,

235 4472 378 4536 dem,
407 4481 575 4537 metu,
606 4471 802 4541 inquit,
830 4480 885 4525 et
918 4471 1112 4538 gaudio
1139 4471 1365 4537 divisus,
1409 4470 1764 4542 interrogavit
1796 4488 1799 4522 :

1922 4470 2209 4543 φησῖ,ξκαὶ
2245 4469 2400 4540 ἡδονῇ
2450 4468 2749 4538 μερισθεὶς,
2786 4468 2883 4532 Τίς
2923 4467 3031 4540 ἄρα
3055 4469 3117 4522 σὺ
3150 4463 3505 4533 εἶ,δέσποτα;

236 4564 370 4628 Quis
415 4572 469 4619 ttt
522 4580 602 4631 es,
647 4564 903 4620 domine?
954 4564 1256 4636 Respondit
1307 4566 1354 4619 is
1405 4581 1419 4618 :
1467 4564 1814 4635 Euthymius,

237 4673 395 4727 q-tem
454 4658 571 4728 ipse
620 4657 781 4714 modo
820 4656 1079 4713 vocabas.
1113 4655 1300 4726 Neque
1337 4657 1405 4711 ad
1455 4672 1631 4712 meum
1661 4670 1820 4725 aspe—

237 4762 385 4803 ctum
452 4750 748 4820 quidquam
813 4748 1181 4823 extimescas;
1234 4749 1328 4804 sed
1390 4750 1637 4810 videam,
1680 4748 1817 4814 infit,

237 4844 363 4908 quid
394 4842 645 4912 patiaris,
699 4852 753 4897 ct
784 4856 1037 4910 quaenam
1083 4842 1332 4910 corporis
1373 4842 1448 4894 tui
1481 4856 1609 4911 pars
1645 4856 1822 4895 occu-

239 4948 396 5005 petur
429 4936 757 4990 caluuitate.
791 4934 1039 5003 Cumque
1070 4933 1159 4988 ille
1196 4941 1440 4988 ventrem
1473 4933 1822 4997 ostendisset,

242 5029 358 5094 ipse
383 5027 690 5096 conjunctis
719 5026 901 5096 digitis
935 5026 1050 5080 suis
1090 5032 1259 5089 recta,
1304 5026 1478 5094 iisque
1534 5041 1664 5080 usus
1706 5036 1826 5079 tan-

242 5137 402 5189 quam
441 5123 646 5191 gladio,
682 5121 884 5176 scindit
931 5118 1196 5174 tumidum
1234 5103 1368 5174 illud
1415 5118 1638 5182 ventris,
1684 5136 1825 5172 mor-

241 5273 254 5284 ο
316 5240 360 5273 ’³⁸
393 5237 459 5292 IV
520 5239 654 5310 Reg.
716 5255 808 5305 xx,
848 5238 904 5293 2.
984 5236 1030 5267 “
1066 5236 1167 5290 Isa.
1200 5252 1325 5298 xxx,
1357 5236 1440 5290 lii.

1927 4565 2111 4635 ἤρετο.
2150 4563 2259 4615 Καὶ
2281 4560 2360 4625 ὃς,
2402 4559 2695 4627 Εὑϐύμιος,
2753 4559 2881 4632 ἔφη,
2916 4560 2974 4615 ὃν
3018 4560 3246 4631 ἔναγχος
3295 4560 3507 4625 ἐκάλεις

1929 4655 2113 4717 αύῖός.
2151 4653 2259 4706 Καί
2296 4670 2394 4722 μου
2428 4652 2561 4723 πρδς
2592 4653 2691 4722 τὴν
2719 4652 2839 4722 ὄψιν
2874 4653 3041 4724 μηδὲν
3090 4652 3507 4728 ἀποδειλιάσῃςο

1929 4748 2046 4804 ἀλλ’
2071 4747 2183 4811 ἴδω,
2219 4745 2404 4816 φησὶν,
2437 4745 2465 4797 ὃ
2491 4762 2541 4796 τι
2575 4745 2824 4813 πάσχεις,
2858 4747 2951 4798 καὶ
2987 4745 3041 4799 τί
3070 4763 3150 4799 σοι
3198 4744 3294 4798 τοῦ
3325 4744 3510 4814 σώμα-

1932 4857 2021 4902 τος
2055 4838 2322 4908 κέχρηται
2373 4836 2648 4905 συμφορᾷ.
2687 4835 2794 4887 Τοῦ
2839 4835 2917 4898 δὲ,
2982 4835 3082 4903 τὴν
3130 4836 3341 4889 κοιλίαν
3382 4837 3512 4889 ὐπο-

1934 4933 2230 5000 δείξαντος,
2272 4929 2536 4993 συζεύξας
2574 4929 2697 4992 τοὺς
2718 4928 3013 4991 δακτύλους
3038 4930 3202 4993 αὐτὸς
3232 4929 3312 4993 είς
3334 4928 3511 5001 ὀρθὸν,

1936 5029 2031 5080 καὶ
2080 5024 2287 5085 τούτοις
2326 5018 2413 5074 οἷα
2442 5022 2505 5091 δὴ
2533 5022 2625 5075 καὶ
2660 5020 2802 5091 ξίφει
2833 5024 3202 5095 χρησάμενος,
3239 5025 3430 5092 τέμνει
3456 5021 3514 5075 τὸ
3550 5052 3557 5061 ι

1936 5116 2196 5188 διῳδηκδς
2234 5113 2331 5185 τῆς
2354 5112 2592 5183 γαστρὸς
2626 5116 2824 5178 ἐκεῖνο,
2858 5115 2951 5167 καὶ
2976 5116 3035 5169 τι
3066 5112 3239 5177 πάοος
3271 5111 3513 5184 ἐκκρίνει

1577 5350 1811 5407 VARI/I7.
1849 5347 2253 5405 LISCTIONES.

331 5462 357 5491 ⁸
381 5451 453 5504 al.
490 5448 676 5504 αὐτόν.
756 5450 785 5489 δ
812 5450 883 5504 al.
917 5446 1169 5503 ἐπελθόν.
1228 5480 1265 5498 κ

330 5679 444 5749 (95)
486 5679 565 5733 Att
612 5675 1057 5749 Tltahatlta,_smt
1098 5673 1412 5749 Tltztltaclta,
1470 5682 1563 5725 aut
1599 5669 1831 5749 Tat_l_t_:tsa,

269 5742 438 5822 pairia
477 5751 538 5804 ὃ.
573 5747 1048 5814 llilariuttis,vicus
1077 5747 1294 5803 circiter
1325 5747 1563 5816 quinque
1611 5742 1776 5797 millia
1804 5759 1831 5793 at

1421 5507 1615 5614 JOAN.
1652 5554 1991 5612 BOLLANDI
2034 5550 2266 5607 NOTJ’Z.

2115 5668 2362 5793 disltans?
2397 5667 2461 5741 de
2502 5681 2608 5738 quo
2651 5666 2707 5723 S.
2739 5663 3098 5735 llierunyntus
3143 5661 3197 5719 in
3246 5662 3367 5735 ejus
3413 5661 3516 5717 via.

1947 5779 1977 5793 -
2089 5749 2175 5794 cio
2201 5759 2235 5794 ν.

1947 5749 2005 5793 21
2041 5749 2235 5794 Uctub.
