3846 6466
285 313 391 378 725

1558 306 1735 368 VITA
1776 308 1839 368 S.
1881 305 2295 368 EUTHYMII.

3084 255 3124 270 -

3453 304 3566 368 726

285 427 380 481 aut
412 420 647 494 δὶαχέει·
671 418 855 490 ἐξάγει
894 434 951 472 τε
981 416 1081 488 τῆς
1107 415 1348 489 γαστρὸς
1380 414 1546 471 οἱονεὶ
1576 415 1811 471 πέταλόν
1836 435 1880 472 τι

1997 417 2290 487 bidumque
2333 416 2616 472 humorem
2672 415 2916 472 excernit
2944 423 2999 473 et
3041 416 3329 485 diffundit;
3363 432 3571 475 necnon

287 516 611 586 κατιττέρου
640 523 665 553 ο
694 510 1085 582 πεποιημένον,
1146 510 1503 581 χαρακτῆρας
1547 509 1670 580 ἕχον
1698 510 1873 577 τινας,

284 613 381 666 καὶ
408 607 568 663 τοῦτο
598 604 691 661 ἐπὶ
717 601 997 675 τραπέζης
1013 600 1157 664 τινος
1184 600 1276 654 ὑπ’
1297 599 1422 670 ὄψιν
1452 599 1605 671 αύτῷ
1630 598 1872 671 τίθησιν.

288 703 526 757 Ἔπειτα
559 698 657 755 καὶ
698 696 798 769 τὴν
828 694 1003 766 τομὴν
1034 695 1101 765 τῇ
1134 692 1283 765 χειρὶ
1344 691 1594 763 συνάψας
1624 694 1721 749 καὶ
1768 693 1876 747 ἀπ-

288 791 546 863 αλείψας,
607 787 865 860 ἀκέραιόν
923 801 984 838 τε
1044 783 1108 838 τδ
1132 784 1296 857 μέρος
1323 785 1419 838 καὶ
1441 786 1593 855 ὑγιὲς
1626 785 1874 856 θέμενος,

286 886 434 940 ἆπαν
473 882 602 951 ἑξῆς
631 878 781 951 αὐτῷ
833 876 1128 945 καταλέγει
1153 877 1216 930 τὸ
1243 876 1430 948 δρᾶμα
1453 893 1468 910 ο
1499 876 1598 949 τὴν
1648 877 1747 947 τῆς
1780 879 1877 930 οὐ.

287 957 408 1039 σῖας
444 970 746 1043 βασκανίαν
765 1011 780 1036 ,
809 967 910 1039 τὴν
936 965 1031 1021 τοῦ
1060 965 1258 1037 γόητος
1292 965 1561 1038 μίσθωσιν
1581 1008 1596 1033 ,
1637 966 1739 1039 τὴν
1766 965 1878 1020 τῶν

284 1063 561 1135 δαιμόνων
602 1059 915 1131 ἐπίκλησιν.
970 1058 1086 1111 Ούκ
1134 1055 1201 1111 ἂν
1234 1057 1292 1112 δέ
1344 1058 1500 1127 σοιά,
1526 1060 1716 1131 φησιν,
1753 1055 1876 1111 οὐδὲ

286 1154 465 1220 οὓτως
493 1155 550 1209 αί
578 1151 673 1209 τοῦ
705 1148 905 1225 ἐχθροῦ
939 1148 1317 1223 περιεγίνοντο
1349 1161 1373 1190 ο
1411 1150 1676 1221 μηχαναὶ,
1715 1150 1764 1203 εί
1799 1147 1876 1221 μὴ

289 1246 457 1309 αὐτὸς
482 1243 634 1317 αὐτῷ
691 1242 791 1308 τὰς
815 1240 985 1305 λαϐὰς
1030 1241 1331 1314 παρέσχες.
1386 1242 1517 1297 Ἰδοὺ
1544 1244 1652 1315 γὰρ
1683 1243 1806 1307 ὅσος
1848 1241 1877 1295 ό

290 1338 501 1412 μεταξὺ
528 1337 743 1410 χρόνος,
791 1334 887 1389 καὶ
933 1331 1059 1388 οὔτε
1094 1334 1174 1400 είς
1218 1334 1546 1405 Ἐκκλησίαν
1575 1334 1746 1403 ἔγνως
1775 1349 1879 1387 παι

288 1430 568 1503 ραδαλεῖν,
587 1426 714 1484 οὔτε
741 1429 853 1491 τοῖς
880 1426 1174 1498 ἀκράντοις
1194 1426 1512 1499 προσελθεῖν
1531 1425 1875 1499 μυστηρίοις

286 1520 404 1575 ἀλλ’
420 1518 641 1591 ἀμελῶς
669 1517 800 1589 ἔζης
829 1516 924 1571 καὶ
937 1514 1427 1589 ὰμερίμνως,τόγε
1459 1517 1540 1581 είς
1569 1515 1668 1588 τὴν
1698 1513 1879 1588 ψυχὴν

284 1608 423 1685 ἧκον
452 1611 551 1682 τὴν
582 1610 704 1681 σήν.
753 1607 909 1662 Ἐπεὶ
948 1606 1129 1662 τοίνυν
1179 1607 1331 1662 ἐλεόν
1386 1626 1481 1663 σου
1509 1608 1811 1681 πεποίηκεν
1850 1609 1879 1661 ό

285 1704 441 1769 Θεὸς,
469 1702 565 1759 τοῦ
607 1700 797 1756 λοιποῦ
832 1700 1070 1771 πρόσεχε
1099 1699 1331 1772 σεαυτῷ,
1352 1701 1445 1755 καὶ
1476 1699 1671 1772 μηκέτι
1705 1698 1883 1772 μηδα-

291 1797 409 1868 μῶς
442 1795 636 1866 ἀμέλει
668 1795 767 1865 τῆς
797 1791 991 1849 ἑαυτοῦ
1023 1793 1321 1865 σωτηρίας.

360 1885 538 1943 PNI".
592 1886 780 1941 Ταῦτα
831 1886 956 1939 ἐπεὶ
993 1887 1084 1941 τὸν
1139 1884 1419 1956 Ῥωμανὸν
1461 1884 1693 1940 ἀκοῦσαι
1729 1885 1773 1954 ί,
1806 1885 1887 1940 διο

294 1979 604 2048 ακαστῆναί
636 1995 696 2032 τε
753 1978 829 2043 ώς
863 1975 1007 2049 εἶχεν
1043 1978 1205 2042 εὐθὺς
1239 1978 1398 2047 ὑγιᾶ,
1426 1976 1519 2031 τοῦ
1551 1976 1716 2047 ὄγκου
1743 1977 1890 2050 αὐτῷ

289 2073 391 2143 ἤδη
437 2071 531 2126 τοῦ
587 2071 714 2143 περὶ
769 2072 870 2141 τὴν
926 2071 1175 2141 γαστέρα
1231 2068 1726 2133 διαπνευσθέντος’
1780 2073 1880 2124 καὶ

290 2163 710 2232 συγκαλέσαντα
776 2164 903 2227 τοὺς
957 2163 1335 2233 ἐπιτηδείους,
1394 2162 1494 2234 τὴν
1557 2164 1883 2218 ἐπιστασίαν

289 2257 476 2319 αὐτοῖς
500 2254 596 2309 τοῦ
625 2256 806 2325 ἁγίου,
842 2256 938 2309 καὶ
978 2255 1075 2327 τὴν
1104 2256 1263 2327 ξένην
1294 2256 1512 2327 ἐκείνην
1539 2255 1627 2311 διὰ
1655 2258 1762 2310 τῶν
1793 2259 1887 2313 δα·

289 2347 509 2423 κτύλων
532 2348 728 2420 τομὴν,
763 2348 857 2403 καὶ
893 2349 1073 2403 πᾶσαν
1124 2347 1313 2411 ἁπλῶς
1361 2349 1693 2417 ἀπαγγεῖλαι
1737 2352 1762 2392 ε
1784 2351 1884 2421 τὴν

218 2496 221 2499 _
289 2439 450 2508 δζαινσ
486 2439 679 2493 ἔπειτα
713 2439 770 2493 δὲ
822 2438 914 2494 καὶ
953 2440 1031 2503 είς
1077 2440 1226 2511 ἡμᾶς
1268 2439 1540 2511 διαϐῆναι,
1575 2442 1666 2494 καὶ
1710 2442 1789 2514 τῷ
1822 2459 1881 2495 τε

292 2532 602 2591 προεστῶτι
638 2532 736 2603 τῆς
764 2532 931 2604 μονῆς
948 2533 1121 2586 ταῦτα
1151 2532 1245 2587 καὶ
1274 2532 1545 2603 Ἀχθαὸίῳ
1570 2532 1647 2604 τῷ
1664 2535 1880 2607 ἀδελφῷ

294 2624 392 2678 καὶ
431 2626 599 2678 πᾶσιν
626 2625 760 2695 ἡμῖν
787 2623 1179 2695 διηγήσασθαι.
1212 2623 1324 2695 Τὴν
1365 2624 1549 2690 μέντοι
1601 2625 1703 2695 τῆς
1751 2624 1886 2679 θαυ-

295 2714 636 2785 ματουργίας
654 2713 890 2786 ἡμέραν,
913 2713 1107 2785 ἑορτὴν
1139 2713 1233 2766 καὶ
1265 2714 1346 2777 είς
1394 2713 1512 2766 τόδε
1546 2714 1743 2785 χρόνου
1782 2713 1884 2786 τὴν

298 2806 567 2877 μεγίστην
608 2807 865 2871 ποιεῖται,
896 2806 992 2859 καὶ
1021 2805 1090 2858 δι’
1126 2804 1280 2870 ἔτους
1321 2805 1647 2861 ἀποδίδωσιν
1687 2805 1766 2859 ἔτι
1803 2805 1881 2877 τῷ

297 2899 441 2969 ἁγίῳ
460 2898 558 2962 τὰς
578 2897 837 2970 χάριτας.
887 2896 1050 2951 Ἀλλά
1077 2896 1239 2951 τοῦτο
1272 2897 1373 2967 μὲν
1391 2896 1454 2968 δὴ
1477 2894 1740 2951 τοιοῦτον.

386 2987 559 3045 ΡΝΔ¹.
592 2992 656 3043 Ὃ
679 2990 736 3043 δέ
770 3007 858 3061 μοι
889 2989 1070 3059 λέγειν
1102 2988 1229 3058 έξῆς
1260 2992 1288 3043 ό
1309 2989 1463 3059 λόγος
1496 2990 1771 3063 ὥρμηται,
1802 2989 1889 3043 δέ-

295 3083 452 3137 δοικα
477 3083 552 3154 μὴ
577 3083 669 3136 καὶ
701 3081 1123 3149 ἄπιστον-δόξειε
1153 3085 1267 3145 τοῖς
1299 3082 1532 3147 πολλοῖς,
1554 3085 1650 3137 καὶ
1674 3083 1880 3154 ἥκιστα

295 3173 374 3244 τῷ
401 3171 496 3227 τοῦ
519 3171 708 3245 ἀνδρὸς
733 3171 853 3245 ῆθει
881 3173 975 3225 καὶ
993 3176 1057 3245 τῇ
1091 3173 1420 3244 χρηστότητι
1447 3174 1653 3240 ἐοικός⁸
1688 3175 1885 3229 τοσαύ-

300 3281 399 3337 την
426 3263 740 3334 θερμότητα
766 3262 909 3318 κατὰ
947 3264 1052 3317 τῶν
1083 3263 1531 3334 ψευδορκούντων
1576 3266 1672 3320 καὶ
1725 3265 1887 3337 ζῆλον

299 3355 506 3427 ἀκριϐῆ
561 3355 912 3427 παρίστησιν.
958 3355 1113 3409 Ἐστι
1148 3355 1254 3428 γάρ
1285 3374 1370 3421 τις
1416 3356 1552 3431 πρὸς
1596 3357 1887 3430 ἀνίσχοντα

299 3448 450 3516 ἥλιον
478 3445 637 3528 κώμη
660 3446 760 3518 τῆς
791 3447 996 3518 λαύρας
1026 3447 1221 3518 Φαρῶν
1245 3448 1297 3513 ιι,
1347 3448 1477 3502 δέκα
1516 3450 1752 3514 σταδίοις
1776 3452 1870 3504 ἀπ·

304 3539 524 3608 έχουσα,
582 3539 767 3611 Φαρὰν
811 3540 1013 3610 ὁμοίως
1076 3539 1171 3593 καὶ
1226 3540 1365 3612 αὑτὴ
1436 3541 1783 3614 καλουμένη·
1822 3544 1884 3597 οὐ

306 3630 720 3700 μεταλαϐοῦσα,
771 3627 947 3703 οἶμαι,
979 3632 1081 3702 τῆς
1121 3631 1458 3703 ἐπωνυμίας,
1499 3632 1616 3688 ἀλλ’
1645 3634 1783 3706 αὑτὴ
1816 3638 1883 3706 τῇ

305 3721 483 3793 λαύρα
513 3720 817 3791 μεταδοῦσα
864 3720 1084 3793 μᾶλλον.
1136 3720 1301 3793 ’Δνὴρ
1354 3721 1411 3774 δέ
1460 3738 1544 3786 τις
1573 3722 1743 3793 ὄνομα
1773 3724 1888 3776 Κυ-

306 3813 496 3883 ριακὸς
546 3813 611 3867 ἐκ
656 3812 859 3883 ταύτης
913 3812 1259 3884 ὁρμώμενος,
1309 3812 1646 3885 θρεμμάτων
1684 3812 1889 3886 ποιμὴν

303 3900 370 3975 ἦν
391 3919 405 3931 ·
441 3904 535 3958 καὶ
562 3904 626 3958 τὸ
665 3904 914 3976 ποίμνιον
940 3903 1046 3959 ἀνὰ
1072 3904 1168 3969 τὰς
1200 3906 1438 3976 ἐρήμους
1455 3906 1635 3977 νέμων
1650 3907 1885 3973 ἐκείνας,

306 3996 621 4050 πιστεύεται
654 3996 805 4068 παρά
828 4014 974 4061 τινος
996 3997 1095 4067 τῆς
1113 3998 1284 4067 αὐτῆς
1308 3996 1640 4069 ὡρμημένου
1670 3998 1885 4071 κώμης,

308 4089 537 4159 πένητος
571 4088 665 4142 καὶ
693 4090 858 4142 αὑτοῦ
890 4130 904 4156 ,
957 4088 1089 4143 δέκα
1144 4089 1236 4144 τὸν
1286 4089 1523 4161 ἀριθμὸν
1580 4090 1674 4143 καὶ
1725 4090 1889 4163 ἕτερα

307 4180 625 4253 θρέμματα,
646 4179 787 4235 ὥστε
808 4182 900 4234 καὶ
923 4180 1061 4235 αὐτὰ
1084 4183 1195 4246 τοῖς
1218 4182 1412 4235 ἐαυτοῦ
1438 4182 1885 4253 συμποιμαίνειν.

309 4276 517 4347 Χρόνου
544 4274 600 4327 δέ
642 4275 845 4345 μεταξὺ
879 4273 1285 4346 διαγενομένου,
1323 4276 1643 4347 κατειλήφει
1677 4276 1777 4348 μέν
1805 4294 1889 4341 τις

305 4367 681 4439 ἀπαραίτητος
736 4366 827 4420 τὸν
872 4365 1077 4437 πένητα
1117 4367 1295 4437 χρεία.
1328 4366 1439 4421 Καὶ
1477 4367 1505 4419 ό
1548 4367 1647 4438 μὲν
1676 4367 1890 4432 οὐδενὸς

1978 523 2045 563 ex
2068 520 2259 564 ventre
2284 509 2465 565 educit
2495 508 2665 564 veluti
2695 508 2952 564 laminam
2973 510 3271 581 quamdam
3306 525 3337 567 e
3362 519 3564 567 stanno

1980 600 2201 667 factam,
2242 601 2592 658 characteres
2633 603 2900 673 quosdam
2966 602 3282 671 habentem,
3339 616 3569 676 eamque

1979 691 2033 747 in
2052 706 2240 749 mensa
2270 692 2492 765 subjicit
2522 693 2639 763 ejus
2660 695 2856 752 oculis.
2881 694 3084 755 Deinde
3104 712 3233 753 cum
3268 699 3567 756 scissuram

1977 797 2142 837 manu
2196 783 2572 852 coniunxisset
2634 793 2799 856 atque
2844 784 3187 855 induxisset,
3250 797 3573 860 partemque

1977 869 2250 928 effecisset
2278 873 2603 929 incolumem
2641 882 2695 945 et
2730 888 2947 944 sanam,
2989 875 3244 948 deinceps
3290 877 3341 934 ei
3399 888 3571 935 totum

1980 971 2163 1018 aetum
2200 962 2411 1031 refert;
2440 978 2605 1036 opum
2638 965 2921 1033 invidiam,
2971 968 3201 1025 malefici
3238 971 3565 1027 conductio-

1980 1067 2126 1119 nem,
2155 1054 2460 1111 daemonum
2490 1056 2910 1112 invocationem.
2936 1056 3014 1114 Te
3042 1066 3222 1113 autem
3249 1073 3317 1115 ne
3345 1059 3427 1117 sic
3451 1061 3572 1131 qui-

1980 1144 2127 1211 dem,
2155 1147 2350 1215 inquit,
2383 1147 2647 1203 vicissent
2678 1147 2852 1203 hostis
2890 1148 3343 1217 machinationes,
3387 1151 3488 1208 nisi
3517 1153 3571 1208 ei

1980 1236 2097 1307 ipse
2119 1251 2307 1293 ansam
2336 1237 2685 1309 praebuisse-5.
2723 1237 2864 1294 Ecce
2906 1241 3075 1306 enim,
3110 1247 3373 1310 quantum
3398 1242 3572 1299 inter-

1981 1328 2191 1399 Iapsum
2221 1339 2307 1386 est
2335 1338 2568 1401 tempus,
2607 1338 2665 1387 et
2706 1344 2885 1402 neque
2932 1332 2998 1387 ad
3042 1331 3332 1388 ecclesiam
3382 1333 3598 1391 venire-

1980 1422 2208 1488 curasti,
2246 1436 2347 1478 nec
2397 1422 2465 1478 ad
2510 1422 2837 1479 intemerata
2873 1422 3134 1480 accedere
3176 1434 3520 1481 sacramenta
3553 1443 3568 1479 :

1983 1513 2080 1570 sed
2122 1512 2304 1569 vixisti
2342 1512 2464 1570 sine
2493 1528 2625 1570 cura
2670 1523 2726 1570 et
2758 1514 3142 1585 sollicitudine,
3197 1525 3458 1587 quantum
3502 1519 3569 1573 ad

1984 1606 2132 1660 tuam
2164 1606 2403 1677 pertinet
2448 1606 2713 1663 animam.
2743 1605 3014 1673 Quoniam
3043 1621 3173 1677 ergo
3204 1608 3351 1664 Deus
3385 1615 3439 1664 te
3466 1610 3570 1663 mi-

1983 1709 2199 1755 seratus
2231 1708 2336 1768 e5t,
2372 1700 2440 1756 de
2480 1700 2692 1770 reliquo
2724 1701 2946 1757 attende
2976 1701 3071 1757 tibi
3117 1701 3239 1772 ipsi,
3266 1710 3321 1758 et
3351 1717 3418 1758 ne
3450 1718 3575 1757 am-

1909 1782 1959 1843 Β
1990 1790 2131 1862 pIius
2159 1792 2429 1849 ullatenus
2471 1800 2618 1848 tuam
2657 1793 2887 1850 salutem
2936 1793 3194 1865 negligas.

2065 1882 2242 1939 CLIII.
2304 1883 2428 1941 Haec
2453 1885 2541 1941 ubi
2599 1885 2861 1943 audiisset
2912 1887 3223 1952 Romanus,
3272 1895 3328 1943 et
3382 1888 3568 1943 statim

1990 1985 2150 2047 prout
2198 1988 2341 2043 erat,
2372 1977 2610 2033 surrexit
2647 1993 2843 2045 sanus,
2880 1985 3095 2034 tumore
3131 1979 3270 2034 uteri
3308 1977 3417 2048 jam
3442 1992 3570 2049 pero

1990 2068 2198 2137 spirato
2225 2086 2240 2137 ;
2272 2077 2325 2125 et
2354 2071 2670 2127 convocatis
2702 2071 2817 2126 suis
2858 2072 3207 2138 necessariis,
3250 2073 3333 2127 eis
3396 2073 3573 2127 sancti

1992 2163 2310 2229 adventum,
2339 2166 2642 2233 miramque
2674 2163 2817 2219 illam
2864 2178 2964 2235 per
3005 2166 3205 2235 digitos
3247 2165 3573 2230 sectionem,

1991 2262 2047 2309 et
2101 2264 2269 2310 totam
2322 2256 2570 2311 absolute
2620 2258 2959 2312 renuntiavit
3012 2257 3302 2313 visionem.
3366 2257 3571 2312 Deinde

1994 2358 2125 2400 vero
2161 2345 2227 2399 ad
2265 2360 2364 2401 nos
2397 2359 2618 2416 quoque
2647 2347 2881 2414 transiit,
2924 2347 3149 2417 haecque
3182 2349 3425 2402 narravit
3461 2356 3572 2401 tum

1992 2434 2251 2504 praefecto
2298 2437 2639 2505 monasterii,
2705 2445 2817 2492 tum
2870 2438 3177 2494 Achthabiu
3230 2439 3409 2503 fratri,
3462 2447 3572 2494 tum

1994 2525 2148 2583 nobis
2176 2527 2455 2583 omnibus.
2489 2527 2678 2600 Itaque
2722 2529 2866 2585 diem
2908 2530 3039 2586 editi
3078 2531 3358 2597 miraculi,
3397 2532 3574 2585 maxi-

1996 2632 2143 2672 mum
2179 2618 2461 2689 hucusque
2510 2619 2709 2676 festum
2753 2621 2904 2689 facit,
2952 2632 3006 2677 et
3055 2623 3351 2692 quotannis
3394 2623 3574 2678 adhuc

1995 2717 2184 2766 sancto
2216 2709 2328 2780 agit
2355 2710 2580 2779 gratias.
2610 2709 2714 2767 Sed
2745 2712 2846 2768 hoc
2879 2710 3097 2782 quidem
3126 2723 3206 2770 est
3239 2713 3570 2784 hujusmodi.

2064 2991 2245 3050 CLIV.
2286 2992 2438 3061 Quod
2488 3004 2666 3051 autem
2704 2997 2817 3065 jam
2868 2994 3050 3052 dicere
3101 2996 3415 3068 aggreditur
3453 3006 3577 3053 mea

1992 3086 2193 3151 oratio,
2235 3099 2430 3141 vereor
2464 3101 2533 3143 ne
2560 3087 2813 3143 videatur
2843 3087 3028 3143 multis
3064 3087 3405 3154 incredibile,
3441 3087 3571 3143 viri-

1990 3192 2094 3248 qne
2118 3176 2356 3233 moribus
2382 3186 2437 3235 et
2469 3179 2787 3251 benignitati
2819 3179 3043 3235 minime
3078 3195 3415 3251 congruum;
3452 3189 3573 3236 tan-

1992 3277 2103 3324 tum
2146 3271 2383 3325 ostendit
2421 3271 2668 3327 ardorem
2708 3272 3121 3343 perfectumque
3154 3272 3331 3327 zelum
3375 3281 3566 3327 contra

1990 3360 2261 3432 perjuros.
2308 3362 2404 3418 Est
2439 3363 2583 3418 enim
2623 3364 2841 3431 quidam
2880 3363 3030 3419 vicus
3075 3365 3141 3418 ad
3178 3363 3346 3420 solem
3392 3363 3575 3419 orien-

1991 3463 2123 3523 tem,
2155 3469 2185 3508 a
2224 3453 2374 3508 Iaura
2419 3454 2722 3509 Phararum
2755 3456 2965 3511 distans
3007 3456 3190 3511 decem
3234 3456 3428 3530 stadia,
3464 3458 3575 3526 ipse

1992 3543 2194 3613 pariter
2223 3543 2434 3598 Pharan
2466 3553 2728 3610 vocatus;
2767 3561 2871 3601 non
2903 3549 3045 3616 quod
3067 3547 3349 3619 (arbitror)
3376 3561 3575 3619 cogno-

1992 3649 2114 3690 men
2145 3635 2439 3705 acceperit,
2482 3636 2576 3691 sed
2617 3637 2796 3705 potius
2824 3638 2966 3708 quod
3009 3638 3125 3709 ipse
3166 3652 3327 3693 suum
3372 3653 3569 3694 nomen

1993 3727 2202 3782 dederit
2233 3726 2419 3784 Iaurze.
2450 3726 2620 3784 Porro
2645 3728 2731 3783 vir
2760 3728 3007 3800 quidam,
3038 3730 3255 3786 nomine
3283 3730 3567 3800 Cyriacus,

1992 3834 2057 3875 ex
2098 3835 2161 3874 eo
2201 3820 2321 3874 vico
2355 3827 2545 3887 ortus,
2582 3829 2700 3875 erat
2734 3821 2914 3893 gregis
2949 3829 3134 3891 pastor
3168 3840 3183 3877 :
3220 3836 3451 3891 eumque
3478 3838 3574 3893 per

1994 3912 2113 3968 illas
2148 3911 2473 3968 solitudines
2521 3927 2737 3984 gregem
2780 3924 3047 3985 pasceret,
3083 3928 3112 3968 a
3152 3915 3383 3984 quodam
3425 3915 3573 3985 ejus-

1994 4003 2114 4059 dem
2143 4005 2243 4060 vici
2277 4004 2517 4068 homine.
2547 4004 2663 4075 ipso
2683 4006 2847 4062 etiam
2877 4020 3136 4078 paupere,
3162 4005 3215 4060 in
3244 4005 3398 4060 fidem
3426 4007 3575 4062 acci-

1997 4098 2075 4167 pit
2098 4112 2227 4152 oves
2259 4097 2392 4153 alias
2432 4112 2659 4153 nurnero
2690 4098 2899 4165 decem,
2931 4114 3039 4168 quo
3076 4107 3130 4154 et
3158 4098 3281 4154 illas
3309 4112 3431 4153 cum
3462 4098 3573 4154 suis

1995 4199 2261 4261 pasceret.
2296 4190 2597 4261 Interlapso
2626 4197 2803 4246 autem
2829 4190 3108 4261 aliquanto
3136 4200 3401 4261 tempore,
3442 4206 3575 4262 pau—

1997 4296 2180 4351 perem
2228 4281 2836 4350 invaditjnexorabilis
2885 4281 3065 4353 aliqua
3104 4281 3425 4337 necessitas.
3472 4282 3575 4348 Qui

1998 4374 2215 4443 quidem
2258 4373 2513 4443 quoniam
2556 4372 2688 4426 nihil
2727 4372 2873 4427 aliud
2915 4371 3248 4442 possidebat.
3286 4372 3472 4426 statim
3507 4372 3573 4426 ad

308 4459 561 4529 εὐπορῶν
582 4457 790 4528 ἐτέρου,
824 4456 1033 4527 προςτδ
1063 4456 1235 4528 βραχὺ
1266 4456 1517 4528 ποίμνιον
1542 4457 1702 4521 εὐθὺς
1730 4459 1880 4512 dmi-

2000 4480 2221 4535 parvum
2253 4479 2469 4536 gregem
2500 4465 2760 4533 respexit,
2799 4463 3059 4535 illumque
3098 4462 3330 4519 vendere
3355 4471 3575 4532 propter

303 4554 382 4616 δε,
423 4552 518 4605 καὶ
567 4550 815 4622 πωλῆσαι
871 4550 966 4603 καὶ
1000 4548 1131 4603 αὐτὸ
1164 4548 1251 4603 διὰ
1285 4551 1347 4603 τὸ
1372 4548 1467 4620 τῆς
1492 4550 1679 4621 χρείας
1715 4552 1888 4619 ἀναγ-

306 4646 461 4698 καῖον
519 4642 798 4713 ἠπείγετο.
860 4639 1090 4713 Γνώμης
1136 4640 1214 4706 δὲ,
1263 4641 1338 4705 ώς
1399 4640 1596 4707 ἔοικεν,
1624 4643 1651 4695 ὁ
1682 4642 1888 4713 Κυρια-

308 4737 403 4800 κδς
438 4734 719 4806 μοχθηρᾶς
738 4734 836 4796 ὣν,
860 4735 954 4788 καὶ
986 4733 1105 4786 οὐδὲ
1134 4732 1329 4804 μικροῦ
1362 4733 1584 4805 κέρδους
1612 4734 1888 4805 προτιθεὶς

307 4831 407 4901 τὴν
430 4828 710 4899 ἀλήθειαν,
735 4826 880 4881 ὀκτὼ
907 4827 1157 4881 ἀπεδίδου
1195 4828 1332 4896 μόνα
1359 4841 1373 4858 ⁶
1414 4828 1508 4879 καὶ
1539 4825 1776 4879 τοσαῦτα
1795 4827 1892 4879 λα-

309 4920 427 4972 ϐεῖν
450 4917 580 4990 παρ’
606 4916 771 4972 αὑτοῦ
808 4917 903 4972 καὶ
932 4918 1031 4987 τὴν
1061 4917 1238 4989 ἀρχὴν
1277 4918 1602 4987 ἰσχυρίζετο.
1655 4915 1761 4969 Τοῦ
1810 4917 1889 4982 δὲ,

312 5011 407 5064 ml.
442 5012 510 5065 τὰ
546 5011 711 5082 ἕτερα
742 5010 838 5064 δύο
888 5008 1414 5081 προσαπαιτούντος,
1442 5010 1468 5061 ό
1499 5009 1778 5079 Κυριακδς
1809 5009 1895 5074 ἔξ-

309 5119 474 5173 αρνος
511 5096 578 5173 ἦν
599 5118 613 5132 ο
644 5102 738 5156 καὶ
770 5103 848 5165 είς
872 5100 1203 5172 φιλονεικίαν
1230 5101 1410 5163 αὐτοῖς
1436 5099 1629 5173 ἐχώρει
1654 5101 1715 5155 τὸ
1752 5103 1894 5171 πρᾶ-

311 5210 430 5264 γμα
451 5236 466 5260 ,
505 5194 600 5246 καὶ
623 5192 789 5265 ἄμφω
831 5191 1076 5262 σφοδρῶς
1108 5191 1449 5257 ἐστασίαζον.

384 5283 555 5340 PNE’.
598 5286 883 5356 Διαιτηταὶ
914 5283 969 5337 δέ
997 5302 1141 5348 τινες
1184 5285 1368 5348 αὐτοῖς
1440 5284 1593 5357 μέσοι
1645 5286 1892 5359 παραλη-

314 5378 563 5448 φθέντες,
588 5378 749 5449 δρκον
776 5377 852 5449 τῷ
886 5377 1194 5449 βουλομένῳ
1222 5378 1511 5445 ἐπέθεσαν,
1545 5377 1684 5432 ὥστε
1718 5380 1890 5453 ταύτῃ

310 5472 668 5526 διαλύσασθαι
697 5473 793 5544 τὴν
817 5473 952 5543 ἔριν.
1008 5471 1113 5526 Τοῦ
1144 5473 1424 5544 Κυριακοῦ
1479 5475 1659 5527 τοίνυν
1693 5475 1889 5545 ὀμόσαι

1996 4566 2298 4612 extremam
2345 4555 2727 4611 necessitatem
2759 4554 3071 4610 festinabat.
3110 4554 3180 4609 At
3221 4568 3349 4609 vero
3381 4552 3575 4624 Cyria-

1997 4663 2111 4712 cus,
2148 4648 2265 4719 qui,
2296 4648 2372 4701 uti
2399 4647 2673 4717 apparuit,
2703 4646 2826 4702 mali
2850 4647 3015 4703 animi
3040 4655 3180 4713 erat,
3206 4653 3382 4701 etnec
3410 4659 3574 4716 parvo

1997 4737 2214 4809 quidem
2246 4738 2397 4793 lucro
2438 4737 2763 4809 praeferebat
2796 4738 3097 4804 veritatem,
3127 4746 3253 4793 octo
3279 4737 3424 4793 solas
3450 4738 3574 4791 red—

1997 4831 2153 4896 didit,
2188 4839 2375 4901 totque
2398 4846 2456 4885 se
2484 4831 2550 4885 ab
2576 4845 2639 4885 eo
2659 4830 2925 4901 principio
2950 4828 3227 4898 accepisse
3251 4826 3569 4882 allirmabat.

1994 4922 2126 4979 Cum
2156 4924 2200 4979 is
2235 4938 2364 4977 vero
2390 4921 2526 4977 duas
2559 4921 2694 4976 alias
2729 4922 2904 4975 adhuc
2940 4929 3164 4990 peteret,
3196 4918 3460 4991 Cyriaeus
3487 4918 3571 4971 in-

1998 5014 2321 5081 ﬁciabalur;
2352 5023 2517 5084 atque
2548 5026 2634 5067 res
2661 5010 2741 5067 eis
2770 4991 3020 5065 tendebat
3058 5009 3122 5064 ad
3147 5009 3568 5070 contentionem,

1996 5118 2048 5164 et
2078 5112 2236 5163 ambo
2263 5108 2616 5162 vehementer
2648 5103 3078 5161 altercabantur.

2068 5287 2221 5343 CLV.
2295 5285 2525 5353 Quidam
2599 5299 2729 5342 vero
2795 5282 2985 5340 arbitri
3059 5283 3203 5338 inter
3262 5293 3356 5335 eos
3408 5278 3570 5333 medii

1995 5378 2224 5449 cacepti,
2254 5375 2636 5449 jusjurandum
2665 5377 2908 5433 detulere
2956 5376 3005 5432 ei
3058 5376 3148 5445 qui
3181 5373 3376 5439 vellet,
3415 5379 3473 5425 ut
3507 5384 3570 5425 ea

1996 5476 2206 5530 ratione
2245 5472 2667 5528 controversiam
2694 5471 3031 5529 dirimerent.
3065 5469 3249 5538 Itaque
3291 5463 3434 5535 quod
3471 5462 3573 5531 Cyd-

1587 5589 1821 5647 VAIIH‘I
1858 5591 2265 5649 LECTIUNES.

390 5691 410 5718 ε
447 5681 515 5735 al.
546 5683 888 5752 κασσιτέρου.
992 5684 1016 5723 d
1044 5685 1111 5742 al.
1142 5703 1253 5741 σου.

315 5750 342 5791 δ
373 5752 442 5808 al.
473 5754 655 5822 4'41in
686 5763 740 5808 et
768 5750 971 5823 Φαρῶν.

1334 5698 1376 5758 ἥρ
1410 5685 1478 5741 al.
1538 5687 1935 5758 περιεγένοντο.

2051 5687 2169 5743 fal.
2226 5687 2394 5743 inser.
2461 5686 2684 5758 συνέϐη.
2785 5686 2907 5739 ‘al.
2969 5684 3152 5745 αὐτοῖς
3217 5674 3567 5745 ἀπαγγέλλει.
