3846 6458
296 258 402 326 72⁵1

1522 260 1807 320 MENSIS
1843 256 2306 323 IANUAIUUS.
3451 270 3483 330 7

290 379 469 431 riacus
487 372 674 444 jurare
704 370 1003 436 statuisset,
1027 384 1229 441 pauper
1249 370 1318 425 ab
1341 384 1405 426 eo
1424 369 1671 440 exigebat
1694 369 1849 440 jura-

1963 369 2364 439 προῃρημένον,
2393 370 2421 421 ὀ
2448 369 2614 439 πένης
2642 367 2783 423 κατᾶ
2807 370 2905 442 τῆς
2940 369 3035 424 τοῦ
3064 370 3320 443 λειψάνον
3350 372 3550 447 θήκης,

291 479 532 525 mentun
586 483 682 539 per
735 481 954 535 cansam
1007 465 1385 536 reliquiarum,
1440 464 1623 533 magni
1672 477 1867 532 nempe

290 561 586 633 Euthyniii.
628 558 857 627 Jamque
884 558 963 612 eis
992 556 1168 611 fuerat
1192 564 1342 611 certa
1374 554 1491 610 dies
1520 552 1863 625 praestituta;

289 666 343 711 ct
374 670 470 727 per
509 654 654 710 illam
692 653 863 724 ipsam
891 650 1179 722 juraturus
1206 647 1493 720 Cyriacus,
1520 646 1629 701 imo
1652 645 1863 716 pejera-

289 761 465 812 turus,
490 742 859 800 descendebat
903 756 1026 797 cum
1067 752 1302 808 paupere
1336 736 1402 790 ad
1442 733 1860 789 monasterium.

285 841 418 894 Cum
439 848 619 892 autem
655 834 886 905 pedibus
928 831 1243 886 incederem
1282 842 1378 900 per
1411 842 1532 881 eam
1563 826 1705 879 viam
1741 838 1864 893 quae

283 932 350 984 ah
375 926 714 984 Hierusalem
745 924 851 982 fert
877 925 931 979 in
966 922 1206 987 Iericho,
1236 930 1291 977 et
1320 921 1432 990 jam
1462 919 1531 973 ab
1553 917 1686 989 ipsis
1715 914 1864 970 vide-

284 1033 436 1077 retur
472 1018 887 1083 monasterium,
926 1030 1161 1072 cernens
1206 1028 1410 1085 pauper
1454 1012 1742 1083 Cyriacum
1778 1018 1861 1063 to-

281 1126 392 1169 tum
424 1112 667 1184 periurio
712 1110 981 1174 deditum,
1024 1116 1081 1163 et
1120 1108 1265 1162 velut
1304 1108 1357 1161 in
1404 1118 1625 1161 summa
1678 1101 1860 1173 lingua

284 1208 575 1262 habentem
600 1202 1007 1273 jusjurandum,
1039 1198 1234 1255 timore
1264 1195 1512 1261 allectus,
1542 1192 1767 1264 perinde
1796 1206 1861 1246 ac

280 1301 324 1352 si
356 1299 470 1368 ipse
497 1294 782 1364 iuraturus
812 1291 1028 1357 fuisset,
1069 1298 1165 1342 aut
1196 1288 1574 1359 pejeraturus:
1604 1285 1738 1352 Age,
1772 1283 1859 1340 iu-

238 1436 245 1459 ,
281 1390 418 1457 quit,
451 1388 644 1453 frater,
672 1394 1030 1441 revertamur.
1063 1380 1282 1437 Sufficit
1309 1381 1457 1436 enim
1491 1381 1559 1435 ad
1587 1379 1746 1434 fidem
1771 1378 1858 1432 vel

280 1481 393 1535 μοιιι
423 1478 489 1535 ad
521 1478 891 1547 jurameutum
931 1472 1245 1543 propensio,
1271 1486 1372 1526 nec
1411 1466 1727 1540 quidquam“
1743 1484 1860 1524 am-

280 1573 421 1641 plius
452 1578 668 1641 oportet
695 1566 956 1638 adjicere.
993 1562 1096 1619 His
1131 1562 1220 1618 ille
1248 1562 1433 1628 dictis,
1474 1562 1699 1631 rogabat
1732 1575 1855 1615 eum

1966 461 2060 512 τοῦ
2097 461 2339 529 μεγάλου
2386 461 2586 532 δηλαδὴ
2634 461 2934 532 Εὖθνμίον,
2975 462 3067 517 τὸν
3113 464 3277 533 ὅρκον
3326 466 3547 536 ἀπῄτει.

1967 552 2078 604 Καί
2102 569 2185 617 τις
2212 554 2398 617 αὐτοῖς
2435 555 2618 625 ἡμέρα
2651 555 2754 625 ήδη
2781 552 3086 625 ἀφώριστο,
3124 558 3217 609 καὶ
3247 556 3549 628 ὀμούμενος

1967 646 2087 698 κατ’
2114 645 2284 716 αὐτὴν
2324 646 2542 717 ἐκείνην
2583 648 2611 700 ὁ
2656 646 2961 716 Κυριακὸς,
2992 647 3025 718 ἦ
3057 649 3262 719 μᾶλλον
3289 650 3550 722 ἐπιορκή-

1968 754 2098 800 σων,
2138 736 2330 808 κατῄει
2357 737 2495 808 μετὰ
2516 737 2612 791 τοῦ
2643 738 2878 809 πένητος
2910 739 3046 810 πρὸς
3072 740 3133 794 τὸ
3163 743 3546 813 μοναστήριον.

1978 827 2127 880 Ἐπεὶ
2152 828 2206 880 δὲ
2245 828 2343 900 τὴν
2372 828 2479 882 ἀπὸ
2518 829 2878 899 Ἰερουσαλὴμ
2904 832 2988 893 είς
3034 831 3245 904 Ἰεριχὼ
3275 834 3550 905 φέρουσαν

1965 923 2024 975 ὲν
2052 922 2208 975 ποσὶν
2240 918 2408 991 εἶχον,
2457 923 2564 994 ἤδη
2597 922 2652 975 δὲ
2701 924 2883 987 αὐτοῖς
2939 927 3035 979 καὶ
3077 925 3138 978 τὸ
3183 930 3549 1000 μοναστήριον

1964 1012 2196 1083 ἑωρᾶτο,
2226 1012 2346 1065 ἰδὼν
2378 1012 2470 1066 τὸν
2494 1013 2773 1084 κυριακὸν
2798 1015 2825 1069 ὁ
2869 1015 3038 1084 πένης
3063 1015 3283 1071 ἔκδοτον
3329 1018 3452 1073 ὅλον
3482 1021 3546 1090 τῇ

1964 1103 2220 1174 ἐπιορκία
2253 1104 2622 1174 γεγενημένον
2651 1104 2695 1171 ι,
2723 1105 2818 1158 καὶ
2854 1104 3043 1179 ὥσπερ
3070 1106 3156 1159 ἐπ’
3181 1108 3355 1179 ἄκρας
3376 1107 3549 1177 γλώτ-

1962 1213 2062 1267 της
2092 1196 2179 1250 τὸν
2210 1198 2370 1265 ὅρκον
2397 1196 2610 1267 ἔχοντα,
2650 1198 2745 1251 καὶ
2784 1198 2972 1261 δείσας
3006 1199 3259 1269 καθάπερ
3291 1199 3546 1269 ὀμεῖσθαι

1965 1289 2177 1358 μέλλων
2215 1288 2247 1358 ἢ
2292 1289 2648 1358 ἐπιορκήσειν
2708 1289 2899 1357 αὐτὸς,
2962 1292 3097 1359 ’Λγε
3142 1290 3295 1362 δῆτα,
3358 1292 3545 1360 φησιν,

1960 1381 2415 1451 ἀναστρέψωμεν,
2438 1384 2657 1453 ἀδελφέ.
2705 1383 2886 1455 Ἰκανη
2912 1383 3021 1456 γὰρ
3047 1385 3127 1445 είς
3175 1388 3188 1433 1
3227 1384 3407 1438 πίυτιν
3450 1386 3545 1436 καὶ

1961 1472 2100 1544 αῦτη
2130 1473 2289 1543 μόνον
2324 1475 2357 1543 ἡ
2394 1474 2528 1544 πρὸς
2557 1475 2646 1529 τὸν
2676 1476 2837 1547 ὅρκον
2870 1476 3037 1546 ὁρμὴ,
3068 1475 3162 1528 καὶ
3183 1475 3364 1529 πλεῖον
3387 1476 3541 1528 οὐδὲν

1958 1565 2038 1619 δεῖ
2066 1565 2434 1636 προστιθέναι.
2483 1567 2666 1620 Ταῦτα
2696 1569 2724 1621 ὁ
2786 1568 2885 1639 μὲν
2935 1567 3127 1630 εἰπὼν,
3177 1566 3347 1620 ἐδεῖτο
3375 1567 3541 1620 αὐτοῦ

280 1681 344 1720 ue
373 1664 607 1733 juraret.
632 1660 837 1718 Contra
860 1659 905 1716 is
929 1673 1034 1714 non
1064 1655 1409 1721 sustinebat;
1443 1655 1537 1710 sed
1563 1654 1664 1709 uisi
1689 1654 1853 1709 etiam

1964 1660 2039 1730 μὴ
2067 1659 2317 1731 ὀμνύναι.
2371 1659 2429 1713 Ὀ
2460 1660 2516 1714 δὲ
2565 1661 2666 1714 οὐκ
2685 1651 2933 1731 ἡνείχετο
2952 1675 2967 1691 ³
2999 1658 3116 1714 ἀλλ’
3137 1661 3184 1712 ει
3217 1658 3292 1727 μὴ
3322 1659 3415 1712 καὶ
3445 1658 3543 1728 τὴν

278 1756 577 1825 perjurium
631 1768 689 1809 re
732 1753 847 1823 ipsa
886 1748 1198 1821 perficeret,
1235 1762 1296 1803 se
1329 1746 1502 1816 magis
1542 1745 1695 1815 quasi
1740 1760 1852 1800 rem

276 1848 566 1904 absurdam
596 1843 782 1900 facere
813 1842 1061 1913 putabat.
1090 1838 1387 1910 Postquam
1420 1853 1552 1908 ergo
1574 1838 1854 1908 ingressus

276 1948 360 1995 est
385 1936 801 2001 monasterium,
829 1945 1105 2004 gravuque
1131 1930 1260 1985 illud
1296 1930 1565 1985 adversus
1592 1927 1856 1998 reliquia-

279 2046 397 2086 rum
438 2030 651 2084 thecam
687 2027 1042 2098 perpetravit,
1074 2035 1132 2081 et
1165 2022 1460 2095 perjurium
1491 2019 1747 2090 perduxit
1787 2018 1856 2073 ad

277 2123 437 2176 liuent
477 2139 491 2174 :
524 2119 791 2188 [nsipiens
830 2116 942 2182 ille,
986 2123 1045 2171 ut
1074 2130 1203 2171 vere
1237 2122 1377 2177 erat,
1411 2112 1547 2165 dixit
1583 2111 1637 2164 in
1661 2110 1855 2164 corde:

280 2212 407 2266 Non
438 2219 514 2265 est
557 2209 696 2264 Deus
724 2208 811 2276 ‘7;
842 2223 940 2264 seu
982 2208 1162 2278 potius
1198 2206 1315 2276 ipse
1345 2205 1436 2260 Dei
1469 2203 1669 2259 oblitus
1689 2241 1708 2270 ,
1743 2203 1857 2258 exi-

276 2301 537 2358 stimabat
567 2300 685 2356 fore
704 2308 763 2355 ut
793 2314 916 2355 eum
945 2312 1161 2368 quoque
1180 2297 1399 2352 lateret.

351 2390 536 2448 CLVI.
562 2389 631 2446 Et
659 2390 878 2446 domum
915 2390 1132 2459 quidem
1164 2398 1290 2444 tunc
1318 2397 1402 2443 est
1433 2401 1703 2452 reversus,
1733 2396 1855 2444 tan-

276 2499 439 2551 quam
464 2480 747 2551 commoda
776 2481 1019 2545 fortuna,
1053 2480 1203 2535 lucro
1234 2495 1330 2551 per
1356 2481 1653 2550 perjurium
1690 2482 1855 2543 facto,

274 2577 442 2631 stulte
473 2574 658 2630 laetus.
684 2572 955 2629 Postridie
983 2583 1163 2627 autem
1197 2572 1314 2642 ipse
1342 2571 1565 2643 quidem
1617 2573 1671 2627 in
1717 2573 1857 2628 lecto

269 2664 489 2732 iacebat
516 2663 628 2733 jam
655 2663 886 2735 vigilans
917 2662 1063 2717 circa
1093 2662 1324 2717 mediam
1360 2671 1572 2718 noctem
1608 2681 1622 2719 :
1649 2663 1699 2719 ei
1728 2678 1857 2718 vero

276 2756 570 2812 \idcbatur
601 2796 617 2821 ,
669 2756 813 2811 ostio
858 2756 1053 2811 domus
1097 2766 1292 2826 sponte
1340 2764 1552 2825 aperto,
1593 2756 1856 2812 accedere

274 2863 438 2904 senex
472 2848 707 2918 quidam
749 2838 1049 2904 monachus
1089 2862 1214 2903 cum
1254 2848 1491 2919 quinque
1524 2847 1853 2916 junioribus,

278 2955 441 2995 manu
472 2938 697 2994 dextera
725 2937 932 3009 virgam
958 2946 1172 3000 tenens,
1206 2946 1263 2992 et
1290 2938 1459 2993 multa
1487 2939 1609 2995 luce
1632 2937 1854 2995 domum

275 3027 633 3113 collustrans,
660 3042 894 3098 eumque
934 3028 1162 3089 terribili
1199 3037 1421 3099 aspectu
1468 3029 1711 3097 intuens,
1739 3046 1853 3085 au-

1963 3037 2099 3107 φωτὶ
2148 3035 2205 3088 δὲ
2260 3034 2359 3102 τὴν
2420 3030 2595 3083 οἰκίαν
2657 3026 2839 3096 πολλῷ
2894 3023 3344 3093 καταλάμποντα.

280 3107 427 3174 stera
460 3132 591 3173 voce
619 3118 800 3173 dicere
828 3135 843 3171 :
871 3117 1139 3184 Quidnam
1178 3133 1331 3189 ergo,
1371 3132 1406 3173 ο
1442 3119 1659 3185 stolide,
1690 3134 1854 3176 ausus

275 3228 335 3269 es
384 3211 443 3266 in
495 3226 713 3281 capsam
746 3210 1070 3281 Euthymii‘!
1113 3210 1245 3269 Eum
1280 3223 1495 3279 autem,
1534 3228 1630 3270 ore
1658 3215 1857 3270 obstri-

275 3314 449 3365 ctum,
482 3301 724 3372 nihilque
756 3302 1000 3357 invenire
1043 3301 1309 3358 valentem
1342 3317 1443 3375 pro
1480 3306 1854 3370 excusatione,

275 3395 370 3449 sed
416 3395 588 3450 instar
629 3395 763 3449 muti
810 3392 989 3464 lingua
1040 3396 1414 3465 praepeditum,
1456 3398 1641 3452 statim
1690 3399 1854 3454 tradi-

274 3489 422 3540 disse
449 3484 517 3540 iis
538 3486 629 3556 qui
661 3486 805 3543 circa
831 3502 891 3542 se
913 3497 1071 3545 erant
1088 3496 1140 3542 et
1158 3488 1389 3558 iussisse
1411 3489 1590 3559 puniri
1619 3507 1635 3557 ;
1657 3491 1855 3548 deinde

274 3591 395 3630 cum
423 3586 656 3647 quatuor
685 3591 808 3630 eum
852 3576 1260 3643 distendisseut,
1317 3578 1509 3647 quinto
1556 3579 1761 3650 virgam
1802 3580 1854 3634 in

275 3683 493 3722 manum
545 3668 857 3732 tradidisse,
899 3678 956 3724 et
1004 3672 1293 3727 mandasse
1348 3680 1407 3726 ut
1445 3672 1625 3727 valide
1670 3675 1856 3730 verbev

273 3768 461 3827 raret;
490 3776 556 3815 ne
584 3769 727 3814 esset
766 3760 859 3815 Dei
900 3772 1271 3831 contemptor,
1303 3777 1401 3819 nec
1442 3765 1711 3834 periurus,
1757 3782 1855 3822 nec

274 3852 554 3907 fraudator
610 3852 934 3906 alienorum.
978 3852 1077 3908 Ubi
1119 3868 1249 3908 vero
1282 3853 1431 3910 visus
1463 3864 1547 3911 est
1579 3859 1857 3928 acet-pisse

272 3944 406 3999 satis
451 3942 755 4014 plagarum,
794 3958 1042 4011 repressa
1094 3961 1254 3999 manu
1307 3946 1684 4012 adolescentis.
1731 3965 1853 4007 eum

273 4033 637 4104 apprehendit
666 4033 901 4103 capillis,
925 4041 980 4088 et
1018 4034 1091 4089 ait
1130 4054 1143 4089 :
1180 4034 1316 4090 Num
1337 4039 1503 4104 nosti,
1529 4040 1710 4109 impie,
1735 4056 1856 4099 esse

274 4125 439 4180 Deum
475 4166 492 4190 ,
533 4125 623 4194 qui
662 4124 789 4179 talia
818 4124 871 4179 in
916 4134 1059 4180 terra
1100 4125 1340 4195 iudicet?
1366 4127 1508 4186 Ecce
1542 4133 1726 4204 utique
1754 4136 1857 4192 hac

282 4222 441 4269 nocte
471 4215 706 4269 animam
756 4223 902 4271 tuam
936 4226 1186 4285 repetunt
1231 4232 1260 4270 a
1296 4225 1528 4290 te;qu:e
1574 4238 1703 4279 vero
1752 4226 1855 4280 im-

272 4304 441 4376 probe
469 4304 777 4371 abstulisti,
802 4305 956 4375 cuius
987 4316 1149 4362 erunt
1180 4307 1225 4340 ”
1249 4308 1273 4363 ἲ
1296 4308 1422 4366 Ideo
1457 4321 1636 4370 autem
1677 4316 1771 4373 tibi
1800 4327 1857 4373 et

1957 1748 2247 1817 ἐπιορκίαν
2280 1749 2427 1819 ἔργῳ
2464 1749 2762 1811 τελέσειεν,
2797 1750 2871 1812 ὡς
2902 1749 3079 1802 ἄτοπα
3104 1748 3303 1819 μᾶλλον
3320 1744 3540 1815 ἐνόμιζε

1958 1838 2113 1910 δρᾷν.
2149 1838 2237 1904 Ὠς
2266 1839 2361 1893 οὖν
2408 1840 2624 1910 εἰσῆλθε
2656 1839 2716 1893 τδ
2759 1840 3140 1911 μοναστήριον,
3173 1840 3266 1893 καὶ
3286 1839 3347 1891 τὸ
3371 1838 3541 1891 δεινὸν

1959 1932 2146 1986 έκεῖνο
2172 1932 2316 1987 κατά
2346 1933 2446 2004 τῆς
2468 1932 2578 1992 τοῦ,
2602 1931 2857 2002 λειψάνου
2904 1931 3078 2002 θήκης
3126 1930 3415 2002 ἐτόλμησε,
3448 1930 3543 1982 καὶ

1957 2024 2055 2095 τὴν
2096 2024 2383 2095 ἐπιορκίαν
2432 2026 2512 2087 εἰς
2544 2024 2718 2094 πέρας
2762 2025 2967 2094 ἤγαγεν
2988 2040 3003 2054 ο
3032 2024 3061 2077 ὁ
3095 2024 3195 2093 μὲν
3223 2022 3436 2092 ἄφρων
3465 2022 3539 2085 ὡς

1959 2118 2173 2187 ἀληθῶς
2205 2118 2302 2184 ῶν,
2336 2114 2505 2171 εἶπεν
2527 2118 2599 2170 ἐν
2621 2117 2856 2184 καρδίᾳ,
2890 2119 3011 2171 Οὐκ
3037 2116 3170 2171 ἔστι
3195 2118 3369 2182 Θεός’
3404 2116 3541 2186 μᾶλα

1958 2209 2050 2262 λον
2078 2210 2133 2263 δὲ
2159 2208 2332 2280 λήθην
2374 2208 2535 2272 αὐτὸς
2563 2207 2744 2260 λαϐὼν
2773 2207 2866 2261 τοῦ
2896 2207 3054 2272 Θεοῦ,
3088 2207 3275 2279 λήσειν
3318 2207 3536 2279 ἐνόμιζε

1960 2303 2053 2356 καὶ
2079 2303 2262 2357 αὐτόν.

2030 2395 2217 2461 PNG’.
2262 2394 2371 2448 Καὶ
2394 2392 2572 2446 οἶκαδε
2604 2392 2704 2463 μὲν
2736 2389 3037 2462 τηνικαῦτα
3068 2387 3332 2457 ἐπανῆκε,
3366 2384 3537 2439 καθᾶ-

1959 2506 2066 2559 περ
2137 2484 2353 2557 ἑρμαίῳ
2413 2485 2520 2537 τινὶ
2587 2483 2667 2553 τῷ
2725 2486 2789 2536 ὲκ
2856 2482 2956 2551 τῆς
3018 2479 3306 2549 ἐπιορκίας
3358 2474 3538 2547 κέρδει

1959 2581 2200 2650 ἀνοήτως
2230 2578 2508 2649 ἡδόμενος.
2540 2577 2649 2644 Τῆς
2680 2577 2737 2629 δὲ
2771 2572 3085 2644 ὑστεραίας,
3121 2573 3149 2623 ὁ
3188 2570 3285 2639 μὲν
3321 2569 3413 2620 ἐπὶ
3441 2566 3539 2634 τῆς

1960 2671 2144 2740 κλίνης
2191 2669 2321 2736 περὶ
2358 2664 2533 2737 μέσας
2576 2665 2777 2726 νύκτας
2839 2661 2941 2733 ήδη
3001 2658 3293 2730 γρηγορῶν
3338 2654 3536 2707 ἔκειτο.

1972 2762 2177 2821 Ἐδόκει
2201 2760 2258 2813 δὲ
2284 2757 2433 2828 αὐτῷ
2463 2757 2559 2828 τῆς
2585 2756 2727 2809 κατὰ
2761 2754 2851 2807 τὸν
2890 2748 3039 2805 οἷκον
3074 2748 3250 2819 πύλης
3293 2743 3540 2813 αὐτομά-

1957 2872 2066 2919 τως
2094 2851 2482 2920 διανοιγείσηί,
2522 2847 2756 2918 γέροντά
2782 2862 2901 2898 τινα
2933 2841 3165 2914 μοναχὸν
3195 2838 3301 2893 ὑπὸ
3338 2835 3539 2889 νεωτέ-

1963 2962 2076 3018 ροις
2118 2943 2281 2997 πέντε
2311 2938 2671 3010 παραϐαλεῖν
2706 2939 2771 3007 τῇ
2801 2934 2900 3006 μὲν
2922 2933 3069 3003 δεξιᾷ
3101 2929 3294 3001 ῥάϐδον
3324 2925 3534 2996 ἔχοντα·

1961 3104 2207 3199 βλοσυρῷ
2262 3121 2401 3194 πρὸς
2455 3119 2618 3174 αὑτὸν
2672 3104 2970 3189 βλέμματι,
3025 3114 3121 3168 καὶ
3176 3110 3428 3182 αὐστηρᾷ
3469 3110 3535 3177 τῇ

1959 3221 2134 3290 φωνῇ,
2178 3216 2243 3270 Τί
2280 3230 2409 3269 ποτε
2436 3211 2565 3283 ἄρα,
2606 3210 2793 3278 φάναι,
2823 3208 3043 3278 μάταιε,
3074 3203 3215 3259 κατά
3236 3203 3334 3273 τῆς
3366 3199 3537 3253 Εὐθυ-

1962 3311 2085 3382 μίον
2122 3309 2295 3382 θήκης
2326 3306 2665 3375 τετόλμηκας
2690 3319 2704 3368 ;
2737 3302 2828 3355 τὸν
2851 3300 2908 3354 δὲ
2942 3298 3258 3369 φιμωθέντα
3285 3295 3421 3358 ὅλως
3443 3294 3536 3346 καὶ

1961 3403 2128 3475 μηδὲν
2173 3402 2354 3471 εὑρεῖν
2386 3401 2466 3461 εἰς
2498 3395 2805 3464 ἀπολογίαν
2836 3393 3159 3462 δυνάμενον,
3200 3388 3335 3442 ἀλλά
3365 3384 3535 3456 κωφῷ

1959 3492 2359 3566 παραπλησίως
2392 3490 2489 3559 τὴν
2549 3488 2802 3557 γλῶτταν
2849 3480 3244 3553 πεπεδημένον,
3288 3477 3534 3532 ἐκδοῦναι

1959 3593 2068 3652 τοῖς
2098 3588 2223 3658 περὶ
2246 3584 2407 3638 αύτδν
2429 3582 2632 3645 εὐθέως
2660 3576 2956 3649 ὲγκελευσά
2966 3591 3127 3647 μενον
3149 3570 3531 3644 τιμωρεῖσθαι-

1959 3675 2082 3735 εἶτα
2114 3679 2222 3731 τῶν
2249 3676 2531 3745 τεσσάρων
2559 3670 2940 3728 διατεινάντων
2972 3666 3156 3733 αὐτὸν,
3187 3663 3264 3734 τῷ
3296 3663 3534 3732 πέμπτῳ

1957 3770 2260 3843 ἐγχειρίσαι
2320 3769 2421 3838 τὴν
2486 3765 2728 3838 ῥάϐδον,
2790 3763 2885 3816 καλ⁸
2942 3760 3171 3813 τύπτειν
3226 3755 3534 3826 ἐπισκῆψαι

1961 3864 2223 3935 σφοδρῶς·
2250 3863 2325 3926 ὡς
2356 3862 2423 3915 ἂν
2450 3859 2526 3931 μὴ
2550 3855 2965 3927 καταφρονητὴς
2993 3850 3151 3918 θεοῦ,
3185 3852 3318 3923 μηδὲ
3348 3850 3535 3919 ἐπίορ-

1957 3973 2089 4024 κος,
2148 3956 2284 4027 μηδὲ
2328 3951 2712 4022 ἀποστερητὴς
2749 3947 2834 4019 εἴη
2869 3948 2977 4001 τῶν
3014 3944 3329 4015 ἀλλοτρίων.
3379 3942 3534 3995 Ἐπεὶ

1956 4051 2014 4104 δὲ
2047 4047 2247 4111 ἱκανῶς
2308 4046 2417 4099 τῶν
2465 4044 2691 4116 πληγῶν
2745 4040 2889 4110 ἔχειν
2945 4038 3141 4101 ἐδόκει,
3197 4035 3405 4105 στήσας
3434 4033 3534 4103 τὴν

1957 4144 2117 4214 χεῖρα
2163 4139 2241 4211 τῷ
2285 4139 2578 4208 νεανίσκῳ,
2621 4135 2853 4190 ἅπτεται
2910 4130 3077 4185 αὐτοῦ
3137 4128 3246 4182 τῶν
3303 4125 3529 4197 τριχῶν,

1958 4234 2052 4288 καί
2076 4249 2259 4303 φησιν’
2291 4232 2471 4285 Ἤπου
2494 4229 2685 4297 ἔγνως,
2705 4228 2909 4291 ἀνόσιε,
2933 4225 3007 4287 ὡς
3032 4223 3140 4293 ἄρα
3159 4218 3441 4283 έστιΘεδς.
3466 4216 3533 4270 τὰ

1957 4326 2185 4380 τοιαῦτα
2228 4324 2432 4394 κρίνων
2464 4325 2520 4375 ἐν
2549 4325 2656 4392 ﬂ);
2689 4322 2796 4373 ἰδοὺ
2825 4320 2890 4390 δὴ
2921 4316 3095 4388 ταύτῃ
3140 4317 3207 4385 τῇ
3254 4311 3533 4381 νυκτὶητὴν

272 4401 375 4455 hoc
408 4399 591 4455 intulit
619 4397 983 4469 supplicium,»
1009 4412 1068 4455 ut
1106 4414 1172 4456 ex
1211 4417 1277 4458 eo
1306 4404 1397 4459 alii
1439 4407 1674 4463 evadant
1727 4425 1847 4466 me-

1963 4419 2138 4490 ψυχήν
2167 4434 2260 4470 σου
2284 4413 2608 4470 ἀπαιτοῦσιν
2639 4414 2748 4467 ἀπὸ
2795 4411 2910 4465 σοῦ·
2939 4410 2974 4464 ἂ
3004 4409 3060 4462 δὲ
3093 4406 3275 4469 κακῶς
3299 4402 3534 4460 ἀπεστέ-

269 4494 457 4561 liores,
500 4502 556 4549 et
607 4490 833 4566 perjurii
888 4493 1189 4563 periculum
1242 4494 1471 4565 fugiant,
1519 4514 1615 4555 seu
1662 4504 1847 4571 potius

271 4586 444 4658 ipsum
472 4590 694 4642 omnino
732 4586 1122 4655 juraiuentum,
1158 4588 1260 4643 etsi
1294 4604 1418 4644 vera
1458 4591 1567 4645 sint
1618 4595 1837 4652 dicturi.

1956 4528 2152 4583 ρησας,
2179 4511 2284 4564 τίνι
2308 4510 2480 4574 Eant;
2510 4506 2598 4560 διὰ
2614 4505 2771 4560 τοῦτο
2802 4505 2858 4558 δέ
2905 4521 2987 4557 σοι
3012 4502 3106 4556 καὶ
3134 4501 3234 4570 τὴν
3262 4495 3532 4568 τιμωρίαν

1953 4604 2203 4672 ἐπήγαγε
2249 4600 2475 4672 ταύτην,
2519 4601 2594 4663 ὡς
2638 4599 2703 4652 ἂν
2754 4597 2931 4667 ἕτεροι
2982 4594 3220 4666 βελτίους
3245 4590 3532 4657 ἀπἀὐτῆς

267 4680 534 4748 γένοιντο*
592 4681 687 4738 καῖ.
714 4680 805 4736 τὸν
837 4681 864 4721 κ
897 4683 996 4754 τῆς
1028 4683 1318 4755 ἐπιορκίας
1340 4684 1617 4763 κίνδυνον)
1635 4690 1840 4761 μᾶλλον
1874 4695 1929 4749 δὲ
1966 4699 2063 4753 καὶ
2096 4698 2229 4752 αὐτὸ
2282 4698 2341 4751 τὸ
2371 4695 2592 4767 ὀμνύειν
2616 4695 2775 4762 ὅλως,
2835 4692 2940 4747 κᾶν
2965 4688 3249 4763 ἀληθεύειν
3269 4687 3528 4757 μέλλωπιι

265 4771 621 4841 ειαφεύγωσι.

337 4862 544 4920 CLVll.
574 4863 700 4919 1an
736 4865 825 4920 ille
868 4881 995 4922 cum
1038 4866 1269 4938 Cyriaco
1314 4868 1551 4925 minatus
1588 4883 1733 4930 esset
1780 4893 1845 4933 ac

268 4958 522 5021 dixisset,
565 4957 752 5012 statim
789 4972 912 5013 cum
954 4959 1246 5015 comitibus
1281 4960 1396 5014 suis
1441 4964 1687 5019 recessit.
1727 4964 1847 5037 Ipse

270 5064 420 5114 vero,
446 5048 656 5103 visione
679 5050 1057 5113 conturbatus,
1076 5057 1130 5104 et
1156 5050 1353 5120 alioqui
1375 5052 1517 5108 ferre
1541 5069 1645 5109 non
1671 5057 1855 5116 valens

270 5141 485 5194 dolores
513 5139 814 5211 plagarum,
847 5155 981 5196 voce
1013 5156 1147 5196 usus
1185 5153 1273 5198 est
1308 5146 1572 5213 acutiore,
1610 5151 1853 5205 vocavit-

268 5255 376 5308 que
415 5254 512 5294 eos
548 5239 639 5308 qui
682 5252 850 5309 prope
891 5248 1081 5306 erant;
1121 5249 1232 5295 tum
1285 5243 1469 5313 plagas
1507 5249 1774 5314 ostendit,
1801 5258 1855 5303 et

272 5329 568 5399 perjurium
595 5328 798 5384 fervide
834 5327 1119 5384 confessus
1154 5340 1258 5394 est,
1288 5348 1549 5403 suamque
1582 5340 1722 5407 apud
1759 5355 1854 5395 eos

342 5477 383 5507 ’τ
412 5475 532 5532 Psal
568 5516 581 5530 .
609 5490 709 5539 ut,
736 5474 791 5528 2.
872 5473 925 5504 ⁸⁸
943 5473 1072 5529 Luc.
1110 5473 1316 5540 111,20.

2029 4882 2199 4934 PﬂZ'.
2242 4877 2425 4932 Ταῦτα
2474 4878 2502 4929 ὁ
2542 4878 2638 4949 μὲν
2685 4876 2984 4946 ἀπειλήσας
3016 4874 3092 4943 τῷ
3137 4866 3400 4941 Κυριακῷ
3439 4867 3533 4920 καὶ

1958 4973 2150 5038 εἰπὼν,
2190 4972 2328 5042 μετᾶ
2360 4972 2471 5024 τῶν
2504 4972 2630 5043 περὶ
2653 4970 2814 5023 αὑτὸν
2840 4968 3001 5029 εὐθὺς
3030 4965 3220 5036 ᾤχετο.
3253 4962 3425 5023 Αὐτὸς
3474 4961 3530 5013 δὲ

1957 5064 2092 5134 πρὸς
2122 5080 2180 5115 τε
2216 5062 2312 5132 τὴν
2342 5063 2464 5131 ὄψιν
2495 5059 2901 5131 διαταραχθεὶς,
2934 5058 3106 5120 ἄλλως
3138 5071 3196 5108 τε
3228 5054 3285 5107 δὲ
3312 5054 3409 5106 καὶ
3434 5055 3532 5115 τὰς

1954 5156 2019 5209 ὲκ
2067 5154 2174 5208 τῶν
2212 5153 2435 5225 πληγῶν
2478 5154 2668 5216 ὀδύνας
2719 5154 2904 5222 φέρειν
2949 5151 3047 5203 οὐκ
3092 5148 3253 5218 ἔχων,
3297 5144 3533 5215 ὀξυτέρα

1955 5247 2222 5318 ἐκέχρητο
2272 5250 2338 5317 τῇ
2391 5248 2568 5317 φωνῇ,
2612 5246 2704 5298 καὶ
2733 5244 2858 5306 τοῦς
2913 5240 3141 5312 πλησίον
3187 5235 3529 5291 έπεκαὴίτοο

1954 5341 2051 5402 τὰς
2087 5342 2299 5409 πὶηγάς
2324 5357 2377 5391 τε
2406 5338 2721 5404 ὑπεδείκνν,
2744 5338 2839 5391 καὶ
2868 5335 2964 5406 τὴν
2988 5332 3274 5405 ἐπιορκίαν
3311 5328 3531 5400 θερμῶς

1575 5586 1802 5642 VARI!)
1843 5587 2246 5652 LECTIONES.

286 5705 305 5747 δ
344 5701 416 5760 a‘.
441 5703 751 5775 γενόμενον.
833 5700 846 5752 i
886 5702 956 5756 al.
989 5702 1153 5758 inser.
1191 5702 1341 5772 ἡμῖν.
1423 5701 1443 5738 ιε
1480 5700 1753 5758 al..inser.
1782 5704 1875 5757 ἐκ.

2042 5835 2191 5845 ’φημ-
