3846 6484
182 359 299 423 729
1467 356 1640 416 VlTA
1682 355 1742 414 S.
1784 354 2192 417 EUTHYMII.
3118 370 3119 373 ‘
3343 352 3461 419 730'

179 468 502 540 ἐξηγόρευε,
533 468 630 523 καὶ
653 467 725 523 τὰ
759 468 856 540 τῆς
889 469 1175 539 συμφοράς
1205 469 1390 532 αὐτοῖς
1423 468 1759 522 ἀνεκλαίετο’

1875 464 2491 522 cleﬂevitcalamitatem.
2525 465 2729 523 Deinde
2754 465 2965 537 rogavit
3017 474 3075 521 ut
3100 481 3223 524 eum
3245 466 3452 527 ferrent

179 559 300 616 εἶτα
346 562 444 615 καὶ
494 560 829 632 κομισθῆναι
857 561 947 614 ὑπ’
980 561 1162 615 αὐτῶν
1192 560 1327 631 πρὸς
1360 562 1459 631 τὴν
1483 560 1578 616 τοῦ
1608 562 1764 631 ἁγίου

1875 562 1938 615 ad
1986 561 2161 615 sancti
2190 575 2432 629 capsam,
2465 560 2649 616 dicens
2682 580 2696 615 :
2727 558 2888 617 Forte
2917 560 2967 616 is
2999 561 3092 631 qui
3129 560 3324 617 inﬂixit
3350 562 3452 618 ltas

180 658 358 727 θήκην
384 656 577 710 idsi-rw
606 655 784 726 Τάχα.
822 653 1016 723 λέγων,
1043 657 1072 707 ὁ
1098 654 1197 717 τὰς
1224 655 1535 725 ἀφορήτους
1560 656 1768 718 ταύτας

178 747 397 815 πληγὰς
423 746 659 812 ἐπιθεὶς,
708 748 840 818 ῥᾷον
870 745 935 799 ἂν
981 748 1078 800 καὶ
1113 744 1345 810 ἰάσαιτο,
1394 745 1643 820 μαθητὴς
1690 745 1768 800 ὢν

180 839 418 903 ἐκείνου,
451 837 545 891 τοῦ
587 838 885 905 ἀγαθύνειν
921 838 1125 908 μᾶλλον
1158 838 1191 906 ἢ
1243 838 1493 903 κολάζειν
1520 838 1770 906 φυσικῶς

177 928 555 999 ἔχοντοςοέπεὶ
585 928 747 999 σχολῇ
777 928 829 997 γ’
857 928 926 981 ἂν
949 929 1086 998 πρὸς
1112 927 1453 998 τηλικαύτας
1466 927 1659 993 ὀδύνας
1682 931 1768 984 ἰα-

176 1022 368 1092 τρικαὶ
417 1020 607 1090 τέχναι
637 1021 735 1074 καὶ
775 1021 957 1092 χεῖρες
1006 1020 1327 1091 ἀρκέσειαν.
1391 1020 1624 1075 Ἐκεῖνοι
1665 1020 1767 1090 μὲν

175 1111 387 1165 τούτων
414 1110 737 1180 ἀκηκοότες,
771 1112 963 1166 ἔπειτα
989 1112 1049 1165 δὲ
1078 1113 1173 1166 καὶ
1195 1112 1347 1176 ὅπως
1382 1108 1451 1183 ἦν
1478 1113 1763 1191 βαρύτατα

174 1200 480 1273 πεπληγὼς
511 1201 860 1275 θεασάμενοι,
896 1205 994 1258 καὶ
1020 1204 1302 1268 δείσαντες
1329 1205 1393 1258 οὐ
1425 1206 1638 1275 μικρῶς
1671 1207 1768 1261 καὶ

173 1294 353 1358 αὐτοὶ,
386 1296 536 1365 ὅμως
566 1296 704 1367 πρὸς
730 1296 833 1368 τὴν
850 1296 1155 1367 ἐπιθυμίαν
1173 1299 1268 1353 τοῦ
1291 1299 1484 1371 ἀνδρδς
1506 1301 1764 1366 εἴκοντες,

174 1385 486 1452 σοφίζονται
513 1384 612 1456 τὴν
634 1386 929 1457 ἐκκομιδὴν
956 1385 1150 1450 οὕτως·
1173 1387 1280 1443 Δύο
1300 1388 1539 1451 σάκκους
1560 1388 1775 1458 ἀκύρου

172 1476 471 1549 πληροῦσι,
502 1478 596 1532 καὶ
624 1477 849 1541 τούτους
879 1479 985 1549 ὅλῳ
1028 1481 1137 1535 wh
1164 1480 1230 1533 ἐκ
1263 1480 1372 1533 τῶν
1412 1480 1656 1548 πλαγίων
1690 1474 1767 1535 εὗ-

171 1569 551 1639 ἀναθέμενοι,
624 1565 744 1624 εἶτα
808 1570 976 1640 μέσον
1040 1570 1203 1625 αὐτὸν
1252 1571 1562 1627 ἐπιτιθοῦσι
1592 1612 1608 1637 ,
1671 1572 1769 1627 καὶ

169 1660 352 1725 οὕτως
399 1664 480 1724 εἰς
522 1661 585 1715 τὸ
628 1664 999 1731 μοναστήριον
1027 1665 1122 1716 καῖ
1149 1663 1249 1733 τὴν
1298 1664 1477 1735 θήκην
1516 1664 1773 1734 διακομίο

170 1753 383 1815 ζουσιν.
417 1755 483 1808 υἱ
531 1755 624 1809 καὶ
666 1755 735 1808 τὰ
767 1754 890 1808 κατ’
916 1755 1080 1808 αὐτὸν
1112 1757 1247 1825 ἡμῖν
1289 1757 1468 1811 πάντα
1498 1758 1766 1827 διηγησάιρ

1872 648 2246 704 intolerabiles
2281 648 2492 719 plagas,
2531 649 2743 705 facilius
2780 662 2837 707 ct
2871 650 3180 718 curaverit,
3219 667 3344 707 eum
3378 652 3454 708 sit

1874 740 2022 794 illius
2053 740 2379 810 discipulus,
2409 741 2495 796 cui
2527 750 2611 795 est
2646 742 2888 797 innatum
2921 742 3243 799 benefacere
3272 745 3454 814 potius

1868 846 2031 900 quam
2072 834 2266 902 punire
2296 850 2311 886 :
2345 832 2781 902 quandoquidem
2816 833 2903 887 vis
2949 834 3017 889 ad
3061 834 3200 891 tales
3229 834 3450 890 dolores

1870 923 2186 981 snﬂ'eceriut
2225 925 2453 980 medica:
2474 934 2622 981 artes
2661 936 2831 994 atque
2880 942 3097 983 manus.
3128 927 3338 994 Quibus
3374 928 3449 982 illi

1870 1018 2094 1081 auditis.
2122 1027 2308 1088 postea
2342 1031 2474 1074 vero
2500 1028 2554 1074 et
2583 1018 2763 1073 intuiti
2805 1033 2968 1088 quam
3008 1019 3331 1088 gravissime
3358 1035 3453 1076 va-

1867 1110 2135 1178 pulasset,
2194 1110 2407 1179 ipsique
2466 1110 2635 1165 etiam
2686 1126 2792 1169 non
2845 1111 3196 1167 mediocriter
3251 1113 3450 1175 territi,

1868 1209 2125 1256 czcterum
2154 1202 2409 1256 cedentes
2450 1201 2549 1255 viri
2601 1202 2900 1268 desiderio,
2936 1201 3202 1271 ejusmodi
3230 1204 3452 1274 excogi-

1871 1300 1989 1347 tant
2035 1292 2514 1362 exportatiohem;
2567 1292 2793 1361 implent
2852 1295 2989 1351 duos
3033 1308 3228 1350 soccos
3270 1294 3452 1362 palea,

1870 1399 2107 1455 cumque
2151 1400 2248 1443 eos
2285 1385 2442 1441 asino
2491 1400 2558 1440 ex
2611 1396 2929 1443 transverso
2970 1396 3117 1442 recte
3160 1386 3457 1455 imposuis-

1869 1487 2011 1544 sent,
2042 1492 2173 1535 eum
2208 1477 2403 1537 deinde
2447 1487 2657 1547 ponunt
2693 1479 2961 1544 medium,
2996 1480 3186 1548 sicque
3233 1479 3299 1533 ad
3336 1494 3457 1534 mu-

1871 1569 2169 1623 nasterium
2203 1578 2259 1623 et
2292 1570 2357 1630 ad
2394 1584 2614 1639 capsam
2646 1568 2925 1630 deferunt.
2960 1570 3064 1635 Qui
3107 1585 3230 1625 cum
3267 1572 3455 1624 omnia
3530 1624 3535 1635 ,

1870 1672 1992 1727 quae
2043 1659 2093 1713 ei
2141 1670 2461 1723 evenerant,
2504 1659 2668 1716 nobis
2715 1670 3057 1724 narrassent,
3101 1669 3158 1715 et
3207 1676 3345 1731 quas
3398 1662 3451 1716 in

1870 1758 2024 1821 tergo
2073 1759 2365 1820 acceperat
2414 1751 2601 1822 plagas
2645 1753 3035 1817 ostendissent,
3085 1763 3295 1810 tantum
3338 1754 3457 1808 fra-

173 1861 353 1914 μενοι,
383 1848 477 1898 καὶ
501 1845 597 1910 τὰς
621 1847 762 1900 κατὰ
783 1847 894 1901 τῶν
913 1846 1097 1900 νώτων
1120 1848 1340 1919 πληγὰς
1361 1848 1761 1915 ύποδείξαντες,

1875 1841 2046 1895 tribus
2090 1851 2292 1896 metum
2340 1821 2662 1909 immittunt,
2703 1852 2761 1895 ut
2792 1844 2994 1899 nullum
3024 1845 3243 1914 exhinc,
3276 1862 3455 1915 neque

170 1937 431 1992 τοσοῦτον
464 1941 580 2002 τοῖς
609 1938 864 2008 ἀδελφοῖς
912 1939 1244 2009 ἐμϐάλλουσι
1279 1940 1421 2004 δέος,
1453 1940 1530 2004 ὡς
1560 1941 1767 2011 μηδένα

170 2029 230 2095 ἐξ
282 2030 521 2094 ἐκείνου,
575 2032 713 2103 μήτε
767 2032 931 2085 αὐτόν
969 2048 1093 2086 τινα
1140 2032 1285 2086 κατά
1331 2036 1429 2104 τῆς
1474 2032 1570 2086 τοῦ
1605 2033 1767 2101 ἁγίου

172 2120 352 2191 θήκης
405 2122 629 2192 ὀμνύειν
679 2124 796 2195 ἐᾷν,
855 2125 992 2195 μήτε
1039 2125 1224 2197 ὅρκον,
1256 2124 1317 2179 τό
1359 2141 1423 2195 γε
1457 2126 1535 2188 είς
1565 2126 1763 2190 αὐτοὺς

170 2208 334 2283 ἧκον,
375 2215 548 2285 ἑτέρῳ
577 2216 827 2286 ἐπάγειν.

243 2304 435 2362 PNH’.
480 2308 711 2363 Ἐκεῖνοι
759 2310 941 2381 μέντοι
990 2314 1122 2384 παρ’
1160 2314 1294 2384 ἡμῖν
1339 2314 1652 2383 τηνικαῦτα-
1688 2317 1767 2370 δι-

174 2398 615 2469 ημερεύσαντες,
660 2401 736 2466 ὡς
767 2401 954 2473 ἐώρων
983 2405 1075 2458 τὸν
1127 2404 1405 2477 κυριακὸν
1451 2407 1546 2461 καὶ
1594 2409 1765 2473 αὑτάς

171 2492 272 2552 τὰς
311 2490 563 2555 ἀσθενεῖς
591 2493 686 2547 καὶ
722 2494 923 2558 λεπτάς
956 2496 1178 2559 ἐλπίδας
1206 2498 1304 2567 τῆς
1330 2498 1476 2569 ζωῆς
1501 2500 1768 2569 ἀφαιρού-

174 2599 368 2662 μενον,
409 2584 506 2638 καὶ
552 2588 688 2655 πρὸς
741 2586 973 2642 θάνατον
1024 2590 1351 2661 ἀφορῶντα*
1401 2593 1498 2663 τῆς
1534 2594 1770 2664 γαστρὸς

170 2675 326 2746 αὐτῷ
375 2676 754 2749 διαρῤυείσης,
806 2682 902 2733 καὶ
946 2680 1041 2733 τοῦ
1092 2682 1366 2750 στόματος
1395 2684 1532 2753 μηδὲ
1567 2687 1769 2754 μικρὸν

172 2766 434 2836 ἐπισχεῖν
452 2766 755 2839 δυναμένου
786 2771 876 2824 τὸν
907 2770 1102 2840 ἔμετον
1126 2786 1139 2800 ’
1190 2774 1545 2845 ἀναιροῦνται
1580 2776 1766 2842 αὐτὸν,

170 2861 269 2914 καὶ
306 2860 490 2914 οἶκαδε
535 2862 696 2916 πάλιν
729 2863 1175 2935 ἀνακομίζουσιν.
1238 2868 1297 2921 Ὀ
1340 2867 1397 2922 δὲ
1446 2868 1546 2939 τὴν
1592 2868 1767 2923 νύκτα

177 2951 340 3020 μόλις
372 2952 635 3021 διαζήσας
666 2954 901 3025 ἐκείνην,
935 2955 1014 3019 είς
1043 2955 1142 3027 τὴν
1167 2955 1296 3027 ἑξῆς
1322 2958 1693 3030 ἐτελεύτησεν.

244 3041 425 3098 ΡΝΘ’.
498 3044 635 3097 Κατ’
683 3047 860 3100 ἐκεῖνο
913 3046 970 3100 δέ
1023 3048 1218 3120 καιροῦ
1282 3051 1375 3104 καὶ
1430 3050 1638 3115 ξενικάς
1686 3069 1771 3117 τις

1870 1946 1967 2001 per
2011 1933 2184 1989 sancti
2217 1934 2427 1987 thecam
2453 1933 2640 2004 jurare
2679 1934 2955 2002 sinerent,
2982 1950 3157 2007 neque
3186 1947 3448 2008 quantum

1870 2021 1927 2077 in
1954 2023 2035 2079 eis
2066 2030 2229 2090 esset,
2264 2023 2354 2078 alii
2379 2021 2766 2095 jusjurandum
2794 2023 3029 2083 deferre.

1940 2311 2168 2369 CLVIII.
2216 2312 2388 2371 Porro
2414 2314 2488 2370 illi
2524 2317 2612 2372 ubi
2648 2326 2776 2374 tunc
2796 2318 2937 2389 apud
2964 2332 3062 2375 nos
3090 2320 3235 2376 diem
3265 2329 3449 2377 trans-

1870 2405 2129 2478 cgisscnt,
2155 2416 2212 2461 ut
2233 2405 2482 2462 viderunt
2501 2406 2789 2479 Cyriacum
2810 2408 2893 2464 vel
2915 2411 3062 2465 tenni
3091 2421 3146 2467 et
3179 2413 3448 2469 imbecilla

1870 2512 1967 2568 spe
2011 2499 2137 2553 vita:
2179 2513 2303 2554 esse
2347 2499 2639 2569 privatum,
2676 2511 2733 2555 et
2779 2503 2845 2555 ad
2884 2512 3113 2558 mortem
3157 2513 3448 2572 spectare;

1871 2589 2016 2658 quod
2040 2598 2245 2647 .vcnter
2284 2590 2334 2644 ei
2379 2589 2719 2657 deduxisset,
2750 2605 2802 2647 et
2838 2609 2901 2648 us
2927 2609 2994 2649 ne
3035 2596 3302 2650 tantillum
3327 2598 3454 2665 qui-

1871 2680 1994 2735 dem
2034 2691 2219 2750 posset
2253 2682 2512 2737 vomitum
2555 2684 2891 2752 reprimere;
2939 2700 3061 2740 cum
3100 2687 3317 2749 tollunt,
3353 2690 3453 2742 do-

1872 2785 2128 2839 mumque
2162 2785 2353 2825 rursus
2389 2770 2653 2828 referunt.
2678 2773 2731 2828 is
2756 2790 2885 2830 vero
2916 2791 3041 2831 cum
3065 2775 3155 2830 illa
3184 2778 3268 2831 vix
3296 2788 3455 2834 nocte

1872 2861 2121 2930 vixisset,
2159 2872 2408 2920 mortuus
2437 2874 2517 2920 est
2554 2866 2839 2935 postridie.

1944 3045 2127 3113 CLIX.
2156 3047 2254 3102 Illo
2279 3060 2456 3104 autem
2497 3059 2745 3122 tempore
2783 3063 3044 3123 externus
3086 3069 3301 3125 quoque
3329 3056 3453 3127 qui-

172 3131 366 3201 ἕτερος
407 3131 786 3205 ἀποδημητὴς,
853 3137 1208 3204 ἐπιξενωθεὶς
1263 3139 1340 3208 τῷ
1401 3143 1764 3214 μοναστηρίῳ,

1876 3140 1998 3194 dum
2039 3138 2178 3194 alius
2220 3139 2560 3209 peregrinus,
2602 3144 2655 3197 in
2708 3146 3040 3201 monasterio
3086 3145 3323 3217 ltospitio
3354 3162 3449 3201 ac-

173 3222 275 3275 καὶ
309 3223 648 3293 παραϐαλὼν
684 3226 845 3298 χάριν
879 3230 1184 3301 προσευχῆς
1219 3231 1298 3303 τῷ
1328 3232 1460 3303 ναῷ,
1492 3236 1561 3289 τά
1605 3251 1664 3289 τε
1710 3237 1768 3287 ἐν

174 3313 329 3385 αὐτῷ
359 3314 543 3371 πάντα
566 3317 920 3390 τεθεαμένος.
974 3322 1159 3392 μέσων
1189 3324 1404 3381 νυκτῶν
1428 3327 1522 3381 ἐπὶ
1552 3328 1644 3382 τὸν
1673 3328 1767 3383 τοῦ

170 3405 338 3471 ἀξίου
375 3409 546 3477 τάφον
576 3411 841 3483 παραδὺς,
874 3414 974 3486 τὴν
1001 3416 1371 3488 ἐφεστηκυίαν
1400 3420 1550 3492 αὐτῷ
1585 3420 1766 3492 χώνην

172 3502 426 3571 ἀργυρᾶν
451 3502 638 3568 οὖσαν,
671 3507 859 3575 χερσὶν
902 3508 1002 3561 οὐκ
1029 3510 1304 3577 ἀνίπτοις,
1353 3513 1413 3568 τὸ
1442 3512 1538 3566 τοῦ
1582 3514 1765 3583 λόγου,

176 3594 369 3662 μόνον,
418 3593 555 3647 άλλά
590 3599 684 3650 καὶ
730 3596 978 3668 βεϐήλοις
1011 3602 1253 3672 ἀτεχνῶς
1286 3604 1619 3675 ὑφαιρεῖται,
1669 3607 1767 3660 καὶ

174 3688 473 3757 νυκτερινῇ
524 3687 690 3758 ἐξόδῳ
741 3690 832 3743 καὶ
882 3690 1098 3763 ἀθεάτῳ
1144 3692 1368 3748 κλέπτει
1413 3695 1513 3766 τὴν
1548 3696 1767 3766 ἀναχώ-

176 3792 365 3847 ρησιν.
416 3778 538 3831 Τῶν
586 3778 687 3847 μὲν
747 3776 845 3834 οὖν
891 3784 949 3836 ἐν
1000 3783 1079 3853 τῷ
1132 3787 1479 3857 μοναστηρίῳ
1524 3790 1766 3853 πάντων,

172 3867 435 3936 ἐφώρασε
464 3870 557 3923 τὸν
598 3871 751 3926 δόλον
787 3874 981 3939 οὐδείς’
1018 3877 1135 3930 ἀλλ’
1164 3873 1232 3949 ἦν
1258 3878 1453 3948 ἄδηλον
1488 3880 1673 3942 αὐτοῖς
1706 3881 1769 3935 τὸ

173 3962 574 4031 γεγενημένον.
640 3964 850 4020 Ἕωθεν
918 3968 974 4021 δὲ
1032 3971 1061 4023 ὀ
1109 3970 1187 4040 τῷ
1254 3972 1459 4026 πυλῶνι
1522 3972 1767 4042 ἐφεστὼς

176 4054 533 4123 Προκόπιος,
580 4054 637 4119 ὃς
667 4059 762 4111 καὶ
815 4061 1061 4131 μεγάλης
1098 4062 1255 4134 ἐτυχε
1306 4066 1459 4136 παρᾶ
1497 4067 1574 4135 τῷ
1628 4066 1769 4137 ἁγίῳ

175 4147 451 4216 πρότερον
499 4148 815 4216 ἀπολαύσας
879 4154 981 4222 τῆς
1047 4156 1382 4227 θεραπείας,
1443 4159 1616 4229 μικρά
1666 4159 1767 4228 τῆς

175 4240 394 4293 εἰσόδου
450 4241 771 4311 προελθὼν,
837 4247 1081 4317 εὑρίσκει
1141 4251 1232 4303 τὸν
1277 4250 1489 4318 ξενικὸν
1554 4250 1621 4322 (ὣ
1671 4252 1767 4305 τοῦ

174 4336 463 4408 θαύματος
482 4338 521 4410 Ξ)
552 4341 752 4410 τρόπον
784 4343 906 4396 τινὰ
933 4345 1039 4414 πρὸ
1063 4345 1156 4398 τοῦ
1195 4346 1554 4416 μοναστηρίου
1598 4349 1764 4416 ἐστη-

172 4434 447 4503 λωξιένον.
510 4433 835 4505 ’Δμηχανῶν
875 4436 1053 4490 τοίνυν
1083 4439 1311 4504 ἐκεῖνος,
1353 4439 1448 4491 καὶ
1488 4438 1588 4491 οὐκ
1624 4437 1765 4506 ἔχων

1877 3238 2091 3300 ceptus,
2130 3241 2188 3285 et
2220 3231 2481 3299 precandi
2521 3236 2694 3304 gratia
2750 3236 2801 3288 in
2840 3236 3098 3306 templum
3150 3236 3448 3309 profectus,

1874 3340 1996 3378 cum
2041 3339 2163 3393 quae
2208 3326 2264 3379 in
2321 3340 2386 3380 eo
2426 3328 2784 3383 crantomuia
2837 3331 3233 3400 contemplatus
3281 3345 3450 3398 esset,

1871 3415 2050 3470 media
2101 3427 2260 3471 nocte
2306 3418 2616 3485 sepulcrum
2672 3423 2847 3478 sancti
2899 3424 3089 3487 subiit,
3135 3428 3455 3494 urnamque'

1869 3513 2179 3574 argenteam
2199 3505 2313 3576 (94)
2346 3507 2418 3561 illi
2470 3506 2804 3576 impositam,
2852 3513 3103 3567 mauibus
3144 3528 3251 3567 non
3280 3515 3446 3569 illutis

1870 3598 2067 3662 solum,
2088 3607 2144 3650 ut
2164 3597 2385 3664 dicitur,
2405 3598 2502 3654 scd
2514 3600 2678 3659 etiam
2690 3601 2945 3669 'profauis
2971 3604 3151 3671 plane,
3176 3604 3376 3671 aufert,
3397 3620 3452 3659 rt

1824 3746 1846 3766 .
1870 3700 2139 3747 nocturno
2160 3705 2258 3745 nec
2273 3701 2517 3760 spectato
2545 3697 2694 3748 exitu
2715 3708 2995 3749 secessum
3012 3697 3266 3751 occultat.
3284 3697 3451 3768 Igitur

1869 3797 1934 3838 ex
1962 3782 2214 3837 omnibus
2246 3784 2336 3851 qui
2370 3793 2529 3838 erant
2564 3783 2619 3838 in
2652 3786 3007 3852 monasterio,
3048 3788 3227 3843 nullus
3256 3789 3443 3844 dolum

1872 3875 2261 3946 deprehendit;
2300 3876 2397 3931 sed
2441 3876 2508 3932 iis
2559 3876 2772 3932 facinus
2807 3889 2927 3933 erat
2976 3879 3242 3949 ignotum.
3290 3878 3450 3937 Mane

1873 3982 2004 4023 vero
2038 3966 2224 4035 janua:
2265 3969 2590 4038 prapositus
2618 3968 2944 4042 Procopius,
2976 3971 3069 4042 qui
3100 3975 3265 4027 etiam
3298 3976 3450 4043 prius

1873 4075 2124 4128 magnam
2170 4076 2203 4115 a
2256 4070 2450 4116 sancto
2495 4072 2826 4118 consecutus
2869 4062 3047 4120 fuerat
3087 4066 3447 4129 curationem,

1872 4155 1941 4209 ab
1963 4157 2113 4209 aditu
2149 4170 2340 4225 parum
2364 4171 2705 4229 progressus,
2731 4156 2937 4212 invenit
2959 4166 3244 4212 externum
3270 4156 3443 4223 illum,

1873 4247 1929 4315 (ο
1965 4247 2288 4302 miraculum
2310 4249 2352 4317 l)
2390 4250 2553 4304 modo
2581 4252 2817 4318 quodam
2842 4247 3109 4303 columna}
3141 4247 3314 4302 insrar
3335 4248 3449 4300 alli-

1871 4354 2003 4393 xum
2029 4355 2059 4393 e
2091 4340 2315 4409 rigione
2354 4342 2694 4396 monasterii.
2724 4340 2817 4395 Ille
2859 4355 2991 4410 ergo
3012 4339 3301 4408 perpletus
3339 4338 3448 4393 ha:-

1871 4447 2018 4499 rens,
2052 4448 2153 4487 nec
2184 4434 2391 4488 habens
2428 4434 2555 4503 quid
2601 4440 2808 4503 ageret,
2859 4445 3119 4485 arcanum
3156 4430 3329 4501 aperit
3358 4429 3449 4499 ja-

172 4526 201 4578 δ
232 4541 291 4577 τι
320 4527 418 4580 καὶ
444 4525 716 4597 δράσειεν,
746 4527 1079 4581 ἐκκαλύπτει
1103 4528 1181 4599 τῷ
1238 4528 1466 4599 θυρωρῷ
1503 4529 1563 4582 τὸ
1596 4529 1764 4599 ἀπόρ-

1876 4526 2058 4581 nitori.
2085 4525 2186 4591 Qui
2211 4525 2431 4595 quidem
2455 4540 2576 4580 eum
2613 4523 2905 4579 introducit
2937 4524 2990 4577 in
3014 4523 3443 4589 monasterium;

177 4623 350 4689 ρητον
377 4617 422 4673 ³.
442 4621 552 4673 Καὶ
572 4620 630 4683 ὃς
652 4621 863 4690 εἰσάγει
884 4620 984 4690 μὲν
1009 4622 1171 4675 αὐτὸν
1188 4623 1267 4685 εἰς
1291 4621 1353 4675 τὸ
1384 4622 1766 4691 μοναστήριον’

174 4711 592 4779 παρασκευάζει
612 4714 670 4767 δὲ
704 4716 774 4768 τα
804 4714 901 4768 τοῦ
929 4713 1208 4785 θαύματος
1232 4713 1337 4767 ὑπὸ
1367 4714 1502 4767 πᾶσι
1528 4712 1768 4784 μάρτυσι

170 4807 293 4865 τοῖς
323 4803 573 4873 ἀδελφοῖς
596 4804 1063 4876 ἐξομολογεῖσθαι.
1085 4806 1264 4860 Καίτι
1297 4805 1483 4859 καινὸν
1508 4806 1605 4858 καὶ
1634 4802 1767 4858 άπι-

175 4912 309 4949 στον
340 4895 538 4967 μικροῦ
572 4896 833 4967 διηγεῖτο.
894 4899 1088 4967 Ἔλεγε
1132 4898 1262 4970 γὰρ,
1300 4897 1375 4960 ῶς
1404 4894 1768 4966 άποσυλήσειε
1836 4958 1841 4963 η

178 4988 287 5055 μὲν
326 4987 428 5058 ἤδη
476 4988 605 5058 περὶ
641 4989 809 5059 μέσας
855 4989 1058 5054 νύκτας
1104 4990 1204 5061 τὴν
1250 4988 1503 5059 ἀργυρᾶν
1549 4986 1768 5057 ἐκείνην

172 5079 277 5132 τοῦ
306 5080 564 5150 λειψάνου
604 5083 807 5153 χώνην
844 5083 1005 5145 εὐθὺς
1038 5082 1095 5135 δὲ
1124 5084 1233 5144 τοῖς
1269 5081 1365 5134 τοῦ
1402 5080 1767 5152 μοναστηρίου

175 5170 493 5236 συνεξέλθοι
544 5171 782 5242 ἀλόγοιςο
845 5175 941 5229 καὶ
989 5175 1227 5228 ὁδεύσειε
1296 5173 1394 5243 μὲν
1435 5172 1494 5227 τὸ
1520 5172 1643 5242 ἑξῆς
1669 5172 1768 5240 τῆς

176 5264 401 5330 νυκτὸς,
433 5265 574 5335 ἄγαν
600 5266 822 5339 εὐψύχῳ
845 5269 937 5321 καὶ
974 5267 1087 5332 ὀξεῖ
1115 5266 1191 5337 τῷ
1220 5266 1362 5331 ποδὶ,
1395 5266 1627 5328 σταδίοις
1665 5264 1766 5317 οὐκ

175 5355 410 5410 ἔλαττον
443 5356 477 5428 ἢ
509 5357 827 5428 τριάκοντα·
866 5360 935 5412 τὰ
962 5360 1086 5432 ὅρια
1116 5359 1171 5413 δὲ
1204 5360 1302 5429 τῆς
1331 5358 1496 5429 μονῆς
1514 5354 1766 5423 οὐδαμῶς

1875 4616 2040 4672 edicit
2070 4632 2201 4670 vero
2232 4628 2291 4671 ut
2337 4615 2659 4672 miraculum
2703 4614 2808 4670 sub
2851 4612 3162 4669 testimonio
3201 4615 3443 4668 omnium

1872 4708 2104 4764 fratrum
2136 4707 2425 4764 uteretur.
2461 4707 2706 4777 [lemque
2745 4722 2938 4761 novam
2980 4716 3034 4760 et
3067 4720 3232 4775 prope
3264 4706 3444 4760 inet-ee

1873 4802 2091 4857 dibilem
2126 4804 2405 4856 narrabat.
2436 4801 2629 4856 Aiebat
2656 4799 2822 4865 enim,
2856 4799 3000 4868 quod
3022 4797 3134 4865 jam
3158 4799 3301 4851 circa
3333 4812 3448 4851 me-

1873 4895 2019 4949 diam
2048 4901 2285 4956 noctem,
2324 4900 2634 4960 argenteam
2667 4887 2808 4942 illam
2847 4901 3021 4954 capsae
3051 4899 3240 4939 urnam
3270 4884 3447 4939 surri-

1874 4984 2118 5054 puisset;
2152 4980 2447 5049 statimque
2479 4994 2601 5033 cum
2633 4977 2820 5032 beStiis
2849 4974 3162 5030 monasterii
3195 4988 3447 5042 egressus

1877 5084 2063 5140 esset;
2103 5083 2217 5128 tum
2264 5074 2443 5126 noctis
2488 5070 2751 5140 reliquum
2793 5069 2932 5121 viam
2983 5077 3127 5122 esset
3170 5065 3450 5135 ingressus

1876 5173 2127 5236 prompto
2157 5162 2445 5218 admodum
2471 5168 2527 5215 et
2556 5161 2714 5215 celeri
2744 5161 2899 5228 pede,
2932 5174 3039 5213 non
3070 5157 3250 5211 minus
3280 5169 3442 5225 quant

1875 5260 2095 5326 triginta
2138 5257 2347 5321 stadia;
2400 5269 2502 5309 nec
2546 5261 2724 5307 tamen
2772 5252 2905 5308 lines
2948 5249 3257 5306 monasterii
3302 5247 3449 5302 ulla-

1875 5358 2034 5405 tenus
2064 5347 2407 5413 trausiisset;
2438 5345 2533 5401 sed
2566 5345 2804 5400 diluculo
2831 5352 2957 5400 ante
2988 5343 3161 5414 ipsum
3193 5341 3455 5397 inventus

1472 5464 1708 5526 VARIIE
1757 5456 2161 5519 LECTIONES.

264 5587 279 5628 ¹
310 5589 385 5643 al.
420 5588 768 5661 ἀπόκρυφον.

1420 5679 1541 5737 10A
1552 5678 1612 5737 Ν.
1652 5673 1919 5736 BOLLAN
1932 5672 1991 5727 Dl
2028 5670 2259 5728 NOTIE.

259 5803 373 5875 (ιιι)
400 5800 568 5874 Χώνη
590 5801 1010 5866 infundibulum,
1030 5800 1260 5873 ampulla
1288 5800 1496 5857 videtur
1524 5796 1770 5866 intelligi,
1810 5797 1904 5847 aut
1930 5787 2104 5847 simile
2126 5786 2400 5846 vasculum
2421 5786 2689 5845 sacriﬁcio
2712 5786 3064 5845 destinatum.
