3846 6482
355 343 455 413 731

1595 342 1876 403 MENSIS
1905 341 2369 404 JANUARIUS.

3517 333 3628 398 73?.

361 457 555 512 fuisset
580 464 852 525 tamquam
893 453 1127 518 vinctus,
1164 450 1364 524 quique
1398 465 1466 506 ne
1499 450 1784 505 minimum
1821 450 1940 520 qui-

2059 450 2354 522 τιαρελθεῖν·
2388 449 2503 504 ἀλλ’
2533 449 2648 520 ἅμα
2687 447 2830 517 φωτὶ
2860 447 2966 518 πρὸ
2998 445 3171 518 αὐτῆς
3220 445 3513 517 εὑρεθῆναι
3541 442 3632 500 οἶα

354 551 478 604 dem
517 557 701 618 posset
752 547 979 602 moveri.
1030 545 1228 602 Furem
1281 545 1427 601 enim
1486 544 1657 598 veluti
1723 543 1932 614 ligabat

358 657 446 696 res
485 641 628 696 furto
680 641 880 706 ablata,
928 639 1274 710 faciebatque
1323 645 1384 692 ut
1422 644 1670 690 maneret
1705 650 1800 689 eos
1843 634 1936 704 qui

358 732 558 787 furtum
597 731 740 803 passi
780 731 1018 786 fuerant.
1058 729 1288 799 Propter
1329 731 1444 784 haec
1473 743 1573 783 nos
1601 741 1789 782 omnes
1819 736 1936 781 stu-

358 839 458 894 por
493 825 709 889 invasit,
737 834 792 880 et
827 835 1073 881 sanctum
1112 823 1181 878 ob
1214 837 1465 895 magnam
1503 820 1646 876 hanc
1678 819 1936 874 virtutem

365 915 548 971 mirati
597 931 809 971 sumus.
849 915 1029 983 Quare
1071 929 1228 970 sacra
1259 929 1394 969 urna
1443 920 1691 982 accepta,
1731 919 1785 964 et
1821 909 1938 964 viro

359 1008 587 1079 (panper
609 1007 754 1064 enim
782 1010 920 1078 erat)
947 1007 1152 1079 largitri
1177 1007 1320 1079 quod
1337 1005 1472 1062 satis
1493 1013 1643 1062 esset
1659 1003 1843 1060 viatici
1868 1001 1937 1058 ad

363 1109 639 1171 sumptus,
667 1099 972 1156 dimisimus
999 1115 1123 1156 eum
1148 1101 1367 1156 domum
1401 1099 1700 1157 discedere.

428 1276 587 1334 CLX.
632 1278 757 1336 llaec
778 1289 906 1336 sunt
941 1281 1122 1352 magni
1154 1279 1330 1338 Patris
1363 1279 1635 1352 Eulhymli
1667 1292 1837 1349 pauca
1871 1278 1940 1334 de

362 1369 696 1439 multis,quae
722 1371 822 1441 ipsi
851 1373 1108 1441 vidimus,
1141 1381 1196 1429 et
1237 1387 1355 1444 qua:
1401 1371 1678 1428 auditione
1721 1369 1939 1441 accepi-

363 1474 518 1528 mus;
555 1471 612 1517 ut
645 1477 746 1519 nec
776 1463 876 1520 viri
913 1465 1019 1521 vita
1050 1480 1214 1538 quam
1241 1466 1353 1539 egit
1386 1466 1440 1521 in
1473 1479 1660 1530 carne,
1692 1477 1794 1518 nec
1817 1477 1940 1532 qua:

364 1562 486 1621 post
511 1565 740 1610 mortem
773 1557 920 1614 edita
955 1567 1078 1614 sunt
1107 1558 1178 1614 ab
1205 1571 1272 1614 eo
1310 1558 1594 1624 miracula,
1618 1557 1800 1628 ignota
1829 1555 1941 1612 sint

363 1647 616 1715 potitet-is.
647 1646 1092 1720 Quandoquidem
1123 1659 1178 1707 et
1205 1657 1438 1720 utraque
1464 1650 1607 1705 inter
1646 1663 1706 1704 se
1736 1659 1938 1703 conve-

365 1738 541 1802 niunt,
582 1749 638 1795 et
675 1741 813 1798 bene
849 1745 1140 1801 admodum
1185 1744 1345 1801 simul
1391 1746 1690 1800 cohaerent.
1746 1739 1938 1812 Neque

363 1830 506 1884 enim
535 1832 755 1890 alterius
784 1837 894 1891 sint
931 1838 1056 1893 talia
1087 1845 1205 1909 post
1234 1845 1463 1894 mortem
1500 1843 1641 1903 acta,
1684 1834 1786 1890 nisi
1819 1833 1937 1903 ejus

364 1922 536 1978 solius
558 1926 648 1995 qui
677 1927 940 1994 ejusmodi
976 1929 1140 1984 vitam
1173 1931 1477 1986 ostenderit
1509 1945 1674 2000 super
1704 1938 1940 1992 terram;

367 2031 542 2086 neque
580 2017 715 2073 alius
768 2021 928 2074 talem
969 2021 1135 2076 vitam
1178 2022 1398 2092 egisset,
1444 2021 1546 2076 nisi
1601 2022 1645 2076 is
1687 2021 1778 2089 qui
1823 2027 1943 2090 post

367 2117 595 2164 mortem
645 2110 952 2168 istiusmodi
992 2115 1187 2169 claruit
1220 2114 1518 2169 miraculis.
1561 2111 1674 2182 Ego
1721 2112 1941 2182 quippe,

367 2200 456 2268 qui
482 2200 597 2269 ipse
617 2203 781 2256 etiam
806 2219 923 2258 sum
951 2205 1018 2260 ab
1045 2221 1110 2261 eo
1135 2205 1329 2260 multas
1357 2213 1686 2260 consecutus
1711 2205 1941 2275 gratias,

367 2305 619 2363 sa'peque
639 2302 748 2349 tum
773 2310 1001 2367 corpore
1025 2309 1136 2354 tum
1166 2301 1348 2353 anima
1381 2297 1616 2366 adjutus,
1647 2314 1768 2352 cum
1792 2297 1946 2351 vide-

371 2399 484 2437 rem
526 2384 642 2451 ejus
681 2387 892 2442 thecam
929 2391 1144 2446 assidue
1181 2391 1365 2446 multis
1394 2400 1606 2446 scatere
1642 2388 1945 2452 miraculis,

374 2477 614 2532 mirabar
644 2495 864 2550 semper
895 2483 1036 2551 apud
1070 2498 1186 2549 me,
1223 2492 1278 2538 et
1313 2483 1619 2555 cogitabam
1648 2499 1758 2552 quo
1785 2481 1947 2537 modo

370 2566 436 2619 ad
459 2565 627 2623 Deum
659 2579 862 2626 tantam
884 2585 1167 2630 assecutus
1197 2575 1271 2630 sit
1299 2576 1574 2630 ﬁduciam.
1609 2577 1783 2644 Atque
1815 2575 1950 2645 ani:-

341 2674 519 2713 ~mum
553 2675 730 2717 meum
776 2665 1039 2721 incitabat
1071 2668 1341 2737 quoddam
1367 2668 1720 2732 desiderium,
1763 2675 1821 2722 ut
1855 2682 1949 2722 ac-

373 2761 561 2809 curate
595 2756 816 2824 scirem,
855 2775 1102 2829 quaanam
1133 2764 1433 2818 exstitisset
1465 2763 1698 2817 hominis
1726 2761 1860 2824 vita,
1898 2768 1954 2813 et

372 2846 549 2913 qualis
580 2849 647 2903 ad
685 2851 935 2908 virtutem
969 2855 1311 2920 exercitatio,
1341 2865 1397 2910 et
1424 2855 1694 2911 undenam
1729 2863 1874 2909 tanta
1901 2853 1951 2907 ei

373 2952 496 2993 cum
527 2939 638 2997 Ι)ςο
667 2941 1015 3001 familiaritas
1049 2955 1103 3001 et
1134 2947 1488 3018 conjunctio.‘

448 3207 631 3262 CLXI.
663 3209 848 3278 Itaque
877 3225 998 3265 cum
1033 3209 1343 3267 incidissem
1378 3211 1428 3266 in
1463 3209 1660 3266 multos
1689 3225 1757 3266 ex
1790 3208 1951 3278 hujus

377 3303 544 3356 eremi
570 3303 849 3371 Patribus,
878 3308 969 3375 qui
997 3305 1196 3374 partim
1231 3315 1377 3362 recte
1407 3305 1690 3361 audierant
1723 3319 1810 3360 res
1840 3305 1952 3358 Eu-

379 3394 593 3463 tbymii,
627 3397 826 3465 partim
870 3405 925 3452 et
960 3409 1082 3452 cum
1120 3398 1235 3468 ipso
1263 3399 1426 3455 beato
1456 3399 1598 3454 Saba
1641 3396 1952 3453 conversati

377 3489 631 3555 fuerant;
674 3503 1032 3563 quaecumque
1076 3505 1266 3546 eorum
1304 3492 1677 3562 unusquisque
1707 3491 1837 3546 mihi
1882 3491 1948 3545 de

377 3581 586 3637 utroi'is
646 3581 862 3638 illorum
904 3585 1168 3650 narravit,
1211 3585 1394 3638 omnia
1444 3584 1662 3654 quidem
1702 3593 1956 3638 accurate

377 3672 698 3741 conscripsi,
730 3683 968 3729 attamen
997 3674 1222 3730 confuse
1251 3682 1304 3731 et
1333 3676 1663 3732 inordinate.
1685 3674 1958 3746 Tempore

379 3778 424 3814 ν.
449 3779 507 3818 ro
519 3765 1026 3836 consequente(95),
1046 3767 1382 3822 mcumenica
1394 3779 1579 3823 sancta
1593 3767 1778 3838 quinta
1798 3781 1960 3838 syno-

379 3856 446 3907 do
457 3853 918 3925 Constantinopoli
935 3866 1276 3927 congregata,
1295 3863 1450 3927 etper
1461 3871 1579 3913 eam
1596 3854 1959 3927 0rigenis(96)

381 3945 721 4017 Nestoriique
742 3948 1081 4018 dogmatibus
1103 3949 1450 4005 anathemate
1475 3950 1768 4020 percussis,
1804 3965 1958 4003 cum-

381 4054 485 4106 que
513 4041 599 4108 qui
620 4055 811 4096 novam
827 4041 1029 4096 lauram
1049 4041 1159 4114 (97)
1187 4051 1468 4098 tenuerant
1489 4043 1805 4114 Origenistm
1825 4040 1960 4111 (98),

385 4133 533 4188 illinc
571 4143 754 4187 essent
779 4135 1011 4204 expulsi,
1040 4151 1337 4207 rursusque
1388 4137 1440 4191 in
1469 4151 1590 4190 eam
1629 4136 1959 4204 migrassent

385 4223 568 4277 lilcles
586 4223 942 4280 et'orthodoxi
966 4225 1173 4292 Patres,
1198 4242 1298 4297 ego
1331 4227 1596 4299 permissu
1618 4227 1954 4282 admirabilis

384 4317 613 4372 solitarii
652 4316 898 4386 Joannis,
926 4320 1164 4390 episc0pi
1186 4319 1322 4392 (99),
1373 4322 1614 4390 inquam,
1665 4319 1883 4375 discedo
1929 4335 1957 4372 a

383 4411 650 4479 coenobio,
688 4423 741 4467 et
774 4414 883 4482 ipse
919 4416 1082 4469 etiam
1117 4431 1305 4471 versor
1330 4417 1395 4478 .in
1434 4416 1536 4470 hac
1578 4413 1747 4468 laura.
1791 4412 1963 4468 Porro

2040 542 2443 612 πεπεδημένον,
2495 543 2589 596 καὶ⁵
2637 541 2771 612 μηδὲ
2822 539 3053 594 κινεῖθαι
3092 539 3228 610 μηδὲ
3262 539 3439 609 βραχὺ
3469 537 3633 590 δυνά.-

2044 651 2223 705 μενον.
2257 635 2506 705 Ἐδέσμει
2530 633 2636 706 γὰρ
2663 633 2852 703 ὥσπερ
2881 633 2972 686 τὸν
3003 632 3280 702 κλέψαντα
3309 631 3369 684 τὸ
3398 629 3629 694 κλαπὲν,

2041 727 2136 780 καὶ
2179 726 2495 796 περιμένειν
2531 724 2708 778 ἐποίει
2740 724 2865 788 τοὺς
2905 722 3005 794 τὴν
3034 723 3243 792 κλοπὴν
3296 721 3632 792 ὑπομείναν-

2040 835 2162 880 τας.
2217 817 2520 889 Ἐκπληξις
2543 817 2817 886 κατέσχεν
2855 817 2950 869 ἐπὶ
2975 815 3189 878 τούτοις
3231 814 3438 876 πάντας
3459 814 3628 885 ἡμᾶς,

2042 911 2137 966 καὶ
2177 911 2269 965 τὸν
2311 911 2458 964 ὅσιον
2483 909 2586 978 τῆς
2617 909 2819 979 πολλῆς
2848 909 3052 980 ταύτης
3078 907 3362 978 δυνάμεως
3384 905 3633 976 ἐθαυμά-

2044 1019 2239 1073 σαμεν.
2291 1003 2405 1072 Τὴν
2455 998 2548 1056 οὖν
2600 1001 2752 1072 ἱερὰν
2805 1000 2985 1073 χώνην
3039 999 3323 1066 λαϐόντες,
3384 998 3481 1051 καὶ
3535 998 3631 1051 τὸν

2043 1093 2214 1168 ἄνδρα
2244 1095 2264 1166 (
2298 1095 2468 1165 πένης
2513 1095 2624 1166 γὰρ
2665 1090 2776 1166 ἦν)
2819 1093 3090 1157 δαπάναις
3144 1088 3511 1154 ίκανώσαντες
3539 1091 3635 1142 ιν·

2041 1188 2227 1252 οδίοις,
2263 1185 2448 1242 οἶκαδε
2484 1187 2805 1258 μεθήκαμεν
2832 1184 3110 1241 ἀπελθεῖν.

2113 1281 2234 1335 ΡΞν.
2287 1280 2472 1334 Ταῦτα
2493 1278 2589 1334 τοῦ
2621 1279 2894 1350 Εὐθυμίου
2924 1277 3017 1331 τοῦ
3050 1275 3289 1348 μεγάλου
3322 1273 3536 1342 Πατρός
3565 1284 3636 1326 εκ

2043 1373 2256 1428 πολλῶν
2307 1373 2486 1442 ὀλίγα,
2535 1365 2613 1428 ὧν
2641 1388 2703 1426 τε
2732 1372 2888 1426 αὐτοὶ
2938 1369 3176 1440 εἴδομεν,
3231 1368 3326 1422 καὶ
3378 1361 3454 1421 ὧν
3493 1367 3631 1436 ἀκοῇ

2045 1465 2466 1538 παρειλήφαμεν
2492 1480 2509 1497 ·
2561 1463 2638 1527 ὡς
2686 1464 2824 1534 μήτε
2865 1463 2964 1533 τὴν
3008 1465 3066 1516 ὲν
3105 1461 3270 1532 σαρκὶ
3302 1459 3397 1514 τοῦ
3440 1459 3634 1531 ἀνδρὸς

2045 1559 2341 1624 πολιτείαν,
2377 1559 2514 1630 μήτε
2555 1557 2626 1610 τὰ
2659 1557 2799 1626 μετὰ
2832 1556 3090 1625 τελευτὴν
3147 1555 3242 1609 ὑπ’
3284 1553 3452 1609 αὑτοῦ
3501 1551 3638 1604 θαυ-

2048 1649 2526 1724 ματουργηθέντα,
2585 1651 2700 1712 τοῖς
2759 1647 2879 1718 μεθ’
2940 1648 3091 1719 ἡμᾶς
3153 1647 3410 1714 ἄγνωστα
3467 1639 3635 1696 εἶναι.

2059 1745 2212 1799 Ἐπεὶ
2238 1743 2332 1799 καὶ
2368 1741 2661 1813 συμϐαίνει
2691 1739 2943 1811 ἀλλήλοις
2971 1741 3230 1810 ἑκάτερα,
3261 1739 3354 1792 καὶ
3385 1736 3635 1806 ἀλλήλων

2045 1837 2229 1910 ἔχεται
2277 1837 2398 1890 λίαν
2441 1835 2632 1906 ἡδέως.
2700 1833 2839 1887 Οὔτε
2893 1832 3003 1904 γὰρ
3053 1832 3240 1900 ἐτέρου
3291 1828 3519 1884 τοιαῦτα
3564 1831 3636 1881 τὰ

2050 1931 2187 2003 μετὰ
2217 1929 2496 1998 τελευτὴν,
2529 1928 2610 1980 ὅτι
2641 1927 2716 1997 μὴ
2753 1925 2915 1995 μόνου
2946 1923 3038 1978 τοῦ
3073 1924 3170 1978 καὶ
3203 1921 3483 1976 πολιτείαν
3523 1937 3639 1973 τοι⁴

2047 2025 2218 2096 αύτην
2248 2025 2340 2078 ἐπὶ
2370 2025 2475 2093 γῆς
2517 2019 2927 2089 ἐπιδειξαμένου
2955 2035 2970 2050 ο
3026 2017 3151 2070 οὔτε
3190 2017 3303 2088 βίον
3356 2014 3638 2087 μετελθεῖν

2047 2115 2286 2169 τοιοῦτον
2344 2115 2554 2184 ἕτερος.
2592 2113 2674 2166 δτι
2717 2120 2756 2147 ¹¹¹
2793 2113 2950 2181 μόνος
2998 2111 3026 2162 ὁ
3077 2108 3308 2162 τοιοῖσδε
3347 2108 3440 2160 καὶ
3496 2105 3640 2174 μετᾶ

2047 2206 2303 2277 τελευτὴν
2347 2206 2533 2276 κομῶν
2569 2203 2864 2274 θαύμασιν.
2933 2200 3074 2269 Ἐγὼ
3127 2201 3237 2270 γὰρ
3287 2197 3495 2252 πολλῶν
3538 2198 3639 2265 μὲν

2047 2299 2257 2352 ἐκείνου
2307 2298 2400 2350 καὶ
2438 2295 2601 2356 αὐτὸς
2653 2293 2970 2355 ἀπολαύσας
3011 2291 3271 2362 χαρίτων,
3327 2290 3419 2342 καὶ
3476 2287 3641 2355 σῶμα

2052 2389 2313 2452 πολλάκις
2354 2388 2447 2442 ὑπ’
2486 2386 2652 2440 αὐτοῦ
2707 2387 2800 2438 καὶ
2849 2383 3026 2454 ψυχὴν
3066 2378 3123 2435 εὖ
3161 2380 3461 2444 πεπονθὼς,
3510 2378 3643 2430 πολ-

2048 2483 2170 2546 λαῖς
2203 2482 2260 2535 δὲ
2314 2482 2408 2535 καὶ
2459 2481 2558 2550 τὴν
2615 2479 2780 2533 αὐτοῦ
2831 2477 3007 2548 Θήκην
3057 2475 3328 2546 βρύουσαν
3376 2473 3640 2526 ἑκάστοτε

2052 2573 2522 2645 θαυματουργίαις
2547 2571 2709 2642 όρῶν,
2751 2567 3061 2639 ἐθαύμαζόν
3097 2585 3155 2620 τε
3200 2566 3287 2620 ἀεὶ
3316 2565 3434 2618 κατ’
3466 2567 3645 2633 ἐμαυ-

2055 2669 2167 2734 τὸν,
2201 2667 2294 2722 καὶ
2316 2668 2464 2730 ὅπως
2495 2665 2602 2730 ἄρα
2632 2663 2964 2735 τηλικαύτης
2995 2661 3152 2731 ἔτυχε
3195 2660 3345 2730 παρὰ
3374 2658 3495 2726 Θεῷ
3535 2657 3644 2723 τῆς

2055 2761 2391 2831 παρρησίας,
2425 2755 2767 2824 διενοούμην.
2807 2754 2912 2806 Καί
2957 2754 3058 2824 μού
3100 2771 3184 2814 τις
3229 2751 3488 2819 ἐπιθυμία
3539 2749 3642 2818 τὴν

2053 2853 2231 2923 Φυλὴν
2261 2851 2613 2920 ὑπηρέθιζεν,
2650 2849 2792 2902 ὥστε
2827 2848 3018 2919 μαθεῖν
3045 2843 3312 2914 ἁκριὸὡς,
3353 2842 3436 2903 τίς
3476 2842 3505 2893 ὁ
3543 2842 3642 2892 τοῦ

2057 2945 2249 3014 ἀνδρὸς
2301 2943 2433 3014 βίος,
2477 2943 2571 2996 καὶ
2615 2943 2746 2996 ποία
2793 2941 2926 3011 πρὸς
2962 2940 3216 3010 ἀρετὴνή
3257 2937 3510 3004 ἄσκησις,
3547 2935 3646 2987 καὶ

2056 3038 2178 3092 ὅθεν
2215 3039 2248 3106 ἡ
2290 3036 2527 3106 τοσαύτη
2584 3034 2764 3098 νεῦσις
2823 3033 2970 3100 αὖτῷ
3025 3032 3162 3102 πρὸς
3223 3031 3313 3082 τὸν
3357 3027 3492 3081 Θεὸν
3544 3029 3645 3080 καὶ

2058 3128 2354 3190 οἰκείωσις.

2127 3219 2292 3272 ΡΞΛ’.
2357 3217 2579 3278 Πολλοῖς
2637 3217 2735 3286 μὲν
2787 3211 2880 3270 οὖν
2944 3216 3051 3267 τῶν
3110 3213 3252 3268 κατὰ
3306 3213 3404 3282 τὴν
3432 3209 3649 3281 ἔρημον

2055 3311 2262 3381 ταύτην
2299 3309 2556 3380 Πατέρων
2608 3307 2902 3379 ἐπιτυχὼν,
2954 3310 3066 3370 τοῖς
3122 3305 3220 3375 μὲν
3269 3303 3528 3372 ἀσφαλῶς
3577 3303 3648 3356 τὰ

2061 3403 2336 3472 Εὑθυμίου
2368 3402 2655 3468 ἀκηκοόσι,
2701 3403 2813 3464 τοῖς
2845 3401 2902 3453 δὲ
2941 3399 3034 3452 καλ⁸
3066 3397 3214 3468 αύτῷ
3242 3396 3320 3466 τῷ
3361 3396 3648 3466 μακαρίτῃ

2057 3497 2210 3566 Σάὅα
2245 3494 2651 3563 συγγεγονὸσιν·
2703 3494 2804 3545 ὅσα
2858 3509 2947 3562 μοι
2981 3491 3188 3544 τούτων
3235 3489 3470 3550 ἕκαστος
3514 3489 3650 3558 περὶ

2059 3589 2324 3660 ὁποτέρου
2365 3589 2431 3642 ἂν
2453 3589 2656 3658 ἀμφοῖν
2685 3587 3010 3656 διηγήσατο,
3061 3585 3238 3638 πάντα
3272 3583 3374 3653 μὲν
3407 3584 3651 3652 ἀνεγρα-

1993 3730 2002 3738 .
2059 3682 2271 3754 ψάμην,
2309 3682 2406 3734 σὺν
2441 3679 2720 3749 ἀκριϐείᾳ,
2780 3677 3202 3748 συγκεχυμένως
3255 3675 3298 3727 δ’
3345 3670 3442 3728 οὖν
3496 3673 3651 3743 ὅμως

2062 3776 2156 3828 καὶ
2185 3773 2560 3835 ἀσυντάκτως.
2596 3771 2789 3841 Χρόνῳ
2823 3771 2876 3823 δὲ
2912 3769 3158 3838 ὕστερον,
3191 3767 3293 3838 τῆς
3335 3769 3653 3835 οίκουμενι-

2063 3867 2163 3937 κῆς
2193 3865 2356 3931 ἁγίας
2399 3864 2660 3933 πέμπτης
2708 3863 2933 3928 συνόδου
2982 3863 3039 3915 ἐν
3074 3860 3651 3915 Κωνσταντινουπόλει

2065 3956 2554 4028 συγκροτηοείσγις,
2603 3956 2696 4007 καὶ
2729 3955 2838 4006 τῶν
2879 3953 3188 4023 Ὠριγένους
3215 3953 3308 4006 καὶ
3347 3951 3651 4022 Νεστορὶου

2061 4049 2344 4120 δογμάτων
2371 4047 2461 4100 ὑπ’
2487 4045 3237 4116 αὑτῆςὰναθεματισθέντων,
3257 4043 3366 4097 τῶν
3391 4061 3451 4096 τε
3476 4060 3654 4096 κατα·

2067 4141 2305 4208 σχόντων
2346 4138 2444 4207 τὴν
2491 4138 2618 4191 νέαν
2648 4138 2854 4207 λαύραν
2895 4137 3342 4208 Ὠριγενειαστῶν
3378 4147 3406 4174 ιι
3439 4136 3655 4188 ἐκεῖθεν

2063 4230 2468 4296 ἀπελαθέντων,
2523 4231 2614 4284 καὶ
2645 4229 2852 4283 πιστῶν
2885 4231 2965 4292 είς
3014 4230 3184 4296 αὐτὴν
3237 4229 3506 4298 Πατέρων
3553 4229 3655 4281 καὶ

2063 4323 2358 4392 ὀρθοδόξων
2404 4319 2561 4385 αὖθις
2596 4323 3024 4392 μετοικισᾶντων
3061 4331 3085 4355 ο
3115 4338 3128 4352 ο
3176 4321 3489 4392 ἐπιτραπέν
3553 4339 3653 4392 μοι

2066 4415 2220 4486 παρὰ
2273 4415 2366 4468 τοῦ
2435 4413 2752 4484 Θαυμαστοῦ
2817 4404 3128 4483 ήσυχαστοῦ
3199 4414 3447 4467 Ἰωάννου
3479 4454 3493 4480 ,
3554 4414 3656 4468 τοῦ

385 4515 665 4575 postquam
694 4507 760 4562 ad
790 4523 908 4563 eam
950 4510 1288 4578 transissem,
1322 4519 1574 4580 paternas
1613 4509 1825 4564 litteras
1876 4523 1948 4562 se-

2068 4507 2390 4572 ἐπισκόπου,
2421 4508 2600 4578 φημὶ,
2637 4507 2857 4577 ἀπαίρω
2903 4506 3002 4560 τοῦ
3039 4507 3331 4572 κοινοόίου,
3381 4508 3479 4561 καὶ
3523 4509 3658 4578 τῇδε

383 4611 564 4666 cutus,
599 4616 719 4670 quae
747 4603 1102 4658 hortabantur
1123 4620 1228 4671 me,
1272 4614 1331 4659 ut
1359 4618 1741 4673 componerem
1790 4601 1959 4655 histo-

388 4692 522 4745 riam
573 4692 850 4748 beatorum
914 4693 1189 4766 Euthymii
1252 4704 1307 4750 et
1360 4695 1536 4758 Sabze,
1573 4695 1707 4750 duos
1739 4694 1956 4763 quidem

386 4794 558 4835 annos
584 4780 837 4853 deinceps
872 4785 1156 4840 continuos
1192 4784 1370 4854 quievi
1410 4785 1461 4838 iu
1508 4784 1683 4848 laura,
1723 4791 1777 4837 et
1810 4780 1958 4852 operi

385 4872 774 4931 conscribendo
805 4874 1042 4932 incubui.

458 5151 657 5207 CLXII.
699 5152 831 5208 Cum
877 5164 1057 5211 autem
1102 5155 1364 5210 orationis
1419 5153 1741 5224 principium
1781 5155 1965 5210 facere

2069 4603 2134 4670 τῇ
2176 4597 2352 4670 λαύρα]⁸
2393 4599 2488 4650 καὶ
2522 4597 2684 4659 αὐτὸς
2718 4597 2955 4667 γίνομαι.
2987 4596 3247 4650 Διαὸἁντι
3285 4596 3342 4649 δέ
3393 4614 3484 4666 μοι
3515 4598 3660 4665 πρὸς

2070 4694 2259 4763 αὐτὴν,
2304 4692 2594 4762 γράμμασι
2638 4691 2930 4760 Πατρικοῖς
2980 4689 3318 4754 ἀνατάξαοαι
3376 4689 3478 4762 τὴν
3522 4694 3663 4761 περὶ

2071 4786 2345 4856 Εὐθυμίου
2375 4802 2432 4837 τε
2475 4785 2569 4837 καὶ
2596 4783 2746 4837 Σὰὅα
2773 4783 2883 4834 τῶν
2910 4783 3198 4853 μακαρίων
3237 4783 3482 4852 ἱστορίαν
3516 4800 3662 4851 προ.

2073 4878 2430 4949 τρεπομένοις
2485 4893 2550 4946 με
2600 4873 3101 4944 κατακολουθήσας,
3138 4873 3231 4926 δύο
3289 4875 3388 4941 μὲν
3432 4873 3492 4925 τὸ
3523 4874 3662 4941 ἑξῆς

2069 4972 2345 5025 διετέλεσα
2383 4969 2606 5041 χρόνους
2633 4967 2917 5037 ἡσυχάζων
2949 4968 3004 5020 ὲν
3047 4969 3112 5037 τῇ
3149 4964 3328 5037 λαύρᾳ
3356 4966 3450 5018 καὶ
3489 4982 3664 5036 προσο

2067 5066 2316 5129 κείμενος
2353 5063 2429 5132 τῷ
2463 5062 2831 5132 συντάγματι.

2141 5134 2300 5211 ΡΞΙΫ.
2354 5155 2552 5226 Ἀρχὴν
2606 5154 2662 5206 δὲ.
2688 5153 2781 5207 τοῦ
2809 5151 2970 5220 λόγου
3008 5150 3083 5221 μὴ
3137 5150 3274 5222 ἔχων
3318 5150 3662 5223 ποιήσασθαι

1677 5297 1911 5354 νΑιιιΑῑ
1945 5292 2345 5354 LECTIONES.

459 5424 495 5452 επ
523 5415 594 5468 al.
629 5414 792 5469 inser.
825 5416 920 5486 μή.
1005 5425 1028 5450 τι
1056 5414 1124 5467 al.
1169 5415 1607 5486 Ὠριγενιαστῶν.

1685 5426 1704 5446 °
1726 5416 1795 5470 al.
1833 5418 2304 5487 μετοικησᾶντων.

1643 5530 1832 5587 JOAN.
1863 5530 2204 5588 BOLLANDI
2239 5531 2449 5587 NOT/E

462 5655 574 5718 (935)
604 5657 704 5709 At).
736 5654 836 5709 Ch.
875 5651 999 5706 555.

463 5728 574 5792 (Siti)
611 5727 682 5778 De
701 5742 760 5774 ea
783 5723 1121 5774 damnatione
1153 5721 1302 5790 plura
1332 5721 1470 5774 idem
1497 5721 1548 5774 in
1576 5719 1692 5773 Vita
1713 5718 1954 5792 S.Sah:e.

455 5791 564 5866 (Si?)
604 5799 674 5848 lle
708 5796 1022 5866 laura_m)_\_'n
1053 5801 1347 5866 casti-iiijta,
1373 5795 1596 5866 eiusque
1629 5793 1818 5866 primis
1858 5791 1957 5866 lie-

388 5860 631 5934 gmneiiis
683 5866 788 5934 agit
829 5862 1067 5932 pluribus
1106 5862 1335 5933 Cyrinus
1386 5863 1436 5914 in
1495 5861 1611 5916 Vita
1665 5861 1720 5914 S.
1781 5860 1957 5915 Salue.

2076 5646 2213 5702 Vide.
2246 5647 2657 5716 Prolegomena.
2986 5658 2989 5660 '

2142 5719 2254 5787 (98)
2299 5721 2369 5773 lle
2396 5715 2479 5774 his
2513 5720 2650 5772 idem
2679 5717 2911 5786 Cyrillns
2939 5718 2988 5769 in
3021 5715 3134 5769 Vita
3174 5716 3230 5766 Β.
3267 5715 3441 5783 Saba}.

2143 5786 2253 5860 (99)
2289 5789 2677 5861 l‘lpiscopatum
2712 5788 3092 5844 tlnlonicusem
3150 5787 3200 5840 in
3237 5787 3493 5841 Armenia
3529 5786 3673 5841 reii-

2069 5871 2282 5930 qucrat.
