3846 6522
162 388 273 453 m.

1408 384 1588 443 VITA
1625 384 1683 443 S.
1728 384 2140 448 EUTHYMII.

3303 378 3427 443 734‘

159 495 255 552 οἷον
306 492 440 564 μηδὲ
480 489 700 563 παιδείᾳ
744 492 813 563 τῇ
870 489 1103 560 θύραθεν
1159 490 1409 561 ἐντριϐὴς
1442 490 1584 561 ὢν),
1617 490 1717 544 οὐκ

1827 507 1929 547 non
1964 508 2216 563 possem,
2261 501 2321 546 ut
2364 490 2457 564 qui
2508 504 2618 546 non
2653 491 2756 546 sim
2802 490 2857 544 'ru
2893 497 3118 544 externa
3160 498 3409 543 versatus

159 594 293 656 ανιην
319 582 595 654 δακρύων,
628 583 725 637 καὶ
753 583 937 654 δεήσει
969 581 1284 654 θερμοτάτῃ
1317 582 1415 635 καὶ⁵
1438 586 1716 655 προσευχῇ

159 676 437 749 χρώμενος.
464 674 609 745 Ἤδη
639 673 696 726 δέ
728 690 813 735 τις
845 673 939 725 καὶ
967 671 1147 725 ἔννοιά
1176 688 1244 740 με
1278 670 1720 743 εἰσῄει,ἀποσχέ-

158 773 265 824 σθαι
282 769 373 823 τοῦ
405 766 834 839 ἐγχειρήματος,
867 763 1140 835 ἐργώδους
1175 763 1319 818 οὕτω
1347 765 1443 817 καὶ
1470 762 1719 834 μείζονος

157 862 289 923 ὄντος
322 858 358 930 ἢ
399 858 526 914 καθ’
561 859 732 929 ἡμᾶς.
775 856 915 911 Ποτὲ
946 855 1080 926 γοῦν
1103 855 1276 919 οῦτως
1302 855 1715 927 ἀμηχανοῦντα,

160 950 238 1005 καὶ
266 952 332 1023 τῇ
363 947 584 1021 συνήθει
611 944 1118 1020 προσκαθεζόμενον
1139 945 1396 1016 καθέδρᾳ,
1423 945 1554 1008 τοὺς
1584 945 1721 1018 χάρ-

158 1060 244 1107 τας
293 1059 354 1096 τε
400 1040 491 1096 διὰ
541 1040 722 1112 χειρὸς
758 1039 972 1112 ἔχοντα,
1023 1040 1117 1095 καὶ
1168 1038 1441 1102 ἀλύοντα,
1483 1039 1720 1108 περίπου

158 1133 398 1205 δευτέραν
427 1133 527 1204 τῆς
560 1135 774 1206 ἡμέρας
799 1132 970 1202 ὥραν,
1007 1132 1174 1198 ῦπνος
1201 1133 1370 1205 αἱρεῖ.
1392 1133 1502 1188 Καὶ
1541 1148 1740 1204 παρα--

160 1228 334 1298 χρῆμα
380 1228 409 1282 δ
459 1244 521 1280 τε
559 1228 740 1297 μέγας
791 1225 1067 1296 Eaedem;
1120 1226 1216 1281 και
1266 1225 1446 1290 Σάϐας
1502 1227 1531 1280 δ
1576 1224 1721 1290 θεῖος

158 1318 520 1387 ἐπιφαίνονται
543 1335 655 1388 μοι,
692 1319 761 1374 τὰ
795 1317 1003 1392 συνήθη
1050 1318 1416 1388 ἐνδεδυμένοι.
1475 1317 1721 1373 Ἀκούειν

156 1428 209 1464 τε
255 1408 657 1480 διαλεγομένων
707 1410 890 1465 αὐτῶν
940 1410 1195 1464 ἐδόκουν·
1245 1408 1395 1464 Σάϐα
1428 1409 1525 1465 τοῦ
1566 1410 1723 1466 σεϐαο

158 1500 349 1568 σμίου,
409 1498 626 1571 πρώτου
676 1500 941 1572 ἄρξαντος
993 1500 1246 1571 ὁμιλίας·
1290 1500 1385 1554 καὶ
1424 1501 1535 1558 ίδοὺ
1582 1501 1721 1574 πρὸς

154 1589 234 1640 τον
280 1590 455 1658 μέγαν
486 1588 787 1661 Εὑθύμιον,
841 1591 872 1644 ὁ
927 1589 1194 1662 Κύριλλός
1239 1608 1358 1657 σου,
1409 1594 1718 1665 εἰρηκότος,

153 1679 265 1742 τοὺς
310 1679 519 1750 χάρτας
551 1679 651 1751 μὲν
686 1680 775 1735 διὰ
805 1682 987 1754 χειρὸς
1030 1681 1142 1753 ἔχει
1168 1686 1294 1747 τοὺς
1325 1682 1435 1738 τῶν
1467 1685 1721 1757 ὑπομνη-

158 1771 329 1840 μάτων
359 1812 374 1836 ,
434 1771 672 1841 σπουδὴν
716 1772 775 1827 δὲ
828 1774 924 1827 καὶ
983 1774 1146 1830 πόνον
1195 1775 1322 1829 ὅσον
1363 1775 1717 1846 εἰσενεγκὼν,

1825 584 2151 649 eruditione,
2178 598 2283 637 non
2309 582 2589 637 cessabam
2618 580 2930 651 lacrymari,
2951 580 3140 651 utique
3157 579 3410 649 precibus

1824 686 1878 732 et
1901 676 2242 731 orationibus
2279 672 2702 730 ardentissimis.
2734 670 2853 728 Jam
2894 687 3024 728 vero
3051 681 3107 727 et
3136 687 3223 728 me
3263 669 3412 740 ejus~

1827 769 1969 824 modi
2000 768 2245 822 subierat
2271 766 2550 836 cogitatio,
2580 764 2847 823 desistere
2880 779 2911 821 a
2937 774 3117 836 empto
3136 765 3273 821 adeo
3300 764 3408 820 dif-

1828 858 1979 927 ﬁcili,
2009 867 2063 914 et
2093 857 2239 914 vires
2280 865 2495 913 nostras
2529 856 2848 913 excedente.
2893 856 3200 927 Aliquando
3245 856 3411 927 igitur

1827 968 1915 1010 me
1952 953 2024 1008 ita
2056 950 2396 1025 perplexum,
2436 958 2493 1007 et
2520 949 2575 1005 in
2612 948 2771 1005 solita
2816 950 3078 1007 cathedra
3107 950 3409 1019 sedentem,

1825 1044 2229 1115 habentemque
2278 1041 2505 1100 chartas
2544 1041 2600 1099 in
2651 1056 2837 1107 manu,
2880 1048 2938 1097 et
2987 1056 3113 1098 cum
3170 1054 3411 1101 marore

1824 1135 2266 1207 cogitabundum,
2310 1149 2539 1191 somnus
2575 1134 2858 1206 opprimit,
2901 1133 3052 1189 circa
3100 1133 3403 1189 secundam

1826 1231 2016 1286 horam
2040 1228 2168 1285 diei.
2193 1226 2262 1284 Et
2282 1227 2466 1285 statim
2496 1240 2723 1297 magnus
2741 1223 3062 1296 Euthymius
3088 1223 3410 1294 divinusquc

1826 1320 1999 1378 Sabas
2017 1319 2147 1376 mihi
2164 1328 2426 1391 apparent
2447 1317 2605 1390 (99⁵),
2623 1315 2804 1372 vestiti
2821 1316 2894 1371 ita
2913 1324 2973 1371 ut
2985 1322 3408 1372 consueverant.

1822 1416 2002 1486 Atque
2039 1413 2173 1469 mihi
2210 1412 2435 1469 videbar
2474 1410 2666 1466 audire
2712 1422 2811 1466 eos
2846 1409 3202 1474 disserentes.
3244 1422 3412 1464 vene-

1824 1510 1996 1565 rando
2026 1505 2168 1563 Salia
2198 1504 2711 1576 primoincipiente
2746 1516 3081 1569 sermonem,
3103 1515 3170 1557 ac
3193 1500 3411 1556 dicente

1823 1602 1894 1658 ad
1916 1614 2167 1673 magnum
2202 1597 2590 1670 Euthymium:
2620 1593 2760 1652 Ecce
2788 1593 3027 1665 Cyrillus
3063 1603 3210 1659 tuus,
3241 1607 3405 1648 manu

1822 1688 2041 1763 quidem
2061 1697 2211 1747 tenet
2241 1687 2490 1745 chartam
2508 1686 3066 1753 commentariorum;
3088 1684 3184 1740 sed
3210 1697 3409 1754 magno

1823 1782 2070 1839 adhibito
2096 1781 2277 1836 studio
2315 1788 2370 1835 et
2408 1780 2619 1843 labore,
2665 1779 2909 1835 nondum
2954 1776 3127 1849 potuit
3171 1776 3408 1833 orationi

152 1861 289 1916 οὔπω
314 1862 438 1916 οὐδὲ
460 1863 561 1930 τὴν
577 1864 755 1935 ἀρχὴν
800 1865 1160 1938 ἐπιθεῖναιτῷ
1180 1867 1325 1941 λόγῳ
1352 1868 1594 1941 ἴσχυσεν.
1615 1869 1723 1924 Τοῦ

1830 1891 1899 1933 ne
1937 1874 2264 1947 principium
2309 1872 2527 1944 quidem
2573 1874 2873 1944 imponere.
2908 1870 3155 1941 Cumque
3192 1870 3282 1925 ille
3320 1883 3410 1926 re-

152 1952 220 2016 ει,
271 1955 369 2007 καὶ
402 1954 514 2018 πῶς
546 1955 613 2009 ἂν
639 1956 1004 2030 ἀδυνατὸςείἠ
1052 1959 1222 2013 ταῦτα
1252 1963 1449 2028 ποιεῖν,
1503 1963 1665 2016 πάλιν
1696 1973 1724 2013 P

153 2047 413 2113 εἰπόντος,
463 2047 540 2120 μὴ
576 2051 677 2119 τῆς
723 2049 939 2103 ἄνωθεν,
972 2052 1121 2123 αὐτῷ
1148 2054 1372 2125 χάριτος
1412 2055 1725 2125 συνεφαψα-

156 2140 309 2213 μένης
331 2180 349 2205 ,
376 2145 404 2196 ὀ
436 2141 579 2203 θεῖος
606 2141 806 2207 Σάϐας,
836 2142 999 2198 Ἀλλὰ
1029 2146 1093 2199 σὺ
1117 2147 1205 2210 δὸς
1236 2147 1387 2218 αύτῷ
1420 2146 1519 2219 τὴν
1540 2150 1722 2219 χάριν,

151 2237 261 2306 ἅγιε
292 2235 498 2306 Πάτερ,
526 2234 812 2289 ὑπολαϐὼν
847 2235 972 2307 ἔφη.
1016 2238 1125 2291 Καὶ
1167 2239 1283 2308 ἅμα
1312 2241 1340 2292 ὁ
1372 2238 1515 2303 θεῖος
1553 2240 1726 2294 Εὐθύ-

152 2344 263 2397 μιος
322 2326 671 2382 ὲπινεύσαντι
719 2327 939 2393 ἐοικὼς,
987 2329 1080 2381 καὶ
1133 2330 1233 2400 τὴν
1298 2333 1457 2402 χεῖρα
1512 2332 1593 2395 εἰς
1631 2332 1724 2385 τὸν

152 2420 339 2474 κόλπον
392 2419 602 2486 καθεὶς,
663 2420 1005 2491 ἁλάϐαστρόν
1062 2439 1115 2474 τι
1170 2421 1387 2492 μέλιτος
1445 2422 1725 2495 ἀργυροῦν

151 2514 352 2567 ἐκεῖθεν
409 2511 806 2581 ἀναλαμϐάνει·
843 2506 998 2583 ᾧπερ
1037 2512 1216 2583 μήλην
1247 2514 1525 2584 ἐμϐάψας,
1560 2515 1725 2585 ἐνῆκε

153 2622 245 2673 μου
274 2605 403 2677 τρὶς
444 2607 523 2670 εἰς
568 2604 628 2658 τδ
654 2603 850 2672 στόμα.
900 2604 1006 2658 Τοῦ
1040 2605 1096 2658 δὲ
1144 2606 1253 2675 ἄρα
1302 2606 1362 2657 τὴ
1413 2605 1512 2674 μὲν
1563 2601 1724 2673 εἶδος,

151 2697 301 2767 ἐλαίῳ
338 2695 524 2768 ἐῴκει·
559 2698 592 2767 ἡ
619 2695 807 2765 γεῦσις
845 2697 902 2750 δὲ
954 2695 1022 2767 (ὦ
1051 2697 1158 2751 τῶν
1183 2696 1395 2751 ἐκεῖθεν
1420 2697 1660 2768 χαρίτων
1684 2700 1724 2769 ί)

150 2786 382 2857 ἄρρητός
420 2803 503 2850 τις
542 2785 759 2858 ἀληθῶς
797 2787 893 2840 καὶ
930 2786 1259 2859 ἀπόρρητος·
1298 2788 1500 2857 καὶτῷ
1548 2788 1725 2858 μέλιτι

148 2880 275 2944 ὅλως
332 2880 755 2951 παραϐληθῆναι
807 2880 1014 2951 ταύτην
1047 2920 1063 2945 ,
1125 2879 1283 2951 ὕϐρις
1330 2881 1571 2951 ἀτεχνῶς
1629 2880 1725 2937 τοῦ

150 2975 491 3044 πράγματος.
536 2975 693 3030 Ἐπεὶ
718 2977 811 3030 καὶ
834 2973 1202 3029 διυπνισθέντι
1243 2991 1357 3046 μοι,
1410 2973 1484 3045 τῷ
1534 2976 1727 3048 ἅφάτιρ

148 3067 236 3135 τῆς
283 3067 506 3140 ἡδονῆς,
567 3065 650 3120 ἔτι
697 3066 928 3137 λείψανα
982 3067 1144 3136 τῆσδε
1187 3067 1265 3139 τῷ
1296 3068 1528 3139 στόματι
1574 3087 1728 3143 περι-

152 3161 361 3226 μεῖναι·
406 3159 500 3212 καὶ
541 3157 684 3213 οὕτω
725 3161 1007 3230 περίπλεω
1054 3160 1153 3230 τῆς
1198 3155 1495 3228 θεσπεσίας
1518 3162 1726 3235 ταύτης

1821 1969 2162 2040 spondisset:
2187 1966 2253 2021 Et
2281 1980 2386 2035 quo
2409 1964 2568 2021 modo
2588 1965 2702 2020 haec
2727 1963 2966 2033 potuerit
2994 1962 3196 2031 facere,
3226 1964 3271 2019 si
3299 1977 3403 2018 non

1823 2071 1947 2114 eum
1975 2070 2209 2127 superna
2247 2053 2518 2125 adiuverit
2551 2052 2763 2123 gratia?
2786 2052 3009 2107 Divinus
3046 2052 3219 2105 Satias
3251 2066 3265 2102 :
3300 2049 3409 2105 Sed

1826 2157 1879 2203 tu
1927 2147 1977 2203 ei
2016 2146 2084 2201 tla
2121 2146 2376 2218 gratiam,
2423 2153 2611 2199 sancte
2650 2143 2836 2206 Pater,
2890 2140 3169 2209 excipiens
3210 2140 3409 2209 inquit.

1824 2241 1999 2308 Atque
2042 2236 2205 2292 simul
2250 2235 2466 2291 divinus
2508 2233 2835 2304 Ettthymius
2886 2231 3148 2288 ammenti
3193 2230 3409 2293 similis.

1830 2345 2102 2401 manuque
2151 2328 2207 2384 iu
2238 2329 2416 2383 sinum
2460 2327 2727 2392 immissa,
2762 2333 3078 2398 argenteum
3120 2324 3410 2396 quemdam

1827 2425 2004 2481 mellis
2034 2423 2370 2479 alabastrum
2408 2421 2557 2476 illinc
2588 2420 2788 2488 sumit;
2825 2421 2877 2475 in
2917 2436 3026 2491 quo
3060 2434 3182 2475 cum
3218 2416 3413 2486 specil-

1827 2517 1935 2573 lum
1965 2516 2302 2580 intinxisset,
2333 2524 2413 2569 ter
2435 2529 2613 2568 meum
2640 2514 2692 2567 in
2712 2513 3036 2569 osimmisit.
3065 2511 3211 2566 lllius
3230 2519 3411 2564 autem

1827 2609 2041 2681 species
2058 2607 2279 2678 quidem
2313 2612 2432 2662 erat
2454 2604 2650 2660 similis
2680 2603 2799 2659 oleo
2821 2620 2836 2670 ;
2859 2612 3048 2674 gustus
3068 2616 3198 2657 vero
3223 2601 3275 2671 (ο
3293 2615 3416 2670 qnxe

1828 2704 1977 2759 illinc
2011 2709 2139 2756 sunt
2179 2699 2430 2773 gratiae!)
2465 2712 2652 2754 revera
2700 2697 2962 2767 explicari
2996 2704 3053 2751 et
3087 2694 3267 2749 verbis
3312 2708 3413 2748 ex-

1829 2795 1989 2866 primi
2026 2809 2129 2849 non
2163 2801 2380 2864 potest;
2412 2805 2647 2862 eumque
2682 2791 2903 2845 omnino
2930 2802 3051 2843 cum
3091 2786 3249 2841 melle
3282 2798 3416 2840 con-

1832 2892 1997 2958 ferre,
2038 2890 2229 2959 ingens
2267 2895 2413 2942 esset
2458 2885 2534 2940 rei
2578 2882 2929 2940 contumelia.
2968 2880 3121 2936 Unde
3150 2878 3282 2934 mihi
3312 2893 3413 2934 ex-

1836 2984 2186 3057 pergefacta,
2233 2989 2457 3051 propter
2525 2976 2854 3033 inell‘abilem
2897 2974 3262 3044 voluptatem,
3294 2970 3414 3041 ejus

1832 3079 2010 3134 adhuc
2033 3078 2085 3132 iu
2116 3092 2212 3132 ore
2238 3079 2618 3131 remanserunt
2646 3071 2885 3142 reliquiae
2909 3087 2925 3124 :
2951 3069 3138 3137 sicque
3166 3065 3414 3136 etptetus

1835 3171 2015 3228 divina
2045 3171 2146 3227 hac
2174 3168 2463 3234 suavitate,
2490 3180 2736 3237 praesens
2763 3178 2901 3235 opus
2925 3161 3174 3217 inchoavi
3201 3175 3218 3226 ;
3247 3158 3410 3212 etiam

148 3251 413 3322 ἡδύτηυος
458 3251 608 3317 ὅντα,
638 3251 733 3306 τοῦ
761 3225 1027 3322 παρόντος
1049 3225 1282 3325 ἄρξαοαί
1313 3271 1381 3323 με
1407 3225 1723 3326 συντάγμοίζ

1836 3263 2098 3332 impulsus
2130 3273 2540 3332 properausque
2578 3257 2644 3313 ad
2677 3254 2965 3314 scribenda
2996 3268 3094 3323 pro
3124 3251 3332 3307 viribus
3358 3249 3412 3302 in

146 3363 203 3399 το
213 3363 251 3410 ς·
286 3347 648 3420 ἐπειγόμενον
673 3346 749 3411 ὡς
767 3342 879 3402 οἶόν
902 3365 962 3401 τε
996 3348 1091 3401 καὶ
1119 3349 1190 3400 τὰ
1211 3348 1352 3403 κατὰ
1384 3350 1475 3402 τὸν
1501 3350 1724 3423 ἄριστον

148 3438 342 3504 Σάϐαν,
396 3439 456 3490 ὲν
507 3437 651 3510 ἄλλῳ
698 3440 1044 3508 συντάγματι
1094 3439 1341 3495 διελθεῖν.
1385 3442 1485 3511 Εἴη
1524 3442 1581 3496 δὲ
1606 3446 1725 3509 ταῖς

146 3530 317 3585 αὐτῶν
352 3530 692 3601 πρεσϐείαις,
731 3533 824 3585 ἐπὶ
850 3532 1029 3586 πολλῶ
1059 3535 1316 3606 χρησίμῳ
1344 3536 1455 3591 τῶν
1501 3539 1726 3593 ἀκουόν-

144 3622 265 3687 τῶν,
295 3625 398 3678 καὶ
436 3623 676 3695 ὠψελείᾳ
701 3641 718 3655 ·
753 3627 834 3689 εἰς
852 3625 1009 3690 δόξαν
1043 3627 1279 3698 Πατρὸς,
1304 3629 1399 3682 καί
1433 3629 1588 3697 Υἰοῦ,
1632 3631 1726 3686 καὶ

147 3716 291 3783 ἁγίου
326 3717 672 3787 Πνεύματος,
705 3718 806 3787 τῆς
851 3721 980 3787 μιᾶς
1013 3719 1111 3772 καί⁵
1135 3719 1443 3791 ἁχωρίστου
1473 3723 1724 3793 Τριάδος·

144 3801 409 3879 ᾖπρέπει
459 3808 607 3875 δόξα,
658 3811 792 3880 τιμὴ
823 3813 920 3865 καὶ
966 3811 1357 3884 προσκύνησις,
1389 3814 1485 3870 νῦν
1510 3817 1604 3870 καὶ
1641 3817 1730 3871 ἀεὶ

144 3902 231 3955 καὶ
266 3904 353 3967 εἰς
380 3903 507 3967 τοὺς
533 3902 738 3968 αἰῶνας
769 3903 877 3959 τῶν
909 3902 1143 3960 αἰώνων.
1222 3906 1415 3978 Ἀμήν.

1835 3357 1942 3411 alio
1974 3371 2141 3425 Opere
2176 3363 2329 3424 gesta
2359 3349 2798 3422 praestantissimi
2832 3348 3010 3404 Saliae.
3050 3347 3138 3402 Sit
3159 3359 3321 3416 porro
3351 3359 3415 3396 ea

1836 3465 1922 3504 res
1971 3447 2185 3502 illorum
2246 3442 2729 3499 intercessionibus
2777 3439 2847 3497 ad
2898 3453 3151 3508 magnam
3192 3435 3424 3490 attdieu-v

1836 3543 1969 3597 tium
2000 3540 2322 3607 utilitatem;
2351 3537 2404 3592 in
2424 3537 2652 3608 gloriam
2671 3536 2873 3600 Patris,
2900 3544 2955 3590 et
2986 3531 3131 3597 Filii,
3156 3540 3213 3586 et
3237 3527 3413 3599 Spiri-

1835 3642 1922 3688 tus
1955 3630 2153 3698 sancti,
2190 3630 2351 3685 unius
2390 3639 2444 3685 et
2490 3627 2869 3697 inscparabilis
2904 3623 3219 3689 Trinitatis;
3253 3633 3416 3690 quam

1835 3728 1991 3783 decet
2019 3724 2213 3797 gloria,
2246 3725 2422 3779 honor
2448 3732 2504 3778 et
2542 3719 2814 3787 adoratio,
2860 3732 3003 3775 nunc
3033 3724 3086 3772 et
3115 3726 3333 3783 semper
3360 3718 3418 3764 et

1834 3820 1889 3874 in
1913 3817 2111 3874 saecula
2142 3816 2488 3874 saeculorum.
2526 3814 2718 3869 Amen.

1420 4036 1657 4095 VARle
1706 4039 2123 4098 LECTIONES.

240 4163 265 4209 1
299 4156 355 4211 ai
367 4197 381 4210 .
420 4154 642 4227 μᾶλλον.

204 4367 347 4435 I99“)
381 4369 539 4425 Circa
564 4386 655 4429 at).
683 4370 815 4425 Chr.
842 4367 970 4426 555.

1370 4275 1943 4351 JOAN._BOLLAND1
1990 4274 2226 4336 nom.
