3846 6522
397 360 506 427 ’135

1717 520 1966 535 ..μ-..-

403 529 620 545 pne-.—

1627 353 1916 427 MENSIS
1954 365 2413 430 IANUARIUS.

1977 523 2112 534 ——.-.—

631 513 2138 550 ΞΜ

1587 674 2479 796 ΑΘΛΗΣΙΣ

1111 893 1252 950 ΤΟΥ
1288 893 1493 950 ΔΙἸΟΥ
1533 895 1655 949 ΚΑΙ
1696 895 2010 952 ΕΝΔΟΞΟΥ
2049 893 2427 959 ΜᾹΡΤΥΡΟΣ
2463 899 2603 960 ΤΟΥ
2637 898 2934 962 ΧΡΙΣΤΟΥ

1713 1069 2324 1160 ΒΙΚΕΝΤΙΟΥ

1984 1284 2057 1298 ﬁ

1637 1429 2420 1546 CERTAMEN

1197 1655 1484 1720 SANCTI
1531 1657 1633 1718 ET
1679 1655 2008 1720 INCLYTI
2054 1657 2476 1719 MARTYRIS
2521 1654 2844 1722 CHRISTI

1711 1842 2349 1932 VINCENTII

1609 2035 1816 2114 (Anno
1858 2034 1996 2110 300,
2031 2033 2106 2096 22
2137 2035 2458 2112 Januarii.)
2543 2035 2546 2038 ’

455 2212 653 2281 [Graece
686 2224 817 2264 nunc
839 2211 1052 2274 primum
1075 2208 1241 2275 prodit
1264 2223 1326 2262 ex
1352 2208 1523 2262 codice
1542 2221 1632 2259 ms.
1660 2207 1816 2273 Regio
2251 2209 2430 2273 νοτία,
2453 2226 2504 2261 ιι.
2533 2210 2673 2274 1519,
2701 2214 2871 2264 saculi
2895 2228 2962 2263 xu
2983 2227 2997 2274 ;
3019 2213 3193 2264 Latine
3226 2214 3356 2279 apud
3379 2214 3612 2272 Sittium.

1877 2305 1892 2320 ο.
1945 2291 1991 2323 'l‘.
2157 2311 2168 2321 .

1877 2291 1991 2323 αυιτ.
2021 2291 2168 2323 ιἈτΒ.

1983 2451 2049 2463 ρ...-

469 2584 808 2642 l.Vietoriam
828 2601 989 2657 quam
1018 2585 1396 2642 sanctissimus
1429 2595 1633 2658 martyr
1657 2585 1980 2644 Vincentius

2155 2582 2235 2638 A'.
2280 2585 2490 2642 Ἱκανὸν
2521 2585 2797 2642 καὶτοῦτο
2827 2587 3060 2658 δοκιμῆς
3095 2587 3174 2659 τῷ
3205 2589 3495 2662 ἁγιωτάτῳ
3521 2595 3670 2664 μὰρ-ρ

394 2679 464 2735 de
519 2677 676 2734 boste
727 2679 1048 2749 reportavit,
1083 2679 1320 2734 maxime
1355 2680 1637 2750 probatam
1690 2679 1863 2736 fuisse
1911 2695 1980 2736 ex

396 2775 502 2832 hoc
533 2776 650 2846 ipso
675 2775 899 2848 intelligi
936 2786 1136 2848 potest,
1171 2779 1313 2848 quod
1345 2777 1613 2832 bonorum
1655 2793 1840 2832 rerum
1875 2777 1982 2832 ini-

394 2872 571 2924 micus
607 2869 857 2926 diabolus
883 2886 1072 2926 eorum
1101 2871 1462 2926 certaminum
1512 2886 1633 2941 quae
1659 2878 1863 2942 martyr
1893 2870 1981 2926 ille

393 2959 654 3014 sustinuit
687 2975 751 3015 ac
779 2975 1075 3030 perpessus
1107 2970 1212 3029 est,
1245 2962 1612 3017 venerandam
1660 2962 1979 3018 memoriam

393 3054 612 3108 silentio
643 3053 863 3110 inlerim
896 3057 1234 3111 obruendam
1263 3058 1498 3113 curavit.
1529 3056 1635 3112 Sed
1662 3072 1763 3113 nos
1791 3057 1984 3112 ordine

392 3147 635 3218 singulas
665 3163 775 3212 res,
830 3157 888 3203 ut
943 3156 1110 3220 gestae
1157 3158 1306 3212 sunt,
1361 3150 1415 3204 in
1451 3159 1701 3220 apertum
1737 3151 1983 3222 profere-

393 3254 539 3304 mus,
570 3239 1044 3309 certissimamque
1085 3257 1274 3296 earum
1314 3257 1496 3298 rerum
1539 3243 1698 3299 tidem
1732 3259 1984 3314 sequen-

395 3343 502 3396 tes,
537 3331 848 3388 inviolatam
879 3335 1134 3405 martyris
1167 3335 1598 3404 confessionem,
1645 3347 1701 3392 et
1729 3337 1972 3393 toleran-

392 3437 502 3481 tem
560 3428 955 3493 constantiam,
1016 3444 1191 3498 usque
1245 3428 1314 3483 ad
1365 3439 1670 3484 extremum
1726 3430 1980 3500 spiritum

391 3529 662 3576 servatam
695 3521 968 3592 simulque
1000 3521 1375 3577 incredibilem
1423 3521 1624 3592 iudicis
1665 3521 1978 3577 immanita-

390 3621 500 3668 tem
535 3615 899 3669 narrabimus.

463 3707 530 3762 ll.
569 3707 617 3762 is
674 3724 796 3762 cum
819 3706 1258 3764 Christianorum
1300 3709 1687 3775 vastationem,
1715 3717 1777 3764 ut
1800 3708 1980 3779 quivis

394 3799 556 3864 alius,
589 3800 788 3862 sitiret,
841 3800 894 3853 in
929 3799 1243 3870 Hispaniam
1285 3800 1560 3870 profectus
1597 3810 1702 3867 est,
1747 3810 1806 3856 ut
1838 3801 1981 3856 illius

395 3893 693 3963 provincia
719 3891 1254 3947 administrationem
1302 3902 1536 3961 gereret,
1569 3909 1689 3962 quae
1722 3909 1751 3946 a
1781 3892 1980 3947 [toma-

392 3983 482 4036 nis
507 3983 928 4053 imperatoribus
957 3983 1248 4038 commissa
1287 3983 1338 4038 ei
1389 3982 1585 4038 fuerat.
1635 3983 1768 4038 Erat
1808 3983 1977 4052 judex

393 4073 484 4128 iilc
514 4073 756 4137 Graecus,
793 4075 1021 4138 scelere,
1059 4076 1245 4130 furore
1291 4082 1346 4130 et
1389 4074 1591 4131 diaboli
1621 4076 1978 4146 perversitate

393 4174 620 4236 arteque
657 4167 994 4236 compositus
1028 4177 1084 4222 et
1114 4167 1334 4222 malitiae
1363 4167 1512 4222 illius
1541 4167 1791 4224 minister
1822 4168 1979 4226 valde

393 4259 627 4316 idoneus
669 4278 684 4314 :
727 4257 1025 4314 VOt'aballll‘
1071 4268 1256 4313 autem
1307 4259 1586 4316 Datianus.
1619 4259 1758 4316 Cum
1814 4262 1982 4334 igitur

391 4351 459 4406 ad
499 4351 620 4421 ejus
651 4351 892 4422 regionis
934 4350 1122 4407 urbem
1155 4351 1401 4406 omnium
1452 4352 1683 4424 primam
1714 4355 1977 4422 venisset,

392 4443 478 4498 cui
515 4458 714 4497 nomen
768 4451 886 4498 erat
934 4443 1200 4527 Augusta,
1236 4451 1495 4514 tanquam
1541 4444 1706 4514 lupus
1755 4445 1978 4516 quidam

391 4533 620 4590 vorandi
651 4535 934 4606 sanguinis
962 4534 1191 4590 multum
1223 4544 1510 4606 appetens,
1540 4535 1980 4606 simplicissimas

390 4627 588 4684 Christi
611 4643 742 4684 oves
773 4629 999 4684 adortus
1020 4637 1124 4683 est.
1153 4626 1287 4682 Nam
1317 4626 1416 4684 etsi
1452 4643 1640 4683 earum
1667 4627 1976 4696 sinceritas,

391 4722 698 4776 constantia
729 4729 784 4776 et
815 4720 1044 4776 firmitas
1075 4719 1402 4775 Christianae
1438 4717 1559 4773 ﬁdei
1601 4718 1976 4774 testimonium

393 4815 684 4884 praeberet.
721 4815 790 4869 ab
811 4815 916 4870 illis
942 4822 1124 4870 tamen
1157 4813 1402 4868 furorem
1433 4828 1592 4868 suum
1623 4827 1734 4867 non
1766 4821 1976 4882 tempe-

393 4907 583 4961 rabat:
611 4907 706 4962 sed
733 4921 855 4962 cum
879 4916 1026 4961 esset
1047 4906 1370 4976 sacrilegus,
1395 4915 1448 4958 et
1475 4903 1674 4960 Graecae
1697 4903 1979 4974 supersti-

395 4997 561 5051 tionis
599 4997 1031 5064 amantissimus,
1071 5011 1338 5052 summam
1368 4997 1421 5049 in
1449 4994 1791 5050 Christianos
1825 5011 1979 5050 acer-

390 5089 618 5144 bitatem
637 5091 943 5145 exercebat.
971 5091 1178 5161 Itaque,
1203 5105 1328 5146 cum
1353 5089 1729 5162 magistratum
1747 5089 1977 5156 iniisset,

392 5199 452 5238 se
481 5184 666 5238 omnia
706 5198 772 5239 ea
802 5183 968 5238 animi
995 5185 1266 5240 sententia
1291 5192 1715 5240 consecuturum
1745 5183 1976 5239 arbitra-

392 5277 574 5339 batur,
611 5276 656 5332 si
705 5275 908 5332 furoris
937 5284 994 5331 et
1039 5276 1286 5342 insaniae,
1311 5291 1434 5346 quae
1465 5275 1615 5330 illum
1643 5275 1970 5346 exagitabat,

392 5369 680 5426 tnanifesta
722 5369 917 5426 indicia
952 5369 1267 5426 ostenderet
1302 5385 1316 5422 :
1353 5368 1572 5424 nefariae
1594 5368 1740 5424 enim
1773 5368 1974 5424 crude-

393 5467 562 5523 litatis
591 5475 646 5524 et
683 5467 809 5523 novi
856 5466 1058 5522 furoris
1090 5465 1244 5522 rabie
1295 5463 1719 5521 accendebatur.
1764 5463 1974 5531 Quam-

392 5565 580 5619 obrem
602 5563 685 5618 sui
713 5562 936 5634 spiritus
966 5560 1262 5617 foeditatem
1285 5575 1348 5615 ac
1365 5559 1786 5624 vehementTam,
1811 5575 1973 5630 quam

393 5652 628 5722 primum
657 5651 854 5724 potuit,
883 5649 1165 5706 effundere
1179 5651 1362 5718 coepit,
1393 5649 1680 5720 episcopos
1703 5665 1765 5706 ac
1783 5664 1976 5706 omnes

2083 2697 2210 2750 τυρι
2247 2681 2508 2754 Βικεντίῳ
2541 2685 2622 2748 εἰς
2669 2684 2769 2754 τὴν
2827 2685 2966 2738 κατὰ
3011 2683 3104 2738 τοῦ
3149 2686 3348 2756 ἐχθροῦ
3399 2689 3671 2760 μεγίστην

2083 2773 2264 2844 νίκην,
2303 2773 2363 2828 τὸ
2395 2775 2496 2846 τὴν
2542 2778 2766 2848 μνήμην
2811 2777 2920 2831 τῶν
2959 2778 3187 2846 ἀγώνων
3219 2779 3388 2834 αὑτοῦ
3439 2783 3534 2835 καὶ
3571 2783 3668 2835 τοῦ

2083 2867 2295 2932 πάθους
2316 2867 2379 2921 τὸ
2407 2867 2655 2938 ἀοίδιμον
2687 2868 2944 2937 ἐθελῆσαι
2975 2871 3065 2924 τὸν
3097 2872 3391 2942 μισὸκαλον
3423 2877 3490 2944 τῇ
3532 2891 3660 2929 σιω-

2084 2961 2160 3031 πῇ
2189 2959 2613 3030 ταμιεύσασοαι.
2664 2961 2804 3016 Ἀλλ’
2831 2963 2991 3034 ἡμεῖς
3046 2963 3178 3033 γοῦν
3215 2967 3296 3029 εἰς
3328 2965 3387 3020 τὸ
3417 2967 3671 3036 ἐμφανὲς

2082 3051 2294 3104 ἕκαστα
2325 3051 2469 3106 κατὰ
2503 3051 2659 3120 τάξιν
2711 3054 3026 3126 ἐκδώσομεν
3061 3049 3534 3131 συμπληρεστάξῃ
3571 3062 3668 3115 πί-

2085 3158 2200 3197 στει
2235 3143 2304 3198 τὰ
2331 3143 2518 3199 δίκαια
2547 3145 2660 3200 τῶν
2695 3145 3051 3220 πραχθέντων
3088 3149 3188 3220 τὴν
3215 3151 3494 3222 ἀκήρατον
3531 3153 3672 3224 ὁμου

2083 3239 2272 3309 λογίαν
2325 3243 2470 3314 φημὶ
2528 3243 2593 3317 δὴ
2623 3284 2640 3310 ,
2677 3244 2772 3298 καὶ
2823 3245 2926 3316 τὴν
2979 3246 3174 3317 ἀκλινῆ
3220 3248 3520 3321 καρτερίαν
3569 3250 3668 3304 τοῦ

2086 3337 2365 3408 μάρτυρος
2393 3336 2556 3410 μέχρι
2595 3339 2694 3408 τῆς
2723 3339 3042 3404 τελευταίας
3089 3327 3388 3413 α’ναπνοῆς,
3421 3344 3518 3396 καὶ
3565 3345 3671 3416 τὴν

2082 3429 2293 3500 ἄφατον
2317 3430 2578 3504 ὡμότητα
2609 3431 2704 3486 τοῦ
2739 3433 3020 3490 δικαστοῦ.

2153 3691 2228 3749 Β’.
2264 3693 2445 3764 Διψῶν
2467 3696 2577 3767 γὰρ
2605 3690 2784 3764 οὗτος,
2817 3700 2866 3754 εἰ
2897 3701 2992 3754 καί
3037 3719 3119 3767 τις
3175 3703 3356 3769 ἄλλος,
3407 3708 3510 3778 τὴν
3555 3709 3676 3764 τῶν

2081 3784 2427 3855 Χριστιανῶν
2471 3788 2674 3860 λύμην,
2722 3791 2896 3862 ἐπέϐη
2931 3793 3029 3865 τῆς
3062 3795 3348 3862 Ἱσπανίας
3379 3799 3484 3871 τὴν
3531 3803 3676 3872 ἠγεο

2087 3877 2280 3946 μανίαν
2343 3879 2640 3949 δεξάμενος
2691 3885 2841 3953 παρὰ
2874 3886 2983 3938 τῶν
3029 3889 3334 3959 τηνικαῦτα
3374 3892 3677 3964 Ῥωμαίων

2081 3969 2380 4026 διεπόντων
2411 3973 2712 4043 βασιλείανο
2745 3977 2947 4050 Ἕλλην
2969 3996 3054 4044 τις
3088 3979 3164 4034 ὢν
3195 3983 3414 4052 μιαρὸς,
3440 3988 3536 4040 καὶ
3566 4005 3679 4056 μα-

2083 4063 2199 4128 νίας
2226 4066 2536 4132 ἀνάπλεως,
2568 4069 2663 4123 καὶ
2693 4070 2875 4142 πάσης
2900 4073 2997 4143 τῆς
3023 4074 3118 4128 τοῦ
3147 4075 3397 4131 διαϐόλου
3421 4079 3674 4154 δυσπρα-

2080 4156 2206 4226 γίας
2239 4161 2642 4230 κεκρατημένον
2673 4161 2906 4234 ὄργανον
2941 4166 3205 4239 ὑπάρχων
3229 4184 3245 4199 θ
3281 4171 3546 4236 Δατιανὺς
3577 4169 3676 4225 οὖα

2079 4265 2172 4314 τος
2207 4251 2542 4322 ἐπικέκλητο
2579 4255 2842 4327 τοῦνομα.
2884 4257 3079 4313 Ἦνίκα
3119 4259 3176 4314 δὲ
3217 4263 3283 4332 τῇ
3324 4261 3436 4317 τῶν
3479 4265 3678 4324 ἐκεῖσε

2081 4339 2274 4413 πρώτῃ
2307 4342 2516 4396 πόλεων
2553 4344 2750 4416 ἐπέϐη,
2797 4346 3086 4420 Ἀγουστίᾳ
3124 4349 3270 4419 φημὶ
3327 4353 3676 4430 καλοιιμένῃσ

2079 4429 2154 4494 ὼς
2183 4432 2292 4486 τῶν
2321 4434 2542 4488 πάντων
2569 4437 2603 4505 ἡ
2629 4435 2981 4511 ἀκεραιότης,
3021 4441 3116 4494 καὶ
3140 4441 3200 4494 τὸ
3255 4443 3354 4512 τῆς
3405 4445 3675 4514 ἀληθείας

2081 4521 2300 4593 βέϐαιον
2357 4531 2652 4599 μαρτυρεῖ,
2705 4529 2807 4600 τῆς
2869 4531 3066 4601 μανίας
3103 4533 3203 4588 οὑκ
3257 4537 3482 4607 ἠρέμει.
3521 4541 3676 4596 Ἀλλ’

2092 4616 2390 4689 Ἱεράσυλός
2417 4637 2522 4686 τις,
2573 4620 2650 4685 ὡς
2692 4621 2852 4694 ἔφην,
2907 4625 3002 4679 καὶ
3060 4625 3180 4680 λίαν
3229 4629 3677 4702 ἑλληνικώτατος

2080 4709 2346 4780 ὑπάρχων
2405 4711 2766 4782 ἐχαλέπαινεν
2837 4717 3290 4790 ὑπερϐαλλόντως
3357 4726 3503 4779 κατὰ
3557 4729 3680 4782 τῶν

2079 4803 2424 4874 Χριστιανῶν
2445 4806 2539 4858 καὶ
2564 4807 2674 4860 τῶν
2701 4807 2976 4864 εὐκταίων
2995 4811 3136 4882 ᾤετο
3165 4817 3309 4869 κατὰ
3341 4817 3499 4884 τάξιν
3527 4821 3680 4874 ἀπο-

2079 4895 2264 4951 λαύειν
2280 4897 2378 4968 τῆς
2395 4899 2572 4970 ἀρχῆς
2593 4900 3015 4974 ἐπειλημμένος,
3035 4907 3083 4958 εί
3100 4907 3198 4978 τῆς
3223 4908 3685 4982 ἑκόακχευούσης

2079 4989 2247 5044 αὑτὸν
2283 4992 2480 5062 μανίας
2541 4994 2872 5060 ἐπιδείξεται
2923 4998 2981 5051 τὸ
3012 5000 3320 5073 πρόχειρον.
3373 5005 3676 5074 ’Δθεμίτου

2080 5084 2190 5156 γὰρ
2214 5084 2498 5169 ὠμότητος
2512 5089 2608 5142 καὶ
2627 5085 2783 5158 ξένης
2802 5088 2982 5162 λύμης
3012 5092 3386 5150 ἐνυλακτοῦσά
3410 5113 3494 5160 τις
3515 5099 3686 5170 αὖτῷ

2081 5177 2256 5234 λῦσσα
2285 5180 2678 5250 προσέπνευσε,
2709 5183 2805 5237 καὶ
2825 5183 3020 5240 Θᾶττον
3040 5186 3136 5240 τοῦ
3166 5188 3381 5254 δέοντος
3401 5192 3687 5262 ἠπείγετο

2080 5277 2146 5345 τῇ
2189 5275 2478 5347 μιαρότητι
2516 5276 2612 5330 τοῦ
2639 5278 2841 5332 οἰκείου
2869 5279 3205 5350 πνεύματος,
3235 5281 3583 5348 ἐπισκόπους
3611 5303 3680 5340 τε

2081 5370 2177 5423 καὶ
2203 5371 2332 5432 τοὺς
2367 5370 2472 5424 ὑπὸ
2492 5372 2712 5442 κλῆρον,
2747 5373 2841 5426 καὶ
2865 5371 3044 5428 πάντα
3069 5373 3254 5440 ἁπλῶς
3285 5375 3446 5445 ἅγιον
3467 5395 3689 5450 συναρ-

2082 5463 2278 5528 πάζει,
2340 5464 2635 5535 πειρασμῷ
2681 5483 2788 5520 τινι
2833 5466 3161 5538 διαϐολικῷ,
3215 5469 3420 5539 μᾶλλον
3472 5469 3574 5531 δὲ,
3631 5471 3691 5522 εἰ

2083 5559 2190 5626 χρὴ
2243 5556 2476 5628 τάληθὲς
2521 5558 2723 5628 λέγειν,
2771 5559 2856 5614 ἵνα
2889 5560 2968 5631 τῷ
2994 5561 3115 5635 Θεῷ
3172 5561 3391 5635 δόκιμοι
3448 5563 3692 5618 ἀναδει-

2086 5649 2278 5720 χθῶσι.

390 5723 746 5810 «τιοτῑοος,οο
790 5746 936 5800 viros
971 5753 1188 5802 sanctos
1215 5743 1398 5814 iniqua
1440 5744 1638 5802 diaboli
1715 5745 2013 5801 tcnzahmc
2057 5744 2320 5802 invadens
2354 5761 2703 5817 :quanquam
2735 5742 2916 5820 potius
2951 5747 3154 5806 factum
3189 5723 3408 5822 id-fuit,
3449 5759 3507 5808 ut
3583 5749 3698 5824 qui

395 5843 606 5915 probati
637 5852 838 5914 essent,
870 5841 1140 5900 manifesti
1173 5842 1386 5898 fierent.

2045 6034 2081 6062 Ι
