3846 6474
232 466 328 530 737

225 674 396 726 ἐκεῖσε
446 674 745 739 ἁγιώτατος
796 678 1095 745 ἐπίσκοπος
1124 723 1137 747 ,
1193 685 1484 757 Οὐαλέριος
1530 689 1789 762 τοῦνομα,

225 764 360 832 ἀνὴρ
407 764 672 831 ἐπίδοξος,
713 768 807 821 καὶ
830 768 948 837 ἅμα
976 771 1150 842 τούτῳ
1183 775 1212 828 ό
1238 777 1357 845 τρὶς
1398 778 1665 850 μακάριος
1694 783 1791 835 Βι-

216 855 432 919 κέντιος
456 858 484 910 6
513 860 606 909 καὶ⁸
631 862 846 929 μάρτυς
876 860 955 915 ἔτι
977 866 1043 934 τῇ
1063 866 1170 917 τῶν
1203 867 1447 922 Λευϊτῶν
1471 870 1789 941 διαπρέπων

225 948 462 1019 εὐταξίᾳ,
498 951 596 1003 σὺν
629 952 794 1020 πολλῇ
826 958 890 1025 τῇ
925 956 1075 1028 ῥύμῃ
1126 961 1467 1032 κατέδραμον
1519 965 1612 1018 ἐπὶ
1662 968 1789 1031 τοὺς

224 1040 520 1103 ἀθανάτους
550 1042 647 1096 καὶ
678 1045 957 1117 ἀοιδίμους
978 1050 1216 1117 ἀγῶνας.
1252 1054 1526 1125 Ὀλιθριος
1562 1055 1668 1128 γὰρ
1695 1054 1783 1130 ῆν,

219 1133 291 1196 ὡς
321 1133 532 1197 πολλοῖς
563 1136 758 1203 ἐδόκει,
794 1142 822 1192 6
840 1144 1169 1212 πειρασμὸς,
1199 1146 1336 1199 ἀλλὰ
1367 1148 1440 1218 μὴ
1462 1151 1572 1213 τοῖς
1601 1149 1786 1222 θεοφι-

222 1222 331 1277 λέσι
352 1242 366 1256 ·
395 1225 738 1283 διεπίστευον
770 1233 878 1301 γὰρ
906 1234 1134 1298 ἑαυτοὺς
1162 1238 1260 1290 καὶ
1304 1239 1449 1308 μάλα
1481 1243 1787 1312 μακαρίους

221 1315 431 1370 εσεσθαι
465 1320 524 1371 ἐν
550 1320 723 1390 αὑτῷ,
749 1324 898 1393 φημὶ
922 1326 999 1395 τῷ
1025 1332 1375 1401 προκειμένῳ
1403 1331 1595 1400 ἀγῶνι,
1628 1337 1786 1405 είπερ

222 1408 395 1472 ἀξίαις
426 1411 826 1483 ἀνδραγαθίαις
856 1417 916 1469 τὸ
945 1419 1087 1491 ὑπὲρ
1120 1422 1219 1489 τῆς
1264 1425 1470 1487 οἰκείας
1519 1426 1784 1498 καθιερώ-

220 1515 348 1562 σεως
377 1502 739 1573 ἀναδήσονται
773 1509 1057 1578 στέφανον.
1093 1512 1253 1566 Ἀλλὰ
1285 1517 1394 1585 γὰρ
1423 1517 1451 1568 6
1474 1518 1784 1586 τεκνοποιὸς

217 1592 307 1643 καὶ
334 1593 682 1667 πολύμορφος
730 1599 830 1669 τὴν
876 1602 1125 1674 γνώμην,
1153 1606 1397 1676 οἰόμενος
1421 1612 1485 1678 τῇ
1516 1609 1784 1675 ἐξοδοιπο-

218 1680 332 1748 ρίας
366 1682 522 1753 ὕϐρει
548 1702 606 1738 τε
647 1688 739 1741 καὶ
772 1691 1029 1763 συντριϐῇ
1078 1694 1279 1762 μᾶλλον
1333 1697 1556 1762 τούτους
1605 1700 1782 1770 ἐαυτῷ

218 1774 391 1845 ρᾴστω
427 1777 811 1848 πειθήσεσοαι,
844 1784 924 1846 είς
973 1784 1070 1855 τὴν
1101 1787 1257 1841 πόλιν
1298 1788 1665 1854 Βαλεντινίαν,
1705 1792 1781 1854 ὠς

217 1866 389 1931 φασὶν,
415 1867 543 1936 ἥτις
590 1872 827 1943 ὑπάρχει
861 1875 959 1944 μία
1008 1877 1106 1947 τῆς
1151 1880 1444 1950 ἐπαρχίας,
1478 1882 1573 1935 σὺν
1608 1882 1774 1952 πολλῇ

1481 487 1656 547 VITA
1695 488 1754 548 S.
1795 489 2214 554 \‘INCENTII.

295 576 366 633 Γ.
406 581 756 652 Παραχρῆμα
789 585 847 638 δὲ
878 587 1082 642 τούτων
1118 588 1293 655 οὕτως
1343 593 1597 665 ἑχόντων,
1626 602 1653 653 6
1682 600 1790 654 τῶν
1819 611 1864 664 Α

3367 507 3472 569 738

1964 601 2051 657 Ill.
2093 602 2216 659 llaec
2242 622 2364 663 cum
2398 609 2469 664 ita
2503 625 2561 665 se
2594 611 2875 679 haberent,
2909 614 3234 674 Vincentius
3278 619 3331 676 in
3367 622 3471 680 Le-

1892 692 2126 749 vitarum
2181 700 2370 755 ordine
2395 704 2745 768 constitutus,
2793 707 2896 762 sub
2932 707 3142 764 Valerio
3177 711 3462 784 episcopo,

1894 799 2101 853 magna:
2142 789 2558 849 existimationis
2592 804 2645 850 et
2684 798 2963 853 modestiae
2991 800 3128 864 viro,
3161 804 3327 858 animi
3354 804 3469 859 ala-

1891 875 2086 931 critate
2122 879 2288 933 multa
2323 892 2560 952 erectus,
2600 888 2667 941 ad
2697 889 3046 944 celeberrima
3083 892 3171 946 illa
3216 904 3270 949 et
3318 896 3467 949 salu-
3543 936 3552 948 .

1891 966 2026 1019 taria
2070 970 2753 1043 certamina-properabat.
2805 978 3087 1047 Ejusmodi
3135 992 3314 1038 autem
3349 994 3469 1038 ten-

1888 1055 2024 1110 tatio
2056 1058 2239 1115 multis
2283 1048 2502 1131 quidem
2544 1067 2830 1122 videbatur
2866 1072 3189 1138 perniciosa,
3229 1076 3322 1128 sed
3354 1090 3464 1127 non

1889 1147 2023 1203 viris
2051 1150 2222 1205 Deum
2258 1168 2384 1208 vere
2422 1158 2731 1213 amantibus
2764 1176 2780 1214 ε
2825 1161 3025 1230 quippe
3077 1164 3169 1233 qui
3219 1164 3464 1220 futurum

1888 1241 2199 1308 sperabant,
2234 1253 2293 1297 ut
2325 1246 2414 1299 tali
2448 1248 2748 1303 certamine
2794 1251 3073 1319 proposito
3109 1254 3251 1308 beati
3285 1256 3465 1310 ellice-

1889 1338 2099 1394 rentur,
2130 1331 2173 1385 si
2200 1334 2419 1402 quidem
2449 1346 2597 1391 recte
2619 1338 2777 1393 factis
2809 1343 3133 1403 consecrati,
3162 1343 3283 1398 ﬁdei
3308 1361 3465 1398 coro-

1886 1436 2010 1475 nam
2038 1434 2480 1493 assequercntur.
2516 1426 2702 1498 Itaque
2725 1430 3049 1487 artificiosus
3075 1434 3184 1497 ille,
3203 1444 3257 1490 et
3281 1437 3465 1491 animo

1885 1526 1949 1566 ac
2001 1516 2270 1569 sententia
2318 1519 2596 1589 multiplex
2636 1520 2932 1586 Datianus,
2984 1523 3303 1581 existinmns
3345 1528 3462 1581 lieri

1885 1618 2066 1672 posse,
2102 1615 2159 1659 ut
2183 1607 2479 1663 Christiani
2507 1610 2782 1676 homines,
2805 1628 2941 1682 quos
2962 1630 3069 1669 non
3101 1624 3314 1686 poterat
3339 1632 3463 1670 cru-

1884 1695 2118 1751 ciatibus
2175 1700 2242 1754 ad
2302 1703 2628 1758 sententiam
2664 1720 2818 1759 suam
2867 1708 3190 1775 perducere,
3251 1709 3463 1764 itineris

1882 1785 2218 1856 longitudine
2266 1799 2318 1843 et
2364 1793 2607 1862 corporis
2642 1797 2902 1851 aerumnis
2947 1796 3219 1869 defatigati
3249 1798 3462 1853 aﬂlicti-

1882 1893 2008 1947 que,
2055 1880 2174 1949 ejus
2226 1881 2490 1936 voluntati
2524 1899 2582 1938 se
2613 1886 2964 1955 subjicerent,
3010 1889 3291 1945 mandavit
3329 1905 3458 1944 san-

216 1958 273 2025 τῇ
293 1955 444 2027 ὕϐρει
466 1960 720 2014 ἐκέλευσε
744 1964 869 2029 τοὺς
897 1966 1084 2031 ἁγίους
1102 1971 1449 2041 παραστῆναι
1481 1973 1573 2026 καὶ
1605 1974 1769 2043 πρόσ‹

1885 1980 2001 2026 ctos
2028 1972 2174 2029 viros
2199 1973 2472 2031 Valerium
2506 1978 2823 2048 episcopum
2849 2023 2863 2047 ,
2889 1989 2945 2035 et
2971 1980 3315 2037 Vincentium
3346 1982 3461 2036 dia-

214 2047 388 2100 τὰττει
442 2054 786 2121 παραχρῆμα
837 2056 895 2108 ἐν
931 2057 1251 2129 ὀχυρώματι
1304 2062 1413 2114 τινὶ
1456 2062 1684 2131 ζοφώδει
1717 2083 1776 2118 τε

215 2138 303 2190 καὶ
323 2138 548 2194 δυσώδει
580 2143 679 2212 τῆς
712 2146 962 2217 φυλακῆς
992 2149 1382 2222 καθειρχθῆναι
1408 2154 1606 2218 αὐτοὺς
1637 2157 1775 2226 μετὰ

217 2229 471 2302 μεγίστης
508 2237 803 2306 τιμωρίας,
845 2240 989 2309 φημὶ
1016 2240 1079 2312 δὴ
1100 2242 1202 2311 τῆς
1226 2243 1386 2314 λιμοῦ
1424 2246 1649 2313 ἐνδείας,
1680 2249 1774 2301 καὶ

214 2321 422 2392 πιεσμῷ
452 2325 533 2396 τῷ
560 2327 866 2392 ὲξαλύσεων
897 2333 987 2383 καὶ
1020 2333 1273 2404 στρέὁλῃ,
1314 2336 1408 2388 καὶ
1443 2338 1592 2398 ὅπως
1630 2339 1771 2390 κατὰ

208 2410 296 2463 τοῦ
320 2414 549 2484 αὐχένος
576 2417 669 2470 καὶ
716 2418 825 2472 τῶν
879 2421 1080 2491 χειρῶν
1127 2422 1267 2495 βάρη
1317 2424 1386 2478 τὰ
1436 2426 1499 2477 ὲκ
1550 2427 1769 2498 σιδήρου

207 2507 546 2574 πεποιημένα
595 2506 835 2579 φέροιεν,
864 2512 958 2565 καὶ
1006 2513 1193 2577 ἁπλῶς
1227 2514 1368 2568 κατὰ
1425 2516 1626 2581 παντὸς
1672 2518 1767 2571 τοῦ

209 2591 447 2663 σώματος
478 2597 578 2669 ἤδη
612 2599 711 2663 τὰς
753 2602 839 2656 διὰ
891 2604 1123 2658 θανάτου
1168 2606 1347 2670 αἰτίας
1399 2609 1765 2677 ὑπομένοιειν.

216 2681 367 2740 Ἀλλὰ
392 2690 504 2761 γὰρ
538 2691 632 2744 καὶ
654 2691 797 2747 οὑτω
848 2697 1090 2767 σωρηδὸν
1150 2700 1520 2769 ἐπιχεομένων
1583 2701 1771 2764 αὑτοῖς

204 2775 306 2828 τῶν
334 2781 542 2846 κακῶν,
573 2783 881 2853 κουφότατα
910 2785 1085 2841 πάντα
1117 2788 1165 2841 οί
1208 2789 1352 2858 ἆγιοι
1380 2792 1445 2862 τῇ
1499 2791 1608 2844 τῶν
1645 2790 1772 2862 μελ-

204 2867 395 2923 λόντων
418 2874 622 2945 ἀμοιϐῇ
650 2877 888 2947 ὑπερέφε
896 2896 1011 2949 ρον.

1884 2077 2082 2118 conum
2134 2065 2321 2120 multis
2345 2081 2467 2121 cum
2502 2068 2717 2139 injuriis
2747 2070 2870 2125 duci
2903 2071 2955 2125 in
2977 2087 3141 2126 unam
3169 2073 3458 2142 quamdam

1881 2155 2026 2210 illius
2071 2159 2365 2226 provincia:
2422 2162 2631 2226 urbem,
2691 2160 2991 2219 Valentiam
3027 2164 3273 2227 nomine,
3319 2179 3458 2234 quos

1882 2246 2065 2300 statim
2114 2247 2281 2317 jussit
2312 2249 2367 2303 in
2402 2265 2621 2304 carcere
2658 2253 2891 2322 quodam
2941 2255 3173 2308 obscuro
3216 2264 3271 2308 et
3317 2253 3457 2307 male

1879 2338 2046 2393 olenti
2110 2340 2401 2406 concludi,
2468 2343 2827 2415 maximisque
2881 2347 3211 2401 cruciatibus
3258 2346 3454 2416 alil'gi,

1877 2428 2038 2496 fame,
2081 2432 2282 2497 inedia,
2339 2443 2391 2488 et
2445 2445 2761 2491 catenarum
2824 2439 3112 2510 angustiis,
3164 2447 3219 2493 et
3263 2438 3457 2494 ferreis

1875 2523 2199 2592 quibusdam
2231 2527 2564 2595 ponderibus
2584 2543 2613 2581 a
2645 2529 2785 2583 collo
2811 2532 2877 2585 ad
2908 2546 3104 2584 manus
3134 2546 3304 2600 usque
3331 2548 3457 2601 pro-

1876 2613 2065 2678 tensis,
2103 2625 2216 2670 toto
2263 2616 2345 2685 (ut
2392 2619 2702 2673 summatim
2758 2620 2955 2690 dicam)
2990 2635 3179 2674 eorum
3218 2635 3446 2690 corpore

1868 2704 2165 2761 mortiferis
2211 2708 2615 2764 calamitatibus
2657 2709 2875 2765 atllicto.
2930 2709 3036 2765 Sed
3078 2711 3327 2780 quamvis
3367 2722 3449 2765 tot

1867 2804 2141 2869 tantaeque
2174 2800 2509 2856 calamitates
2531 2802 2745 2856 illorum
2774 2804 3097 2873 corporibus
3122 2802 3451 2857 adhiberen-

1871 2895 1977 2954 tur,
2019 2890 2202 2945 omnia
2234 2900 2413 2945 tamen
2442 2892 2542 2946 viri
2580 2893 2908 2947 sanctissimi
2946 2902 3238 2956 tormenta,
3267 2902 3326 2947 ut
3359 2909 3450 2946 res

202 2953 521 3052 levissimas,
552 2964 922 3034 perferebant,
958 2969 1024 3024 ad
1058 2969 1238 3025 futura
1299 2971 1390 3026 illa
1414 2971 1579 3040 bona,
1646 2974 1844 3045 quibus
1881 2979 2271 3049 compensandi
2319 2989 2523 3048 essent,
2571 2980 2785 3037 animos
2833 2990 3043 3037 erectos
3099 2981 3447 3052 intentosque

204 3050 477 3111 habentes.

267 3141 338 3194 A'.
382 3143 579 3198 Ἦνίκα
611 3144 665 3199 δὲ
694 3149 722 3201 6
753 3151 1047 3222 κακόφρων
1072 3153 1265 3224 διέγνω
1294 3155 1519 3220 τούτους
1564 3156 1764 3210 ἀποκε-

1940 3152 2034 3209 IV.
2063 3153 2201 3211 Cum
2234 3170 2364 3210 vero
2390 3170 2674 3226 perversus
2709 3155 2798 3211 ille
2828 3164 2882 3211 ct
2919 3155 3224 3227 depravatae
3248 3154 3449 3210 mentis

203 3237 492 3302 κμηκὲναι,
519 3241 612 3291 καὶ
639 3241 847 3312 σφόδρα
871 3244 946 3315 τῷ
979 3244 1128 3318 ζυγῷ
1156 3249 1254 3318 τῆς
1285 3246 1498 3316 ὕϐρεως
1528 3247 1765 3319 βεδαΡ⁷Γ

206 3325 408 3393 μένους,
438 3331 537 3382 καὶ
570 3331 757 3397 δεδιὼς
798 3336 871 3406 μὴ
890 3340 954 3408 τῇ
983 3340 1256 3411 προλήψει
1280 3341 1375 3396 τοῦ
1399 3341 1577 3396 αὑτῶν
1602 3340 1767 3396 θανά-

203 3429 287 3467 του
320 3418 525 3488 ζημίαν
548 3423 825 3497 ὑπενέγκῃ
858 3428 955 3497 τῆς
980 3431 1184 3495 οίκείας
1205 3432 1589 3504 χαλεπότητος,
1607 3433 1766 3487 ἀναι-

207 3509 334 3571 μωτὶ
361 3511 453 3562 καὶ
488 3511 614 3583 δίχα
643 3521 958 3590 κατατομῆς
990 3520 1168 3590 μελῶν
1193 3522 1304 3576 τῶν
1332 3523 1504 3592 ἁγίων
1537 3523 1634 3578 τοῦ
1664 3523 1764 3594 ζῇν

202 3596 668 3670 ἀπαγγελλόντων,
699 3609 987 3664 ἐκέλευσεν
1006 3612 1204 3677 αὑτοὺς
1233 3615 1332 3685 τῆς
1351 3614 1599 3684 φυλακῆς
1625 3631 1760 3686 προ-

201 3689 437 3753 άγεσθαι·
470 3693 614 3765 ῷετο
638 3698 747 3767 γὰρ
775 3698 854 3769 τῷ
906 3702 1105 3773 χρονίῳ
1140 3703 1493 3774 ἀποκλεισμῷ
1522 3704 1617 3757 τοῦ
1647 3721 1761 3774 φω-

199 3781 301 3845 τδς,
335 3787 424 3838 καὶ
456 3786 559 3856 τῆς
592 3790 778 3861 κοινῆς
810 3792 919 3844 τῶν
948 3793 1256 3865 ἀνθρώπων
1292 3798 1760 3867 συναναστροφῆς,

206 3875 331 3945 μήτε
359 3879 419 3930 ὲν
459 3878 700 3948 σώμασι,
742 3884 879 3953 μήτε
906 3887 961 3937 ὲν
991 3884 1189 3955 ψυχαῖς
1221 3886 1451 3958 δύναμιν
1488 3888 1609 3941 τινὰ
1653 3887 1762 3941 λοι-

201 3964 293 4015 πὸν
322 3967 509 4032 αὑτοῖς
537 3969 969 4042 ὑπολειφθῆναι·
997 3974 1357 4046 τεθνηξασθαι
1407 3978 1515 4047 γὰρ
1566 3979 1763 4042 αὐτοὺς

200 4057 297 4124 πρὸ
317 4058 426 4114 τῶν
460 4061 743 4132 τιμωριῶν
767 4065 866 4118 οὑκ
888 4064 1168 4134 ἠϐούλετο.
1204 4068 1424 4140 Ἐπειδὴ
1452 4069 1509 4122 δὲ
1533 4069 1761 4138 ἐγνώκει

202 4149 328 4218 μήτε
362 4154 507 4232 μετὰ
533 4152 765 4208 θάνατον
789 4157 988 4221 αὐτοὺς
1038 4160 1376 4227 σπείσεσθαι,
1407 4161 1482 4224 ὡς
1511 4162 1566 4214 δὲ
1595 4160 1758 4234 ἐστη-

201 4253 290 4327 σαν
318 4244 423 4312 πρὸ
447 4244 547 4298 τοῦ
570 4245 814 4318 βήματος
834 4250 884 4302 οἱ
918 4250 1086 4319 ἆγιοι,
1114 4251 1212 4320 τῆς
1249 4253 1471 4325 εἱρκτῆς
1498 4255 1761 4327 μετακλη-

197 4326 388 4399 θέντες,
429 4337 861 4412 εὐσταθέστερον
904 4341 966 4393 τὸ
1005 4340 1165 4412 σῶμα
1201 4345 1297 4397 καὶ
1326 4347 1424 4408 τὰς
1472 4326 1754 4417 δυνάμεις,

196 4428 283 4493 τήν
306 4444 363 4481 τε
386 4429 568 4485 είδέαν
610 4433 970 4507 φαιδροτέραν
998 4435 1030 4506 ἢ
1060 4437 1227 4491 πάλαι
1267 4438 1513 4509 ὑπῆρχον
1555 4420 1759 4513 κεκτη-

1868 3244 2032 3300 homo
2060 3244 2322 3300 Datianus
2361 3246 2717 3309 existimaret,
2755 3262 2851 3301 eos
2879 3247 3027 3301 viros
3058 3245 3447 3316 defatigatione

1866 3344 2029 3406 atque
2076 3352 2444 3391 aerumnarum
2472 3338 2605 3409 jugo
2634 3339 2863 3393 nimium
2893 3347 3143 3410 gravatos
3191 3352 3333 3403 esse,
3380 3352 3446 3391 ac

1864 3437 2167 3493 vereretur,
2204 3445 2273 3483 ne
2306 3429 2463 3495 forte,
2519 3428 2561 3485 si
2621 3445 2810 3484 eorum
2868 3445 2957 3484 res
3003 3429 3445 3493 oblivisceretur,

1865 3529 2022 3576 antea
2071 3530 2302 3576 mortem
2339 3520 2412 3575 illi
2463 3522 2699 3589 obirent,
2731 3537 2890 3591 quam
2924 3522 3040 3591 ipse
3072 3522 3349 3592 propriam
3383 3521 3440 3575 in

1865 3615 2079 3671 illorum
2112 3613 2373 3686 sanguine
2406 3613 2705 3682 fundendo,
2738 3624 2792 3669 et
2824 3614 3091 3669 membris
3139 3613 3441 3669 lacerandis

1864 3707 2123 3761 srevitiam
2180 3713 2475 3770 exerceret,
2528 3707 2696 3776 jussit
2745 3706 2866 3760 illos
2916 3705 3073 3761 educi
3112 3720 3142 3760 e
3191 3721 3436 3763 carcere.

1863 3797 2200 3869 Opinabatur
2218 3798 2386 3862 enim,
2418 3811 2483 3852 eo
2508 3798 2651 3868 quod
2685 3796 2946 3853 diuturno
2982 3812 3203 3854 carcere
3239 3809 3436 3864 vexati,

1864 3898 1919 3944 et
1957 3888 2217 3943 alumine
2267 3889 2651 3960 communique
2700 3889 2982 3944 hominum
3039 3891 3440 3947 consuetudine

1863 3979 2057 4034 remoti
2100 3979 2349 4043 fuissent,
2381 3981 2517 4035 nihil
2546 3981 2740 4035 virium
2777 3982 3011 4051 amplius
3036 3981 3305 4052 reliquum
3336 3982 3437 4036 ba-

1862 4073 2013 4127 bere.
2046 4070 2271 4128 Nolehat
2301 4083 2484 4129 autem
2517 4070 2638 4129 illos
2679 4076 2838 4141 mori,
2873 4075 3189 4145 priusquam
3232 4074 3443 4129 crucia-

1862 4163 2010 4218 tibus
2035 4162 2218 4237 alllicti
2250 4170 2438 4219 essent
2466 4182 2479 4220 :
2508 4165 2947 4235 quandoquidem
2979 4164 3220 4219 futurum
3248 4179 3439 4234 spera-

1861 4254 1975 4318 bat,
1998 4266 2057 4310 ut
2088 4254 2371 4325 multiplici
2397 4271 2461 4310 ac
2485 4255 2746 4310 diuturno
2775 4256 3018 4312 cruciatu
3054 4271 3147 4312 eos
3171 4253 3436 4310 flecteret.

1848 4345 1998 4409 Cum
2042 4346 2203 4418 igitur
2232 4347 2333 4402 viri
2378 4348 2454 4402 illi
2509 4348 2681 4405 sancti
2723 4349 2907 4407 educti
2955 4366 2986 4403 e
3031 4362 3275 4412 carcere,
3310 4357 3436 4402 ante

1862 4439 2103 4494 tribunal
2162 4439 2363 4511 judicis
2418 4440 2701 4496 stetissent
2750 4440 3073 4510 corporibus
3117 4448 3177 4495 et
3227 4439 3435 4494 viribus

197 4519 359 4586 μένοι,
422 4522 721 4596 ἀπηνεὼθη
764 4528 1118 4598 καταπλήξας
1152 4532 1180 4583 6
1227 4528 1510 4596 τύραννος,
1545 4532 1639 4583 καὶ
1687 4533 1754 4600 τῇ

1872 4530 2205 4601 'mtegriores,
2227 4539 2558 4600 aspectuque
2587 4532 2705 4601 ipso
2734 4531 2907 4587 multo
2935 4531 3222 4591 hilariores
3270 4545 3432 4600 quam

197 4616 356 4687 μανίᾳ
381 4617 713 4686 τυφλώττων
749 4620 1016 4686 ἐξίστατο,
1047 4622 1171 4685 τοὺς
1204 4622 1309 4675 ὑπὸ
1333 4621 1468 4676 Θεοῦ
1490 4640 1757 4694 φρουρου-

200 4709 385 4778 μένους
413 4713 515 4784 τῆς
555 4712 778 4785 ῥώσεως
809 4713 1264 4787 ἐκπληττόμενος.

256 4969 327 5025 Ε’.
349 4975 458 5029 Ka‘t
477 4977 896 5047 πριόμενοςτκῖς
914 4981 1252 5044 κακοποιίαις
1274 4983 1377 5036 ὑπὸ
1393 4983 1486 5038 τοῦ
1508 4985 1753 5056 ἀκαθάρ-

192 5076 274 5116 του
318 5066 483 5121 αὑτοῦ
520 5059 848 5140 πνεύματός,
875 5074 972 5125 οὑκ
990 5073 1151 5145 ἔφερε
1169 5075 1275 5145 γὰρ
1294 5078 1394 5148 τὴν
1422 5072 1590 5151 ἧτταν
1618 5081 1755 5134 κατὰ

194 5155 378 5223 κράτος
416 5159 750 5230 νικώμενοςυ
779 5164 843 5215 Τί
888 5164 951 5233 δή
1006 5169 1136 5218 ποτε
1171 5168 1358 5221 τούτου
1393 5169 1754 5243 δαψιλεστέρᾳ

193 5254 355 5321 τρυφῇ
378 5256 444 5322 τῇ
471 5253 557 5306 διὰ
588 5254 845 5323 βρώσεως
867 5256 962 5309 καὶ
990 5258 1202 5323 πόσεως
1228 5263 1572 5333 χρησάμενος
1596 5265 1755 5319 λιπά-

192 5354 280 5402 νας
306 5342 624 5411 nveniam;
654 5348 785 5415 φησι
802 5346 935 5415 πρὶς
960 5348 1051 5401 τὸν
1079 5349 1294 5417 φύλακα
1318 5367 1331 5380 °
1355 5353 1552 5414 εὲθέως
1581 5344 1636 5409 δέ
1661 5358 1753 5410 καὶ

190 5427 522 5505 δρικοντιαὶα
548 5440 611 5507 τῇ
642 5440 791 5508 φωνῇ
810 5440 1159 5509 ἐπισυρέζων,
1188 5443 1453 5517 μετέφερε
1486 5447 1576 5500 τὲν
1596 5448 1751 5518 λόγον

191 5521 273 5575 ἐπὶ
295 5525 382 5577 τὸν
409 5527 713 5596 ἁγιώτατον
744 5531 1174 5597 ἔπίσκοπον,καί
1206 5553 1372 5605 φασιν
1398 5556 1412 5568 ν
1448 5541 1513 5592 Τί
1546 5540 1747 5610 λέγεις,

191 5606 231 5667 ὧ
253 5619 531 5691 Οὐαλέριε,
562 5624 591 5676 6
616 5623 840 5695 ὀνόματι
866 5625 1163 5699 θρησκείας
1182 5632 1450 5700 ἀνταίρων
1470 5638 1579 5697 τοῖς
1615 5652 1750 5705 κρα-

191 5708 329 5762 τοῦσι
359 5714 452 5765 καὶ
488 5714 899 5785 βασιλεύουσιν;
934 5719 1071 5791 ᾤετο
1104 5721 1211 5792 γὰρ
1246 5725 1273 5776 ὀ
1313 5725 1521 5788 ἀνόσιος
1559 5728 1748 5800 ὅτιπερ

190 5800 235 5887 εἰ
268 5803 363 5873 τὴν
397 5806 660 5877 κεφαλὴν,
684 5810 777 5862 τὸν
822 5810 1122 5864 ἐπίσκοπον
1156 5816 1319 5885 φημὶ,
1348 5816 1747 5887 ὑποτέμνεσθαι

190 5884 400 5966 δυνηθῇ,
420 5894 528 5950 τῶν
551 5897 754 5952 λοιπῶν
782 5899 985 5972 μελῶν,
1016 5904 1179 5957 οίονεῖ
1204 5923 1232 5957 τ
1248 5904 1295 5958 ,ὑ
1316 5907 1515 5980 κλῆρον
1536 5912 1626 5964 καὶ
1652 5912 1743 5967 τοῦ

1864 4632 2022 4677 antea
2066 4621 2306 4689 fuerant,
2353 4620 2618 4678 Datianus
2661 4637 2863 4691 pulses
2911 4635 3102 4676 amens
3148 4618 3346 4682 factus,
3379 4626 3434 4673 et

1862 4726 2102 4785 stupore,
2132 4713 2436 4783 perculsus,
2472 4723 2633 4784 atque
2696 4714 2908 4769 insania
2954 4721 3259 4771 excatcatus
3308 4710 3429 4777 fuit,

1860 4805 2351 4879 eorumvidelicet,
2384 4804 2474 4875 qui
2505 4820 2535 4859 a
2590 4805 2703 4865 Deo
2753 4804 2953 4860 servati
2991 4803 3237 4879 fuerant,
3265 4802 3430 4858 robur

1858 4907 1912 4973 et
1941 4897 2082 4952 vires
2117 4897 2530 4967 obstupesceus.

1934 4988 1995 5045 V.
2020 4990 2155 5044 Cum
2183 5005 2313 5045 vero
2361 4989 2431 5044 ab
2462 4989 2569 5043 illis
2608 5003 2665 5042 se
2701 4988 2841 5043 vinci
2876 5004 2985 5044 non
3020 4997 3318 5060 pateretur,
3346 4996 3430 5067 tet

1857 5084 1924 5139 ab
1954 5083 2153 5154 impuri
2187 5082 2412 5153 spiritus
2436 5083 2794 5153 perversitate
2820 5082 3137 5153 agitaretur,
3161 5081 3226 5135 ad
3248 5094 3427 5135 carceo

1856 5176 1933 5229 ris
1963 5176 2244 5230 custodem
2283 5189 2583 5228 conversus
2621 5192 2633 5229 :
2670 5172 2930 5239 Curnam,
2968 5172 3164 5243 inquit,
3211 5171 3333 5227 cibo
3373 5180 3427 5225 et

1855 5278 1983 5337 potu
2008 5266 2257 5319 homines
2289 5264 2423 5320 istos
2465 5264 2763 5319 recreasti?
2804 5263 2916 5318 Cur
2949 5263 3019 5319 ita
3051 5263 3282 5334 pingues
3307 5260 3423 5316 ﬁeri

1854 5359 2091 5414 curasti?
2121 5358 2238 5411 Mox
2286 5356 2449 5412 feroci
2482 5358 2713 5427 quadam
2748 5371 2877 5411 voce
2917 5356 3178 5421 fremens,
3203 5362 3258 5409 et
3294 5369 3419 5410 ora-

1853 5449 2058 5504 tionem
2091 5466 2242 5504 suam
2293 5450 2360 5505 ad
2395 5449 2797 5504 sanctissimum
2844 5450 3158 5519 episcopum
3188 5462 3421 5503 convero

1855 5549 1994 5607 tens,
2035 5542 2110 5596 ait
2144 5561 2157 5596 :
2190 5543 2458 5608 Quidnam
2495 5550 2552 5597 tu
2588 5542 2655 5597 de
2692 5542 2864 5611 teipso
2895 5541 3051 5607 dicis,
3093 5539 3292 5601 Valeri.
3327 5538 3421 5608 qui

1851 5650 1948 5704 per
1972 5635 2246 5706 religionis
2272 5634 2510 5705 speciem
2545 5650 2609 5689 ac
2643 5635 3045 5689 simulationem
3077 5631 3420 5702 imperatori-

1849 5725 1953 5781 bus
1973 5726 2316 5782 adversaris?
2350 5725 2686 5798 Opinabatur
2717 5727 2862 5781 enim
2894 5725 3094 5795 impius
3123 5724 3233 5785 ille,
3260 5722 3419 5778 facile

1849 5818 1968 5874 ﬁeri
1998 5833 2155 5889 posse
2188 5828 2267 5886 ut,
2300 5820 2343 5873 si
2377 5829 2540 5890 caput
2566 5820 2764 5891 ipsum,
2794 5820 2897 5873 hoc
2933 5825 3034 5881 est,
3077 5817 3418 5887 episcopum,

1850 5913 2213 5982 abscinderet,
2244 5912 2446 5985 reliqua
2472 5913 2632 5970 etiam
2662 5913 2921 5981 membra,
2950 5912 3151 5983 clerum
3172 5908 3421 5966 videlicet
