3846 6464
380 454 485 517 739

1615 452 1902 513 MENSIS
1932 453 2391 516 JANUARlUS.

3528 446 3646 508 740

380 582 437 627 et
464 569 748 643 populum,
791 568 1046 625 facillime
1074 568 1450 625 demoliretur.
1489 568 1597 623 Sed
1630 567 1963 637 benignissi-

2075 568 2197 622 λαοῦ
2239 566 2639 639 εύχερεστάτην
2695 563 3079 637 καταστροφὴν
3140 562 3449 633 ποιήσεται.
3489 559 3662 613 ’Δλλά

379 680 503 721 mus
532 664 697 733 Deus,
727 663 819 735 qui
849 664 1114 735 superbos
1141 663 1395 719 homines
1422 679 1489 718 ex
1519 663 1629 717 alto
1659 672 1716 718 et
1741 661 1960 717 sublimi

334 742 341 751 ’
379 757 547 829 gradu
578 758 634 813 in
667 758 836 812 imum
863 756 1173 828 praecipites
1206 756 1474 820 detrudit,
1518 764 1575 811 et
1608 754 1843 810 humiles
1873 752 1961 807 in-

379 849 509 904 timo
546 849 602 905 in
636 850 757 905 loco
792 850 1039 920 iacentes
1085 848 1142 903 in
1188 848 1358 904 altum
1394 847 1625 909 extollit,
1658 845 1830 901 voluit
1865 860 1961 900 su-

379 943 609 1012 perbum
636 953 690 998 et
705 942 972 1000 nefarium
996 943 1148 999 illum
1172 943 1446 998 hominem
1467 958 1575 997 non
1591 942 1660 997 ab
1681 942 1959 1012 episcOpo,

380 1035 477 1091 sed
526 1036 596 1090 ab
637 1034 913 1090 inferioris
958 1034 1159 1106 gradus
1190 1034 1336 1089 illius
1364 1024 1495 1089 cieri
1525 1033 1643 1087 viro
1690 1032 1960 1101 superari,

383 1136 442 1182 ut
471 1143 527 1182 se
552 1127 879 1183 imbecillum
907 1140 1027 1181 esse
1047 1134 1424 1198 cognosceret,
1456 1140 1636 1196 neque
1666 1124 1963 1195 quidquam

381 1234 440 1274 se
484 1227 670 1273 contra
725 1218 1045 1288 episcopum
1098 1217 1280 1274 facere
1327 1232 1509 1287 posse,
1558 1217 1771 1289 quippe.
1806 1214 1964 1285 quia

385 1308 547 1363 levita
591 1309 749 1379 longe
803 1311 1062 1364 inferiore
1115 1318 1226 1364 tum
1274 1309 1490 1372 ordine,
1530 1317 1644 1363 tum
1676 1307 1962 1379 dignitate,

382 1402 562 1458 victus
593 1411 1006 1470 prostratusuue
1040 1401 1253 1457 fuisset.

452 1621 543 1677 τι.
611 1622 826 1678 Etenim
900 1623 1093 1679 beatus
1148 1631 1353 1695 martyr
1406 1620 1729 1677 Vincentius
1776 1629 1967 1674 sancto

383 1713 588 1784 Spiritu
641 1716 853 1785 plenus,
906 1716 1290 1786 excitatusque
1326 1724 1379 1771 et
1419 1713 1659 1769 victoriae
1706 1725 1966 1767 coronam

377 1807 601 1878 jamjam
657 1808 1110 1878 comprehensam
1180 1808 1418 1875 habens,
1486 1808 1616 1863 dum
1675 1807 1969 1877 episcOpus

2063 660 2171 729 γὰρ
2200 662 2229 713 ό
2263 662 2321 712 ἐν
2349 658 2520 712 ἀπασι
2555 657 2688 722 Θεὸς
2712 655 3294 729 φιλανθρωπότατος,ό
3323 654 3450 708 τοὺς
3477 654 3655 723 ὑπερ·

2062 752 2303 823 ηφάνους
2331 751 2391 817 ἐξ
2432 751 2602 821 ὖψους
2655 749 2932 821 μετεώρου
2962 750 3099 819 πρὸς
3129 748 3409 819 κρημνοὺς
3437 746 3653 817 καταρ-

2065 845 2311 917 ῥήσσων,
2354 843 2451 898 καὶ
2478 844 2605 907 τοὺς
2658 840 2949 904 ταπεινοὺς
2983 838 3200 911 χαμᾶζε
3253 838 3540 907 κειμένους
3573 837 3655 898 εἰς

2068 933 2204 1004 ὕψος
2238 932 2565 1004 ἀνεγείρων,
2596 930 2871 1003 ἠϐουλήθη
2901 930 2992 984 τὸν
3026 929 3305 1000 ἀλάστορα
3342 926 3439 998 τὴν
3477 921 3656 996 ἧτταν

2064 1025 2469 1095 ἀπενέγκασθαι
2505 1024 2610 1078 ὑπὸ
2638 1024 2965 1095 μικροτέρου
3000 1021 3079 1092 τῷ
3111 1020 3300 1091 κλήρῳ
3351 1018 3508 1089 παρά
3557 1018 3657 1071 τὸν

2065 1120 2386 1186 ἐπίσκοπον,
2414 1119 2561 1181 ὅπως
2595 1116 2856 1188 αἴσθηται
2875 1115 2973 1169 καὶ
2997 1112 3112 1184 γνῷ
3132 1113 3231 1181 τὴν
3259 1112 3469 1166 οἰκείαν
3487 1109 3657 1163 a006-

2065 1229 2235 1277 νειαν,
2272 1213 2370 1264 καὶ
2431 1210 2741 1280 λογίσηται,
2779 1209 2831 1263 τί
2870 1206 2938 1261 ἂν
2991 1207 3254 1274 πράττειν
3302 1197 3416 1266 οἶός
3469 1219 3528 1256 τε
3583 1198 3657 1265 ἦν

2064 1304 2209 1358 κατά
2257 1302 2351 1357 τοῦ
2405 1302 2730 1374 ἀρχιερέως,
2758 1301 2837 1354 ὅτ’
2883 1301 2950 1354 ἂν
2974 1299 3084 1352 ὑπὸ
3137 1297 3351 1351 λευῖτου
3402 1295 3660 1366 νικηθεὶς

2068 1393 2384 1465 ἀνατραπῇ,
2419 1392 2557 1445 πολὺ
2599 1389 2694 1444 τοῦ
2721 1390 3029 1445 ἐπισκόπου
3059 1386 3383 1443 άποδέοντος
3415 1385 3511 1438 καὶ
3551 1385 3654 1438 τά·

2067 1484 2147 1551 ξει
2181 1486 2275 1540 καὶ
2304 1486 2452 1557 ἀξίᾳ.

2138 1624 2228 1693 C7.
2262 1622 2370 1675 Kal
2398 1622 2509 1692 γὰρ
2540 1619 2949 1692 ἐμφορούμενος
2977 1619 3083 1673 ὑπὸ
3114 1617 3209 1672 τοῦ
3269 1615 3426 1686 άγίου
3479 1617 3659 1669 Πνευ-

2072 1734 2263 1788 ματος,
2292 1717 2385 1769 καὶ
2419 1715 2511 1768 τοῦ
2543 1714 2817 1783 Στεφάνου
2848 1712 2948 1783 τῆς
2987 1713 3146 1782 νίκης
3174 1711 3275 1781 ἤδη
3315 1706 3661 1779 περιδραξά-

2072 1827 2231 1881 μενος
2266 1811 2294 1864 6
2325 1807 2632 1876 άγιὼτατος
2667 1808 2876 1877 μάρτυς
2913 1804 3210 1867 Βικέντιος,
3230 1800 3448 1873 ἡσύχως
3470 1816 3662 1853 ποίου·

385 1894 631 1949 Valerius
652 1897 840 1966 quieto
866 1903 921 1951 et
961 1896 1151 1952 sedato
1190 1897 1376 1951 animo
1415 1899 1793 1968 responderet,
1829 1894 1964 1949 Vin-

2075 1901 2235 1972 μένου
2273 1900 2415 1953 κατά
2448 1900 2509 1952 τὸ
2536 1897 2828 1967 νοούμενον
2872 1896 2965 1950 τοῦ
3020 1894 3323 1948 ἐπισκόπου
3371 1892 3471 1964 τὴν
3516 1892 3661 1945 ἀπό-

379 1988 593 2044 centius
624 1988 705 2044 sic
748 2002 874 2043 eum
924 1987 1194 2044 allocutus
1239 1997 1370 2043 est:
1412 1987 1673 2054 Cornum,
1716 2003 1749 2041 ο
1781 1987 1961 2051 Pater,

378 2080 455 2133 ita
486 2094 759 2143 susurrus,
799 2087 859 2133 ut
906 2078 997 2149 qui
1035 2087 1182 2133 metu
1227 2079 1433 2133 detenti
1473 2087 1621 2143 sunt,
1675 2086 1730 2132 et
1776 2090 1963 2131 contra

382 2187 576 2225 canem
614 2171 778 2225 istum
808 2170 888 2225 sic
929 2170 1230 2226 mussitas?
1256 2171 1442 2225 (Ilama
1476 2186 1610 2225 voce
1656 2185 1871 2241 magna,
1912 2177 1967 2221 ct

381 2263 582 2319 Christi
636 2264 934 2334 potentiam
983 2264 1305 2334 adiutricem
1362 2263 1625 2335 implora.
1694 2272 1752 2318 ut
1803 2262 1966 2332 hujus

385 2356 596 2425 tyranni
654 2354 834 2410 rabies
862 2368 994 2409 voce
1026 2354 1196 2409 libera
1227 2362 1282 2409 et
1319 2370 1441 2410 cum
1476 2353 1802 2409 auctoritate
1836 2367 1966 2422 pro-

381 2449 489 2511 lata
525 2447 854 2512 refrenetur,
880 2457 935 2500 et
961 2446 1082 2517 ejus
1104 2455 1292 2501 contra
1324 2457 1510 2501 sancta
1540 2444 1743 2501 Christi
1770 2454 1971 2516 myste-

383 2539 463 2593 ria
516 2538 774 2593 ferocitas
825 2537 1239 2608 comprimatur.
1304 2535 1403 2594 Hic
1455 2537 1601 2593 enim
1642 2537 1732 2593 ille
1780 2547 1883 2600 est,
1934 2552 1968 2591 ο

382 2631 564 2695 Pater,
588 2628 817 2701 pestifer
839 2644 1087 2699 serpens,
1114 2629 1206 2700 qui
1236 2629 1501 2684 adversus
1532 2628 1768 2685 hominis
1791 2627 1968 2700 primo

382 2723 598 2778 formati
626 2723 874 2794 gloriam,
898 2738 1019 2794 qua:
1063 2722 1118 2777 in
1147 2738 1339 2778 omnes
1372 2723 1624 2778 homines
1671 2722 1968 2778 transitura

382 2824 523 2879 erat,
567 2814 772 2869 invidia
817 2816 1087 2871 excitatus
1134 2830 1192 2869 se
1241 2815 1495 2870 armavit.
1543 2814 1678 2869 Nam
1726 2829 1851 2868 cum
1903 2829 1968 2869 ca

382 2907 550 2979 gloria
593 2909 710 2978 ipse
742 2906 845 2962 frui
879 2923 991 2962 non
1038 2914 1244 2978 posset,
1285 2907 1469 2963 statim
1513 2906 1803 2963 insatiabili
1836 2924 1972 2978 qua-

384 3002 508 3057 dam
566 3001 968 3073 perdendorum
1020 3002 1305 3056 hominum
1357 3001 1655 3072 cupiditate
1704 3016 1971 3057 accensus

383 3104 489 3161 est,
523 3102 578 3150 et
610 3104 800 3150 contra
830 3096 953 3152 illos
982 3095 1218 3151 maxime
1250 3094 1509 3151 invidiam
1540 3095 1805 3157 exercuit,
1832 3109 1972 3166 quos

384 3189 656 3261 benignus
699 3188 844 3245 Deus
891 3191 1030 3245 mori
1071 3191 1403 3262 sempiterna
1443 3201 1622 3248 morte
1670 3192 1967 3264 prohibuit.

2068 2011 2274 2062 κρίσιν,
2317 1993 2451 2062 φησὶ
2477 1992 2614 2063 πρὸς
2645 1992 2810 2045 αὐτόν
2832 1990 2930 2041 ’Τί
2962 1989 3163 2060 δήποτε
3201 1986 3376 2048 οῦτως
3410 1984 3663 2055 ύποτρύ-

2069 2086 2200 2153 ζεις,
2234 2079 2279 2140 ὦ
2329 2085 2543 2152 πάτερ;
2570 2083 2666 2138 καὶ
2712 2084 2787 2148 ὡς
2837 2081 3071 2145 δεδιότες
3130 2080 3314 2152 ἡρέμα
3349 2076 3665 2147 ψιθυρίξειῖ

2067 2180 2209 2233 κατά
2235 2178 2329 2232 τοῦ
2361 2179 2523 2241 κυνός
2550 2194 2565 2244 ;
2605 2176 2802 2247 βόησον
2830 2176 2889 2227 ἐν
2920 2174 3157 2245 μεγίστῃ
3186 2173 3280 2226 καὶ
3309 2168 3663 2241 χριστοφὸρῳ

2066 2272 2315 2341 δυνάμει,
2351 2270 2499 2331 ὅπως
2524 2271 2590 2339 τῇ
2626 2267 2685 2335 ἐξ
2710 2265 3028 2329 αύθεντείας
3047 2267 3198 2335 φωνῇ
3220 2261 3506 2332 τυφθείσα,
3530 2277 3665 2313 συν-

2067 2363 2228 2435 τριϐῇ
2263 2361 2468 2424 εὐθέως
2500 2364 2533 2431 ἡ
2566 2360 2709 2414 κατὰ
2730 2359 2836 2413 τῶν
2864 2357 3035 2425 ἁγίων
3056 2354 3150 2411 τοῦ
3178 2353 3313 2409 Θεοῦ
3338 2351 3663 2424 μυστηρίων

2069 2454 2379 2509 ύλακτοῦσα
2428 2452 2623 2509 λύσσα.
2671 2448 2841 2517 Οὗτος
2878 2453 3087 2516 ἐκεῖνος
3137 2454 3308 2517 ἐστιν,
3350 2442 3395 2500 ὧ
3454 2450 3662 2517 πάτερ,

2070 2547 2309 2611 οἰοϐὁλος
2342 2546 2490 2615 ὄφις,
2523 2548 2551 2601 6
2583 2545 2725 2601 κατὰ
2749 2546 2849 2617 τῆς
2871 2544 3033 2615 δόξης
3060 2543 3157 2598 τοῦ
3199 2541 3662 2616 πρωτοπλάστου,

2068 2639 2170 2709 τῆς
2200 2638 2294 2691 καὶ
2324 2638 2401 2701 είς
2440 2636 2649 2701 πάντας
2695 2639 2823 2700 τοὺς
2873 2634 3198 2706 ἀνθρώπους
3247 2630 3664 2704 διαδραμούσης

2068 2732 2149 2804 τῷ
2184 2731 2367 2801 φθόνῳ
2404 2729 2764 2794 κατατακείς.
2809 2729 3032 2799 Ἐπειδὴ
3063 2728 3174 2800 γάρ
3223 2726 3300 2798 μὴ
3327 2724 3535 2794 ταύτης
3569 2718 3667 2775 οὗ·

2070 2842 2163 2889 τος
2215 2823 2472 2891 ἀξιωθεὶς
2543 2823 2863 2894 ἀπήλαυσεν
2914 2822 3119 2885 εύθέως
3186 2816 3666 2889 ἀνθρωποκτονεῖν

2071 2918 2395 2991 ἀκυρεύτως
2419 2916 2702 2988 ἐμαίνετο,
2733 2918 2831 2971 καὶ
2863 2916 3008 2970 κατὰ
3054 2914 3261 2971 τούτων
3305 2913 3541 2985 μάλιστα
3570 2907 3668 2962 τὸν

2074 3014 2268 3085 φθόνον
2313 3011 2742 3077 κατεσκεύαζεν,
2768 3010 2892 3065 καθ’
2917 3002 2992 3065 ὧν
3029 3012 3058 3063 6
3084 3007 3471 3078 φιλάνθρωπος
3524 3001 3667 3063 Θεὸς

2072 3108 2135 3162 τὸ
2173 3108 2359 3161 θανεῖν
2395 3104 2694 3159 ἐκώλυσεν.
2726 3105 2922 3173 Ὅμως
2955 3102 3049 3158 καὶ
3071 3101 3236 3165 αύτδς
3265 3099 3502 3168 ἑτοίμως
3525 3094 3671 3148 ὑπο-

2075 3199 2296 3255 πίπτειν
2325 3198 2593 3269 ἐπεθύμει
2610 3197 2687 3269 τῷ
2710 3196 2946 3266 θανάτῳ.
2974 3194 3103 3264 Εῐγε
3126 3191 3220 3256 οὓς
3245 3190 3499 3245 ἐϐούλετο
3524 3185 3671 3258 πρό-

385 3279 488 3336 llic
508 3282 597 3337 ille
624 3291 726 3350 est,
759 3299 923 3353 quem
961 3283 1130 3339 divini
1162 3285 1404 3339 nominis
1446 3286 1796 3341 invocatione
1826 3300 1971 3355 saepe

2075 3307 2235 3362 τερον
2265 3291 2365 3362 τῆς
2412 3290 2559 3360 ζωῆς
2601 3287 2879 3359 ἀφέλοιτο,
2901 3288 3003 3355 τὴν
3031 3286 3089 3339 δὲ
3134 3284 3325 3355 γεῦσιν
3353 3284 3422 3353 ἢν
3451 3280 3670 3350 ἑτέροις

384 3376 455 3431 ab
485 3373 741 3431 humanis
775 3377 1097 3447 corporilus
1152 3392 1255 3433 nos
1303 3379 1633 3449 expulimus.
1686 3381 1877 3450 Itaque
1924 3378 1971 3435 si

2075 3386 2104 3438 6
2136 3383 2305 3447 κακὸς
2368 3384 2836 3452 ἐπεμηχανήσατο
2890 3376 3139 3449 μιανθεὶς
3184 3373 3384 3446 ταύτῃ,
3444 3370 3669 3441 πρῶτος

383 3470 595 3527 viribus
629 3470 742 3527 suis
770 3470 1014 3533 confidit.
1046 3486 1239 3528 omnes
1266 3488 1463 3544 pugnae
1494 3472 1779 3528 machinas
1803 3472 1857 3527 in
1882 3488 1971 3528 me

2075 3475 2182 3530 τῶν
2206 3474 2396 3529 δεινῶν
2429 3473 2646 3544 ἀπήλαυ
2657 3488 2765 3526 σεν.
2791 3462 2964 3534 Οὗτός
2995 3470 3149 3522 ἐστιν
3170 3466 3236 3520 ὃν
3265 3464 3526 3526 πολλάκις
3550 3460 3671 3513 τῶν

385 3571 764 3620 commoveat:
799 3563 1007 3619 videbit
1037 3564 1182 3619 enim
1209 3579 1299 3620 me
1331 3566 1618 3622 tormentis
1646 3566 1970 3631 cruciatum,

2076 3566 2436 3638 ἀνθρωπίνων
2465 3564 2780 3635 ἐξεώσαμεν
2800 3562 3069 3633 δωμάτων
3090 3559 3182 3615 διὰ
3209 3558 3313 3628 τῆς
3342 3556 3498 3619 θείας
3535 3555 3671 3624 ἐπι-

384 3655 674 3725 plusquam
734 3668 795 3709 se
842 3655 1209 3722 eruciantem,
1267 3655 1497 3712 valere:
1543 3666 1601 3711 et
1646 3672 1756 3727 quo
1802 3657 1971 3728 magis

2076 3657 2345 3729 κλήσεως,
2373 3656 2517 3726 φημὶ
2543 3654 2629 3726 δὴ,
2661 3652 2740 3724 τῷ
2764 3652 2857 3707 τοῦ
2899 3650 3139 3724 Χριστοῦ
3170 3649 3430 3721 ἀηττήτῳ
3464 3644 3674 3716 ὀνόμα-

384 3744 603 3815 putabit
632 3758 719 3799 me
742 3742 1007 3799 amictum
1055 3743 1144 3809 iri,
1176 3758 1242 3798 eo
1288 3745 1508 3816 gravius
1537 3745 1655 3816 ipse
1684 3745 1971 3818 allligetur.

385 3836 751 3902 Quamobrem
784 3836 1012 3891 omnino
1046 3835 1255 3906 gaudeo
1282 3836 1627 3910 exsultoque,
1663 3840 1808 3909 quod
1850 3838 1970 3894 dia-

385 3925 547 3983 bolus
572 3927 822 3982 maximis
851 3926 920 3981 de
954 3927 1119 3982 rebus
1148 3927 1561 3983 convincendus
1590 3929 1684 3984 sit.

2076 3769 2151 3806 τι.
2184 3748 2488 3821 Τοιγαροῦν
2508 3750 2559 3801 εἰ
2587 3748 2848 3801 πέποιθεν
2882 3744 3056 3816 ἰσχύϊ,
3085 3743 3221 3814 πρὸς
3252 3742 3319 3812 μέ
3337 3742 3406 3795 τά
3426 3741 3527 3809 τῆς
3559 3738 3675 3809 μά-

2080 3859 2185 3914 χης
2229 3840 2398 3895 αὑτοῦ
2427 3839 2650 3894 κινείτω
2684 3837 3061 3908 μηχανήματα
3082 3849 3097 3864 °
3140 3831 3403 3888 θεάσεται
3429 3828 3540 3899 γάρ
3573 3843 3671 3897 με,

2082 3935 2247 3990 πλέον
2267 3932 2532 3989 δύνασθαι
2544 3927 3023 4004 στρεϐλούμενονῆ
3055 3925 3251 3981 ἐαυτὸν
3275 3920 3674 3995 στρεϐλοῦντα,

386 4020 481 4074 καὶ
519 4022 576 4074 ἐν
602 4022 713 4093 ὅσῳ
742 4023 1006 4091 τιμωρεῖν
1034 4021 1299 4087 οἰήσεται,
1331 4019 1617 4095 βαρύτατα
1640 4022 2117 4096 τιμωρηθήσεται.
2181 4028 2277 4083 Διὸ
2344 4030 2444 4084 καὶ¹
2508 4025 2636 4085 καθ’
2663 4025 2877 4081 ἐκαστα
2906 4023 2974 4093 τῇ
3010 4018 3161 4092 χαρᾷ
3206 4013 3663 4090 περιθάλποίιαν

389 4115 615 4184 πάσχων
640 4112 752 4185 γάρ
785 4111 898 4183 ἐγὼ
927 4112 996 4167 τά
1041 4114 1278 4185 μέγιστα
1333 4115 1791 4189 ἐκδικηθήσομαι.
1829 4120 1975 4190 Πρὸς
1990 4120 2227 4189 τούτοις,
2257 4122 2541 4195 άνήπτετο
2576 4118 2641 4175 τὸ
2667 4116 2766 4174 τοῦ
2826 4113 3081 4171 διαϐόλου
3116 4110 3402 4184 ⁹ὄργανον,
3465 4101 3677 4178 δηλαδὴ

386 4210 419 4265 ὀ
449 4204 732 4270 Δατιανὸς,
764 4202 907 4259 κατά
934 4203 1037 4276 τῆς
1068 4204 1164 4259 τοῦ
1205 4206 1448 4279 Χριστοῦ
1487 4207 1748 4276 πίστεως.

459 4335 576 4394 νυ.
603 4338 685 4393 Ad
711 4336 828 4394 haec
857 4338 946 4394 ille
966 4338 1169 4397 diaboli
1193 4341 1446 4399 minister
1469 4342 1751 4414 Datianus,
1774 4347 1971 4403 adver-

2154 4343 2229 4403 Z'.
2274 4341 2460 4417 Ἑὼρα
2488 4340 2596 4414 γάρ
2635 4339 2799 4395 αὐτὸν
2828 4337 2951 4392 λίαν
2995 4331 3539 4405 καταφρονούμενον,
3572 4329 3679 4383 καὶ

388 4444 486 4486 sus
513 4428 720 4484 Christi
753 4427 917 4484 fidem
947 4431 1119 4503 magis
1154 4431 1434 4504 magisque
1471 4432 1838 4492 inflammatus
1864 4443 1969 4503 est,

2083 4439 2221 4513 πρὸς
2249 4435 2531 4511 ὑπηρέτας
2572 4433 2669 4488 τοῦ
2705 4431 2957 4489 διαϐόλου
3008 4431 3130 4490 ταῖς
3171 4423 3392 4498 μανίαις
3427 4420 3679 4478 ἀνοιδαί-

387 4521 595 4594 quippe
623 4520 768 4593 quod
794 4521 1036 4592 seipsum
1066 4521 1225 4578 valde
1253 4524 1534 4579 contemni
1565 4524 1969 4582 animadverte-

2081 4551 2212 4589 νων.
2231 4530 2578 4601 Ἀπαγάγετε
2611 4524 2862 4582 ἐντεῦθεν
2891 4524 2984 4578 τδν
3014 4521 3338 4576 ἐπίσκοπονο
3356 4517 3576 4625 ἐκεῖνον
3617 4513 3680 4568 δὲ

390 4622 495 4669 ret.
522 4613 710 4684 Itaque
747 4612 948 4669 diaboli
971 4613 1255 4669 ministros
1291 4614 1371 4670 sic
1397 4613 1598 4671 allatus
1618 4625 1701 4672 est
1739 4633 1755 4672 :
1786 4615 1971 4673 Abdu-

2084 4625 2179 4700 μοὶ
2216 4620 2308 4676 τδν
2331 4622 2580 4691 γενναῖον
2613 4617 2864 4692 μαχητὴν
2891 4611 2987 4669 τδν
3012 4612 3097 4683 ἐφ’
3112 4610 3273 4683 ὕϐρει
3291 4606 3387 4663 τοῦ
3413 4607 3684 4700 δικαστηο

389 4705 502 4762 eite
542 4705 672 4762 hinc
695 4704 1013 4777 episeopum
1058 4723 1073 4763 :
1122 4715 1180 4763 at
1233 4707 1399 4764 istum
1444 4708 1536 4778 qui
1588 4709 1658 4764 ad
1701 4710 1893 4781 judicii
1923 4718 1971 4767 et

2087 4699 2204 4790 ρίου
2240 4715 2334 4770 καὶ
2362 4713 2472 4769 τῶν
2500 4709 2922 4781 αὐτοκρατόρων
2940 4703 3258 4777 ἐληλυθότα,
3287 4699 3680 4773 προσαγάγετε

390 4799 782 4869 imperatorum
844 4800 1234 4855 contumeliam
1299 4799 1409 4855 huc
1466 4801 1636 4866 venit,
1704 4811 1836 4858 ante
1876 4817 1980 4859 nos

393 4892 589 4955 sistite.
617 4902 675 4949 et
709 4892 777 4949 ad
818 4892 991 4964 ipsius
1027 4892 1227 4948 durum
1267 4907 1332 4949 ac
1362 4893 1701 4964 pertinacem
1733 4895 1978 4952 animum

394 4983 805 5057 reprimendum
840 4990 1113 5040 tormenta
1142 4991 1201 5040 et
1222 4985 1498 5041 cruciatus
1529 4985 1813 5044 adhibete.
1850 4984 1979 5045 Hec

393 5093 522 5134 cum
548 5077 781 5142 diceret,
811 5076 1049 5132 maxima
1066 5092 1298 5149 qucque
1317 5078 1586 5151 supplicia
1618 5088 1807 5137 contra
1832 5097 1981 5136 mar-

394 5177 566 5241 tyrem
606 5165 951 5239 escogitabat
996 5164 1239 5236 quidem,
1280 5167 1375 5223 sed
1409 5167 1539 5223 illud
1576 5176 1760 5223 tamen
1791 5182 1979 5223 secum

392 5259 579 5316 animo
608 5258 945 5325 revolvebat,
968 5258 1114 5328 quod
1135 5259 1421 5330 quidquid,
1444 5260 1694 5330 quamvis
1723 5275 1978 5331 asperum

393 5363 452 5411 et
498 5351 757 5407 acerbum
791 5349 1039 5417 inferret,
1077 5351 1233 5408 fortis
1285 5353 1373 5409 ille
1418 5365 1624 5426 martyr
1670 5369 1771 5425 pro
1805 5354 1979 5409 nihilo

397 5448 580 5504 facere
604 5444 921 5501 videretur:
956 5444 1234 5510 Fortasse,
1260 5447 1534 5516 inquiens,
1566 5447 1765 5503 futurae
1799 5447 1982 5519 gloria:

396 5555 561 5595 causa
590 5538 771 5593 omnia
804 5538 908 5593 sibi
939 5538 1263 5608 perferenda
1298 5539 1603 5610 preposuit.
1648 5541 1982 5612 Excogitavit

399 5631 564 5706 igitur
596 5638 995 5686 tormentorum
1016 5631 1299 5690 machinas
1325 5631 1575 5687 diabolus
1607 5650 1620 5686 :
1653 5633 1749 5688 sed
1768 5648 1903 5703 quas
1927 5632 1983 5686 in

401 5725 552 5779 viros
578 5722 895 5792 illosjustns
930 5739 1121 5795 pcenas
1160 5740 1220 5780 se
1249 5725 1526 5780 illaturqu
1568 5726 1859 5798 cogitabat,
1892 5741 1984 5781 eas

398 5816 539 5886 ipse,
584 5824 646 5871 ut
692 5817 933 5883 nolebat,
981 5834 1244 5889 passurus
1293 5827 1429 5873 erat.
1464 5817 1571 5873 Sed
1613 5818 1871 5889 quidnam
1905 5820 1985 5874 ait

397 5907 621 5981 iniquus
671 5910 800 5966 ille?
856 5911 1032 5984 Agite,
1092 5911 1290 5982 inquit,
1330 5909 1662 5981 suspendite
1706 5910 1983 5969 hominem

2080 4803 2206 4877 ὦδε,
2242 4808 2336 4863 καὶ
2369 4808 2439 4880 τῇ
2468 4802 2637 4861 αὑτοῦ
2669 4800 3087 4877 προσκαρτερίᾳ
3130 4797 3203 4852 τά
3255 4790 3682 4867 στρεϐλωτήρια

2082 4900 2521 4974 προσενέγκατε.
2558 4896 2673 4953 Καὶ
2714 4895 2889 4951 ταῦτα
2946 4892 3147 4964 λέγων,
3182 4888 3398 4945 ἐπενόει
3448 4882 3681 4957 μείζους

2082 4995 2180 5048 καὶ
2212 4992 2546 5065 πικροτέρας
2587 4988 2840 5052 κολάσεις
2868 4986 2944 5058 τῷ
2988 4982 3224 5055 γενναίῳ
3275 4980 3538 5052 μάρτυρι,
3572 4980 3674 5029 καὶ

2084 5084 2224 5139 πάνυ
2238 5083 2293 5138 δέ
2322 5079 2767 5153 ἐπιλογιζόμενος
2790 5077 2997 5147 ἔλεγεν,
3022 5076 3108 5129 ὅτι
3141 5074 3268 5127 Ἔτι
3298 5071 3395 5125 καὶ
3423 5065 3681 5138 ἐφευρὼν

2080 5177 2453 5249 τιμωρητικὸν
2484 5174 2580 5229 καὶ
2627 5171 2823 5244 πικρὸν
2883 5166 3241 5241 προσενέγκω
3290 5162 3463 5233 αύτῷ,
3490 5163 3678 5213 πάντα

2083 5270 2460 5339 καταπατήσει
2484 5284 2498 5299 ο
2531 5266 2633 5338 ἥδη
2662 5266 2776 5336 γὰρ
2803 5259 3300 5334 ,προμεμελὲτηται
3350 5254 3523 5326 αὐτῷ,
3555 5252 3680 5305 ἓνε-

2084 5377 2180 5415 κεν
2219 5359 2319 5426 τῆς
2353 5355 2656 5423 μελλούσης
2690 5354 2870 5425 δόξης,
2907 5353 3160 5405 παντοῖον
3211 5345 3539 5401 κολαστικὸν
3570 5344 3678 5414 δρ-

2083 5468 2250 5520 γανον
2286 5449 2602 5518 ὑπομεῖναι.
2645 5444 2858 5515 Ἑαυτῷ
2887 5438 3183 5512 τοιγαροῦν
3214 5438 3428 5493 ἐπενόει
3459 5435 3528 5488 τά
3556 5434 3675 5487 τῶν

2087 5542 2363 5615 στρεϐλῶν
2394 5543 2419 5593 ό
2444 5539 2692 5603 διάϐολος
2728 5538 3125 5609 μηχανήματα,
3156 5534 3250 5588 καὶ
3278 5534 3422 5602 ἅπερ
3453 5528 3679 5600 ἠπείλει

2082 5637 2163 5707 τῷ
2195 5637 2391 5705 δικαίῳ
2421 5633 2710 5703 ἐπιφέρειν
2735 5630 3008 5702 τιμωρίας
3033 5628 3266 5698 πάσχειν
3303 5623 3538 5697 ἧμελλεν
3568 5621 3680 5674 αὖ-

2083 5731 2177 5794 τὸς
2207 5728 2283 5791 ὡς
2307 5729 2407 5780 ούκ
2436 5724 2707 5779 ἐϐούλετο.
2764 5723 2925 5776 ’Δλλὰ
2956 5724 3088 5792 γὰρ,
3118 5720 3305 5791 φησὶν,
3330 5716 3680 5788 ἀναρτήσανο

2085 5839 2176 5885 τες
2206 5821 2369 5874 αὐτὸν
2402 5820 2498 5872 ἐπὶ
2535 5818 2598 5871 τὸ
2638 5816 2794 5884 ξύλον
2836 5814 3065 5887 μεληδὸν
3124 5811 3542 5875 κατασπάσατε,
3575 5807 3679 5861 καὶ

2084 5911 2195 5965 πᾶν
2238 5908 2298 5962 τὸ
2341 5902 2501 5981 σῶμα
2552 5905 2716 5960 αὐτοῦ
2754 5906 3084 5979 διαρρήξατε
3110 5904 3492 5969 καθέλκοντ’ς,
3521 5900 3684 5965 ὅπως
