3846 6526
224 534 318 603 741

1518 522 1694 583 VITA
1734 519 1794 581 S.
1830 519 2246 581 VINCENTII.

3371 511 3482 574 75?.

225 646 327 717 πρὸ
350 641 459 701 τῶν
497 637 776 699 κολάσεων
803 620 918 700 τοῖς
949 630 1170 694 οἰκείοις
1203 630 1474 701 σπασμοῖς
1507 626 1800 699 ἀναιρεθή-

1933 636 2067 681 stum
2100 627 2341 698 inligno,
2376 627 2603 699 ejusque
2652 624 2894 680 membra
2923 622 3239 688 discernite.
3289 639 3354 677 ac.
3399 601 3497 678 ιτ)-⁴

225 753 397 792 σεται.

291 915 370 971 η’.
390 915 502 969 Καὶ
522 912 744 974 πολλαῖς
761 906 932 978 ὥραις
955 900 1319 975 ξεομένουτοῦ
1344 898 1644 971 μάρτυρος,
1664 897 1802 968 φησὶ

224 1011 355 1081 πρὸς
381 1007 543 1060 αὑτὸν
577 1004 606 1056 6
643 998 903 1061 Δατιανός
928 1014 943 1029 ·
977 995 1045 1049 Τί
1088 994 1291 1062 λέγεις,
1337 986 1383 1045 ὧ
1432 989 1675 1044 Βικέντιε
1701 990 1802 1052 ςέν

223 1080 391 1162 ποίοις
442 1095 680 1166 καθορᾷς
723 1094 784 1144 τὸ
813 1087 1007 1144 ἐαυτοῦ
1034 1084 1347 1157 τρισάθλιον
1386 1082 1586 1152 σῶμα;
1628 1080 1738 1133 Καὶ
1774 1082 1803 1133 6

223 1194 370 1262 ἅγιος
408 1186 740 1259 ὑπομειδιῶν
780 1178 964 1236 εἴπεν
995 1179 1166 1233 Τοῦτό
1204 1180 1229 1231 ἐ
1253 1192 1371 1230 στιν
1397 1176 1427 1228 ὃ
1458 1174 1723 1245 εὐξάμην,
1761 1166 1805 1226 ὦ

224 1283 437 1355 άληθῶς
471 1278 735 1334 πανάθλιε
760 1293 775 1308 ·
805 1274 983 1338 οὐδείς
1016 1272 1106 1343 μοί
1138 1287 1233 1325 σου
1270 1268 1650 1337 ποθεινότερος
1669 1265 1798 1333 εὐή-

227 1379 315 1447 θη,
352 1374 476 1430 οὔτε
506 1375 585 1434 είς
612 1369 752 1441 ἐμὴν
772 1366 1094 1436 καταψυχὴν
1129 1363 1349 1432 ἐγένετο
1404 1359 1627 1414 πώποτε
1651 1358 1805 1427 εὐερ-

224 1468 583 1540 γετικώτερος
606 1478 623 1494 ⁸
656 1465 704 1517 εἱ
735 1461 844 1532 γὰρ
871 1459 967 1513 καὶ
993 1456 1250 1528 ἀπεχθῶς
1298 1454 1471 1508 ταῦτα
1516 1452 1805 1521 πράσσεις,

229 1563 294 1615 σὺ
325 1560 486 1630 μόνος
520 1557 641 1611 λίαν
670 1551 928 1614 εὐκταίός
969 1567 1059 1621 μοι
1110 1547 1477 1616 καθέστηκας.
1525 1545 1657 1599 Ἰδοὺ
1697 1544 1808 1614 γὰρ

228 1651 420 1706 λοιπον
453 1647 564 1701 τῶν
598 1642 944 1716 ὑψηλοτέρων
967 1639 1233 1694 ἐπιϐαίνω
1263 1637 1361 1691 καὶ
1405 1636 1511 1689 τῶν
1549 1634 1809 1703 ἐπιγείων

227 1743 559 1811 ἀφίσταμαι.
606 1736 738 1789 Ἰδοὺ
762 1733 873 1786 τῶν
903 1731 1172 1801 οὐρανίων
1199 1729 1539 1798 ἐφάπτομαι,
1571 1726 1810 1788 καὶτοὺς

230 1832 469 1904 βασιλεῖς
493 1845 587 1882 σου
610 1826 863 1897 μείζονας
882 1820 1204 1879 καταπτύω.
1230 1817 1533 1890 Τοιγαροῦν
1551 1817 1651 1888 τῆς
1665 1815 1812 1886 ὡμό-

1904 727 2016 772 tum
2047 732 2245 787 corpus
2272 719 2611 785 contundite,
2646 726 2704 772 ut
2726 719 3043 789 priusquam
3072 717 3193 770 aliis
3224 716 3483 771 cruciati~

1902 810 2003 864 bus
2025 810 2313 882 aflligatur,
2354 826 2412 865 sc
2446 811 2742 866 laceratum
2769 819 2823 865 et
2851 818 3239 879 consumptum
3272 807 3480 862 videat.

1974 901 2111 958 VIII.
2135 904 2271 958 Cum
2304 904 2465 974 igitur
2495 913 2697 976 martyr
2724 904 2838 975 ipse
2866 905 3053 958 multis
3078 904 3227 958 horis
3252 901 3485 956 dilania-

1905 1007 2076 1062 retur,
2130 997 2208 1053 sic
2249 1012 2373 1051 eum
2425 995 2686 1051 Datianus
2728 995 3104 1065 alloquebatur
3145 1013 3157 1048 :
3211 993 3349 1059 Quid
3380 992 3482 1057 ais,

1906 1087 2201 1142 Vincenti?
2230 1090 2312 1140 An
2354 1104 2462 1142 non
2501 1088 2673 1147 vides.
2702 1102 2862 1156 quam
2898 1085 3111 1140 miseris
3162 1085 3336 1139 modis
3367 1099 3488 1137 cor-

1906 1198 2010 1253 pus
2044 1192 2192 1237 tuum
2225 1181 2534 1236 miserabile
2568 1180 2885 1235 dilaniatum
2921 1180 3029 1235 sit?
3069 1178 3206 1233 Tum
3256 1179 3330 1232 illi
3364 1177 3489 1232 sub-

1907 1276 2092 1329 ridens
2123 1273 2445 1328 Vincentius
2477 1291 2490 1327 :
2524 1272 2658 1336 Hoc,
2690 1272 2885 1343 inquit,
2918 1278 3022 1336 est,
3051 1269 3193 1341 quod
3229 1269 3343 1339 ipse
3374 1277 3488 1323 toto

1908 1364 2093 1418 animo
2141 1362 2462 1432 cxpetebam
2515 1377 2529 1413 :
2582 1361 2762 1431 itaque
2825 1375 2985 1414 nemo
3035 1359 3167 1413 mihi
3226 1372 3488 1427 unquam,

1910 1455 2100 1509 credas
2135 1454 2316 1518 velim,
2353 1452 2646 1522 Optabilior
2675 1452 2849 1522 teipso
2894 1450 3013 1515 fuit,
3062 1464 3240 1519 neque
3295 1448 3489 1501 anima:

1910 1561 2046 1602 meae
2079 1544 2401 1599 beneficium
2438 1546 2613 1615 majus
2652 1543 2883 1599 contulit
2913 1562 2925 1597 :
2959 1558 3085 1597 nam
3122 1542 3251 1596 licet
3304 1538 3487 1593 hostili

1911 1641 2094 1695 animo
2120 1641 2172 1695 id
2204 1640 2391 1706 facias,
2424 1648 2605 1692 tamen
2637 1652 2910 1691 summum
2949 1634 3270 1690 beneficium
3313 1632 3369 1687 in
3402 1646 3490 1684 me

1912 1732 2151 1788 confers.
2178 1733 2260 1786 En
2303 1741 2360 1785 nt
2417 1731 2482 1785 ad
2528 1729 2844 1784 sublimiora
2877 1725 3151 1791 ascendo;
3186 1740 3254 1779 cn
3292 1734 3351 1777 ut
3379 1737 3493 1778 cm-

1914 1825 2078 1881 lestes
2132 1838 2220 1877 res
2266 1822 2503 1892 attingo;
2541 1834 2608 1872 en
2654 1826 2713 1871 ut
2746 1817 3100 1887 imperatores
3153 1823 3274 1869 tuos
3323 1810 3493 1882 magis

230 1941 394 1996 τητος
430 1922 496 1976 σὺ
525 1919 599 1992 μὴ
627 1918 835 1988 παύσῃ,
864 1913 910 1968 ῶ
937 1915 1314 1984 παγκάκιστεο
1343 1910 1671 1982 ἐπαυξὴσεις
1701 1910 1810 1980 γὰρ

1933 1924 2230 1971 :ontemno.
2268 1914 2348 1968 Tu
2391 1914 2552 1984 igitur
2585 1911 2653 1965 ab
2687 1912 2787 1965 ista
2821 1919 2911 1963 tua
2943 1907 3265 1963 crudelitate
3297 1920 3365 1958 ne
3393 1905 3492 1959 de-

234 2018 324 2086 μοὶ
350 2016 418 2069 τὰ
449 2015 546 2082 τῆς
576 2013 755 2081 νίκης,
790 2011 949 2081 εἴπερ
976 2008 1064 2062 διὰ
1098 2006 1357 2078 μειζόνων
1392 2005 1603 2075 νικήσω
1629 2020 1688 2056 σε
1717 2020 1811 2056 κο-

229 2109 463 2162 λάσεων.
507 2102 826 2173 Ἐπεγείρου
847 2097 941 2154 οῦν
982 2099 1185 2172 μᾶλλον
1216 2098 1311 2152 καὶ
1344 2100 1459 2160 ταῖς
1498 2096 1812 2159 κακονοίαις

229 2199 327 2253 τοῦ
366 2196 563 2269 μιαροῦ
595 2212 687 2248 σου
724 2192 931 2264 πατρὸς
983 2191 1385 2261 ἁναῦακχεύου,
1445 2189 1651 2260 μήπως
1685 2205 1813 2259 σμι-

231 2290 438 2361 κρύνῃς
484 2304 586 2357 μου
636 2286 706 2340 τὰ
745 2286 845 2354 τῆς
890 2284 1070 2355 δόξης,
1105 2283 1181 2354 μὴ
1217 2282 1424 2355 ζημίαν
1469 2280 1814 2352 προστρίψῃς

228 2383 344 2443 τοῖς
376 2382 523 2449 ἐμοῖς
548 2376 811 2440 ἐπαίνοις.
831 2377 1084 2446 Ἐτοιμος
1106 2373 1243 2428 ὁτοῦ
1268 2372 1404 2426 Θεοῦ
1431 2372 1617 2436 δοῦλος
1641 2374 1816 2427 πάντα

233 2471 530 2541 ὑπομένειν
577 2469 717 2539 ὑπὲρ
777 2469 873 2523 τοῦ
926 2467 1191 2539 ὀνόματος
1237 2465 1335 2521 τοῦ
1387 2467 1592 2539 Κυρίου
1636 2462 1815 2535 Ἰησοῦ

232 2564 502 2635 Χριστοῦ·
536 2564 602 2617 δι’
624 2556 699 2618 ὧν
721 2563 778 2616 δὲ
808 2562 1122 2617 ἐπαπειλῶν
1144 2562 1245 2615 οἴει
1275 2578 1340 2632 με
1370 2559 1815 2631 τιμωρήσασθαι,

241 2656 461 2720 τούτοις
510 2656 849 2727 πικροτέρως
900 2654 965 2708 σὺ
1021 2654 1116 2708 καὶ
1183 2652 1509 2725 πολυμερῶς
1571 2668 1820 2723 τιμωρη-

236 2749 404 2820 θήσῃ.

308 2923 391 2980 Θ¹.
417 2922 561 2993 Πρὸς
590 2921 763 2977 ταῦτα
792 2916 884 2977 οῦν
918 2922 1143 2994 κράζειν
1170 2920 1370 2993 ἤρξατο
1408 2920 1547 2975 κατὰ
1576 2921 1681 2975 τῶν
1702 2922 1825 2975 ἐαυ-

235 3014 332 3067 τοῦ
365 3013 629 3085 μεμηνὼς
652 3014 680 3067 ό
708 3015 989 3079 Δατιανὸς,
1012 3014 1106 3068 καὶ
1134 3013 1210 3084 τῷ
1230 3012 1385 3083 θυμῷ
1408 3012 1709 3083 ῦπερζέσας
1731 3013 1826 3066 καὶ

243 3106 575 3176 βακχευθεὶς
598 3105 675 3176 τῷ
698 3105 963 3160 λυσσώδει
1007 3105 1309 3176 πνεύματι,
1342 3103 1519 3170 ξύλοις
1558 3106 1654 3159 καὶ
1684 3105 1821 3177 ῥάσ-

237 3198 353 3261 δοις
379 3199 506 3261 τοὺς
541 3197 771 3268 δημίους
792 3197 1108 3274 ἐμάστιξεν,
1143 3197 1218 3262 ὡς
1245 3197 1338 3251 ἆτε
1374 3197 1437 3268 δὴ
1461 3197 1826 3270 ρᾳθυμήσαν-

235 3306 340 3352 τας
385 3289 480 3342 καὶ
521 3289 872 3359 φειδομένους
918 3290 1011 3343 τοῦ
1059 3291 1373 3362 μάρτυρος·
1405 3291 1567 3344 πλέον
1616 3291 1675 3345 δὲ
1700 3289 1823 3344 κατ’

239 3380 449 3445 αὐτῶν,
479 3380 511 3450 ἢ
540 3381 682 3435 κατὰ
709 3380 805 3435 τοῦ
832 3381 1042 3434 δικαίου
1086 3382 1468 3453 ἐχαλέπαινεν,
1498 3384 1605 3455 πρὸ
1636 3382 1730 3437 τοῦ
1751 3385 1830 3436 δι-

242 3472 411 3525 καίου
442 3474 568 3537 τοὺς
596 3474 831 3536 οἰκείους
860 3473 1233 3545 αἰκιζόμενος.
1270 3474 1349 3545 Τῇ
1386 3476 1451 3529 ἐκ
1484 3475 1621 3529 Θεοῦ
1652 3476 1708 3529 δὲ
1736 3478 1826 3530 ai-

238 3564 453 3632 διότητι
479 3567 519 3625 ό(
557 3565 865 3635 ἀγωνιστὴς
907 3567 964 3619 ἐν
1002 3566 1078 3637 τῷ
1109 3566 1345 3634 ἀσφαλεῖ
1382 3567 1688 3638 ἁμέριμνος
1736 3568 1831 3622 καὶ

241 3657 455 3719 ἄπονος
489 3656 599 3709 τῶν
649 3657 925 3727 αἰκισμῶν
966 3658 1234 3728 ἐτύγχανε
1262 3675 1276 3690 ⁸
1307 3659 1430 3713 κατ’
1463 3660 1689 3714 ἐκείνων
1720 3662 1830 3733 γὰρ

246 3747 481 3818 μᾶλλον,
507 3748 629 3802 καθ’
666 3743 738 3803 ὧν
760 3752 859 3820 τὴν
893 3751 1181 3805 αὑθεντίαν
1203 3747 1371 3821 εἶχεν,
1403 3751 1676 3821 ἐμαίνετο,
1707 3753 1829 3806 τότε

238 3839 307 3909 δὴ
333 3840 366 3891 ό
395 3837 600 3909 ἀληθὴς
624 3837 896 3905 Βικέντιος
923 3842 1289 3913 (μεταπίπτον
1318 3843 1427 3914 γὰρ
1454 3844 1534 3907 είς
1565 3842 1662 3908 τὴν
1715 3844 1833 3897 Ἐλ-

242 3929 446 4002 ληνίδα
469 3930 721 4001 γλῶσσαν
743 3935 969 4006 νικητὴς
991 3935 1052 3988 τὸ
1072 3935 1244 4008 ὄνομα
1267 3934 1673 4008 σαφηνίζεται),
1698 3937 1833 4009 φησὶ

238 4020 391 4092 πρὸς
440 4024 532 4075 τὸν
561 4022 838 4096 ἀλάστορα
881 4026 1228 4097 κρεμάμενος
1258 4028 1354 4082 ἐπὶ
1373 4027 1467 4081 τοῦ
1513 4027 1670 4094 ξύλου
1709 4044 1723 4060 σ
1762 4029 1829 4082 Τί

237 4112 457 4181 λέγεις,
479 4105 524 4166 ὧ
550 4114 780 4168 Δατιανέ
815 4132 830 4182 ;
863 4114 971 4169 ίὸοὺ
1002 4115 1156 4188 παρὰ
1191 4117 1299 4173 τῶν
1340 4118 1600 4190 τιμωρῶν
1643 4121 1834 4192 ἀπέχω

1915 2009 2114 2064 sistas:
2148 2006 2278 2062 mihi
2312 2006 2457 2061 enim
2490 1992 2556 2059 co
2589 2002 3003 2057 cumulatiorem
3038 1999 3319 2056 victoriam
3356 1996 3492 2053 aﬂ'e-

1917 2115 2024 2164 res,
2067 2114 2176 2169 quo
2206 2098 2410 2167 majora
2454 2103 2721 2151 tormenta
2756 2092 3104 2164 perferendo,
3139 2089 3367 2160 teipsum
3399 2103 3494 2142 su-

1914 2193 2139 2264 perabo.
2173 2193 2320 2256 Esto,
2346 2206 2551 2261 quaeso,
2584 2190 2638 2244 in
2682 2205 2770 2244 me
2804 2188 2974 2260 magis
3001 2186 3279 2257 magisque
3310 2185 3497 2239 conci-

1919 2294 2085 2350 tatus,
2120 2294 2176 2338 et
2205 2284 2396 2338 nefarii
2432 2283 2507 2336 tui
2538 2282 2764 2353 spiritus
2812 2280 3190 2351 perversitate,
3226 2284 3494 2347 quantum

1917 2377 2022 2441 vis,
2045 2377 2404 2442 debacchare,
2430 2390 2501 2430 ne
2521 2389 2630 2445 quo
2665 2374 2826 2428 modo
2847 2372 3070 2443 gloriam
3108 2384 3281 2424 meam
3312 2367 3499 2421 immi-

1920 2486 2079 2535 nuas,
2104 2480 2160 2524 et
2189 2468 2391 2524 nostris
2430 2469 2679 2523 laudibus
2724 2467 2983 2521 damnum
3023 2464 3239 2518 aﬂeras.
3275 2460 3354 2516 En
3400 2475 3501 2530 ego

1920 2563 2127 2619 Christi
2165 2577 2375 2627 servus,
2412 2569 2634 2631 paratus
2669 2575 2788 2614 sum
2841 2557 3024 2612 omnia
3076 2556 3347 2610 sustinere
3402 2566 3502 2621 pro

1922 2656 2146 2710 nomine
2176 2655 2423 2723 ejusdem
2469 2652 2682 2706 Domini
2724 2651 2830 2704 mei
2872 2649 3000 2704 Jesu
3035 2646 3257 2702 Christi.
3294 2644 3503 2711 Quibus

1923 2757 2106 2801 autem
2138 2745 2302 2801 minis
2328 2753 2384 2799 et
2427 2743 2756 2798 cruciatibus
2784 2757 2871 2796 me
2900 2740 3201 2795 vexandum
3233 2752 3353 2792 csse
3379 2735 3501 2806 opi-

1922 2838 2095 2901 naris,
2128 2837 2235 2892 illis
2266 2844 2320 2891 tu
2350 2837 2464 2906 ipse
2499 2835 2753 2891 acerbius
2779 2833 3082 2888 vexaberis.

1997 2929 2090 2984 1X.
2132 2928 2226 2983 llis
2269 2929 2453 2983 verbis
2477 2927 2697 2995 auditis,
2742 2927 3026 2989 Datianus,
3057 2923 3242 2978 furore
3266 2920 3503 2991 quodam

1925 3030 1982 3076 et
2016 3022 2163 3076 rabie
2197 3019 2585 3087 inﬂammatus,
2620 3028 2676 3074 et
2721 3019 2985 3085 clamores
3015 3033 3123 3086 prae
3166 3014 3374 3069 insania
3402 3012 3508 3067 tol-

1928 3116 2068 3178 lens,
2102 3114 2265 3185 lignis
2294 3128 2361 3168 ac
2412 3113 2581 3184 virgis
2616 3111 2902 3166 carniﬁces
2961 3108 3306 3170 verberabat,
3359 3104 3504 3175 quod

1930 3219 2128 3275 segnes
2152 3210 2335 3259 essent
2365 3202 2420 3257 in
2447 3210 2687 3274 martyre
2710 3200 3026 3265 cruciando,
3063 3198 3343 3270 magisque
3373 3210 3507 3250 con-

1853 3325 1896 3382 C
1930 3307 2015 3352 tra
2061 3297 2369 3360 carnifices,
2400 3311 2561 3366 quam
2609 3303 2799 3349 contra
2835 3295 3011 3347 virum
3053 3290 3209 3345 illum
3256 3296 3507 3343 sanctum

1930 3388 2386 3455 excandescebat,
2416 3387 2748 3442 domesticos
2771 3395 2827 3439 et
2860 3384 3155 3438 familiares
3189 3396 3318 3437 suos
3360 3380 3513 3450 prius

1932 3497 2094 3552 quam
2128 3489 2417 3548 martyrem
2458 3480 2778 3535 verberans.
2807 3477 2942 3532 Cum
2975 3486 3158 3531 autem
3192 3473 3357 3543 judex
3398 3471 3515 3540 ipse

1934 3572 1990 3627 in
2024 3587 2154 3639 suos
2176 3573 2349 3643 magis
2378 3571 2605 3633 fureret,
2643 3579 2773 3625 tunc
2798 3568 2999 3622 athleta
3027 3565 3346 3622 Vincentius
3373 3564 3514 3633 (ejus

1935 3674 2117 3719 autem
2163 3679 2386 3729 nomen,
2434 3664 2478 3718 si
2522 3663 2647 3734 quis
2678 3662 2864 3718 Grmce
2907 3662 3316 3729 interpretetur,
3360 3654 3516 3735 inve-

1937 3759 2054 3812 niet
2080 3757 2222 3811 idem
2251 3757 2454 3824 valere,
2486 3772 2549 3812 ac
2589 3758 2633 3811 si
2664 3756 2918 3818 Niceten,
2958 3755 3060 3807 hoc
3090 3760 3173 3807 est
3218 3749 3515 3816 Victorem,

1937 3848 2128 3919 dicat),
2186 3849 2243 3903 in
2291 3849 2440 3918 ligno
2473 3849 2738 3918 pendens,
2772 3846 3096 3903 sceleratum
3142 3842 3382 3918 judicem
3435 3841 3518 3895 sic

1937 3940 2136 3999 affatus
2167 3950 2254 3997 est
2282 3958 2295 3994 :
2325 3939 2465 4006 Quid
2497 3939 2595 4004 ais,
2650 3936 2916 3993 Datiane?
2966 3935 3044 3989 En
3087 3948 3279 4006 poenas
3311 3932 3519 4002 recip‘o

1938 4033 2009 4088 ab
2037 4032 2144 4097 his,
2181 4032 2272 4103 qui
2306 4047 2393 4087 me
2422 4032 2689 4097 cruciant,
2728 4039 2784 4085 et
2809 4039 2866 4084 tu
2899 4035 3088 4084 contra
3117 4035 3239 4081 tuos
3268 4024 3520 4079 homines

1941 4122 2171 4178 ultorem
2204 4132 2258 4178 te
2291 4123 2421 4178 mihi
2442 4124 2672 4194 praebes.

237 4204 353 4275 τὴν
384 4204 689 4273 ἐκδίκησιν,
722 4207 913 4280 ἐπειδὴ
943 4208 1106 4274 αὐτὸς
1138 4209 1282 4265 κατὰ
1348 4210 1457 4267 τῶν
1492 4211 1695 4267 σαυτοῦ
1762 4209 1981 4281 έκδικός
2029 4232 2134 4288 μου
2170 4214 2441 4287 πέφηνας.
2513 4212 2741 4278 Τούτοις
2789 4212 2848 4267 δὲ
2899 4212 3017 4276 τοῖς
3076 4209 3311 4281 ῥήμασι,
3359 4205 3523 4261 πλέον

240 4295 419 4347 αὐτὸν
441 4294 723 4360 ἐκόλαζεν.

320 4389 347 4443 1
370 4428 387 4443 .
421 4389 687 4456 ’Δκοῠσας
705 4389 762 4445 δὲ
788 4389 988 4461 ταῦτα,
1025 4392 1236 4465 μείζονι
1293 4394 1392 4450 καὶ
1414 4394 1836 4471 λυσσωδεστέρᾳ

239 4482 411 4553 φωνῇ
429 4480 590 4535 πλέον
618 4482 843 4556 οέκσοᾷν
883 4482 1134 4556 ἄρχεται,
1193 4487 1289 4541 καὶ⁸
1333 4488 1446 4552 τοῖς
1479 4487 1692 4544 ὀδοῦσιν
1715 4490 1838 4545 ἐπι-

238 4572 357 4645 ὅρῦ
361 4588 425 4643 χε
434 4587 482 4626 ιν
498 4573 745 4639 ἐκτόπως
775 4574 970 4631 ἑαυτὸν
985 4579 1014 4631 6
1027 4577 1374 4649 ταλαίπωρος
1395 4582 1837 4653 προσπαράττων

2013 4400 2085 4456 X.
2144 4398 2275 4456 Haec
2329 4414 2457 4457 cum
2519 4408 2726 4472 martyr
2771 4399 3020 4463 dixisset,
3072 4396 3313 4470 iudicem
3344 4397 3527 4467 ipsum

1945 4494 2120 4567 magis
2148 4494 2434 4566 magisque
2464 4493 2762 4550 cruciabat.
2808 4491 3172 4560 Quamobrem
3200 4490 3366 4560 coepit
3401 4488 3530 4560 plus

1944 4585 2131 4642 furere
2163 4594 2222 4642 et
2240 4586 2501 4649 clamare,
2532 4597 2589 4640 et
2621 4584 2878 4640 dentibus
2917 4583 3170 4648 fremere,
3216 4582 3356 4637 uttra
3399 4597 3522 4636 mo-

238 4664 351 4719 τοῦ
417 4664 712 4737 μάρτυρος.
763 4666 876 4723 Καὶ
908 4668 1018 4741 γάρ
1069 4668 1165 4725 τοῦ
1210 4670 1353 4736 ξέειν
1382 4672 1764 4744 άποκαμόντες
1786 4691 1816 4729 ο

1945 4677 2076 4734 dum
2129 4691 2190 4733 se
2230 4676 2402 4749 magis
2442 4689 2606 4746 quam
2659 4684 2947 4746 martyrem
2981 4672 3252 4729 crucians.
3295 4671 3377 4727 Ad
3408 4673 3526 4731 haec

239 4757 445 4829 δήμιοι
476 4759 832 4829 ἐπεπήγεσαν
857 4759 1052 4833 ῶσπερ
1079 4764 1297 4835 ἄψυχοι,
1316 4766 1443 4820 αἵτε
1467 4769 1647 4838 χεῖρες
1661 4768 1842 4824 αὐτῶν

204 4868 229 4903 κ
244 4866 324 4902 πε
333 4850 393 4918 pi.
421 4848 492 4903 τά
519 4849 732 4921 πλευρά
754 4851 849 4905 τοῦ
870 4852 1081 4907 δικαίου
1112 4856 1305 4926 νεκραὶ
1322 4856 1728 4928 ἀπεκρέμαντο,
1751 4861 1847 4915 καὶ

239 4943 323 4994 τὰ
348 4939 627 5010 πρόσωπα
656 4942 973 5021 ὠχριῶντες
998 4947 1292 5017 κρουνηδὺν
1313 4948 1441 5013 τοὺς
1461 4948 1690 5021 ἱδρῶτας
1707 4950 1848 5008 κατὰ

243 5032 469 5095 παντὸς
495 5032 591 5087 τοῦ
639 5018 895 5106 σώματος
938 5037 1120 5091 αὐτῶν
1155 5037 1404 5109 ἔσταζον,
1450 5018 1549 5095 καὶ
1592 5041 1662 5096 τά
1710 5042 1847 5116 μέλη

242 5124 523 5196 λυόμενοι
554 5131 978 5202 κατεστήκόντο.
1017 5131 1150 5186 Τότε
1174 5134 1371 5205 στῆθος
1400 5134 1581 5189 αὐτῶν
1613 5136 1846 5191 ἐπιπολὺ

240 5219 628 5290 κεκμηκότων
701 5219 894 5294 ὥσπερ
927 5223 1137 5278 ἄπνουν
1185 5224 1446 5281 λελίθωτο
1471 5243 1485 5260 ·
1529 5227 1850 5300 ὕπελάμδα·

244 5329 354 5375 νες
383 5310 443 5365 δὲ
471 5312 716 5378 ἐκείνους
767 5315 971 5386 μᾶλλον
1011 5319 1423 5390 τετιμωρῆσθαι
1449 5324 1570 5384 ταῖς
1592 5321 1847 5393 βασάνοις

247 5408 365 5461 καὶ
388 5409 621 5478 νεκροὺς
652 5409 945 5481 ὑπάρχειν,
978 5412 1172 5483 νεκρὸν
1194 5413 1249 5466 δὲ
1284 5414 1378 5467 καὶ
1407 5414 1572 5468 αὐτὸν
1617 5417 1709 5468 τὸν
1744 5418 1849 5469 Δα-

246 5499 458 5555 sit:va
501 5500 564 5554 τὸ
600 5501 893 5572 πρόσωπον
940 5503 1250 5574 ὠχριῶντα,
1290 5505 1517 5577 ἄψυχον,
1552 5506 1845 5578 τρέμοντα,

248 5592 402 5651 τοὺς
449 5589 766 5661 ὀφθαλμοὺς
822 5592 1272 5662 ἀμϐλυώττοντα,
1314 5596 1579 5666 ἀχλυώδει
1622 5600 1729 5650 τινὶ
1772 5596 1852 5669 τῷ

252 5678 588 5750 βλέμματι,
629 5680 727 5733 καὶ
775 5681 965 5754 ὥσπερ
1011 5684 1069 5737 ἐν
1134 5684 1351 5758 θανάτῳ
1412 5687 1852 5757 συγκεχυμένους

248 5772 599 5840 κατέχοντα.
635 5773 747 5825 Καὶ
774 5773 884 5845 γὰρ
923 5774 1087 5828 πάλιν
1143 5776 1379 5833 ἄτακτον
1437 5778 1533 5832 καὶ
1584 5778 1852 5848 μανιῶδες

246 5860 400 5914 ὲὸόα
452 5862 597 5916 κατὰ
646 5864 757 5919 τῶν
786 5865 998 5937 δημίων
1019 5884 1033 5900 ·
1088 5868 1153 5921 Τί
1201 5870 1511 5941 πράσσετες
1545 5871 1719 5941 λέγων
1745 5887 1760 5900 “
1791 5872 1853 5924 οὐ

248 5958 384 6022 γὰρ
418 5955 769 6025 ἐπιγινώσκω
805 5961 903 6024 τὰς
927 5961 1117 6034 χεῖρας
1154 5962 1309 6033 ὑμῶν
1330 5963 1712 6036 ’.ἀνδροφόνων
1739 5959 1854 6016 οἶδα

1946 4767 2236 4825 carnifices
2270 4768 2400 4839 ipsi.
2444 4783 2568 4823 cum
2600 4766 2656 4821 in
2694 4781 2761 4822 eo
2791 4765 3078 4822 lacerando
3111 4774 3295 4821 essent
3325 4764 3524 4822 defati-

1947 4859 2076 4932 gati,
2105 4868 2362 4931 tanquam
2391 4858 2685 4915 exanimati
2713 4858 2823 4930 jam
2857 4865 3195 4929 torpuerant,
3224 4871 3526 4930 eorumque

1950 4967 2177 5018 nianus,
2239 4961 2497 5022 tanquam
2558 4959 2806 5016 mortuae,
2865 4950 3008 5007 circa
3056 4951 3308 5022 martyris
3358 4951 3526 5008 latera

1949 5045 2304 5117 obriguerant
2338 5062 2351 5100 :
2386 5059 2620 5115 cumque
2665 5043 3078 5114 expalluissent.
3123 5044 3321 5100 sudore
3356 5045 3529 5100 multo

1951 5145 2123 5191 totum
2161 5152 2349 5192 eorum
2376 5152 2577 5207 corpus
2616 5136 2940 5210 irrigabatur
2971 5154 2984 5193 :
3011 5137 3267 5193 omnibus
3291 5138 3531 5210 denique

1950 5227 2211 5282 membris
2240 5225 2489 5283 dissoluti
2530 5236 2709 5283 erant.
2740 5228 2927 5298 Itaque
2973 5242 3069 5284 eos
3097 5227 3285 5285 videre
3332 5228 3527 5284 licebat

1951 5319 2291 5375 cruciatibus
2344 5320 2514 5392 magis
2563 5319 2786 5377 affectos
2806 5330 2827 5386 ,'
2874 5336 3035 5391 quam
3089 5329 3423 5393 martyrem,
3464 5335 3529 5376 ac

1952 5412 2346 5483 propemodum
2385 5422 2668 5468 mortuos:
2694 5414 2824 5483 quin
2846 5413 3008 5467 etiam
3042 5412 3324 5467 Datianum
3350 5412 3527 5483 ipsum

1952 5526 2049 5566 ore
2082 5510 2302 5580 pallido,
2333 5510 2663 5576 exanimem,
2697 5518 3043 5574 trementem,
3076 5507 3249 5562 oculis
3288 5507 3529 5577 caligan-

1956 5606 2086 5662 tem,
2120 5606 2176 5650 ct
2206 5605 2461 5666 tanquam
2492 5606 2669 5652 morte
2709 5606 3038 5667 correptum,
3074 5606 3237 5667 atque
3275 5594 3531 5649 immobi-

1953 5689 2060 5744 lem
2096 5688 2320 5753 factum,
2349 5704 2539 5744 rursus
2570 5690 3011 5759 incompositum,
3049 5687 3432 5752 insanientem,
3473 5694 3531 5741 ct

1954 5790 2145 5836 contra
2176 5780 2459 5836 carniﬁces
2501 5782 2891 5837 vociferantem
2926 5800 2938 5835 :
2973 5781 3239 5847 Quidnam
3280 5794 3377 5834 vos
3422 5779 3532 5849 agi-

1961 5872 2064 5929 tis?
2093 5873 2293 5928 Annon
2351 5872 2483 5928 mihi
2529 5881 2675 5928 nota:
2718 5883 2842 5929 sunt
2877 5889 3071 5928 manus
3105 5871 3337 5927 vestrae?
3378 5872 3537 5941 Smpe

1959 5965 2356 6024 homicidarum
2388 5967 2654 6023 saevitiam
2687 5982 2717 6022 a
2745 5968 2901 6024 vobis
2932 5974 3257 6038 prostratam
3284 5964 3534 6037 cognovi.
