3846 6474
366 444 469 507 743

1583 440 1864 501 MENSIS
1900 439 2357 504 JANUARIUS.

3503 446 3619 511 7H

367 560 698 626 Frequenter
741 549 1008 608 latronum
1050 561 1105 611 et
1155 547 1546 623 parricidarum
1596 553 1931 609 ferocitatem

2050 554 2305 619 πολλάκις
2332 557 2475 628 ὑμᾶς
2509 558 2840 628 νικήσαντας
2881 556 3163 622 ἀπόνοιαν,
3187 557 3283 612 καὶ
3306 561 3621 631 πατροκτό-

362 648 614 704 manibus
637 650 828 702 vestris
849 647 1219 718 crpugnastis,
1243 656 1299 701 et
1322 645 1685 700 veneficorum
1711 659 1931 707 arcana.

364 745 417 796 in
455 739 647 794 intimo
707 753 891 792 eorum
930 739 1094 792 corde
1146 737 1372 792 latentia
1424 752 1798 807 szepennmero
1847 750 1936 790 ex-

363 832 606 886 traxistis
663 849 677 885 :
728 830 930 901 quique
988 828 1194 883 nefarie
1252 826 1725 898 intemperantiam
1780 840 1935 881 suam

361 923 693 987 effuderunt,
730 938 916 977 eorum
955 922 1212 975 intestina
1247 921 1551 975 dilaniastis
1590 938 1603 974 :
1652 928 1813 987 atque
1856 916 1937 989 (ut

362 1015 672 1070 summatim
710 1014 906 1077 dicam)
933 1015 1182 1088 qrtjsnam
1236 1012 1308 1065 ita
1351 1008 1784 1081 inexpugnabilis
1809 1007 1933 1071 fuit,

362 1108 455 1178 qui
491 1124 613 1163 cum
657 1108 711 1161 in
758 1122 951 1161 manus
982 1116 1189 1159 vestras
1220 1104 1490 1165 inciderit.
1517 1119 1624 1156 non
1659 1101 1816 1156 facile
1856 1099 1938 1153 in-

366 1199 624 1254 terfectus
654 1198 853 1252 fuerit?
886 1197 1025 1262 Quid
1060 1197 1224 1266 igitur
1265 1204 1380 1259 est,
1406 1195 1605 1249 milites
1634 1194 1763 1256 mei,
1793 1191 1938 1260 quod

366 1293 639 1347 hominem
693 1293 853 1347 istum
886 1291 1198 1355 scelestum,
1234 1305 1425 1359 magna
1460 1303 1586 1344 cum
1632 1285 1937 1341 temeritate

364 1382 720 1453 imperatores
751 1391 962 1437 nostros
990 1389 1454 1442 contemnentem,
1490 1378 1785 1448 reprimere
1822 1389 1936 1429 non

365 1475 695 1546 possumus?
720 1474 917 1529 Saltem
941 1488 1041 1529 nos
1064 1480 1279 1527 moveat
1302 1470 1535 1526 dedecus
1556 1478 1611 1524 et
1636 1467 1935 1537 turpitudo,

364 1583 434 1621 ne
461 1567 587 1637 quid
619 1565 837 1637 gravius
866 1564 1067 1620 dicam.
1106 1563 1254 1618 Alios
1294 1571 1557 1633 negantes
1596 1558 1848 1620 erimina,
1884 1565 1940 1611 et

366 1669 593 1714 mortem
630 1659 799 1727 ipsam
831 1657 1142 1721 irridentes,
1165 1658 1405 1711 nondum
1436 1663 1612 1709 morte
1644 1652 1788 1706 illata
1814 1664 1939 1720 per-

365 1750 757 1814 terrcfecimus,
825 1756 879 1803 et
911 1746 1067 1803 istius
1108 1746 1512 1808 debacchantis,
1553 1753 1714 1815 atque
1756 1744 1933 1812 impe-

363 1850 571 1895 ratores
624 1842 786 1910 ipsos,
828 1840 971 1911 leges
1002 1849 1055 1895 et
1076 1841 1298 1896 deorum
1328 1841 1449 1910 jura
1474 1833 1939 1906 reprobantislin-

366 1948 527 2003 gnam
556 1949 843 2003 procacem
877 1933 1161 1989 continere
1195 1949 1304 1988 nou
1330 1928 1660 2002 possumus?

442 2049 533 2105 XI.
566 2051 649 2105 Ad
696 2053 809 2106 haec
858 2050 1015 2106 hilari
1052 2050 1200 2105 vultu
1235 2052 1423 2105 beatus
1466 2046 1783 2102 Vincentius
1815 2043 1940 2098 sub-
1981 2043 2026 2101 Β

371 2144 575 2203 ridens,
600 2143 914 2211 respondit:
937 2143 1043 2196 llac
1075 2142 1128 2196 in
1159 2157 1218 2197 re
1244 2141 1484 2196 divinum
1514 2140 1642 2195 illud
1663 2137 1940 2194 oraculum

370 2234 676 2304 impletur:
722 2234 962 2288 Videntes
997 2252 1099 2287 non
1144 2234 1342 2297 vident,
1399 2242 1449 2287 et
1511 2233 1783 2286 audientes
1840 2247 1944 2284 non

367 2326 661 2380 audinnt‘.
719 2326 875 2380 Tunc
930 2327 1172 2381 omnium
1226 2326 1507 2380 hominum
1568 2322 1943 2378 crudelissime

370 2426 625 2487 tyranne,
657 2416 809 2487 cogis
850 2431 936 2471 tne
988 2416 1137 2470 illum
1170 2417 1339 2471 Deum
1372 2430 1593 2486 negare,
1619 2429 1780 2483 quem
1823 2414 1944 2466 uni-

369 2525 648 2565 versarum
715 2526 895 2564 rerum
965 2508 1227 2579 Opificem
1286 2523 1351 2563 ac
1414 2507 1750 2561 Salvatorem
1822 2520 1943 2559 esse

371 2599 582 2656 testor?
612 2598 765 2654 Hunc
787 2615 887 2671 ego
914 2615 1100 2653 verum
1134 2598 1301 2654 Deum
1326 2613 1449 2653 esse
1472 2595 1754 2651 confiteor.
1779 2594 1940 2664 Atqui

369 2695 563 2750 merito
618 2693 952 2748 cruciatibus
1010 2691 1329 2747 afﬁciendus
1386 2704 1587 2755 essem,
1644 2688 1688 2743 si
1743 2702 1942 2742 vanum

366 2783 593 2855 aliquid,
625 2794 721 2839 aut
761 2784 957 2839 falsum
1003 2784 1283 2849 dixissem,
1315 2783 1360 2837 si
1410 2783 1769 2851 imperatores
1812 2780 1945 2834 deos

363 2890 487 2930 esse
544 2874 916 2929 aiﬁrmassem.
959 2874 1041 2928 Tu
1085 2889 1214 2927 vero
1245 2872 1451 2927 diutius
1495 2887 1582 2925 me
1621 2871 1834 2926 crneies
1888 2871 1943 2923 in

366 2968 682 3039 huiusmodi
736 2967 1084 3024 confessfone
1119 2973 1555 3037 permanentem,
1608 2979 1787 3033 neque
1821 2978 1945 3017 cru-

366 3060 645 3115 delitatem
700 3059 858 3113 istam
912 3073 1169 3112 exercete
1222 3048 1414 3112 contra
1469 3072 1553 3112 me
1580 3053 1946 3111 desinas:ita

368 3150 514 3206 enim
541 3149 979 3218 probatissimam
1000 3147 1437 3201 Christianorum
1462 3146 1744 3200 veritatem
1776 3146 1946 3215 magis

366 3257 696 3313 cognoscere
732 3241 955 3312 poteris,
1008 3240 1053 3294 si
1109 3249 1293 3294 tamen
1352 3254 1646 3309 parumper
1696 3238 1945 3308 impurus

366 3334 593 3403 spiritus
623 3350 651 3389 ο
683 3344 734 3389 ιο
769 3334 1102 3390 discesserit.
1136 3334 1259 3390 "me
1300 3351 1424 3391 cum
1473 3345 1694 3390 sanctus
1742 3343 1946 3404 martyr

368 3424 689 3481 Vincentius
719 3427 947 3488 diceret,
998 3436 1052 3482 et
1100 3427 1269 3496 judex
1317 3442 1378 3481 se
1437 3427 1647 3482 irrideri
1703 3410 2013 3496 putaret,C

366 3522 536 3591 magis
581 3521 857 3590 magisque
902 3520 1230 3585 insaniebat,
1264 3527 1377 3574 toto
1404 3530 1624 3591 pectore
1654 3521 1939 3586 anhelans,

367 3620 422 3665 et
452 3611 591 3666 collo
621 3611 1019 3674 intumescens.
1055 3622 1276 3679 lotoque
1322 3613 1474 3666 vultu
1522 3612 1858 3678 immutatus,
1888 3622 1942 3667 et

367 3703 436 3757 ab
470 3704 645 3758 oculis
692 3704 873 3759 radios
904 3705 1076 3760 instar
1105 3705 1460 3759 scintillarum
1513 3704 1769 3759 emittcns
1801 3722 1815 3757 :
1850 3703 1942 3773 qui

370 3795 589 3851 turbato
618 3806 841 3866 aspectu
878 3797 1160 3866 sanguinis
1187 3799 1425 3852 colorem
1473 3812 1583 3867 prae
1627 3812 1686 3851 se
1730 3796 1943 3851 ferente

369 3898 499 3943 tunc
520 3886 806 3952 aestuabat,
839 3903 965 3943 cum
989 3888 1273 3944 carnifices
1296 3889 1443 3960 ipsos
1465 3905 1572 3944 non
1600 3889 1776 3943 solum
1801 3904 1944 3942 mar-

368 3978 503 4049 tyris
532 3978 725 4043 latera,
757 3980 852 4034 sed
891 3989 1062 4034 totum
1105 3995 1305 4050 corpus
1330 3989 1384 4035 et
1412 3980 1692 4041 intestina,
1721 3993 1945 4049 compa-

367 4082 462 4138 ges
509 4084 725 4137 quoque
782 4070 1030 4139 corporis
1089 4080 1146 4125 et
1192 4070 1480 4140 juncturas
1535 4069 1608 4124 ita
1648 4069 1945 4123 dilacerare

369 4162 601 4228 videret,
632 4174 691 4217 ut
723 4179 830 4218 non
858 4165 1094 4235 amplius
1130 4174 1316 4237 posset
1344 4164 1631 4220 carniﬁces
1665 4179 1945 4231 accusare,

341 4255 511 4325 .qund
543 4257 874 4327 negligentes
904 4257 1103 4313 forent.
1135 4257 1321 4326 Itaque
1347 4266 1570 4327 stupore
1591 4257 1949 4327 afficiebatur,

367 4332 515 4416 quod
567 4345 711 4401 illius
740 4346 958 4403 athletae
987 4348 1235 4402 animum
1272 4349 1345 4403 ita
1391 4365 1648 4419 maguum
1680 4358 1737 4405 et
1768 4351 1950 4405 excel-

369 4453 487 4492 snm
522 4439 751 4494 videret.

2047 661 2154 696 νων
2211 645 2410 715 ὁμοίως
2464 650 2530 717 τῇ
2591 649 2839 719 καρτερᾷ
2869 650 2979 702 τῶν
3005 649 3212 722 χειρῶν
3236 651 3488 723 ἐπιμονῇ,
3518 652 3646 709 καὶ.

2043 735 2257 816 γοήτων
2289 737 2581 808 ἀπόρρητα
2611 738 2689 809 τῷ
2727 738 2883 808 βάθει
2934 742 3303 811 καμπτόμενα
3352 743 3620 807 πολλάκις

2043 827 2402 896 ἁνερῤήξατε,
2437 832 2530 883 καὶ
2556 829 2666 883 τῶν
2700 832 2955 899 ἀθέσμους
3001 833 3500 888 ἁκολασταινόντων
3547 838 3619 889 τὰ

2044 916 2290 970 ἐνδόσθια
2315 919 2665 975 διεστείλατε,
2692 923 2802 975 Καὶ
2830 922 3015 985 ἁπλῶς
3030 940 3115 986 τις
3138 922 3283 978 οὕτω
3306 925 3622 990 δυσάλωτος

2043 1008 2137 1060 καὶ
2168 1010 2379 1079 ἰταμὸς,
2406 1011 2465 1075 ὃς
2497 1013 2638 1084 ᾤετο
2695 1014 2826 1085 ὑμῖν
2860 1015 3179 1085 ἐμπελάσας
3215 1020 3285 1088 τῇ
3318 1017 3413 1071 τοῦ
3447 1019 3619 1072 Gavi-

2042 1117 2136 1154 του
2167 1102 2555 1175 καθομολογία,
2594 1108 2687 1160 καὶ
2713 1108 2887 1177 ρᾆτα
2930 1110 3027 1179 οὐχ
3063 1110 3383 1176 ὑπέπεσενς
3415 1105 3461 1164 ὦ
3493 1113 3624 1182 ἐμοὶ

2046 1195 2398 1263 στρατιῶται,
2418 1196 2670 1260 ἀτάκτως
2692 1199 2880 1251 τοῦτον
2905 1198 3079 1262 οὕτως
3100 1200 3623 1270 ἐνυῦρίζοντακατὰ

2043 1285 2153 1337 τῶν
2182 1286 2606 1360 αὐτοκρατόρων
2638 1289 2880 1342 κωλῦσαι
2901 1291 3000 1343 οὒκ
3022 1292 3321 1360 ἰσχύομενς
3357 1291 3458 1343 κᾶν
3485 1291 3623 1359 γοῦν

2044 1376 2133 1430 διὰ
2160 1377 2252 1430 τὸν
2281 1379 2496 1447 γέλωτα
2522 1382 2616 1433 καὶ
2654 1382 2754 1451 τὴν
2797 1383 3081 1453 αίσχύνην,
3118 1384 3208 1437 ἵνα
3254 1384 3315 1437 τὸ
3361 1384 3625 1453 φορτικὸν

2048 1469 2330 1538 σιωπήσω,
2365 1472 2647 1541 πείσωμεν
2689 1473 2883 1537 ἄλλους
2925 1475 3310 1546 ἀρνουμένους,
3351 1476 3427 1538 ὡς
3455 1476 3621 1545 ἔφην,

2047 1560 2141 1613 καὶ
2165 1562 2454 1626 παίζοντας
2474 1565 2567 1617 τὸν
2588 1564 2840 1629 θάνατον,
2866 1568 2961 1619 καὶ
2988 1568 3131 1636 μάλα
3153 1567 3213 1619 τὸ
3242 1568 3426 1620 θανεῖν
3442 1584 3624 1638 κατη-

2047 1651 2346 1723 πείξαμενο
2374 1654 2567 1708 τούτου
2617 1656 2676 1710 δὲ
2710 1657 3173 1727 ἐμπαροινοῦντος
3231 1660 3325 1712 καὶ
3355 1659 3480 1713 λίαν
3516 1662 3623 1713 ἐκ-

2048 1744 2399 1813 φαυλίζοντος
2430 1748 2525 1799 καὶ
2552 1745 2796 1816 βασιλεῖς
2824 1750 2919 1801 καὶ
2943 1751 3165 1819 νόμους,
3204 1751 3299 1803 καὶ
3324 1752 3432 1804 τῶν
3465 1752 3627 1805 Θεῶν

2046 1838 2114 1889 τὰ
2145 1836 2351 1905 δίκαια,
2378 1837 2478 1908 τὴν
2506 1840 2606 1909 τῆς
2632 1840 2878 1911 γλώττης
2931 1842 3149 1912 ἐπέχειν
3185 1844 3517 1915 προπέτειαν
3558 1844 3624 1898 οῦ

2047 1925 2324 1996 δυνάμεθα
2344 1936 2383 1994 ;’

2123 2044 2224 2096 Μ’.
2257 2044 2366 2097 Καὶ
2383 2043 2526 2098 πάνυ
2551 2044 2792 2117 φαιδρῶς
2813 2047 3146 2119 ὑπομειδιῶν
3168 2052 3195 2104 ὀ
3218 2050 3628 2123 τρισμακάριος

2046 2136 2322 2200 Βικὲντιος
2351 2138 2488 2209 πρὸς
2520 2138 2729 2203 τούτοις
2757 2136 2939 2194 εἶπεν·
2979 2142 3099 2195 Ἐπὶ
3128 2144 3340 2207 τούτοις
3379 2144 3628 2216 πληροῦ-

2041 2242 2131 2280 ται
2161 2228 2223 2280 τδ
2243 2229 2343 2299 τῆς
2397 2227 2547 2293 θείας
2579 2230 2802 2302 Γραφῆς
2830 2234 3031 2300 λόγιον,
3066 2235 3148 2297 τὸ,
3171 2236 3511 2301 Βλέποντες
3549 2240 3627 2290 οὐ

2008 2320 2124 2413 ιμὴ
2156 2320 2348 2383 ἴδωσι,
2379 2323 2475 2377 καὶ
2501 2325 2831 2392 ἀκούοντες
2869 2329 2939 2380 οὺ
2965 2328 3053 2396 μὴ
3076 2330 3410 2394 ἀκούσωσι,
3443 2324 3488 2384 ὦ
3510 2347 3628 2383 πα-

2043 2411 2224 2465 νάθλιε
2273 2415 2365 2467 καὶ⁹
2421 2415 2640 2468 πάντων
2692 2415 2995 2487 ἀνθρώπων
3054 2419 3306 2487 ὠμότατε
3360 2420 3623 2489 τύραννε.

2043 2504 2176 2559 Θεὸν
2239 2506 2332 2560 τὸν
2355 2505 2575 2561 πάντων
2600 2509 2860 2579 Ποιητὴν,
2883 2509 2977 2562 καὶ
3005 2510 3234 2582 Σωτῆρα
3253 2511 3344 2564 καὶ
3372 2511 3497 2564 Υίδν
3522 2529 3602 2580 μο
3619 2543 3631 2551 -

2044 2600 2240 2666 νογενῆ
2270 2598 2366 2651 τοῦ
2398 2599 2517 2663 ἐνὸς
2555 2599 2785 2669 ὑψίστου
2811 2601 2948 2654 Θεοῦ
2985 2603 3081 2655 καὶ
3128 2604 3362 2674 Πατρδς,
3387 2604 3476 2656 τὸν
3510 2604 3631 2657 Κύο

2047 2706 2163 2759 ριον
2192 2691 2224 2760 ἠ
2236 2691 2354 2760 μῶν
2402 2691 2608 2762 Ἰησοῦν
2631 2693 2891 2763 Χριστὸν,
2919 2694 3088 2747 καὶτὸ
3109 2694 3334 2766 Πνεῦμα
3361 2696 3419 2747 τὸ
3443 2695 3628 2765 ἅγιον,

2044 2783 2107 2833 τὸ
2144 2783 2283 2852 μετά
2317 2783 2531 2854 Ποτρὸς
2561 2785 2654 2837 καὶ
2706 2784 2834 2839 Υίοῦ
2887 2786 3179 2856 σεϐόμενόν
3214 2805 3273 2840 τε
3326 2788 3420 2842 καὶ
3452 2804 3632 2858 προσ-

2045 2876 2380 2946 κυνούμενον
2417 2877 2795 2947 μαρτύρομαι,
2833 2879 2927 2932 καὶ
2972 2880 3305 2948 ἀναγκάζεις
3341 2899 3407 2951 με
3449 2883 3630 2953 ἀρνή-

2046 2966 2243 3020 σασθαι
2301 2966 2491 3022 τοῦτον
2542 2970 2713 3040 ὅνπερ
2767 2969 2942 3042 ἀληθῆ
2973 2973 3308 3042 τυγχάνοντα
3339 2974 3628 3042 ὀμολογῶς

2044 3059 2349 3129 τηνικαῦτα
2407 3060 2517 3130 γὰρ
2574 3061 2743 3134 ἐχρῆν
2776 3080 2835 3115 σε
2889 3065 3312 3136 τιμωρήσασθαί
3363 3083 3429 3135 με
3462 3068 3632 3138 εἴπερ

2045 3151 2370 3223 ἐψευδόμην,
2406 3155 2456 3206 εἰ
2482 3154 2640 3218 θεοὺς
2667 3151 2807 3208 εἶναι
2848 3154 3035 3225 ἔλεγον
3081 3156 3208 3219 τοὺς
3251 3155 3490 3227 βασιλεῖς
3525 3174 3630 3212 σου

2047 3245 2140 3297 καὶ
2163 3245 2605 3317 αὖτοκρατοραςτ
2643 3247 2803 3301 Ἀλλὰ
2844 3248 2954 3319 γὰρ
2994 3249 3227 3302 ἐπιπολὺ
3261 3250 3517 3320 στρέϐλου
3553 3267 3627 3319 με

2045 3340 2111 3407 τῇ
2144 3338 2402 3410 ὁμολογία
2454 3339 2628 3412 ταύτῃ
2688 3340 3016 3411 ἐμμένοντα,
3047 3341 3141 3395 καὶ
3188 3342 3265 3414 μὴ
3306 3343 3493 3414 παύσῃ
3521 3343 3629 3410 τῆς

2048 3428 2169 3482 κατ’
2202 3428 2335 3499 ἐμοῦ
2364 3429 2667 3501 ὠμότητος,
2700 3432 2748 3483 εί
2793 3430 2902 3502 ἄρα
2941 3433 3032 3485 καὶ
3067 3430 3209 3485 οὕτω
3226 3432 3323 3503 τὴν
3348 3432 3456 3485 τῶν
3483 3433 3631 3502 Χρι-

2050 3521 2281 3574 στιανῶν
2332 3521 2711 3592 δοκιμωτάτην
2751 3522 3009 3594 ἀλήθειαν
3059 3525 3264 3597 δυνήσῃ
3306 3525 3631 3593 ἐπιγνῶναι,

2050 3613 2485 3682 ὑπολογήσαντος
2527 3612 2721 3684 μικρὸν
2765 3613 2861 3666 τοῦ
2893 3616 2949 3666 ἐν
2986 3616 3069 3667 σοὶ
3098 3615 3446 3686 ἐνεργοῦντος
3483 3616 3633 3669 ἀκα-

2048 3706 2253 3773 θάρτου
2287 3705 2620 3774 πνεύματος.
2647 3705 2835 3759 Ταῦτα
2883 3705 2976 3759 τοῦ
3027 3708 3182 3774 ἁγίου
3218 3707 3487 3775 λέγοντος,
3519 3724 3633 3777 μα-

2052 3800 2409 3870 νιωδέστερος
2462 3796 2872 3868 ἐπιγελώμενος
2910 3801 2937 3851 ὸ
2979 3799 3223 3859 διάϐολος
3261 3798 3521 3870 κατέστη,
3545 3799 3635 3871 τῷ

2049 3909 2109 3945 τε
2143 3892 2328 3962 στήθει
2364 3892 2755 3958 ἐπασθμαίνων
2778 3891 2870 3943 καὶ
2901 3880 2993 3944 τδν
3028 3890 3230 3961 αὐχένα
3281 3892 3630 3957 ἀνοιδαίνων,

2052 3984 2145 4037 καὶ
2172 3985 2354 4036 πᾶσαν
2385 3982 2575 4046 ἁπλῶς
2606 3981 2706 4053 τὴν
2757 3981 2879 4052 ὄψιν
2922 3980 3016 4034 τοῦ
3057 3981 3398 4052 ἀνθρωπείου
3428 3981 3636 4052 μεταλ-

2057 4075 2245 4142 λαγεὶς
2278 4073 2651 4145 χαρακτῆρος,
2699 4075 2868 4146 μόνην
2898 4073 2996 4145 τὴν
3020 4073 3126 4126 τῶν
3147 4073 3441 4143 ὀφθαλμῶν
3477 4091 3637 4127 καιο-

2054 4168 2221 4237 μένην
2246 4165 2406 4238 βολήν
2429 4166 2888 4238 πεφαρμαγμένῳ
2920 4167 3012 4218 καὶ
3034 4163 3346 4237 φθοροποιῷ
3370 4164 3445 4236 τῷ
3463 4163 3639 4235 step-

2055 4273 2184 4326 ματι
2215 4257 2511 4324 ἐπεπήγει,
2551 4257 2865 4327 καταρρέον
2897 4255 3040 4327 ὁρῶν
3064 4256 3123 4309 τὸ
3152 4251 3314 4327 αἷμα,
3352 4258 3427 4326 μὴ
3469 4256 3639 4327 μόνον

2049 4350 2160 4402 τῶν
2189 4347 2466 4419 πλευρῶν,
2506 4348 2645 4400 ἀλλὰ
2672 4350 2781 4417 γὰρ
2803 4347 2904 4418 ἢδη
2938 4350 3031 4401 καλ.
3063 4349 3267 4411 παντὸς
3302 4347 3396 4401 τοῦ
3439 4344 3637 4417 σώμα-

2051 4460 2142 4502 τος
2166 4441 2263 4495 τοῦ
2295 4440 2508 4504 λοιποῦ,
2546 4439 2644 4493 καὶ
2684 4440 2795 4494 τῶν
2848 4441 3097 4508 ἐγκὰτων
3132 4440 3187 4495 δέ
3224 4441 3290 4494 τὰ
3335 4440 3639 4511 ἐνδομύχια

369 4528 517 4600 ἐώρα
553 4529 910 4598 διηνοιγμένα
977 4529 1043 4600 τῇ
1094 4529 1204 4583 τῶν
1257 4532 1715 4603 στρεϐλωτηρίων
1750 4533 1986 4605 ἀνάγκῃ,
2048 4533 2160 4595 τὰς
2217 4547 2270 4584 τι
2307 4529 2521 4597 ζεύξεις
2568 4530 2663 4605 καλ
2705 4529 2973 4599 ἁρμονίας
3028 4529 3120 4585 τοῦ
3183 4530 3383 4595 παντὸς
3444 4528 3642 4603 σῶμα·

370 4638 459 4683 τος
517 4621 731 4693 βλέπων
786 4620 1216 4693 διηνοιγμένας;
1282 4626 1341 4676 ἐν
1388 4624 1568 4677 οὐδενὶ
1625 4624 1812 4677 λοιπὸν
1883 4620 2028 4693 εἶχεν
2106 4622 2378 4695 ῥᾳθυμίας
2452 4622 2893 4689 καταγινώσκειν
2928 4620 3037 4673 τῶν
3104 4619 3344 4690 δημίων·
3401 4620 3641 4693 ὑπερεξ-

371 4716 666 4786 επληττετο
698 4717 807 4787 γὰρ
856 4716 915 4769 τὸ
971 4716 1347 4786 μεγαλόψυχον
1402 4718 1544 4787 ὁρῶν
1597 4716 1692 4769 τοῦ
1736 4716 2064 4784 ἀγωνιστοῦ.

446 4839 559 4893 XII.
603 4839 737 4893 Cum
775 4853 906 4892 vero
941 4839 1174 4893 acerbus
1218 4846 1380 4907 atque
1438 4839 1663 4893 immitis
1725 4839 1813 4892 ilfe
1875 4849 1944 4910 ty-

2131 4840 2230 4894 IB'.
2272 4841 2401 4893 Ὅτε
2443 4839 2499 4892 δέ
2520 4837 2665 4892 οἱτω
2703 4820 2917 4908 πικρῶς
2970 4839 3065 4892 καὶ
3104 4838 3331 4903 ἀνίλεως
3369 4839 3640 4912 ὑπάρχων

373 4945 577 4988 rentius
611 4943 641 4984 ι
673 4939 907 4999 martyre
940 4944 1001 4982 se
1049 4930 1252 4982 vit-tum
1300 4938 1675 4997 cognosceret,
1731 4930 1951 4999 pestifer

375 5026 537 5079 homo
582 5023 687 5078 alia
716 5022 952 5091 quadam
986 5021 1071 5073 via
1123 5019 1466 5075 Vincentium
1511 5038 1797 5093 aggressus
1845 5033 1948 5090 est,

372 5118 605 5184 credens
642 5114 757 5169 fieri
784 5129 965 5183 posse,
1002 5123 1060 5167 nt
1082 5114 1451 5170 misericordia
1484 5128 1539 5171 et
1568 5117 1813 5179 lenitate,
1847 5118 1949 5172 viri

371 5207 501 5277 justi
527 5214 765 5263 mentem
795 5219 859 5258 ac
888 5202 1221 5258 voluntatem
1250 5207 1511 5262 alliceret.
1534 5206 1725 5263 Aiebat
1753 5209 1943 5279 igitur:

380 5300 655 5361 Miserere,
691 5296 966 5363 Vincenti,
1017 5290 1319 5366 ju‘ventutis
1358 5310 1484 5362 tute.
1541 5318 1718 5372 neque
1773 5306 1950 5359 anatis

377 5393 565 5447 ﬂorem
598 5391 651 5443 in
676 5390 865 5460 primis
891 5390 1050 5444 annis
1086 5392 1304 5463 decerpi
1335 5393 1579 5462 patiaris,
1624 5404 1784 5463 atque
1827 5395 1948 5449 lono

377 5483 545 5554 gioris
589 5482 714 5536 vita:
762 5484 994 5550 spatium
1044 5498 1116 5537 ne
1169 5484 1262 5537 tibi
1314 5484 1598 5554 przccidas.
1646 5484 1816 5539 Parce
1852 5487 1948 5542 tibi

378 5576 500 5645 ipsi.
545 5574 624 5630 Ne
666 5576 992 5643 committas,
1026 5587 1085 5630 ut
1132 5577 1373 5631 cruciatu
1421 5578 1626 5644 majore
1673 5579 1947 5634 lacereris.

379 5667 582 5724 Saltem
633 5683 756 5723 sero
791 5668 989 5737 sapias,
1026 5680 1081 5723 et
1115 5670 1399 5739 resipiscas
1448 5671 1688 5740 tandem,
1728 5685 1797 5725 ne
1834 5671 1951 5724 reli-

455 5847 469 5877 ‘
501 5844 688 5901 atattb.
723 5860 843 5907 xm.
878 5844 963 5899 l3.

2056 4932 2422 5004 ἀπηλέγχετο,
2456 4931 2658 5000 ἑτέρως
2692 4928 2927 4993 οίοὸὀλος
2965 4929 3195 5003 προσῄει
3241 4930 3321 5003 τῷ
3366 4931 3638 5005 μάρτυρι,

2054 5025 2301 5095 οἰόμενος
2350 5021 2519 5093 οἴκτῳ
2566 5021 2835 5094 ὑποσύραι
2881 5021 2975 5074 τοῦ
3006 5024 3215 5077 δικαίου
3242 5024 3301 5078 τὸ
3335 5026 3636 5098 φρόνημα·

2065 5116 2318 5188 Ἐλέησον
2349 5115 2477 5186 γὰρ,
2530 5115 2788 5183 ἔφασκεν,
2834 5114 3048 5178 ἐαυτὸν,
3079 5109 3125 5169 ὦ
3150 5117 3394 5171 Βικέντιε
3416 5134 3431 5148 ·
3459 5119 3535 5191 μὴ
3572 5120 3643 5176 τδ

2058 5210 2217 5273 ἄνθος
2238 5210 2335 5274 τῆς
2365 5209 2591 5279 ἐαρινῆς
2627 5224 2721 5260 σου
2750 5208 2844 5261 καὶ
2894 5207 3197 5278 δροσὼδους
3245 5210 3462 5281 ἡλικίας
3493 5215 3643 5266 ἀπρα-

2054 5303 2240 5376 λέσῃς,
2274 5304 2351 5354 ἔτι
2376 5302 2444 5355 τὰ
2467 5302 2662 5373 πρῶτα
2706 5302 2818 5363 τοῖς
2855 5298 3002 5353 ἔτεσι
3033 5302 3129 5370 τῆς
3155 5304 3406 5372 νεότητος
3437 5303 3644 5375 δρεποο

2061 5397 2248 5467 μένης,
2281 5394 2356 5465 μὴ
2376 5392 2436 5446 τὸ
2480 5391 2782 5463 μακρόϐιον
2812 5408 2906 5444 σου
2930 5392 3026 5461 τῆς
3056 5391 3203 5462 ζωῆς
3225 5395 3484 5466 ἐκκόψῃς.
3509 5400 3649 5452 φεῖ-

2060 5504 2149 5541 σαι
2186 5484 2383 5539 σαυτοῦ
2410 5486 2528 5546 ταῖς
2554 5482 2762 5546 αἰκίαις
2814 5482 2957 5536 οὕτω
3003 5488 3644 5560 κατασπαραττὼμε-ως,

2059 5580 2153 5631 καὶ
2186 5577 2286 5631 κᾶν
2315 5575 2445 5644 γοῦν
2478 5574 2577 5644 ὁ·ᾅέ
2617 5591 2749 5628 ποτε
2773 5572 2842 5627 τὰ
2871 5573 3038 5627 λοιπὰ
3071 5576 3180 5629 τῶν
3226 5578 3482 5648 βασάνων
3504 5581 3645 5653 acip-

2057 5670 2238 5740 δησον.
2282 5670 2390 5723 Καὶ
2420 5670 2447 5721 ὁ
2480 5667 2632 5738 ἅγιος
2693 5664 2770 5737 τῷ
2822 5665 2963 5739 ἁγίῳ
3011 5668 3293 5741 Πνεύμσιτι
3340 5672 3433 5728 τὸν
3482 5673 3646 5727 δόλον
