3846 6504
317 402 421 471 745

1579 404 1756 468 VITA
1788 403 1850 465 S.
1886 399 2299 467 VINCENTII.

3445 403 3550 467 746

321 518 764 592 προαισθόμενος,
795 520 892 575 καὶ
932 524 1032 595 τῆς
1065 523 1278 593 ἀπάτης
1324 518 1546 592 θεωρῶν
1583 518 1644 571 τδ
1669 517 1882 589 δέλεαρ,

1989 533 2096 587 qua
2151 499 2425 572 tormenta
2473 513 2715 586 patiaris.
2769 512 2904 573 Cum
2959 513 3076 570 hate
3109 513 3277 584 judex
3319 512 3569 593 dixisset,

319 609 529 675 τούτοις
573 613 686 676 τοῖς
714 611 891 681 λόγοις
924 615 1197 685 ἐχρήσατο
1227 612 1363 686 πρὸς
1403 611 1494 666 τὸν
1548 602 1745 683 ἐχθρόν
1768 626 1781 640 ·
1815 607 1890 666 Ὦ

318 702 539 774 ἀληθῶς
567 701 786 772 γλῶσσα
823 704 916 758 τοῦ
968 704 1217 759 διαὸὁλου
1275 705 1578 775 ἀκάθαρτε,
1602 703 1654 760 τί
1684 705 1787 759 οὐκ
1824 703 1890 759 ἂν

284 784 435 854 ’κατ’
469 794 604 865 ἐμοῦ
634 796 885 870 κυκήσῃς
915 797 1310 871 μηχανώμενος
1337 815 1351 863 ;
1381 797 1540 852 ὁπότε
1570 797 1659 851 τὸν
1686 797 1890 870 Κύριον

318 887 472 958 ἡμῶν
507 890 604 942 καὶ
635 888 768 945 Θεὸν
815 872 1077 963 πειρᾶσαι
1112 890 1424 964 ἠϐουλήθης
1456 907 1469 923 '
1508 890 1629 947 οὐδὲ
1656 891 1744 946 διὰ
1793 890 1891 955 τὰς

317 981 588 1052 τιμωρίας
616 980 683 1045 ἃς
746 983 1034 1054 ἐπιφέρειν
1079 1002 1170 1056 μοι
1221 983 1590 1055 χαλεπαίνεις,
1636 981 1798 1037 τοῦτο
1834 982 1891 1039 δὲ

321 1073 519 1143 μᾶλλον
556 1077 798 1129 πτοεῖται
831 1078 927 1131 καὶ
983 1078 1231 1146 φοϐεῖται
1286 1077 1676 1147 δεδιττόμενον,
1728 1075 1893 1146 ἡνίκα

326 1166 534 1238 πλάττῃ
589 1166 710 1220 κατ’
746 1166 882 1238 ἐμοῦ
945 1168 1363 1240 προτεινόμενος
1415 1166 1613 1223 ἔλαιον.
1658 1167 1767 1221 Καὶ
1811 1169 1891 1232 εἰς

319 1258 418 1328 ἐμὲ
484 1258 867 1329 κραταιούσοω
915 1260 1141 1315 παντοία
1183 1278 1278 1313 σου
1327 1260 1567 1327 κόλασις,
1620 1260 1715 1315 καὶ
1760 1261 1889 1315 εἴτι

322 1350 381 1404 δέ
413 1369 507 1405 σου
536 1353 656 1416 ταῖς
704 1353 1015 1422 στρατείαις
1067 1353 1162 1408 καὶ
1192 1353 1543 1425 κακοτέχνοις
1596 1340 1890 1424 δυνάμεσιν

319 1442 668 1513 ἐφευρίσκειν
709 1443 1006 1509 πέποιθας,
1048 1444 1418 1517 προσκόμισον
1458 1446 1759 1517 ἀνερευνῶν
1802 1446 1890 1501 διὰ

322 1533 415 1602 τῆς
446 1535 930 1605 πεφαρμαγμένης
977 1553 1070 1590 σου
1106 1537 1357 1608 πικρίας,
1385 1536 1645 1609 δοκίμαζε
1677 1537 1775 1610 τὴν
1807 1540 1888 1593 lc-

318 1620 414 1692 χύν
442 1639 499 1674 τε
535 1622 629 1677 καὶ
654 1623 837 1676 πίστιν
875 1625 982 1678 τῶν
1020 1627 1366 1699 Χριστιανῶν
1399 1628 1654 1695 καθόλου,
1698 1631 1772 1703 μὴ
1822 1631 1886 1685 σύ

318 1730 378 1779 γε
398 1712 561 1785 φείσῃ
580 1713 850 1784 αίκισμῶν
873 1717 968 1771 καὶ
994 1716 1291 1785 κολάσεων,
1324 1717 1569 1790 σιδήρου,
1594 1718 1757 1788 λέγω,
1795 1719 1889 1774 κα)⁸

316 1805 505 1873 πυρὸς,
562 1807 918 1876 κατατέμνων
973 1808 1068 1863 καὶ
1134 1811 1534 1883 κατεμπιπρῶν
1561 1827 1573 1841 ·
1606 1811 1747 1866 οὕτω
1776 1813 1885 1884 γὰρ
1912 1881 1915 1885 _

315 1895 402 1950 διὰ
462 1895 676 1951 πάντων
743 1899 844 1971 τὴν
907 1895 1079 1974 ἧτταν
1138 1902 1495 1997 ὁμολογήῖεις
1535 1906 1887 1977 καταισχυνό-
1923 1886 1961 1942 Β

319 2002 499 2053 μενος.

380 2076 480 2133 ΙΓ⁹.
524 2077 821 2150 Πριόμενος
853 2080 908 2134 δὲ
938 2084 1060 2146 ταῖς
1091 2082 1282 2155 ὀργαῖς
1315 2084 1458 2157 πρὸς
1491 2085 1702 2149 τούτοις
1729 2088 1756 2142 ό
1784 2091 1885 2143 Δα-

312 2167 514 2234 τιανὸς,
551 2172 642 2223 καὶ
670 2170 731 2224 τὸ
763 2170 966 2236 ὄνειδος
994 2175 1073 2245 μὴ
1091 2174 1277 2247 φέρων
1307 2176 1734 2245 ἐπεμϐαίνοντος
1762 2181 1885 2236 κατ’

313 2259 478 2313 αὑτοῦ
512 2262 601 2314 τοῦ
633 2263 962 2331 ἀγωνιστοῦ,
989 2265 1139 2337 λέγει
1167 2268 1302 2340 πρὸς
1334 2269 1433 2341 τὴν
1463 2270 1618 2338 τάξιν
1644 2287 1657 2302 ⁸
1693 2273 1883 2343 Διαγέ-

311 2350 424 2405 σθω
462 2353 709 2409 ἐντεῦθεν
744 2357 836 2410 ἐπὶ
879 2361 979 2431 τὴν
1013 2353 1161 2414 κατὰ
1186 2362 1348 2432 νόμον
1395 2361 1640 2429 ἐξέτασίν
1685 2380 1744 2417 τε
1789 2364 1885 2418 καὶ

312 2443 596 2516 ἀνάγκηνο
630 2447 1010 2518 δοκιμαζέσθω
1059 2451 1182 2504 κατ’
1219 2454 1408 2521 αὑτοῦ,
1464 2456 1559 2509 καὶ
1605 2444 1885 2527 ἀνιχνευὲ-
1933 2501 1941 2508 .

313 2534 530 2591 σθωσαν
568 2541 742 2594 πᾶσαι
773 2541 831 2594 al
863 2541 972 2596 τῶν
1005 2544 1471 2617 ἀπηγορευμένων
1523 2548 1777 2619 πράξεων
1798 2568 1880 2603 τι-

315 2628 543 2699 μωρίαι,
572 2632 957 2703 πατροφονέων
979 2651 1037 2687 τε
1073 2635 1166 2688 καὶ
1193 2636 1581 2708 ἀνδροκτόνων,
1605 2639 1770 2711 φημὶ,
1788 2643 1885 2699 καὶ

311 2718 524 2776 λοιπῶν
570 2725 880 2780 καταδίκων
934 2727 1254 2783 κολαστικὸν
1314 2730 1634 2803 μηχάνημα.
1671 2734 1732 2787 Εἰ
1771 2734 1883 2807 γὰρ
1938 2778 1940 2781 τ

312 2812 462 2865 me
494 2813 750 2886 λογισμὸς
783 2819 1137 2890 ἐγκαρτερεῖν
1167 2822 1279 2885 τοῖς
1309 2821 1500 2886 δεινοῖς
1533 2822 1763 2878 ἐπιπολῦ
1787 2825 1881 2879 δυ-

312 2902 567 2973 νήσηται,
595 2905 729 2959 ἀλλὰ
751 2907 855 2963 κᾶν
884 2909 1014 2978 γοῦν
1041 2910 1110 2964 τὰ
1159 2906 1293 2984 μέλη
1334 2914 1471 2978 ταῖς.
1502 2912 1758 2984 βασάνοις
1793 2918 1882 2972 ὲν-

310 2992 615 3050 απολέσθω·
646 2996 742 3049 καὶ
768 2997 955 3068 γὰρέν
979 3001 1089 3072 ὅσῳ
1112 2994 1270 3065 οὗτος
1290 3005 1399 3066 τοῖς
1425 3001 1558 3066 ζῶσι
1582 3006 1879 3076 περίεστιν,

309 3084 410 3155 ἐμὲ
442 3087 539 3158 τῆς
565 3088 723 3162 νίκης
765 3090 1027 3147 ἀδύνατον
1078 3095 1487 3162 ἐπιτεύξασθαι.
1530 3096 1592 3151 'G
1622 3098 1679 3152 δὲ
1715 3099 1883 3172 ἀθλη-

307 3176 409 3249 τὴς
439 3179 672 3252 ἀπονητὶ
697 3186 1212 3257 καταστρεφόμενος
1247 3186 1338 3241 τὸν
1363 3189 1677 3254 ἀντίπαλον,
1702 3191 1880 3246 τοιού-

303 3285 418 3332 τοις
449 3271 813 3344 ἀγαλλόμενος
847 3274 979 3329 ἐϐόα
1028 3279 1141 3343 τοῖς
1186 3280 1457 3350 ῥήμασιν·
1494 3276 1558 3334 Ὦ
1589 3283 1690 3353 τῆς
1736 3282 1875 3355 ἐμῆς

308 3364 715 3436 μακαριότητος
744 3365 961 3438 ἀληθῶς
991 3370 1085 3422 καὶ
1111 3370 1422 3441 ἀφροσύνης
1447 3373 1461 3430 l
1495 3375 1551 3426 al
1581 3373 1688 3445 γὰρ
1728 3375 1880 3446 παρὰ

309 3453 405 3506 σοῦ
439 3471 553 3525 μοι,
582 3451 818 3525 διάϐολε,
844 3459 1096 3524 ἀπειλαὶ,
1123 3461 1489 3533 πληρεστατοι
1516 3466 1880 3536 τυγχάνουσιν

305 3545 539 3612 ἔπαινοι,
564 3549 658 3602 καὶ
687 3551 719 3621 ἡ
748 3552 1078 3625 τραχυτέρα,
1096 3553 1171 3617 ὡς
1194 3556 1316 3621 οἴει,
1345 3556 1680 3628 κατάπληξις
1708 3574 1881 3612 σεσω-

308 3639 551 3710 ρευμένη
585 3640 711 3709 δόξα
738 3643 975 3715 ὑπάρχει
1001 3660 1015 3673 ’
1049 3646 1105 3698 ἐν
1135 3639 1177 3713 ᾧ
1201 3645 1258 3698 δὲ
1299 3646 1542 3717 νομίζεις
1575 3648 1880 3719 βαρύτατον

305 3730 642 3800 ἑργίξεσθαι,
679 3734 836 3787 τοῦτο
862 3736 1062 3804 μᾶλλον
1101 3738 1264 3809 ἀρχεῖ
1287 3755 1353 3809 με
1375 3740 1442 3792 τὰ
1466 3737 1716 3810 βέλτιστα
1734 3740 1880 3813 ὠφε-

302 3815 434 3872 λεῖν.
464 3820 573 3873 Καὶ
601 3822 629 3875 ό
653 3824 914 3888 Δατιανὸς
939 3826 1247 3899 ὑπερζέσας
1265 3820 1384 3892 ταῖς
1404 3829 1644 3900 μανίαις,
1678 3832 1881 3897 εὐθέως

306 3911 638 3978 προστάττει
694 3917 927 3988 σταυρὸν
977 3919 1387 3990 καταπαγῆναι,
1423 3923 1519 3976 καὶ
1560 3923 1676 3978 ἐκεῖ
1709 3940 1880 3998 atpos-

304 4003 586 4073 ‘qlmdévu
607 4007 828 4079 άκινητὶ
861 4010 1168 4081 καταμέλος
1200 4012 1528 4076 αἰκίζεσθαι.
1561 4015 1672 4069 Καὶ
1701 4015 1766 4099 δη
1812 4016 1881 4071 τὰ

308 4098 754 4167 προσταττόμενα
783 4098 1060 4168 ἐξετέλουν
1092 4103 1143 4157 ol
1168 4103 1262 4156 τοῦ
1296 4104 1541 4182 διαϐόλου
1579 4108 1877 4181 ὑπηρέται·

306 4188 401 4235 καὶ
423 4189 691 4257 παγέντος
718 4192 814 4251 τοῦ
839 4193 1073 4264 σταυροῦ
1099 4196 1420 4269 ἀνήρπασαν
1439 4198 1601 4254 αὐτὸν
1624 4202 1681 4254 ἐν
1707 4200 1878 4272 αύτῷ,

304 4275 563 4331 πάλυνδέ
594 4283 688 4335 σὺν
720 4284 902 4356 πολλῷ
931 4286 1008 4356 τῷ
1027 4289 1182 4358 τάχει
1214 4291 1565 4362 κατήνεγκαν
1587 4293 1751 4346 αὐτὸν
1773 4293 1881 4347 ἀπὸ

302 4367 400 4420 τοῦ
436 4368 616 4434 ξύλου.
657 4372 745 4437 Ὠς
769 4375 824 4429 δὲ
858 4378 965 4433 τῶν
987 4379 1203 4451 δεσμῶν
1228 4381 1495 4455 ἀπελύθη,
1520 4385 1612 4438 καὶ
1633 4384 1763 4457 ἔστη
1787 4385 1881 4439 ἐπὶ

300 4459 401 4551 τοῦ
436 4461 667 4551 ἐδάφους
691 4469 719 4520 ὁ
750 4468 926 4536 ἅγιος,
958 4472 1207 4548 ἐνεργείᾳ
1233 4472 1331 4529 τοῦ
1376 4475 1533 4544 ἁγίου
1562 4477 1881 4547 Πνεύματος
1922 4544 1928 4551 ⁸

1995 606 2343 662 beatissimus
2398 617 2603 680 martyr
2651 605 2997 672 Vincentius,
3056 621 3087 661 a
3137 605 3345 679 Spiritu
3376 618 3568 697 sancto

1995 696 2243 764 edoctus,
2276 696 2430 752 dolos
2462 696 2748 767 praesensit
2777 713 2796 752 :
2828 695 3009 768 itaque
3068 697 3155 754 his
3204 698 3386 756 verbis
3434 716 3570 769 usus

1995 784 2264 842 estzNon
2312 786 2604 857 displicent
2639 787 2770 842 mihi
2823 788 3119 855 cruciatus,
3176 806 3314 862 quos
3369 791 3569 850 afferre

1995 879 2183 935 studes
2211 896 2225 934 :
2262 878 2358 934 sed
2392 879 2522 934 illud
2547 895 2634 935 me
2664 880 3061 951 perterrefacit,
3085 884 3230 953 quod
3260 884 3569 942 misericors

1995 967 2098 1024 diae
2129 969 2292 1025 verba
2320 980 2371 1024 te
2400 969 2746 1027 simulantem
2794 970 2978 1029 audio.
3028 971 3396 1033 Exerceamur
3437 991 3567 1046 ergo

1995 1070 2184 1139 contra
2206 1077 2292 1118 me
2320 1070 2593 1117 tormenta
2609 1062 2814 1131 omnia,
2841 1071 2894 1119 et
2912 1064 3242 1136 multiplices
3267 1068 3564 1133 cruciatus,

1994 1153 2343 1227 quantumvis
2375 1169 2582 1225 graves,
2615 1153 2938 1221 aﬂ‘erantur,
2966 1170 3030 1211 ac
3053 1156 3100 1212 si
3130 1157 3258 1228 quid
3285 1159 3565 1230 prodigio-

1993 1245 2067 1302 sis
2097 1254 2152 1301 et
2175 1245 2434 1302 maleﬁcis
2453 1247 2664 1303 viribus
2693 1248 2799 1303 tuis
2820 1249 3077 1312 conlisus.
3108 1249 3355 1308 invenire
3375 1261 3567 1313 contra

1995 1353 2080 1393 me
2102 1338 2326 1409 poteris,
2352 1355 2423 1396 ne
2459 1340 2690 1397 desistas
2716 1340 3030 1412 pestiferam
3065 1343 3225 1400 istam
3256 1343 3569 1399 immanita-

1994 1439 2100 1486 tem
2128 1440 2274 1486 tuam
2323 1432 2379 1486 in
2427 1447 2515 1487 me
2545 1432 2769 1489 inferre.
2820 1418 3084 1506 Experire
3130 1433 3567 1497 Christianorum

1992 1520 2135 1580 vires
2166 1538 2181 1578 :
2214 1538 2392 1594 neque
2431 1524 2708 1581 abstineas
2734 1542 2765 1581 a
2796 1527 3118 1583 verberibus
3155 1538 3211 1583 et
3258 1529 3565 1591 tormentis.

1989 1633 2101 1673 non
2133 1633 2164 1672 a
2192 1616 2359 1687 ferro,
2392 1618 2517 1692 igne
2547 1629 2709 1690 atque
2741 1620 2995 1677 incendio
3025 1639 3041 1679 :
3074 1623 3153 1679 sic
3181 1623 3327 1679 enim
3364 1624 3419 1678 in
3447 1638 3568 1681 om-

1991 1710 2151 1767 nibus
2202 1709 2291 1767 liis
2344 1719 2398 1767 te
2465 1712 2670 1768 victum
2723 1712 2985 1782 fatebere,
3044 1715 3320 1787 magisque
3374 1716 3569 1771 erube‘

1990 1816 2123 1857 SCCS.

2059 2070 2198 2127 Xlll.
2242 2073 2377 2129 Cum
2406 2075 2522 2132 haec
2548 2075 2776 2132 audiens
2800 2076 3065 2132 Datianus
3093 2078 3248 2133 vaide
3288 2079 3562 2133 cruciare-

1989 2172 2097 2228 tur,
2126 2174 2181 2221 et
2205 2165 2422 2223 athletae
2444 2167 2585 2224 illius
2615 2169 2978 2227 constantiam
3028 2170 3129 2225 sibi
3169 2170 3417 2226 dedecori
3444 2187 3567 2227 esse

1986 2270 2097 2311 non
2134 2267 2434 2329 pateretur,
2476 2261 2687 2319 cohorti
2713 2262 2831 2319 haec
2855 2263 3019 2335 jussit
3054 2279 3071 2318 :
3102 2264 3340 2320 Ducatur
3367 2264 3468 2321 iste
3495 2269 3565 2321 ad

1982 2348 2251 2419 judicium
2282 2360 2337 2407 et
2376 2353 2553 2425 legum
2595 2370 2847 2422 examen,
2882 2365 2940 2411 et
2967 2356 3055 2412 bis
3098 2358 3298 2427 poenis,
3326 2372 3390 2412 ac
3433 2373 3566 2428 sup~

1985 2440 2162 2512 pliciis
2224 2444 2568 2515 subjiciatur,
2614 2446 2813 2519 quibus
2861 2448 3162 2515 parricidae,
3221 2447 3468 2505 scelerati
3509 2460 3566 2507 et

1984 2534 2180 2591 nefarii
2215 2537 2465 2594 homines
2506 2550 2635 2596 sunt
2660 2540 2901 2607 obnoxii,
2932 2549 2992 2596 ut
3016 2556 3140 2596 cum
3185 2541 3304 2612 ejus
3348 2541 3565 2599 animus

1984 2625 2260 2681 cruciatus
2288 2642 2480 2697 graves
2510 2627 2717 2685 diutius
2743 2628 2887 2685 ferre
2926 2640 3150 2701 paratus
3180 2632 3275 2697 sit,
3319 2631 3564 2690 membra

1982 2716 2100 2788 ipsa
2163 2718 2410 2774 omnium
2474 2735 2733 2792 generum
2794 2720 3077 2776 tormentis
3146 2730 3560 2782 consumantur,

1983 2808 2242 2875 Quandiu‘
2267 2808 2413 2865 enim
2461 2812 2565 2867 iste
2616 2812 2910 2883 supererit,
2956 2811 3077 2867 fieri
3110 2826 3223 2867 non
3255 2821 3457 2884 potest,
3502 2820 3567 2868 ut

1981 2916 2095 2976 ego.
2112 2902 2348 2960 victoria:
2364 2918 2590 2975 compos
2619 2902 2919 2979 ﬁam._Ha:c
2936 2905 3011 2960 ait
3034 2905 3315 2960 Datianus.
3339 2905 3576 2979 Athleta.

1982 3010 2110 3050 vero
2141 2994 2231 3051 ille
2287 2989 2621 3051 fortissimus
2666 2996 3041 3051 adversarium
3095 2996 3182 3051 his
3223 2995 3406 3051 verbis
3449 2995 3561 3055 alta

1980 3102 2115 3143 voce
2145 3087 2541 3158 insequebatur
2575 3106 2589 3143 :
2620 3086 2664 3144 Ο
2702 3104 2789 3144 me
2818 3089 3063 3156 beatum,
3096 3098 3152 3144 et
3184 3104 3311 3145 vere
3346 3088 3562 3147 felicem

1983 3190 2147 3252 atque
2182 3181 2415 3238 hilarem
2452 3181 2681 3248 factum,
2705 3182 3148 3254 quandoquidem
3175 3184 3293 3237 ista:
3331 3190 3437 3237 tuae
3466 3197 3563 3238 cav

1986 3275 2206 3331 lumnize
2236 3283 2294 3332 et
2331 3275 2516 3345 minae,
2557 3291 2693 3332 meae
2739 3285 2867 3331 sunt
2910 3276 3318 3347 perfectissimae
3349 3275 3559 3337 laudes.

1981 3368 2079 3424 His
2098 3369 2284 3426 verbis
2315 3369 2578 3428 Datianus
2609 3368 2677 3425 ad
2710 3368 2975 3451 insaniam
3010 3370 3340 3434 concitatus,
3374 3368 3562 3427 statim

1979 3461 2142 3530 jussit
2167 3476 2387 3517 crucem
2427 3461 2704 3530 componi,
2746 3470 2801 3517 et
2838 3463 2895 3516 in
2933 3461 3023 3517 illa
3065 3461 3409 3517 Vincentium
3442 3459 3563 3515 suf-

1981 3553 2071 3627 ﬁgi
2131 3569 2195 3610 ac
2234 3555 2584 3610 membratim
2616 3553 2773 3613 caedi.
2801 3553 2938 3609 Cum
2988 3553 3153 3625 igitur
3190 3568 3323 3607 crux
3357 3552 3475 3623 ipsa
3506 3551 3561 3606 in

1983 3658 2128 3704 terra
2156 3646 2333 3704 deﬁxa
2359 3655 2524 3713 esset,
2560 3654 2855 3717 martyrem
2889 3645 2944 3701 in
2985 3645 3132 3716 ligno
3158 3645 3566 3715 suspenderunt

1982 3739 2175 3795 nefarii
2207 3739 2479 3804 homines,
2526 3749 2580 3795 et
2614 3738 2878 3795 satellites
2902 3737 3123 3805 diaboli,
3165 3736 3378 3791 Datiani
3407 3735 3563 3805 jussa

1980 3842 2362 3903 exsequentes.
2396 3830 2589 3887 Postea
2625 3846 2756 3887 vero
2786 3831 3037 3886 eumdem
3067 3829 3233 3887 multa
3269 3844 3394 3883 cum
3416 3827 3563 3883 cele-

1983 3925 2143 3980 ritate
2171 3940 2202 3980 e
2231 3924 2378 3998 ligno
2402 3925 2774 3980 detraxerunt.
2808 3921 2915 3990 Qui
2947 3938 3072 3978 cum
3094 3937 3124 3976 a
3147 3920 3380 3976 vinculis
3413 3919 3564 3975 solu~

1984 4026 2073 4075 tus
2104 4028 2269 4085 esset,
2301 4026 2357 4074 et
2391 4017 2448 4073 in
2485 4027 2628 4073 terra
2668 4017 2755 4072 vir
2796 4015 3174 4072 sanctissimus
3203 4012 3560 4075 constitisset,

1984 4112 2223 4183 Spiritus
2246 4110 2418 4167 sancti
2451 4125 2554 4182 ope
2596 4109 2840 4180 adjutus,
2883 4108 3121 4179 seipsum
3154 4122 3185 4161 a
3217 4104 3565 4161 carniﬁcibus

1984 4204 2271 4269 abstraxit,
2303 4213 2360 4261 et
2401 4204 2470 4260 ad
2516 4218 2737 4260 crucem
2767 4203 2914 4261 illam
2957 4200 3199 4257 cucurrit
3234 4216 3250 4258 :
3299 4200 3356 4254 in
3401 4213 3564 4268 quam

1985 4313 2110 4354 cum
2141 4297 2393 4361 insiliret,
2440 4297 2656 4353 hostem
2706 4296 2884 4366 ipsum
2934 4291 3333 4365 perterrefecit.
3383 4290 3567 4359 Itaque

1983 4406 2098 4453 eos,
2134 4389 2334 4460 quibus
2358 4389 2726 4454 cruciabatur,
2755 4397 2811 4442 et
2829 4395 3097 4442 tormenta
3121 4384 3564 4447 cumulabantur,

1984 4482 2277 4553 increpans
2311 4497 2324 4538 :
2356 4480 2619 4546 Curnam,
2667 4479 2867 4550 inquit,
2914 4479 3214 4540 tardiores,
3268 4485 3323 4530 et
3368 4475 3425 4529 in
3478 4490 3566 4527 me

299 4549 592 4643 ἐκτινάξας
628 4554 819 4610 ἑαυτὸν
849 4559 914 4612 ἐκ
935 4559 1043 4614 τῶν
1064 4563 1297 4633 δημίων,
1329 4567 1423 4618 καὶ
1484 4567 1880 4638 προσπηδήσας

1987 4573 2104 4643 ipso
2132 4549 2202 4628 ad
2234 4581 2503 4628 tormenta
2541 4549 2791 4627 ducendo
2820 4570 2944 4624 facti
2977 4568 3108 4624 estis
3139 4564 3564 4621 imbecilliores?

298 4641 394 4691 ἐπὶ
428 4643 524 4694 τὸν
565 4647 797 4720 σταυρὸν
847 4650 1054 4723 δρόμῳ,
1088 4653 1413 4724 βουλόμενος
1461 4657 1880 4730 τιμωρήσασθαι

299 4732 394 4821 τὸν
417 4734 634 4808 ἐχθρὸν,
670 4738 814 4793 οὕτω
847 4744 990 4798 κατὰ
1036 4746 1146 4799 τῶν
1196 4748 1456 4819 τιμωρῶν
1505 4750 1882 4821 ἐπιμέμφεται

300 4820 745 4892 ἔπεγειρομένων
765 4835 869 4911 καὶ
904 4838 1283 4892 ἐπιτεινόντων
1309 4840 1462 4915 αύτῷ
1488 4840 1557 4895 τὰ
1575 4842 1749 4910 δεινὰ,
1785 4844 1880 4898 καί

303 4914 606 5008 φηᾼσιςγΤί.
645 4923 856 4990 βραδεῖς
892 4930 986 4982 καὶ
1016 4930 1295 5001 ἀνίσχυροι
1316 4932 1553 4987 διάκονοι
1583 4932 1677 4988 τοῦ
1713 4951 1881 5008 πονη-

306 5006 433 5076 Ροῧν
462 5005 641 5063 ἕλκειν
673 5026 739 5080 με
762 5011 856 5064 καὶ
874 5022 1103 5081 ἀπάγειν
1119 5025 1212 5077 ἐπὶ
1234 5024 1303 5078 τά
1327 5024 1660 5098 κολαστήρια
1682 5044 1697 5093 ;
1724 5005 1882 5081 ἐκτε-

302 5098 455 5152 λεῖτε
489 5097 772 5172 συντόμως
803 5104 902 5177 τὴν
928 5105 1186 5179 ὠμότητα
1212 5117 1307 5171 τοῦ
1341 5097 1701 5190 κακόφρονος,
1734 5121 1884 5186 ὅπως

298 5194 486 5263 γέλως
516 5197 601 5264 ἐφ’
634 5196 839 5251 ἅπασιν
931 5201 1094 5271 τάχος
1124 5203 1576 5276 ἁναδειχθήσεται
1599 5229 1613 5242 ·
1644 5215 1736 5267 καὶ
1761 5212 1886 5267 τού-

300 5303 424 5350 τοις
479 5288 601 5342 λίαν
657 5289 847 5362 ἀνῄρει
878 5293 1276 5362 χαλεπαίνοντα
1316 5299 1409 5353 τὸν
1440 5301 1736 5375 ἀλάστορα,
1773 5307 1885 5369 τοῖς

298 5381 452 5450 παρ’
473 5380 639 5434 αὑτοῦ
670 5381 882 5453 βέλεσιν
913 5387 1113 5452 ἱκανῶς
1143 5390 1303 5445 αὐτὸν
1340 5396 1763 5466 κατασφάττων.
1794 5399 1887 5451 Διὸ

300 5474 406 5529 καὶ
433 5473 697 5542 μειζόνως
728 5474 852 5528 κατ’
878 5476 1046 5531 αὐτοῦ
1082 5483 1201 5544 ταῖς
1224 5482 1435 5548 αἰκίαις
1468 5486 1753 5545 ἐκκαίεται
1790 5491 1888 5548 ἐπ-

298 5566 609 5636 ανεγείρων
623 5567 719 5622 καὶ
735 5569 1128 5625 ἐπανακυκλῶν
1147 5572 1616 5648 τὰςιμωρητήρια
1632 5595 1646 5609 ·
1667 5581 1760 5633 καὶ
1777 5580 1887 5652 γὰρ

296 5658 472 5722 εὐθὺς
497 5660 873 5730 ἐστρεϐλοῦτο,
900 5664 993 5719 καὶ
1016 5662 1289 5736 διαφόρως
1302 5670 1422 5731 ταῖς
1447 5670 1664 5740 μάστιξι
1694 5672 1889 5741 ἐπιμό-

298 5770 418 5818 νως
470 5754 845 5825 κατεσχίζετο,
879 5758 977 5813 καὶ
1004 5759 1140 5831 πρὸς
1160 5760 1371 5828 τούτοις
1427 5762 1631 5818 ἅπασιν
1663 5766 1744 5819 ἔτι
1769 5769 1889 5830 ταῖς

300 5843 580 5917 πλευραῖς
636 5848 978 5916 κατεκαίετο,
1046 5851 1465 5926 ἀλλεπαλλήλως
1517 5855 1627 5910 τῶν
1675 5856 1890 5929 φλογῶν

561 5943 836 6010 Ρηιιοι..
871 5947 987 6009 Gn.
1021 5946 1231 6013 CXIV;

1982 4665 2160 4738 Agite,
2191 4680 2354 4735 quam
2379 4664 2663 4720 celerrime
2693 4662 2857 4718 vestri
2887 4660 3151 4732 principis
3182 4657 3563 4714 crudelitatem

1983 4755 2377 4826 exsequamini,
2406 4763 2465 4810 ut
2488 4755 2544 4811 in
2572 4753 2719 4809 omni
2744 4768 2804 4808 re
2825 4766 2986 4822 quam
3011 4750 3244 4822 primum
3273 4763 3331 4802 se
3354 4746 3526 4801 ridicu
3545 4774 3562 4784 -

1983 4848 2096 4903 lum
2126 4848 2309 4905 faciat.
2335 4848 2433 4903 His
2459 4847 2641 4903 verbis
2671 4845 2942 4900 nefarium
2965 4842 3204 4913 judicem
3236 4838 3559 4896 ferociorem

1985 4938 2211 5003 factum,
2270 4947 2527 5007 tanquam
2570 4936 2765 5008 jaculis
2810 4934 3132 5005 quibusdam
3191 4929 3560 4985 confodiebat.

1984 5028 2350 5097 Quamobrem
2378 5030 2551 5098 magis
2589 5027 2870 5099 magisque
2914 5025 2969 5079 in
3007 5033 3300 5094 martyrem
3334 5020 3565 5077 exarde-

1986 5142 2169 5189 scens,
2201 5125 2451 5198 graviora
2480 5123 2537 5177 in
2567 5137 2694 5177 eum
2741 5129 3014 5177 tormenta
3046 5116 3407 5190 excogitahat.
3439 5114 3566 5168 Sta-

1986 5220 2082 5275 tim
2115 5220 2280 5291 igitur
2310 5220 2500 5274 beatus
2530 5215 2853 5271 Vincentius
2884 5208 3260 5285 torquebatur,
3304 5208 3564 5265 diversis-

1986 5324 2091 5379 que
2111 5307 2357 5380 llagellis,
2380 5316 2435 5363 et
2460 5305 2653 5362 ferreis
2669 5304 2943 5376 unguibus
2965 5303 3183 5359 assidue
3204 5299 3563 5359 lacerabatur,

1987 5411 2151 5472 atque
2181 5402 2301 5471 ejus
2329 5401 2500 5455 latera
2530 5399 2805 5457 continuis
2827 5398 3061 5453 ﬂammis
3078 5393 3562 5452 comburebantur.

1988 5492 2234 5564 Denique
2251 5491 2496 5547 membra
2520 5491 2637 5562 ipsa
2665 5491 2739 5545 ita
2764 5490 3000 5546 distenta
3027 5489 3393 5554 distractaque
3414 5488 3562 5542 sunt,

1987 5593 2048 5641 ut
2079 5593 2226 5640 totus
2257 5593 2549 5640 enervatus
2571 5593 2738 5639 esset.
2774 5581 2981 5638 Deinde
3009 5595 3132 5635 cum
3166 5572 3372 5632 ferreas
3390 5573 3566 5642 virgas

1989 5676 2276 5733 carniﬁces
2326 5677 2385 5731 in
2429 5676 2554 5748 igne
2593 5675 2687 5732 diu
2726 5682 2975 5730 tenentes
3010 5670 3205 5744 ignitas
3235 5664 3565 5722 effecissent.

1989 5783 2114 5822 mox
2159 5769 2213 5822 in
2248 5767 2493 5837 ejusdem
2542 5766 2794 5838 martyris
2828 5767 3017 5835 pectus
3048 5776 3141 5815 cas
3188 5757 3563 5825 coniecerunt,

1990 5859 2170 5938 quoad
2190 5860 2553 5923 candentibus
2578 5860 2685 5916 illis
2714 5858 2875 5930 virgis
2899 5857 3333 5914 combureretur.
3357 5846 3566 5924 (ἔστι)οπ

3202 5940 3278 6011 24
