3832 6466
252 318 358 380 74⁵1

1456 317 1740 378 MENSIS
1788 317 1822 378 Ι
1829 315 1922 378 AN
1935 318 2244 384 UARIUS.

3391 317 3504 384 ’143

250 436 328 488 ris
356 431 501 488 enim
530 432 848 504 superflcies
879 447 940 488 ac
977 432 1132 504 pellis
1160 431 1377 488 flamma
1420 430 1510 486 illa
1544 438 1830 486 cumbure-

1939 435 2487 506 προσαρασσομένων,
2518 436 2612 492 καὶ
2646 436 2754 491 τῶν
2788 433 2965 507 μελῶν
3009 440 3501 502 καταπινομένων,

249 526 433 591 batur,
465 525 798 596 vulneraque
838 525 1154 581 vulneribus
1177 525 1364 580 addita
1395 523 1824 589 renovabantur,

251 627 309 674 et
343 619 704 675 lacerationes
756 617 1178 674 lacerationibus
1238 615 1396 672 novis
1463 615 1826 686 augebantur.

252 711 358 765 Alii
395 710 661 766 carbones
705 725 967 765 accensos
1011 709 1066 763 in
1109 709 1230 778 ejus
1261 723 1460 778 corpus
1500 706 1825 776 injicientes,

252 801 527 858 diuturnis
555 799 786 855 flammis
812 799 984 870 ipsius
1015 799 1260 854 membra
1298 797 1693 853 comburebant
1724 813 1739 854 :
1773 796 1826 850 in

251 908 360 963 quo
385 908 508 948 cum
543 892 704 947 nulla:
731 891 964 962 amplius
999 898 1348 960 superessent
1377 886 1830 952 carnes,flatnm:e

254 986 387 1056 ipsa:
433 984 695 1054 deinceps
739 983 808 1038 ad
847 982 1134 1037 intestinas
1168 994 1338 1051 usque
1363 989 1545 1052 partes
1586 988 1830 1050 penetra-

251 1077 405 1144 bant,
427 1085 484 1132 et
508 1091 631 1131 cum
659 1074 1031 1146 superioribus
1063 1073 1378 1128 vulneribus
1403 1073 1597 1126 addita:
1622 1078 1827 1135 essent,

251 1185 396 1226 novo
445 1169 693 1224 cruciatu
729 1167 981 1238 martyris
1038 1181 1238 1237 corpus
1283 1165 1637 1236 allligebant:
1675 1162 1830 1232 cujus

252 1259 355 1314 etsi
377 1259 524 1314 nulla
553 1275 681 1331 pars
701 1274 832 1313 sana
868 1258 1054 1313 relicta
1077 1266 1239 1325 esset,
1271 1256 1625 1311 nihilominus
1652 1265 1830 1310 tamen

251 1364 412 1404 mens
446 1349 562 1420 ipsa
607 1349 878 1404 cruciatus
909 1348 1029 1404 illos
1081 1349 1297 1404 fortiter
1327 1347 1629 1419 perferens,
1679 1346 1834 1400 robu-

253 1440 391 1495 stior
417 1440 773 1505 efﬁciebatur,
806 1441 968 1511 idque
992 1456 1103 1495 non
1135 1440 1409 1494 immerito
1439 1457 1452 1495 :
1481 1439 1666 1493 divino
1687 1437 1831 1492 enim

253 1531 527 1602 prwsidio,
583 1531 729 1601 quod
774 1531 1012 1585 humana
1061 1531 1391 1603 cogitatione
1441 1527 1832 1600 comprehendi

252 1640 363 1679 non
394 1633 596 1694 potest,
625 1624 864 1696 undique
893 1624 1385 1679 communiebatur.
1414 1623 1675 1677 Datianus
1704 1637 1833 1676 vero

251 1714 462 1768 insania
502 1714 669 1769 multa
720 1723 776 1768 et
826 1713 1010 1768 furore
1061 1714 1318 1785 agitatus,
1375 1713 1636 1784 pergebat
1686 1711 1833 1765 illam

1930 525 2196 598 ἔξαρθρος
2228 529 2440 596 ἐγίνετο
2460 530 2487 582 6
2525 529 2697 598 ἅγιος.
2749 527 3030 582 Ἐντεῦθεν
3059 527 3114 579 δὲ
3157 527 3379 596 σιδηρᾶς
3403 524 3505 596 ῥά-

1929 617 2086 680 ϐδους
2115 619 2342 672 ἐπιπολὺ
2370 619 2723 690 πυρώσαντες
2760 616 3026 671 ὲπέὸαλον
3059 615 3155 668 ἐπὶ
3196 615 3257 668 τὸ
3308 615 3507 682 στῆθος

1931 709 2226 778 καιομένας
2258 707 2351 762 τοῦ
2381 709 2680 780 μάρτυρος,
2709 709 2811 770 ’έως
2844 699 2905 760 οὗ
2942 707 3164 776 διετάκη
3194 704 3376 776 σχεδὸν
3405 721 3501 775 με·

1930 801 2064 867 ταξὺ
2098 801 2315 870 σιδήρου
2346 818 2401 853 τε
2428 804 2522 854 καὶ
2555 801 2726 870 πυρὸς
2771 798 3209 869 ἐκφλογούμενος
3245 800 3272 852 6
3305 797 3506 865 ἀγωνι-

1935 893 2067 959 στής
2090 907 2105 923 ο
2140 891 2305 961 ἡγὰρ
2337 891 2431 944 τοῦ
2465 891 2715 960 σώματος
2743 891 3037 960 ἐπιφάνεια
3084 889 3179 942 καὶ
3217 889 3279 942 τὸ
3329 887 3507 958 δέρμα

1931 981 2116 1052 τρίζον
2143 985 2207 1052 τῇ
2238 982 2394 1050 φλογὶ
2417 981 2721 1052 διεπείρετο
2740 1001 2752 1014 ·
2782 980 3070 1054 τραύματα
3087 997 3146 1032 τε
3169 979 3308 1034 κατὰ
3334 997 3505 1049 τραυ-

1945 1073 2131 1142 μάτων
2156 1073 2521 1144 ἀνανεούμενα
2542 1075 2813 1145 ἐφαίνετο,
2832 1074 2922 1126 καὶ
2943 1073 3034 1126 ἐπὶ
3067 1075 3190 1134 τοὺς
3215 1073 3509 1142 αἰκισμοὺς

1935 1167 2182 1235 αίκισμοὶ
2208 1167 2582 1236 ἐχαλέπαινον,
2639 1167 2788 1222 ἄλλοι
2850 1184 2908 1219 τε
2950 1165 3093 1219 κατὰ
3129 1164 3222 1218 τοῦ
3263 1165 3509 1225 καίοντος

1934 1260 2105 1328 πυρὸς
2140 1257 2441 1311 ἐνέϐαλλον·
2465 1260 2557 1312 καὶ
2575 1261 2670 1330 τὴν
2699 1259 2943 1329 ἀνάγκην
2961 1259 3053 1328 τῆς
3076 1255 3398 1326 φλογὼσεως
3428 1257 3509 1317 εἷς

1937 1352 2156 1424 μακρὰν
2180 1351 2653 1422 διασπειρομένων
2681 1350 2791 1404 τῶν
2827 1350 3026 1421 μελῶν,
3055 1348 3274 1418 σαρκῶν
3297 1365 3353 1400 τε
3389 1347 3506 1418 λο-ι-

1935 1446 2053 1498 πῦν
2087 1444 2160 1516 μὴ
2187 1445 2499 1514 ύφιστασῶν
2557 1446 2677 1497 κατ’
2708 1444 2886 1496 αὐτῶν
2939 1443 3047 1494 τῶν
3093 1440 3403 1502 ἐνδοσθίων,
3434 1439 3506 1489 τὰ

1937 1538 2072 1609 μέλη
2098 1539 2204 1590 τῶν
2227 1537 2501 1606 αἰκισμῶν
2525 1537 2802 1608 ἐφέροντο,
2831 1537 2924 1589 καὶ
2945 1535 3084 1587 αύτὰ
3109 1537 3248 1586 κατά
3274 1532 3383 1584 τῶν
3405 1533 3508 1584 αύ-

1934 1627 2044 1680 τῶν
2072 1626 2245 1679 ἑλκῶν
2274 1626 2436 1681 πάλιν
2458 1627 2786 1697 ἐτιμωρεῖτο
2816 1625 2885 1678 τὰ
2917 1626 3080 1696 μέλη,
3111 1622 3296 1692 ἐπειδὴ
3321 1619 3510 1690 σῶμα·

1937 1737 2028 1782 τος
2059 1718 2224 1789 μέρος
2254 1718 2376 1772 οὐδὲ
2415 1718 2475 1772 τὸ
2528 1717 2692 1788 τυχὸν
2736 1718 2889 1786 ὑγιὲς
2948 1714 3392 1787 περιελέλειπτο·
3417 1712 3510 1764 καὶ

251 1814 646 1860 tormentorum
692 1806 904 1876 copiam
953 1805 1176 1869 inferre,
1215 1805 1472 1859 nimirum
1507 1812 1832 1876 exspectans

1939 1812 2086 1881 ὅμως
2113 1813 2140 1864 ὁ
2171 1813 2428 1884 λογισμὸς
2454 1814 2808 1886 ἑγκαρτερῶν
2849 1816 2958 1875 τοῖς
3005 1813 3204 1874 δεινοῖς
3255 1825 3506 1879 καρτερι-

251 1897 579 1953 contrariam
615 1897 874 1968 martyris
902 1896 1308 1952 confessionem
1341 1896 1554 1953 audire.

334 2073 476 2130 XIV.
502 2075 713 2130 interea
745 2075 942 2132 cohors
961 2074 1229 2156 militarjs,
1260 2076 1837 2156 constantia_martyris

251 2167 521 2238 perculsa,
553 2169 742 2224 retulit
769 2167 995 2224 Datiano
1029 2151 1315 2225 carnifices
1341 2170 1488 2240 ipsos
1515 2151 1838 2242 defatigatos

256 2272 406 2325 esse,
469 2267 525 2314 et
583 2259 640 2313 in
696 2261 984 2315 tormentis
1039 2259 1346 2331 infligendis
1406 2260 1474 2315 ad
1533 2269 1837 2316 extremum

253 2350 509 2420 spiritum
536 2351 784 2406 redactos
807 2369 822 2411 ;
847 2351 1108 2406 athletam
1147 2367 1275 2407 vero
1305 2351 1454 2406 illum
1482 2352 1837 2422 multiplicem

256 2450 656 2498 tormentorum
709 2444 944 2514 cepiam,
989 2461 1053 2499 ac
1083 2454 1359 2500 certamen
1393 2445 1606 2517 egregie
1648 2461 1840 2517 super-

255 2551 397 2592 asse.
421 2535 575 2592 Tunc
604 2537 870 2594 Datianus
893 2555 989 2609 spe
1020 2539 1300 2609 deceptus,
1329 2547 1383 2594 et
1418 2540 1658 2595 tenebris
1685 2555 1840 2594 men-

252 2624 324 2680 tis
353 2641 646 2696 oppressus
674 2645 688 2684 :
729 2625 867 2693 Heu,
896 2628 1092 2700 inquit,
1115 2630 1243 2684 victi
1270 2645 1460 2685 sumus
1488 2630 1622 2688 :sed
1647 2645 1839 2701 quam-

253 2717 336 2774 vis
377 2727 485 2773 tam
517 2721 704 2776 multis
733 2722 1067 2777 cruciatibus
1093 2723 1213 2793 ejus
1242 2737 1396 2779 mens
1418 2723 1559 2779 victa
1593 2739 1703 2779 non
1728 2725 1836 2783 sit:

252 2824 378 2864 cum
413 2809 626 2865 fortiter
648 2825 846 2881 corpus
872 2811 1043 2882 ipsius
1067 2812 1311 2868 flammas
1346 2814 1650 2885 pertulerit,
1673 2814 1840 2869 nihil-

251 2903 472 2958 ominus
536 2913 718 2958 tamen
767 2905 960 2960 demus
1017 2921 1274 2977 operam,
1336 2916 1394 2962 ut
1431 2909 1566 2978 .ejus
1621 2909 1838 2964 animus

254 2995 454 3050 talibus
494 2997 770 3050 crucietur
803 2997 1002 3066 pmnis,
1043 2999 1242 3068 quibus
1286 2999 1496 3054 nullum
1539 3003 1838 3056 remedium

253 3086 499 3141 adhiberi
546 3088 740 3156 possit.
797 3089 1079 3159 Exquirite
1133 3090 1297 3160 igitur
1342 3093 1520 3144 locum
1569 3092 1716 3146 omni
1771 3107 1836 3147 ex

252 3187 409 3249 parte
456 3180 754 3235 obscurum
804 3195 868 3236 ac
920 3182 1344 3247 tenebricosum,
1391 3191 1451 3238 ut
1503 3185 1834 3254 sempiterna

251 3271 484 3342 quadam
515 3279 678 3326 nocte
707 3273 988 3342 puniatur.
1024 3271 1227 3327 Locum
1265 3289 1395 3329 vero
1425 3273 1598 3339 illum,
1639 3276 1692 3330 in
1727 3291 1836 3346 quo

252 3364 374 3435 ejus
398 3377 596 3435 corpus
635 3365 1092 3422 consumendum
1111 3376 1215 3434 est,
1252 3368 1408 3424 testis
1455 3368 1643 3424 fractis
1690 3377 1838 3424 ster-

251 3457 390 3522 nite,
435 3471 502 3511 ex
540 3465 772 3528 utraque
826 3468 981 3529 parte
1031 3459 1399 3528 acutissimis,
1451 3470 1507 3516 et
1558 3461 1837 3517 aculeatos

254 3548 486 3621 angulos
524 3548 876 3616 habentibus,
919 3559 978 3605 ut
1013 3561 1429 3623 compungatur,
1460 3562 1516 3607 et
1557 3551 1614 3608 in
1645 3569 1838 3624 quam-

253 3657 470 3712 cunque
499 3651 715 3712 partem
759 3643 930 3700 latere
969 3659 1066 3700 sua
1102 3646 1453 3712 converterit,
1489 3646 1828 3702 dilaceretur.

251 3733 383 3788 Post
410 3735 544 3799 haec,
575 3745 635 3791 ut
655 3737 964 3792 membrum
989 3737 1199 3793 nullum
1218 3739 1596 3794 remissionem
1618 3739 1833 3806 habeat,

251 3835 346 3880 aut
373 3827 795 3892 recreationem,
846 3828 944 3884 sed
984 3835 1157 3884 totum
1203 3829 1322 3900 ejus
1374 3845 1572 3900 corpus
1617 3831 1834 3886 assidua

254 3927 650 3974 tormentorum
705 3920 1061 3976 renovatione
1101 3921 1389 3994 amigatur,
1433 3937 1602 3992 super
1640 3923 1835 3992 hujus-

251 4013 401 4068 modi
421 4023 587 4068 testas
605 4015 886 4069 hominem
905 4016 1066 4070 istum
1085 4025 1494 4088 prosternentes
1515 4017 1832 4086 pertrahite,

252 4113 313 4158 ut
330 4105 671 4160 membratim
693 4107 836 4162 varie
852 4106 1144 4174 laceretur,
1170 4117 1226 4163 et
1249 4108 1485 4162 animam
1504 4122 1566 4162 ac
1583 4107 1834 4176 spiritum

249 4197 465 4252 emittat
498 4197 564 4262 is,
590 4197 682 4267 qui
714 4207 903 4252 contra
927 4208 1150 4254 nostros
1176 4199 1537 4270 imperatores
1559 4208 1833 4253 certamen

253 4289 515 4360 suscepit.
565 4289 811 4362 Denique
850 4281 1176 4348 'concludite
1232 4293 1412 4364 ipsum
1469 4293 1525 4348 in
1581 4292 1702 4347 loco
1747 4292 1837 4346 illo

249 4383 620 4451 tenebricoso,
649 4393 705 4439 et
754 4384 865 4439 illic
901 4385 1286 4456 derelinquite,
1335 4392 1398 4440 ut
1445 4401 1513 4440 ne
1551 4385 1834 4440 minimam

1939 1905 2177 1975 κώτερος
2209 1906 2588 1974 ἀπεδείκνυτο,
2618 1907 2845 1972 είκότως
2887 1905 3255 1977 ὠχυρώμενος
3281 1906 3347 1974 τῇ
3373 1903 3510 1955 ἁκαο

1938 1997 2196 2069 ταλήπτῳ
2231 1998 2324 2052 καὶ
2359 1998 2728 2070 φιλανθρώπῳ
2767 2001 2906 2072 ῥοπῇ
2944 1997 3040 2052 τοῦ
3069 1996 3229 2050 Θεοῦ.

2011 2088 2107 2146 iA'.
2153 2090 2570 2162 Ἐμδροντηθεὶς
2591 2091 2647 2145 δὲ
2669 2092 2837 2163 πολλῇ
2886 2091 3147 2160 ἐκπλήξει
3187 2091 3214 2143 6
3245 2091 3510 2148 Δατιανος

1938 2185 2187 2252 διετέλει,
2244 2188 2312 2258 τῇ
2353 2186 2610 2260 ἐπιρροίᾳ
2649 2186 2756 2240 τῶν
2791 2185 3068 2240 κολάσεων
3124 2182 3222 2252 τὴν
3267 2181 3515 2236 ἐναντίαν

1939 2276 2229 2348 ὁμολογίαν
2261 2277 2572 2348 περιμένων
2611 2275 2705 2330 τοῦ
2740 2276 3036 2348 μάρτυρος,
3078 2277 3173 2328 καὶ
3202 2273 3432 2344 τάληθὲς
3455 2270 3515 2323 δὲ

1939 2367 2124 2421 λοιπὸν
2147 2366 2276 2438 περὶ
2297 2367 2388 2421 τοῦ
2424 2366 2655 2420 θανάτου
2685 2367 2850 2420 αὑτοῦ
2881 2369 2999 2429 ταῖς
3058 2364 3337 2436 φροντίσιν
3388 2363 3513 2414 ὲτα-

1939 2457 2227 2511 λαντεύετο
2262 2458 2290 2512 ὃ
2316 2474 2368 2510 τι
2398 2457 2508 2512 δέοι
2539 2457 2744 2531 πρᾶξαι
2779 2457 2874 2510 καὶ
2901 2457 3050 2518 ὅπως
3089 2453 3394 2525 ἀναζητῶν.
3428 2452 3516 2504 Ἐν

1937 2551 2178 2621 τοσούτῳ
2201 2550 2256 2604 δὲ
2282 2549 2382 2621 τῆς
2412 2550 2624 2617 τάξεως
2670 2548 3281 2620 ύπερεκπληττομένης,
3328 2546 3515 2616 ἀπήγ-

1939 2645 2128 2716 γειλαν
2179 2643 2328 2716 αὐτῷ
2356 2645 2406 2698 of
2453 2644 2547 2697 ἐπὶ
2571 2642 2678 2696 τῶν
2721 2642 3001 2713 τιμωριῶν
3025 2641 3352 2711 τεταγμένοι
3388 2641 3518 2700 τοὶς

1944 2739 2045 2811 μὲν
2071 2737 2300 2810 δημίους
2333 2736 2791 2808 ἀποκεκμηκένσι
2820 2735 2926 2798 ἕως
2981 2735 3216 2804 ἐσχάτης
3244 2730 3519 2796 ἀναπνοῆς

1939 2847 2000 2885 τε
2029 2830 2124 2884 καὶ
2157 2829 2447 2900 κινήσεως,
2497 2828 2590 2882 τὸν
2628 2828 2686 2880 δὲ
2727 2827 2971 2898 ἀθλητὴν
3023 2823 3518 2897 ὑπερνενικηκέναι

1938 2924 2030 2979 τὸν
2063 2923 2365 2994 πολυσχεδῆ
2419 2923 2518 2994 τῆς
2550 2921 2821 2982 κολάσεως
2875 2919 3062 2991 ἀγῶνα
3091 2918 3304 2989 φαιδρῷ
3345 2933 3520 2988 χαρα-

1942 3015 2127 3087 κτῆρι,
2159 3014 2583 3085 ὲγκρατεστέρᾳ
2611 3031 2671 3067 τε
2711 3012 2911 3082 μᾶλλον
2957 3011 3240 3082 ὁμολογία,
3270 3011 3304 3082 ἢ
3331 3009 3523 3078 ὥσπερ

1942 3105 2276 3178 κατήρξατο,
2337 3106 2428 3160 τὸν
2455 3108 2662 3178 Κύριον
2705 3105 2912 3176 Ἰησοῦν
2955 3105 3192 3176 Χριστὸν
3243 3102 3520 3174 ὁμολογεῖ.

1941 3197 2049 3252 Καὶ
2073 3197 2194 3252 τότε
2217 3197 2532 3270 διαμαρτὼν
2548 3197 2643 3264 τῆς
2657 3197 2890 3263 ἐλπίδος,
2911 3195 3008 3250 καὶ
3030 3196 3220 3260 σκότος
3237 3197 3342 3249 ἐπα
3352 3212 3523 3264 μφια-

1941 3291 2208 3360 σάμενος,
2255 3289 2397 3344 Φεῦι
2439 3289 2544 3360 ἔφη
2574 3289 2602 3342 6
2633 3288 2930 3359 ἱερόσυλος,
2983 3287 3340 3358 νενικήμεθα,
3398 3285 3517 3339 ἀλλ’

1940 3385 1988 3436 εί
2013 3381 2108 3436 καὶ
2142 3384 2260 3446 ταῖς
2311 3380 2628 3446 ὑπολοίποις
2670 3381 2924 3451 βασάνοις
2974 3380 3174 3449 ὁμοίως
3209 3379 3284 3449 μὴ
3317 3378 3525 3448 κάμνοι

1939 3474 2029 3526 τὸν
2068 3472 2352 3545 λογισμὸν,
2387 3471 2478 3527 ἀεὶ
2509 3472 2566 3526 δὲ
2599 3471 2880 3544 καρτερῶς
2901 3469 3174 3540 διατελοίη
3201 3469 3296 3523 τοῦ
3323 3471 3520 3539 σῶμα·

1938 3582 2028 3628 τος
2043 3565 2401 3630 ὲκτακέντος,
2429 3567 2462 3634 ἡ
2489 3564 2636 3636 ψυχὴ
2659 3567 2773 3628 τοῖς
2796 3561 3147 3630 ἀδιορθωτοις
3177 3561 3522 3633 ἐπιμένουσα

1937 3657 2310 3729 τιμωρείσθω.
2343 3655 2645 3728 Τοιγαροῦν
2675 3657 3056 3728 ἁναζητήσατε
3089 3655 3257 3709 τόπον
3299 3654 3520 3724 ζοφώδη

1939 3750 2277 3822 πανταχόθεν
2313 3749 2413 3821 τῆς
2448 3751 2648 3821 στέγης
2675 3749 3062 3821 πεπιεσμένον,
3115 3749 3211 3802 καὶ
3238 3747 3406 3813 ἀπεξε
3420 3767 3520 3799 νω-

1943 3842 2102 3912 μένον
2160 3841 2256 3896 τοῦ
2305 3841 2488 3896 κοινοῦ
2523 3841 2701 3910 φωτὸς
2735 3842 2872 3914 1:96;
2898 3840 3221 3901 ἀπόλαυσιν.
3261 3840 3413 3901 ὅπως
3448 3841 3520 3907 τῇ

1935 3933 2192 4004 διαιωνίῳ
2219 3932 2376 3986 νυκτὶ
2431 3932 2747 3998 κολάζοιτο·
2787 3933 2931 3988 κατὰ
2983 3937 3088 4002 γὰρ
3123 3929 3184 3984 τὸ
3217 3928 3520 3986 ἀνεύθυνον

1938 4022 2105 4074 αὑτοῦ
2132 4021 2230 4091 τῆς
2259 4022 2411 4093 παρὰ
2435 4022 2542 4076 τῶν
2565 4023 2748 4093 νόμων
2778 4023 3001 4095 εἱρκτῆς
3035 4023 3148 4085 τοῖς
3195 4022 3522 4082 κακοποιοίς

1938 4114 2339 4187 ἐφευρηθείσης
2378 4116 2516 4188 πρὸς
2543 4116 2774 4185 βάσανόν
2800 4133 2858 4169 τε
2888 4115 2981 4169 καὶ
3014 4114 3319 4184 ἀσφάλειαν
3341 4115 3518 4186 χῶρος

1939 4199 2096 4268 οὗτος
2143 4204 2477 4270 ἀξιώτατος·
2533 4205 2924 4276 ὐποστρώσατε
2955 4205 3011 4258 δὲ
3055 4204 3273 4259 καὶτὸν
3323 4202 3514 4260 τόπον,

1940 4296 2067 4350 ἔνθα
2104 4295 2362 4368 ἐρρίφθαι
2409 4296 2614 4366 μέλλει,
2663 4298 2919 4368 ὀστράκῳ
2947 4294 3240 4361 κατεαγότι
3287 4293 3352 4346 ὲκ
3405 4290 3517 4344 τῶν

1943 4388 2220 4460 ἑκατέρων
2250 4388 2432 4460 μερῶν
2465 4389 2610 4455 ὀξεῖς
2642 4388 2834 4457 έχοντα
2859 4388 2952 4441 καὶ
2980 4386 3248 4447 ἀκιδωτὰς
3277 4383 3376 4446 τὰς
3404 4399 3516 4453 γω-

245 4473 465 4544 quidem
521 4476 657 4530 lucis
707 4487 918 4548 partem
973 4476 1145 4531 oculis
1191 4476 1309 4532 suis
1361 4476 1610 4547 aspiciat,
1655 4491 1833 4548 neque

1941 4479 2080 4545 νίας,
2107 4481 2253 4544 ὅπως
2277 4481 2343 4534 ἂν
2364 4479 2749 4550 καταικίζηται
2777 4478 2872 4532 καὶ
2892 4478 3294 4546 κατανύττηται
3317 4479 3386 4546 τῇ
3422 4491 3515 4544 με-

244 4567 532 4638 quisquam
594 4568 720 4623 illuc
797 4568 1044 4634 accedat,
1093 4567 1384 4637 omnisque
1439 4568 1829 4624 consolationis

246 4661 384 4715 ratio
412 4676 476 4715 ac
501 4676 626 4732 spes
641 4660 708 4715 ab
726 4676 792 4714 eo
812 4666 1178 4714 removeatur.
1194 4657 1399 4714 Januas
1430 4659 1572 4724 ipsas
1591 4653 1829 4729 undique

244 4753 501 4820 claudite,
539 4763 593 4809 et
635 4752 882 4808 vectibus
931 4767 1026 4806 eas
1063 4752 1433 4818 communite;
1467 4752 1679 4820 hocque
1708 4752 1832 4806 dili-

243 4855 434 4915 genter
463 4853 671 4911 curate,
709 4853 788 4909 ut,
829 4840 1240 4912 quamprimum
1272 4841 1506 4896 animam
1540 4841 1825 4906 efﬂaverit,

241 4939 374 4992 tnihi
405 4938 676 4992 referatis.

1937 4574 2214 4644 ταστροφῇ
2235 4571 2344 4625 τῶν
2363 4571 2636 4642 πλευρῶν,
2670 4571 2720 4623 εἴ
2743 4571 2796 4623 τί
2819 4587 2922 4624 που
2953 4570 3110 4641 μέλος
3134 4569 3522 4636 ἐξαναλήψεως

1936 4663 2122 4733 δοκοίη
2178 4663 2362 4717 ἄνεσιν
2413 4662 2865 4734 προσλαμϐάνει·
2927 4663 3020 4715 καὶ
3051 4661 3238 4724 ἁπλῶς
3300 4661 3390 4710 ἵνα
3423 4662 3520 4710 καὶ

1935 4755 2335 4826 τετρυχωμένῳ
2356 4753 2435 4825 τῷ
2459 4755 2675 4824 σώματι
2699 4753 2997 4817 ἀπαύστως
3025 4753 3093 4806 τὰ
3114 4751 3216 4819 τῆς
3248 4750 3518 4820 τιμωρίας

1936 4847 2308 4918 ἀνανεούμενα
2341 4847 2416 4919 μὴ
2460 4848 2709 4922 ἐλλείπῃο
2748 4848 2886 4919 πρὸς
2913 4846 3124 4908 τούτοις
3184 4834 3517 4896 ἐκτείνοντες

1938 4940 2102 4996 αὑτὸν
2137 4941 2405 4996 διασπᾶτε
2461 4939 2603 4994 κατὰ
2641 4940 2842 5002 παντὸς
2874 4939 3070 5009 μέρους
3107 4926 3204 4980 τοῦ
3261 4926 3515 4998 σώματος

239 5031 604 5094 αύτοῦ,ὃπως
633 5026 755 5084 καθ’
783 5024 1018 5080 ἕκαστον
1047 5023 1216 5094 μέλος
1288 5035 1555 5090 ποικιλως
1623 5027 2056 5099 στρεϐλούμενος
2114 5030 2414 5103 ἐκπνεύσῃ,
2484 5031 2512 5082 6
2556 5031 2698 5083 κατὰ
2767 5032 2870 5072 "DV
2908 5017 3193 5089 ἡμετέρων
3247 5016 3515 5086 βαΰιλέων

243 5126 494 5197 μαχητὴς
527 5123 818 5195 κρατερός.
849 5120 1139 5175 Ἐντεῦθεν
1172 5122 1634 5188 κατακλείσαντες
1667 5125 1828 5178 αὑτὸν
1866 5126 1927 5179 ὲν
1985 5125 2064 5196 τῷ
2132 5125 2310 5196 σκότῳ
2336 5122 2665 5178 καταλίπετε
2700 5115 2836 5179 ἐκεῖ,
2863 5112 2937 5176 ὡς
2991 5111 3126 5182 μηδὲ
3149 5110 3503 5182 πρόσπνοιαν,

241 5222 377 5293 μηδὲ
411 5221 674 5293 ἐλλαμψίν
702 5237 821 5274 τινα
856 5217 1034 5288 φωτὸς
1055 5220 1166 5281 τοῖς
1182 5218 1424 5289 ὄμμασιν
1447 5220 1811 5290 ἐπιδέχεσθαι,
1855 5221 1992 5292 μηδέ
2026 5239 2109 5285 τις
2147 5217 2452 5289 ἀνθρώπων
2491 5215 2670 5267 ἐκεῖσε
2718 5209 3009 5282 πλησαζοι
3045 5205 3124 5278 τῷ
3154 5208 3338 5259 πᾶσαν
3369 5207 3510 5259 ἁπο-

238 5311 554 5369 κεκλείσθαι
581 5309 731 5382 αὐτῷ
767 5308 1145 5381 παραμυθίαν,
1173 5309 1367 5380 θύραις
1393 5327 1452 5363 τε
1478 5315 1571 5365 καὶ
1597 5313 1817 5384 μοχλοῖς
1858 5313 2197 5385 πανταχόθεν
2222 5313 2338 5384 ἦτω
2402 5304 2939 5378 κατησφαλ.σμένος’
2984 5299 3071 5353 διὰ
3134 5298 3416 5370 φροντίδος
3451 5299 3511 5354 δὲ

241 5408 402 5473 μόνον
427 5399 547 5476 ἦτε,
577 5403 664 5457 ἵνα
693 5403 788 5455 ἐὰν
831 5400 1174 5474 ἀποπνεύσῃ,
1206 5401 1267 5454 τὸ
1299 5405 1464 5472 τάχος
1488 5405 1620 5474 ἡμῖν
1640 5406 2053 5478 ἁπαγγέλλητε.

319 5502 432 5557 κν.
460 5502 558 5558 llis
583 5503 652 5556 ita
681 5500 860 5567 factis,
894 5499 1193 5570 ut.nefario
1219 5499 1371 5572 impii
1402 5501 1611 5556 Datiani
1642 5503 1822 5558 edicto

2004 5503 2107 5561 IE'.
2142 5502 2456 5572 Γενομένων
2483 5495 2578 5554 οῦν
2611 5499 2817 5553 τούτων
2841 5497 3061 5552 πάντων
3103 5499 3247 5552 κατὰ
3294 5497 3358 5552 τὸ
3384 5496 3511 5550 ἀθέ·

235 5597 613 5671 praescriptum
639 5595 835 5662 fuerat,
887 5607 941 5652 et
970 5611 1036 5651 eo
1066 5595 1122 5650 in
1154 5594 1274 5650 loco
1312 5605 1549 5667 martyre
1584 5594 1818 5661 incluso,

1939 5611 2086 5663 μιτον
2113 5593 2205 5644 τοῦ
2240 5589 2585 5662 πολ.υμανοῦς
2620 5590 3067 5660 προστάγματος,
3096 5591 3191 5640 καὶ
3222 5591 3366 5659 μετὰ
3399 5585 3508 5640 πά-

237 5694 568 5746 adveutante
613 5700 791 5756 nocte,
826 5690 1011 5747 statim
1043 5691 1298 5747 custodes
1339 5689 1440 5760 ipsi
1486 5690 1596 5744 alto
1625 5704 1821 5758 sopore

1939 5704 2030 5757 σης
2060 5686 2309 5755 ἀνάγκης
2341 5683 2486 5738 οὕτω
2519 5681 2939 5753 καθειρχθέντος
2955 5679 3050 5734 τοῦ
3075 5680 3376 5752 μάρτυρος,
3415 5678 3513 5732 εὐ-

233 5782 486 5852 opprcssi
509 5790 656 5839 sunt.
684 5781 872 5854 Itaque
901 5784 1046 5856 quod
1078 5785 1336 5842 Datianus
1367 5791 1555 5839 contra
1570 5790 1820 5837 sanctum

1939 5777 2068 5841 θέως
2099 5778 2292 5842 νυκτὸς
2310 5774 2696 5845 ἐπιλαϐούσης,
2731 5772 2895 5845 ἡνίκα
2921 5772 3077 5844 βαθεῖ
3099 5772 3516 5844 κατεσχέθησαν

2319 5902 2359 5942 \

1386 5981 1402 6008 Ι
