3832 6508
238 456 344 523 751

1439 432 1721 498 MENSIS
1753 428 2209 516 nummus.

3382 420 3485 486 752

238 564 550 623 extollebat.
592 557 845 627 Quandiu
886 568 1018 612 vero
1057 551 1243 608 doloso
1293 546 1475 604 animo
1525 545 1657 600 talia
1690 558 1807 599 ma-

1919 539 2006 592 τοῦ
2033 536 2353 601 πανενδόξου
2384 537 2660 608 μάρτυρος
2693 530 2990 588 Βικεντίου.
3031 529 3119 587 Ἑν
3164 530 3276 601 ὅσῳ
3328 529 3386 584 δὲ
3417 530 3486 583 τὰ

240 656 588 717 ehiuabatur,
623 647 857 722 providit
883 645 1048 708 Dens,
1098 642 1255 713 cujus
1302 636 1517 694 bonitas
1557 636 1704 691 omni
1742 649 1808 689 ex

239 758 394 820 parte
429 744 668 817 perfecta
700 750 803 807 est,
838 750 894 796 ut
929 747 1191 811 tyrannus
1225 732 1317 788 ille
1348 730 1497 787 omni
1531 743 1627 798 spe
1647 728 1809 783 dece-

239 819 365 911 ptus
388 844 758 908 superaretur.
787 832 967 904 Ipsius
992 829 1139 884 enim
1180 823 1434 893 martyris
1456 820 1694 877 animam
1731 819 1813 872 vi-

238 933 483 995 ctricem,
515 945 582 984 ex
621 927 829 984 caduco
878 933 935 980 et
982 921 1157 993 fragili
1186 918 1435 988 corporis
1463 912 1812 970 tabernaculo

237 1029 300 1079 a.l
353 1023 631 1079 cmlestem
684 1021 965 1089 regionem
1014 1012 1272 1069 traduxit.
1323 1008 1444 1076 Qua
1475 1022 1537 1062 re
1564 1004 1813 1062 diabolus

241 1117 393 1172 valde
424 1114 686 1178 confusus
737 1110 862 1166 fuit.

306 1205 470 1262 XVII.
497 1205 765 1275 Equidem
802 1216 911 1256 non
961 1206 1165 1253 temere
1206 1194 1406 1250 factum
1460 1190 1713 1256 arbitror,
1754 1198 1815 1242 ut

237 1299 618 1358 sanctissimus
648 1296 731 1350 vir
752 1302 1077 1364 eotempore
1097 1299 1327 1344 mortem
1354 1286 1550 1352 obiret,
1577 1299 1685 1354 quo
1709 1283 1812 1337 Da-

237 1397 418 1450 tianus
446 1393 560 1463 ipse
588 1389 868 1447 curatione
893 1387 1001 1452 illa,
1047 1384 1132 1440 vel
1160 1380 1372 1438 insidiis
1390 1377 1568 1450 potius
1609 1388 1813 1445 marty-

240 1503 353 1542 rem
377 1483 591 1558 aggredi
620 1480 857 1536 volebat.
885 1478 1135 1533 Dicturus
1158 1474 1305 1530 enim
1323 1472 1533 1535 fuisset,
1548 1469 1668 1539 ejus
1685 1481 1814 1523 cura

237 1590 292 1634 ct
324 1578 504 1633 studio
531 1575 791 1630 athletam
826 1570 1170 1626 Vincentium
1210 1575 1484 1623 servatum
1514 1561 1812 1620 esse.Cum

241 1672 407 1743 igitur
444 1670 704 1724 victorem
748 1673 1040 1735 martyrem
1092 1660 1293 1716 obiisse
1344 1657 1606 1712 Datianus
1655 1670 1814 1710 acce-

236 1767 428 1836 pisset,
453 1761 619 1833 cmpit
644 1760 782 1815 ultra
803 1757 1022 1812 modum
1042 1754 1307 1819 insanire,
1333 1760 1388 1807 et
1414 1752 1490 1806 ait
1518 1768 1531 1804 :
1553 1748 1609 1805 Si
1633 1749 1813 1807 vivum

238 1853 515 1908 hominem
557 1854 719 1906 istum
767 1862 1029 1919 superare
1060 1860 1171 1901 non
1211 1843 1388 1916 potui,
1429 1843 1621 1898 saltem
1661 1856 1812 1895 mor-

1912 630 2135 687 τοιαῦτα
2161 629 2349 693 δολίως
2377 628 2701 698 ἐφθέγγετο,
2737 627 2765 681 ό
2801 624 3113 694 πανάγαθος
3142 624 3273 687 Θεὸς
3302 621 3485 692 βουλό-

1917 740 2077 795 μενος
2123 723 2222 793 τὴν
2256 718 2427 794 ἧτταν
2480 718 2888 788 ἀπενέγκασθαι
2925 717 3017 770 τὸν
3060 716 3346 787 τύραννον,
3387 715 3487 783 τὴν

1914 816 2077 883 ἁγίαν
2096 814 2194 868 καὶ
2217 813 2510 884 νικηφόρον
2532 811 2711 882 ψυχὴν
2735 809 2831 865 τοῦ
2859 809 3137 880 μάρτυρος
3158 805 3299 877 μετὰ
3328 803 3483 871 δόξης

1913 905 2115 976 πολλῆς
2154 904 2218 957 ὲκ
2246 902 2338 956 τοῦ
2367 902 2700 973 προσκαίρου
2760 896 3116 971 σκηνώματος
3153 895 3485 966 μετέστησεν

1913 1001 1993 1062 είς
2035 999 2135 1069 τὴν
2164 995 2484 1067 ἐπουράνιον
2513 992 2720 1064 χώραν,
2766 989 3137 1060 καταισχύνας
3167 986 3260 1040 τὸν
3304 984 3488 1039 διάδο-

1912 1093 2021 1149 λον.

1985 1208 2085 1263 IZ'.
2118 1203 2345 1275 Νομίζω
2397 1202 2454 1256 δὲ
2511 1200 2586 1274 μὴ
2620 1198 2808 1262 ἁπλῶς
2863 1193 3359 1268 προτετελειῶσθαι
3386 1193 3487 1246 ’τὸν

1913 1300 2091 1368 ἅγιον,
2123 1300 2221 1368 τῆς
2264 1295 2425 1366 δῆθεν
2472 1291 2939 1365 εὐτρεπιζομένης
2984 1289 3134 1360 αὐτῷ
3164 1288 3484 1360 θεραπείας,

1918 1392 2116 1464 μᾶλλον
2143 1390 2200 1443 δὲ
2245 1387 2538 1459 ἐπιϐουλῆς
2572 1385 2669 1439 τοῦ
2720 1385 3075 1455 κακόφρονος.
3118 1381 3351 1451 Ἔμελλε
3377 1380 3487 1449 γὰρ

1913 1485 2094 1554 λέγειν
2124 1485 2207 1536 δτι
2241 1484 2306 1553 τῇ
2336 1480 2500 1535 αὐτοῦ
2534 1478 2737 1549 σπουδῇ
2765 1494 2824 1530 τε
2848 1478 2941 1530 καὶ
2992 1473 3284 1544 ἐπιμελείᾳ
3329 1486 3488 1542 περι-

1914 1576 2184 1630 σεσῶσθαι
2223 1574 2313 1627 τδν
2340 1573 2667 1642 ἀγωνιστήν.
2712 1566 3143 1637 Ἀπαγγέλλεται
3195 1564 3376 1617 τοίνυν
3406 1561 3485 1631 τῷ

1914 1664 2217 1736 παρανόμῳ
2242 1662 2552 1735 Δατιανῷἡ
2586 1658 2678 1714 τοῦ
2711 1657 3029 1728 στεφανίτου
3053 1653 3356 1716 τελείωσις,
3390 1650 3489 1705 καὶ⁵

1912 1761 2095 1815 λοιπὸν
2129 1757 2544 1827 καταισχυνθεὶς
2596 1756 2687 1808 ἐπὶ
2719 1754 2884 1807 πᾶσιν
2929 1750 2958 1802 ό
2990 1749 3272 1821 τύραννος,
3311 1745 3488 1814 γέλως

1915 1852 2200 1920 ἐτύγχανε,
2247 1850 2341 1902 καὶ
2394 1849 2553 1918 ξένην
2580 1847 2806 1918 ἄρχεται
2847 1842 3044 1915 μανίαν
3081 1838 3391 1912 μαίνεσθαι.
3427 1837 3486 1889 Ε⁸

239 1956 393 1999 tuum
426 1942 716 2014 superabo.
748 1939 864 1995 Non
897 1938 1129 2009 amplius
1147 1909 1397 2007 superest
1425 1934 1481 1989 in
1510 1949 1576 1988 eo
1591 1932 1813 2002 spiritus

1921 1944 1996 2015 μὴ
2024 1909 2149 2014 ’γὰρ
2188 1909 2453 2012 ἐδυνήθην
2502 1909 2692 2001 αὐτού,
2731 1909 2916 2008 φησίν,
2967 1909 3169 1998 ζῶντος
3205 1929 3460 2002 περιγενὲ

241 2039 332 2109 qui
361 2037 492 2091 mihi
531 2036 866 2098 adversetur,
911 2046 1087 2100 neque
1125 2029 1365 2085 hominis
1409 2030 1610 2082 mortui
1640 2041 1814 2081 mem-

239 2128 338 2182 bra
374 2141 586 2182 mecum
625 2125 859 2194 amplius
902 2136 1145 2192 pugnare
1179 2127 1456 2190 poterunt.
1493 2118 1815 2189 Projiciatur

239 2215 403 2287 igitur
436 2214 493 2269 in
527 2228 781 2283 campum
820 2212 939 2282 ejus
962 2211 1217 2276 cadaver,
1237 2224 1414 2279 neque
1444 2208 1700 2264 arborum
1735 2209 1817 2261 fo-

239 2308 349 2373 liis,
378 2315 473 2363 aut
505 2306 611 2360 alia
652 2320 710 2359 re
737 2312 1055 2375 contegatur
1086 2319 1100 2357 :
1139 2302 1234 2359 sed
1263 2301 1395 2357 feris
1421 2310 1476 2354 et
1498 2300 1811 2357 volucribus

239 2397 298 2451 in
335 2411 517 2452 escam
579 2394 917 2465 propositum
969 2393 1060 2447 sit.
1114 2392 1382 2463 Quidquid
1432 2393 1574 2449 enim
1624 2403 1811 2449 contra

238 2497 515 2544 mortuum
570 2485 734 2541 istum
769 2484 981 2540 efﬁcere
1013 2492 1236 2554 potero.
1285 2500 1395 2539 non
1445 2486 1708 2552 omittam,
1754 2496 1812 2543 ut

238 2590 422 2637 careat
442 2581 632 2635 funere
668 2593 733 2634 ac
758 2577 1056 2648 sepultura.

1920 2037 2066 2103 σθαι,
2088 2033 2225 2090 ἀλλὰ
2249 2034 2345 2086 καὶ
2364 2031 2495 2101 γοῦν
2527 2032 2755 2085 θανέντα
2785 2030 3191 2101 τιμωρήσομαι.
3225 2025 3340 2078 Οὐκ
3372 2022 3491 2074 ἐστι

1919 2130 2155 2198 πνεῦμα,
2217 2130 2374 2197 φησὶ,
2409 2127 2469 2180 τὸ
2501 2124 2958 2196 ἁντιμαχόμενον,
3018 2121 3143 2175 οὕτε
3181 2118 3287 2190 μὴν
3342 2115 3491 2187 ψυχὴ

1918 2222 2189 2291 νικήσασά
2231 2235 2318 2289 με,
2344 2218 2632 2288 ἀνθρώπου
2677 2215 2873 2289 νεκροῦ
2909 2211 3137 2283 οὐδεμία
3170 2211 3319 2282 μάχη
3348 2209 3492 2261 κατὰ

1920 2313 2097 2384 μελῶν
2129 2312 2371 2382 ἀψύχων.
2413 2312 2473 2364 Et
2503 2311 2611 2380 γὰρ
2655 2309 2717 2363 τὸ
2739 2310 2900 2377 σῶμα
2926 2304 3233 2359 διαλέλυται
3265 2340 3281 2366 ,
3310 2300 3492 2363 ξέναις

1917 2405 2204 2478 τιμωρίαις
2229 2403 2760 2474 ἑκϐακχευθήσομαι,
2796 2401 2890 2453 καὶ
2912 2400 3038 2470 ὅρον
3056 2396 3220 2450 τανῦν
3247 2393 3492 2463 λήψομαι

1914 2495 2026 2549 τῶν
2057 2498 2342 2561 αἰκιστῶν,
2369 2496 2533 2548 είκαὶ
2567 2492 2643 2563 μὴ
2663 2492 2733 2544 τὰ
2765 2490 2866 2559 τῆς
2902 2490 3058 2558 νίκης
3086 2504 3176 2557 μοι
3224 2485 3491 2556 προσεγέ-

1918 2606 2062 2645 νετο.
2102 2589 2404 2643 Ῥιπτέδθω
2430 2583 2722 2656 τοιγαροῦν
2742 2583 2884 2637 κατὰ
2929 2581 3023 2634 τοῦ
3051 2579 3237 2633 πεδίου
3267 2578 3328 2630 τὸ
3354 2574 3493 2644 ἄψυ-

241 2692 334 2747 χον
368 2674 547 2746 σῶμα,
576 2673 814 2745 μηδεμιᾷ
834 2670 890 2724 δὲ
919 2670 1097 2740 σκέπῃ
1126 2670 1192 2741 τῇ
1217 2669 1325 2722 ἀπὺ
1352 2670 1461 2725 τῶν
1487 2672 1738 2745 δένδρων,
1776 2676 1809 2748 ἢ
1848 2677 2009 2735 ἄλλου
2039 2683 2183 2746 τινὸς
2261 2680 2655 2755 κρυπτόμενον,
2706 2676 2855 2738 ὅπως
2896 2674 3166 2741 εὔληπτον
3201 2672 3289 2740 εἴη
3354 2667 3491 2737 πρὸς

239 2772 428 2842 βορὰν,
476 2766 638 2839 θηρσί
685 2783 745 2820 τε
795 2764 890 2819 καὶ
918 2763 1125 2835 ὀρνέοις
1157 2763 1250 2816 καὶ
1309 2764 1490 2833 κυσὶν,
1537 2765 1571 2838 ἢ
1608 2768 1893 2839 τοῦτο,κᾶν
1949 2774 2086 2846 ὅπερ
2128 2775 2270 2830 κατὰ
2320 2775 2616 2839 τεθνεῶτος
2662 2771 2922 2842 δύναμαι,
2960 2769 3168 2837 ἄταφος
3224 2765 3322 2819 καὶ
3349 2761 3491 2829 ἀκή-

237 2863 424 2926 δευτος
451 2857 755 2915 ἀπολέσθω.

306 2952 498 3009 XVIII.
523 2951 709 3023 Itaque
727 2949 1134 3022 pretiosissima
1153 2949 1410 3021 martyris
1452 2949 1694 3021 reliquiae
1714 2968 1814 3009 nc-

1991 2966 2102 3022 III'.
2135 2967 2247 3022 Καὶ
2274 2967 2338 3038 δὴ
2387 2967 2628 3035 ἐξέκειτο
2661 2982 2797 3036 προς
2854 2960 3125 3033 τιμωρίαν
3166 2959 3229 3012 τὸ
3274 2956 3492 3011 πολυτί-

241 3049 379 3106 fario
418 3048 632 3119 tyranni
667 3047 848 3101 edicto
881 3044 1141 3115 projects:
1183 3055 1332 3109 sunt,
1366 3044 1472 3100 illis
1516 3046 1810 3114 assidente,

1922 3075 2094 3129 μητον
2119 3057 2371 3128 λείψανον
2386 3059 2480 3111 τοῦ
2511 3053 2834 3126 ἀγωνιστοῦ,
2854 3042 2994 3107 κατὰ
3023 3052 3084 3104 τὺ
3108 3051 3368 3121 ἀθέμιτον
3395 3048 3489 3100 τοῦ

190 3153 213 3166 ’
238 3157 441 3212 easque
453 3140 793 3197 custodiente
808 3138 1085 3202 carnifice,
1107 3137 1434 3206 pessimique
1452 3137 1593 3193 illius
1609 3140 1813 3195 Datiani

1922 3151 2198 3223 ίεροσύλου
2243 3151 2593 3223 πρόσταγμα,
2634 3149 2756 3202 οὐδὲ
2811 3144 3194 3215 ὲφεδρεύοντός
3223 3160 3371 3205 τινος
3398 3142 3490 3194 καὶ

241 3232 430 3288 amicis
466 3232 810 3301 quibusdam.
840 3229 1017 3285 Nemo
1041 3238 1224 3284 autem
1261 3227 1697 3285 Christianorum
1736 3247 1805 3286 re»

243 3324 420 3397 ligiosi
444 3323 695 3394 martyris
714 3336 913 3391 corpus
939 3336 968 3376 a
1002 3329 1234 3392 tyranno
1253 3328 1439 3390 petere
1463 3322 1720 3387 audebat,
1755 3340 1817 3395 ιιι

244 3416 454 3474 scilicet
497 3415 787 3487 optabilem
835 3415 987 3470 illum
1037 3425 1325 3488 martyrem
1375 3433 1561 3474 secum
1614 3420 1816 3476 habere

242 3515 447 3578 posset.
507 3506 717 3561 Corvus
766 3514 948 3560 autem
997 3505 1238 3575 quidam,
1263 3508 1396 3574 ales,
1441 3509 1688 3580 inquam,
1726 3512 1815 3567 illc

243 3596 645 3671 ignavissimus,
685 3603 741 3651 et
767 3595 1002 3650 maxime
1031 3597 1233 3668 segnis,
1270 3612 1302 3652 e
1347 3598 1652 3670 propinquo
1698 3600 1817 3657 loco

241 3688 534 3756 advolavit,
560 3697 616 3744 et
656 3696 905 3745 sanctum
929 3688 1058 3743 illud
1084 3702 1282 3760 corpus
1310 3692 1584 3749 custodire
1615 3694 1814 3765 cwpit:

241 3781 334 3852 qui
381 3780 553 3851 nigris
587 3779 782 3850 pennis
824 3788 883 3834 et
932 3778 1117 3834 colore
1176 3789 1319 3844 atro,
1375 3789 1633 3853 tanquam
1668 3785 1815 3855 pulla

243 3873 479 3944 quadam
532 3880 684 3926 veste
733 3871 978 3935 indutus,
1011 3870 1413 3940 quodammodo
1444 3873 1654 3936 luctum
1702 3891 1820 3946 prae

242 3979 303 4020 se
359 3962 586 4029 ferebat,
632 3962 874 4032 aliasque
923 3962 1175 4018 volucres
1238 3965 1578 4036 grandiores,
1632 3966 1818 4022 volatu

243 4072 443 4128 magno
474 4056 601 4111 illuc
646 4044 934 4123 irruentes,
980 4056 1208 4128 impigre
1246 4073 1604 4129 persequens,
1639 4059 1819 4114 eloco

242 4148 336 4204 illo
369 4147 529 4204 facile
556 4146 823 4219 abigebat.
855 4146 1111 4213 Quinimo
1156 4148 1349 4219 lupum
1399 4151 1694 4219 quemdam
1727 4165 1818 4205 re-

241 4239 469 4311 pentino
492 4254 656 4294 cursu
686 4254 752 4294 eo
777 4239 1084 4294 venientem
1111 4242 1187 4294 ita
1216 4226 1436 4310 repulit,
1465 4238 1524 4296 ut
1553 4241 1645 4297 ille
1668 4250 1819 4312 terga

241 4340 483 4394 vertens,
516 4343 628 4385 non
676 4330 825 4385 corvi
857 4330 1078 4400 quidem
1128 4331 1413 4401 impetum,
1447 4332 1547 4389 sed
1584 4333 1819 4404 jacentis

241 4423 387 4479 illius
421 4421 595 4478 saneti
626 4422 871 4494 corporis
902 4432 1183 4494 aspectum
1210 4424 1567 4480 extimescere
1599 4442 1709 4496 prae
1756 4441 1818 4482 se

1918 3243 2454 3315 παραφυλάττοντος,
2480 3243 2512 3313 ἢ
2544 3241 2706 3311 τυχὸν
2740 3240 2986 3310 χρήμασι
3009 3237 3422 3307 διαφθαρέντος,
3454 3234 3487 3303 ἦ
3532 3252 3536 3256 ‘

1919 3336 2014 3389 καὶ
2040 3337 2211 3405 φίλων
2243 3335 2403 3389 τινῶν
2424 3335 2519 3388 τοῦ
2546 3334 2885 3404 κακόφρονος
2902 3347 2916 3361 ·
2944 3329 3069 3383 οὔτε
3101 3330 3208 3400 μήν
3240 3345 3323 3391 τις
3361 3328 3400 3379 Χ
3411 3343 3493 3397 ρι-
3520 3320 3524 3323 ⁷

1922 3428 2207 3500 στιανῶνῆ
2236 3428 2403 3500 οίκτῳ
2436 3428 2470 3499 ἢ
2498 3428 2591 3481 τοῦ
2615 3426 2873 3489 εὐσεὸοὖς
2901 3425 3060 3495 χάριν
3106 3421 3491 3490 ἐξαιτήσεσθαι

1919 3521 2184 3593 ἠδυνήθη,
2218 3522 2314 3575 καὶ
2347 3520 2675 3591 συγκομίσαι
2703 3519 2764 3572 τὸ
2812 3516 3058 3586 θεοφιλὲς
3090 3514 3364 3583 λείψανον,
3398 3516 3491 3565 καὶ

1920 3611 2065 3684 ἔχειν
2108 3613 2359 3686 μάρτυρα
2413 3614 2493 3677 είς
2532 3613 2782 3667 εὐκταῖον
2831 3613 2943 3673 τοῖς
3001 3609 3168 3662 πᾶσιν
3223 3604 3493 3675 ὀμόρυλον

1920 3704 2145 3773 ἀγαθόν.
2200 3705 2300 3758 Διὰ
2330 3705 2384 3757 τί
2420 3704 2476 3757 δὲ
2523 3704 2685 3774 τυχὸν
2732 3700 2981 3770 ἐκωλύθη
3034 3697 3197 3751 τινῶν
3225 3698 3313 3748 ἐπ’
3345 3693 3492 3763 αὐτῷ

1922 3801 2177 3868 παρεῖναι
2207 3796 2608 3869 παραφυλακὴν
2634 3796 2729 3850 καὶ
2756 3793 3057 3865 θεραπείαν
3093 3790 3326 3861 θνητῶν,
3385 3788 3489 3859 μή·

1922 3904 2037 3952 πως
2062 3889 2126 3960 δὴ
2176 3888 2469 3955 ἁγγελικαὶ
2500 3888 2597 3941 καί⁵
2626 3886 2768 3939 θεῖαι
2814 3882 3138 3956 δορυφορίαι
3187 3879 3490 3948 κεχρῆσθαι

1920 3980 2251 4051 νομισθεϊεν,
2307 3979 2367 4031 τὸ
2394 3980 2764 4050 ἑπαγρυπνεῖν
2792 3978 2887 4031 καὶ
2925 3975 3219 4045 φυλάττειν
3238 3973 3302 4023 τὸ
3337 3971 3488 4037 ἅγιον
3551 4028 3556 4032 ,

1921 4070 2080 4139 σῶμα
2112 4070 2207 4123 τοῦ
2246 4069 2541 4141 μάρτυρος,
2569 4070 2617 4122 εί
2643 4066 2958 4139 ἀνθρωπεία
2983 4083 3067 4128 τις
3109 4064 3290 4134 παρῆν
3318 4061 3489 4133 ἐμμὶ-

1918 4162 2070 4227 ).εια;
2102 4161 2273 4231 κόραξ
2299 4161 2376 4227 δὲ,
2409 4162 2571 4232 φημὶ,
2610 4161 2673 4214 τὸ
2700 4161 2887 4232 δρνεον
2928 4157 3233 4230 ἀργότατόν
3258 4171 3320 4207 τε
3352 4154 3486 4206 πάνυ

1919 4272 2030 4308 των
2090 4255 2186 4307 καὶ
2231 4254 2597 4323 όκνηρότατον
2648 4255 2912 4305 πετεινῶν
2963 4253 3029 4305 ὲκ
3072 4249 3164 4303 τοῦ
3225 4247 3487 4313 σύνεγγυς

1921 4345 2286 4415 καθεζόμενον
2334 4347 2401 4415 τῇ
2452 4343 2682 4414 ζοφώδει
2728 4343 2877 4414 είδέᾳ
2906 4359 2966 4396 τε
3003 4344 3097 4395 καὶ
3127 4339 3205 4410 τῷ
3240 4338 3485 4409 χρώματι

1918 4438 2018 4507 τὴν
2044 4436 2264 4508 κηδείαν
2292 4436 2387 4490 τοῦ
2436 4436 2689 4505 σώματος
2729 4436 2823 4489 καὶ
2859 4434 3107 4504 φυλακὴν
3133 4434 3389 4493 ἐποιεῖτο,
3418 4428 3484 4489 ἀκς

242 4511 386 4579 tulit,
421 4526 486 4567 ac
525 4522 750 4582 stupore
776 4513 1081 4583 perculsus,
1130 4525 1356 4584 repente
1402 4516 1813 4588 subterfugerit.

1921 4530 2070 4583 ἐστιν
2125 4528 2441 4593 ὑπολαϐεῖν,
2495 4527 2591 4581 καὶ
2618 4525 2811 4598 ὥσπερ
2866 4524 3127 4595 μέλαιναν
3165 4521 3369 4592 ἐσθῆτα
3392 4518 3485 4587 τὴν

242 4604 507 4676 Equidem
540 4605 710 4660 feram
741 4605 888 4661 illam
935 4606 1179 4678 angelica
1221 4609 1510 4677 praesentia
1544 4620 1817 4679 perterre-

239 4703 442 4754 factam
501 4698 652 4755 illinc
705 4699 983 4772 aufugisse
1035 4701 1293 4756 arbitror.
1340 4699 1537 4756 Vetere
1589 4701 1814 4758 historia

239 4791 401 4845 nobis
436 4790 692 4845 traditum
719 4801 822 4857 est,
853 4791 1074 4846 beatum
1114 4791 1283 4845 Eliam
1324 4791 1684 4847 Israelitarutu
1717 4793 1818 4848 im-

238 4883 496 4952 pietatem
522 4882 823 4954 fugientem
848 4885 890 4949 ²,
926 4899 1051 4939 cum
1083 4883 1317 4939 desertis
1345 4884 1480 4940 locis
1510 4894 1566 4940 et
1594 4888 1817 4956 spelun-

239 4976 318 5031 cis
350 4992 571 5046 pravam
603 4992 792 5031 eorum
826 4976 1135 5042 hominum,
1169 4977 1263 5048 qui
1293 4985 1422 5033 tunc
1457 4987 1635 5044 erant,
1681 4993 1815 5033 con-

239 5069 585 5125 suetudinem
637 5077 1013 5140 permutasse,
1069 5085 1243 5140 eoque
1278 5079 1525 5141 tempore
1573 5071 1815 5140 quotidie

177 5224 182 5228 ν
239 5177 401 5217 mane
424 5175 488 5216 ac
514 5159 730 5231 vesperi
750 5161 1074 5231 prophetam
1099 5157 1250 5216 illum
1275 5178 1305 5216 a
1330 5177 1495 5218 corvo
1522 5163 1629 5219 sibi
1666 5164 1818 5218 obla-

241 5262 356 5310 tum
387 5252 569 5308 cibum
599 5254 897 5325 accepisse.
930 5254 997 5309 Et
1026 5269 1175 5309 nunc
1219 5255 1379 5327 igitur
1408 5255 1594 5313 divino
1632 5256 1812 5326 jussu,
1858 5288 1864 5293 -

239 5347 699 5417 quemadmodum
742 5356 798 5403 et
825 5346 976 5415 olim,
1012 5363 1209 5403 corvus
1255 5349 1543 5413 excitatus,
1586 5347 1819 5405 Vincen-

240 5441 316 5494 tio
348 5438 569 5510 martyri
619 5448 1012 5510 congruentem
1052 5454 1274 5510 operam
1325 5453 1621 5510 curamque
1663 5440 1820 5496 adhi-

238 5533 424 5589 bebat.

1918 4619 2127 4675 οἰκείαν
2167 4619 2662 4690 ἐπαμφιασάμενος
2688 4617 2903 4688 χροιὰν,
2937 4614 2997 4668 τὸ
3038 4612 3234 4676 πένθος
3278 4609 3478 4664 ἐπεδεί-

1919 4727 2112 4765 κνυτο·
2178 4710 2246 4764 τὰ
2288 4709 2344 4763 δὲ
2397 4708 2765 4778 ἐπιφοιτῶντα
2812 4707 2975 4777 δρνεα
3009 4704 3193 4768 λοιπὰ,
3258 4701 3481 4771 μέγιστα

1919 4803 2048 4856 ὅντα
2086 4801 2182 4858 καὶ
2235 4800 2456 4873 ὀλέθρια
2509 4801 2620 4863 τοῖς
2653 4801 2874 4870 πτεροῖς
2919 4798 3255 4867 ὑπάρχοντα,
3319 4792 3478 4863 ῥᾷστα

1922 4894 2247 4956 ἁπεδίωκεν,
2294 4891 2588 4947 ἐπελθόντα
2637 4890 2694 4943 δὲ
2752 4891 2847 4944 καὶ
2899 4887 3063 4941 λύκον
3122 4888 3188 4955 τῇ
3240 4876 3471 4944 aﬂuat":

1922 4987 2165 5056 πτοὴσας
2197 4984 2467 5054 συνδρομῇ
2506 4981 2758 5048 ὲξεδίωκε
2786 4980 2879 5035 τοῦ
2901 4978 3148 5042 σώματος
3165 4987 3179 5002 ⁶
3201 4973 3226 5023 ὀ
3248 4970 3307 5022 δὲ
3329 4967 3479 5026 λύκθι

1920 5078 2240 5146 ἐπικάμψας
2265 5077 2355 5130 τὸν
2403 5076 2629 5146 αὐχένα,
2655 5075 2748 5128 καὶ
2778 5074 2837 5121 οὐ
2868 5068 2968 5139 τὴν
2998 5063 3174 5137 ὁρμὴν
3209 5062 3301 5115 τοῦ
3328 5059 3484 5129 κόρα·

1921 5184 2037 5231 κος,
2073 5168 2209 5221 ἀλλὰ
2240 5170 2338 5237 τὴν
2367 5165 2491 5236 ὄψιν
2510 5165 2602 5217 τοῦ
2630 5161 2888 5231 κειμένου
2917 5157 3172 5227 λειψάνου
3204 5152 3484 5207 καταπλα-

1922 5264 2037 5333 γεὶς
2067 5260 2364 5331 συνεστάλη
2390 5270 2405 5290 ⁸
2438 5256 2682 5313 πιστεύω
2701 5256 2757 5309 δὲ
2782 5256 2864 5307 ὅτι
2889 5250 3185 5320 ἀγγελικῆς
3210 5245 3485 5317 ἐφεδρείας

1922 5355 2222 5426 Θαυμάζων
2260 5354 2743 5424 τινὰσπρόσπνοιαν
2768 5346 3033 5413 ἁπεπάγη
3082 5342 3160 5411 τῷ
3188 5341 3318 5395 δέει.
3362 5340 3483 5407 ’Δρ-

1922 5447 2054 5517 χαία
2105 5463 2187 5509 τις
2241 5447 2375 5516 ἡμῖν
2414 5442 2625 5514 ἱστορία
2670 5436 3032 5508 παραδέδοται
3081 5432 3355 5502 φεύγοντα
3397 5427 3482 5481 τὸν

1926 5538 2197 5608 μακαρίον
2236 5537 2423 5590 Ἠλίαν
2456 5538 2552 5606 τὴν
2600 5533 2708 5587 τῶν
2749 5527 3101 5603 Ἰσραηλιτῶν
3144 5523 3481 5585 δυσσέϐειαν,

236 5630 335 5682 καὶ
363 5632 461 5698 τὴν
499 5627 729 5682 ἔκτοπον
784 5626 884 5698 τῆς
935 5624 1171 5691 Ἰεξάδελ
1235 5627 1540 5698 μιαρῦτητα
1580 5628 1810 5699 ἐρήμοις
1850 5632 1941 5683 καὶ
2002 5630 2287 5701 σπηλαίοις
2344 5623 2935 5682 ἁντικαταλλάσσεσθαι
2964 5622 3066 5692 τὴν
3104 5619 3213 5673 τῶν
3254 5619 3372 5671 τότε
3398 5620 3482 5670 ἁν-

243 5720 476 5790 θρώπων
501 5722 1448 5795 συναναστροφὴν.ἑκάστηςήμέρπις
1471 5724 1532 5779 τὸ
1552 5724 1804 5796 δεύτερον
1872 5726 1970 5798 τὴν
2006 5727 2281 5782 διακονίαν
2348 5720 2517 5795 εἶχεν,
2569 5723 2664 5779 καὶ
2704 5720 2781 5793 τῷ
2847 5720 3099 5793 προφήτῃ
3133 5718 3214 5782 είς
3259 5715 3356 5788 τὴν
3383 5716 3484 5783 τῶν

313 5899 333 5930 ⁸
356 5896 377 5953 l
402 5896 534 5972 Reg.
569 5915 702 5967 xvu,
742 5899 764 5953 I
795 5908 849 5955 et
879 5913 1030 5973 seqq.
