3832 6476
396 409 503 475 752

1658 414 1834 475 VITA
1875 416 1937 475 S.
1977 415 2397 478 VINCENTU.

3543 420 3647 483 754

395 522 614 592 τροφῶν
657 520 1041 592 παρακομιδὴν
1069 519 1435 576 διακονεῖσθαι
1462 524 1615 595 παρὰ
1658 524 1752 578 τοῦ
1780 525 1966 596 ὁμοίου
2004 527 2216 598 ὀρνέου,
2276 529 2419 598 φημὶ
2463 494 2550 600 δὴ.
2598 529 2690 584 τοῦ
2757 545 3029 601 κόρακος·
3073 530 3210 587 ἀλλὰ
3254 533 3362 607 γάρ
3429 539 3526 589 καὶ
3555 540 3646 590 ἐπὶ
3682 560 3693 569 κ

394 616 490 669 τοῦ
553 616 822 686 παρόντος
875 614 954 686 τῷ
1010 615 1176 670 πάλαι
1239 616 1368 688 θείῳ
1422 618 1809 689 προστάγματι
1861 619 1960 683 τὰς
1999 619 2383 692 προσηκούσας
2417 622 2709 693 θεραπείας
2739 624 2948 680 ἐκτελεῖ
2974 624 3054 695 τῷ
3077 625 3336 697 μάρτυρι.

467 726 569 781 ιον.
607 728 750 798 Πρὸς
787 727 815 780 ὃ
840 728 933 780 καὶ
955 727 1271 798 παραδόξως
1322 727 1617 797 ἐκπλαγεὶς
1655 731 1683 783 ό
1712 728 1951 791 Δατιανδς

2142 730 2286 786 XIX.
2321 731 2441 798 Quo
2469 732 2735 787 miraculo
2762 732 3046 803 perculsus
3090 732 3372 801 Datianus,
3409 738 3645 793 clamare

394 821 598 893 ἤρξατο
657 820 785 892 βοᾷν
820 821 915 873 καὶ
944 820 1155 888 λέγειν·
1187 819 1291 874 Φεῦ
1322 822 1335 875 l
1368 819 1494 874 οὗτε
1544 821 1741 891 νεκροῦ
1805 820 1969 874 αὐτοῦ

396 910 781 979 περιγενέσθαι
840 909 1111 980 δύναμαι’
1148 912 1215 965 ἐκ
1244 910 1302 964 δὲ
1347 911 1440 965 τοῦ
1480 912 1724 966 ἐναντίου
1756 916 1822 983 τῇ
1861 914 1968 985 ἐμῇ

2074 823 2239 893 coepit
2261 841 2275 879 :
2299 825 2448 879 Heu!
2471 824 2729 895 quidnam
2753 826 2859 883 hoc
2875 828 3000 883 est?
3025 826 3104 884 Ne
3131 837 3404 884 mortuum
3425 830 3643 899 quidem

2074 916 2353 972 hominem
2393 916 2560 971 istum
2600 932 2860 987 superare
2899 933 3211 989 possumus.
3243 920 3508 987 Qninimo
3536 936 3643 990 quo

396 1006 725 1076 χαλεπότητι
777 1003 1115 1076 ἐνδοξότερος
1154 1006 1563 1061 ἀναδείκνυται.
1608 1007 1827 1075 Ἐπειδὴ
1875 1003 1951 1061 οὗι

2072 1008 2278 1079 majore
2309 1008 2610 1064 acerbitate
2628 1010 2683 1063 in
2712 1025 2838 1064 eum
2856 1011 3083 1076 utimur,
3106 1026 3173 1067 eo
3194 1012 3424 1068 efﬁcitur
3444 1014 3642 1084 glorio-

310 1167 316 1171 η
394 1095 673 1159 ἀδυνάτως
730 1097 822 1150 ἐπὶ
865 1097 968 1167 γῆς
996 1096 1113 1169 ἔχει
1165 1098 1225 1150 τὸ
1261 1098 1450 1153 τοῦτον
1497 1098 1968 1167 καταναλωθῆναι,

392 1188 472 1259 τῷ
496 1188 721 1256 πελάγει
746 1189 1079 1261 ὑποϐρύχιος
1106 1208 1327 1264 παραπε
1339 1190 1581 1261 μπέσθω,
1613 1191 1672 1245 τὸ
1692 1191 1789 1260 τῆς
1813 1190 1969 1262 νίκης

392 1277 561 1334 αὑτοῦ
645 1280 984 1350 μεγαλοφυὲς
1027 1280 1086 1335 δὲ
1142 1283 1174 1351 ή
1232 1282 1475 1337 θάλασσα
1537 1283 1966 1353 κατακρυψάτω,

394 1372 481 1425 ἵνα
514 1371 749 1442 ἑκάστης
772 1373 988 1443 ἡμέρας
1016 1373 1092 1445 μὴ
1117 1373 1287 1443 γέλως
1339 1373 1431 1429 ὑπ’
1453 1374 1574 1443 ὄψιν
1610 1375 1721 1429 τῶν
1749 1375 1967 1430 πάντων

390 1461 648 1532 γίνωμαι.
709 1464 1069 1536 Ἐμόληθήτω
1105 1468 1394 1537 τοιγαροῦν
1426 1468 1607 1539 ἐντῷ
1661 1468 1963 1540 ἐρούγκλῳ,

389 1553 518 1621 καθ’
541 1554 600 1608 ὃν
630 1555 833 1626 τρόπον
870 1558 917 1610 οί
945 1559 1300 1628 πατροκτόνοι
1331 1560 1391 1612 ἐν
1426 1558 1585 1631 βοείῳ
1616 1560 1770 1630 ἀσκῷ
1794 1578 1965 1615 κατα-

387 1646 749 1718 δεσμούμενοι
777 1649 1058 1719 ρίπτονται
1087 1650 1230 1705 κατά
1252 1649 1348 1705 τοῦ
1391 1652 1661 1719 πελάγους
1684 1667 1699 1683 '
1733 1652 1868 1707 λίθοι
1906 1652 1963 1705 δὲ

387 1739 898 1805 συστιεαζέσθωσαν
926 1742 1003 1813 τῷ
1025 1743 1509 1816 ἐσπαργανωμένῳ
1540 1742 1752 1812 σώματι
1772 1743 1961 1808 αὐτοῦ,

387 1829 485 1883 καὶ
510 1831 599 1885 ὅτε
632 1831 878 1885 πλεῖστον
940 1834 1034 1886 ἐπὶ
1058 1833 1129 1887 τὰ
1182 1833 1322 1904 βάθη
1365 1834 1636 1905 διάστημα
1664 1833 1892 1888 ἔλθωσιν
1913 1835 1962 1888 oi

385 1921 603 1988 ναῦται,
644 1923 1028 1995 ἐκριψάτωσαν
1059 1927 1226 1981 αὑτὸν
1254 1929 1366 1990 τοῖς
1414 1925 1676 1997 κύμασιν,
1734 1927 1883 1990 ὅπως
1910 1927 1961 1979 oi

380 2012 495 2067 τῶν
520 2015 721 2085 ίχθύων
749 2018 927 2071 ἄσιτοι
957 2017 1012 2072 εῖ
1039 2018 1144 2073 πού
1174 2036 1227 2072 τι
1259 2017 1670 2089 ἀσπάρακτονῆ
1703 2017 1956 2089 τραύμα-

2072 1099 2201 1153 sior.
2244 1098 2511 1165 Quoniam
2570 1100 2735 1170 igitur
2771 1100 2886 1155 lieri
2915 1117 3023 1155 non
3072 1102 3249 1174 potuit
3291 1114 3350 1157 ut
3393 1104 3446 1157 in
3483 1103 3645 1159 terris

2069 1198 2508 1254 consumeretur,
2540 1189 2594 1244 in
2625 1191 2793 1245 altum
2825 1206 2975 1245 mare
2999 1192 3367 1263 demergatur,
3402 1193 3642 1263 uthujus

2069 1281 2310 1337 victorize
2357 1281 2818 1353 magnificentiam
2875 1299 3025 1338 mare
3076 1284 3253 1353 ipsum
3305 1284 3522 1349 obruat,
3571 1300 3640 1340 no

2065 1373 2311 1443 quotidie
2348 1374 2604 1429 omnibus
2633 1374 2892 1430 ridiculus
2922 1371 3390 1446 tiam.1)ejiciatur
3433 1386 3636 1442 autem,

2066 1466 2524 1536 quemadmodum
2554 1466 2837 1535 parricidae
2875 1465 3071 1531 solent,
3109 1467 3166 1521 in
3213 1475 3333 1522 utre
3377 1483 3441 1522 ex
3485 1467 3642 1523 bouis

2066 1559 2206 1628 pelle
2229 1557 2480 1613 confecto
2501 1557 2797 1622 inclusum,
2831 1560 3086 1629 saxisque
3113 1560 3324 1629 magnis
3349 1560 3636 1631 illigatum,

2065 1651 2185 1720 ejus
2217 1650 2450 1705 cadaver
2498 1650 2553 1705 in
2612 1650 2781 1705 altum
2814 1665 2964 1706 mare
3001 1651 3370 1723 demergatur,
3400 1665 3637 1720 cumque

2064 1751 2247 1796 nauta:
2274 1742 2375 1811 ipsi
2407 1741 2639 1796 multum
2669 1742 2841 1798 maris
2870 1742 3107 1812 spatium
3136 1742 3426 1805 tranariut,
3460 1742 3515 1796 in
3535 1758 3638 1796 uno

2061 1834 2160 1889 das
2181 1833 2634 1903 profundissimas
2654 1834 2815 1890 istius
2842 1833 3079 1888 hominis
3100 1834 3334 1887 cadaver
3358 1831 3636 1902 dejiciant.

2063 1937 2123 1983 ut
2154 1926 2199 1981 si
2224 1926 2369 1996 quod
2401 1925 2669 1982 Viucentii
2718 1926 3022 1980 membrum
3069 1926 3336 1995 reliquum
3373 1932 3477 1989 est,
3504 1921 3638 1977 illud

2063 2015 2240 2087 pisces
2261 2024 2586 2072 consumant
2603 2024 2661 2072 et
2679 2015 2966 2073 devorent.
2999 2014 3187 2086 Itaque
3216 2015 3469 2086 pretiosae
3489 2027 3636 2067 mar-

381 2120 478 2169 τος
523 2084 808 2179 ἐλεύθερον
864 2109 917 2164 τὸ
948 2110 1111 2183 τυχὸν
1155 2110 1303 2181 αύτῷ
1338 2084 1500 2181 μέλος
1546 2084 1951 2175 ὑπολέλειπται,

2064 2084 2197 2180 tyris
2244 2108 2528 2180 reliquiae,
2571 2109 2716 2165 sicut
2758 2109 3018 2167 Datianus
3074 2084 3333 2181 iusserat.
3366 2108 3639 2187 conclusae

394 2193 690 2263 λάπτοντες
715 2200 993 2271 ἐπιμόνως
1020 2202 1116 2256 καὶ
1140 2200 1300 2256 τοῦτο
1325 2199 1775 2259 καταναλώσωσι.
2064 2209 2213 2257 sunt.
2502 2262 2507 2267 ,
2766 2272 2772 2277 _

481 2288 536 2357 1)
575 2290 684 2345 Καὶ
716 2292 906 2364 ἐπειδὴ
938 2292 1006 2346 τά
1021 2294 1254 2364 χερσαῖα
1280 2292 1447 2364 θηρία
1500 2292 1699 2363 μᾶλλον
1727 2292 1936 2363 ἀδρανῆ
1967 2291 2067 2363 τήν
2104 2292 2200 2347 τοῦ
2234 2292 2485 2364 σώματος
2515 2293 2682 2365 φειδὼ
2711 2295 3061 2365 πεποίηνται,
3087 2295 3226 2350 ἀλλὰ
3271 2292 3405 2365 γοῦν
3450 2293 3634 2365 κητῶν

379 2381 663 2453 ἀκορέστῳ
697 2384 927 2455 στόματι
980 2387 1455 2458 κατατεμνόμενον
1493 2386 1637 2442 ἅπαν
1669 2385 2116 2456 ἀναλωθήσεται·
2166 2386 2215 2440 εί
2245 2386 2302 2439 δὲ
2372 2387 2465 2442 καὶ
2528 2387 2701 2453 ξένοις
2766 2389 3035 2457 αἰγιαλοῖς
3103 2388 3491 2460 προσπελάσας
3542 2389 3637 2439 ὲκ.

383 2480 693 2550 ριφήσεται,
742 2485 809 2554 τῇ
871 2482 1208 2555 ἐπαναλήψει
1250 2483 1347 2538 καὶ
1399 2485 1512 2548 τοῖς
1571 2483 1810 2547 διαύλοις
1876 2482 1986 2537 τῶν
2025 2484 2289 2553 κυμάτων
2354 2483 2715 2556 φορούμενος,
2769 2485 3056 2549 σκοπέλοις
3098 2485 3455 2557 προσραγεὶς,
3497 2484 3638 2555 μήτε

379 2573 557 2627 θανὼν
605 2574 834 2644 ἡσυχίας
870 2575 1139 2642 τεύξεται.
1198 2576 1328 2632 Ἰδοὺ
1381 2576 1545 2632 πάλιν
1606 2576 1661 2629 τί
1703 2577 1859 2648 δρᾷς,
1899 2570 1945 2629 ὦ
1982 2575 2199 2646 άληθῶς
2233 2578 2293 2630 ὲν
2347 2577 2515 2648 σαρκὶ
2544 2577 2800 2644 διάϐολες
2869 2578 3044 2642 ποιεῖς
3095 2576 3206 2647 γὰρ
3241 2578 3331 2630 τὸν
3393 2576 3638 2648 ἀθλητὴν

376 2670 473 2722 καὶ
502 2671 561 2723 ἐν
585 2666 663 2736 τῷ
686 2671 785 2741 τῆς
815 2671 988 2742 ὑγρᾶς
1040 2672 1293 2742 στοιχείῳ
1323 2672 1524 2743 μᾶλλον
1551 2673 1945 2744 ἐπιδοξότερον.
1988 2673 2098 2726 Καὶ
2119 2671 2184 2741 δὴ
2208 2670 2537 2741 ἐμϐάλλεται
2604 2673 2666 2728 τὸ
2729 2674 2886 2743 ἅγιον
2909 2673 3002 2727 καὶ
3050 2671 3346 2741 πολύτιμον
3380 2673 3636 2742 λείψανον

378 2758 474 2812 τοῦ
504 2762 801 2834 μάρτυρος,
828 2765 1006 2828 καθὼς
1031 2764 1362 2837 προσέταξεν
1390 2766 1418 2817 ό
1448 2765 1721 2834 ἱερόσυλος
1755 2766 2014 2830 Δατιανὺς
2042 2768 2102 2821 ἐν
2132 2767 2211 2839 τῷ
2275 2769 2576 2840 ἐρούγκλῳ.
2638 2769 2795 2822 Ἐστι
2814 2769 2873 2822 δὲ
2914 2769 2941 2820 ὁ
2979 2766 3273 2838 ἐρουγκλος
3321 2765 3543 2835 πλέγμα
3579 2781 3633 2819 τι

380 2853 716 2924 σπυριδῶδες
768 2856 851 2919 είς
910 2857 1116 2912 σάκκου
1172 2860 1359 2929 σχῆμα
1417 2858 1929 2930 ἀναπεποιημένον.
1963 2857 2235 2931 ἐπίμηκές
2293 2876 2353 2915 τε
2385 2861 2479 2916 καὶ
2519 2859 2724 2925 στενὸν,
2759 2861 2898 2930 ὅπερ
2923 2862 2986 2929 τῇ
3038 2857 3304 2928 Ἑλληνίδι
3364 2857 3634 2925 διαλέκτῳ

374 2947 428 3004 oi
458 2953 701 3004 ναυτικοὶ
728 2952 955 3006 εἰώθασι
1012 2953 1440 3027 προσαγορεύειν
1505 2955 1688 3018 κόῖκα,
1756 2954 2060 3025 ἐπιτήδειον
2081 2955 2137 3009 δὲ
2165 2956 2242 3027 τῷ
2289 2956 2600 3028 βουλομένῳ
2642 2956 2707 3009 τὸ
2743 2955 2983 3009 τοιοῦτον
3012 2953 3224 3020 σκεῦος,
3256 2954 3351 3007 καὶ
3393 2953 3472 3015 είς
3505 2952 3635 3013 ἁλὸς

378 3046 749 3117 μετακομιδὴν
784 3048 879 3102 καὶ
912 3048 1062 3102 σίτου
1092 3047 1188 3102 καὶ
1236 3047 1440 3103 λοιπῶν
1486 3047 1788 3118 ἀγωγίμων
1843 3047 1957 3101 τῶν
1994 3048 2130 3119 πρὸς
2163 3049 2327 3105 πλοῦν
2377 3050 2458 3115 είς
2501 3050 2646 3121 ζωῆς
2688 3050 2947 3104 σύστασιν
2990 3048 3366 3120 ἐπιφέρεσθαι.
3454 3047 3540 3110 Ὦς
3569 3048 3629 3101 δέ

375 3138 654 3194 συνθλισέν
705 3140 767 3193 τὸ
795 3140 954 3211 σῶμα
1003 3140 1099 3196 τοῦ
1135 3141 1437 3211 ἀγωνιστοῦ
1478 3142 1824 3214 κατηγγίσθη
1852 3143 1955 3205 είς.
1982 3141 2402 3215 τὸν-λεγόμενον
2431 3144 2614 3210 κόϊκα,
2680 3146 2809 3209 ταῖς
2835 3146 3218 3217 καταῤῥαφαῖς
3258 3142 3431 3201 οὕτως
3490 3140 3630 3196 αὐτὸ

373 3234 877 3304 κατησφαλίσαντο,
914 3236 991 3298 ὡς
1018 3234 1264 3309 νομίζειν
1332 3232 1690 3309 πεφοΰεῖσθαι
1739 3237 1833 3292 τὸν
1889 3238 2174 3310 Δατιανὸν,
2207 3240 2282 3313 μὴ
2307 3242 2369 3295 τὸ
2405 3240 2659 3313 λείψανον
2684 3240 3031 3313 δραπετεύσῃ
3090 3240 3183 3294 καὶ
3214 3237 3516 3310 καταλείψῃ
3540 3239 3630 3291 τδν

327 3340 342 3353 ⁸
374 3327 554 3383 κόῖκα.

443 3440 526 3497 K'.
574 3442 698 3495 Ἐπὶ
724 3441 933 3508 τούτοις
957 3443 1015 3498 δὲ
1040 3441 1326 3513 παρελθὼν
1349 3443 1484 3515 ἀνήρ
1516 3460 1599 3507 τις
1633 3441 1946 3513 Εὑμόρφιος

2117 3438 2238 3494 XX.
2272 3438 2407 3495 Cum
2442 3455 2572 3497 vero
2601 3440 2823 3497 athleta:
2856 3450 2911 3497 et
2968 3440 3224 3512 martyris
3288 3456 3486 3509 corpus
3546 3444 3619 3498 ita

370 3531 630 3603 τοῦνομα,
686 3533 874 3604 λοιμὸς
906 3535 1009 3605 τὴν
1037 3536 1285 3606 γνώμην,
1344 3535 1438 3587 καὶ
1466 3534 1568 3605 τὴν
1588 3534 1767 3605 ψυχὴν
1794 3534 1943 3606 ἱερόο

373 3623 553 3687 συλος,
603 3623 982 3695 καθυπέσχετο
1032 3625 1112 3696 τῷ
1141 3626 1392 3697 τυράννῳ
1455 3626 1593 3698 πρὸς
1653 3627 1714 3681 τὸ
1747 3629 1950 3683 οἰκεῖον

376 3714 539 3785 μέρος
568 3716 670 3783 τῆς
697 3716 907 3780 πόλεως
959 3717 1159 3781 ναύτας
1211 3716 1359 3787 ἔχειν
1408 3718 1694 3781 πιστικοὺς
1746 3719 1841 3773 ἐπὶ
1870 3719 1957 3789 τῷν

375 3807 686 3875 παρασχεῖν
715 3805 914 3870 αὐτοὺς
941 3807 1109 3877 αὐτῷ,
1147 3811 1243 3861 καὶ
1280 3808 1403 3862 λίαν
1439 3808 1734 3878 άρμοδίους
1766 3810 1947 3882 6mg,-

368 3913 566 3965 χοντας
625 3898 759 3968 πρὸς
814 3898 877 3951 τὸ
927 3899 1357 3971 ἐπιζητούμενον
1424 3904 1676 3972 πρᾶγμα,
1736 3902 1785 3955 οἳ
1851 3904 1947 3957 καὶ

368 3987 621 4042 ἐνέδαλον
645 3993 725 4053 είς
754 3992 814 4044 τὸ
846 3991 1054 4061 σκάφος
1085 3991 1146 4045 τὸ
1176 3993 1542 4064 μεγαλότιμον
1572 3993 1823 4064 λείψανον
1849 3994 1945 4048 τοῦ

370 4083 682 4150 ἁγιωτάτου
732 4084 1009 4154 μάρτυρος
1060 4084 1367 4152 Βικεντίου,
1424 4085 1519 4140 καὶ
1567 4087 1660 4139 ἐπὶ
1688 4086 1948 4142 τοσοῦτον

365 4175 477 4235 τοῖς
498 4174 863 4244 διαστήμασιν
893 4175 1103 4246 ήλασαν
1138 4177 1234 4230 ἐπὶ
1264 4176 1325 4230 τὸ
1354 4177 1613 4247 πέλαγος,
1651 4177 1790 4232 ὥστε
1818 4180 1948 4241 τοὺς

372 4265 659 4332 αἰγιαλοὺς
712 4268 804 4319 καὶ
833 4266 905 4320 τὰ
940 4268 1040 4337 ὅρη
1068 4268 1178 4321 τῶν
1230 4268 1525 4338 ὀφθαλμῶν
1575 4269 1705 4341 βολῇ
1732 4271 1946 4333 οἴεσθαι

366 4358 567 4420 αὐτοὺς
589 4358 984 4426 ἀποκρύπτειν·
1010 4360 1105 4412 καὶ
1123 4359 1313 4412 λοιπὸν
1350 4360 1829 4431 ἀποκεκμηκότες,
1854 4361 1945 4414 ὅτε

364 4449 549 4513 ἔδοξεν
580 4449 781 4513 ἱκανῶς
811 4450 955 4521 ἐχειν
986 4451 1185 4513 αὐτοὺς
1215 4452 1274 4503 ἐν
1327 4453 1392 4521 τῇ
1428 4450 1673 4523 θαλάσσῃ
1706 4453 1802 4505 καὶ
1829 4453 1947 4505 ἐδε-

363 4538 551 4592 δίεσαν
590 4539 664 4610 μή
702 4541 783 4604 είς
808 4541 1003 4612 ἑτέραν
1027 4542 1193 4595 αὑτὸν
1247 4542 1676 4597 ἀποϐαστάσωσι
1710 4543 1947 4614 πατρίδα

362 4628 441 4691 ὼς
466 4630 567 4682 οὐκ
585 4630 900 4701 ήὸούλοντο,
942 4632 1002 4686 τὸ
1027 4633 1371 4705 προσταχθὲν
1398 4634 1577 4693 αὐτοῖς
1613 4636 1942 4699 ἐπιτελοῦσι,

366 4722 461 4773 καί
490 4721 746 4778 ἐδύθισαν
780 4725 941 4778 αὐτὸν
972 4727 1445 4796 παραπέμψαντες
1475 4727 1805 4799 ὑποϐρύχιον
1831 4730 1945 4794 τοῖς

276 4826 281 4831 τ
366 4808 600 4877 κύμασι.
630 4814 737 4866 Καὶ
766 4814 953 4868 λοιπὸν
975 4816 1287 4888 ἐπανῄεσαν
1318 4817 1456 4888 πρὸς
1476 4817 1944 4889 Δατιανὺνίλαροὶ

367 4899 483 4959 τοῖς
504 4904 836 4969 προσώποις.
863 4907 938 4970 ὡς
970 4908 1419 4981 ἐπικομιζόμενοι
1446 4911 1618 4981 χαρᾶς
1651 4911 1947 4980 εὐαγγέλια

370 4988 627 5057 μέγιστα,
642 4998 1166 5068 καταστρηνιῶντες,
1182 5001 1255 5065 ὡς
1274 5003 1461 5067 εἰωθὸς
1478 5003 1703 5067 ναύταις
1722 5005 1948 5068 εἰκότως

366 5080 672 5146 δυσσεὸεἰν,
691 5088 895 5153 φωναῖς
917 5090 1174 5153 ἀτάκτοις
1200 5095 1291 5146 καὶ
1319 5095 1533 5165 κρότοις
1561 5093 1942 5166 συναπηχοῦν-

366 5186 457 5233 τες
480 5186 493 5201 ο
533 5171 693 5226 πλέον
740 5173 797 5227 δὲ
827 5175 921 5229 τοῦ
983 5178 1197 5246 δέοντος
1246 5186 1582 5255 κατήπειγον
1615 5188 1839 5249 ἑαυτοὺς
1866 5186 1944 5257 τῷ

362 5262 517 5332 τάχει
560 5264 653 5316 ἐπὶ
683 5264 771 5317 τὸν
797 5267 1055 5337 ἄρχοντα,
1089 5273 1285 5343 μήπως
1313 5275 1492 5345 ἕτεροι
1524 5277 1938 5344 ὑποφθάσαντες

361 5352 423 5405 τὸ
449 5353 599 5423 αύτῷ
628 5355 1006 5425 ἀπαγγείλωσι
1035 5363 1476 5434 καταθύμιον,τὸ
1500 5366 1847 5438 ἀνάρπαστον
1874 5369 1938 5420 ἐκ

360 5462 388 5497 τ
401 5445 470 5497 ὧν
487 5446 784 5517 ὀφθαλμῶν
804 5451 1019 5506 πάντων
1047 5456 1331 5521 γεγονέναι
1353 5457 1444 5510 τὸν
1462 5458 1758 5513 Βικέντιον.
1780 5460 1939 5513 ’Λλλα

359 5539 469 5607 γὰρ
499 5538 623 5592 καθ’
655 5540 684 5593 ὃ
705 5540 914 5596 δίκαιον
987 5544 1204 5617 ὑπῆρχέ
1234 5565 1294 5601 τε
1324 5551 1419 5603 καὶ
1452 5551 1618 5616 ὅσιον,
1665 5552 1795 5623 πρὶν
1845 5555 1941 5606 ἐπ-

2050 3533 2373 3588 conclusum
2419 3532 2630 3599 fuisset,
2674 3546 2801 3588 mox
2856 3534 3007 3589 venit
3059 3548 3183 3588 cum
3228 3533 3408 3589 nautis
3462 3533 3627 3590 homo

2048 3625 2269 3695 quidam
2301 3623 2669 3695 Eumorphius
2697 3625 2939 3691 nomine,
2971 3627 3226 3695 pessimis
3272 3626 3539 3693 moribus,
3570 3635 3628 3681 et

2050 3714 2234 3769 animo
2260 3713 2550 3785 sacrilego,
2586 3704 2679 3785 qui
2710 3708 3041 3784 promiserat
3066 3724 3298 3787 tyranno
3328 3716 3405 3771 illi
3430 3726 3627 3772 nautas

2050 3821 2109 3861 se
2138 3806 2539 3871 adhibiturum,
2576 3809 2668 3877 qui
2697 3808 2763 3862 ad
2800 3807 3136 3863 exsecrabile
3176 3807 3356 3864 scelus
3374 3809 3627 3863 commit-

2047 3899 2271 3954 tendum
2307 3898 2510 3965 idonei,
2540 3900 2658 3970 ejus
2685 3900 2952 3955 voluntati
3000 3899 3159 3956 facile
3197 3901 3627 3971 obtemperaturi

2048 3997 2255 4045 essent.
2288 3990 2475 4061 Itaque
2525 3998 2706 4047 nautae
2755 3990 2831 4045 illi
2879 3991 3308 4062 pretiosissimas
3358 3992 3625 4047 Vineeutii

2049 4080 2299 4152 martyris
2323 4082 2580 4153 reliquias
2618 4083 2672 4137 in
2692 4083 2950 4154 scapham
2992 4085 3365 4156 conjeceruul,
3384 4088 3439 4139 et
3465 4099 3627 4140 eous-

2048 4186 2157 4241 que
2185 4172 2241 4226 in
2271 4173 2441 4227 altum
2470 4189 2621 4230 mare
2639 4177 3008 4248 navigarunt,
3034 4187 3095 4232 ut
3123 4176 3305 4232 littora
3328 4186 3384 4232 et
3412 4188 3627 4232 montes

2050 4263 2337 4319 oculorum
2386 4266 2562 4321 aciem
2596 4266 2882 4338 fugerent:
2917 4284 3152 4339 cumque
3198 4269 3255 4325 id
3285 4267 3468 4324 facere
3515 4268 3627 4323 vel-

2048 4355 2185 4421 lent,
2221 4357 2368 4426 quod
2395 4358 2535 4429 jussi
2569 4359 2806 4424 fuerant,
2836 4369 3054 4416 sanctas
3086 4360 3348 4430 reliquias
3388 4361 3441 4415 in
3477 4375 3626 4415 mare

2047 4448 2417 4517 projeccrunt,
2448 4458 2503 4504 et
2556 4449 2719 4503 hilari
2746 4451 2896 4505 vultu
2926 4451 2994 4506 ad
3047 4451 3336 4505 Datianum
3370 4460 3615 4506 reverte-

2047 4539 2268 4606 bantur,
2302 4540 2458 4610 quasi
2495 4540 2603 4596 lteti
2655 4540 2801 4596 illius
2850 4543 3029 4598 nuntii
3060 4542 3343 4613 praemium
3397 4542 3624 4596 relaturi

2047 4640 2255 4695 essent,
2292 4630 2477 4701 impiis
2521 4640 2577 4687 et
2629 4631 3006 4704 incompositis
3046 4633 3273 4689 vocibus
3308 4641 3472 4703 atque
3501 4633 3625 4688 irri-

2046 4723 2295 4779 sionibus
2325 4733 2564 4789 utentes,
2617 4722 3083 4794 exsultantesque,
3131 4739 3198 4780 eo
3218 4722 3626 4795 quodﬂincen-

2051 4814 2109 4869 tii
2130 4828 2331 4883 corpus
2358 4815 2636 4887 perditum
2670 4813 2884 4870 fuisset.
2914 4814 3022 4870 Sed
3058 4815 3376 4887 priusquam
3409 4817 3463 4870 in
3510 4815 3623 4869 ari-

2045 4906 2171 4963 dam
2195 4915 2407 4963 terram
2436 4907 2642 4961 reversi
2665 4915 2870 4972 essent,
2902 4905 2998 4976 qui
3033 4908 3285 4979 martyris
3321 4923 3521 4977 corpus
3569 4906 3621 4960 in

2044 5012 2195 5051 mare
2250 4998 2618 5068 projeceraut,
2672 4997 2804 5052 illud
2853 4998 3057 5068 ipsum,
3109 5000 3257 5069 quod
3311 4999 3619 5071 projectum

2046 5092 2246 5156 fuerat,
2276 5092 2482 5148 Christi
2500 5107 2668 5147 manu
2689 5093 2757 5148 ad
2782 5102 2980 5148 terram
3001 5094 3290 5165 appulsum
3311 5093 3432 5156 fuit,
3451 5091 3623 5163 quod-

2043 5199 2150 5254 que
2175 5183 2583 5239 arbitrabantur
2616 5183 2672 5238 in
2724 5185 2895 5239 altum
2930 5194 2986 5240 et
3031 5186 3360 5240 immensum
3401 5183 3622 5253 pelagus

2045 5277 2361 5332 demersum
2391 5275 2583 5341 fuisse,
2612 5274 2745 5329 illud
2769 5291 2892 5331 eum
2922 5284 3050 5331 ante
3080 5277 3268 5331 oculos
3298 5290 3427 5330 suos
3453 5288 3619 5341 expo-

2046 5369 2211 5424 situm
2246 5366 2538 5433 vidissent,
2567 5367 2724 5437 quasi
2774 5368 3022 5423 debitum
3074 5368 3310 5439 sepulcri
3358 5367 3620 5420 honorem

1992 5522 1995 5525 λ
2045 5459 2369 5529 postularet,
2395 5466 2624 5527 stupore
2654 5467 2708 5512 et
2738 5468 2888 5514 metu
2933 5459 3193 5529 correpti,
3224 5458 3331 5513 illis
3379 5455 3508 5526 ipsis
3530 5468 3620 5507 re-

2046 5551 2231 5622 liquiis
2263 5548 2564 5615 derelictis,
2592 5549 2860 5604 abierunt.

435 5744 513 5836 (ί)
553 5745 683 5836 ’[ίίοᾷ
723 5755 953 5812 multum
997 5758 1171 5815 variat
1204 5759 1375 5817 codex
1413 5758 1598 5819 noster
1639 5765 1708 5821 ab
1758 5765 1905 5820 edit‘u
1954 5764 2180 5832 Lat‘no,
2217 5776 2269 5821 et
2306 5766 2508 5836 passim
2556 5764 2769 5820 auctior
2815 5765 2904 5817 est
2941 5771 3113 5825 usque
3145 5757 3211 5812 ad
3248 5755 3410 5809 tinctu
3459 5754 3611 5813 Vaga,

362 5816 524 5874 Eutr.
552 5816 722 5877 Pun.
