3832 6468
210 415 318 480 755
1067 414 1346 476 MENSIS
1378 413 1912 475 JANUARIUS.-
1942 411 2118 470 VlTA
2145 411 2207 472 S.
2238 413 2659 475 VlNCENTII.
3353 420 3456 485 756

210 523 465 578 ανελθετν
492 525 619 588 τοὺς
640 523 901 596 ῥίψαντας
921 521 981 576 rb
1003 520 1163 593 σῶμα
1179 521 1271 575 τοῦ
1298 521 1573 593 μάρτυρος
1603 521 1824 587 ναύτας,
1865 522 1956 574 ἐπί
1991 519 2094 591 τὴν
2121 519 2291 591 ξηρὰν
2321 521 2591 592 ἐπανῆλθε
2612 522 2672 576 rb
2706 521 2863 593 ριφέν
2885 522 3064 594 σῶμα,
3086 526 3151 597 τῇ
3179 525 3272 580 τοῦ
3323 529 3454 582 Θεοῦ

211 619 394 688 χάριτι
431 615 866 689 κυϐερνώμενον,
925 616 1020 670 καὶ
1046 615 1183 686 ὅπερ
1233 615 1452 668 ἐδόκουν
1477 616 1591 678 τοῖς
1657 615 1906 684 ἀπείροις
1971 615 2070 683 τῆς
2144 615 2420 684 θαλάσσης
2492 617 2712 686 βάθεσιν
2744 617 3210 689 ἐγκαθελκόμενον
3253 619 3461 690 βυθίζε-

215 710 359 764 σθαι.
386 710 545 762 τοῦτο
568 711 673 780 πρὸ
693 709 801 763 τῶν
831 707 1128 780 ὀφθαλμῶν
1171 709 1350 762 αὐτῶν
1382 708 1616 780 ὁρῶντες
1671 709 1924 779 κείμενον
1986 709 2122 780 πρὸς
2188 707 2267 777 τῷ
2318 707 2519 779 λιμένι,
2566 712 2660 764 καὶ
2721 711 2820 782 τήν
2885 712 3244 783 ὀφειλομένην
3295 714 3460 786 τιμὴν

215 805 315 874 τῆς
342 805 518 874 ταφῆς
543 804 944 875 ἐξαιτούμενον,
976 805 1070 858 καὶ
1100 806 1332 876 ήσυχίας
1381 805 1634 874 δεόμενον
1667 803 1964 874 ἐξέστησαν
1989 817 2002 834 ⁸
2059 806 2182 860 ὅθεν
2227 807 2377 877 φόϐῳ
2430 809 2608 879 πολλῷ
2667 809 3036 880 συσχεθέντες,
3065 811 3461 874 καταλιπόντες

216 896 348 948 αὐτὸ
379 895 652 962 ἀπῆλθον·
690 895 821 966 πρὶν
848 897 880 966 ἢ
908 895 1015 966 γάρ
1048 913 1169 948 τινα
1215 894 1417 963 φθάσαι
1451 895 1783 962 ἀπαγγεῖλαι
1821 896 1900 965 τῷ
1934 897 2194 968 ἀλάστορι
2218 899 2312 953 ἐπὶ
2371 905 2472 972 τήν
2506 901 2676 970 ξηράν
2715 901 2987 972 ἐπανῆλθε
3024 905 3086 956 rb
3113 903 3269 972 ῥιφέν
3295 903 3460 972 σῶμα

215 989 311 1042 τοῦ
345 990 618 1061 μάρτυρος
646 993 713 1060 τῇ
741 989 834 1043 τοῦ
853 989 1098 1061 Χριστοῦ
1129 987 1762 1060 κυϐερνώμενον[χειρὶ],
1825 991 1963 1062 ὅπερ
2036 993 2257 1065 ἐκριφέν
2313 995 2417 1049 ὑπὸ
2472 997 2580 1048 τῶν
2618 995 2876 1066 κυμάτων
2931 995 3232 1050 ἀνεπαύετο
3287 997 3344 1048 ἐν
3386 993 3463 1065 τῷ

215 1081 470 1153 αἰγιαλῷ.

290 1173 434 1229 XXI.
459 1172 576 1228 Jam
594 1191 724 1230 vero
747 1185 967 1230 sanctus
986 1183 1188 1247 martyr
1209 1173 1523 1230 Vincentius
1548 1175 1665 1228 viro
1685 1174 1791 1230 cui-

1970 1174 2100 1231 κεν.
2134 1175 2241 1230 Καὶ
2273 1176 2379 1247 γάρ
2408 1193 2527 1230 τινα
2553 1175 2721 1246 ἀνδρα
2759 1174 2884 1230 καθ’
2917 1175 3116 1239 ὕπνους
3153 1174 3465 1245 ὑπέμνησεν

219 1266 344 1321 dum
373 1265 427 1320 in
454 1266 660 1321 somnis
685 1267 942 1337 reliquias
971 1283 1099 1322 suas
1127 1253 1192 1322 ex
1221 1267 1330 1320 alto
1349 1267 1481 1321 mari
1511 1267 1564 1320 in
1596 1275 1791 1321 terram

1897 1270 1922 1322 ὑ
1971 1269 2145 1336 ἆγιος,
2176 1266 2389 1328 δεικνὺς
2449 1265 2598 1335 αύτῷ
2649 1266 3084 1335 ἀνακεκομίσθαι
3129 1265 3191 1318 τὸ
3217 1264 3466 1335 λείψανον

218 1359 497 1429 expositas
525 1375 647 1415 esse
675 1360 1000 1431 significavit
1025 1379 1038 1416 :
1061 1362 1191 1431 quin
1210 1362 1374 1416 etiam
1393 1361 1594 1425 locum,
1617 1361 1791 1430 inquo

1897 1359 2055 1414 αὑτοῦ
2081 1360 2175 1412 ἐπὶ
2202 1360 2326 1420 τοὺς
2358 1357 2662 1426 αἰγιαλοὺς,
2700 1359 2796 1412 καὶ
2824 1358 2987 1410 αὐτὸν
3034 1356 3126 1410 τὸν
3169 1357 3336 1410 τόπον
3371 1373 3467 1409 σαο

225 1454 476 1524 reliquize
530 1454 663 1524 ipsa;
698 1455 889 1525 posita:
919 1463 1098 1519 erant,
1130 1456 1306 1511 eidem
1340 1455 1616 1526 patefecit.
1647 1454 1789 1520 Quo-

1897 1451 2126 1521 φηνίσας
2147 1449 2295 1519 αύτῷ
2323 1449 2464 1502 κατά
2489 1448 2800 1520 ἀκρίϐειαν,
2827 1450 2884 1508 ἐν
2905 1441 2948 1516 ᾧ
2972 1448 3233 1512 ἐξέκειτο.
3249 1446 3468 1516 Ἐπειδὴ

218 1545 366 1600 uiam
420 1561 550 1600 vero
582 1547 867 1615 praesidem
899 1546 1098 1600 timens
1129 1547 1214 1600 vir
1265 1547 1372 1612 ille,
1411 1547 1478 1601 ad
1532 1546 1787 1618 martyris

1897 1544 1946 1598 δὲ
1979 1537 2135 1606 οὗτος
2169 1542 2318 1612 φόϐῳ
2345 1539 2436 1594 τοῦ
2455 1542 2713 1612 ἄρχοντος
2746 1540 3044 1611 ἁργότερός
3067 1557 3125 1593 τε
3165 1540 3260 1592 καὶ⁸
3287 1541 3465 1609 ἀχρη-

220 1637 480 1708 reliquias
510 1638 863 1708 inquirendas
897 1653 1118 1710 segnem
1153 1648 1209 1693 et
1234 1655 1424 1708 parum
1473 1639 1707 1695 alacrem
1737 1655 1791 1695 se

1897 1645 2028 1701 στος
2056 1636 2184 1707 περὶ
2228 1634 2326 1705 τὴν
2358 1636 2585 1705 ζήτησιν
2613 1631 2708 1686 τοῦ
2764 1633 3133 1702 πολυτιμήτου
3191 1629 3469 1701 θησαυροῦ

217 1730 472 1799 praebuit,
507 1730 596 1786 ille
629 1731 746 1800 ipse
781 1741 984 1804 martyr
1020 1731 1076 1785 in
1127 1732 1336 1788 somnis
1391 1731 1646 1802 apparuit
1709 1730 1791 1784 fe-

1897 1731 2125 1799 ἐγένετο,
2159 1727 2303 1795 φημὶ
2353 1725 2442 1796 δὴ,
2471 1724 2562 1778 τοῦ
2615 1723 2772 1793 ἀγίου
2825 1723 3105 1793 λειψάνου,
3157 1723 3243 1791 ἐφ’
3274 1722 3471 1791 ἑτέραν

219 1821 382 1876 mina:
408 1822 626 1876 cuidam
653 1823 850 1890 viduae,
879 1839 1000 1893 qua:
1029 1832 1088 1877 ut
1106 1832 1263 1878 mtate
1281 1833 1558 1893 provecta,
1585 1823 1655 1876 ita
1681 1837 1791 1876 mo-

1897 1820 2056 1874 πάλιν
2085 1817 2261 1888 χήραν
2301 1815 2521 1886 ἔρχεται
2545 1813 2951 1885 προϐεϐηκυϊαν
2985 1815 3098 1876 τοῖς
3125 1812 3328 1876 ἐτεσιν,
3377 1811 3471 1865 καὶ

219 1928 343 1967 rum
369 1914 662 1969 sanctitate
701 1915 943 1986 praedita
981 1923 1116 1980 erat,
1158 1915 1309 1970 Illam
1366 1931 1490 1970 cum
1548 1913 1791 1969 similiter

1897 1913 2080 1984 ήλικίιτ⁵
2113 1911 2541 1980 διαπρέπουσαν,
2575 1909 2670 1963 καὶ
2699 1908 2951 1978 ἀγιότητι
3005 1907 3470 1978 πεπληρωμένην,

221 2004 622 2071 admonuisset,
657 2005 834 2061 eidem
888 2007 1041 2077 signa
1075 2007 1323 2076 quaedam
1354 2006 1476 2075 ejus
1505 2004 1605 2058 loci
1639 2012 1791 2074 pate-

1897 2009 1989 2060 καὶ
2011 2005 2215 2074 ταύτην
2237 2003 2438 2074 ὁμοίως
2479 2003 2806 2072 ὑπομνήσας
2832 2001 2956 2054 καθ’
2993 1999 3220 2063 ὕπνους,
3253 1999 3473 2053 δίδωσιν

221 2094 371 2161 fecit,
403 2095 458 2149 in
484 2112 592 2166 quo
623 2107 872 2152 sanctum
899 2098 1030 2152 illud
1055 2113 1256 2168 corpus
1275 2097 1503 2166 jaceret,
1535 2096 1681 2166 quod
1711 2095 1791 2149 vi-

1897 2100 2032 2169 αύτῇ
2090 2099 2292 2167 σημεῖα
2339 2094 2682 2166 ἀληθέστατα
2710 2093 2803 2147 τοῦ
2852 2093 3041 2157 τόπου,
3068 2093 3196 2145 ἔνθα
3218 2091 3316 2162 ἤδη
3370 2090 3475 2142 ὑπὸ

221 2187 422 2244 delicet
476 2191 669 2245 lateret
717 2191 817 2246 sub
843 2206 1010 2246 arena
1039 2206 1201 2260 quam
1228 2191 1365 2246 ienis
1394 2199 1448 2245 et
1501 2188 1791 2259 tranquilla

1897 2193 1962 2262 τῇ
1996 2191 2178 2259 ἁπαλῇ
2237 2187 2448 2258 ψάμμῳ
2478 2185 2753 2256 ἡσύχαζεν
2779 2185 2841 2238 rb
2895 2184 3075 2254 σῶμα,
3119 2185 3186 2254 τῇ
3218 2183 3474 2235 ἐπανέσει

222 2281 370 2335 unda
411 2281 465 2334 in
492 2283 752 2352 reliquias
781 2283 900 2338 illas
953 2292 1167 2338 sanctas
1197 2283 1276 2338 sic
1316 2283 1589 2338 infuderat
1636 2281 1791 2353 quasi

1898 2283 1993 2337 καὶ
2014 2279 2350 2348 ἐπαναχύσει
2371 2277 2450 2348 τῷ
2479 2278 2639 2347 πράῳ
2663 2277 2759 2329 καὶ
2782 2274 3008 2346 γαληνῷ
3046 2274 3252 2345 κύματι
3272 2289 3475 2342 τετυμ-

219 2385 389 2426 arena
423 2371 539 2442 ipsa
567 2374 818 2444 martyris
853 2374 1149 2444 sepultum
1181 2375 1507 2430 deserviret.

1898 2373 2181 2445 ϐευμένον.
2245 2369 2350 2423 Τοῦ
2403 2368 2511 2440 γάρ
2545 2367 2810 2439 στοιχείου
2857 2365 3261 2436 ἐπιλάμποντός
3293 2382 3354 2418 τε
3381 2362 3475 2417 καὶ

221 2464 628 2530 ἐπικλύζοντος,
665 2469 834 2539 ἤγουν
885 2470 986 2539 τῆς
1034 2469 1329 2540 θαλάσσης,
1378 2469 1704 2524 δουλεύουσα
1753 2470 1786 2541 ή
1824 2468 2052 2540 ψάμμος
2083 2467 2168 2522 διά
2193 2467 2290 2537 τῆς
2321 2467 2465 2520 κατά
2497 2466 2691 2537 μικρὸν
2761 2461 3131 2532 ἐπαθροίσεως
3154 2502 3170 2527 ,
3211 2461 3314 2534 τήν
3375 2461 3475 2532 τῆς

219 2561 399 2631 ταφῆς
429 2561 592 2632 τιμὴν
622 2562 1040 2633 ἀπεπλήρωσεν.
1074 2562 1232 2616 Ὅθεν
1273 2564 1423 2618 οὐδὲν
1473 2565 1784 2634 θαυμαστὸν
1826 2565 1874 2619 ει
1946 2565 2085 2635 μετά
2113 2563 2290 2619 ταῦτα
2312 2561 2618 2634 ἀνθρώπων
2695 2560 2923 2614 σπουδαί
2961 2575 3020 2612 τε
3052 2560 3145 2613 καὶ
3187 2559 3475 2627 θεραπεῖαι

223 2652 672 2726 συνεπλήρωσαν,
702 2655 838 2726 ὅπερ
866 2655 966 2727 ήδη
997 2654 1066 2710 τά
1092 2659 1330 2728 στοιχεῖα
1360 2658 1456 2712 σὺν
1485 2656 1773 2730 παραδόξῳ
1819 2656 2066 2722 δουλείας
2128 2657 2316 2731 τρόπῳ
2382 2656 2481 2728 τὴν
2547 2655 2689 2726 ὑπὲρ
2727 2655 2826 2725 τῆς
2859 2654 3039 2726 ταφῆς
3098 2653 3476 2710 τετελέκεισαν

221 2745 575 2816 κηδεμονίαν.

293 2843 461 2898 XXII.
491 2841 752 2915 Sepultus
775 2845 942 2916 igitur
956 2845 1057 2902 fuit
1074 2861 1374 2918 generosus
1399 2846 1600 2903 Christi
1626 2848 1791 2904 athle-

1972 2843 2104 2900 ΚΗ.
2141 2843 2346 2912 Ἐτάφη
2370 2841 2503 2910 γοῦν
2533 2842 2750 2910 πρῶτον
2786 2841 2814 2894 ὁ
2841 2839 3083 2908 γενναῖος
3113 2837 3358 2910 ἀθλητής
3381 2836 3475 2892 τοῦ

220 2944 276 2990 ta
307 2935 543 3006 primum
566 2936 620 2990 in
655 2937 836 2992 littore
865 2938 968 2994 sub
991 2954 1174 2994 arena.
1203 2938 1326 2994 Mox
1377 2955 1516 2995 anus
1560 2940 1672 3006 illa,
1715 2940 1798 2996 fc-

219 3028 369 3082 mina
395 3029 552 3084 valde
577 3029 828 3100 religiosa
852 3038 909 3086 et
933 3031 1114 3095 vidua,
1143 3047 1306 3101 quam
1339 3047 1502 3103 supra
1531 3033 1792 3101 diximus,

219 3119 585 3189 perlustrabat
639 3120 844 3188 littora,
891 3121 1176 3192 inquirens
1230 3123 1382 3194 signa
1424 3123 1534 3188 illa,
1570 3139 1691 3194 qum
1735 3124 1792 3178 in

219 3211 429 3266 somnis
471 3211 521 3266 ei
571 3211 838 3282 patefacta
898 3213 1118 3268 fuerant
1158 3229 1434 3284 :cumque
1496 3216 1795 3272 invenisset

219 3301 367 3371 quod
397 3302 694 3370 quaerebat,
724 3313 780 3358 et
800 3302 1054 3374 martyris
1095 3303 1352 3374 reliquias
1378 3304 1432 3358 in
1475 3305 1648 3361 aedem
1680 3305 1788 3361 illis

221 3392 438 3464 dignam
470 3393 704 3459 tulisset,
739 3407 834 3450 eas
890 3403 1077 3450 sancte
1111 3410 1175 3451 ac
1227 3396 1477 3467 religiose
1525 3396 1788 3453 condidit.

217 3483 407 3554 Itaque
455 3485 793 3555 sumptuosis
850 3486 1126 3556 exsequiis
1157 3485 1441 3554 adhibitis,
1475 3502 1643 3542 sacra:
1686 3487 1792 3542 illae

217 3571 463 3642 reliquiae
495 3572 606 3628 Deo
634 3574 733 3644 ipsi
767 3574 958 3630 dicata:
980 3585 1109 3631 sunt
1135 3575 1190 3630 in
1223 3577 1368 3632 illius
1410 3578 1614 3648 .templi
1669 3593 1786 3643 ara,

217 3663 367 3732 quod
421 3666 594 3720 sancti
653 3666 904 3738 martyris
958 3666 1230 3724 V'incentii
1291 3669 1623 3738 appellatum
1664 3669 1807 3725 fuit.“

219 3754 348 3809 llaec
376 3763 459 3810 est
487 3756 828 3811 sanctissima
891 3758 1144 3828 martyris
1188 3757 1482 3825 confessio,
1542 3761 1661 3816 bmc
1722 3761 1792 3815 il-

216 3843 326 3900 lius
356 3847 676 3911 certamina,
709 3849 801 3917 qui
836 3850 1153 3920 martyrium
1196 3867 1354 3907 suum
1377 3852 1670 3922 complevit
1735 3853 1792 3908 in

218 3937 448 4008 gloriam
505 3939 708 3995 Christi
765 3939 860 3994 Dei
911 3942 1118 4007 nostri,
1180 3957 1329 3998 nunc
1377 3952 1434 3998 et
1478 3942 1533 3998 in
1571 3943 1790 3999 saecula.

215 4031 415 4085 Amen.

1901 2938 2140 3010 Χριστοῦ
2171 2940 2228 2991 ἐν
2273 2937 2351 3007 τῷ
2382 2936 2613 3008 αἰγιαλῷ
2658 2939 2738 3000 εἰς
2799 2937 2969 2999 αὐτὰς
3008 2937 3106 2998 τὰς
3133 2933 3475 3001 συναλλαγὰς

1897 3032 1994 3085 τοῦ
2023 3031 2253 3100 ἐδάφους
2280 3029 2508 3084 καὶτῶν
2535 3029 2776 3082 ὑδάτωνο
2827 3029 3134 3100 διδάγματα
3188 3026 3250 3078 ού
3295 3025 3474 3096 μικρά

1901 3123 2236 3193 καταλείψας
2265 3123 2398 3192 ήμῖν
2430 3120 2518 3174 διὰ
2550 3119 2643 3174 τοῦ
2665 3123 2765 3190 τῆς
2785 3122 2963 3189 ταφῆς
2997 3118 3160 3172 αὑτοῦ
3193 3117 3474 3186 θαύματος

1899 3217 2000 3285 τῆς
2022 3216 2102 3280 είς
2129 3215 2261 3267 Θεὸν
2291 3214 2457 3268 αὐτοῦ
2476 3213 2728 3277 ἀκλινοῦς
2752 3214 2844 3268 καὶ
2872 3212 3196 3283 στερεμνίας
3213 3209 3473 3271 πίστεως,

1900 3308 1996 3360 καὶ
2014 3306 2163 3368 ὃπως
2185 3304 2414 3375 δόκιμος
2443 3303 2586 3358 κατὰ
2615 3305 2718 3375 γῆν
2742 3305 2835 3358 καὶ
2868 3303 3010 3358 κατά
3040 3302 3315 3356 θάλασσαν
3344 3301 3476 3354 ἀνα·
3523 3316 3532 3324 ·

1897 3396 2108 3467 δειχθῇ.
2151 3396 2310 3450 Ἀλλά
2336 3397 2446 3468 γάρ
2479 3397 2621 3466 καὶή
2658 3393 3020 3468 προλεχθεῖσα
3043 3393 3348 3466 πρεσϐῦτις
3384 3391 3476 3446 καὶ

1898 3491 2407 3564 Χριστιανικωτάτη
2436 3495 2584 3565 χήρα
2611 3495 2940 3566 περιήρχετο
2982 3493 3109 3562 περὶ
3135 3493 3258 3552 τοὺς
3291 3490 3476 3557 αἰγια-

1895 3585 2044 3651 λοὺς,
2073 3587 2142 3639 τά
2165 3585 2618 3654 ἀποκαλυφθέντα
2648 3586 2784 3656 αὐτῇ
2816 3584 3054 3656 ζητοῦσα
3081 3584 3302 3651 σημεῖα,
3356 3575 3475 3632 εἶτα

1895 3676 2136 3746 εὑροῦσα
2167 3675 2228 3728 rb
2262 3675 2617 3746 ζητούμενον,
2669 3675 2765 3728 καὶ
2795 3676 2874 3738 εἰς
2904 3671 3049 3726 οἷκον
3080 3669 3304 3735 ἐπάξιον
3339 3671 3474 3724 ἀτιο⁴

1895 3765 2114 3818 τεθεῖσα
2166 3764 2226 3817 rb
2255 3765 2562 3834 σεϐάσμιον
2587 3763 2680 3818 τοῦ
2729 3765 3002 3835 μάρτυρος
3043 3761 3311 3831 λείψανον,
3353 3774 3477 3812 κατι

1896 3855 2054 3909 ἐθετο
2081 3856 2262 3920 ὁσίως.
2297 3855 2576 3911 Ἐντεῦθεν
2613 3857 2721 3927 γάρ
2747 3858 2826 3922 είς
2857 3853 3004 3911 οἶκον
3031 3852 3252 3919 ἐπάξιον
3279 3851 3473 3904 ἀνεκο-

1898 3947 2064 4019 μίσθη
2086 3947 2146 4002 rb
2175 3949 2650 4020 πολυμακάριστον
2673 3949 2768 4002 καὶ
2791 3945 3196 4015 πανσεϐάσμιον
3217 3943 3472 4010 λείψανον

1893 4039 1989 4094 τοῦ
2037 4041 2364 4107 πανενδόξου
2411 4041 2701 4113 μάρτυροφ
2735 4039 2830 4094 τοῦ
2881 4037 3121 4111 Χριστοῦ
3169 4034 3471 4097 Βικεντίου,

217 4127 316 4180 καὶ
338 4127 402 4200 δὴ
437 4127 622 4183 λοιπὸν
659 4130 756 4184 σὺν
788 4129 1223 4203 πολυτελεστέρα
1267 4135 1409 4203 ταφῇ
1447 4133 1675 4204 ἀνετέθη
1718 4133 1814 4188 καὶ
1844 4135 2156 4208 καθιερώθη
2213 4137 2292 4208 τῷ
2339 4137 2458 4209 Θεῷ
2514 4137 2576 4191 rb
2615 4136 2866 4207 λείψανον
2893 4138 2948 4189 ἐν
2973 4135 3050 4205 τῷ
3101 4127 3473 4200 θυσιαστηρίῳ)

215 4216 311 4271 τοῦ
342 4219 492 4284 ναοῦ,
549 4220 647 4292 τὴν
677 4223 995 4293 ἐπωνυμίαν
1023 4223 1275 4294 λαχόντος
1317 4225 1411 4278 ἐπὶ
1449 4225 1526 4295 τῷ
1555 4227 1778 4296 ὀνόματι
1843 4225 1938 4280 τοῦ
1993 4228 2149 4296 ἀγὶου
2177 4229 2458 4302 μάρτυρος
2483 4228 2788 4292 Βικεντίου,
2828 4226 2921 4280 τοῦ
2947 4227 3095 4280 οῐκου
3121 4221 3324 4292 δηλαδὴ
3376 4218 3470 4302 σὺν

215 4307 296 4380 τῷ
354 4311 632 4381 προσιόντι
685 4313 835 4385 αύτῷ
889 4314 1037 4386 τόπῳ
1094 4315 1175 4378 εἰς
1244 4315 1545 4384 ἐκκλησίαν
1607 4317 2079 4387 καθιερωθέντος,
2136 4301 2458 4374 τῶννθείων
2500 4321 2595 4373 καὶ
2652 4318 2935 4389 ἀχράντων
2991 4310 3304 4385 μυστηρίων
3378 4301 3470 4358 τοῦ

215 4403 490 4458 Δεσπότου
525 4404 683 4476 ἡμῶν
723 4404 898 4473 Ἰησοῦ
931 4405 1168 4476 Χριστοῦ
1202 4407 1259 4460 ἐν
1320 4407 1468 4477 αύτῷ
1533 4407 2011 4476 ἐπιτελεσθέντων,
2074 4412 2171 4466 καὶ⁹
2195 4411 2295 4482 τὴν
2355 4414 2672 4482 ἐπωνυμίαν
2739 4412 2994 4483 λαχόντος
3034 4407 3126 4460 ἐπὶ⁷
3165 4404 3254 4458 τὸν
3315 4403 3472 4470 ἅγιον

214 4494 493 4550 Β;κέντιον
515 4512 527 4526 ·
557 4497 680 4551 καθ’
703 4496 763 4549 ὃν
787 4495 895 4568 γάρ
934 4497 1138 4567 τρόπον
1172 4499 1397 4570 ἐτίμησε
1433 4499 1529 4553 καὶ⁸
1549 4500 1784 4572 ἐτιμήθη
1823 4503 1851 4555 ὁ
1913 4503 2091 4570 ἅγιος,
2125 4503 2220 4558 τὸν
2245 4498 2394 4558 οἷκον
2450 4505 2660 4559 καὶτὸν
2691 4505 2856 4559 τόπον
2881 4497 3254 4574 προσκυνητδν
3277 4496 3473 4566 ἀπειρ-

214 4585 448 4656 γάσατο,
491 4587 586 4642 καὶ
632 4590 741 4661 ὅσῳ
772 4591 830 4643 ἐν
897 4588 1176 4654 πλείστοις
1230 4590 1416 4654 τόποις
1479 4591 1764 4662 ἀνεδείχθη
1803 4592 1865 4647 rb
1899 4595 2080 4665 τίμιον
2132 4597 2230 4651 καὶ
2277 4596 2567 4668 ἱερώτατον
2630 4596 2795 4651 αὑτοῦ
2861 4595 3039 4664 σῶμα,
3079 4587 3320 4657 τοσούτῳ
3380 4585 3475 4640 καὶ

214 4677 460 4742 πλείονες
486 4679 765 4751 εύκτήριοι
793 4676 933 4735 οἷκοι
955 4681 1386 4751 κατεστάθησαν,
1404 4685 1481 4753 τῷ
1501 4684 1566 4736 ἐκ
1597 4683 1854 4741 πλειόνων
1881 4688 2030 4759 αύτῷ
2056 4689 2236 4742 τόπων
2250 4691 2346 4754 τὰς
2361 4691 2532 4760 τιμάς
2552 4687 2939 4760 ἀναφέρεσθαι,
2971 4685 3066 4740 καὶ
3083 4684 3308 4737 πλεῖστα
3336 4677 3472 4734 καθ-

117 4792 128 4802 ·
216 4769 470 4841 ιερώσας,
522 4775 948 4844 σεσωρευμένως
978 4776 1073 4828 καὶ
1097 4775 1452 4845 μεγαλοφυῶς
1477 4774 1788 4848 καθιερώθη
1831 4778 1968 4850 αὐτὴ
2034 4782 2067 4852 ή
2132 4781 2392 4851 ὁμολογία
2420 4782 2514 4836 τοῦ
2553 4781 2846 4851 μάρτυρος,
2880 4778 2973 4832 καὶ
3003 4771 3144 4832 οῦτοι
3172 4777 3218 4828 οἱ
3262 4775 3471 4841 ἀγῶνες

216 4863 404 4928 αὑτοῦ,
473 4865 551 4936 τῷ
600 4866 794 4936 μέχρις
841 4866 1076 4936 ἐσχάτης
1123 4867 1397 4936 ἀναπνοῆς
1452 4866 1788 4936 ἀμετάθετον
1828 4868 2154 4941 διατηρῆσαι
2179 4873 2277 4944 τὴν
2300 4875 2382 4937 εἰς
2443 4874 2532 4926 τὸν
2581 4872 2784 4943 Κύριον
2811 4869 2969 4942 ήμῶν
3000 4867 3208 4940 Ἰησοῦν
3235 4866 3467 4932 Χριστὸν

213 4958 418 5012 πίστιν.
453 4958 565 5012 Καὶ
599 4958 770 5022 οῦτως
799 4958 1087 5030 ἐτελειώθη
1132 4960 1160 5012 ό
1195 4956 1513 5024 πανὲνδοξος
1570 4960 1781 5030 μάρτυς
1852 4964 1948 5016 τοῦ
1999 4965 2237 5036 Χριστοῦ
2285 4967 2586 5034 Βικέντιος,
2647 4965 2780 5037 μηνὶ
2813 4962 3136 5034 ,Νοεμϐρίῳ
3181 4957 3465 5029 ἑνδεκάτῃ,

217 5049 596 5120 βασιλεύοντος
647 5051 740 5106 τοῦ
769 5049 967 5123 Κυρίου
1020 5051 1178 5124 ήμῶν
1220 5052 1396 5122 Ἰησοῦ
1445 5054 1707 5124 Χριστοῦ,
1739 5049 1783 5124 ᾧ
1820 5059 1853 5128 ἡ
1921 5058 2050 5126 δόξα
2093 5063 2188 5115 καὶ
2223 5061 2283 5116 rb
2327 5063 2531 5134 κράτος
2571 5062 2652 5126 εἰς
2683 5062 2809 5124 τοὺς
2832 5059 3030 5119 αἰῶνας
3084 5051 3191 5108 τῶν
3231 5051 3464 5108 αἰώνων.

227 5141 420 5216 Ἀμήν·
