3832 6516
303 548 3475 597 W

903 764 1089 878 DE
1167 761 1285 877 S.
1376 753 2141 876 TIMOTHEO
2217 749 2956 868 APOSTOLO

1247 984 1636 1049 EPlSCOPO
1672 962 2100 1057 EPHESINO,
2148 977 2570 1043 marrae.

609 1153 775 1219 (Anno
804 1151 987 1207 Christi
1005 1152 1087 1215 91,
1111 1150 1199 1203 die
1229 1149 1293 1201 Ὠ
1313 1146 1533 1204 Januarii
1555 1148 1684 1212 apud
1715 1145 1930 1208 Graecos,
1953 1144 2083 1210 apud
2107 1144 2310 1195 Latinos
2330 1125 2413 1194 die
2433 1142 2531 1204 24;
2563 1141 2789 1194 Bolland.
2817 1141 2876 1193 ad
2906 1141 3030 1193 hanc
3051 1141 3227 1207 diem.)

704 1467 733 1539 ς
763 1466 803 1523 Ι.
840 1466 899 1524 S.
941 1466 1192 1522 Timothei
1229 1466 1461 1547 natalis.

380 1605 402 1658 Ι
444 1602 622 1659 Latini
654 1603 901 1674 plerique
933 1602 1068 1674 (non
1110 1611 1312 1669 tamen,
1346 1603 1491 1674 quod
1542 1602 1874 1660 existimavit

302 1693 592 1760 Baronius,
644 1709 854 1763 omnes,
901 1701 962 1749 ut
994 1709 1120 1750 mox
1166 1695 1435 1766 dicemus)
1492 1694 1549 1751 S.
1599 1693 1872 1753 Timothei

300 1787 539 1841 natalem
585 1785 751 1843 XXIV
799 1785 1041 1842 Januarii
1075 1786 1371 1843 celebrant.
1403 1785 1594 1858 Operae
1636 1789 1871 1858 pretium

302 1885 390 1931 est
414 1893 481 1932 ex
501 1876 707 1947 aliquot
731 1876 1146 1949 Martyrologiis,
1166 1893 1287 1949 qua:
1311 1879 1380 1934 de
1400 1894 1467 1935 eo
1489 1878 1873 1950 praedicantur,

301 1969 649 2038 depromere,
674 1969 874 2043 quibus
906 1971 1114 2042 reliqua
1140 1971 1210 2027 de
1239 1986 1306 2027 eo
1335 1972 1567 2028 dicenda
1597 1972 1874 2030 illustren-

306 2066 420 2113 tur.
473 2059 644 2118 Vetus
670 2076 800 2133 ergo
829 2062 1135 2119 Romanum
1176 2063 1616 2137 Martyrologium
1655 2066 1728 2121 ita
1774 2067 1873 2122 lia-

307 2149 405 2206 het
452 2166 470 2206 :
521 2169 540 2203 t
591 2151 788 2222 Ephesi
849 2154 1121 2210 Timothei
1187 2157 1436 2226 apostoli.
1493 2176 1513 2210 ι
1560 2157 1761 2212 Eadem
1816 2161 1870 2215 in

302 2242 471 2297 variis
514 2258 646 2300 mss.
691 2242 965 2319 leguntur,
997 2263 1229 2318 quorum
1259 2250 1507 2319 quaedam
1551 2249 1707 2307 Beda:
1733 2268 1874 2322 pra:-

306 2334 495 2390 t'erunt
522 2351 743 2399 nomen.
781 2347 836 2394 et
865 2339 919 2394 in
941 2340 1221 2397 nonnullis
1240 2341 1344 2397 sub
1389 2343 1611 2398 nomine
1641 2343 1872 2400 Usuardi

304 2423 516 2493 editis;
564 2428 620 2482 in
671 2428 880 2485 Bellino
924 2446 1164 2502 quoque,
1217 2432 1465 2500 Rabano,
1513 2434 1750 2507 Adone:
1791 2446 1876 2494 ast

305 2516 397 2571 hic
429 2517 484 2572 in
509 2517 689 2575 libello
725 2521 794 2577 de
831 2521 1219 2581 festivitatibus
1248 2524 1630 2596 Apostolorum
1663 2545 1679 2582 ε
1713 2514 1731 2581 ἆ
1765 2527 1878 2583 Na-

304 2610 432 2666 talis
461 2612 519 2665 S.
558 2610 831 2670 Timothei
884 2615 1136 2687 discipuli
1166 2618 1227 2675 Β.
1272 2618 1423 2674 Pauli
1481 2620 1729 2691 apostoli,
1782 2623 1874 2693 qni

304 2703 453 2774 apud
480 2703 753 2775 Ephesum
783 2723 814 2761 a
842 2708 1004 2765 beato
1036 2710 1295 2781 Apostolo
1320 2713 1610 2784 episcopus
1655 2715 1876 2770 ordina-

1892 1469 1940 1526 Α
1968 1472 2025 1521 ut
2054 1479 2085 1519 a
2118 1474 2226 1520 tam
2255 1466 2417 1523 {tedis
2442 1465 2603 1523 iactis
2623 1465 2952 1524 desisterent
2983 1468 3319 1526 hortabatur.
3369 1468 3544 1536 Quem

1973 1560 2124 1632 impii
2153 1560 2389 1616 fustibus
2414 1567 2707 1616 contusum
2729 1575 2759 1616 e
2782 1560 2961 1616 medio
2989 1562 3351 1618 sustulerunt.
3384 1561 3546 1617 Post—

1972 1654 2193 1709 ntodum
2214 1661 2397 1708 autem
2416 1668 2583 1709 sacrae
2607 1654 2727 1724 ejus
2751 1653 2994 1723 reliquiae
3022 1654 3544 1725 Constantinopolim

1973 1746 2245 1801 translata:
2284 1752 2433 1808 sunt,
2485 1754 2541 1800 et
2593 1745 2649 1799 in
2698 1745 2897 1815 templo
2941 1744 3267 1801 Sanctorum
3312 1746 3548 1816 Aposto-

1975 1836 2151 1893 lorum
2182 1837 2481 1903 collocataa,
2510 1836 2605 1893 tibi
2653 1836 2916 1894 solemnis
2960 1836 3080 1908 eius
3120 1837 3297 1909 agitur
3335 1852 3545 1894 memo-

1974 1946 2074 1985 l'la.

2044 2067 2098 2122 5.
2130 2065 2329 2122 Eadem
2379 2063 2547 2119 habet
2585 2061 2973 2133 Anthologium
3015 2061 3326 2119 Graecorum
3362 2077 3391 2117 a
3423 2060 3549 2118 Clc-

1974 2163 2157 2212 mente
2178 2153 2292 2209 Vill
2321 2154 2700 2226 approbatum,
2723 2163 2778 2210 et
2807 2153 3073 2209 Maximus
3095 2153 3429 2225 Cytherzeus.
3478 2152 3550 2208 At

1974 2249 2123 2318 quod
2163 2248 2563 2319 conscripsisse
2607 2246 2960 2318 Evangelium
2993 2245 3211 2309 dicitur,
3241 2246 3294 2300 id
3325 2245 3547 2315 quidem

1974 2339 2102 2394 alibi
2151 2338 2296 2394 haud
2344 2339 2596 2412 legimus.
2627 2338 2837 2394 Citatur
2871 2338 3238 2410 apocryphum
3268 2335 3548 2393 Nicodemi

1975 2429 2329 2501 Evangelium
2361 2447 2375 2484 :
2410 2429 2533 2485 aiiis
2582 2444 2802 2499 quoque
2849 2428 3082 2499 ascripta
3125 2426 3280 2491 olim,
3314 2442 3435 2497 quae
3480 2427 3549 2483 ab

1975 2519 2166 2576 otiosis
2189 2518 2492 2591 composita
2520 2520 2836 2575 hominibus
2878 2526 3056 2586 erant,
3094 2518 3163 2575 de
3193 2518 3393 2589 quibus
3429 2517 3550 2573 fuse

1975 2613 2241 2669 Baronius
2267 2620 2398 2668 tom.
2435 2612 2455 2667 ι
2489 2613 2557 2667 ad
2583 2627 2674 2666 an.
2710 2612 2816 2678 υς
2847 2620 2903 2666 at
2935 2611 3072 2666 nihil
3122 2610 3288 2666 isthic
3337 2610 3405 2666 de
3452 2609 3547 2665 Ti-

1976 2706 2222 2762 motheo.
2264 2704 2534 2761 Fortassis
2566 2702 2849 2776 Evangelii
2887 2704 3247 2774 conscriptor,
3284 2702 3398 2759 sive
3421 2718 3552 2772 συγ-

308 2808 420 2863 tus,
452 2807 575 2868 post
611 2800 813 2856 multos
845 2816 944 2871 pro
964 2778 1186 2859 Christo
1218 2778 1422 2877 agones
1453 2778 1730 2866 dormivit.
1761 2809 1872 2865 Cu-
1904 2816 1946 2870 Β
1974 2799 2245 2871 γραφεὺς.
2289 2778 2511 2863 (Ῐίεἰιῖιΐ,
2557 2796 2705 2859 (111οά
2763 2811 2886 2851 cum
2947 2795 3160 2851 Joanne
3214 2794 3552 2855 familiariter

300 2889 396 2959 jus
420 2905 621 2961 corpus
658 2907 781 2947 cum
812 2894 1058 2964 reliquiis
1087 2895 1149 2950 Β.
1180 2896 1412 2967 Andreae
1439 2901 1494 2955 et
1517 2899 1698 2968 Lucae,
1725 2902 1874 2959 vice-

305 2980 449 3035 simo
472 2980 776 3040 Constantii
805 2999 951 3039 anno
987 2972 1522 3061 Constantinopolim
1554 2992 1876 3048 translatum

305 3080 417 3125 est.
456 3089 474 3123 ι
518 3071 723 3128 Eadem
768 3075 932 3131 habet
984 3077 1128 3133 Beda
1176 3079 1445 3151 vulgatus,
1494 3081 1786 3149 Notkerus,
1821 3093 1878 3141 et

310 3179 448 3219 mss.
495 3164 752 3234 plurima.
789 3166 1226 3242 Martyrologium
1255 3173 1561 3230 Romanum
1604 3193 1618 3232 :
1655 3194 1677 3231 ι
1710 3178 1881 3233 Nata-

303 3256 374 3310 lis
400 3254 458 3311 S.
498 3256 774 3316 Timothei
805 3263 1057 3336 discipuli
1087 3265 1148 3322 Β.
1193 3265 1346 3322 Pauli
1388 3271 1643 3341 apostoli,
1682 3272 1773 3343 qui
1806 3274 1879 3330 ab

302 3348 497 3404 eodem
529 3350 728 3421 Ephesi
753 3355 1032 3412 ordinatus
1063 3360 1374 3432 episcopus,
1403 3372 1526 3433 post
1553 3365 1753 3421 multos
1772 3381 1879 3438 pro

301 3439 526 3498 Christo
567 3459 791 3516 agones,
822 3460 948 3504 cum
997 3449 1182 3507 Dianae
1209 3451 1553 3510 immolantes
1601 3465 1876 3528 argueret,

306 3530 584 3600 lapidibus
640 3536 890 3605 obrutus,
930 3541 1093 3611 paulo
1141 3552 1266 3614 post
1304 3544 1636 3604 obdormivit
1686 3550 1741 3604 in
1773 3551 1881 3607 Do-

304 3639 478 3679 mino.
513 3646 532 3677 ι

375 3714 432 3770 2.
460 3716 631 3775 Graeci
692 3736 821 3777 vero
848 3723 994 3780 XXII
1050 3725 1318 3794 Januarii,
1374 3744 1484 3799 quo
1514 3730 1879 3804 interemptus

224 3802 228 3806 ’
305 3816 421 3872 est,
457 3810 526 3867 de
571 3827 638 3868 eo
668 3825 856 3887 agunt.
896 3817 1017 3884 Quo
1042 3820 1131 3875 die
1167 3819 1370 3877 Menam
1401 3841 1415 3877 :
1448 3842 1467 3875 t
1525 3823 1712 3882 Sancti
1749 3802 1880 3897 apo-

302 3900 429 3956 stoli
468 3900 762 3971 Timothei,
795 3908 1045 3979 discipuli
1073 3911 1130 3967 S.
1155 3911 1304 3968 Pauli
1334 3914 1585 3985 apostoli.
1616 3936 1636 3970 ι

414 4018 607 4100 amore
631 4020 948 4100 divinarum_
970 4025 1268 4100 Timotheus
1319 4045 1657 4100 coronarum,

414 4084 672 4143 Fastibus
712 4106 876 4146 cwsus
908 4095 1063 4148 tinxit
1087 4105 1284 4152 terram
1313 4084 1591 4173 sanguine.

1977 2900 2226 2946 versatus
2252 2889 2479 2961 Ephesi,
2522 2889 2686 2944 trium
2722 2888 3182 2958 evangelistarum
3211 2887 3555 2957 aliorumque

1978 2991 2293 3039 sanctorum
2342 2981 2585 3036 virorum
2632 2980 2702 3037 de
2731 2980 2934 3037 Christi
2989 2979 3154 3035 rebus
3208 2980 3376 3051 gestis
3406 2994 3555 3034 com-

1979 3072 2278 3128 mentarios
2306 3071 2606 3142 collegerit,
2637 3086 2775 3142 quos
2800 3071 2924 3127 dein
2962 3069 3345 3141 recognovisse
3366 3084 3431 3125 ac
3473 3070 3555 3125 di-

1980 3161 2215 3234 gessisse
2243 3160 2486 3217 Joannes
2515 3159 2739 3215 dicitur.

2049 3296 2104 3350 4.
2158 3293 2362 3350 Eodem
2424 3292 2571 3348 XXII
2624 3293 2712 3350 die
2758 3292 3001 3349 Januarii
3049 3308 3176 3350 eum
3249 3292 3553 3361 Usuardus,

1979 3383 2340 3458 Maurolycus,
2358 3385 2694 3451 Galesinius,
2723 3383 2995 3451 Canisius,
3014 3385 3213 3456 aliique
3240 3386 3555 3461 Latinorum

1981 3475 2261 3542 referunt;
2295 3476 2516 3546 quidam
2538 3485 2770 3547 utroque
2795 3476 2906 3531 die.
2984 3476 3268 3533 Usuardus
3328 3479 3431 3533 ista
3464 3478 3557 3532 ha-

1982 3569 2123 3626 bet:
2161 3588 2179 3622 ι
2216 3568 2420 3624 Natalis
2456 3568 2514 3624 S.
2543 3567 2818 3624 Timothei
2845 3566 3099 3638 discipuli
3141 3569 3204 3623 Β.
3244 3568 3420 3624 Pauli.
3458 3568 3557 3625 llic

1981 3660 2052 3716 ab
2098 3659 2290 3716 eodem
2336 3659 2598 3731 Apostolo
2627 3658 2919 3731 episcopus
2976 3660 3195 3730 Epheso
3249 3662 3555 3728 ordinatus,

1981 3759 2088 3809 est.
2125 3771 2145 3807 ι
2189 3752 2500 3812 Galesinius
2533 3753 2778 3810 breviter
2810 3767 3030 3809 omnem
3063 3754 3185 3824 eius
3207 3753 3373 3808 vitam
3404 3768 3557 3809 com-

1980 3845 2180 3917 plexus
2210 3856 2297 3904 est
2327 3863 2343 3903 :
2381 3866 2400 3900 t
2427 3847 2623 3918 Ephesi
2650 3846 2709 3904 S.
2741 3845 3036 3914 Timothei,
3066 3847 3126 3902 Β.
3149 3846 3302 3903 Pauli
3324 3847 3557 3917 apostoli

1980 3937 2252 4009 discipuli.
2284 3939 2336 3995 Is
2381 3938 2592 4012 Lystris
2640 3940 2700 3995 in
2745 3939 3014 4012 Lycaonia
3052 3948 3234 4006 natus,
3266 3954 3297 3993 a
3328 3938 3559 4009 pueritia

1982 4028 2038 4084 in
2064 4030 2234 4086 sacris
2266 4031 2466 4087 litteris
2494 4040 2549 4087 et
2593 4032 2797 4102 pietate
2843 4032 3130 4099 eruditus;
3177 4047 3285 4102 quo
3315 4040 3562 4103 tempore

1906 4151 1948 4207 ο
1984 4123 2268 4192 apostolus
2297 4121 2497 4179 Paulus
2544 4138 2612 4179 eo
2639 4124 2809 4190 venit,
2842 4124 3158 4196 religionem
3193 4123 3560 4179 Christianam

302 4197 472 4294 Crtus
491 4200 581 4258 hic
618 4203 723 4260 fuit
750 4222 816 4261 ex
858 4207 1046 4280 Lystra
1074 4213 1229 4279 urbe,
1264 4226 1417 4285 patre
1459 4220 1669 4290 gentili,
1700 4231 1875 4278 matre
1911 4197 1947 4207 ν
1981 4215 2183 4283 coluit;
2208 4225 2400 4288 utpote
2428 4231 2553 4272 cum
2594 4225 2828 4273 matrem
2857 4218 3122 4273 Eunicem
3151 4216 3398 4294 haberet,
3435 4231 3560 4270 mu-

302 4288 519 4383 Judaza,
551 4295 636 4348 cui
671 4297 880 4354 Eunice
910 4315 1133 4358 nomen.
1186 4288 1493 4377 Discipulus
1522 4309 1584 4366 Β.
1630 4315 1878 4383 apostolo

308 4379 694 4474 l‘aulofactus,
718 4390 1060 4460 conscriptor
1088 4392 1259 4449 divini
1300 4396 1576 4470 Evangelii
1606 4379 1878 4474 etvpraeco

305 4472 521 4529 exstitit
551 4491 565 4529 :
591 4474 789 4533 Joanni
815 4495 1032 4552 quoque
1059 4499 1167 4553 pra:
1197 4487 1412 4544 caeteris
1444 4505 1474 4545 a
1497 4472 1716 4549 Christo
1739 4495 1877 4551 dile-

306 4572 399 4656 cto
423 4566 666 4624 convixit
695 4587 709 4624 :
750 4580 914 4642 atque
938 4575 1018 4629 'ab
1062 4575 1181 4647 ipso
1210 4582 1458 4650 apostolo
1486 4582 1653 4640 Paulo
1683 4586 1879 4656 Ephesi

304 4655 603 4727 episcopus
625 4662 907 4721 ordinatus
924 4674 1025 4722 cst.
1054 4667 1348 4740 Postquam
1367 4673 1513 4728 enim
1533 4676 1615 4746 (ut
1642 4655 1881 4735 lrciiaeus

307 4747 695 4820 Lugdunensis
719 4756 1010 4828 episcopus
1043 4762 1286 4829 tradidit,
1313 4772 1369 4819 et
1393 4764 1593 4835 passim
1626 4782 1881 4825 sermone

308 4838 639 4912 celebratur)
666 4843 904 4902 Joannes
927 4864 958 4902 e
993 4851 1128 4905 mari
1157 4852 1384 4923 eiectus,
1411 4854 1737 4926 Ephesoquc
1759 4859 1881 4914 red—

296 4929 457 4986 ditus
484 4944 602 5002 est;
649 4951 712 4991 ac
753 4938 955 4995 deinde
1007 4943 1109 4997 sub
1159 4943 1467 5001 Domitiano
1519 4947 1768 5019 principe
1824 4950 1878 5004 in

311 5023 562 5083 Patinam
617 5030 848 5087 insulam
906 5036 1063 5090 exsul
1121 5035 1479 5107 deportatus;
1534 5039 1733 5095 Beatus
1794 5041 1883 5097 hic

312 5120 632 5180 Timotheus
681 5125 971 5197 Ephesinae
1005 5128 1259 5186 Ecclesiae
1304 5132 1539 5202 praefuit.
1594 5132 1729 5189 Cum
1756 5149 1885 5189 vero

313 5212 631 5271 idololatriae
660 5216 802 5272 diem
843 5220 1133 5288 quemdam
1165 5220 1387 5288 festum,
1418 5222 1563 5292 quod
1616 5223 1885 5292 Καταγὼ-

311 5320 452 5372 γιον,
482 5305 539 5361 id
571 5313 675 5373 est,
701 5308 1109 5375 deductionem,
1140 5312 1505 5382 appellabant,
1540 5312 1741 5384 Ephesi
1785 5330 1884 5384 pa-

315 5397 421 5453 trio
444 5399 552 5454 ritu
580 5399 890 5471 agitarent;
918 5403 1058 5458 idola
1097 5404 1318 5475 quidem
1367 5421 1533 5461 manu
1582 5416 1880 5479 gestantes,

1980 4304 2168 4361 lierem
2197 4306 2328 4363 Jesu
2357 4306 2560 4364 Christi
2593 4307 2716 4363 lidei
2740 4307 2922 4364 studio
2960 4308 3303 4379 ﬂagrantem.
3337 4307 3563 4362 Pervul-

1979 4404 2101 4467 gata
2154 4396 2275 4468 ejus
2322 4398 2689 4454 adolescentis
2740 4398 3003 4454 virtutum
3033 4398 3200 4462 fama,
3253 4397 3405 4452 illum
3456 4396 3559 4452 sibi

1979 4488 2236 4544 comitem
2294 4491 2750 4563 peregrinationis
2791 4502 2849 4548 et
2894 4492 3103 4548 socium
3141 4492 3388 4547 laborum
3418 4491 3562 4560 Apo-

1982 4580 2155 4634 stolus
2178 4580 2426 4650 adjunxit
2455 4599 2469 4638 :
2499 4583 2690 4653 sicque
2718 4583 3028 4653 adiutorem
3057 4582 3240 4652 operis
3285 4581 3339 4636 in
3384 4580 3558 4635 Evan-

1983 4672 2127 4743 gelio
2174 4671 2380 4728 Christi
2433 4675 2688 4730 eumdem
2722 4674 2927 4744 ubique
2965 4673 3237 4729 adhibuit.
3279 4670 3561 4741 Siquidem

1986 4763 2075 4819 hic
2107 4780 2215 4819 una
2256 4780 2381 4820 cum
2436 4764 2551 4828 illo,
2585 4766 2948 4838 prapagandaa
2999 4765 3122 4821 ﬁdei
3163 4780 3348 4827 causa,
3399 4764 3563 4818 modo

1984 4853 2284 4924 Ephesum,
2314 4855 2477 4912 modo
2500 4855 2824 4910 Corinthum
2860 4855 3159 4925 prolectus,
3191 4853 3561 4909 Macedoniam

1985 4944 2171 5011 etiam,
2232 4944 2466 5012 italiam,
2511 4954 2674 5017 atque
2732 4945 3041 5000 universam
3089 4954 3311 5009 terram,
3367 4941 3561 5013 priedi-

1985 5035 2162 5091 cando
2181 5036 2510 5106 peragravit.
2534 5037 2661 5091 Fuit
2688 5046 2871 5091 autem
2903 5035 3209 5091 admirabili
3232 5033 3403 5090 indoli
3428 5033 3559 5089 ado-

1987 5127 2198 5183 lescens
2233 5145 2248 5185 :
2280 5128 2474 5199 pudice
2496 5136 2550 5183 ct
2570 5137 2721 5183 caste
2751 5134 3018 5199 perpetuo
3047 5128 3183 5184 vixit
3223 5145 3237 5183 :
3268 5125 3559 5198 prudentia

1986 5219 2367 5290 sapientiaque
2400 5220 2472 5274 ita
2516 5219 2793 5289 praestitit,
2838 5228 2896 5274 ut
2924 5235 3088 5274 omne
3119 5218 3484 5276 ministerium
3512 5218 3561 5272 ei

1985 5309 2282 5379 Apostolus
2316 5310 2714 5379 concrederet;
2741 5311 2796 5365 in
2822 5311 3250 5382 Macedoniaque
3271 5326 3460 5367 curam
3498 5309 3563 5364 il-

1988 5402 2169 5456 lorum
2211 5402 2470 5467 traderet,
2495 5402 2587 5472 qui
2643 5401 2996 5473 Evangelium
3048 5411 3425 5472 susceperant.
3462 5400 3564 5456 De-

313 5498 368 5543 ct
394 5489 563 5545 larvis
587 5492 917 5561 quibusdam
949 5503 1043 5548 aut
1078 5495 1324 5564 personis
1353 5496 1553 5562 induti,
1591 5506 1645 5553 et
1692 5499 1746 5553 in
1801 5498 1883 5554 his
1917 5496 1959 5550 D
1990 5509 2139 5548 nium
2171 5493 2531 5564 Ephesiorum
2567 5493 2746 5567 factus
2775 5496 3088 5566 episcopus,
3119 5494 3248 5549 dum
3275 5494 3344 5549 ab
3379 5493 3563 5548 Diana

310 5580 685 5647 decantantes,
723 5583 969 5653 atquein
1008 5583 1153 5639 viros
1209 5599 1273 5640 ac
1321 5586 1556 5641 feminas
1610 5586 1882 5643 latronum
1985 5588 2136 5641 cultu
2166 5587 2429 5657 populum
2457 5602 2687 5643 avocare
2708 5597 2957 5655 conatur,
2994 5588 3300 5645 Domitiano
3326 5588 3561 5657 impera-

312 5686 462 5725 more
520 5671 830 5755 irruentes,_
873 5674 1170 5745 omniaque
1225 5676 1466 5747 aedibus
1546 5664 1883 5744 miscentes;
1986 5682 2126 5744 tore,
2161 5678 2485 5749 lapidibusa
2516 5679 2866 5735 multitudine
2898 5694 3058 5750 poene
3099 5679 3352 5755 obrutus,
3395 5675 3560 5732 Chri-

316 5761 373 5813 B.
432 5762 757 5820 Timotheus
782 5751 889 5820 tam
931 5766 1108 5822 dirum
1143 5777 1196 5823 et
1225 5775 1379 5822 atrox
1421 5768 1634 5824 facinus
1690 5770 1888 5827 intueri
1987 5773 2289 5827 stianorum
2317 5788 2422 5842 ope
2450 5786 2516 5828 eo
2539 5772 2781 5841 periculo
2830 5772 3115 5834 liberatus,
3152 5769 3221 5825 ad
3269 5751 3563 5824 finitimum

314 5864 430 5908 non
465 5856 765 5928 sustinens,
792 5858 1018 5916 stultum
1046 5875 1235 5917 eorum
1263 5874 1505 5917 errorem
1530 5862 1811 5935 arguebat,
1833 5871 1886 5918 et
1988 5873 2251 5931 montem,
2287 5863 2380 5935 qui
2410 5860 2544 5919 Pion
2579 5862 2794 5930 dicitur,
2825 5862 2992 5931 venit,
3042 5861 3132 5918 ubi
3171 5859 3409 5923 animam
3446 5856 3566 5915 Deo
