3832 6462
234 382 346 455 759

1471 401 1754 462 MENSIS
1794 400 2255 468 JANUARIUS.

3370 409 3476 474 700

230 503 489 560 reddidit.
523 497 652 574 Eius
700 521 901 576 corpus
929 507 1456 581 Constantinopolim
1493 518 1614 582 post
1663 508 2035 571 Con-Aoum
2063 517 2260 588 legisse
2302 533 2362 573 se
2407 517 2714 588 passionem
2757 515 2896 573 hanc
2940 515 3148 584 scribit,
3198 524 3477 575 auctorem

228 597 468 652 stantino
511 600 753 669 Augusto
790 608 1136 668 procurante,
1166 602 1484 657 translatum
1511 613 1614 658 est.
1650 622 1668 655 ι

300 692 355 747 5.
384 692 488 746 Alii
538 691 662 746 aliis
693 692 885 748 diebus
927 693 1046 763 ejus
1105 695 1424 750 memoriam
1457 706 1799 752 consecrant.

229 782 649 840 Wandelbertus
686 782 806 838 XVI
837 784 961 839 Maii
993 804 1007 840 :

300 894 539 964 Septima
579 898 832 952 Timothei
859 915 976 952 cum
1013 899 1147 954 dena
1187 898 1398 954 nomine
1428 899 1584 962 lucet,

312 965 553 1020 Veridico
583 967 787 1022 Paulus
816 969 993 1022 docuit
1015 986 1164 1039 quem
1192 985 1310 1024 voce
1343 972 1550 1025 beatus.

233 1081 378 1136 XX‘ll
415 1080 645 1153 Augusti
685 1083 785 1137 ista
847 1083 1011 1138 habet
1039 1079 1416 1153 pcrvetustut'n
1459 1085 1802 1144 Rhinamen.

233 1190 342 1228 ms.
392 1193 410 1225 ι
445 1172 634 1230 Romae
695 1173 969 1229 Timothei
1031 1175 1282 1246 discipuli
1319 1175 1374 1231 S.
1403 1177 1576 1232 Pauli.
1626 1196 1641 1227 ι
1700 1176 1806 1232 Sed

233 1273 529 1333 postrema:
563 1274 674 1321 tres
714 1281 876 1321 voces
931 1267 1196 1322 videnlur
1225 1283 1255 1322 a
1287 1269 1512 1324 librario
1541 1271 1763 1340 adjectae
1790 1288 1802 1323 :

237 1357 436 1411 colitur
493 1357 736 1427 alioquin
787 1374 854 1414 eo
894 1359 983 1414 die
1040 1359 1098 1414 8.
1164 1360 1484 1416 Timotheus
1533 1360 1810 1416 Romanus

237 1445 458 1517 M-artyr.
497 1447 744 1517 Denique
771 1447 965 1502 XXVII
1023 1449 1362 1519 Septembris
1408 1466 1513 1506 ms.
1547 1449 1809 1522 Martyro-

238 1542 439 1611 logium
485 1541 542 1597 S.
581 1539 894 1615 Hieronymi
941 1561 955 1601 :
997 1563 1016 1596 ι
1057 1545 1119 1600 In
1168 1545 1385 1616 Epheso
1434 1545 1727 1600 Timothei.
1786 1563 1804 1598 ι

238 1633 633 1703 llujusne‘Hta
665 1636 1086 1692 sensit'veteris
1133 1638 1368 1707 scriptor
1423 1637 1808 1710 Martyrologii,

237 1723 381 1791 quod
413 1723 467 1779 in
496 1726 842 1780 monasteriis
869 1725 1124 1782 Laetiensi
1158 1738 1213 1783 et
1244 1727 1302 1783 S.
1325 1728 1543 1783 Martini
1572 1726 1810 1784 Tornaci

236 1828 573 1883 usservatur,
602 1818 657 1872 in
697 1833 805 1888 quo
839 1818 941 1874 ista
967 1819 1223 1891 leguntur
1255 1835 1321 1875 eo
1348 1821 1435 1875 die
1470 1839 1483 1876 :
1537 1839 1557 1872 ι
1622 1820 1689 1874 Ει
1751 1818 1808 1873 8.

237 1906 512 1964 Timothei
541 1909 795 1980 discipuli
827 1911 979 1966 Pauli
1033 1911 1285 1982 apostoli,
1339 1926 1501 1981 quem
1542 1910 1684 1965 idem
1717 1924 1813 1964 vas

237 1999 522 2055 electionis
555 2015 867 2069 assumens,
905 2015 1124 2057 omnem
1173 2002 1602 2058 ecclesiasticam
1653 2001 1816 2057 disci-

238 2089 438 2159 plinam
472 2091 679 2153 docuit,
711 2098 766 2145 et
787 2107 884 2162 per
911 2107 1108 2147 manus
1140 2092 1563 2162 impositionem,
1599 2107 1815 2147 accom-

240 2181 568 2236 modabilem
605 2181 866 2238 Ecclesiis
915 2183 1064 2244 fecit.
1117 2183 1222 2240 Hic
1274 2185 1509 2254 pudicus
1557 2194 1613 2240 et
1663 2185 1815 2255 virgo

241 2287 590 2342 permanens,
622 2274 767 2344 apud
791 2273 1066 2344 Ephesum
1113 2274 1170 2330 in
1227 2285 1414 2331 monte
1461 2264 1555 2347 qui
1593 2285 1817 2333 vocatur

241 2364 398 2432 Pion,
429 2381 554 2421 cum
585 2383 782 2438 magno
832 2368 1042 2423 honore
1084 2368 1332 2438 sepultus
1359 2369 1612 2440 quiescit.
1653 2387 1672 2422 ι
1706 2369 1817 2424 Cur

241 2473 373 2512 vero
409 2475 427 2510 ι
463 2459 940 2515 accommodabilis
991 2460 1252 2516 Ecclesiis
1297 2460 1474 2517 factus
1514 2480 1535 2514 ι
1571 2461 1818 2517 dicitur?

243 2561 312 2603 an
350 2550 475 2618 quia
519 2550 812 2621 episcopus
850 2561 1204 2607 consecratus
1248 2553 1519 2624 principio
1550 2562 1654 2620 est,
1683 2555 1816 2609 nulli

245 2650 412 2697 certa:
462 2642 576 2697 sedi
625 2644 904 2711 astrictus,
951 2644 1046 2700 sed
1095 2653 1158 2699 ut
1208 2660 1411 2701 munus
1461 2647 1816 2717 apostolicum

242 2735 540 2806 perfectius
572 2738 749 2792 ubivis
765 2739 988 2809 exsequi
1018 2737 1247 2810 posset?

450 2868 477 2940 ξ
513 2866 573 2923 ll.
601 2869 735 2923 Acta
772 2869 828 2925 S.
873 2871 1146 2938 Timothei,
1203 2883 1406 2945 tempus
1437 2877 1640 2931 mortis.

317 2981 350 3035 6
379 2999 399 3033 ι
446 2981 755 3054 Polycrates
805 2984 1165 3054 Ephesiorum
1222 2989 1582 3059 episcopus...
1634 2989 1821 3046 ﬂoruit

245 3073 586 3147 temporibus
619 3074 806 3130 Severi
836 3077 1122 3146 principis,
1165 3097 1183 3130 ι
1217 3087 1280 3134 ut
1321 3088 1550 3135 testatur
1596 3079 1656 3137 8.
1688 3080 1819 3138 Hie-

245 3179 506 3237 ronymus
531 3167 632 3222 lib.
660 3167 738 3221 De
767 3169 1106 3238 scriptoribus
1153 3170 1518 3235 ecclesiasticis
1573 3189 1693 3243 cap.
1726 3173 1820 3237 45,

249 3259 343 3313 ubi
370 3259 634 3313 nonnulla
669 3260 865 3325 recitat
892 3276 955 3315 ex
999 3261 1263 3333 Synodica
1290 3264 1409 3332 eius
1440 3263 1671 3334 epistola
1718 3280 1820 3336 pro

249 3351 358 3404 ritu
388 3351 442 3404 in
466 3351 568 3407 ista
601 3351 843 3407 Ecclesia
871 3367 900 3406 a
930 3352 988 3408 S.
1027 3352 1259 3410 Joannis
1291 3353 1651 3426 Evangelistte
1680 3364 1822 3412 tem-

250 3443 478 3513 poribus
506 3444 820 3509 observato,
872 3445 1183 3502 celebrandi
1230 3463 1338 3502 una
1388 3464 1478 3502 xiv
1519 3447 1821 3505 Paschatis.

249 3535 328 3591 De
355 3551 421 3592 eo
451 3537 771 3608 Sigebertus
799 3554 920 3610 cap.
953 3540 1008 3597 5.
1041 3559 1059 3592 ι
1093 3539 1404 3612 Polycrates
1424 3541 1732 3610 passionem
1762 3542 1820 3598 S.

251 3621 524 3684 Timothei
547 3631 776 3702 apostoli
810 3632 1046 3702 scripsit,
1072 3642 1128 3687 et
1155 3633 1258 3688 alia
1287 3634 1490 3702 multa;
1525 3652 1544 3687 ι
1580 3643 1634 3690 at
1656 3634 1824 3691 Baro-

248 3721 376 3776 nius
416 3721 472 3776 in
496 3722 649 3778 Notis
677 3723 745 3778 ad
771 3724 1232 3796 Martyrologium,
1269 3726 1335 3782 de
1363 3743 1427 3782 ea
1465 3728 1537 3783 ita
1573 3744 1824 3799 pronun-

250 3814 352 3867 tiat
385 3831 398 3867 :
439 3833 459 3866 ι
499 3813 817 3870 Passionem
849 3815 1124 3873 Timothei
1161 3834 1192 3873 a
1243 3817 1527 3890 Polycrate
1563 3820 1821 3890 scriptam

252 3902 421 3960 fuisse
478 3915 678 3983 auctor
725 3914 809 3961 est
867 3906 1182 3978 Sigebertus
1215 3908 1292 3964 De
1319 3911 1448 3966 viris
1490 3910 1659 3965 illust.
1691 3926 1740 3966 c.
1768 3910 1823 3976 5,

253 3994 351 4048 sed
380 3993 622 4065 ignotum
654 3996 706 4051 id
743 3991 966 4067 prorsus
996 3998 1232 4056 Eusebio
1259 4011 1422 4073 atque
1467 4001 1823 4074 Hieronymo,

252 4085 347 4154 qui
373 4097 542 4158 agunt
563 4088 630 4143 de
649 4087 948 4160 Polycrate.
990 4110 1008 4144 ι
1053 4089 1252 4148 Verum
1283 4103 1339 4148 et
1367 4093 1470 4148 alia
1492 4094 1561 4148 ab
1586 4092 1652 4148 iis
1683 4107 1822 4163 prae-

255 4179 504 4236 termissa
529 4182 757 4239 aliorum
789 4192 1074 4240 auctorum
1097 4186 1320 4257 scripta.
1355 4187 1586 4244 Photius
1615 4196 1820 4255 tamen,

323 4376 783 4457 (a)_S._Timo_thei
846 4383 1026 4440 Vitam
1079 4394 1302 4457 auctore
1354 4385 1633 4457 Polycrate
1667 4386 1825 4442 dedi-

251 4449 462 4507 mus'in
487 4451 816 4526 Patrologiw
843 4465 1046 4512 nostrae
1073 4463 1221 4512 tomo
1249 4454 1314 4523 V,
1345 4449 1468 4513 col.'
1488 4457 1645 4512 {502.
1667 4458 1825 4512 Nunc

408 4568 438 4586 ρ

1906 610 2113 664 nullum
2142 610 2411 666 nominat.
2453 611 2752 666 Autbertus
2798 610 3014 666 Miraeus
3059 611 3115 664 in
3152 610 3476 665 Bibliotheca

1907 699 2312 763 Ecclesiastica,
2353 721 2371 754 ε
2413 701 2499 758 Fit
2525 703 2579 757 in
2611 718 2674 758 ea
2701 702 2983 766 Passione,
3031 703 3227 772 inquit,
3273 701 3479 756 mentio

1904 792 2097 848 lrenzei
2145 791 2525 865 Lugdunensis
2551 795 2787 864 episcopi
2814 811 2828 846 :
2853 809 2918 848 ex
2943 808 3053 863 quo
3079 793 3256 862 colligi
3293 793 3476 857 datur,

1905 900 2014 939 non
2054 898 2213 953 posse
2263 899 2385 937 eam
2432 883 2656 938 attribui
2708 883 3002 954 Polycrati,
3049 882 3140 952 qui
3191 879 3480 936 Timotheo

1907 984 2034 1046 post
2059 973 2372 1029 Onesimum
2396 975 2677 1029 successit.
2721 993 2738 1025 ι
2772 974 3121 1043 Atnusquam
3154 972 3351 1027 dicitur
3374 971 3478 1024 im-

1907 1066 2142 1121 mediate
2172 1066 2502 1122 successisse
2529 1065 2808 1131 Onesimo,
2841 1065 2933 1135 qui
2966 1065 3069 1118 sub
3097 1063 3332 1133 Traiano
3357 1077 3483 1132 pas-

1909 1171 2001 1210 sus
2047 1157 2298 1223 traditur,
2353 1164 2413 1210 ut
2453 1156 2519 1211 16
2563 1155 2723 1210 Febr.
2767 1156 3031 1210 dicemus.
3096 1154 3216 1223 Ipse
3269 1153 3482 1207 Mineus

1911 1249 2176 1303 Irenaeum
2227 1263 2371 1302 anno
2431 1247 2496 1302 10
2556 1245 2743 1302 Severi
2779 1247 2911 1317 (qui
2965 1254 3082 1300 erat
3117 1245 3314 1299 Christi
3350 1243 3477 1307 202,

1909 1348 2005 1393 aut
2036 1338 2162 1403 205,
2194 1337 2386 1408 viginti
2433 1336 2545 1408 jam
2576 1337 2769 1392 diebus
2803 1335 3120 1404 inchoatus)
3159 1343 3478 1389 coronatum

1911 1430 2107 1484 asserit
2139 1448 2154 1485 :
2188 1429 2245 1483 S.
2273 1426 2632 1499 Hieronymus
2658 1427 2988 1498 Polycratem
3021 1446 3038 1479 ι
3072 1425 3317 1482 ﬂoruisse
3346 1434 3484 1478 tem-

1913 1521 2141 1591 poribus
2205 1519 2393 1575 Severi
2467 1519 2770 1589 principis:
2829 1537 2847 1571 ι
2902 1528 2964 1573 ut
3023 1516 3183 1572 facile
3249 1515 3489 1585 potuerit

1912 1612 2124 1679 lrenaei,
2162 1612 2386 1683 aequalis
2418 1611 2524 1678 sui,
2558 1611 3008 1668 commentarium
3057 1609 3315 1679 aliquem,
3375 1608 3488 1661 imo

1914 1717 2126 1768 omnes,
2157 1703 2349 1774 legisse

1987 1799 2109 1867 ipse
2135 1811 2194 1851 se
2227 1795 2560 1866 Polycratem
2589 1802 2780 1850 auctor
2832 1799 2992 1847 vocat
3037 1791 3156 1860 (a);
3211 1788 3304 1859 qui
3357 1802 3492 1842 sane

1917 1886 2181 1956 impostor
2201 1884 2486 1940 habendus
2507 1894 2670 1948 esset,
2703 1882 2747 1937 si
2773 1879 2938 1937 alieni
2963 1880 3200 1936 nominis
3223 1879 3488 1932 honorem

1918 1976 2021 2032 sibi
2049 1975 2184 2030 falso
2217 1984 2514 2045 arrogaret,
2546 1981 2601 2028 at
2629 1973 2892 2042 scriptum
2925 1984 3086 2042 grave
3112 1978 3196 2024 est
3222 1969 3386 2038 (quod
3419 1968 3492 2022 ad

1918 2083 2031 2122 rem
2064 2067 2277 2133 attinet,
2311 2067 2438 2122 licet
2460 2067 2596 2136 stylo
2617 2065 2819 2120 humile
2836 2070 3044 2118 asserat
3068 2060 3340 2129 Photius),
3374 2068 3492 2114 est-

1918 2173 2025 2228 que
2053 2165 2480 2213 consentaneum
2520 2155 2587 2211 iis
2614 2171 2736 2224 quae
2757 2154 2939 2210 caeteri
2969 2167 3185 2222 quoque
3213 2151 3282 2206 de
3307 2148 3496 2203 Timo-

1920 2252 2049 2308 theo
2087 2252 2453 2307 tradiderunt.
2509 2249 2831 2305 Vincentius
2879 2246 3280 2303 Bellovacensis
3313 2245 3408 2299 lib.
3437 2259 3494 2308 ι,

1920 2360 2043 2416 cap.
2071 2344 2164 2410 58,
2193 2359 2260 2399 ex
2293 2343 2573 2415 Polycrate
2604 2343 2738 2397 Acta
2771 2341 3020 2411 quaedam
3049 2337 3322 2394 Timothei
3353 2335 3498 2391 reci-

1923 2444 2102 2503 tat;-¢
2150 2451 2272 2506 quae
2299 2435 2437 2507 stylo
2477 2449 2598 2498 suo,
2638 2451 2658 2485 ›
2688 2433 2887 2502 inquit,
2925 2431 3125 2486 Petrus
3155 2428 3364 2484 Halloix
3393 2441 3502 2481 no-

1889 2565 1892 2569 -
1921 2537 2034 2584 ster
2069 2527 2121 2581 in
2151 2527 2332 2583 Notat.
2383 2527 2452 2582 ad
2495 2541 2617 2596 cap.
2648 2526 2678 2578 7
2708 2525 2843 2581 Viue
2876 2524 2932 2578 S.
2969 2521 3272 2594 Polycarpi,
3309 2539 3327 2573 ι
3367 2519 3503 2574 satis

1921 2620 2158 2674 clamant
2195 2635 2254 2674 se
2279 2635 2310 2674 e
2363 2618 2564 2674 Graecis
2613 2632 2736 2673 esse
2777 2616 3082 2682 translata;
3127 2633 3146 2666 ι
3189 2625 3352 2683 atque
3381 2627 3506 2666 om~

1922 2711 2055 2766 nino
2089 2709 2356 2782 Polycrati
2384 2710 2500 2780 ipse
2537 2708 2624 2763 illa
2658 2708 2868 2762 tribuit.
2906 2709 2982 2762 Ea
3027 2723 3095 2762 ex
3130 2705 3364 2763 vetustis
3404 2719 3505 2758 eoo

1924 2803 2139 2858 dicibus
2169 2801 2625 2856 monasteriorum
2661 2800 2720 2857 8.
2751 2798 3054 2862 Maximini,
3087 2808 3143 2854 et
3197 2799 3258 2853 S.
3323 2795 3508 2851 Mariae

1922 2897 1991 2950 de
2022 2893 2306 2965 Ripatorio
2334 2892 2747 2962 descripsimus,
2780 2892 3221 2960 contulimusque
3253 2904 3377 2943 cum
3408 2902 3511 2942 ex-

1923 2985 2071 3040 cusis
2120 2985 2384 3057 agonibus
2430 2991 2754 3055 martyrum,
2778 2999 2882 3038 ms.
2911 2980 3118 3036 Nicolai
3150 2978 3417 3042 Bcllortii,
3447 2985 3508 3030 et

1925 3077 2109 3135 Graeca
2136 3095 2240 3135 ms.
2282 3079 2508 3135 historia
2537 3077 2782 3150 martyrii
2815 3075 2873 3131 S.
2908 3073 3203 3139 Timothei,
3241 3088 3362 3141 quae
3387 3071 3510 3140 ipsa

1926 3173 2174 3228 fortassis
2199 3181 2282 3228 est
2311 3171 2634 3243 Polycratis,
2687 3170 2781 3226 sed
2821 3184 2851 3223 a
2877 3167 3130 3238 qquiam
3177 3173 3294 3233 post
3327 3175 3514 3218 trans-

1927 3263 2066 3320 latas
2095 3263 2627 3334 Constantinopolim
2657 3260 2919 3331 reliquias
2953 3257 3256 3329 recognita,
3303 3255 3511 3310 omisso

1928 3354 2175 3420 exordio,
2223 3369 2333 3425 quo
2358 3369 2557 3410 nomen
2601 3368 2761 3408 suum
2809 3353 3118 3423 Polycrates
3178 3348 3510 3420 proﬁtetur;

1928 3457 1984 3502 et
2018 3447 2234 3512 merito,
2273 3462 2397 3502 cum
2422 3446 2699 3503 recentior
2728 3445 2817 3500 ille
2847 3444 3082 3515 scriptor
3113 3442 3398 3513 periodum
3433 3442 3506 3495 in-

1927 3537 2206 3609 terjecerit
2239 3537 2306 3592 de
2337 3537 2615 3592 translatis
2654 3535 2921 3606 reliquiis,
2963 3535 3052 3590 cui
3093 3533 3323 3605 proinde
3369 3547 3512 3602 pra:-

1927 3631 2092 3703 tigere
2121 3630 2421 3702 Polycratis
2446 3644 2648 3685 nomen
2683 3644 2794 3684 non
2835 3636 3052 3700 poterat
3077 3645 3092 3693 ;
3122 3636 3179 3681 at
3205 3642 3362 3680 suum
3391 3625 3513 3694 ipso

1927 3724 2165 3791 reticuit,
2213 3723 2298 3779 vel
2331 3732 2463 3778 mtas
2496 3723 2911 3778 librariorumve
2946 3719 3274 3792 negligentia
3342 3718 3511 3773 oblit-

1927 3816 2123 3872 teravit
2157 3833 2170 3869 :
2204 3815 2409 3871 vixisse
2436 3824 2563 3870 ante
2593 3813 2888 3869 Iustiniani
2922 3822 3164 3882 tempora
3217 3810 3346 3865 inde
3370 3825 3507 3864 con-

1927 3909 2215 3981 iectamus,
2243 3908 2367 3978 quia
2399 3907 2585 3976 templi
2611 3906 2678 3961 ab
2724 3921 2791 3960 eo
2828 3903 3038 3960 conditi
3089 3919 3193 3959 non
3232 3901 3504 3956 meminit.

1931 3999 2324 4071 Metaplirastes
2393 3999 2736 4071 martyrium,
2807 3996 3263 4059 translationem,
3321 3992 3510 4061 templi

1933 4093 2017 4149 vel
2046 4093 2458 4149 aediﬁcationem
2521 4093 2608 4148 vel
2658 4091 3140 4156 restaurationem,
3191 4087 3511 4157 complexus

1935 4193 2035 4242 est.

1935 4385 2339 4457 ejusdemiacta
2365 4400 2401 4457 ει
2432 4382 2702 4455 Symeone
2726 4382 3087 4457 Metaphraste
3116 4383 3320 4457 scripta
3351 4381 3503 4439 exhi-

1937 4454 2148 4514 bemus.
2187 4456 2336 4512 Enrr.
2364 4454 2529 4510 rm.
