3832 6494
278 403 388 475 ’161

1550 416 1727 481 VlTA
1765 419 1826 480 S.
1865 419 2263 483 ΤΙΜΟῚἩΕΙ.

277 563 3504 613 “'me

1451 724 2364 845 ΥΠΟΜΝΗΜΑ
2756 860 2760 865 λ

723 954 898 1042 ΕΙΣ
970 958 1198 1045 ΤΟΝ
1269 950 1607 1045 APION
1678 952 1846 1046 ΑΠι

1954 954 2365 1044 ΞΤΟΛΟΝ
2437 953 3061 1063 ΤΙΜΟΘΕΟΝ·

1320 1318 2472 1437 COMMEMORATIO

1164 1565 1258 1655 S.
1336 1562 1941 1654 TIMOTHEI
2018 1561 2599 1657 APOSTOLI

422 1753 615 1821 (Latine
645 1759 773 1824 apud
794 1757 1021 1811 Bolland.
1046 1758 1106 1809 ad
1127 1756 1190 1807 2i
1214 1758 1346 1821 Jau.;
1369 1759 1539 1812 Graeca
1559 1756 1911 1821 descripsimus
1935 1769 1996 1809 ex
2022 1757 2127 1808 cod.
2152 1758 2282 1823 Reg.
2307 1756 2464 1834 Paris.
2492 1774 2547 1812 ιι.
2573 1760 2713 1825 1-ι57,
2736 1763 2907 1815 seculi
2932 1778 3000 1814 xi.
3045 1765 3189 1819 Εοιτ.
3216 1765 3397 1830 Pun.)

1848 1931 1921 1949 ὼ

1754 2056 1986 2115 CAPUT
2019 2061 2064 2116 l.

1331 2166 1623 2228 Timotheus
1639 2168 1678 2228 8
1686 2214 1698 2227 .
1722 2172 1882 2229 Pauli
1910 2176 2201 2246 discipulus
2216 2187 2264 2231 et
2282 2192 2479 2234 comes.

345 2290 426 2347 A'.
478 2288 741 2360 Τιμόθεον
764 2286 856 2341 τὸν
897 2283 1073 2358 μέγαν
1116 2284 1313 2359 ἤνεγκε
1344 2287 1443 2357 μὲν
1471 2289 1832 2359 ήΛυκαόνων,

2014 2291 2055 2350 Ι.
2097 2293 2351 2366 Magnum
2383 2292 2734 2365 Timotheum
2788 2296 2912 2352 tulit
2967 2297 3189 2368 quidem
3225 2296 3519 2372 Lycaonia,

274 2383 548 2455 ἐθρέψατο
579 2382 636 2435 δὲ
662 2382 758 2435 καὶ⁵
810 2379 1098 2450 ἧσκησενή
1126 2379 1293 2434 πάλαι
1324 2381 1629 2453 περιφανὴς
1657 2383 1715 2436 ὲν
1745 2385 1844 2437 πό-

272 2471 392 2530 λεσι
414 2474 652 2546 Λύστρα,
683 2473 782 2543 οὐχ
809 2472 954 2526 οὓτω
985 2472 1212 2544 καρπῶν
1240 2473 1471 2545 εύφορίᾳ
1489 2473 1585 2528 καὶ
1612 2474 1845 2547 ἀφθονίᾳ

270 2565 385 2619 τῶν
438 2563 775 2634 ἀναγκαίων,
829 2564 940 2636 ὅσῳ
990 2565 1084 2617 ἐπὶ
1112 2563 1189 2633 τῷ
1245 2563 1448 2636 ἡδίστῳ
1495 2567 1650 2638 φυτῷ
1705 2568 1845 2637 τῷδε

275 2658 679 2729 σεμνυνομένη,
711 2656 804 2711 xa‘t
835 2660 949 2722 τοῖς
985 2657 1312 2712 ἐπανθοῦσιν
1349 2658 1500 2728 αὐτῷ
1520 2660 1621 2729 τῆς
1646 2660 1846 2730 ἀρετῆς

273 2750 497 2803 κάλλεσι
546 2751 640 2803 καὶ
670 2749 1010 2819 κοσμήμασι,
1039 2750 1283 2817 καίτοιγε
1312 2750 1447 2821 μηδὲ
1471 2753 1591 2814 ταῖς
1630 2749 1725 2805 τοῦ
1754 2751 1849 2820 γέ-

278 2860 408 2906 νους
435 2843 613 2914 ῥίζαις
650 2842 976 2914 κεχρημένῳ
1003 2843 1274 2913 καθαραῖς
1310 2859 1369 2897 τε
1397 2846 1489 2897 καὶ
1513 2845 1844 2916 ἀκιϐδήλοις,

272 2933 413 2986 ἀλλὰ
435 2935 528 2987 καὶ
549 2934 682 2987 πολὺ
706 2934 767 2987 τὸ
791 2934 855 2986 ἐκ
884 2934 993 2986 τῶν
1008 2934 1259 2989 ἀκανθῶν
1291 2935 1390 3005 τῆς
1417 2936 1673 3000 ἀπιστίας
1696 2937 1850 3008 ἑχούσ-

272 3042 398 3089 σαις
428 3022 1056 3097 ἐπίμικτονςΠρομήτωρ
1091 3026 1190 3097 μὲν
1221 3027 1328 3096 γὰρ
1349 3028 1501 3099 αὐτῷ
1533 3028 1681 3095 Δοτς,
1707 3030 1876 3100 γυνὴ,

270 3117 526 3190 θεοφιλὴς
541 3121 635 3172 καὶ
661 3119 856 3190 ἀρετῆς
889 3118 1129 3189 ἀτεχνῶς
1151 3119 1506 3193 ὲπιμ[ελουμ]
1517 3121 1629 3192 ἐνηο
1663 3125 1847 3193 μήτηρ

271 3212 480 3281 Εὐνίκη
510 3209 567 3277 ἐξ
603 3209 871 3264 Ἰουδαίων
920 3211 1367 3282 ὲκκεντρισθείσα
1416 3213 1583 3266 πάλαι
1637 3216 1718 3278 εἰς
1746 3214 1847 3285 τὴν

271 3304 579 3367 εὖσέϐειαν,
614 3304 708 3357 καὶ
735 3304 902 3367 ὅντως
928 3305 985 3358 ὲν
1012 3306 1308 3377 ἀκηράτοις
1332 3307 1544 3378 ἀρετῶν
1566 3308 1848 3376 ἀνθήσας-α

271 3398 494 3470 κήποιςο
520 3396 702 3469 πατὴρ
740 3397 798 3450 δὲ
826 3396 1049 3469 Ἕλλην,
1083 3399 1177 3451 καὶ⁹
1214 3399 1283 3451 τὰ
1329 3397 1600 3471 Ἐλλήνων
1650 3403 1849 3472 ἐπιση-

272 3491 526 3560 μότατος,
581 3490 741 3544 οἱονεί
771 3507 825 3543 τι
852 3489 1091 3556 ζιζάνιον
1133 3490 1192 3543 ἐν
1255 3490 1409 3562 σίτῳ,
1459 3492 1537 3562 τῷ
1565 3492 1715 3565 καλῷ
1751 3494 1847 3547 Τι-

273 3583 471 3652 μοθέου
533 3584 704 3650 γένει,
755 3583 848 3636 καὶ
895 3582 1070 3654 ῥόδοις
1121 3581 1337 3637 ἄκανθα
1392 3584 1688 3654 παραφὺς,
1752 3584 1847 3639 καὶ

268 3648 511 3746 τοσούτῳ
535 3648 798 3746 διαφανὴς
828 3648 925 3746 τὴν
952 3676 1151 3730 κακίαν
1175 3648 1486 3745 γενόμενος,
1515 3648 1639 3731 ὅσον
1670 3679 1697 3731 ὁ
1720 3679 1850 3742 παῖς
1876 3648 1925 3710 Β

271 3768 582 3840 περιφανὴς
647 3769 745 3839 τὴν
801 3767 1105 3836 εὐσέϐειαν,
1157 3771 1251 3823 καὶ
1295 3769 1395 3841 τὴν
1423 3768 1624 3842 ἀρετὴν
1671 3771 1851 3842 ἀπαρ-

270 3861 522 3932 ἀμιλλος.
632 3924 641 3930 ,
1080 3917 1104 3935 ρ

343 3952 421 4006 B'.
460 3954 555 4016 Ὃς
582 3951 662 4005 ἔτι
718 3951 910 4024 νήπιος
935 3951 1032 4019 ὣν,
1054 3953 1154 4008 καὶ
1181 3952 1285 4006 ὑπὸ
1326 3955 1394 4025 τῇ
1429 3954 1600 4026 μητρὶ
1638 3955 1846 4029 Εὐνίκῃ

270 4044 790 4115 παιδαγωγούμενος
856 4044 954 4116 τὴν
991 4044 1261 4116 Ἐλλήνων
1295 4044 1416 4116 ἅμα
1442 4047 1537 4101 καὶ
1569 4046 1849 4103 Ἰουδαίων

272 4136 476 4206 ἐπίσης
507 4137 723 4207 ἀπάτην
768 4135 1033 4204 ἐξέκλινε,
1099 4138 1196 4192 καὶ
1219 4137 1418 4210 Παύλῳ
1444 4137 1753 4210 τηνικαῦτα
1776 4143 1847 4210 τῇ

270 4228 371 4299 τῆς
417 4227 747 4299 Ἐκκλησίας
812 4228 1047 4302 λαμπρᾷ
1096 4228 1362 4298 σάλπιγγι
1417 4230 1690 4302 πρόσεισι,
1751 4232 1850 4285 σὺν

269 4320 389 4390 ἅμα
410 4321 668 4394 Βαρνάϐα
696 4322 776 4392 τῷ
802 4322 897 4376 τοῦ
920 4321 1154 4394 Χριστοῦ
1175 4323 1391 4395 μαθητῇ
1422 4323 1520 4378 καὶ
1540 4324 1845 4395 ἀποστόλῳ,

272 4411 397 4466 καθ’
435 4413 474 4467 ὃ.
523 4430 685 4484 φησιν
716 4413 744 4466 ὁ
774 4412 916 4476 θεῖος
977 4413 1194 4477 Λουκᾶς
1247 4414 1309 4466 ὲν
1366 4415 1490 4477 ταῖς
1554 4414 1846 4484 Πράξεσιν,

272 4501 692 4572 ὲπιδεδημηκότι
717 4504 783 4572 τῇ
814 4500 1130 4568 Λυκαόνων,
1168 4501 1292 4572 ἥτις
1337 4502 1539 4572 ὅμορος
1566 4503 1667 4573 μέν
1699 4503 1849 4556 ἐστιν

285 4594 490 4671 Ἰκονίῳ
509 4594 605 4647 καὶ
642 4593 844 4664 Δέρόῃ,
887 4592 1145 4664 μεγίστου
1178 4592 1242 4646 δὲ
1268 4592 1550 4663 θαύματος
1576 4594 1701 4649 τότε
1744 4595 1849 4665 τῆς

272 4684 368 4739 τοῦ
432 4684 648 4739 Παύλου
704 4685 1003 4756 ἐπιδημίας
1061 4685 1427 4753 ἀπολιλαύκε,
1458 4686 1555 4740 καὶ
1582 4687 1755 4757 χωλὸν
1787 4686 1851 4752 εξ

273 4778 442 4849 αὐτῆς
465 4775 573 4832 εἶδε
593 4779 691 4851 τῆς
707 4780 789 4843 εἰς
823 4778 940 4848 φῶς
975 4778 1203 4850 προόδου
1235 4777 1301 4850 (ὣ
1322 4778 1472 4841 θείας
1493 4780 1622 4832 ὲπισ
1633 4796 1698 4832 κο
1713 4778 1843 4848 πῆςι

273 4868 317 4922 ὦ
360 4870 669 4941 παραδόξου
690 4871 966 4941 θαύματος
987 4870 1025 4940 l)
1067 4870 1202 4939 ύγιᾶ
1235 4872 1303 4941 τῇ
1330 4871 1541 4924 ἐκείνου
1571 4872 1847 4943 παρουσίᾳ

274 4962 663 5032 γεγενημένον,
722 4964 821 5017 καὶ
877 4963 1036 5018 ποσὶν
1064 4963 1287 5025 οἰκείοις
1319 4961 1543 5026 ἀλύπως
1585 4962 1704 5034 ἅμα
1751 4966 1848 5019 καὶ

273 5053 536 5123 ἀσφαλῶς
592 5052 892 5126 χρώμενον.
928 5056 1026 5116 ⁸ος
1067 5052 1322 5108 τοσοῦτον
1376 5051 1648 5126 ἐξέπληξε
1716 5055 1843 5118 τοὺς

274 5145 415 5200 κατὰ
474 5147 651 5213 πόλιν,
694 5147 772 5211 ὡς
830 5142 974 5210 εἶναι
1023 5147 1118 5200 καὶ
1172 5147 1317 5216 πέρα
1358 5146 1600 5211 πίστεως
1663 5148 1846 5212 αὐτοῖς

272 5236 332 5289 τὸ
356 5238 747 5310 γεγενημένον,
778 5238 872 5292 καὶ
920 5237 1078 5299 θεοὺς
1118 5238 1329 5294 οἴεσθαι
1381 5240 1510 5302 τοὺς
1549 5240 1843 5310 σφετέρους

273 5328 547 5401 ἀνθρώπῳ
579 5330 678 5401 τὴν
721 5331 850 5388 θέαν
881 5333 1251 5403 ὀμοιωθέντας
1281 5331 1384 5402 τὴν
1421 5331 1578 5385 πόλιν
1609 5348 1841 5403 περιπο-

272 5417 405 5485 λεῖν,
433 5413 508 5474 ὧν
531 5420 695 5492 ἔργον
722 5424 819 5479 καὶ
857 5424 957 5493 τὴν
977 5423 1071 5478 τοῦ
1100 5420 1275 5494 χωλοῦ
1302 5422 1604 5494 θεραπείαν
1629 5423 1844 5493 λογίζει-

344 5598 361 5628 ¹
392 5596 515 5655 Act.
550 5616 661 5656 xw.

1950 2386 2282 2442 aluitautem
2315 2395 2372 2442 et
2396 2387 2651 2454 instituit,
2679 2403 2801 2459 quae
2822 2388 2951 2444 olim
2975 2389 3117 2445 inter
3138 2390 3385 2451 civitates
3422 2394 3525 2450 fuit

1948 2479 2166 2551 inclyta,
2193 2477 2385 2551 Lystra
2411 2495 2428 2536 :
2458 2496 2566 2535 non
2611 2489 2823 2537 tantum
2862 2480 2964 2537 sibi
3005 2484 3224 2552 placens
3261 2486 3328 2541 de
3364 2487 3525 2542 uber—

1948 2581 2059 2628 tate
2100 2581 2154 2627 et
2179 2572 2513 2628 abundantia
2552 2588 2734 2628 rerum
2773 2576 3229 2640 necessariarum.
3262 2589 3522 2648 quantum

1946 2667 2012 2722 de
2043 2667 2146 2722 hac
2174 2667 2357 2736 planta
2385 2667 2542 2735 longe
2565 2667 2908 2733 suavissima,
2952 2677 3005 2723 et
3026 2668 3094 2723 de
3121 2669 3187 2724 iis
3215 2685 3335 2740 qum
3367 2671 3421 2725 in
3457 2686 3525 2727 eo

1947 2758 2212 2825 elllorent,
2275 2759 2496 2814 virtutis
2525 2760 2864 2814 ornamentis
2897 2778 2912 2816 :
2958 2762 3060 2816 etsi
3095 2778 3163 2816 ne
3194 2779 3357 2832 puras
3399 2764 3524 2835 qui-

1947 2849 2070 2904 dem
2097 2858 2151 2905 et
2181 2851 2424 2905 sinceras
2453 2850 2668 2921 generis
2698 2851 2951 2905 habuerit
2997 2852 3243 2918 radices;
3304 2854 3400 2908 sed
3455 2869 3523 2909 ex

1947 2941 2121 3010 spinis
2171 2954 2389 3010 quoque
2438 2940 2776 2996 inﬁdelitatis
2811 2941 3107 3011 plurimum
3145 2943 3396 2998 habuerit
3429 2945 3525 3000 ad-

1949 3032 2194 3088 mistum.
2225 3031 2363 3087 Nam
2396 3042 2514 3087 erat
2534 3032 2750 3103 quidem
2784 3032 2833 3088 ei
2859 3034 2977 3088 avia
3013 3034 3157 3095 Lois,
3189 3035 3385 3089 mulier
3413 3036 3520 3105 pia,

1949 3131 2004 3180 et
2025 3139 2146 3194 quae
2167 3139 2357 3179 revera
2381 3140 2567 3180 curam
2592 3124 2811 3195 gerebat
2834 3125 3049 3181 virtutis
3071 3143 3084 3190 ;
3107 3135 3281 3180 mater
3298 3125 3521 3192 Eunica,

1948 3233 2069 3287 quae
2098 3225 2155 3273 et
2180 3216 2386 3273 Iudaeis
2406 3218 2627 3289 quidem
2666 3218 2794 3272 olim
2835 3218 3011 3274 fuerat
3058 3219 3219 3274 insita
3252 3220 3304 3273 in
3350 3220 3524 3289 pieta-

1950 3318 2084 3374 tem,
2115 3318 2173 3366 et
2196 3310 2252 3366 in
2282 3310 2511 3382 integris
2546 3311 2807 3366 virtutum
2829 3311 3001 3367 hortis
3026 3325 3215 3367 revera
3248 3311 3521 3366 ﬂoruerat.

1950 3401 2111 3457 Pater
2139 3412 2321 3458 autem
2377 3403 2618 3475 gentilis,
2659 3412 2715 3459 et
2761 3405 2815 3458 in
2870 3404 3149 3474 gentilium
3193 3404 3355 3459 rebus
3407 3420 3521 3458 ma-

1950 3495 2098 3549 xime
2121 3495 2376 3564 insignis,
2402 3495 2570 3550 veluti
2599 3496 2872 3565 quoddam
2910 3496 2964 3569 in
3002 3494 3278 3550 frumento
3313 3495 3522 3559 lolium,

1952 3599 2152 3655 nempe
2194 3584 2425 3640 honesto
2473 3593 2528 3639 et
2582 3586 2847 3656 praeclaro
2890 3584 3164 3640 Timothei
3218 3600 3435 3655 genere,
3471 3593 3526 3639 et

1955 3678 2096 3735 rosis
2122 3678 2277 3749 spina
2308 3679 2560 3744 adoatus,
2588 3687 2645 3734 et
2667 3679 2800 3734 vitio
2830 3687 3041 3734 tantum
3072 3679 3322 3749 insignis,
3350 3695 3525 3748 quan-

1956 3780 2070 3828 tum
2091 3771 2197 3827 fuit
2225 3770 2371 3828 illius
2391 3772 2534 3828 illius
2566 3772 2769 3843 pietate
2798 3772 2979 3827 clarus
3005 3781 3060 3828 et
3088 3772 3287 3827 virtute
3313 3772 3526 3826 incom-

1954 3864 2232 3936 parabilis.

2024 3954 2090 4009 ll.
2122 3955 2259 4012 Cum
2285 3963 2439 4011 esset
2454 3964 2636 4011 autem
2661 3954 3037 4011 adhucinl'ans
3058 3953 3399 4019 Timotheus,
3417 3960 3473 4008 et
3495 3967 3528 4007 ιι

1960 4056 2138 4105 matre
2157 4047 2367 4103 Eunica
2394 4049 2474 4115 (1)
2501 4047 2899 4114 institueretur,
2920 4047 3201 4118 gentilium
3235 4055 3290 4101 et
3318 4044 3529 4101 ludam

1955 4157 2077 4198 rum
2135 4155 2378 4197 errorem
2428 4140 2593 4196 simul
2631 4157 2698 4196 ex
2727 4157 2883 4211 aequo
2932 4136 3224 4196 declinavit
3259 4157 3273 4193 :
3310 4148 3365 4193 et
3402 4148 3532 4193 tunc

1957 4231 2168 4287 accedit
2196 4231 2263 4286 ad
2296 4229 2543 4294 Paulum,
2581 4232 2897 4301 prmclaram
2931 4230 3188 4286 Ecclesiae
3218 4231 3425 4296 tubam,
3458 4230 3532 4284 si-

1956 4324 2070 4380 mul
2121 4338 2246 4379 cum
2296 4323 2542 4397 Barnaba
2580 4322 2783 4378 Christi
2840 4323 3113 4393 discipulo
3165 4331 3221 4377 et
3261 4321 3530 4392 apostolo,

1956 4416 2099 4473 sicut
2123 4414 2344 4471 divinus
2373 4415 2551 4470 Lucas
2582 4415 2715 4470 dicit
2744 4415 2801 4469 in
2834 4417 2987 4469 Actis
3021 4417 3074 4482 ¹;
3107 4429 3230 4468 cum
3262 4414 3308 4466 is
3350 4411 3531 4466 venis-

1956 4518 2038 4564 set
2068 4507 2121 4561 in
2153 4507 2498 4579 Lycaoniam,
2532 4522 2654 4576 quae
2700 4517 2784 4563 est
2818 4506 3046 4561 ﬁnitima
3076 4505 3296 4575 quidem
3351 4502 3531 4558 lcenio

1955 4609 2011 4656 et
2040 4598 2250 4665 Derbm,
2282 4612 2350 4651 ex
2381 4597 2535 4652 Pauli
2560 4612 2692 4653 vero
2716 4599 2953 4651 adventu
2984 4607 3236 4666 magnum
3262 4601 3382 4647 erat
3405 4606 3530 4645 con-

1956 4698 2142 4745 secuta
2174 4686 2514 4750 tniraculum,
2545 4694 2603 4742 et
2617 4686 2872 4743 claudum
2901 4685 2970 4740 ab
2996 4685 3116 4755 ipso
3137 4691 3259 4738 ortu
3288 4681 3355 4752 (0
3385 4680 3527 4737 divi-

1953 4798 2082 4838 nam
2127 4781 2532 4838 visitationem!
2582 4796 2616 4836 ο
2692 4778 3011 4836 admirabile
3080 4772 3527 4848 spectaculum!)

1954 4892 2150 4932 sanum
2201 4875 2454 4932 eﬂectum
2489 4874 2636 4929 illius
2690 4872 3004 4944 praesentia,
3045 4879 3101 4927 et
3131 4869 3362 4942 pedibus
3415 4866 3530 4922 suis

1954 4972 2162 5041 absque
2216 4967 2486 5033 molestia,
2518 4976 2571 5022 et
2607 4982 2801 5022 secure
2852 4973 3118 5020 utentem.
3149 4962 3253 5029 Qui
3308 4961 3527 5031 quidem

1955 5080 2070 5127 eos,
2096 5064 2188 5134 qui
2220 5061 2451 5117 erantin
2501 5060 2744 5126 civitate,
2776 5058 2829 5112 in
2863 5066 3066 5112 tantam
3097 5054 3319 5111 adduxit
3352 5052 3527 5109 admi-

1954 5156 2240 5218 rationem,
2272 5162 2333 5207 ut
2363 5162 2508 5208 esset
2537 5152 2618 5207 eis
2656 5151 2706 5206 id
2730 5151 2875 5221 quod
2905 5149 3109 5205 factum
3140 5147 3338 5209 fuerat,
3363 5158 3525 5214 supra

1954 5245 2137 5309 ﬁdem,
2169 5252 2226 5299 et
2253 5258 2382 5298 suos
2424 5243 2554 5298 deos
2592 5242 2967 5297 existimarent
3002 5240 3175 5294 forma
3217 5236 3524 5293 hominibus

1954 5336 2282 5393 assimilatas
2339 5333 2492 5389 obire
2538 5333 2838 5398 civitatem,
2891 5339 2947 5387 et
2989 5346 3179 5388 eorum
3220 5343 3342 5384 esse
3387 5339 3524 5396 opus

1955 5425 2133 5482 claudi
2151 5424 2516 5481 curationem.
2545 5421 2834 5493 Postquam
2859 5430 3063 5489 autem,
3088 5419 3336 5491 quisnam
3354 5420 3519 5478 esset,

341 5759 418 5825 (l)
442 5757 703 5834 Miramur
727 5760 862 5820 duas
890 5763 989 5822 has
1029 5772 1245 5822 sanctas
1282 5764 1516 5822 feminas
1541 5764 1764 5825 Loidcm
1788 5773 1845 5823 et
1882 5763 2149 5834 Euniccn,
2182 5778 2286 5821 nec
2345 5764 2401 5820 in
2430 5762 2762 5830 Graecorum,
2828 5776 2933 5818 nec
2966 5759 3023 5816 in
3060 5754 3381 5814 Latinorum
3412 5748 3519 5808 Fa-

273 5829 373 5885 stis
399 5828 649 5900 reperiri.
