3832 6466
375 508 770 565 cognoverunt,
799 509 850 556 et
879 502 1022 572 quod
1066 504 1164 562 Dei
1196 508 1303 564 vivi
1332 522 1479 568 esset
1521 516 1701 586 potius
1724 530 1943 591 aposto-

373 584 480 648 lus,
523 596 578 642 et
616 588 834 659 horum,
872 595 964 664 qui
995 595 1130 652 falso
1163 599 1440 672 dicuntur,
1473 584 1696 668 deorum
1747 584 1942 672 adver-

372 679 572 742 sarius.
609 682 675 737 ad
709 684 814 740 hoc
843 687 1020 756 ipsum
1056 693 1280 763 missus,
1310 708 1368 753 ut
1397 701 1465 757 ab
1513 719 1700 761 eorum
1756 724 1942 768 errore

370 767 735 828 liberarentur
761 776 1036 846 homines,
1070 792 1126 838 et
1155 789 1298 856 quod
1338 794 1596 861 praedicat
1630 797 1820 867 Deum,
1847 804 1940 874 qui

366 871 476 913 non
502 863 677 919 solum
707 877 884 936 potest
917 875 1190 946 corrigere
1232 882 1366 937 tales
1396 901 1682 956 corporum
1716 894 1938 949 mutila-

366 949 568 1020 tiones,
620 959 716 1013 sed
746 963 909 1016 etiam
946 971 1210 1026 suscitare
1258 989 1540 1046 mortuos;
1577 982 1730 1037 multi
1763 985 1830 1039 ab
1859 1001 1940 1040 er-

366 1055 489 1096 rore
513 1044 830 1106 deﬁcientes
852 1069 1197 1115 accesserunt
1223 1063 1288 1118 ad
1307 1044 1586 1135 pietatem.
1623 1071 1768 1143 Opus
1794 1075 1936 1133 illius

362 1131 629 1203 miraculi,
656 1138 876 1198 fuerunt
903 1148 1066 1202 etiam
1096 1151 1258 1222 hujus
1307 1131 1648 1218 admirabilis
1670 1131 1933 1238 Idiscipuli

360 1234 414 1278 et
457 1231 685 1297 apostoli
723 1249 998 1304 parentes,
1030 1245 1121 1312 qui
1156 1263 1352 1320 magno
1383 1254 1564 1309 studio
1603 1267 1658 1312 et
1691 1259 1940 1328 liberali-4

362 1325 471 1372 tate
494 1319 720 1378 Paulum
742 1326 886 1382 domi
928 1347 1039 1387 sua:
1080 1319 1408 1410 acceperunt
1441 1362 1454 1398 :
1483 1356 1537 1400 et
1561 1350 1780 1418 pietatis
1806 1354 1931 1423 qui-

358 1407 481 1464 dem
516 1412 692 1469 lucem
735 1419 803 1473 ab
851 1437 917 1475 eo
949 1407 1276 1495 habuerunt,
1306 1433 1454 1503 pium
1499 1407 1680 1496 autem
1738 1454 1793 1499 et
1833 1447 1926 1502 Dei

357 1516 626 1560 amantem
659 1509 1024 1583 Timotheum,
1060 1523 1223 1578 veluti
1271 1528 1510 1585 vicissim
1545 1535 1926 1607 reddiderunt,

354 1589 448 1656 qui
473 1601 590 1648 erat
627 1597 806 1655 adhuc
828 1604 1047 1672 juvenis
1075 1621 1130 1665 et
1159 1627 1334 1682 tener,
1381 1629 1432 1675 et
1464 1633 1624 1693 aptus
1647 1627 1713 1682 ad
1751 1631 1926 1685 susci-

354 1679 549 1747 pienda
577 1691 789 1746 semina
809 1695 1051 1764 pietatis,
1097 1708 1242 1774 quod
1268 1679 1647 1779 quidemdicet
1677 1722 1923 1790 apertius

351 1771 559 1830 discere
589 1793 654 1833 ex
688 1781 824 1839 libro
861 1789 1093 1848 Aetuum
1133 1804 1500 1869 apostolorum
1525 1809 1568 1862 ³.
1617 1809 1750 1867 Nam
1795 1832 1917 1870 cum

351 1862 572 1934 Paulus,
609 1871 806 1944 inquit,
842 1884 1017 1941 obiret
1049 1888 1293 1962 Lystram
1318 1907 1372 1952 et
1409 1899 1642 1970 Derben,
1673 1917 1789 1962 erat
1815 1909 1923 1965 illic

349 1955 650 2030 discipulus
678 1971 916 2039 quidan,
939 1982 1160 2038 nomine
1193 1985 1531 2060 Timotheus,
1562 1997 1704 2053 ﬁlius
1729 2001 1923 2057 mulie-

347 2051 424 2106 ris
452 2051 654 2113 Judaere
688 2062 879 2134 ﬁdelis,
913 2072 1082 2138 patris
1124 2086 1305 2133 autem
1335 2051 1571 2151 gentilis.
1611 2088 1747 2144 Huic
1770 2093 1920 2147 testi-

345 2147 586 2203 monium
620 2153 824 2212 bonum
873 2164 1194 2235 reddebant,
1221 2172 1314 2240 qui
1341 2173 1393 2228 in
1429 2175 1638 2248 Lystris
1672 2193 1828 2239 erant
1859 2199 1913 2240 et

346 2237 531 2296 Iconio
556 2242 772 2306 fratres.

412 2329 504 2387 ΠΙ.
559 2335 695 2392 Cum
733 2341 812 2397 sic
839 2359 968 2417 ergo
996 2347 1165 2408 Paulo
1196 2357 1423 2415 traditus
1445 2361 1633 2420 fuisset
1664 2367 1686 2399 ³
1737 2369 1916 2428 Timo-

344 2420 528 2486 theus,
569 2424 716 2484 Patri
753 2435 984 2502 spiritali
1024 2439 1163 2497 ﬁlius
1196 2448 1366 2519 magis
1418 2457 1694 2525 proprius,
1747 2477 1910 2531 quam

337 2515 462 2582 ejus
487 2519 579 2586 qui
613 2533 730 2576 erat
760 2538 916 2594 pater
952 2536 1251 2592 secundum
1289 2557 1532 2609 carnem,
1565 2560 1620 2604 et
1645 2568 1728 2607 ‘ex
1775 2556 1910 2612 civi-

339 2611 448 2658 tate
481 2623 588 2663 una
627 2625 771 2669 esset
800 2631 1151 2690 excessurus,
1181 2629 1249 2683 ab
1269 2645 1335 2685 eo
1355 2633 1764 2699 circumciditur
1785 2663 1910 2717 pro-

340 2702 460 2763 pter
489 2703 749 2770 quosdam
779 2707 1015 2780 Judzeos,
1048 2717 1251 2785 quibus
1279 2722 1435 2792 plena
1463 2740 1578 2785 erat
1608 2702 1825 2803 civitas,
1853 2751 1908 2797 et

333 2789 515 2844 omnia
537 2791 890 2856 circumcirca
928 2821 940 2856 :
974 2808 1232 2874 quoniam
1260 2828 1452 2872 omnes
1479 2821 1729 2881 sciebant
1756 2829 1905 2886 illum

331 2893 450 2932 csse
479 2893 664 2939 natum
696 2896 848 2956 patre
883 2896 1091 2962 gentili.
1135 2900 1314 2971 Atque
1388 2909 1634 2967 civitates
1685 2918 1904 2986 quidem

331 2969 518 3026 obibat
543 2975 745 3034 Paulus
775 2985 1056 3044 seminans
1082 2994 1550 3067 praedicationem,
1601 3008 1907 3066 veritatem-

327 3080 436 3132 que
464 3073 820 3140 annuntians,
848 3087 903 3132 et
928 3094 1121 3139 omnes
1159 3088 1352 3156 spiritu
1373 3107 1724 3165 regeneratus.
1763 3104 1900 3162 Eum

1611 407 1892 472 MENSIS
1924 413 2384 484 JANUARIUS.

3505 448 3622 512 764

1975 529 2015 586 Α
2047 525 2189 582 σθαι.
2235 530 2388 584 Ἐπεὶ
2429 530 2485 586 δὲ
2524 533 2770 602 ἔγνωσαν
2829 541 2979 609 ὅστις
3024 540 3114 620 ἦν,
3179 551 3271 606 καὶ
3330 554 3413 608 ὅτι
3477 560 3620 614 Θεοῦ

2047 621 2245 687 μᾶλλον
2300 624 2516 694 ἀληθῶς
2575 629 2890 700 ἀπόστολος,
2943 639 3037 692 καὶ
3078 639 3186 696 τῶν
3244 645 3620 721 ψευδωνύμων

2043 709 2249 765 τούτων
2307 713 2446 770 θεῶν
2507 719 2804 790 ἀντίθετος,
2847 727 2983 797 πρὸς
3028 733 3160 786 αύτδ
3216 709 3279 803 δέ)
3310 739 3466 794 τοῦτο
3497 709 3619 796 ’ἀπ-

2046 806 2399 876 εσταλμένος,
2426 809 2566 866 ὥστε
2614 817 2710 885 τῆς
2759 819 2940 873 αὐτῶν
2976 823 3183 897 πλάνης
3229 831 3453 898 ῥύεσθαι
3487 838 3619 900 τοὺς

2041 891 2384 964 ἀνθρώπους,
2435 901 2530 953 καὶ
2563 903 2637 966 ὠς
2665 907 2928 978 κηρύττει
2954 912 3108 979 Θεὸν,
3138 891 3198 970 ού
3225 891 3482 986 τοιαύτας
3518 928 3616 994 μό-

2039 1000 2129 1035 νον
2170 987 2446 1057 πηρώσεις
2481 993 2744 1064 ἀνορθοῦν
2777 1003 3067 1070 σωμάτων,
3091 1007 3227 1060 ἀλλὰ
3265 1013 3358 1065 καὶ
3384 1017 3615 1085 νεκροὺς

2037 1077 2262 1148 ἀνιστᾷν
2310 1082 2625 1154 δυνάμενον,
2671 1091 2854 1145 πολλοὶ
2885 1097 2985 1165 τῆς
3026 1099 3240 1170 ἀπάτης
3274 1103 3615 1174 ἀποστάντες

2035 1173 2100 1241 τῇ
2141 1173 2393 1248 εὐσεϐείᾳ
2461 1183 2811 1250 προσέθεντο.
2871 1190 3110 1246 Ἐκείνου
3178 1199 3272 1252 τοῦ
3331 1202 3614 1273 θαύματος

2035 1263 2196 1334 ἔργον
2253 1268 2348 1321 καὶ
2389 1273 2444 1324 αί
2508 1273 2602 1327 τοῦ
2645 1278 2951 1349 θαυμασίου
3024 1287 3179 1342 τοῦδε
3228 1295 3471 1363 μαθητοῦ
3502 1300 3613 1372 ,καὶ

2032 1359 2332 1414 ἀποστόλου
2373 1365 2648 1434 πρόγονοι,
2680 1374 2746 1441 τῇ
2787 1375 2934 1446 οίκίᾳ
2979 1376 3201 1450 θερμῶς
3229 1400 3288 1436 τε
3321 1394 3419 1438 καὶ
3451 1389 3611 1455 φιλο-

2031 1448 2204 1518 τίμως
2265 1454 2357 1506 τὸν
2417 1458 2628 1513 Παῦλον
2665 1448 3096 1536 ὑποδεξάμεναι,
3146 1474 3240 1526 καὶ
3274 1479 3476 1545 φέγγος
3505 1483 3606 1547 μὲν

2029 1541 2307 1610 εὐσεϐείας
2359 1550 2492 1619 παρ’
2525 1552 2695 1607 αὐτοῦ
2727 1556 3011 1624 λαϐοῦσαι,
3053 1565 3216 1617 οἱονεὶ
3241 1566 3296 1619 δὲ
3332 1569 3424 1620 τὸν
3487 1571 3610 1624 θεο-

2027 1633 2156 1705 φιλῆ
2181 1637 2446 1706 Τιμόθεον
2469 1644 2800 1713 ἀντιδοῦσαι,
2835 1651 3031 1722 νεαρὸν
3074 1653 3153 1707 ἔτι
3177 1657 3304 1711 ὄντα
3333 1662 3424 1713 καὶ
3450 1663 3600 1716 ἀπα-

2026 1724 2138 1788 λὺν,
2195 1731 2289 1782 καὶ
2336 1737 2628 1805 σπέρματα
2669 1737 2980 1806 θεοσεϐείας
3014 1745 3319 1817 ἐπιτήδειον
3359 1757 3606 1824 παραδει-

2026 1816 2239 1882 ξασθαι,
2275 1822 2411 1894 ὅπερ
2449 1821 2540 1879 οὖν
2586 1831 2680 1881 καὶ
2728 1832 2821 1884 ἀπ’
2854 1834 3023 1905 αύτῆς
3061 1854 3163 1890 που
3199 1840 3606 1913 εύσαφέστερόν

2026 1909 2140 1962 ἔστι
2169 1912 2360 1982 μαθεῖν
2405 1918 2503 1986 τῆς
2543 1921 2651 1973 τῶν
2684 1922 2941 1989 Πράξεων
2995 1928 3201 1998 βίϐλου.
3230 1909 3598 1992 ΤοῦΫΠαύλου

2024 1999 2152 2068 γὰρ,
2186 2002 2338 2071 φησὶ,
2364 2005 2462 2078 τὴν
2511 2009 2759 2080 Λύστραν
2793 2017 2888 2068 καὶ
2917 2017 3127 2089 Δέρϐην
3162 2024 3498 2093 περιιόντος,
3522 2023 3602 2097 ἦν

2023 2089 2142 2142 ὲκεῖ
2172 2091 2419 2165 μαθητὴς
2443 2097 2668 2168 ὀνόματι
2701 2102 2986 2172 Τιμόθεος,
3018 2111 3132 2172 υίὸς
3167 2089 3425 2178 γυναικὸς
3459 2089 3601 2170 Ἶούο

2023 2174 2179 2241 δαίας
2199 2182 2417 2252 πιστῆς,
2449 2187 2655 2258 πατρὸς
2686 2187 2741 2242 δὲ
2779 2191 3062 2263 Ἕλληνος.
3099 2174 3195 2262 Ὃς
3227 2174 3601 2276 ἐμαρτυρεῖτο

2020 2267 2124 2320 ὑπὸ
2153 2271 2262 2324 τῶν
2295 2275 2353 2327 ὲν
2385 2276 2610 2350 Λύστρᾳ
2642 2281 2734 2334 καὶ
2771 2284 2976 2358 Ἰκονίῳ
3013 2267 3276 2358 ἀδελφῶνξ

2088 2359 2162 2415 Γ’.
2195 2361 2351 2416 Οὕτω
2376 2371 2665 2439 τοιγαροῦν
2698 2373 3059 2444 ἐγχειρισθεὶς
3100 2380 3178 2450 τῷ
3201 2383 3398 2458 Παύλῳ
3425 2389 3598 2460 Τιμό-

2017 2450 2157 2518 θεος,
2192 2457 2366 2527 πατρὶ
2406 2465 2761 2536 πνευματικῷ
2790 2471 2918 2532 παῖς
2949 2471 3083 2525 πολὺ
3124 2475 3217 2527 τοῦ
3237 2480 3380 2532 κατά
3410 2483 3592 2552 σάρκα

2015 2546 2224 2617 πατρὸς
2293 2531 2642 2624 οίκειότερος,
2687 2531 2782 2611 καὶ
2821 2565 3131 2634 συναπᾶραι
3180 2567 3389 2635 μέλλων
3438 2574 3591 2645 αὐτῷ

2012 2635 2109 2704 τῆς
2141 2637 2373 2703 πόλεως,
2420 2645 2812 2716 περιτέμνεται
2846 2650 2938 2704 ὑπ’
2983 2654 3149 2709 αὑτοῦ
3183 2657 3274 2712 διὰ
3293 2662 3422 2726 τοὺς
3459 2635 3588 2718 ‘lou;

2009 2726 2211 2794 δαίους,
2254 2725 2329 2786 ὧν
2369 2734 2400 2805 ἡ
2455 2737 2611 2802 πόλις
2654 2741 2776 2794 τότε
2805 2744 2899 2796 καὶ
2939 2747 3008 2798 τὰ
3039 2749 3168 2820 περὶ
3200 2752 3372 2826 αὐτὴν
3403 2725 3588 2813 πάντα

2009 2821 2352 2893 πεπλήρωτο,
2390 2827 2514 2881 ἐπεὶ
2547 2834 2639 2884 καὶ
2692 2834 2890 2898 πάντες
2917 2838 3112 2893 ἐκεῖνοι
3137 2821 3338 2913 ᾔδεσαν
3369 2847 3445 2912 ὡς
3472 2850 3581 2918 ἄρα

2009 2913 2268 2986 Ἕλληνος
2321 2919 2407 2988 εἴη
2444 2924 2673 2995 πατρός.
2704 2926 2926 3000 Περιῂει
2957 2933 3055 3002 μὲν
3079 2934 3170 2988 οῦν
3209 2938 3307 3003 τὰς
3335 2913 3524 3007 πόλεις
3555 2948 3583 2998 ὁ

2006 3005 2220 3071 Παῦλος
2245 3008 2306 3062 τὸ
2327 3012 2589 3084 κήρυγμα
2629 3023 3037 3091 κατασπείρων,
3079 3029 3170 3080 καὶ
3195 3029 3292 3101 τὴν
3319 3005 3584 3103 ἀλήθειαν

2004 3103 2412 3172 καταγγέλλων,
2457 3111 2550 3162 καὶ
2589 3110 2903 3180 ἀναγεννῶν
2933 3119 3141 3184 πάντας
3163 3122 3240 3193 τῷ
3272 3125 3575 3198 Πνεύματι.

326 3167 508 3214 autem
530 3172 968 3237 consequebatur
987 3176 1128 3232 sicut
1156 3182 1308 3237 stella
1330 3187 1495 3242 solem
1527 3191 1848 3253 Timotheus
1887 3219 1899 3256 :

326 3253 594 3289 And-mn...
627 3263 842 3289 num-..
882 3283 904 3289 -
945 3285 1036 3289 --μ
1117 3275 1170 3289 -.ι

2007 3167 2299 3248 Συνείπετο
2331 3167 2408 3250 δὲ,
2435 3200 2584 3272 αύτῷ
2611 3167 2862 3277 καθάπερ
2908 3209 3084 3280 ἀστὴρ
3115 3167 3254 3287 ᾖ).ιῷ
3285 3167 3577 3289 Τιμόθεος,

326 3253 596 3314 deductus
625 3263 844 3330 quidem
879 3283 908 3322 a
943 3275 1279 3344 parentibus,
1333 3296 1522 3339 eorum
1574 3299 1753 3346 autem
1807 3310 1902 3352 cor

325 3357 432 3397 non
458 3347 688 3405 obscure
722 3356 972 3413 saucians
997 3373 1222 3432 propter
1270 3384 1458 3440 separa
1476 3376 1702 3436 tionem.
1732 3381 1901 3450 Quid-

323 3436 380 3490 ni
412 3440 582 3505 enim,
612 3460 736 3500 cum
760 3462 943 3505 essent
968 3467 1224 3523 parentes
1253 3463 1374 3520 talis
1408 3466 1524 3535 ﬁlii,
1556 3479 1611 3526 et
1641 3474 1734 3544 qui
1779 3492 1898 3533 sca-

325 3529 471 3586 tebat
499 3542 608 3590 tam
639 3542 790 3595 suavi
823 3541 955 3602 ﬁere
985 3549 1250 3608 virtutis?
1275 3555 1397 3626 Ipse
1435 3577 1562 3618 vero
1606 3581 1672 3621 ex
1703 3585 1895 3629 eorum

319 3622 662 3692 sejunctione
689 3634 828 3690 nibil
869 3637 1018 3696 visus
1047 3653 1130 3698 est
1159 3622 1320 3712 allici,
1363 3653 1454 3707 sed
1493 3659 1894 3725 quodammodo

319 3713 472 3771 Pauli
513 3719 786 3781 desiderio
839 3742 1133 3805 contegere
1185 3753 1338 3795 suam
1375 3744 1429 3798 in
1475 3713 1729 3816 parentes
1760 3756 1894 3811 aﬁ'e-

315 3809 575 3876 etionem,
615 3824 668 3870 et
689 3822 980 3878 ostendere
1007 3826 1058 3881 id
1083 3833 1315 3888 naturali
1360 3842 1685 3899 necessitate
1729 3846 1890 3918 longe

315 3911 438 3952 esse
469 3902 762 3963 valentius.
797 3908 931 3968 llinc
957 3915 1011 3970 in
1049 3917 1349 3980 litterarum
1387 3929 1673 4002 disciplina
1697 3938 1765 3992 ab
1799 3939 1889 3995 illo

313 3988 636 4061 instituitur,
683 3998 852 4070 ﬁtque
889 4005 939 4060 ei
990 4013 1421 4084 contubernalis,
1453 4033 1508 4076 et
1544 4027 1768 4084 omnino
1815 4031 1888 4085 si-

311 4083 424 4136 mul
456 4099 580 4140 eum
611 4103 676 4144 eo
692 4091 928 4151 vivebat.
963 4098 1170 4159 Deinde
1216 4107 1336 4176 ejus
1374 4127 1589 4184 quoque
1623 4118 1886 4178 diaconus

309 4175 680 4249 constituitur,
722 4195 776 4239 et
816 4189 884 4243 ad
936 4197 1299 4260 apostolatum
1332 4205 1706 4274 conﬁrmatur,
1739 4215 1884 4281 peri-

306 4266 553 4325 culorum
579 4282 742 4346 atque
774 4277 1019 4338 laborum
1050 4287 1282 4346 eﬁ‘ectus
1312 4296 1497 4352 socius
1521 4307 1576 4354 et
1605 4301 1738 4358 nihil
1766 4320 1881 4360 om-

305 4357 438 4414 nino
471 4361 769 4435 impeditus
797 4375 868 4429 ab
907 4379 1087 4435 aetatis
1122 4384 1508 4453 teneritudine,
1555 4407 1664 4462 quo
1700 4397 1880 4454 minus

1233 4436 1508 4453 "me---"
1557 4436 1662 4462 .,-..

222 4436 230 4446 ’
303 4451 583 4510 resisteret
633 4459 911 4520 laboribus
953 4485 967 4526 :
1005 4471 1100 4525 sed
1131 4487 1449 4542 generosam
1486 4481 1750 4540 inducens
1783 4505 1871 4543 vo-

301 4541 587 4617 luntatem,
618 4569 740 4624 qua:
767 4564 925 4614 aetate
961 4561 1083 4630 plus
1123 4541 1376 4634 poterat;
1440 4573 1578 4626 adeo
1634 4586 1692 4631 ut
1745 4580 1872 4636 blllli

298 4635 416 4705 ejus
442 4641 608 4698 animi
649 4657 703 4700 et
732 4649 946 4718 piorum
971 4667 1199 4722 operum
1235 4669 1427 4716 testem
1458 4664 1634 4732 ipsum
1659 4669 1869 4725 habue-

291 4729 361 4782 rit
393 4736 734 4808 magistrum,
760 4742 840 4798 sic
865 4744 1140 4800 dicentem
1175 4767 1189 4802 :
1222 4749 1431 4819 Videte,
1463 4772 1529 4810 ne
1545 4758 1666 4827 quis
1693 4761 1866 4830 ipsum

289 4832 605 4886 contemnat
641 4833 683 4889 ι.
732 4831 888 4907 Opus
935 4838 1084 4892 enim
1131 4839 1344 4897 Domini
1390 4855 1842 4916 operatur,-sicu

285 4928 403 4986 ego.

355 5181 446 5236 lV.
477 5181 614 5238 Cum
661 5194 843 5240 autem
876 5187 940 5243 ad
977 5198 1181 5246 tantam
1215 5165 1555 5264 perve‘ntsset
1579 5201 1859 5272 virtutem,

280 5283 336 5326 et
365 5281 576 5329 tantum
608 5275 690 5333 eis
727 5287 919 5334 testem
953 5283 1314 5353 adhibuisset,
1367 5305 1478 5344 non
1527 5292 1614 5348 hic
1656 5297 1853 5363 solum,

2003 3277 2466 3360 προπεμπόμενος
2504 3294 2604 3363 μὲν
2655 3297 2759 3352 ὑπὸ
2783 3317 2892 3355 των
2917 3277 3206 3373 τεκόντων,
3226 3277 3496 3380 ’πλήττων

2000 3378 2180 3433 αὐτῶν
2220 3381 2321 3436 οὐκ
2369 3385 2582 3454 ἀδήλως
2620 3389 2722 3460 τὴν
2773 3393 3003 3464 καρδίαν
3035 3396 3130 3450 ἐπὶ
3170 3397 3248 3470 τῷ
3275 3378 3570 3473 χωρισμῷ.

1999 3471 2110 3524 Καὶ
2149 3472 2266 3537 πῶς
2309 3474 2418 3546 γὰρ
2459 3477 2559 3532 οὐκ
2609 3479 2836 3551 ἔμελλον
2892 3490 3128 3561 πατέρες
3181 3491 3335 3556 ὄντες
3361 3471 3572 3560 ῦπαιδδς

1996 3563 2260 3630 τοιούτου,
2303 3568 2397 3620 καὶ
2418 3566 2591 3635 οῦτως
2621 3572 2820 3646 ἡδίστῳ
2844 3577 2945 3647 τῆς
2969 3579 3172 3650 ἀρετῆς
3195 3582 3344 3638 ἄνθει
3377 3585 3570 3659 βρύον-

1994 3669 2119 3720 τος;
2154 3656 2326 3721 Αὐτὸς
2379 3659 2438 3712 δὲ
2476 3663 2610 3734 πρὸς
2667 3665 2766 3736 τὴν
2828 3669 3055 3725 ἐκείνων
3101 3673 3388 3730 διάστασιν
3415 3656 3570 3734 οὐδὲν

1995 3747 2188 3812 ἐοικὼς
2244 3751 2495 3822 πάσχειν,
2537 3756 2652 3810 ἀλλ’
2706 3759 2894 3833 ὥσπερ
2915 3767 3030 3828 τοῖς
3068 3766 3163 3819 τοῦ
3198 3769 3415 3824 Παύλου
3447 3772 3565 3842 ἱμέ-

1995 3853 2112 3905 ροις
2144 3839 2244 3910 τὴν
2274 3843 2410 3914 πρὸς
2444 3846 2573 3910 τοὺς
2619 3849 2878 3915 τέκοντας
2905 3856 3272 3926 ἀποκρύπτων
3309 3864 3562 3934 στοργήν,

1992 3929 2080 3980 καὶ
2101 3930 2364 3986 δεικνύων
2404 3935 2607 4002 αὐτοὺς
2659 3942 2841 4012 πολλῷ
2885 3951 3118 4019 φυσικῆς
3141 3951 3386 4019 ἀνάγκης
3417 3955 3566 4024 ίσχυο

1995 4022 2274 4092 ροτέρους.
2331 4025 2614 4083 Ἐντεῦθεν
2668 4034 2806 4102 πρὸς
2841 4036 3079 4105 μάθησιν
3101 4045 3448 4113 γραμμάτων
3473 4047 3564 4100 ὑπ’

1991 4112 2186 4184 ἐκείνῳ
2241 4117 2672 4187 παιδαγωγετται
2694 4164 2709 4190 ,
2758 4125 2852 4178 καὶ
2882 4128 3093 4194 γίνεται
3120 4131 3391 4201 σύσκηνος
3414 4137 3560 4207 αὐτῷ

1987 4205 2082 4256 καὶ
2103 4205 2162 4257 τὸ
2185 4208 2294 4260 πᾶν
2340 4211 2667 4277 ὁμοδίαιτος.
2739 4212 2871 4270 Εἶτα
2923 4221 3018 4272 καὶ
3073 4221 3322 4287 διάκονος
3369 4205 3559 4280 τούτου

1985 4284 2328 4366 καθίσταται,
2375 4303 2469 4355 καὶ
2501 4305 2638 4375 πρὸς
2665 4305 2762 4379 τὴν
2787 4309 3092 4381 ἀποστολὴν
3128 4315 3556 4398 ἐπιρῤὡνυνδσται,

1983 4391 2256 4447 κοινωνῶν
2297 4394 2448 4466 αὐτῷ
2477 4398 2570 4450 καὶ
2597 4398 2877 4465 κινδύνων,
2906 4404 2999 4456 καὶ
3029 4407 3313 4475 καμάτων,
3349 4409 3444 4460 καὶ
3466 4409 3554 4462 πό-

1980 4502 2088 4538 νων
2110 4502 2122 4516 ’
2147 4487 2244 4540 καὶ
2303 4489 2470 4559 μηδὲν
2527 4491 2665 4556 ὅλως
2693 4495 3120 4566 ἐμποδιζόμενος
3155 4500 3259 4553 ὑπὸ
3280 4501 3375 4554 τοῦ
3409 4501 3550 4554 ἀπα-

1980 4572 2071 4626 λοῦ
2098 4575 2198 4645 τῆς
2254 4577 2506 4648 νεότητος
2566 4582 2702 4651 πρὸς
2737 4584 2836 4654 τὴν
2863 4586 2969 4638 τῶν
2998 4587 3176 4641 πόνων
3205 4591 3550 4657 ἀντιτυπίαν,

1976 4666 2093 4720 ἀλλ’
2166 4669 2449 4737 εὐγένειαν
2511 4676 2886 4746 προαιρέσεως
2935 4680 3273 4748 ἀντεισάγων
3333 4684 3551 4752 ἡλικίας

1974 4753 2197 4808 πλείονα
2231 4757 2722 4832 δυναμένην,ὦστε
2763 4767 2856 4819 καὶ
2898 4771 3148 4840 μάρτυρα
3179 4771 3279 4840 τῆς
3336 4773 3549 4842 ἀγαθῆς

1969 4846 2177 4916 ταύτης
2209 4848 2438 4920 γνώμης
2459 4867 2474 4884 ⁸
2515 4854 2608 4906 καὶ
2640 4854 2748 4908 τῶν
2769 4856 2944 4926 ἔργων
2967 4859 3076 4912 τῶν
3107 4862 3349 4913 εὐσεϐῶν
3387 4864 3548 4917 αὐτὸν

1970 4937 2275 5006 κτήσασθαι
2331 4939 2426 4993 τὸν
2471 4941 2791 4998 διδάσκαλον
2842 4947 2986 5000 οὕτω
3025 4949 3275 5017 λέγονταο
3315 4951 3545 5007 Βλέπετε

1967 5027 2039 5097 μή
2070 5044 2152 5090 τις
2180 5029 2342 5083 αὑτὸν
2374 5029 2728 5106 ἐξουδενὼσῃ·
2773 5037 2834 5090 τὸ
2869 5038 2977 5109 γάρ
3006 5038 3168 5111 ἔργον
3216 5041 3311 5095 τοῦ
3343 5043 3544 5114 Κυρίου

1993 5119 2254 5187 ργάξεται
2277 5120 2354 5184 ὡς
2387 5125 2562 5191 κάγώ.
2989 5173 2996 5180 -

2039 5209 2113 5262 Δ’.
2149 5212 2244 5275 Εἰς
2299 5212 2458 5267 τοῦτο
2491 5214 2545 5268 δὲ
2569 5217 2772 5287 ἀρετῆς
2830 5219 3045 5289 ἐλάσας,
3081 5225 3176 5278 καὶ
3217 5225 3541 5296 τηλικοῦτον

1963 5302 2220 5374 μάρτυρα
2263 5305 2471 5377 ταύτης
2510 5312 3040 5380 πεποιημένος,ούκ
3083 5316 3320 5370 ἐνταῦθα
3357 5319 3537 5388 μόνον.

282 5363 379 5418 sed
401 5364 565 5420 etiam
597 5366 652 5422 in
676 5369 865 5425 multis
882 5373 1004 5428 aliis
1034 5375 1187 5432 locis.
1208 5377 1342 5432 Nam
1375 5397 1393 5430 ι
1422 5379 1582 5436 Modo
1609 5385 1852 5453 quidem,

282 5455 452 5483 :nn--:O
510 5459 754 5483 n--2l.-__
815 5480 828 5483 -
861 5465 873 5483 ι
909 5465 970 5483 n,
1020 5467 1030 5478 ο
1080 5469 1114 5483 ,ι
1143 5469 1154 5480 ο
1268 5470 1304 5483 n
1383 5473 1393 5483 .
1494 5475 1511 5483 -
1663 5477 1672 5483 .
1713 5477 1724 5483 -
1835 5479 1847 5483 -

2007 5363 2088 5447 tit-ﬁ
2133 5363 2230 5449 καὶ
2271 5363 2506 5469 metiri-3
2564 5363 2917 5474 110112106";
2948 5407 3059 5461 Νῦν
3111 5409 3210 5478 μὲν
3239 5363 3536 5483 rapienti

280 5455 457 5525 inquit
509 5459 758 5518 scribens
809 5465 875 5519 ad
907 5465 1224 5524 Corinthios
1266 5470 1465 5528 Paulus
1492 5475 1535 5540 ⁸,
1605 5477 1725 5532 misi
1782 5479 1848 5532 ad

282 5563 378 5602 vos
405 5549 753 5608 Timotheum
789 5556 1012 5613 fratrem
1041 5575 1247 5625 meum,
1275 5564 1366 5633 qui
1419 5575 1501 5620 est
1529 5567 1670 5622 ﬁlius
1697 5585 1850 5624 meus

279 5638 510 5696 dilectus
548 5652 604 5699 et
646 5646 819 5703 ﬁdelis
861 5649 912 5704 in
945 5651 1191 5718 Domino,
1226 5655 1318 5725 qui
1364 5657 1516 5712 vobis
1547 5658 1601 5711 in
1645 5677 1849 5715 memo-

357 5823 379 5856 ³
401 5824 524 5884 Act.
553 5845 666 5900 ινι,
698 5832 750 5888 1.
828 5837 846 5869 ³
879 5836 1016 5908 Ibid,
1051 5856 1106 5907 Il,
1136 5841 1185 5894 5.

1959 5483 2265 5552 Κορινθίοις
2317 5488 2544 5558 γράφων
2583 5492 2612 5542 ὁ
2659 5492 2890 5560 Παῦλος,
2941 5495 3161 5566 ἔπεμψα
3205 5499 3333 5568 ὑμῖν
3377 5502 3535 5571 Τιμόσ

1960 5572 2081 5626 θεον
2141 5575 2232 5629 τὸν
2283 5579 2510 5651 ἀδελφόν
2561 5600 2683 5652 μου,
2742 5586 2799 5649 ὅς
2850 5588 2966 5642 ἐστι
3012 5589 3204 5643 τέκνον
3266 5608 3371 5660 μου
3397 5596 3536 5660 -ἀγα-

1959 5667 2129 5737 πητὸν
2167 5673 2258 5724 καὶ
2298 5675 2487 5728 πιστὸν
2514 5678 2569 5732 ὲν
2606 5679 2812 5752 Κυρίῳ,
2855 5681 2910 5745 ὃς
2937 5682 3078 5752 ὑμᾶς
3111 5683 3416 5755 ἀναμνήσει
3441 5685 3536 5748 τὰς

1267 5841 1287 5872 ⁵
1323 5843 1342 5896 Ι
1396 5842 1518 5896 Cor.
1567 5845 1674 5897 xvi.
1755 5846 1814 5899 ³⁸1
1849 5846 1973 5904 Cor.
2015 5852 2201 5918 ιι·,1“1.
