3832 6486
164 407 293 472 ’165

1428 407 1607 471 VITA
1644 408 1707 471 S.
1744 410 2087 475 TIMOTHE
2098 415 2139 476 l.

3307 408 3414 471 7m

158 519 314 582 δδιύς
345 517 450 590 μὸἷι
492 518 592 583 τὰς
622 518 679 573 ἐν
707 514 949 590 Χριστῷ.
988 537 1007 570 ι
1030 519 1140 573 Καὶ
1162 519 1347 575 πάλιν*
1387 539 1407 573 ι
1454 522 1580 576 Ἐὰν
1610 523 1739 597 ἔλθῃ

1846 530 1979 585 riam
2011 531 2219 603 rediget
2246 531 2358 585 vias
2384 544 2531 586 meas
2562 528 2616 584 in
2634 528 2904 586 Christo.)
2930 528 2999 583 Et
3026 526 3241 583 rursus“
3273 543 3288 581 :
3325 524 3415 579 «Si

156 610 446 682 Τιμόθεος,
502 610 729 684 βλέπετε
758 610 844 663 ἵνα
874 609 1090 678 ἀφόϐως
1115 611 1345 683 γένηται
1371 613 1507 682 πρὸς
1528 615 1692 685 ὑμᾶς.
1714 633 1736 669 ι

160 702 276 757 Νῦν
296 701 355 755 δέ
378 703 472 756 καὶ
496 701 879 771 Φιλιππησίοις
899 702 1251 768 ἐπιστέλλων,
1274 703 1532 758 κοινωνὸν
1568 705 1735 760 αὐτὸν

158 797 397 850 ποιεῖται
450 795 764 867 ἐπιγραφῆς
794 812 811 828 ·
855 813 875 847 ‹
897 794 1109 859 Παῦλος
1132 794 1228 850 {at
1278 795 1541 867 Τιμόθεος
1564 797 1740 852 δοῦλοι

171 887 354 956 Ἰησοῦ
386 887 647 957 Χριστοῦ.
674 904 693 939 ι
723 888 832 941 Καὶ
850 886 975 958 ἑξῆς
990 888 1090 957 τῆς
1116 887 1426 958 ἐπιστολῆςο
1465 907 1485 941 ι
1506 889 1742 954 Ἐλπίζω

161 976 219 1029 δὲ
262 977 321 1028 ἐν
351 975 541 1046 Κυρίῳ
593 977 859 1045 Τιμόθεον
904 977 1117 1046 ταχέως
1162 977 1377 1047 πέμψαι
1440 979 1591 1048 ὑμῖν,
1654 980 1742 1032 ἴνα

163 1067 321 1137 κάγὼ
371 1067 615 1139 εὐψυχῶ,
660 1069 827 1137 γνοὺς
855 1068 926 1122 τὰ
961 1069 1090 1141 περὶ
1152 1069 1327 1139 ὑμῶν.
1383 1070 1586 1123 Οὐδένα
1632 1070 1741 1142 γὰρ

161 1162 274 1231 ἐχω
335 1160 611 1230 ἰσόψυχον,
665 1160 815 1224 ὅστις
848 1161 1090 1231 γνησίως
1127 1161 1197 1214 τὰ
1228 1160 1357 1231 περὶ
1386 1160 1540 1230 ὑμῶν
1583 1177 1741 1233 μερι-

165 1256 384 1323 μνήσει.
426 1271 444 1305 ι
480 1253 699 1322 Συνῳδά
745 1253 801 1306 δέ
845 1252 1056 1316 τούτοις
1108 1253 1202 1306 καὶ
1246 1252 1738 1308 Θεσσαλονικεῦσιο

169 1368 188 1398 ι
208 1347 424 1410 Παῦλος
452 1346 549 1401 καὶ
581 1347 845 1418 Τιμόθεος
895 1347 1071 1401 δοῦλοι
1116 1348 1289 1417 Ἰησοῦ
1336 1348 1598 1420 Χριστοῦ,
1627 1367 1645 1400 ι
1672 1351 1738 1421 τῇ

159 1436 265 1505 τῆς
306 1435 619 1505 ἐπιγραφῆς
689 1436 786 1490 καὶ
846 1434 1080 1489 ἐνταῦθα
1138 1437 1395 1510 κοινωνίᾳ
1449 1438 1690 1506 τιμήσας
1722 1452 1737 1467 °

167 1545 187 1578 ι
219 1525 487 1596 Ἔπεμψα
525 1526 655 1593 ὑμῖν
680 1525 945 1595 Τιμόθεον
964 1527 1056 1580 τὸν
1078 1527 1305 1597 ἀδελφὸν
1335 1529 1366 1598 ἡ
1375 1527 1491 1598 μῶν
1517 1529 1609 1581 καὶ
1630 1527 1744 1580 διά-

160 1634 322 1672 κονον
344 1617 503 1682 Θεοῦ,
537 1619 628 1672 καὶ
645 1618 906 1688 συνεργὸν
937 1620 994 1674 ἐν
1015 1620 1094 1691 τῷ
1133 1619 1453 1691 Εύαγγελίῳ
1478 1619 1570 1674 τοῦ
1601 1621 1738 1692 Χρι-

161 1710 292 1764 στοῦ
305 1712 388 1774 είς
404 1710 463 1763 τὸ
481 1710 730 1779 στηρίξαι
746 1712 839 1764 καὶ
856 1712 1232 1780 παρακαλέσαι
1246 1729 1312 1764 πε
1323 1713 1374 1783 ρὶ
1389 1713 1488 1784 τῆς
1506 1711 1742 1778 πίστεως

159 1803 344 1872 ἡμῶν,
368 1801 463 1854 τοῦ
488 1801 691 1872 μηδένα
714 1802 993 1856 σαίνεσθαι
1010 1804 1068 1857 ἐν
1084 1805 1205 1867 ταῖς
1225 1802 1437 1874 θλίψεσι
1457 1806 1735 1867 ταύταις.»

1842 623 2053 678 venerit
2084 622 2429 688 Timotheus,
2482 622 2665 678 videte
2690 630 2749 677 ιιι
2784 622 2905 676 sine
2955 629 3102 675 metu
3155 618 3228 674 sit
3272 617 3414 686 apud

1840 729 1955 770 vos.
1971 732 1990 765 ι
2021 714 2177 769 Modo
2197 721 2378 769 autem
2403 713 2470 769 ad
2491 712 2889 783 l’hilippenses'
2912 725 3129 781 quoque
3148 709 3412 774 scribens,

1840 806 2056 860 asciscit
2076 803 2284 859 socium
2308 803 2681 873 inscriptionis
2713 820 2726 857 :
2753 822 2771 854 ι
2801 801 2999 856 Paulus
3016 809 3072 855 et
3089 799 3417 854 Timotheus

1841 894 1980 950 servi
2026 893 2153 949 Jesu
2176 893 2377 948 Christi
2421 911 2470 946 ι.
2505 890 2572 945 Et
2612 891 2870 959 deinceps
2920 895 3315 957 consequenter
3360 886 3415 940 in

1843 984 2086 1055 Epistola
2126 1006 2137 1040 :
2174 1003 2193 1037 ι
2221 984 2395 1054 Spero
2428 993 2611 1038 autem
2642 984 2696 1038 in
2717 984 2947 1037 Domino
2964 979 3415 1045 me1Tiniotbeum

1841 1078 1949 1133 cito
1984 1078 2049 1131 ad
2081 1091 2178 1132 vos
2212 1077 2528 1141 missurum,
2566 1085 2626 1131 ut
2653 1084 2709 1130 et
2740 1090 2842 1145 ego
2883 1074 3029 1128 bono
3058 1070 3244 1125 animo
3288 1068 3413 1130 sim,

1841 1168 2076 1239 cognitis
2100 1184 2221 1238 quae
2243 1169 2387 1223 circa
2418 1183 2514 1223 vos
2564 1175 2711 1222 sunt.
2749 1165 3032 1221 Neminem
3061 1163 3209 1216 enim
3241 1158 3416 1215 habeo

1842 1271 1949 1317 tam
1975 1261 2305 1327 unanimem,
2341 1263 2431 1331 qui
2463 1260 2673 1316 sincere
2696 1275 2791 1330 pro
2823 1257 2976 1312 vobis
2996 1256 3065 1311 sit
3091 1253 3408 1309 sollicitus.»

1842 1355 1938 1411 His
1976 1370 2110 1410 vero
2156 1354 2511 1426 congruentia
2541 1354 2732 1408 scribit
2768 1352 2936 1406 etiam
2967 1350 3034 1404 ad
3066 1345 3418 1402 Thessaloni-

1842 1448 2100 1503 censcs':
2126 1464 2146 1499 ι
2165 1445 2366 1502 Paulus
2394 1454 2450 1501 et
2471 1444 2792 1499 Timotheus
2813 1444 2956 1499 servi
2975 1441 3104 1496 Jesu
3127 1438 3354 1500 Christi,
3390 1454 3410 1488 ι

1840 1551 1967 1592 eum
1998 1536 2086 1591 hic
2118 1550 2335 1605 quoque
2380 1534 2657 1590 honorans
2696 1533 2959 1590 societate
2989 1527 3366 1598 inscriptionis
3395 1542 3411 1580 :

1849 1645 1868 1679 ι
1900 1628 2017 1683 Misi
2051 1628 2115 1683 ad
2147 1643 2243 1684 vos
2269 1627 2616 1683 Timotheum
2643 1625 2863 1681 fratrem
2893 1630 3139 1678 nostrum
3169 1628 3225 1676 et
3253 1619 3416 1674 mini-

1844 1729 2018 1775 strum
2048 1720 2166 1788 Dei,
2187 1728 2244 1775 et
2270 1727 2677 1790 cooperatorem
2702 1719 2757 1772 in
2783 1715 3072 1786 Evangelia
3096 1711 3225 1767 Jesu
3255 1709 3383 1765 Chri
3402 1739 3417 1755 ο

1846 1810 2018 1876 sti,ad
2047 1811 2445 1867 conﬁrmandos
2475 1826 2574 1866 vos
2602 1819 2657 1865 et
2679 1807 3047 1864 exhortandos
3072 1820 3171 1875 pro
3197 1803 3299 1857 fide
3317 1817 3407 1858 no-

159 1892 274 1945 Καὶ
325 1891 562 1962 ἀλλαχοῦ
581 1908 595 1924 ο
660 1911 679 1944 ι
705 1891 816 1965 Τὴν
850 1892 906 1946 δὲ
932 1893 1163 1964 δοκιμὴν
1193 1896 1360 1949 αὐτοῦ
1413 1894 1736 1965 γινώσκετε,

1846 1909 2042 1964 strn,et
2060 1917 2221 1957 nemo
2245 1910 2529 1957 moveatur
2561 1901 2616 1956 in
2646 1900 2766 1956 istis
2799 1897 3185 1954 afﬂictionibus
3204 1896 3269 1945 δ’.
3299 1914 3318 1947 ι
3347 1892 3416 1948 Et

158 1985 245 2037 ὅτι
269 1982 347 2046 ὡς
384 1983 552 2053 πατρὶ
620 1983 809 2038 τέκνον
859 1985 957 2037 σὺν
1006 1984 1133 2054 ἐμοὶ
1182 1985 1497 2040 ἐδούλευσεν
1543 1987 1625 2051 είς
1669 1986 1733 2041 τὸ

161 2072 502 2142 Εὑαγγέλιον
521 2090 537 2106 ο
561 2093 580 2127 ι
624 2073 910 2146 μάρτυρας
925 2073 1213 2139 κάκείνους
1233 2077 1394 2130 οίονελ⁸
1417 2076 1517 2148 τῆς
1537 2076 1742 2147 ἀρετῆς

157 2167 256 2220 τοῦ
280 2165 552 2237 Τιμοθέου
617 2165 1086 2237 παραλαμϐάνων.
1131 2169 1367 2222 Ἔπειτα
1394 2168 1450 2222 δέ
1484 2168 1580 2223 καὶ
1604 2169 1744 2238 πρὸς

159 2261 502 2323 Κολασσαεῖς
524 2276 540 2292 ο
613 2278 632 2312 ι
661 2259 870 2324 Παῦλος
918 2260 1220 2325 ἀπόστολος
1282 2260 1458 2332 Ἰησοῦ
1498 2244 1745 2335 Χριστοῦ

158 2352 250 2407 διὰ
268 2352 576 2425 θελήματος
606 2352 766 2421 Θεοῦ,
796 2354 891 2407 καὶ
919 2352 1184 2427 Τιμόθεος
1209 2355 1239 2409 ὀ
1267 2353 1514 2426 ἀδελφός.
1542 2372 1563 2407 ι

1841 1996 2014 2050 alibi’
2041 2014 2057 2051 :
2083 2014 2101 2048 ι
2128 1994 2510 2050 Probationem
2542 2003 2723 2050 autem
2741 1993 2861 2062 ejus
2888 1989 3239 2062 cognoscitis,
3267 1987 3410 2058 quod

1843 2088 1985 2143 sicut
2011 2087 2152 2144 ﬁlius
2168 2090 2306 2159 patri
2334 2103 2547 2145 mecum
2574 2088 2762 2143 serviit
2790 2087 2846 2141 in
2871 2084 3162 2152 Evangelio
3190 2100 3205 2140 :
3231 2101 3250 2134 ι
3291 2081 3413 2136 illos

1841 2194 2058 2249 quoque
2101 2196 2387 2238 assumens
2417 2183 2586 2239 veluti
2639 2191 2806 2238 testes
2859 2182 3073 2237 virtutis
3120 2174 3413 2231 Timothei.

1841 2270 2048 2327 Deinde
2081 2288 2210 2329 vero
2246 2274 2411 2330 etiam
2443 2276 2512 2330 ad
2542 2276 2896 2331 Colossenses
2920 2273 2964 2305 ’θ
2994 2289 3037 2327 ;ι
3072 2268 3273 2323 Paulus
3288 2281 3420 2335 a90-

1841 2364 2017 2420 sto'lus
2073 2364 2208 2422 Jesu
2249 2368 2453 2426 Christi
2488 2384 2584 2440 per
2618 2368 2955 2425 voluntatem
2990 2362 3105 2431 Dei,
3141 2370 3197 2418 et
3229 2359 3417 2414 Timo-

1844 2453 2007 2510 theus
2045 2459 2234 2517 frater.
2274 2479 2294 2514 ι

1618 2619 1850 2679 CAPUT
1881 2625 1950 2684 ll.

935 2744 998 2801 S.
1057 2740 1314 2798 Timothei
1365 2740 1529 2807 zelus,
1587 2741 1927 2812 martyrium.
1986 2740 2045 2798 S.
2106 2739 2330 2797 Joannis
2365 2738 2629 2794 exsilium.

230 2855 313 2915 E'.
361 2857 519 2914 Οὕτω
552 2859 846 2933 τοιγαροῦν
871 2859 977 2914 ὑπὸ
1022 2858 1118 2914 τοῦ
1159 2857 1479 2913 διδασκάλου
1529 2873 1739 2931 μαρτυ-

163 2949 262 3018 ρού
272 2965 457 3020 μενος,
487 2949 581 3003 καὶ
607 2948 766 3003 τοῦτο
799 2949 896 3020 μὲν
916 2948 1107 3002 τέκνον
1132 2948 1190 3001 ἐν
1215 2945 1407 3018 Κυρίῳ
1428 2945 1618 3000 πιστὸν
1641 2945 1738 2998 καὶ

1915 2859 1980 2916 ν.
2017 2857 2188 2914 Porro
2214 2867 2395 2913 autem
2426 2873 2550 2912 cum
2579 2872 2610 2910 a
2638 2858 2972 2924 praeceptore
3007 2853 3217 2903 tantum
3247 2843 3414 2899 ferret

1845 2952 2241 3018 testimonium,
2269 2959 2324 3006 et
2354 2949 2514 3005 modo
2545 2947 2764 3020 quidem
2804 2944 2949 2999 ﬁlius
2986 2941 3041 2995 in
3073 2938 3304 2994 Domino
3355 2935 3418 2989 ιι-

159 3039 470 3109 ἀγαπητδν,
500 3038 731 3093 τοῦτοδὲ
768 3041 865 3094 καὶ
889 3037 1112 3107 ἀδελφὸς
1148 3036 1311 3091 αὐτοῦ
1350 3037 1443 3091 καὶ
1477 3034 1739 3108 συνεργὸς

1846 3044 1981 3101 delis
2011 3053 2066 3099 et
2084 3042 2353 3100 dilectus:
2383 3039 2545 3095 modo
2586 3046 2767 3093 autem
2796 3036 2915 3106 ejus
2948 3032 3117 3087 frater
3154 3039 3210 3083 et
3234 3027 3416 3083 Evan-

156 3130 256 3184 τοῦ
288 3129 625 3198 Εὐαγγελίου
673 3129 957 3184 καλεῖσθαι
998 3129 1322 3199 ἠξιωμένος,
1350 3128 1443 3181 καὶ
1465 3127 1739 3181 τοσούτων

157 3223 276 3277 ἄνω
293 3222 386 3276 καὶ
408 3223 559 3276 κάτω
584 3221 712 3292 παρ’
733 3220 881 3292 αύτῷ
895 3222 988 3276 καὶ
1015 3220 1159 3274 οὕτω
1175 3220 1426 3292 μεγάλων
1451 3217 1740 3273 ἀπολαύων

156 3314 274 3368 τῶν
306 3313 624 3382 ἐγκωμίων,
656 3312 804 3383 ὅμως
833 3312 954 3366 ούδέ
980 3310 1154 3376 οὕτως
1200 3306 1316 3382 εἶχε
1346 3310 1569 3383 θαρρεῖν
1598 3308 1740 3380 ὺπέρ

160 3403 362 3460 ἐαυτοῦ
403 3405 498 3459 καὶ⁴
524 3403 601 3476 μὴ
640 3403 867 3457 δεδιέναι
891 3418 909 3434 ⁶
949 3402 1089 3458 ἀλλὰ
1161 3402 1302 3474 μετά
1337 3402 1607 3473 τοσαύτης
1642 3401 1738 3472 ἔζη

156 3497 261 3566 τῆς
290 3493 598 3567 ἀκριϐείας,
626 3493 721 3547 καὶ
749 3491 923 3557 οὕτως
958 3490 1251 3561 ἐναγώνιος
1276 3491 1371 3545 καὶ
1436 3490 1740 3561 φιλοπόνως

159 3591 258 3644 καὶ
284 3587 625 3660 τηλικαύτην
682 3586 954 3660 εἰσφέρων
987 3586 1087 3657 τὴν
1110 3585 1507 3653 κακοπάθειαν,
1535 3583 1612 3648 ώς
1645 3583 1741 3638 καὶ

158 3679 549 3752 παρακλήσεις
572 3678 823 3748 αὐτῷτδν
839 3678 1157 3733 διδάσκαλον
1188 3675 1511 3748 προσάγειν,
1541 3675 1740 3748 μηκέτι

159 3771 484 3843 ὑδροποτεῖν
533 3768 612 3841 τῷ
664 3768 907 3841 ’μαθητῇ
971 3767 1378 3840 παραινοῦντα,
1438 3766 1553 3820 ἀλλ’
1611 3764 1742 3834 οἴνῳ

157 3861 331 3931 ὀλίγῳ
358 3860 592 3933 χρῆσθαι
620 3879 638 3913 ι
663 3860 763 3914 Διὰ
797 3861 890 3913 τὸν
929 3859 1200 3932 στόμαχόν
1268 3876 1385 3928 σου,
1437 3857 1591 3930 φησὶ,
1644 3857 1740 3912 καὶ

157 3953 258 4017 τὰς
285 3952 500 4016 πυκνάς
534 3969 629 4006 σου
661 3951 964 4016 ἀσθενείας.
994 3970 1013 4004 ι
1097 3985 1126 4013 ,

231 4045 330 4112 (τι,
370 4041 558 4096 Ἀλλὰ.
589 4043 685 4097 και
740 4042 913 4105 οὕτως
963 4040 1130 4096 αὐτοῦ
1167 4043 1470 4114 κάμνοντος
1504 4045 1610 4100 ὑπὸ
1642 4046 1742 4117 τῆς

160 4133 429 4204 συνεχοῦς
458 4134 771 4205 ἀρρωστίας
791 4134 850 4215 τὸ
869 4134 1050 4205 σῶμα,
1079 4135 1175 4189 καὶ
1208 4135 1308 4207 τὴν
1337 4136 1431 4191 τοῦ
1463 4139 1741 4210 στομάχου
1778 4198 1784 4205 ,

157 4228 398 4299 δύναμιν
441 4224 933 4297 περιϐεϐλημένου,
959 4226 1020 4281 τὺ
1048 4230 1298 4296 γενναῖον
1326 4229 1622 4299 ἀπέλαμπε
1643 4232 1742 4302 τῆς

158 4319 369 4391 ψυχῆς.
409 4317 485 4373 οὐ
517 4316 626 4387 γὰρ
664 4317 923 4371 ἀσθένεια
968 4319 1222 4389 σώματος
1254 4319 1594 4391 τηλικαύτην
1633 4321 1741 4392 ψυ-

1841 3136 1964 3210 gelii
2008 3143 2330 3206 cooperator
2360 3131 2543 3189 vocari
2598 3130 2795 3201 dignus
2847 3125 3141 3180 haberetur
3173 3136 3188 3185 ;
3217 3127 3272 3173 et
3301 3132 3420 3171 sus-

1841 3248 1948 3305 que
2027 3231 2207 3301 deque
2276 3238 2358 3284 tot
2419 3236 2477 3283 et
2546 3236 2655 3281 tam
2726 3236 2925 3293 magna
2995 3223 3423 3286 consequeretur

1841 3304 2126 3390 encomia;
2164 3331 2346 3376 tamen
2409 3335 2479 3374 ne
2517 3318 2599 3373 sic
2654 3314 2876 3387 quidem
2945 3310 3051 3368 sibi
3095 3308 3198 3378 ipsi
3247 3304 3422 3359 conﬁ-

1843 3417 1975 3473 dere
2014 3425 2070 3472 et
2121 3430 2233 3470 non
2266 3414 2458 3469 timere
2496 3418 2726 3482 poterat
2792 3426 2807 3464 :
2840 3405 2936 3463 sed
2988 3413 3099 3459 tam
3141 3403 3423 3455 accurrale

1840 3509 2078 3576 vivebat,
2127 3516 2186 3564 et
2240 3517 2350 3561 tam
2404 3505 2696 3575 diligenter
2733 3516 2793 3556 se
2841 3495 3149 3556 exercebat,
3200 3499 3255 3546 et
3310 3498 3417 3544 tam

1842 3602 2045 3657 acriter
2086 3615 2146 3655 se
2185 3598 2477 3670 amigebat,
2522 3604 2583 3650 ut
2630 3608 2754 3648 cum
2813 3590 2977 3646 etiam
3038 3586 3423 3642 exhortaretur

1839 3697 2166 3761 praeceptor,
2196 3687 2430 3743 suadens
2456 3683 2723 3755 discipulo
2752 3682 2818 3746 “,
2851 3696 2922 3735 ne
2950 3691 3146 3748 aquam
3182 3672 3421 3741 amplius

1841 3781 2072 3847 biberet,
2098 3777 2193 3835 sed
2211 3778 2335 3834 vino
2362 3777 2575 3832 modico
2602 3783 2853 3830 uteretur
2885 3789 2899 3826 :
2936 3767 3192 3837 tPropter
3217 3771 3420 3818 stoma-

1844 3875 2010 3930 chum
2067 3880 2245 3940 tuum,
2302 3868 2498 3940 inquit,
2549 3876 2606 3924 et
2647 3866 2964 3938 frequentes
3021 3869 3145 3917 tuas
3189 3852 3420 3912 inﬁrmi-

1846 3973 2042 4024 tates.)

1914 4056 2006 4113 Vl.
2032 4053 2137 4111 Sed
2170 4052 2417 4125 quamvis
2457 4051 2536 4105 sic
2569 4050 2839 4105 laboraret
2860 4047 2980 4116 ejus
3014 4057 3214 4114 corpus
3246 4035 3417 4094 contio

1843 4165 1950 4203 nua
1974 4146 2308 4213 inﬁrmitate,
2334 4153 2390 4200 et
2416 4144 2639 4199 haberet
2668 4141 2934 4211 dejectam
2957 4133 3224 4193 stomachi
3250 4129 3424 4185 facul-

1846 4249 2014 4295 tatem
2061 4241 2130 4303 ",
2182 4251 2484 4309 generosus
2549 4232 2936 4304 resplendcbat
3004 4228 3241 4283 animus.
3304 4222 3423 4277 Non

1843 4339 2059 4403 poterat
2118 4330 2265 4386 enim
2317 4311 2563 4398 corporis
2614 4323 2900 4380 inﬁrmitas
2955 4318 3262 4388 deprimere
3311 4322 3418 4367 tam

159 4414 266 4486 χῆς
298 4412 580 4482 εὐγένειαν
634 4412 794 4482 ἱκανὴ
828 4412 1051 4482 γέγονεν
1091 4413 1333 4481 ἐλέγξαι,
1363 4414 1479 4469 ἀλλ’
1499 4411 1567 4488 ἦν
1599 4434 1737 4470 παν-

1846 4438 2164 4495 generosum
2189 4421 2432 4475 animum
2461 4436 2475 4472 :
2507 4420 2601 4474 sed
2645 4416 2838 4473 celeris
2863 4413 2959 4469 zeli
2996 4424 3171 4482 penna
3199 4419 3419 4461 omnem

157 4505 332 4576 ταχοῦ
367 4505 555 4575 κούφῳ
590 4504 667 4575 τῷ
689 4505 782 4560 τοῦ
810 4504 974 4577 ζήλου
1026 4505 1211 4577 πτερῷ
1245 4507 1621 4578 διιπτάμενος,
1650 4510 1745 4565 καὶ

157 4597 256 4651 νῦν
312 4598 410 4667 μὲν
462 4596 714 4667 Ἔφεσον,
772 4597 867 4651 νῦν
895 4598 953 4651 δὲ
993 4598 1253 4669 Κόρινθον
1286 4600 1343 4653 αἱ
1374 4599 1475 4669 τῆς
1525 4600 1738 4655 ἐκείνου

158 4689 415 4761 γλώττης
476 4689 726 4761 σειρῆνες
756 4689 994 4761 ἐθελγον·
1024 4691 1117 4745 καὶ
1141 4690 1486 4746 Μακεδονίαν
1522 4693 1578 4747 δέ
1607 4694 1741 4748 πολ-

157 4782 352 4846 λάκις,
387 4781 483 4835 καὶ
522 4781 775 4847 Ἰταλίαν,
808 4782 903 4836 καὶ
962 4783 1066 4852 γῆν
1112 4785 1294 4837 πᾶσαν
1324 4784 1419 4837 καὶ
1464 4783 1741 4840 θάλασσαν

162 4873 307 4941 μετά
332 4870 429 4924 τοῦ
489 4869 813 4927 διδασκάλου
847 4872 926 4944 τῷ
951 4873 1269 4945 κηρύγματι
1294 4874 1636 4946 περιέλαϐον.
1674 4876 1741 4930 Τί

157 4964 208 5018 δ’
242 4962 312 5018 ἂν
337 4962 515 5027 εἴποις
571 4963 802 5028 ὁπόσους
861 4965 1182 5037 ἐπιθυμίαις
1240 4966 1607 5036 ἀλογωτάτοις
1649 4966 1744 5022 καὶ

158 5056 390 5117 ἀτόποις
417 5054 769 5122 δουλεύοντας
805 5056 906 5125 τῆς
935 5057 1182 5128 χαλεπῆς
1219 5057 1424 5129 ταύτης
1462 5059 1740 5130 ἀπήλλαξε

158 5147 540 5218 λειτουργίας;
593 5143 746 5201 Οἶδεν
804 5149 1049 5219 ἀκριϐῶς
1084 5150 1112 5203 ὂ
1150 5150 1320 5220 λέγω,
1371 5151 1431 5215 ὃς
1458 5150 1567 5222 ἄρα
1604 5152 1741 5223 μηδὲ

159 5240 254 5293 τοῦ
278 5240 340 5291 ἐν
383 5238 633 5310 Κορίνθῳ
662 5240 1093 5311 πεπορνευκότος
1115 5243 1351 5313 ἠγνόησε
1369 5243 1429 5296 τὸ
1456 5244 1739 5314 ἀνόμημα.

158 5332 272 5385 Καὶ
332 5330 447 5403 γὰρ
473 5326 541 5402 ἧν
577 5332 607 5384 ό
640 5329 783 5396 θεῖος
820 5331 1086 5402 Τιμόθεῦς
1153 5334 1275 5405 οὐχὶ
1338 5334 1530 5406 νοῆσαι
1579 5335 1740 5405 μόνον

157 5424 446 5491 ὀξύτατος,
474 5421 612 5476 ἀλλά
632 5423 723 5476 καὶ
749 5425 925 5478 εἰπεῖν
954 5426 1398 5496 προχειρότατος,
1430 5428 1524 5481 καὶ
1554 5444 1742 5500 περιτ-

158 5513 268 5577 τῶς
298 5515 370 5586 τῇ
399 5513 746 5589 εὐρημυσύνῃ
759 5515 1067 5587 χρήσασθαι
1086 5515 1424 5583 δεξιώτατος,
1444 5517 1512 5571 τά
1531 5534 1591 5570 τε
1619 5516 1739 5572 θεῖα

159 5605 566 5677 εἰσηγήσασθαι
623 5607 995 5677 χαριέστατος,
1032 5610 1126 5663 καὶ
1156 5610 1237 5672 είς
1282 5609 1581 5680 εὐκοσμίαν
1613 5611 1737 5665 Ἐκ·-

1851 4516 1906 4570 in
1936 4523 2145 4585 partem
2181 4513 2520 4583 pervolabat,
2552 4519 2611 4565 et
2642 4509 2806 4564 modo
2853 4504 3072 4576 quidem
3121 4499 3418 4585 Ephesum.

1850 4584 2013 4660 modo
2040 4620 2167 4658 vero
2193 4601 2513 4656 Corinthum
2544 4599 2688 4655 illius
2722 4599 2917 4668 linguae
2963 4592 3188 4647 Sirenes
3212 4584 3422 4642 demul-

1849 4696 2027 4752 cebat.
2062 4694 2432 4750 Macedoniam
2463 4707 2682 4764 quoque
2730 4696 2961 4769 saepeet
2984 4683 3188 4740 Italiam
3222 4686 3275 4734 et
3302 4676 3427 4731 uni-

1848 4804 2063 4844 versam
2126 4797 2323 4843 terram
2386 4802 2509 4844 cum
2569 4789 2906 4856 praeceptore
2959 4774 3424 4847 complectebatur

1848 4882 2258 4954 praedicatione.
2308 4879 2450 4947 Quid
2499 4887 2680 4934 autem
2729 4874 2950 4939 dixeris,
3008 4885 3168 4941 quam
3221 4864 3424 4920 multos

1846 4973 2239 5043 cupiditatibus
2266 4987 2295 5025 a
2336 4972 2547 5026 ratione
2590 4967 2829 5024 maxime
2857 4962 3047 5019 alienis
3091 4969 3147 5015 et
3173 4954 3425 5013 absurdis

1846 5065 2173 5125 servientes.
2199 5063 2266 5118 ab
2288 5063 2392 5117 hoc
2414 5061 2561 5133 gravi
2593 5057 2840 5115 liberavit
2872 5048 3223 5109 ministerio?
3254 5046 3426 5100 Recte

1845 5154 2017 5217 novit,
2045 5153 2187 5222 quod
2222 5152 2366 5216 dico,
2404 5152 2448 5205 is
2474 5150 2564 5221 qui
2594 5150 2715 5220 ejus
2747 5146 2839 5217 qui
2866 5142 3109 5201 Corinthi
3144 5148 3227 5193 est
3257 5136 3426 5191 forni—

1844 5254 1999 5299 catus
2028 5260 2135 5297 non
2168 5243 2435 5315 ignoravit
2480 5241 2758 5296 delictum.
2822 5239 2952 5292 Erat
3004 5235 3151 5290 enim
3206 5230 3424 5286 divinus

1847 5334 2168 5389 Timotheus
2184 5349 2295 5389 non
2319 5334 2385 5388 ad
2418 5331 2828 5403 intelligendum
2852 5329 3026 5383 solum
3048 5322 3419 5382 acutissimus,

1846 5428 1941 5482 sed
1972 5426 2038 5482 ad
2059 5426 2350 5482 dicendum
2373 5426 2536 5480 etiam
2566 5422 3025 5494 promptissimus,
3055 5426 3110 5472 et
3137 5416 3205 5471 ad
3233 5415 3422 5468 facun-

1845 5518 1931 5575 dia
1960 5518 2173 5590 egregie
2202 5520 2462 5575 utendum
2495 5517 2884 5582 dexterrimus,
2920 5524 2976 5569 et
3006 5513 3063 5568 in
3095 5508 3295 5566 divinis
3315 5519 3415 5560 ex-

1844 5612 2115 5684 ponendis
2140 5612 2590 5683 jucundissimus,
2642 5620 2698 5669 et
2743 5611 2810 5665 ad
2850 5607 3145 5664 Ecclesiam
3190 5608 3414 5667 compo—

235 5764 302 5821 ⁸1
330 5762 459 5840 Cor.
493 5780 603 5840 xv}.
626 5765 765 5840 _10;_
813 5738 1110 5840 'll’hil.t,l
1139 5784 1152 5834 ;
1181 5778 1234 5824 et
1258 5785 1339 5840 ιιὲ
1364 5770 1447 5826 l9.
1524 5769 1584 5822 ³1
1621 5779 1674 5826 et
1708 5772 1739 5829 ll

1846 5789 1974 5834 iess.
2007 5793 2044 5832 ι.
2102 5778 2142 5807 ⁸·
2180 5773 2416 5833 IThess.
2450 5790 2531 5840 ιιι,
2558 5774 2612 5829 2.
2693 5774 2712 5804 θ
2752 5767 2950 5840 Philip.
2982 5782 3043 5834 ιι,
3069 5763 3161 5820 22.
3240 5757 3284 5790 ‘°
3308 5754 3419 5815 ϐο·-
3500 5788 3503 5793 -

162 5837 367 5905 loss.t,
401 5834 453 5891 1.
533 5836 575 5868 ⁸⁸
623 5833 642 5889 Ι
702 5835 848 5894 Tini.
908 5854 961 5907 ν,
1004 5838 1094 5895 23.
1142 5833 1267 5894 "’l
1301 5838 1441 5896 Tim.
1478 5855 1531 5909 v,
1570 5840 1658 5898 23.
1725 5893 1731 5898 .
