3832 6472
407 374 518 446 ῖεἾ

1647 372 1928 434 MENSIS
1966 371 2426 436 IANUARIUS.

3542 377 3640 446 768

407 482 642 544 néndam
665 482 1150 542 etcustodiendam
1183 483 1270 540 vel
1303 481 1538 539 maxime
1572 482 1822 539 idoneus.
1850 483 1983 540 Nam

2091 483 2321 555 κλησίας
2351 483 2448 538 καλ⁵
2478 483 2814 540 κατάστασιν
2841 484 3078 554 ἀγαγεῖν
3111 482 3464 550 ἱκανώτατος.
3503 489 3644 544 Ἰζπεὶ

405 587 463 634 et
493 577 854 648 copiosiorem
888 585 1220 632 consecutus
1247 585 1334 632 est
1369 575 1622 646 gratiam.
1644 585 1700 631 et
1719 576 1984 632 doctrina;

404 661 652 722 fontibus
675 680 808 720 usus
835 673 916 720 est
942 665 1292 736 duplicibus;
1321 681 1434 720 non
1463 664 1615 721 Pauli
1642 666 1985 724 solummodo

309 775 318 783 '
407 761 714 819 admirabili
768 763 882 834 lyra
933 761 1171 832 Spiritus
1222 778 1282 818 se
1335 762 1637 827 oblectans,
1683 764 1780 820 sed
1817 765 1982 820 etiam

405 869 634 910 versans
685 870 809 909 cum
839 853 1050 908 Joanne
1087 853 1287 910 eximie
1329 854 1533 910 dilecto
1589 855 1879 926 discipulo,
1929 866 1986 912 et

405 945 474 1000 ab
499 961 564 997 eo
603 944 891 1014 praefectus
912 945 1370 1002 administrationi
1405 949 1553 1003 sedis
1597 946 1981 1018 Ephesiorum,

407 1049 532 1088 cum
559 1033 629 1088 ab
654 1049 722 1088 eo
747 1035 990 1091 audisset
1020 1045 1077 1092 et
1103 1036 1404 1106 didicisset,
1446 1054 1569 1110 qua:
1614 1039 1706 1096 ille
1734 1055 1925 1097 rursus
1952 1058 1982 1097 a

413 1125 558 1180 bono
593 1124 822 1195 Spiritu.

445 1361 450 1365 _
480 1298 590 1355 Vll.
629 1301 764 1357 Nam
782 1319 906 1358 cum
930 1303 1088 1369 Nero,
1121 1306 1212 1377 qui
1241 1309 1383 1366 male
1411 1311 1478 1364 ad
1510 1311 1820 1382 imperium,
1845 1313 1984 1368 male

413 1391 479 1459 (ο
547 1393 758 1461 justilia
820 1404 876 1451 et
928 1397 1023 1453 Dei
1069 1400 1442 1474 tolerantia!)
1494 1413 1826 1470 accesserat,
1888 1407 1982 1462 fini

413 1485 654 1554 martyrii
687 1485 964 1556 principes
992 1492 1386 1559 apostolorum,
1444 1495 1690 1562 Petrum,
1737 1496 1982 1569 inquam,

410 1581 468 1627 et
509 1573 753 1642 Paulum,
789 1579 1132 1647 subjecissct,
1169 1591 1222 1638 et
1267 1584 1360 1640 alii
1389 1585 1482 1656 qui
1515 1602 1639 1642 cum
1669 1589 1800 1659 ipsis
1829 1599 1986 1645 erant

410 1665 661 1734 discipuli
695 1682 754 1723 se
786 1670 894 1724 alio
920 1674 1358 1742 convertissem;
1407 1679 1607 1734 accidit
1656 1689 1718 1735 ut
1746 1681 1982 1736 hic‘ma-

409 1772 550 1826 gnus
590 1761 918 1828 evangelista
950 1772 1006 1818 et
1061 1762 1371 1839 Theologus
1399 1769 1598 1840 Ephesi
1638 1774 1980 1837 constiteret.

408 1866 437 1903 a
471 1858 793 1921 tempestate
829 1863 885 1910 et
917 1855 1205 1926 naufragio
1249 1835 1476 1930 eiectus,
1531 1875 1589 1917 ut
1642 1873 1698 1919 et
1745 1835 1982 1923 referunt
2018 1835 2059 1888 Β

407 1954 531 2008 qua
576 1941 646 1996 ab
704 1942 912 2000 Irenaeo
960 1945 1313 2017 Lugdunensi
1371 1951 1572 2021 scripta
1607 1963 1738 2007 sunt
1791 1956 1892 2026 (2).
1933 1966 1988 2012 ct

409 2033 553 2089 fama
573 2035 760 2090 tradit.
794 2036 870 2092 Ex
905 2037 1188 2110 discipulis
1216 2051 1398 2096 autem
1427 2043 1484 2110 ii,
1525 2043 1620 2114 qui
1650 2046 1824 2101 secuti
1860 2057 1992 2103 sunt

408 2125 546 2182 alios
593 2128 956 2198 evangelistas
1003 2141 1062 2187 et
1117 2134 1408 2202 apostolos,
1461 2149 1524 2190 ea
1578 2152 1699 2206 quae
1757 2137 1826 2193 ab
1881 2139 1989 2195 illis

411 2217 631 2274 diversa
664 2220 846 2290 lingua
877 2223 1176 2294 composita
1213 2224 1452 2291 fuerant,
1513 2225 1796 2298 (nondum
1840 2231 1988 2286 enim

411 2307 575 2364 unius
599 2310 750 2364 vocis
784 2326 1038 2368 sermone
1075 2315 1158 2370 usi
1189 2316 1428 2386 fuerant)
1452 2333 1576 2372 cum
1612 2318 1678 2372 ad
1712 2319 1981 2390 Ephesio-

411 2416 532 2455 rum
561 2401 836 2457 civitatem
881 2405 1232 2472 detulissent,
1264 2408 1311 2462 ei
1343 2409 1588 2463 tradunt.
1629 2409 1785 2466 Illum
1832 2427 1984 2479 vero,

412 2502 475 2547 ut
500 2493 666 2549 etiam
695 2496 910 2551 videtur
950 2497 1188 2554 Eusebio
1238 2501 1508 2571 Pamphili
1557 2503 1672 2558 haec
1729 2513 1984 2571 tractant,

413 2586 570 2642 aiunt
615 2604 677 2642 ea
705 2590 945 2659 quidem,
995 2609 1116 2661 quae
1157 2595 1357 2666 scripta
1411 2596 1646 2664 fuerant,
1684 2599 1987 2667 admisisse,

413 2678 484 2733 de
536 2694 726 2735 eorum
779 2685 1012 2740 veritate
1071 2686 1295 2742 ferendo
1358 2691 1731 2748 testimonium
1769 2711 1783 2749 :
1817 2693 1992 2750 anim-

410 2769 708 2827 advertisse
736 2782 917 2828 autem
955 2777 1008 2830 in
1033 2777 1112 2832 eis
1137 2779 1306 2833 solam
1356 2792 1561 2839 restare
1619 2785 1987 2842 narrationem

410 2861 479 2918 de
507 2862 572 2917 iis
601 2879 721 2934 qua:
787 2867 844 2920 in
886 2868 1077 2938 primis
1106 2858 1159 2926 ei
1200 2873 1253 2926 in
1293 2871 1562 2946 principio
1591 2877 1990 2946 praedicationis

410 2972 440 3010 a
479 2955 695 3012 Christo
719 2957 861 3014 facta
900 2960 1137 3018 fuerant.
1176 2964 1244 3019 Et
1273 2981 1394 3020 vera
1417 2969 1634 3038 quidem
1680 2981 1764 3026 est
1791 2973 1987 3028 oratio.

409 3045 661 3103 Invenies
705 3050 876 3113 enim,
935 3053 980 3106 si
1029 3053 1318 3126 diligenter
1366 3061 1824 3130 consideraveris,
1880 3072 1990 3120 tres

2085 575 2181 632 καὶ
2234 575 2628 646 δαψιλεστέρας
2686 575 2962 631 ἀπέλαυσε
3016 575 3260 648 χάριτος,
3305 577 3400 632 καὶ
3446 578 3644 644 διπλαῖς

2084 671 2362 741 ἐχρήσατο
2390 671 2510 733 ταῖς
2550 669 2652 740 τῆς
2691 669 3045 734 διδασκαλίας
3075 671 3312 742 πηγαῖς·
3345 670 3404 724 ού
3443 671 3642 726 Παύλου

2084 761 2518 832 κατατρυφήσας
2561 761 2739 831 μόνω,
2765 761 2827 815 οὐ
2865 761 2964 831 τῆς
3000 761 3326 832 θαυμαστῆς
3357 761 3524 833 λύρας
3553 762 3640 816 τοῦ

2083 853 2402 923 Πνεύματος
2419 871 2436 885 ο
2477 853 2614 908 ἀλλά
2644 853 2736 907 καὶ
2779 853 3001 926 Ἰωάννῃ
3023 855 3102 925 τῷ
3126 855 3494 925 διαφερόντως
3519 857 3644 924 ἠγα-

2085 946 2316 1017 πημένῳ
2371 943 2781 1015 συγγινόμενος
2837 945 3077 1016 μαθητῇ,
3129 945 3223 999 καὶ
3249 944 3342 998 ὑπ’
3370 945 3538 998 αὑτοῦ
3562 945 3642 998 τὸν

2083 1037 2181 1106 τῆς
2217 1037 2478 1105 Ἐφεσίων
2511 1034 2698 1107 θρόνον
2725 1036 3110 1106 ἐγχειρισθεὶς,
3132 1035 3227 1089 καὶ
3248 1035 3487 1099 ἀκούσας
3519 1037 3635 1106 παρ’

2085 1129 2251 1183 αὑτοῦ
2291 1129 2384 1182 καί¹
2451 1127 2639 1199 μαθὼν
2667 1127 2706 1184 ἃ
2737 1128 2900 1184 πάλιν
2938 1130 3146 1193 ἐκεῖνος
3175 1128 3283 1182 ὑπὸ
3321 1127 3417 1182 τοῦ
3446 1127 3637 1197 ἀγαθοῦ

2084 1222 2421 1292 ῐΙνεύματος.

2157 1315 2230 1367 Z'.
2258 1312 2511 1385 Νέρωνος
2575 1311 2686 1381 γάρ
2733 1309 2828 1364 τοῦ
2883 1310 3072 1375 κακῶς
3099 1311 3178 1374 είς
3219 1311 3322 1382 τὴν
3359 1311 3646 1382 βασιλείαν,

2085 1402 2270 1465 κακῶς
2317 1395 2384 1473 (ὦ
2409 1402 2533 1472 δίκη
2563 1403 2660 1455 καὶ
2710 1401 2878 1472 ἀνοχὴ
2904 1402 3064 1471 Θεοῦ)
3095 1401 3488 1472 παρελθόντος,
3517 1421 3645 1475 μαρ-

2084 1494 2292 1567 τυρικῷ
2319 1495 2468 1548 τέλει
2501 1494 2629 1558 τοὺς
2661 1495 2839 1566 ἱεροὺς
2862 1493 3194 1565 κορυφαίους
3209 1494 3320 1548 τῶν
3341 1495 3644 1549 ἀποστόλων

2084 1585 2291 1656 Πέτρου
2323 1585 2416 1638 καὶ
2445 1583 2660 1638 Παύλου
2707 1582 3098 1648 ύποὸαλόντοςυ
3119 1583 3229 1637 τῶν
3257 1600 3318 1638 τε
3352 1585 3454 1638 σὺν
3475 1585 3648 1648 “bid;

2089 1674 2345 1745 μαθητῶν
2377 1673 2552 1729 ἄλλων
2610 1673 2822 1744 ἀλλαχῆ
2853 1671 2947 1728 τὸν
2985 1673 3102 1744 βίον
3137 1674 3649 1744 καταπρεψάντων,

2087 1765 2378 1836 ἐπιστῆναι
2417 1781 2550 1820 ποτε
2579 1765 2779 1836 συνέϐη
2814 1766 2906 1820 τὸν
2941 1765 3120 1837 μέγαν
3147 1765 3340 1820 τοῦτον
3372 1767 3649 1835 εὐαγγελι-

2090 1857 2222 1927 στήν
2250 1873 2310 1910 τε
2333 1857 2428 1911 καὶ
2461 1855 2724 1926 Θεολόγον
2756 1859 2868 1921 τοῖς
2897 1857 2958 1912 ἐν
2987 1857 3222 1929 Ἐφέσῳ,
3243 1857 3350 1912 ὑπὸ
3391 1858 3650 1928 χειμῶνος

2088 1947 2463 2018 ἐκδρασθέντα
2513 1949 2608 2002 καὶ
2639 1949 2926 2018 ναυαγίου,
2951 1949 3028 2013 ὡς
3068 1948 3212 2003 αὐτά
3239 1967 3300 2002 τε
3330 1949 3401 2004 τὰ
3425 1949 3529 2004 ὑπὸ
3563 1950 3648 2004 Ei-

2091 2039 2317 2112 ρηναίου
2363 2040 2456 2095 τοῦ
2487 2039 2840 2108 Δουγδούνων
2861 2041 3166 2096 ἐπισκόπου
3193 2042 3652 2112 συγγεγραμμένα

2091 2127 2316 2199 ιστορεῖ,
2379 2129 2474 2182 καὶ
2498 2130 2528 2183 6
2551 2127 2706 2197 λόγος
2760 2128 2898 2199 ἔχει.
2923 2129 3045 2184 Τῶν
3088 2130 3274 2200 μέντοι
3333 2131 3587 2201 μαθητῶν
3607 2131 3652 2183 οι

2089 2211 2202 2286 τοῖς
2240 2219 2421 2286 ἀλλοις
2477 2221 2893 2290 εὐαγγελισταῖς
2926 2221 3024 2276 καὶ
3061 2221 3386 2287 ἀποστόλοις
3440 2222 3654 2278 ἀκολου.

2091 2307 2358 2380 θήσαντες
2385 2309 2455 2364 τά
2485 2310 2578 2365 ὑπ’
2616 2309 2843 2365 ἐκείνων
2901 2309 3150 2383 διαφόρῳ
3209 2310 3430 2383 γλώττῃ
3479 2327 3654 2366 συντε-

2093 2401 2340 2473 ταγμένα
2385 2401 2561 2472 (οὔπω
2591 2403 2702 2474 γὰρ
2745 2397 2888 2475 ἦσαν
2941 2402 3210 2474 όμοφὼνῳ
3243 2403 3522 2476 χρώμενοι
3542 2406 3648 2458 6m-

2089 2493 2308 2566 λέκτῳ),
2343 2496 2424 2558 είς
2472 2494 2574 2566 τὴν
2617 2495 2881 2566 Ἐφεσίων
2924 2495 3078 2550 πόλιν
3128 2496 3484 2566 κομίσαντες,
3515 2493 3654 2567 αὐτῷ

2089 2589 2512 2662 ἐγχειρίζουσιν.
2535 2590 2640 2644 Τὸν
2661 2590 2753 2656 δέ,
2784 2591 2928 2645 καθά
2961 2591 3058 2645 καὶ
3085 2590 3332 2662 Εὐσεείῳ
3347 2589 3430 2662 τῷ
3459 2590 3654 2660 Παμφί·

2089 2683 2182 2737 λου
2206 2682 2354 2736 δοκεῖ
2383 2681 2802 2754 διαλαμϐάνοντι
2837 2681 3034 2748 οὕτως,
3065 2682 3436 2748 ἀποδέξασθαι
3461 2683 3558 2752 μὲν
3593 2683 3654 2736 τὰ

2091 2775 2474 2847 γεγραμμένα,
2527 2775 2716 2843 φασὶν,
2774 2773 3034 2846 ἀλήθειαν
3061 2776 3248 2838 αὐτοῖς
3276 2777 3654 2849 ἐπιμαρτυρήο

2095 2885 2287 2932 σαντα,
2339 2866 2568 2920 συνιδεῖν
2605 2866 2662 2920 δὲ
2695 2868 2864 2938 μόνην
2891 2870 2949 2922 ἐν
2987 2868 3168 2930 αὐτοῖς
3208 2867 3545 2940 λειπομένην
3565 2869 3654 2940 τὴν

2091 2957 2222 3029 περὶ
2249 2957 2358 3010 τῶν
2380 2957 2439 3010 ἐν
2477 2955 2714 3027 πρώτοις
2738 2957 2834 3010 καὶ
2865 2956 2986 3010 κατ’
3011 2957 3184 3030 ἀρχὴν
3237 2957 3332 3012 τοῦ
3371 2959 3654 3030 κηρύγμαο

2089 3067 2184 3114 τος
2217 3050 2324 3103 ὑπὸ
2377 3049 2472 3104 τοῦ
2530 3047 2770 3120 Χριστοῦ
2825 3050 3229 3122 πεπραγμένων
3258 3051 3535 3122 διήγησιν.
3557 3052 3654 3105 Καὶ

409 3140 772 3209 cvangelistas
809 3157 873 3196 ea
896 3144 1071 3198 solum
1103 3148 1515 3218 conscripsisse,
1552 3168 1674 3222 qua:
1703 3169 1812 3210 uno
1844 3171 1988 3212 anno

2093 3141 2300 3213 ἀληθής
2333 3159 2395 3210 γε
2427 3145 2455 3196 6
2487 3141 2678 3212 λόγος·
2729 3143 2980 3216 εὑρήσεις
3013 3144 3143 3215 γάρ,
3193 3145 3368 3217 ἤνπερ
3425 3143 3654 3216 ἀκριὸὦς

411 3245 441 3284 a
464 3231 752 3288 Servatore
781 3243 934 3306 gesta
969 3247 1120 3303 sunt,
1152 3249 1442 3311 postquam
1471 3241 1712 3300 Joannes
1743 3245 1984 3319 Baptista

2095 3235 2272 3305 σκοπή
2282 3251 2405 3306 σῃς,
2428 3235 2554 3298 τοὺς
2574 3236 2721 3306 τρεῖς
2740 3233 3154 3304 εὐαΠελιστάς,
3176 3236 3309 3306 μόνα
3325 3236 3392 3290 τὰ
3419 3237 3554 3307 μετά
3568 3237 3656 3305 τὴν

413 3321 514 3378 fuit
547 3323 828 3394 coniectus
860 3327 915 3382 in
937 3345 1236 3396 carcerem,
1278 3332 1440 3404 idque
1464 3352 1558 3392 eos
1581 3347 1730 3393 recte
1770 3339 1986 3412 signiﬁ-

410 3429 536 3472 care
567 3416 621 3472 in
649 3419 922 3490 principio
951 3438 1064 3478 sute
1098 3424 1356 3482 historiae.
1399 3425 1533 3484 Nam
1572 3441 1694 3502 post
1717 3431 1985 3503 jejunium

408 3505 612 3564 Christi
644 3512 998 3585 quadraginta
1017 3517 1251 3583 dierum,
1279 3528 1335 3575 et
1361 3537 1480 3576 eam
1508 3538 1629 3592 qua:
1660 3523 1714 3578 in
1744 3525 1863 3596 ipso
1889 3526 1990 3581 fuit

411 3600 790 3670 tentationem,
840 3604 1126 3663 Mattheus
1162 3609 1382 3680 quidem
1413 3612 1737 3684 significavit
1771 3625 1988 3688 tempus

409 3705 522 3746 suae
547 3693 874 3764 scriptionis,
895 3697 1085 3755 dicens
1106 3699 1149 3732 "
1181 3718 1196 3756 :
1239 3719 1258 3754 ι
1284 3701 1420 3758 Cum
1460 3714 1643 3760 autem
1666 3707 1985 3774 audivisset,

411 3782 558 3850 quod
600 3781 842 3841 Joannes
877 3797 997 3843 erat
1041 3791 1293 3859 traditus,
1343 3810 1372 3848 a
1415 3793 1598 3850 Juda-a
1655 3800 1882 3854 recessit
1934 3799 1987 3855 in

408 3871 712 3930 Galilaeam»
749 3895 762 3931 :
793 3877 967 3934 Lucas
993 3897 1208 3952 quoque
1227 3884 1538 3954 priusquam
1569 3887 1835 3958 inciperet
1860 3907 1990 3944 nar-

410 3981 536 4022 rare
587 3968 726 4026 facta
772 3971 925 4038 Jesu,
957 3973 1208 4030 similiter
1235 3978 1495 4046 ostendit,
1535 3979 1723 4034 dicens
1751 3983 1818 4046 “,
1843 3985 1989 4055 quod

409 4059 675 4130 adjiciens
701 4062 944 4119 Herodes
974 4066 1040 4120 iis
1070 4083 1191 4136 qua:
1220 4067 1445 4133 fecerat,
1475 4069 1697 4126 inclusit
1720 4071 1988 4133 Joannem

411 4151 470 4206 in
503 4153 765 4210 custodia.
805 4155 1093 4227 Propterea
1127 4175 1254 4232 ergo
1300 4162 1512 4228 dicunt,
1561 4145 1825 4222 Joannem
1857 4185 1990 4239 apo-

411 4243 610 4298 stolum
646 4254 914 4316 rogatum,
951 4257 1166 4319 tempus
1197 4251 1343 4320 quod
1375 4251 1476 4306 fuit
1504 4253 1720 4310 silentio
1745 4257 1990 4326 praeteri-

413 4343 527 4390 tum
577 4353 608 4391 a
650 4337 924 4409 prioribus
983 4343 1350 4421 evangelistis,
1389 4353 1444 4399 et
1490 4363 1610 4416 quae
1645 4347 1698 4402 in
1739 4363 1806 4404 eo
1848 4347 1988 4406 facta

410 4425 628 4484 fuerant
654 4445 684 4485 a
715 4431 1029 4501 Servatore,
1057 4450 1119 4490 ea
1152 4446 1335 4491 autem
1373 4448 1500 4493 sunt
1522 4455 1644 4508 qua:
1685 4439 1823 4496 facta
1861 4453 1989 4499 sunt

2089 3326 2148 3378 ἐν
2176 3323 2255 3396 τῷ
2290 3326 2650 3398 δεσμωτηρίῳ
2688 3325 2936 3382 Ἰωάννου
2969 3326 3066 3380 τοῦ
3104 3327 3416 3380 Βαπτιστοῦ
3447 3328 3656 3400 κάθειρ-

2091 3417 2175 3485 ξιν
2211 3417 2297 3487 ἐφ’
2329 3417 2424 3472 ἕνα
2454 3419 2698 3474 ἐνιαυτὸν
2727 3419 3096 3492 πεπραγμένα
3125 3419 3204 3491 τῷ
3219 3420 3440 3490 Σωτῆρι
3473 3437 3656 3489 συγγε·

2091 3513 2396 3582 γραφότας,
2439 3512 2536 3567 καὶ
2561 3511 2695 3566 αὐτὸ
2719 3511 2882 3567 τοῦτο
2907 3512 3089 3576 καλῶς
3128 3513 3657 3582 ἐπισημαινομένους

2089 3605 2212 3658 κατ’
2276 3604 2453 3676 ἀρχὰς
2501 3605 2603 3676 τῆς
2649 3603 2830 3658 αὐτῶν
2885 3605 3150 3675 ἱστορίας.
3211 3605 3370 3660 Μετά
3403 3607 3536 3674 γοῦν
3569 3603 3658 3675 τὴν

2092 3697 2686 3769 τεσσαρακονθήμερον
2743 3695 2838 3750 τοῦ
2875 3694 3118 3768 Χριστοῦ
3145 3697 3424 3766 νηστείαν,
3453 3696 3548 3751 καὶ
3576 3696 3658 3748 τὸν

2088 3793 2176 3846 ἐπ’
2201 3792 2337 3863 αὐτῇ
2374 3791 2700 3864 πειρασμὸν,
2725 3792 2754 3845 6
2777 3791 2876 3862 μὲν
2907 3791 3185 3854 Ματθαῖος
3206 3791 3297 3844 τὸν
3321 3791 3520 3862 χρόνον
3551 3790 3646 3859 τῆς

2091 3883 2228 3947 ίδίας
2279 3884 2499 3955 γραφῆς
2530 3883 2680 3954 δηλοῖ
2711 3883 2909 3950 λέγων’
2949 3903 2967 3936 ι
2992 3883 3257 3948 Ἀκούσας
3285 3884 3341 3938 δὲ
3373 3886 3462 3938 ὅτι
3490 3885 3659 3940 Ἰωαν-

2090 3991 2188 4043 νης
2229 3975 2522 4044 παρεδόθη,
2581 3957 2930 4046 ἀνεχῶρησεν
2981 3974 3090 4028 ἀπὸ
3152 3977 3255 4047 τῆς
3303 3977 3567 4041 Ἰουδαίας
3584 3977 3660 4039 εἷς

2090 4063 2190 4135 τὴν
2232 4063 2556 4120 Γαλιλαίαν·
2593 4084 2612 4120 ι
2647 4065 2740 4119 καὶ
2777 4067 2807 4119 6
2838 4067 3052 4132 Λουκᾶς
3093 4067 3172 4134 δέ,
3227 4051 3358 4138 πρῖν
3399 4069 3662 4150 ἄρξασθαι

2091 4157 2202 4211 τῶν
2236 4157 2329 4211 τοῦ
2377 4157 2552 4230 Ἰησοῦ
2609 4157 2884 4229 πράξεων,
2945 4161 3345 4231 παραπλησίως
3377 4163 3664 4232 ὑποφαίνει

2093 4250 2326 4320 φάσκων
2350 4249 2428 4314 ὡς
2455 4250 2564 4321 ἄρα
2593 4249 2854 4320 προσθεὶς
2879 4253 2908 4306 6
2947 4251 3198 4324 Ἧρώδης
3229 4249 3312 4317 οἷς
3337 4253 3665 4326 διεπράξατο

2095 4343 2414 4396 κατέκλεισε
2443 4342 2534 4397 τὸν
2579 4344 2831 4414 Ἰωάννην
2877 4345 2935 4398 ἐν
2969 4347 3035 4417 τῇ
3084 4345 3322 4416 φυλακῇ.
3361 4349 3465 4401 Διά
3501 4345 3663 4401 ταῦτα

2093 4431 2226 4502 γοῦν
2299 4431 2390 4486 τὸν
2456 4433 2752 4488 ἁπόστολόν
2830 4453 2996 4504 φασιν
3075 4437 3328 4508 Ἰωάννην
3384 4437 3658 4510 παρακλη-

411 4529 702 4593 antequam
733 4523 970 4595 Baptista
1002 4526 1056 4581 in
1081 4543 1358 4584 carcerem
1390 4531 1778 4600 conjiceretur,
1814 4534 1867 4588 in
1887 4551 1988 4590 suo

2095 4523 2275 4591 θέντα,
2311 4526 2404 4580 τὸν
2433 4526 2538 4580 ὑπὸ
2567 4527 2676 4579 τῶν
2712 4527 3000 4598 προτέρων
3056 4528 3466 4596 εύαγγελιστῶν
3497 4545 3665 4598 παρα-

412 4611 700 4669 tradidisse
733 4613 1048 4690 Evangelia,
1096 4621 1200 4674 etsi
1249 4621 1404 4690 prius
1441 4637 1552 4676 non
1605 4625 1808 4696 scripta
1857 4642 1991 4682 usus

409 4709 555 4756 esset
583 4704 990 4773 praedicatione,
1018 4717 1074 4763 et
1121 4709 1230 4764 hoc
1261 4711 1436 4781 ipsum
1478 4714 1835 4784 signiﬁcasse,
1863 4733 1990 4787 par-

411 4791 507 4846 tim
534 4793 752 4864 quidem
775 4797 1006 4853 dicendo
1023 4799 1067 4832 ¹⁸
1093 4816 1108 4852 :
1139 4801 1282 4856 illoc
1301 4803 1627 4874 principium
1661 4806 1786 4862 fecit
1807 4809 1991 4880 signo-

411 4896 533 4936 rum
567 4883 784 4950 Jesus,»
824 4888 1022 4957 partim
1053 4899 1234 4946 autem
1257 4891 1506 4948 faciendo
1528 4896 1860 4952 mentionem
1892 4897 1994 4952 Ba-

412 4973 600 5042 ptista;
661 4977 804 5033 inter
858 4980 1106 5038 actiones
1156 4984 1308 5051 Jesu,
1364 4996 1421 5040 ut
1471 4987 1563 5058 qui
1618 4997 1746 5044 tunc
1807 4989 1988 5046 adhuc

410 5065 714 5136 haptizaret
748 5070 805 5124 in
830 5069 1012 5128 Enon
1061 5090 1234 5148 prope
1287 5077 1478 5134 Salim.
1532 5079 1798 5136 Prmterea
1858 5099 1988 5138 vero

411 5154 516 5210 hoc
546 5160 785 5216 ostendit
811 5163 1072 5233 apertius,
1095 5167 1284 5225 dicens
1317 5188 1332 5226 :
1371 5189 1390 5224 ι
1415 5168 1668 5226 Nondum
1701 5173 1846 5228 enim
1872 5185 1992 5230 erat

408 5242 648 5305 Joannes
675 5253 955 5324 conjectus
971 5256 1027 5312 in
1059 5273 1387 5315 carcerem.»
1427 5261 1505 5316 Ex
1531 5262 1616 5317 his
1637 5279 1764 5335 ergo
1801 5275 1991 5335 apt-rte

411 5341 676 5408 ostendit,
709 5341 1053 5419 Thcologum
1074 5365 1136 5405 ea
1170 5349 1222 5405 in
1263 5367 1364 5406 suo
1415 5351 1705 5425 Evangelio
1753 5356 1988 5422 tradere,

411 5447 536 5501 quae
567 5448 599 5488 a
628 5433 848 5493 Christo
877 5438 1022 5496 facta
1055 5452 1203 5508 sunt,
1226 5442 1439 5499 Joanne
1471 5445 1712 5501 nondum
1739 5447 1990 5518 conjecto

2098 4616 2444 4685 σιω-κτηθέντα
2469 4618 2680 4688 χρόνον,
2709 4619 2804 4672 καὶ
2837 4620 2906 4672 τὰ
2937 4617 3058 4673 κατ’
3090 4618 3256 4672 αὑτὸν
3302 4618 3664 4690 πεπραγμένα

2095 4705 2173 4777 τῷ
2203 4708 2438 4778 Σωτῆρι,
2469 4709 2645 4764 ταῦτα
2669 4710 2726 4764 δὲ
2750 4711 2856 4782 πρὸ
2883 4713 2982 4780 τῆς
3003 4708 3095 4764 τοῦ
3121 4709 3432 4764 Βαπτιστοῦ
3451 4710 3665 4781 καθείρ-

2107 4797 2242 4864 ξεως
2269 4798 2346 4870 τῷ
2374 4799 2496 4854 κατ’
2527 4800 2694 4854 αὑτὸν
2721 4801 3037 4870 Εὑαγγελίῳ
3094 4801 3455 4872 παραδοῦναι,
3489 4801 3660 4854 καίτοι

2097 4896 2362 4966 πρότερον
2386 4896 2622 4968 ἀγράφῳ
2649 4897 2990 4968 κεχρημένον
3035 4896 3378 4967 κηρύγματι,
3407 4895 3507 4949 καὶ
3544 4893 3668 4950 αύτδ

2091 4987 2253 5042 τοῦτο
2285 4988 2751 5059 ἐπισημήνασθαι,
2793 4988 2916 5042 τοτὲ
2947 4989 3048 5058 μὲν
3072 4988 3320 5058 φήσαντα
3349 5004 3364 5019 ·
3408 5007 3428 5040 ι
3456 4985 3665 5052 Ταύτην

2093 5081 2192 5153 τὴν
2224 5079 2396 5152 ἀρχὴν
2423 5080 2648 5152 ἐποίησε
2688 5080 2798 5134 τῶν
2829 5080 3150 5150 παραδόξων
3176 5081 3205 5133 6
3231 5077 3437 5150 Ἰησοῦς
3460 5096 3474 5110 ο
3505 5098 3524 5132 ι
3554 5076 3664 5131 τοτέ

2094 5172 2152 5227 δὲ
2202 5170 2656 5244 μνημονεύσαντα
2729 5169 2824 5225 τοῦ
2913 5168 3222 5224 Βαπτιστοῦ
3283 5169 3491 5240 μεταξὺ
3559 5165 3660 5222 τῶν

2108 5263 2284 5334 Ἰησοῦ
2334 5261 2610 5335 πράξεων,
2637 5263 2712 5326 ὠς
2757 5263 2838 5316 ἔτι
2872 5261 2996 5316 τότε
3033 5259 3390 5332 βαπτίζοντος
3418 5262 3478 5312 ἐν
3498 5257 3663 5314 Δὶνῶν

2097 5354 2266 5424 ἐγγὺς
2292 5353 2386 5408 τοῦ
2412 5353 2622 5425 Σαλήμ.
2660 5351 2850 5406 Ἔτιδέ
2885 5351 3222 5421 σαφέστερον
3251 5345 3409 5401 τοῦτο
3431 5346 3662 5400 δείκνυσι

2095 5448 2294 5517 λέγων’
2332 5467 2350 5499 ι
2373 5446 2540 5500 Οὔπω
2580 5447 2690 5517 γάρ
2728 5442 2794 5519 ἦν
2820 5447 2849 5500 6
2881 5444 3140 5514 Ἰωάννης
3197 5440 3532 5513 βεϐλημένος
3591 5439 3662 5498 εἰς

413 5523 470 5578 in
521 5540 802 5584 carcerem
860 5531 1153 5604 :reliquos
1206 5545 1386 5590 autem
1469 5546 1578 5593 tres
1636 5540 1988 5610 evangelistas

2099 5540 2369 5613 φυλακήν.
2402 5559 2420 5594 ι
2489 5539 2764 5595 Δέδεικται
2830 5534 2924 5595 οὖν
2977 5535 3228 5608 φανερῶς
3283 5537 3345 5588 ἐκ
3409 5529 3667 5586 τούτωνό

491 5687 536 5721 ⁸⁸
564 5686 757 5744 Matth.
791 5705 864 5755 Iv,
895 5690 982 5746 12.
1063 5691 1104 5722 ⁸⁸
1134 5690 1262 5747 Luc.
1302 5710 1385 5761 ιιι,
1417 5696 1506 5750 20.
1591 5697 1632 5731 ¹⁵
1663 5697 1822 5754 Jom.
1859 5714 1917 5766 ιι,
1947 5697 2030 5752 ll.

485 5800 564 5872 (2)
604 5802 800 5861 Contra
834 5811 997 5862 limes
1021 5805 1114 5862 lib.
1149 5823 1228 5874 Ill,
1265 5823 1425 5879 capp.
1465 5809 1515 5878 l,
1563 5809 1646 5863 ll.
