3832 6492
156 352 274 419 7-59

1438 350 1615 411 VITA
1648 349 1708 411 S.
1757 349 2164 413 TIMOTIIEI.

3330 359 3435 422 ’ΠΟ

159 465 446 538 Θεολόγος.
489 467 550 523 έν
577 468 644 540 τῇ
670 465 767 520 τοὺ
803 462 926 520 κατ’
962 459 1128 517 αὑτὸν
1168 458 1504 529 Εὑαγγελίου
1534 462 1741 531 γραφῇ,

1856 462 2170 518 meminisse
2192 476 2404 529 eorum,
2432 478 2552 534 qua:
2579 466 2718 521 facta
2755 478 2904 534 sunt,
2935 479 3220 542 postquam
3268 473 3438 531 Joan-

160 560 234 613 τὰ
267 558 491 630 μηδέπω
522 556 618 612 τοῦ
660 552 984 611 οΒαπτιστοῦ
1015 551 1352 623 βεϐλημένου
1383 552 1462 615 είς
1498 552 1749 621 φυλακὴν

164 652 275 707 ὑπὸ
317 650 558 723 Χριστοῦ
614 648 934 723 πραχθέντα
983 646 1335 716 παραδιδοὺς,
1389 646 1439 699 οῖ
1469 646 1526 699 δὲ
1568 645 1747 699 λοιποὶ

161 747 313 814 τρεῖς
340 742 733 813 εὑαγγελισταὶ
766 741 836 795 τά
867 740 1008 811 μετὰ
1040 740 1138 812 τὴν
1164 740 1247 803 είς
1292 739 1353 792 τὸ
1371 737 1747 810 δεσμωτήριον

160 837 446 909 κάθειρξιν
498 835 605 891 ,τοῦ
662 831 971 889 Εαπτιστοῦ
1032 830 1484 903 μνημονεύοντες.
1525 826 1620 895 Οῗς
1650 831 1744 884 καὶ⁵

160 934 520 1002 ὲπιστήσαντι
567 929 754 983 οὑκέτι
783 927 849 982 ἂν
894 926 1109 994 δόξαιεν
1142 926 1434 993 διαφωνεῖν
1492 923 1745 995 ἀλλήλοις

159 1026 230 1079 τὰ
260 1025 589 1094 Εὑαγγέλια,
606 1021 685 1094 τῷ
712 1020 774 1075 τὸ
801 1019 901 1091 μὲν
928 1018 1072 1074 κατὰ
1108 1018 1363 1087 Ἰωάννην
1393 1016 1459 1071 τὰ
1480 1017 1744 1090 πρότερον

160 1117 270 1171 ὑπδ
288 1116 382 1171 τοῦ
427 1114 665 1184 Χριστοῦ
692 1111 1007 1184 πραχθέντα
1037 1109 1366 1181 διηγεῖσθαι,
1398 1108 1467 1161 τά
1491 1106 1548 1160 δὲ
1580 1106 1745 1160 λοιπὰ

154 1207 260 1280 τὴν
285 1208 379 1262 ἐπὶ
401 1208 543 1262 τέλει
568 1206 661 1260 τοῦ
695 1204 935 1277 Χριστοῦ
971 1201 1118 1273 αὑτῷ
1144 1202 1442 1271 γενομένην
1477 1200 1740 1269 ἱστορίαν.

137 1288 402 1364 ⁹Εἰκότως
423 1297 517 1354 οὖν
546 1298 645 1371 τὴν
674 1299 773 1370 μὲν
805 1300 903 1369 τῆς
939 1297 1142 1369 σαρκὸς
1175 1295 1269 1350 τοῦ
1303 1294 1556 1361 Σωτῆρος
1586 1292 1743 1363 ἡμῶν

159 1392 535 1461 γενεαλογίαν,
593 1390 689 1445 ἅτε
766 1388 1033 1460 Ματθαίῳ
1082 1389 1176 1442 καὶ⁸
1244 1385 1432 1457 Λουκᾷ
1494 1400 1737 1455 προγρα-

159 1489 357 1555 φεῖσαν
384 1485 772 1553 ἀποσιωπῆσαι
804 1484 895 1536 τὸν
926 1482 1204 1553 Ἰωάννην,
1236 1481 1335 1550 τῆς
1364 1478 1421 1532 δὲ
1449 1476 1733 1545 θεολογίας

1854 568 1956 607 nes
1985 552 2174 608 fuisset
2200 555 2484 622 conjectus
2504 555 2558 608 in
2583 556 2820 614 vincula.
2846 557 2980 626 Quae
3006 563 3097 633 qui
3121 566 3438 635 attenderit,

1852 659 1964 699 non
2011 644 2247 715 amplius
2277 645 2327 700 ci
2357 645 2693 702 videbuntur
2731 649 3045 722 discrepare
3100 655 3391 729 Evangelia
3420 678 3436 727 ;

1852 736 1998 806 quod
2038 736 2092 791 id
2122 736 2343 805 quidem
2371 738 2520 809 quod
2550 747 2635 794 est
2664 743 2968 797 secundum
3019 743 3286 802 Joannem
3329 749 3438 820 pri-

1853 846 1971 886 mas
2007 830 2213 886 Christi
2258 832 2506 887 continet
2537 834 2806 902 actiones,
2842 837 3049 909 reliqua
3105 850 3310 906 autem,
3358 842 3439 897 lii--

1851 924 2076 977 storiam
2108 939 2231 994 quas
2262 923 2402 979 facta
2435 935 2521 993 est
2565 927 2619 980 in
2654 927 2773 997 ipso
2808 929 2914 985 fine
2963 930 3189 988 Christi.
3241 934 3437 990 Merito

1850 1030 1981 1086 ergo
2006 1016 2187 1072 carnis
2216 1017 2437 1087 quidem
2487 1017 2795 1075 Servatoris
2827 1023 2999 1077 nostri
3040 1026 3436 1098 geneaIOgiam,

1850 1118 1911 1163 ut
1937 1125 2057 1179 quae
2087 1125 2117 1163 a
2164 1108 2417 1165 Maltlireo
2458 1119 2513 1165 et
2558 1111 2700 1166 Luca
2753 1114 2906 1184 prius
2960 1117 3160 1186 scripta
3220 1118 3436 1184 fuisset,

1847 1201 2091 1257 Joannes
2136 1202 2354 1257 silentio
2394 1205 2656 1274 praeteriit
2693 1223 2707 1261 :
2739 1222 2771 1260 a
2834 1206 3103 1280 theologia
3137 1221 3317 1266 autem
3350 1214 3438 1267 in-

1848 1294 2000 1365 cipit,
2026 1302 2086 1348 ut
2114 1310 2233 1365 quae
2254 1295 2325 1361 ei,
2356 1304 2545 1366 utpote
2575 1299 2961 1367 prtestantiori,
3002 1302 3196 1357 luisset
3232 1320 3261 1358 a
3294 1305 3438 1359 bono

1850 1384 2055 1455 Spiritu
2117 1395 2459 1441 conservata.
2511 1386 2578 1441 Et
2622 1388 2702 1443 sic
2768 1390 2989 1459 quidem
3051 1393 3321 1450 Eusebius
3372 1396 3439 1452 de

1836 1474 2049 1532 Joanne
2081 1476 2271 1531 ctaliis
2293 1484 2482 1530 narrat
2510 1478 2877 1549 evangelistis.

160 1577 460 1647 ἄρξασθαι,
486 1578 560 1641 ὡς
584 1577 652 1630 ἂν
687 1574 839 1645 αὑτῷ
868 1573 1023 1645 παρά
1047 1574 1142 1627 τοῦ
1213 1570 1426 1641 ἀγαθοῦ
1494 1568 1810 1641 Πνεύματος
1851 1563 1941 1623 οἷα
1999 1558 2272 1640 κρείττονι
2324 1570 2943 1644 παραπεφυλαγμένηςο
3002 1573 3095 1626 καὶ
3145 1573 3290 1629 οὑτω
3340 1576 3440 1648 μὲν

160 1673 424 1732 Εὐσέϐιος
482 1674 609 1742 περὶ
650 1672 900 1726 Ἰωάννου
954 1671 1049 1726 καὶ
1072 1670 1184 1725 τῶν
1214 1670 1390 1725 ἄλλων
1423 1668 1622 1734 ἔξεισιν
1659 1666 2086 1737 εὑαγγελιστῶν.

232 1769 315 1822 Η’.
350 1768 463 1822 Οὑκ
489 1762 556 1837 ἦν
585 1767 641 1820 δὲ
663 1766 770 1838 ἆρα
799 1767 899 1836 τῆς
921 1764 1317 1838 αὑτοαληθείας
1349 1763 1590 1836 Χριστοῦ
1617 1765 1741 1829 τοὺς

1924 1765 2064 1822 Vill.
2099 1765 2239 1822 Fieri
2282 1784 2412 1840 ergo
2442 1785 2552 1824 non
2574 1780 2807 1840 poterat,
2855 1780 2915 1825 ut
2954 1771 3128 1842 ipsius
3164 1770 3434 1840 veritatis,

160 1861 359 1928 λόγους
409 1860 711 1921 διαπεσεῖν,
752 1878 771 1910 ι
804 1860 891 1912 Ἐν
923 1859 1003 1931 τῷ
1031 1860 1224 1931 κόσμῳ
1283 1859 1465 1929 θλίψιν
1513 1857 1688 1923 ἕξετε,
1717 1877 1738 1910 ι

161 1953 299 2023 πρὸς
323 1951 456 2015 τοὺς
488 1952 819 2015 ἀποστόλους
843 1947 968 2015 τοὺς
997 1952 1163 2007 αὑτοῦ
1198 1953 1483 2023 εἰρηκότος
1502 1969 1515 1984 ·
1546 1951 1745 2009 οὑκοῦν

157 2048 281 2101 οὑδὲ
353 2046 602 2100 διέπεσον
633 2084 651 2113 ,
715 2047 853 2101 ἀλλά
911 2045 1128 2111 πολλοῖς
1182 2046 1414 2111 ἕκαστος
1462 2045 1743 2118 ὑπεϐλήθη

159 2142 274 2201 τοῖς
336 2140 620 2209 λυπηροῖς.
688 2138 1020 2210 Δομετιανοῦ
1074 2139 1184 2211 γὰρ
1206 2139 1346 2193 κατὰ
1404 2137 1605 2209 πολλὴν
1624 2138 1741 2191 τότε

158 2237 261 2303 τῆς
316 2234 517 2295 κακίας
572 2234 725 2304 ίσχὺν
774 2233 1164 2305 εῖσφθαρέντος
1199 2236 1265 2304 τῇ
1297 2232 1568 2305 βασιλείᾳ,
1613 2226 1764 2302 μίαν⁹

157 2327 267 2379 σιῶν
306 2327 601 2380 Κυκλάδων
634 2327 729 2381 καὶ
748 2319 904 2391 οὗτος
943 2328 1112 2381 οίκεῖν
1133 2327 1549 2398 κατακρίνεται,
1574 2329 1744 2397 Δομε-

159 2419 350 2474 τιανοῦ
383 2420 478 2473 τοῦ
528 2420 668 2491 μετά
722 2420 952 2491 Νέρωνα
981 2420 1080 2491 μὲν
1109 2421 1351 2483 καὶτοὺς
1374 2420 1578 2491 μεταξὺ
1608 2420 1740 2474 πολ-

157 2513 284 2576 λοὺς
335 2512 561 2583 ὕστερον
598 2511 813 2583 χρόνοις
856 2511 955 2583 τὴν
985 2513 1161 2584 ἀρχὴν
1194 2514 1596 2578 πιστευθέντος,
1636 2531 1743 2585 μη-

157 2602 246 2657 δὲν
264 2603 324 2656 δὲ
348 2604 450 2673 τῆς
515 2605 724 2656 ἐκείνου
791 2603 1096 2674 μοχθηρίας
1150 2603 1592 2673 ἀπολειφθέντος,
1625 2602 1740 2657 ἀλλ’

157 2693 249 2747 ἀεὶ
287 2694 429 2764 πρὸς
479 2694 644 2747 αὑτὸν
684 2695 941 2762 ὁρῶντος,
980 2694 1132 2765 ἢκαὶ
1192 2694 1595 2765 ὑπερϐαλόντος
1626 2696 1742 2758 τοῖς

155 2790 533 2857 ἀτοπήμασιν,
591 2786 736 2842 οὑτω
779 2804 839 2840 τε
869 2790 991 2850 ταῖς
1050 2786 1173 2840 καθ’
1229 2787 1433 2858 ἑτέρων
1464 2785 1739 2849 διαϐολαῖς

156 2880 256 2943 τας
289 2881 462 2943 ἀκοὰς
491 2879 660 2951 ἡδέως,
692 2882 1008 2950 ὑπέχοντος,
1041 2879 1117 2943 ὡς
1145 2879 1268 2933 οὑδὲ
1310 2881 1431 2941 ταῖς
1468 2878 1550 2940 είς
1575 2875 1741 2931 αὑτὸν

126 2959 486 3042 εὐφημίαις,
546 2971 661 3040 εῖγε
700 2970 765 3041 δὴ
805 2971 1066 3026 κολακεία
1094 2972 1351 3024 τοσοῦτον
1392 2972 1634 3041 ἴσχυσεν,
1664 2968 1742 3034 ὡς

157 3064 252 3117 καὶ
284 3063 602 3133 Δομετιανῷ
642 3062 867 3116 ἐπαίνου
894 3080 947 3116 τι
973 3062 1409 3132 μεταδοῦναικαὶ
1435 3062 1735 3134 εὑφημίαςο

154 3153 317 3207 τοῦτο
373 3154 509 3217 γοῦν
546 3154 607 3207 τὸ
655 3154 791 3224 πρὸς
834 3154 1085 3218 διαϐολὰς
1132 3154 1343 3208 ἐκείνου
1408 3153 1518 3207 τῶν
1559 3153 1739 3207 ἀκοῶν

155 3245 383 3299 εὔκολον
434 3246 733 3317 ὑπερορίαν
781 3247 882 3318 τὴν
910 3247 989 3310 είς
1024 3247 1247 3317 Πάτμον
1286 3247 1609 3318 κατακρίνει
1643 3246 1739 3300 τοῦ

167 3337 445 3392 Ἰωάννου.
514 3337 671 3392 Οῦτω
722 3338 829 3411 γὰρ
867 3340 901 3410 ἡ
958 3340 1057 3410 τῆς
1123 3339 1423 3412 ὑπερορίας
1457 3339 1744 3411 ὠνόμαστο

153 3431 338 3501 νῆσος.
398 3431 566 3485 Ἔνθα
586 3432 650 3503 δὴ
680 3432 773 3486 καὶ
821 3431 1032 3503 ἀτίμως
1084 3434 1376 3504 ὑπερορίου
1407 3432 1506 3486 τοῦ
1553 3433 1738 3503 τιμίου

153 3524 359 3596 δηλαδὴ
383 3526 698 3596 γενομένου,
726 3524 991 3595 Τιμόθεος
1018 3524 1117 3594 τῆς
1144 3525 1454 3595 ἐπισκοπῆς
1470 3526 1740 3596 Ἐφεσίων

154 3619 525 3682 ἀντεποιεῖτο,
561 3619 664 3671 κᾶν
707 3618 828 3672 οὑδὲ
891 3617 1055 3672 αὑτὸν
1108 3617 1395 3671 ἐπιϐιῶναι
1455 3617 1534 3689 τῷ
1566 3616 1743 3691 θρόνῳ

155 3712 350 3780 χρόνον
374 3709 559 3762 ἱκανὸν
593 3708 621 3760 ό
648 3707 839 3780 ὲχθρδς
858 3710 1066 3765 εἴασεν.

222 3886 308 3943 6’.
343 3883 453 3942 Ἦν
481 3887 590 3957 γάρ
648 3904 733 3951 τις
786 3886 919 3958 παρ’
961 3886 1229 3957 Ἐφεσίοις
1260 3885 1445 3959 ἑορτὴ,
1474 3884 1744 3958 Καταγω-

155 3999 289 4054 τιον
312 3981 405 4035 ὑπ’
427 3982 610 4036 αὑτῶν
670 3980 1002 4052 καλουμένη·
1056 3981 1199 4035 κατὰ
1242 3980 1375 4051 γοῦν
1410 3980 1619 4054 ταύτην
1652 3982 1743 4054 ῥόα-

157 4077 308 4130 παλά
329 4092 387 4129 τε
415 4073 821 4145 ἀναιρούμενοι,
846 4074 941 4127 καὶ
957 4073 1153 4130 εἴδωλα
1177 4075 1265 4128 διὰ
1293 4076 1477 4147 χειρὸς
1508 4075 1741 4147 ἔχοντες,

155 4171 250 4224 καί
297 4187 424 4222 τινα
474 4168 846 4239 περιτιθέντες
912 4169 1126 4233 ἑαυτοῖς
1189 4172 1508 4241 προσωπεῖα
1552 4170 1653 4241 τῆς
1680 4187 1742 4223 τε

154 4264 371 4326 πόλεως
422 4262 648 4334 ἀναίδην
700 4261 767 4314 τὰ
820 4262 1194 4335 ὲπισημότερα
1238 4264 1378 4336 μέρη
1441 4265 1745 4335 περιιόντες

155 4360 249 4414 καί
311 4375 436 4411 τινα
485 4356 698 4420 τούτοις
751 4356 1068 4428 ἐπᾴδοντες,
1127 4356 1357 4427 ἀνδράσι
1415 4354 1495 4409 τε’
1529 4356 1625 4409 καὶ
1648 4372 1745 4425 γυ-

1846 1858 2048 1916 Christi
2102 1860 2346 1930 inquam,
2399 1862 2566 1917 verba
2592 1864 2960 1931 ‘exciderent,
2992 1864 3108 1933 ~qui
3156 1863 3438 1935 discipulis

1847 1953 1961 2008 suis
1976 1951 2144 2007 dixit:
2166 1972 2183 2005 ι
2212 1952 2272 2007 In
2294 1954 2501 2008 mundo
2517 1953 2866 2011 alllictionem
2900 1956 3171 2012 habebitis
3204 1957 3301 2012 ".1
3334 1956 3439 2011 Ne-

1845 2060 1950 2116 que
1971 2044 2455 2113 ergoexciderunt,
2480 2046 2575 2100 sed
2593 2055 2821 2117 uterque
2841 2049 3041 2104 multas
3076 2050 3246 2105 subiit
3266 2049 3438 2106 mole-

1846 2136 1997 2194 stias.
2031 2124 2168 2190 Cum
2196 2136 2343 2191 enim
2375 2135 2717 2193 Domitianus
2757 2154 2855 2209 per
2879 2154 3131 2211 magnam
3163 2140 3269 2207 vim
3314 2155 3438 2195 sce-

1843 2228 1973 2283 leris
2007 2237 2139 2284 tunc
2192 2229 2483 2284 invasisset
2528 2231 2839 2301 imperium,
2902 2232 3299 2288 condemnatur
3342 2233 3436 2289 hic

1843 2337 2061 2393 quoque
2100 2322 2347 2378 habitare
2386 2339 2551 2379 unam
2598 2340 2664 2379 ex
2694 2325 3035 2398 Cycladibus.
3072 2324 3432 2392 Domitianus,

1845 2415 2088 2487 inquam,
2119 2410 2213 2472 cui
2233 2424 2358 2488 post
2390 2415 2665 2472 Neronem
2724 2426 2780 2473 ct
2836 2433 2932 2474 eos
2962 2418 3053 2489 qui
3088 2418 3435 2474 intercedunt

1845 2510 2162 2565 mandatum
2214 2508 2317 2565 fuit
2362 2510 2699 2580 imperium;
2756 2511 2806 2565 ei
2860 2520 3042 2565 autem
3085 2509 3435 2581 improbitate

1842 2602 2018 2656 nihilo
2046 2602 2145 2657 fuit
2184 2602 2430 2668 inferior,
2468 2603 2561 2657 sed
2594 2618 2812 2674 semper
2840 2603 2907 2658 ad
2947 2603 3127 2673 ipsum
3166 2600 3434 2670 respicie-

1841 2693 1954 2759 bat,
2007 2700 2102 2747 aut
2151 2693 2314 2748 etiam
2363 2693 2663 2748 sceleribus
2693 2708 2748 2749 et
2778 2693 2999 2764 flagitiis
3035 2694 3349 2763 superabat,
3382 2701 3437 2749 et

1844 2786 2067 2840 structis
2100 2786 2153 2838 in
2181 2785 2318 2840 alios
2347 2786 2638 2841 calumniis
2671 2796 2779 2841 tam
2810 2785 3068 2839 lubenter
3118 2800 3282 2840 aures
3334 2800 3433 2841 ae-

1843 2875 2245 2939 commodabat,
2278 2892 2440 2947 quam
2475 2878 2589 2933 suis
2621 2877 2795 2948 ipsius
2826 2876 3083 2931 laudibus
3113 2894 3125 2929 :
3157 2876 3433 2948 siquiderr.

1844 2976 2057 3024 tantum
2104 2967 2276 3022 valuit
2335 2970 2664 3035 assentatio,
2726 2976 2787 3022 ut
2836 2968 3000 3023 etiam
3068 2969 3433 3024 Domitianum

1842 3059 2003 3113 laude
2037 3057 2212 3129 aliqua
2237 3060 2543 3130 impertiret
2575 3067 2631 3114 et
2670 3059 2996 3115 celebraret.
3031 3057 3180 3114 illius
3213 3075 3340 3130 ergo
3367 3059 3437 3113 ad

1842 3151 2003 3207 facile
2065 3151 2367 3207 audiendas
2414 3152 2718 3208 calumnias
2781 3150 3099 3223 proliensi'o,
3165 3151 3432 3207 Joannem

1844 3245 2198 3311 condemnat,
2232 3254 2293 3300 ut
2332 3229 2609 3317 relegetur
2635 3246 2692 3302 in
2733 3245 2987 3305 Patmon.
3036 3242 3127 3299 Sic
3157 3244 3303 3299 enim
3337 3258 3436 3297 no-

1842 3338 2049 3394 minata
2078 3346 2162 3394 est
2192 3339 2391 3405 insula,
2441 3339 2496 3394 in
2536 3356 2700 3411 quam
2753 3339 2858 3396 fuit
2911 3341 3206 3410 relegatus.
3261 3337 3433 3403 Quem

1844 3430 2067 3500 quidem
2114 3429 2171 3491 in
2206 3430 2387 3484 locum
2422 3446 2548 3485 cum
2600 3445 2700 3500 per
2759 3428 3113 3500 ignominiam
3167 3427 3440 3499 relegatus

1845 3522 2049 3578 fuisset
2113 3523 2461 3578 venerandus
2493 3522 2756 3587 Joannes,
2798 3521 3121 3576 Timotheus
3151 3518 3270 3590 ejus
3319 3517 3439 3572 loco

1847 3615 2093 3686 suscepit
2118 3616 2495 3686 episcopatum
2522 3614 2890 3685 Ephesiorum
2925 3632 2939 3669 :
2971 3627 3285 3683 quanquam
3332 3624 3437 3664 nec

1844 3709 2023 3781 ipsum
2051 3723 2269 3779 quoque
2299 3708 2356 3765 in
2386 3708 2516 3765 sede
2544 3708 2710 3780 longo
2735 3716 2982 3778 tempore
3019 3706 3204 3761 vivere
3233 3702 3435 3775 permi-

1845 3802 1917 3857 sit
1962 3798 2236 3855 inimicus.

1913 3889 2006 3945 IX.
2033 3888 2165 3945 Erat
2191 3889 2337 3946 enim
2359 3886 2578 3961 quidem
2600 3888 2718 3947 dies
2749 3888 2924 3946 festus
2969 3889 3114 3961 apud
3142 3887 3433 3959 Ephesios,

1844 3982 1940 4054 qui
1969 3982 2038 4038 ab
2089 3982 2172 4037 eis
2205 3982 2505 4039 vocabatur
2544 3980 2909 4054 Catagogium
2945 3999 2958 4037 :
2997 3981 3052 4035 in
3083 3996 3149 4036 eo
3202 3994 3333 4051 ergo
3380 3987 3440 4035 et

1845 4077 2030 4131 clavas
2060 4076 2334 4141 tollentes,
2371 4085 2427 4130 et
2464 4075 2755 4130 simulacra
2784 4075 2838 4129 in
2869 4075 3124 4129 manibus
3162 4080 3438 4136 tenentes,

1845 4178 1901 4224 et
1927 4169 2031 4224 sibi
2066 4169 2329 4240 quasdam
2365 4168 2712 4239 imponentes
2745 4182 3034 4238 personas,
3079 4174 3135 4221 et
3160 4166 3438 4237 insignio-
3534 4222 3538 4226 ,

1847 4279 1937 4320 res
1959 4271 2144 4334 partes
2165 4262 2400 4317 civitatis
2428 4262 2777 4333 impudenter
2810 4261 3099 4327 obeuntes,
3125 4269 3182 4314 et
3206 4259 3271 4313 iis
3295 4274 3441 4329 quae-

1846 4357 1972 4412 dam
2034 4357 2282 4411 carmina
2333 4356 2714 4422 decantantes,
2769 4354 3024 4425 virosque
3074 4361 3130 4408 et
3178 4352 3440 4407 mulieres

154 4451 305 4517 ναιξὶ
334 4449 647 4521 λῃστρικῶς
689 4448 960 4516 ἐπιόντες,
995 4448 1163 4501 πολὺν
1194 4447 1374 4501 αὑτῶν
1420 4447 1741 4517 εἰργάζοντο

1853 4462 2006 4503 more
2061 4447 2379 4518 pnedonum
2426 4447 2769 4508 invadentes,
2822 4459 3075 4516 magnam
3108 4440 3311 4496 caedem
3342 4455 3437 4495 eo-

155 4543 343 4612 φόνον,
377 4541 551 4615 ταύτῃ
583 4542 676 4595 τὸν
702 4544 900 4596 οἰκεῖον
927 4542 1220 4613 ἡγούμενοι
1247 4541 1474 4613 δαίμονα
1501 4544 1668 4614 τιμᾷν
1689 4543 1740 4596 oi

156 4636 555 4699 κατάπτυστοι,
614 4633 699 4687 ἵνα
752 4635 1049 4703 φαίνωνται
1111 4634 1392 4698 τοιούτους
1455 4634 1739 4707 ἄνθρωποι

155 4725 456 4796 τιμῶντες,
512 4719 586 4779 ὧν
617 4727 650 4797 ἡ
684 4726 917 4797 μεγίστη
979 4727 1247 4796 θεραπεία
1298 4727 1407 4780 τῶν
1453 4728 1740 4799 τιμώντων

156 4815 185 4867 ὁ
212 4816 470 4878 θάνατος.
490 4814 752 4883 Τιμόθεος
781 4817 962 4870 τοίνυν
991 4817 1018 4868 ὁ
1043 4815 1183 4881 θεῖος
1229 4817 1419 4881 δεινῶς
1446 4817 1538 4870 ἐπὶ
1569 4820 1743 4889 τούτῳ

165 4909 375 4975 ἀλύων,
408 4906 506 4961 καὶ
532 4906 692 4978 ζήλου
747 4910 881 4979 ’πυρὶ⁸
897 4908 965 4961 τά
993 4909 1276 4981 σπλάγχνα
1310 4911 1621 4982 καιόμενος,
1652 4913 1746 4966 καὶ

158 5001 322 5056 τοῦτο
350 5001 447 5071 μὲν
472 5000 806 5071 συμϐουλαῖς
833 5002 1090 5065 πολλάκις
1118 5005 1209 5057 καὶ
1230 5004 1559 5076 ὑποθήκαις,
1586 5006 1747 5061 τοῦτο

159 5092 215 5145 δὲ
251 5094 613 5162 παραινέσεσι
633 5093 727 5146 καὶ
752 5092 1127 5158 διδασκαλίαις
1144 5097 1517 5168 χρησάμενος,
1543 5098 1635 5151 καὶ
1668 5099 1743 5170 μὴ

161 5184 351 5234 πεῖσαι
402 5182 650 5263 δυνηθεὶς
714 5184 913 5248 αὐτοὺς
972 5186 1312 5257 ἀποσχέσθαι
1341 5189 1441 5260 τῆς
1486 5190 1745 5262 τοιαύτης

167 5273 390 5344 μανίας,
434 5277 717 5345 πρόσεισιν
752 5278 938 5349 αὐτοῖς
974 5279 1068 5332 ἐπὶ
1116 5280 1292 5353 μέσης
1343 5281 1587 5353 ἀμφόδου
1618 5283 1745 5353 ἄρτι

232 5462 283 5494 ¹⁶
318 5462 480 5519 Joan.
514 5478 627 5529 ιιι-ι,
668 5463 756 5519 55.

236 5665 315 5736 (l)
346 5667 466 5720 Non
506 5666 774 5722 successit
820 5667 1016 5724 Joanni
1061 5668 1385 5723 Timotheus
1418 5685 1431 5720 :
1464 5666 1553 5721 hic
1588 5665 1738 5721 enim

164 5733 266 5809 fuit
297 5733 514 5809 primus
566 5738 927 5807 Ephesiorum
985 5740 1294 5809 episcopus,
1336 5737 1431 5793 sed
1493 5737 1739 5809 qua‘ndiu

112 5810 120 5818 '
167 5807 356 5863 aderat
396 5806 657 5873 Joannes,
692 5809 986 5879 apostolus
1020 5806 1231 5868 Christi
1280 5820 1336 5865 et
1382 5806 1740 5881 evangelista,

1847 4560 1971 4597 rum
2012 4542 2323 4598 faciebant:
2361 4557 2425 4597 ea
2455 4542 2663 4605 ratione
2691 4550 2948 4612 putantes
2980 4535 3328 4601 exsecrandi,
3376 4548 3437 4587 se

1851 4650 2012 4690 suum
2041 4634 2315 4690 honorare
2362 4634 2692 4693 daemonem,
2728 4640 2788 4686 ut
2823 4646 2919 4685 eos
2965 4629 3285 4685 viderentur
3334 4625 3436 4679 ho-

1851 4728 2029 4782 mines
2059 4728 2353 4790 honorare,
2401 4742 2635 4796 quorum
2678 4724 2947 4779 maximus
2969 4722 3150 4777 cultus
3178 4728 3262 4774 est
3292 4731 3440 4773 mors

1852 4835 2046 4875 eorum
2077 4819 2170 4889 qui
2198 4820 2490 4875 honorant.
2529 4818 2751 4873 Divinus
2804 4832 2934 4888 ergo
2979 4814 3300 4868 Timotheus
3336 4812 3440 4866 hoc

1855 4928 1999 4985 aegre
2027 4913 2231 4977 ferens,
2258 4921 2312 4968 et
2335 4912 2460 4985 igne
2490 4911 2591 4965 zeli
2624 4909 2927 4965 visceribus
2964 4906 3354 4972 inﬂammatus,
3384 4913 3441 4959 et

1851 5007 2052 5079 partim
2084 5006 2306 5077 quidem
2357 5005 2603 5060 consiliis
2655 5018 2789 5058 usus
2838 5010 2893 5057 et
2946 4998 3439 5063 admonitionibus,

1852 5116 1977 5155 cum
2014 5083 2243 5154 minime
2263 5098 2531 5170 potuisset
2560 5096 2641 5152 eis
2674 5096 3029 5168 persuadere,
3063 5104 3181 5151 uta
3211 5095 3304 5150 tali
3338 5095 3431 5149 de—

1851 5193 2113 5247 sisterent
2144 5190 2378 5257 insania,
2408 5190 2622 5245 accedit
2655 5191 2723 5246 ad
2759 5206 2855 5246 eos
2881 5190 2934 5244 in
2964 5190 3141 5244 media
3173 5187 3435 5261 compita,

1850 5305 1977 5345 eum
2002 5289 2113 5361 jam
2150 5288 2349 5343 festum
2377 5295 2654 5361 ageretur,
2682 5304 2876 5347 rursus
2903 5288 3227 5355 admonens,
3259 5286 3440 5342 inore.

1853 5661 1922 5744 is,
1962 5663 2227 5744 licet.non_
2259 5668 2352 5723 uni
2383 5667 2498 5725 sedi
2533 5670 2814 5740 astrictus,
2840 5687 3098 5744 primaria
3131 5682 3312 5731 tamen
3344 5687 3438 5732 va—

1848 5733 1995 5790 lebat
2019 5738 2365 5795 auctoritate.
