3832 6504
370 346 476 415 771

1578 338 1861 403 MENSIS
1899 337 2357 403 JANUARIUS.

3521 342 3629 409 ’νη

378 474 536 532 pans,
568 456 790 520 docens,
830 452 961 526 quid
990 465 1099 507 non
1132 449 1339 506 faciens
1366 464 1431 505 ex
1478 449 1544 506 iis
1574 465 1695 521 qua:
1722 457 1944 521 possent

2055 447 2146 518 τῆς
2183 448 2378 520 ἑορτῆς
2425 448 2724 522 ἀγομένης,
2746 449 3082 522 παρακαλῶν
3111 448 3297 520 αὖθις,
3328 449 3627 523 ἐπιτιμῶν,

372 552 652 606 dimovere
685 544 964 601 hominem
989 559 1021 599 a
1048 543 1142 599 tali
1173 542 1404 598 insania.

437 726 509 783 Χ.
540 726 623 782 11ιί
669 733 851 780 autem
888 722 1009 793 ejus
1051 720 1263 779 dicendi
1305 721 1610 777 libertatem
1652 735 1795 792 :egre
1849 718 1943 776 fe»

366 827 574 881 rentes,
608 826 950 886 quaecunque
1001 809 1277 865 habebant
1321 809 1377 863 in
1410 808 1681 868 manibus.
1740 808 1806 861 iis
1848 811 1942 860 ad-

366 925 562 967 versus
595 923 721 963 eum
746 906 829 961 usi
860 913 1008 971 sunt,
1049 918 1174 959 eum
1202 902 1464 957 ferientes
1511 910 1567 955 et
1613 916 1711 970 per
1741 908 1939 954 terram

367 1004 647 1058 trahentes
669 1016 791 1055 cum
815 1013 977 1069 quam
1007 997 1241 1051 maxima
1270 994 1378 1050 dici
1412 1002 1589 1064 potest
1620 992 1941 1050 crudelitate

368 1104 426 1151 et
447 1093 872 1156 inhumanitate,
906 1100 961 1145 et
997 1089 1216 1144 tandem
1274 1086 1427 1142 humi
1476 1086 1770 1156 iacentem,
1816 1098 1937 1139 cum

366 1185 545 1241 omnis
578 1184 754 1239 virtus
784 1181 965 1237 vitalis
989 1189 1045 1235 et
1070 1178 1320 1249 operatio
1353 1193 1478 1233 eum
1499 1176 1779 1239 deficeret,
1811 1174 1939 1245 qui-

366 1276 491 1331 dam
557 1273 855 1330 Christiani
906 1288 1031 1327 eum
1077 1272 1354 1337 tollentes,
1406 1283 1598 1338 parum
1651 1267 1831 1321 adhuc
1883 1274 1941 1321 et

364 1379 505 1436 aegre
528 1363 847 1433 spirantem,
876 1369 931 1415 et
954 1360 1066 1430 jam
1093 1358 1253 1413 morti
1282 1357 1541 1420 vicinum,
1575 1355 1715 1410 ultra
1746 1354 1939 1410 civita-

367 1457 436 1510 tis
459 1464 674 1527 portum
705 1455 1117 1523 deposuerunt:
1153 1449 1242 1506 ubi
1293 1464 1417 1504 cum
1449 1449 1561 1503 Deo
1590 1446 1940 1501 commenda-

367 1556 482 1602 tum
538 1545 823 1601 emisisset
885 1544 1179 1615 Spiritum,
1243 1555 1443 1609 corpus
1502 1553 1691 1593 rursus
1744 1536 1831 1608 pie
1883 1545 1939 1592 et

2044 540 2333 604 διδάσκων,
2391 538 2445 592 τί
2485 539 2559 611 μὴ
2613 542 2784 595 ποιῶν
2841 542 2953 595 τῶν
3002 542 3309 615 ἀποστῆσαι
3365 546 3629 616 τοιαύτης

2045 629 2232 692 ἀνοίας
2261 629 2547 701 ἄνθρωπον
2580 632 2921 702 δυναμένων.
3040 616 3067 644 θ

2116 720 2174 776 I'.
2208 723 2271 776 ()ί
2302 723 2359 776 δέ
2391 722 2603 794 βαρέως
2644 726 2963 794 ἐνεγκόντες
2995 725 3097 797 τὴν
3141 711 3480 800 παρρησίαν,
3502 728 3633 782 κατ’

2043 813 2208 867 αὑτοῦ
2240 816 2404 867 πᾶσιν
2429 809 2509 877 οἷς
2537 817 2594 867 ἐν
2631 817 2819 887 χερσὶν
2848 812 2994 886 εἶχον
3023 818 3340 889 ἐκέχρηντο,
3371 820 3631 885 παίοντες

2045 905 2206 960 αὐτὸν
2237 907 2332 959 καὶ
2376 907 2519 961 κατὰ
2554 907 2659 977 γῆς
2705 908 2956 972 ἐλκοντες
3020 909 3140 980 μεθ’
3189 912 3324 982 ὅσης
3351 912 3419 966 ἂν
3445 915 3627 976 είποις

2047 994 2148 1065 τῆς
2170 994 2452 1066 ἀνμότητος
2488 1000 2591 1051 καὶ
2616 999 2715 1067 τῆς
2748 999 3185 1071 μισανθρωπίας,
3215 1003 3311 1055 καὶ
3339 1003 3498 1067 τέλος
3526 1003 3626 1056 ἐπὶ

2050 1085 2154 1153 γῆς
2188 1083 2459 1154 κείμενον,
2515 1087 2611 1139 καὶ
2650 1089 2830 1160 πάσης
2868 1089 3032 1141 αὑτὸν
3073 1088 3355 1160 δυνάμεως
3382 1090 3629 1161 ζωτικῆς

2042 1177 2135 1228 καὶ
2169 1176 2446 1246 ἐνεργείας
2476 1178 2854 1250 ἐπιλιπούσης,
2894 1181 3210 1251 Χριστιανοί
3252 1199 3398 1246 τινες
3428 1185 3634 1254 ἀφελό-

2043 1284 2193 1338 μενοι
2233 1268 2413 1336 ὀλίγον
2464 1270 2545 1323 ἔτι
2601 1272 2696 1325 καὶ
2744 1272 2993 1341 άδρανῶς
3055 1273 3149 1325 καὶ
3202 1274 3367 1327 αὐτοῦ
3390 1274 3630 1330 θανάτου

2042 1359 2372 1430 παραψαῦον
2431 1362 2753 1428 ἐκπνέοντα,
2774 1364 2952 1435 πέραν
2970 1363 3064 1417 τοῦ
3093 1368 3193 1437 τῆς
3225 1367 3435 1432 πόλεως
3464 1368 3633 1436 λιμέσ-

2045 1468 2135 1516 νος
2174 1451 2473 1506 κατέθεσαν
2496 1470 2512 1485 ο
2564 1454 2701 1508 ὅπου
2728 1455 2847 1526 Θεῷ
2872 1458 2933 1510 τὸ
2979 1457 3197 1529 πνεῦμα
3240 1461 3634 1534 παραθεμένου

2048 1543 2110 1596 τδ
2137 1544 2297 1614 σῶμα
2316 1544 2477 1598 πάλιν
2506 1545 2749 1610 εὐλαϐῶς
2762 1546 2860 1607 καὶ
2881 1547 3044 1612 όσίως
3076 1550 3156 1612 είς
3170 1567 3293 1606 τινα
3318 1552 3637 1625 κρύπτουσι

364 1651 555 1699 sancte
582 1643 639 1695 in
666 1639 901 1723 quodam
928 1638 1049 1692 loco
1079 1635 1343 1702 condunt,
1372 1631 1463 1703 qui
1493 1631 1637 1703 apud
1660 1645 1754 1687 eos
1778 1629 1933 1701 Pion,

2055 1635 2223 1704 τόπον,
2259 1637 2424 1692 Πίονα
2464 1638 2596 1710 παρ’
2640 1639 2913 1709 Ἐφεσίοις
2939 1642 3304 1714 καλούμενον.

365 1736 421 1794 id
453 1745 560 1802 est,
592 1734 831 1806 pinguis,
862 1729 1083 1787 dicitur.

1812 1864 2039 1924 CAPUT
2077 1867 2166 1925 III.

1477 1988 1539 2046 S.
1576 1988 1838 2046 Timothei
1889 1993 2233 2067 reliquiarum
2287 1996 2600 2053 translatio.

450 2111 546 2168 XI.
578 2109 767 2182 Longo
800 2113 983 2162 autem
1010 2114 1254 2178 tempore
1293 2113 1505 2177 postea,
1538 2106 1841 2164 Constantii
1896 2109 1944 2165 in

2127 2111 2228 2168 IA'.
2274 2116 2467 2187 Χρόνῳ
2525 2117 2709 2187 μέντοι
2740 2119 2922 2194 πολλῷ
2957 2119 3185 2194 ὕστερον
3232 2121 3440 2193 ἔρωτες
3494 2123 3638 2180 θεῖοι

363 2218 493 2259 eum
538 2216 773 2264 amores,
820 2198 914 2269 qui
989 2198 1131 2254 filius
1182 2198 1285 2253 fuit
1336 2197 1679 2255 Constantini
1742 2198 1940 2272 Magni,

364 2293 611 2364 inquam,
648 2290 796 2344 illius
822 2300 879 2344 et
914 2287 1076 2349 primi
1105 2288 1453 2359 imperatoris
1480 2287 1940 2356 Christianorum,

365 2386 514 2440 illinc
547 2392 835 2454 exportant
857 2380 1134 2452 reliquias,
1157 2380 1410 2436 desiderii
1439 2380 1763 2437 administro
1785 2391 1943 2438 uten-

367 2488 451 2534 tes
478 2477 766 2533 Artemio:
799 2475 886 2531 cui
927 2490 1051 2530 cum
1098 2474 1329 2544 egregiae
1382 2473 1524 2529 illius
1563 2472 1834 2532 Timothei
1887 2475 1941 2529 in

364 2571 601 2627 dicendo
630 2568 896 2625 libertatis
925 2567 1120 2624 fuisset
1152 2567 1410 2632 imitator,
1443 2566 1493 2621 ei
1516 2582 1733 2636 quoque
1754 2575 1944 2637 postea

366 2663 474 2720 fuit
500 2662 798 2719 conformis
827 2660 1020 2716 mortis
1042 2658 1419 2725 similitudine,
1451 2667 1507 2714 et
1536 2658 1640 2713 fuit
1701 2659 1943 2731 martyrii

366 2763 692 2811 ornamento
718 2760 940 2823 pr0pter
964 2750 1242 2805 Christum
1273 2750 1580 2804 decoratus.
1641 2746 1944 2819 Reponitur

367 2855 552 2903 autem
593 2846 650 2901 in
686 2859 837 2900 sacra
877 2858 971 2898 ara
1008 2845 1148 2913 ejus,
1179 2841 1324 2911 quod
1352 2839 1768 2912 cognominatur
1807 2849 1944 2895 tem-

365 2940 515 3013 plum
566 2937 945 3009 Apostolorum
978 2934 1103 3004 (fuit
1127 2948 1258 2989 vero
1299 2933 1354 2988 id
1407 2931 1713 2989 Constantii
1748 2946 1943 2988 manus

366 3048 505 3103 opus
526 3041 582 3086 et
613 3030 782 3101 fidei),
810 3031 913 3085 sub
933 3029 1049 3099 ipsa
1079 3041 1267 3082 mensa
1294 3026 1540 3097 mystica,
1569 3025 1945 3096 suppeditator

366 3125 776 3187 miraculorum,
803 3121 1144 3191 dispensator
1172 3118 1496 3190 gratiarum,
1529 3117 1820 3172 thesaurus
1850 3116 1943 3187 qui

366 3233 477 3274 non
518 3224 698 3284 potest
716 3213 1007 3279 exinaniri,
1027 3212 1226 3268 divitia:
1247 3226 1368 3282 quae
1392 3225 1500 3265 non
1520 3216 1939 3275 consumuntur,

367 3318 425 3367 ct
459 3325 582 3364 cum
612 3307 757 3363 Luca
799 3315 858 3362 et
900 3307 1115 3361 Andrea
1168 3312 1590 3359 connumeratur
1622 3321 1637 3359 :
1670 3301 1783 3358 Deo
1834 3302 1946 3359 for-

370 3408 514 3454 tasse
549 3398 653 3454 hoc
696 3397 931 3470 benigne
955 3395 1294 3467 providente,
1348 3401 1409 3448 ut
1451 3394 1593 3449 sicut
1639 3393 1719 3449 eis
1760 3393 1945 3448 omnia

2042 2205 2142 2260 τοῦ
2190 2207 2591 2273 Κωνσταντίου,
2644 2210 2704 2274 ὃς
2734 2211 2845 2274 υίὸς
2879 2208 2949 2284 ἦν
2995 2215 3431 2281 Κωνσταντίνου,
3457 2219 3631 2288 φημὶ,

2048 2297 2142 2353 τοῦ
2176 2299 2449 2367 Μεγάλου,
2478 2302 2573 2354 καὶ
2618 2303 2833 2375 πρώτου
2874 2305 3218 2376 Χριστιανῶν
3253 2307 3544 2379 βασιλέως,
3564 2309 3637 2362 te

2047 2390 2298 2462 λείψανον
2330 2393 2540 2447 ἐκεῖθεν
2563 2396 2988 2467 ἁνακομίζουσιν
3027 2400 3289 2472 ὑπουργῷ
3316 2400 3412 2455 τοῦ
3454 2401 3628 2456 πόθου

2062 2485 2332 2558 Ἀρτεμίῳ
2362 2488 2701 2559 χρησάμενοι
2724 2506 2738 2520 ·
2758 2489 2818 2555 ὃς
2849 2493 2944 2545 καὶ
2967 2492 3216 2563 ζηλωτὴς
3249 2494 3503 2565 Τιμοθέῳ
3525 2496 3633 2565 τῆς

2048 2580 2220 2649 καλῆς
2280 2581 2497 2651 ἐκείνης
2541 2583 2855 2654 παρρησίας
2909 2584 3240 2655 γενόμενος,
3293 2586 3628 2659 σύμμορφος

2049 2670 2199 2741 αύτῷ
2259 2671 2395 2741 μετὰ
2449 2673 2622 2726 ταῦτα
2678 2675 2914 2745 κατέστη
2975 2676 3068 2728 καὶ
3105 2674 3203 2728 τοῦ
3273 2674 3507 2728 θανάτου
3538 2674 3623 2746 τῷ

2047 2762 2373 2833 ὁμοιώματι,
2443 2766 2537 2817 καὶ
2563 2763 2641 2834 τῷ
2661 2764 2749 2819 διὰ
2797 2765 3032 2837 Χριστὸν
3079 2767 3366 2839 μαρτυρίῳ
3389 2783 3633 2822 κατεκο-

2049 2854 2255 2924 σμήθη.
2299 2855 2784 2911 Ἐναττοτίθεταιδέ
2823 2857 2900 2927 τῷ
2934 2857 3065 2929 ίερῷ
3105 2858 3480 2930 θυσιαστηρίῳ
3527 2858 3629 2913 τοῦ

2049 2945 2401 3017 περιωνύμου
2448 2949 2558 3004 τῶν
2601 2949 2942 3005 Ἀποστόλων
2975 2949 3106 3004 ναοῦ
3130 2949 3333 3022 (χειρὸς
3368 2946 3438 3021 ἦν
3467 2942 3634 3013 οὗτος

2048 3040 2146 3110 τῆς
2199 3039 2703 3097 Κωνσταντίου’καὶ
2747 3043 2983 3105 πίστεως
3010 3041 3220 3112 ἔργον),
3262 3041 3353 3096 ὑπ’
3379 3043 3524 3113 αὐτῇ
3556 3044 3633 3113 τῇ

2053 3137 2289 3203 μυστικῇ
2333 3135 2605 3207 τραπέζῃ,
2658 3134 2893 3207 χορηγὸς
2923 3133 3237 3204 θαυμάτων,
3272 3132 3517 3204 χαρίτων
3532 3150 3635 3186 τα-

2053 3227 2203 3297 μίας,
2232 3226 2505 3297 θησαυρδς
2532 3228 2828 3293 άκένωτος,
2863 3225 3093 3289 πλοῦτος
3118 3226 3194 3297 μὴ
3210 3225 3632 3296 δαπανώμενος.

2049 3319 2146 3370 καὶ
2210 3318 2396 3389 Λουκᾷ
2437 3316 2539 3370 καὶ
2572 3318 2797 3389 Ἀνδρέα
2828 3316 3282 3389 συναριθμεῖται·
3311 3317 3448 3371 Θεοῦ
3483 3317 3637 3387 τάχα

2050 3408 2449 3480 φιλανθρώπως
2500 3409 2954 3479 οίκονομήσαντος
2984 3449 2998 3473 ,
3061 3409 3129 3463 ἵν’
3181 3407 3374 3479 ὥσπερ
3443 3408 3627 3477 αὐτῆς

372 3489 526 3545 fuere
590 3490 929 3555 communia,
992 3502 1175 3543 mores
1229 3485 1539 3556 disciplina,
1589 3485 1944 3556 praedicatio;

2055 3505 2205 3557 κοινὰ
2266 3502 2455 3569 γέγονε
2507 3501 2704 3563 πάντα,
2731 3503 2760 3555 6
2795 3503 3014 3572 τρόπος,
3047 3504 3078 3573 η
3106 3501 3395 3573 μαθητεῐα,
3420 3501 3482 3554 τὺ
3522 3505 3633 3570 xi;-

369 3597 661 3639 commune
709 3595 927 3651 quoque
980 3588 1128 3635 esset
1178 3577 1513 3649 sepulcrum,
1553 3575 1810 3646 quoniam
1865 3574 1946 3631 eis

366 3690 583 3746 quoque
613 3683 698 3728 est
729 3674 839 3728 illic
866 3672 1021 3742 quies
1054 3671 1382 3726 communis.

442 3763 563 3819 XII.
619 3761 907 3833 Templum
963 3770 1146 3816 autem
1204 3759 1571 3827 Justinianus,
1612 3773 1737 3814 cum
1779 3772 1947 3814 manu

368 3868 557 3929 postea
589 3853 1047 3926 magniticentiori
1078 3867 1297 3922 quoque
1326 3859 1443 3906 arte
1468 3850 1737 3914 adhibita,
1756 3848 1943 3920 splen-

370 3950 498 4005 dide
526 3949 761 4002 azdtttcat
794 3954 850 4001 et
899 3945 1274 4012 transformat,
1308 3955 1365 4000 et
1393 3945 1443 3999 ei
1478 3942 1945 4014 pulchritudinem

370 4049 426 4096 et
452 4038 904 4111 magnitudinem,
932 4052 1053 4108 qua:
1073 4052 1221 4091 nunc
1237 4046 1324 4091 est
1343 4044 1400 4091 et
1415 4035 1677 4101 cernitur,
1705 4034 1945 4100 exhibet,
1966 4044 1974 4050 ·

371 4141 738 4202 prreterquam
777 4129 1061 4200 mysticam
1089 4137 1146 4184 et
1192 4128 1435 4184 divinant
1471 4142 1739 4182 mensam.
1773 4128 1856 4181 Ah
1883 4143 1947 4181 ea

372 4226 520 4279 enim
577 4226 691 4278 sola
736 4222 1025 4290 abstinuit,
1087 4221 1193 4276 hoc
1228 4222 1460 4292 pulchre
1512 4229 1700 4276 sancte
1745 4221 1950 4277 faciens

370 4323 596 4386 propter
617 4313 1015 4384 depositionem
1047 4327 1322 4367 sacrarum
1373 4312 1746 4384 reliquiarum.
1800 4314 1950 4379 Quo-

370 4410 515 4464 circa
545 4410 721 4480 posita
750 4417 834 4464 cst
862 4408 915 4463 in
947 4408 1127 4464 medio
1168 4407 1371 4479 templo
1402 4424 1575 4479 usque
1620 4408 1678 4464 in
1727 4408 1947 4464 hodier-

374 4518 507 4556 num
560 4501 728 4569 diem,
787 4516 910 4557 cum
966 4516 1212 4556 mensam
1275 4516 1342 4555 ex
1387 4500 1682 4572 purissimo
1725 4510 1949 4572 argento

371 4596 794 4660 construxisset,
863 4601 919 4649 et
964 4608 1089 4648 cum
1151 4608 1345 4665 magna
1408 4593 1492 4648 sui
1552 4592 1608 4647 in
1672 4591 1948 4647 Christum

2050 3611 2258 3667 ρυγμα,
2295 3593 2471 3658 κοινὸς
2499 3594 2722 3664 γένηται
2748 3595 2840 3647 καὶ
2870 3595 2900 3646 ὁ
2928 3595 3122 3664 τάῳος,
3145 3594 3277 3648 ἐπεὶ
3310 3594 3464 3664 κοινὴ
3496 3598 3635 3647 τού·-

2045 3703 2160 3749 τοις
2182 3686 2278 3739 καὶ
2300 3688 2332 3757 ἡ
2367 3685 2578 3739 ἐκεῖθεν
2604 3686 2970 3751 κατάπαυσις.

2120 3771 2219 3827 ω’.
2257 3773 2360 3827 Τὸν
2393 3773 2577 3844 μέντοι
2623 3773 2749 3827 ναὸν
2792 3774 3169 3840 Ἰουστινιανὸς
3205 3774 3639 3848 φιλοτιμοτέραν

2050 3864 2191 3934 μετὰ
2227 3866 2323 3934 τῆς
2361 3863 2546 3936 χειρὸς
2616 3864 2844 3937 ὔστερον
2900 3866 2995 3919 καὶ
3041 3867 3244 3938 τέχνην
3296 3868 3641 3932 είσενεγκὼν

2048 3957 2393 4027 ἀνοικοδομεῖ
2423 3956 2689 4028 λαμπρῶς
2717 3959 2813 4010 καὶ
2852 3959 3271 4029 μετασκευάζει,
3302 3961 3396 4013 καὶ
3431 3959 3641 4024 κάλλος

2048 4046 2196 4117 αὐτῷ
2239 4045 2337 4102 καὶ
2393 4047 2624 4118 μέγεθος
2678 4047 2738 4100 τό
2783 4064 2847 4117 γε
2877 4048 3065 4119 περιὸν
3085 4048 3181 4104 νῦν
3233 4050 3327 4105 καὶ
3349 4048 3643 4123 ὁρώμενον

2048 4136 2366 4203 ἀποδίδωσι,
2393 4136 2535 4209 πλὴν
2571 4137 2673 4207 τῆς
2709 4138 2981 4208 μυστικῆς
3020 4139 3115 4192 καὶ
3145 4137 3294 4201 θείας
3319 4138 3634 4208 τραπέζης’

2049 4228 2252 4302 ταύτης
2290 4229 2398 4301 γὰρ
2428 4229 2702 4299 ἀπέσχετο
2752 4228 2943 4300 μόνης,
2978 4228 3161 4293 καλῶς
3195 4231 3313 4282 ἐκεί
3335 4228 3429 4281 καὶ
3460 4229 3636 4292 ὁσίως

2052 4321 2223 4375 ποιῶν
2260 4321 2349 4375 διὰ
2398 4321 2499 4394 τὴν
2540 4321 2649 4374 τῶν
2683 4320 2845 4390 ἱερῶν
2883 4320 3154 4391 λειψάνων
3196 4320 3510 4375 κατάθεσιν.
3536 4321 3639 4373 Διὸ

2050 4411 2143 4465 καὶ
2169 4412 2308 4465 κατά
2337 4410 2501 4481 μέσον
2528 4411 2607 4475 είς
2633 4409 2793 4481 δεῦρο
2811 4410 2903 4463 τὸν
2929 4411 3054 4465 ναὸν
3081 4410 3637 4482 ἴδρυταιὲξάργύρου

2049 4504 2149 4572 τὴν
2203 4501 2483 4571 τράπεζαν
2514 4501 2609 4555 τοῦ
2660 4501 3051 4573 καθαρωτάτου
3082 4504 3523 4569 κατασκευάσας,
3568 4507 3633 4557 ἐν

2051 4594 2191 4665 αὐτῇ
2220 4610 2280 4647 τε
2327 4593 2690 4665 φιλοχρίστως
2749 4593 2819 4649 τά
2866 4595 2975 4649 τῶν
3026 4595 3343 4650 ἀποστόλων
3389 4596 3641 4667 Χριστοῦ

370 4686 573 4740 amoris
615 4684 1034 4758 signiﬁcatione,
1080 4685 1283 4739 Christi
1319 4696 1630 4740 sanctorum
1681 4684 1944 4755 apostolo-

2055 4687 2567 4760 ἐναποθησαυρίσας
2600 4687 2731 4756 ἆγια
2761 4687 3012 4758 σώματα.

372 4793 492 4831 rum
516 4788 704 4832 sancta
735 4792 965 4847 corpora
994 4776 1409 4831 recondidisset.

346 4907 351 4911 ρ
439 4849 582 4922 XIII.
605 4869 739 4922 Cum
758 4879 937 4923 autem
954 4866 1152 4937 impius
1177 4867 1512 4922 Domitianus
1529 4866 1943 4924 sceleratissime

372 4954 591 5024 quidem
610 4955 948 5026 imperasset,
980 4957 1284 5012 miserrime
1299 4966 1480 5011 autem
1501 4957 1667 5013 vitam
1694 4957 1942 5025 finiisset,

373 5047 551 5103 Nerva
581 5049 888 5120 suscipiens
928 5049 1238 5120 imperium,
1287 5059 1342 5104 et
1368 5049 1550 5103 statim
1600 5059 1723 5120 post
1766 5050 1944 5120 ipsum

373 5137 645 5210 Trajanus
679 5156 918 5209 quoque,
960 5156 1083 5194 cum
1112 5154 1173 5195 se
1205 5148 1261 5195 et
1285 5155 1447 5210 quam
1478 5140 1592 5194 fieri
1624 5148 1808 5209 posset
1836 5138 1946 5195 cle-

373 5231 744 5287 mentissimos
781 5239 836 5285 et
865 5231 1204 5301 aequissimus
1232 5233 1435 5288 vellent
1464 5233 1777 5297 ostendere,
1820 5246 1946 5286 cum

374 5323 561 5379 multis
596 5323 716 5380 aliis
748 5324 1095 5395 evangelista:
1135 5340 1354 5396 quoque
1398 5335 1454 5381 et
1496 5325 1775 5391 Theologo
1826 5322 1947 5379 dis-

374 5415 595 5471 solvunt
622 5416 895 5471 exsilium.
930 5416 1024 5470 Ille
1055 5426 1236 5471 autem
1277 5431 1402 5471 cum
1434 5415 1709 5485 Ephesum
1735 5418 1801 5485 (ο
1821 5430 1945 5469 cum

374 5514 582 5577 quanto
600 5507 798 5564 dixerit
830 5507 952 5580 quis
979 5508 1177 5580 gaudio
1209 5521 1265 5564 et
1286 5509 1493 5563 honore
1516 5509 1556 5579 l)
1588 5508 1859 5573 rediisset,
1892 5518 1949 5564 et

374 5598 618 5655 divinum
639 5599 751 5670 jam
782 5601 1134 5657 Timotheum
1182 5600 1252 5656 ad
1293 5599 1502 5665 .Iesum,
1542 5615 1706 5670 quem
1739 5600 1951 5655 deside-

375 5690 550 5757 rabat,
588 5693 890 5749 excessisse
935 5692 1242 5759 didicisset,
1292 5700 1348 5747 et
1382 5691 1491 5746 fine
1526 5691 1770 5763 martyrii
1820 5707 1950 5748 cur-

372 5798 497 5841 sum
520 5786 797 5861 Evangelii
815 5787 1152 5862 obsignasse,
1175 5795 1367 5845 etesse
1393 5784 1692 5843 Ecclesiam
1722 5785 1953 5858 praesule

1974 4824 2029 4888 D

2127 4867 2226 4923 II".
2257 4864 2585 4937 Δομετιανοῦ
2612 4864 2668 4917 δὲ
2696 4863 2791 4918 τοῦ
2845 4863 3138 4927 δυσσεϐοῦς
3164 4863 3489 4934 άνομώτατα
3528 4863 3644 4936 μὲν

2054 4958 2499 5030 βασιλεύσαντος,
2536 4955 2877 5009 ἐλεεινότατα
2907 4955 3079 5025 δὲτὴν
3105 4954 3250 5027 ζωὴν
3283 4950 3646 5011 καταλύσαν-

2051 5066 2164 5113 τος,
2229 5047 2515 5119 παρελθὼν
2567 5048 2647 5111 είς
2697 5048 2798 5116 τὴν
2844 5045 3356 5119 ἁρχὴνὸΝερούας,
3383 5048 3540 5109 εὐθὺς
3576 5049 3644 5103 δὲ

2055 5139 2361 5210 μετ’·αύτδν
2390 5140 2484 5193 καὶ
2534 5137 2820 5209 Τραϊανὸς,
2851 5142 2942 5191 καὶ
2975 5116 3519 5211 φιλατῗθρωποτέρους
3543 5140 3641 5206 ὡς

2054 5226 2167 5286 οἷόν
2187 5248 2264 5288 ,τε
2295 5230 2392 5284 καὶ
2447 5228 2857 5300 εὐνομωτέρους
2895 5230 3123 5294 ἐαυτοὺς
3154 5233 3416 5301 παρέχειν
3440 5230 3645 5301 βουλό-

2058 5342 2231 5395 μενοι,
2292 5323 2479 5377 λύουσι
2542 5323 2681 5393 μετὰ
2709 5321 2918 5376 πολλῶν
2961 5322 3137 5378 ἄλλων
3162 5324 3240 5396 τῷ
3269 5324 3644 5398 εὐαγγελιστῇ

2053 5430 2114 5467 τε
2151 5413 2247 5466 καὶ
2276 5412 2527 5495 θεολόγῳ
2553 5411 2788 5484 ἐξορίαν.
2837 5412 2894 5466 '0
2928 5412 2989 5466 δέ
3013 5416 3080 5485 τῇ
3125 5414 3390 5484 Ἐφεσίων
3419 5414 3488 5487 (ὣ
3512 5417 3647 5483 πῶς

2051 5506 2119 5561 ἂν
2136 5507 2309 5569 είποις
2339 5505 2510 5577 ἡδέως
2525 5506 2622 5559 καὶ
2653 5506 2791 5577 μετὰ
2817 5506 2983 5577 τιμῆς
3012 5507 3212 5579 ὁπόσης
3234 5508 3285 5581 l)
3314 5507 3634 5577 ἀποδοθεὶς,

2055 5600 2150 5654 καὶ
2209 5599 2474 5669 Τιμόθεον
2530 5598 2634 5669 ἤδη
2663 5597 2755 5653 τὸν
2807 5598 2947 5654 θεῖον
2992 5602 3130 5673 πρὸς
3172 5600 3263 5655 τὸν
3298 5601 3647 5673 ποθούμενον

2067 5689 2280 5763 Ἰησοῦν
2333 5690 2743 5773 ἐκδεδημηκότα
2777 5692 2985 5764 μαθὼν,
3020 5696 3118 5748 καὶ
3135 5694 3278 5749 τέλει
3330 5696 3649 5768 μαρτυρίου

2058 5785 2156 5841 τοῦ
2185 5785 2523 5855 Εὑαγγελίου
2554 5784 2754 5859 δρόμον
2785 5788 3281 5861 ἐπισφραγίσαντα,
3341 5786 3549 5862 ἐρημόν
3573 5804 3649 5847 τε
