3832 6516
235 351 341 421 773
1333 348 1511 413 VITA
1550 348 1611 409 S.
1652 347 2057 409 ANASTATII
2101 348 2389 410 PERSAZ.
2660 358 2671 361 ‘
3379 353 3487 419 ΤΗ

239 461 402 524 οὖσαν
424 464 525 534 τὴν
568 461 891 534 Ἐκκλησίαν
918 462 1012 516 τοῦ
1055 461 1393 532 προεστῶτος
1451 459 1647 533 εὑρὼν,
1667 462 1752 515 ἀνοι

1980 462 2190 516 :feetam
2257 462 2577 529 invenisset,
2632 477 2754 518 eam
2821 480 3010 521 rursus
3057 467 3322 539 suscipit:
3355 470 3493 527 adeo

243 559 485 612 ποιεῖται
510 555 602 608 καὶ
618 554 777 608 πάλιν
794 552 1064 623 αὑτῆς,ὼς
1093 547 1336 606 εἷναιτὺν
1356 553 1519 605 αὑτὸν
1547 552 1641 605 καλ⁸
1669 553 1756 622 πάι

2001 553 2143 609 idem
2172 562 2231 609 et
2254 556 2439 610 sedem
2489 554 2781 612 Timotheo
2836 558 3152 628 praebuerit,
3186 569 3243 615 et
3270 560 3319 615 ei
3364 575 3493 617 suc-

249 650 642 723 οχονΤιμοθέῳ
669 647 763 721 τοῦ
793 646 985 718 θρόνου
1009 646 1105 701 καὶ
1131 646 1292 699 πάλιν
1327 645 1591 716 διάδοχον.
1632 646 1762 698 ’Ἀπε

1985 644 2168 699 sserit.
2204 643 2340 711 Quae
2384 645 2604 716 quidem
2654 659 2886 717 utraque
2942 660 3071 704 sunt
3116 649 3235 719 ejus
3285 650 3383 705 zeli
3434 651 3494 705 in

243 740 534 815 ἀμφότερα
561 740 656 794 τοῦ
691 740 832 794 κατά
863 738 996 792 Θεὸν
1022 738 1182 809 ζήλου
1209 738 1305 791 καὶ
1329 737 1426 808 τῆς
1455 736 1653 807 πολλῆς
1685 754 1752 790 πε

1980 756 2114 803 :um,
2146 741 2438 811 magnique
2473 740 2621 797 illius
2661 742 2829 798 studii
2877 754 2933 798 et
2961 743 3177 799 ardoris
3218 744 3274 798 in
3324 744 3493 814 pieta-

241 832 338 903 τὴν
358 831 641 886 εὐσέϐειαν
662 830 872 883 ἐκείνου
929 827 1166 899 σπουδῆς
1196 829 1291 881 καὶ
1329 818 1686 899 θερμότητος.
1719 828 1754 878 "t

1981 847 2050 888 m.
2086 831 2191 898 Qui
2235 832 2452 902 quidem
2480 832 2643 903 longo
2690 842 2880 904 postea
2931 843 3178 906 tempore
3228 846 3494 906 perpetuo

242 925 332 980 καὶ
380 923 678 979 διετέλεσεν
705 923 847 978 οὕτω
872 920 1083 993 μακροῦ
1124 920 1316 991 χρόνου
1355 920 1452 991 τῆς
1492 918 1755 991 Ἐκκλησίι

1982 940 2106 978 [τοῖο
2140 924 2309 996 gessit
2333 925 2613 992 Ecclesiae,
2635 934 2692 981 et
2708 925 2957 982 veritatis
2988 926 3337 983 annuntiavit
3362 942 3495 998 prae-

242 1015 654 1088 ὶπιμελόμενος,
698 1015 796 1070 καὶ
814 1014 877 1069 τὸ
895 1015 995 1085 τῆς
1047 1012 1309 1085 ἀληθείας
1369 1012 1634 1083 κήρυγμα
1676 1028 1755 1066 κα¹

1985 1016 2276 1081 cationem,
2336 1017 2404 1071 ad
2453 1027 2806 1089 augmentum
2856 1019 3099 1088 pietatis,
3146 1020 3214 1073 ad
3266 1020 3494 1077 salutem

242 1107 539 1175 αγγέλλων,
591 1107 672 1169 είς
697 1105 938 1158 ἐπίδοσιν
970 1103 1069 1174 τῆς
1094 1102 1398 1166 εὐσεϐείας,
1430 1105 1512 1166 είς
1542 1102 1755 1172 σωτηρίη

1981 1106 2247 1172 imarum,
2295 1106 2362 1160 ad
2413 1106 2639 1177 gloriam
2696 1106 2912 1161 Domitii
2956 1106 3128 1161 nostri
3163 1105 3294 1161 Jesu
3323 1124 3337 1161 :
3369 1122 3494 1163 c.qu

241 1186 448 1270 ᾢυχῶν,
483 1200 564 1262 είς
597 1199 755 1264 δόξαν
783 1197 878 1251 τοῦ
903 1194 1108 1266 Κυρίου
1140 1194 1297 1268 ἡμῶν
1347 1194 1519 1267 Ἰησοῦ
1545 1195 1751 1264 Χριστο

1985 1209 2028 1247 ιο
2087 1193 2233 1249 Patri
2301 1209 2409 1249 una
2467 1210 2592 1249 cum
2658 1205 2848 1251 saneto
2917 1195 3124 1265 Spiritu
3182 1203 3267 1249 est
3318 1196 3498 1252 omnis

245 1292 365 1364 μεθ’
385 1285 448 1347 οὗ
475 1291 552 1362 τῷ
580 1291 755 1362 Πατρὶ
802 1290 900 1344 σὺν
940 1288 1018 1360 τῷ
1048 1288 1190 1360 ἁγίῳ
1256 1287 1557 1359 Πνεύματι,
1590 1287 1758 1358 κράτο

1981 1301 2101 1341 mor
2145 1300 2293 1341 nunc
2339 1294 2395 1343 et
2440 1301 2659 1358 semper
2702 1297 2761 1343 et
2813 1288 2868 1342 in
2910 1287 3108 1343 saecula
3148 1286 3494 1345 szeculorum.

241 1383 400 1455 τιμὴ,
453 1385 548 1438 καὶ
587 1382 961 1454 προσκύνησις
988 1380 1084 1434 νῦν
1133 1381 1229 1435 καὶ
1282 1380 1392 1444 ἀεὶ,
1433 1380 1528 1432 καλ⁵
1557 1379 1639 1443 εἰς
1691 1378 1820 1442 τοὺς
1922 1378 2120 1435 Amen.

243 1473 444 1537 αἰῶνας
469 1474 582 1529 τῶν
614 1474 850 1529 αἰώνων.
891 1471 1088 1544 Ἀμήν.

245 1665 3428 1697 mm

650 1772 1280 1937 MAPTYPIOJN
1352 1845 1581 1933 ΤΟΥ
1652 1841 1992 1932 ΑΓΙΟΥ
2063 1845 2163 1933 Μ]

1652 1841 1992 1932 ΑΓΙΟΥ
2063 1780 3099 1933 ΜΕΓΑΛΟΜΑΡΤΥΡΟΣ

732 2035 1810 2173 ΑΝΑΣΤΑΣΙΟΥ
1884 2036 2234 2173 ΤΟΥ
2312 2036 2995 2170 ΠΕΡΣΟΥ

573 2446 1306 2538 MARTYBIUM
1384 2443 1800 2536 SANCTI
1878 2443 2030 2533 ET
2102 2441 2479 2532 MAGNI
2558 2439 3175 2530 MARTYBIS

1194 2653 1953 2775 ANASTASII
2058 2653 2551 2768 PERS/E

1417 2886 1811 2970 (Anuoﬁto,
1857 2883 2146 2947 Januarii
2179 2882 2307 2962 22.)

368 3062 565 3115 ται-κω
590 3068 723 3110 nunc
739 3054 953 3122 primum
985 3052 1151 3121 prodit
1175 3063 1239 3103 ex
1268 3050 1377 3102 cod.
1405 3047 1530 3113 Reg.
1561 3045 1720 3099 Paris.
1744 3059 1794 3097 n.
1820 3044 1881 3096 ll

1869 3046 1939 3097 l57
1965 2987 2154 3107 no‘tato,
2180 3058 2292 3095 saec.
2325 3059 2388 3093 χι.
2421 3045 2594 3095 Latine
2620 3046 2749 3110 apud
2772 3043 2992 3101 Surium.
3028 3046 3168 3100 Εωτ.
3206 3048 3382 3115 ΡΑτκ.]

313 3366 396 3420 A'.
428 3361 541 3433 Τῆς
569 3356 809 3431 μεγάλης
835 3355 1043 3419 πόλεως
1110 3349 1528 3424 Ἰεροσολύμων,
1573 3347 1680 3403 ὑπὸ
1728 3347 1822 3402 τοῦ

1995 3346 2194 3403 l.Cum
2227 3364 2420 3420 magna
2455 3349 2647 3404 civitas
2674 3348 3343 3424 llierosolymorumeapta
3364 3350 3499 3409 fuis-

243 3455 474 3528 Περσῶν
521 3451 788 3524 βασιλέως
830 3446 1105 3518 ἀλούσης,
1158 3445 1252 3498 καὶ
1290 3443 1399 3496 τῶν
1450 3439 1756 3512 ίερῶν,τὸπι

1989 3440 2176 3511 :t(l)a
2233 3456 2360 3513 rege
2410 3441 2725 3509 Persarum,
2763 3451 2819 3498 et
2868 3459 3020 3498 sacra
3078 3445 3166 3498 illa
3208 3445 3347 3509 loca,
3384 3461 3502 3516 quae

243 3525 511 3611 ἐκείνων,
538 3542 590 3596 οἳ
628 3540 722 3594 κα)⁸
757 3534 1041 3607 διατριϐὰς
1087 3527 1227 3586 εἶδον
1252 3530 1347 3584 τοῦ
1390 3527 1525 3601 ἐμοῦ
1564 3528 1756 3598 Χριστι

1986 3532 2044 3586 κεί
2089 3531 2292 3587 Christi
2324 3531 2507 3587 videre
2532 3532 3026 3599 conversationem,
3050 3544 3105 3590 et
3127 3535 3273 3590 cruci
3299 3535 3499 3590 allixio-

241 3639 339 3691 καὶ
367 3633 697 3704 σταύρωσιν,
723 3631 819 3683 καὶ
842 3625 1041 3697 ταφὴν,
1065 3624 1162 3678 καὶ
1206 3621 1504 3674 ἀνάστασιν
1528 3660 1543 3685 ,
1597 3618 1754 3688 Med:

1988 3638 2060 3678 3m
2093 3633 2150 3680 et
2180 3623 2658 3690 resurrectionem,
2681 3625 2958 3681 Medorum
2983 3628 3186 3683 lancea:
3204 3637 3256 3683 et
3280 3628 3391 3699 Igni
3415 3628 3501 3693 iis,

239 3727 434 3799 δόρατι
461 3726 555 3779 καὶ
609 3722 767 3793 πυρὶ,
796 3719 1021 3789 τρόποις
1050 3710 1133 3780 οἷς
1166 3714 1328 3776 αὐτὸς
1357 3708 1464 3766 οἶδε
1490 3710 1752 3782 παραδοθὲ

1989 3733 2071 3773 tos
2095 3717 2211 3789 ipse
2230 3717 2403 3783 novit,
2436 3718 2613 3773 modis
2641 3728 2828 3774 essent
2855 3720 3075 3787 tradita,
3111 3732 3165 3775 et
3192 3720 3361 3775 multa
3397 3721 3502 3775 alia

238 3835 376 3885 των,
405 3818 542 3873 ἀλλα
567 3833 626 3870 τε
659 3813 830 3891 πολλά
856 3813 923 3882 τῇ
953 3809 1104 3862 πόλει
1140 3804 1583 3877 συγκατελήφθη,
1631 3804 1726 3858 καὶ

1992 3818 2093 3881 ιριθ
2127 3816 2255 3864 sunt
2277 3825 2399 3864 cum
2429 3809 2672 3873 civitate,
2707 3820 2762 3866 et
2808 3810 3001 3868 salutis
3051 3828 3271 3884 quoque
3307 3822 3505 3869 nostra:

240 3911 339 3964 καὶ
367 3910 433 3962 τὸ
461 3909 562 3979 τῆς
612 3905 885 3976 σωτηρίας
923 3901 1082 3973 ἡμῶν
1137 3898 1421 3970 τρόπαιον,
1461 3898 1494 3967 ἡ
1526 3894 1618 3948 τοῦ
1666 3895 1753 3948 θαι

1989 3915 2223 3971 opaaum,
2275 3902 2466 3956 mortis
2533 3901 2754 3966 solutio,
2817 3904 3027 3974 peccati
3061 3905 3502 3962 interneciozli-

236 4021 336 4057 του
367 4001 545 4064 λύσις,
597 4002 631 4070 η
667 3998 762 4066 τῆς
793 3992 1068 4064 ἁμαρτίας
1115 3989 1431 4058 ἀναίρεσιςο
1475 3986 1537 4039 τὸ
1561 3984 1655 4039 τοῦ
1688 3984 1749 4051 Cu

1993 4009 2122 4059 tum,
2176 3993 2417 4063 inquam,
2457 3991 2687 4049 viviticze
2739 3995 2940 4064 crucis,
2979 3997 3131 4053 illinc
3191 3997 3506 4053 translatum

240 4096 430 4163 ποιοῦ,
458 4093 622 4166 φημὶ,
656 4089 890 4161 σταυροῦ
910 4086 1063 4152 ξύλον
1088 4083 1298 4137 ἐκεῖθεν
1325 4082 1406 4145 εἰς
1430 4080 1667 4151 Περσίδα
1697 4096 1753 4149 με

1998 4094 2019 4141 t
2048 4087 2104 4141 in
2126 4085 2443 4142 Persidem:
2470 4087 2613 4156 quod
2643 4087 2860 4158 quidem
2890 4090 3249 4147 mihividetur
3273 4090 3510 4146 divinio-

237 4183 542 4258 εκομίσθη·
576 4182 605 4237 ὃ
624 4183 719 4235 καὶ
741 4180 963 4249 χάριτος
992 4175 1179 4247 ἔμοιγε
1204 4173 1352 4227 δοκεῖ
1401 4170 1700 4240 θειοτέρας,
1734 4187 1750 4222 3

1997 4194 2012 4233 ς
2065 4191 2187 4234 esse
2241 4177 2450 4250 gratiae,
2481 4187 2538 4234 et
2584 4179 2726 4249 ejus,
2755 4179 2848 4249 qui
2879 4191 2963 4236 est
2988 4182 3303 4245 cruciﬁxus,
3341 4182 3510 4238 solius

240 4279 422 4350 μόνης
471 4276 569 4347 τῆς
600 4274 693 4327 τοῦ
724 4270 1143 4341 ἐσταυρωμένον
1177 4264 1510 4336 οἰκονομίας·
1545 4264 1580 4336 ἡ
1607 4262 1753 4316 πλέκε

1997 4270 2381 4341 spensationis,
2416 4285 2539 4340 quae
2569 4285 2711 4342 saepe
2748 4272 2901 4327 novit
2942 4274 3105 4327 etiam
3137 4289 3229 4344 per
3266 4274 3510 4330 adversa-1

236 4366 354 4425 οἶδε
380 4369 478 4422 καὶ
507 4367 592 4420 διὰ
620 4365 729 4419 τῶν
764 4361 1032 4416 ’ἐναντίων
1088 4357 1350 4421 πολλάκις
1380 4357 1450 4411 τὰ
1503 4353 1749 4427 βελτιώτε

1989 4380 2048 4420 os
2079 4379 2142 4419 ea
2186 4373 2499 4432 contexere,
2540 4381 2663 4436 quae
2715 4375 2841 4421 sunt
2896 4368 3121 4423 meliora
3155 4378 3211 4423 et
3262 4369 3502 4427 utiliora.

237 4463 341 4515 καὶ
373 4460 739 4532 χρηστότερα.
787 4457 940 4528 Ἐπεὶ
977 4454 1086 4525 γὰρ
1116 4455 1145 4506 ὁ
1198 4452 1463 4523 σωτήριος
1497 4448 1591 4502 τοῦ
1626 4449 1746 4518 Κυρ

1999 4459 2226 4526 ist'quam
2256 4455 2686 4512 enim'salutaris
2715 4474 2845 4512 cruv
2879 4457 3090 4514 Domini
3116 4460 3406 4515 hostilibus
3423 4477 3512 4516 ca-

237 4553 485 4624 σταυρὸς
535 4552 692 4623 χερσὶ
726 4547 1015 4619 πολεμίαις
1041 4545 1181 4599 ἑάλω
1209 4543 1304 4597 καὶ
1343 4545 1422 4605 είς
1447 4540 1545 4611 τὴν
1580 4539 1750 4619 Περσὸ

1999 4564 2028 4602 a
2073 4548 2178 4604 fuit
2205 4549 2480 4613 manibus.
2510 4559 2563 4605 et
2592 4548 2645 4602 in
2691 4547 2934 4614 Perside,
2964 4557 3025 4604 ut
3047 4549 3305 4613 diximus,
3338 4549 3394 4602 in
3443 4564 3507 4604 ea

233 4646 441 4716 ὥσπερ
465 4644 704 4714 ἔφημεν,
744 4639 1053 4712 ἀπηνέχθη,
1078 4636 1336 4706 τοιαύτην
1368 4632 1743 4705 αἰχμαλωτισθ

2008 4640 2259 4712 ptivitate
2291 4643 2502 4713 captiva
2537 4641 2770 4696 abducta
2792 4651 2879 4696 est
2906 4657 2933 4694 a
2965 4639 3240 4705 Barbaris,
3267 4640 3513 4696 imitatur

235 4738 350 4790 ὑπὸ
379 4711 686 4808 έαρθάρων
715 4711 1095 4805 αἰχμαλωσίαν
1117 4771 1132 4797 ,
1176 4733 1425 4801 μιμεῖται
1448 4726 1541 4780 τὸν
1588 4727 1646 4779 ὲν
1684 4726 1748 4779 αὐ

2001 4711 2093 4797 tm,
2129 4732 2220 4803 qui
2247 4731 2301 4786 in
2342 4711 2404 4787 ea
2464 4731 2569 4788 fuit
2623 4732 2834 4795 aﬂixus,
2861 4732 3138 4786 Christum
3171 4749 3186 4787 :
3215 4731 3298 4787 vel
3332 4731 3514 4802 potius

235 4826 496 4893 παγέντα
526 4823 779 4896 Χριστόν.
840 4822 950 4876 Καὶ
1002 4820 1204 4891 μᾶλλον
1237 4817 1397 4881 αὐτὸς
1436 4815 1534 4888 τὴν
1567 4816 1748 4886 Περσιε

1997 4840 2063 4879 >sa
2093 4822 2369 4880 Persicam
2413 4825 2611 4880 evertit
2647 4832 2702 4879 et
2734 4824 2928 4895 spoliat
2954 4822 3142 4878 falsam
3171 4822 3510 4894 religionem,

233 4916 546 4987 ἀνατρέπει
601 4915 696 4968 καὶ
741 4913 990 4968 σκυλεύει
1047 4910 1363 4982 θρησκείαν,
1420 4909 1515 4962 καὶ
1540 4905 1746 4978 ιικυχςὶις¹

2028 4932 2149 4988 quae
2174 4931 2232 4971 se
2259 4916 2435 4985 dignae
2490 4925 2671 4982 erant,
2715 4915 2958 4985 captivas
3013 4914 3233 4970 abducit
3278 4916 3512 4979 animas,

233 5008 415 5062 αὐτοῦ
446 5008 602 5075 ἀξίας
628 5005 1026 5076 αἰχμαλωτίζει
1071 5003 1171 5075 τὴν
1201 5001 1494 5071 ἐπαινετὴν
1540 5000 1707 5063 ὅντως
1740 5016 1746 5051 :

1996 5024 2073 5063 :re
2112 5008 2369 5064 laudabili
2404 5016 2459 5062 et
2509 5007 2668 5078 longe
2726 5006 3094 5077 pulcherrima
3148 5007 3509 5078 captivitate:

235 5101 546 5169 καλλίστην
601 5096 1005 5168 αἰχμαλωσίαν,
1039 5094 1095 5166 ἦ,
1120 5094 1248 5163 τόγε
1275 5092 1604 5162 οἰκειότερον
1628 5093 1747 5144 εἰπε

1994 5108 2032 5153 tt
2070 5106 2131 5153 ut
2161 5098 2331 5169 magis
2364 5097 2582 5168 preprie
2618 5097 2818 5163 dicam,
2850 5111 2880 5151 a
2904 5097 3218 5167 captivitate
3268 5107 3507 5163 revocat,

232 5195 343 5264 τῆς
368 5190 748 5263 αἰχμαλωσίας
766 5188 1142 5251 ἀνακαλεῖται,
1170 5188 1266 5240 καὶ
1285 5186 1383 5258 τὴν
1404 5184 1626 5257 πρώτην
1645 5184 1744 5238 αὐτ

2012 5190 2092 5244 eis
2130 5204 2347 5244 rursum
2381 5189 2612 5259 primam
2645 5188 3232 5244 restituitlibertatem.
3258 5188 3429 5245 Simul
3449 5204 3513 5245 ac

233 5284 544 5342 ἀποδίδωσι
573 5281 736 5336 πάλιν
761 5279 1098 5361 ἐλευθερίαν.
1144 5277 1311 5349 Ὁμοῦ
1338 5293 1395 5330 τε
1422 5279 1535 5347 γὰρ
1561 5276 1661 5346 τῆς
1688 5277 1746 5329 Πι

1998 5280 2080 5333 lim
2112 5278 2414 5351 ingreditur
2442 5278 2741 5345 Persidem,
2789 5293 2909 5333 eam
2952 5277 3133 5333 statim
3169 5286 3340 5334 totam
3386 5278 3511 5335 illu-

235 5374 355 5430 σῶν
378 5368 672 5435 ἐπιϐαίνει,
697 5373 793 5425 καὶ
823 5372 1003 5426 πᾶσαν
1025 5368 1197 5442 αὐτὴν
1239 5369 1442 5432 εὐθέως
1467 5371 1588 5432 ταῖς
1618 5368 1715 5438 τῆς
1747 5396 1748 5403 ι

1996 5369 2312 5441 Γοηεζνεᾱίἰε
2343 5384 2458 5425 sua:
2496 5370 2704 5441 gratiae,
2743 5369 2867 5424 ferit
2893 5369 3114 5441 quidem
3139 5370 3352 5426 animas
3384 5368 3509 5425 intl-

234 5466 406 5528 κεῐας
432 5464 650 5535 χάριτος
677 5465 860 5518 ἀκτῖσι
884 5462 1286 5533 περιαυγπας,
1340 5460 1568 5531 πλήττει
1608 5459 1705 5531 μὲν
1732 5476 1747 5510 1

1998 5462 2166 5524 alium.
2193 5476 2303 5516 non
2342 5475 2504 5517 secus
2527 5476 2591 5517 ac
2625 5462 2729 5530 sol,
2765 5461 2857 5532 qui
2892 5461 3234 5518 laborantem
3269 5461 3511 5519 oculum

230 5558 353 5611 τῶν
400 5554 644 5609 ἀπίστων
692 5554 871 5625 ψυχὰς
939 5552 1192 5622 καθάπερ
1239 5551 1518 5622 ὀφθαλμὸν
1570 5548 1743 5605 νοσοῦτ

1999 5553 2282 5625 greditur:
2313 5552 2498 5609 ﬁdeles
2531 5561 2714 5608 autem
2741 5569 2852 5609 non
2874 5569 3033 5611 secus
3059 5568 3124 5609 ac
3141 5552 3324 5625 fulgur
3337 5552 3512 5623 quod-

232 5643 576 5720 προσὸαλὼν
595 5645 745 5716 ἥλιος
764 5660 779 5677 ο
822 5645 951 5708 τοὺς
985 5643 1041 5697 δὲ
1071 5642 1321 5710 πιστοὺς,
1349 5640 1540 5712 ὥσπερ
1571 5642 1745 5713 ἁστρα

2000 5660 2064 5698 ιω
2098 5656 2369 5714 apparens
2406 5645 2464 5701 in
2495 5643 2758 5710 tenebris,
2787 5654 3024 5701 revocat.
3055 5644 3133 5700 Ex
3158 5643 3365 5714 quibus
3410 5640 3513 5699 fuit

323 5803 413 5878 (-l)
437 5800 665 5874 A_n.6l4
681 5809 843 5873 capta
867 5808 953 5856 est
983 5798 1359 5873 Hierosolyma
1392 5815 1422 5855 ιι
1445 5798 1692 5857 Cliosroe
1742 5797 2031 5885 Persarum
2063 5813 2211 5874 rege,
2241 5807 2297 5855 et
2321 5814 2456 5858 crux
2485 5810 2672 5860 saneta
2710 5801 2766 5859 in
2822 5800 3102 5862 Persidem
3129 5802 3415 5862 translata.

1420 5906 1450 5937 θ
