3832 6464
344 310 454 376 7Ἱ5

1581 303 1864 366 MENSIS
1892 304 2352 369 IANUARIUS.

3481 316 3587 378 776

345 437 490 480 unus
521 421 588 485 is,
613 418 704 490 qui
732 417 890 473 nobis
923 431 1071 472 nunc
1096 425 1181 472 est
1210 414 1520 488 propositus
1564 415 1909 481 Anastasius,

2022 433 2098 481 τις
2127 420 2186 471 ἐν
2214 421 2391 489 σκότῳ
2421 420 2651 488 φανεῖσα
2677 417 3086 489 μετακαλεῖται.
3114 411 3216 473 Ὧν
3246 414 3329 486 εἷς
3351 416 3419 496 ἦν
3442 428 3529 478 καὶ
3561 430 3589 480 6

344 514 447 571 etsi
476 511 718 567 nondum
775 509 996 578 quidem
1029 507 1202 570 cultu,
1259 508 1353 562 sed
1400 506 1513 577 jam
1564 505 1810 561 moribus
1859 512 1917 560 et

343 607 593 662 instituto
622 621 637 658 :
672 602 762 672 qui
805 600 1071 670 processit
1121 599 1339 668 quidem
1365 615 1396 654 e
1428 599 1571 663 vico,
1608 599 1700 668 qui
1750 612 1916 652 voca-

344 698 508 753 batur
542 692 789 748 Basnuni
815 709 827 745 :
861 701 946 746 est
967 706 1097 746 vero
1121 691 1361 762 regionis
1396 690 1634 755 ﬂazech,
1664 705 1786 760 quae
1810 689 1915 744 sita

341 794 428 842 est
478 788 532 839 in
569 783 815 837 Perside.
855 779 984 834 Erat
1028 789 1211 834 autem
1244 793 1442 833 nomen
1492 779 1612 847 ejus
1673 776 1917 831 moribus

342 877 693 944 conveniens,
735 882 791 928 et
823 889 889 927 ex
920 888 978 927 re
1009 873 1125 941 ipsa
1166 869 1336 940 magis
1364 869 1661 939 cognitum.
1696 868 1747 922 ls
1771 866 1917 920 enim

342 967 643 1022 vocabatur
671 962 992 1035 Magundat.
1021 961 1148 1016 Erat
1173 963 1321 1015 enim
1343 960 1489 1014 illius
1511 958 1621 1012 Bau
1641 957 1802 1022 ﬁlius,
1823 955 1916 1026 qui

344 1070 463 1116 erat
486 1061 539 1115 in
576 1076 636 1114 re
659 1058 867 1128 magica
895 1054 1386 1126 prmstantissimus
1408 1061 1464 1105 et
1488 1050 1915 1106 eruditissimus.

344 1156 447 1220 Qui
473 1169 597 1209 cum
628 1158 888 1222 praaesset
911 1147 1187 1203 communi
1221 1145 1346 1198 ludo
1383 1143 1666 1205 litterario,
1691 1151 1745 1195 et
1774 1140 1917 1195 mul-

347 1254 432 1300 tos
466 1245 693 1298 haberet
716 1240 1092 1294 adolescentes
1110 1235 1180 1290 ad
1208 1250 1334 1289 eum
1353 1234 1706 1296 ventilantes,
1729 1240 1918 1300 captos

347 1350 535 1389 amore
566 1333 983 1403 praestigiarum,
1015 1336 1069 1383 et
1104 1343 1232 1382 cum
1284 1332 1338 1380 in
1389 1325 1494 1379 hoc
1540 1324 1717 1379 solum
1755 1336 1918 1378 omne

349 1440 508 1479 suum
541 1424 779 1476 studium
804 1427 1052 1490 poneret,
1094 1431 1289 1486 nempe
1320 1417 1374 1469 in
1407 1416 1483 1470 rei
1510 1418 1729 1485 magica:
1764 1428 1919 1468 exer-

348 1516 625 1580 citatione,
662 1514 715 1567 in
740 1513 850 1566 ﬁlio
885 1510 1115 1565 maxime
1143 1518 1260 1562 arte
1292 1508 1483 1569 utitur,
1509 1515 1564 1560 et
1601 1522 1714 1560 rem
1744 1506 1916 1577 magi-

347 1622 468 1663 cam
521 1622 645 1661 eum
701 1614 809 1658 tam
847 1604 1136 1674 diligenter
1179 1601 1334 1655 docet
1361 1642 1374 1665 ,
1408 1600 1547 1657 utin
1582 1598 1702 1668 ejus
1727 1598 1918 1667 cogni-

2016 510 2111 563 νῦν
2134 512 2269 581 ἡμῖν
2290 511 2574 582 προτεθεὶς
2606 510 2959 575 Ἀναστάσιος
2979 527 2994 543 ο
3022 512 3070 564 εί
3094 513 3188 566 καὶ
3216 512 3290 582 μὴ
3319 513 3379 566 τὸ
3404 515 3588 583 σέσας,

2016 603 2151 656 ἄυλὰ
2177 602 2267 655 τὸν
2295 621 2320 654 τ
2330 604 2495 675 ρόπον
2519 604 2620 674 ἥδη
2650 605 2743 657 καὶ
2765 605 2866 675 τὴν
2897 606 3241 676 προαίρεσιν.
3279 608 3372 669 Ὃς
3398 607 3589 678 κώμης

2021 696 2119 765 μὲν
2177 697 2437 768 προῆλθε,
2508 698 2801 767 Ῥασνουνὴ
2853 698 3234 769 καλουμένης*
3277 699 3460 771 χώρας
3512 703 3588 766 δὲ,

2030 785 2234 859 Ῥαζὴχ
2276 789 2380 841 ὑπὸ
2432 791 2498 858 τῇ
2541 789 2762 860 Περσίδι
2806 790 3104 860 κειμένης·
3139 789 3311 859 ὄνομα
3353 792 3409 844 δὲ
3442 791 3591 862 αὖτῷ

2017 881 2128 942 τοῖς
2152 879 2373 949 τρόποις
2394 878 2715 948 συμϐαῖνον,
2747 880 2843 933 καὶ
2879 881 3079 951 μᾶλλον
3107 881 3171 934 ὲκ
3200 880 3293 941 τοῦ
3325 883 3591 952 πράγμα-

2017 987 2107 1033 τος
2138 970 2258 1042 ἔχον
2274 970 2333 1024 τὸ
2357 971 2652 1043 γνώριμον.
2682 973 2791 1027 Καὶ
2816 974 2925 1045 γὰρ
2948 973 3091 1027 οὕτω
3110 975 3431 1043 Μανγουδὰτ
3463 977 3592 1027 ἑκα-

2017 1063 2177 1117 λεῖτο.
2218 1064 2325 1117 Βαῦ
2359 1066 2469 1134 γάρ
2498 1082 2643 1127 τινος
2693 1061 2761 1138 ἦν
2796 1066 3007 1120 ἐκείνου
3058 1066 3169 1130 υἱὸς
3199 1066 3363 1137 σοφοῦ
3394 1069 3593 1138 κομιδῇ

2018 1157 2113 1209 καὶ
2146 1156 2364 1226 ἀρίστου
2396 1157 2460 1210 τὰ
2493 1156 2702 1224 μαγικά
2726 1173 2738 1185 ο
2763 1156 2821 1219 ὃς
2850 1156 3223 1217 διδασκαλείου
3244 1156 3425 1210 κοινοῦ
3461 1174 3594 1226 προς

2019 1245 2346 1315 καθήμενος,
2396 1248 2490 1301 καὶ
2520 1246 2749 1310 πολλοὺς
2800 1246 2938 1316 ἔχων
2967 1246 3074 1299 τῶν
3105 1246 3239 1301 νέων
3265 1248 3384 1300 κατ’
3416 1248 3597 1319 ἔρωτα

2018 1338 2271 1407 γοητείας
2299 1338 2616 1409 φοιτῶντας
2638 1339 2731 1395 καὶ
2758 1337 2936 1405 τοῦτο,
2964 1338 3096 1407 ipsi?!
3126 1339 3463 1410 ἐπιτήδευμα
3494 1340 3592 1409 μό-

2020 1446 2109 1483 νον
2133 1431 2233 1499 τὴν
2272 1431 2381 1482 τῶν
2434 1432 2681 1500 μαγικῶν
2730 1429 3052 1501 ποιούμενος
3078 1431 3333 1501 ἄσκησιν,
3390 1432 3482 1483 ἐπὶ
3513 1430 3594 1502 τῷ

2022 1520 2121 1590 υἱῷ
2163 1521 2393 1589 μάλιστα
2441 1523 2639 1592 χρῆται
2670 1525 2734 1593 τῇ
2766 1523 2967 1595 τέχνῃο
3014 1524 3113 1576 καὶ
3141 1525 3208 1577 τὰ
3243 1523 3351 1576 τῶν
3399 1522 3592 1592 μάγων

2020 1612 2161 1665 οὕτω
2195 1614 2497 1682 φιλοπόνως
2528 1614 2688 1669 αὑτὸν
2709 1614 3043 1681 ὲκπαιδεύει,
3072 1615 3214 1670 ὥστε
3246 1615 3416 1687 μηδὲν
3456 1617 3586 1669 ὑπι-

347 1698 495 1753 tione
522 1699 661 1769 patri
693 1698 828 1751 nihil
865 1706 1014 1752 esset
1074 1694 1344 1766 reliquum
1391 1691 1537 1762 quod
1570 1706 1683 1745 non
1725 1700 1916 1745 notum

2022 1705 2303 1775 λειφθῆναι
2328 1704 2404 1776 τῷ
2432 1704 2603 1777 πατρὶ
2626 1707 2762 1777 πρὸς
2793 1706 2995 1775 γνῶσιν
3024 1706 3053 1759 ὃ
3086 1708 3161 1781 μὴ
3210 1707 3288 1779 τῷ
3318 1708 3417 1778 υίῴ
3448 1710 3595 1777 γνὼ-

346 1805 563 1862 quoque
594 1797 741 1845 esset
770 1790 902 1845 ﬁlio.

418 1881 486 1937 ll.
522 1881 660 1936 Cum
687 1880 1068 1937 adolescentia:
1108 1889 1291 1937 autem
1322 1888 1538 1935 aetatem
1585 1879 1699 1949 jam
1749 1877 1917 1932 attin-

347 1982 519 2047 geret,
546 1983 603 2029 et
631 1988 724 2028 rex
753 1975 998 2028 Chosroe
1038 1974 1113 2044 (Ξ)
1137 1989 1338 2029 novum
1360 1972 1660 2029 exercitum
1692 1971 1745 2026 in
1784 1969 1918 2026 Per-

347 2066 463 2121 side
490 2066 794 2138 colligeret.
822 2065 943 2134 lpse
974 2068 1193 2137 quoque
1232 2080 1356 2119 cum
1408 2064 1529 2119 aliis
1580 2064 1817 2119 refertur
1861 2063 1917 2119 in

347 2177 639 2215 numerum
679 2164 941 2215 tironum.
978 2160 1246 2225 Quoaiam
1280 2173 1408 2212 vero
1436 2157 1743 2213 veneranda
1783 2172 1919 2211 crux

346 2252 561 2308 Domini
592 2262 765 2307 totum
789 2254 1027 2322 agitabat
1054 2261 1109 2305 et
1130 2251 1490 2322 perturbabat
1510 2248 1809 2315 Persidem,
1835 2249 1921 2303 in-

347 2344 600 2399 ﬁdelibus
635 2344 854 2417 quidem
890 2344 1172 2401 horrorem
1223 2352 1279 2396 et
1318 2352 1579 2403 terrorem
1619 2343 1916 2409 incutiens,

347 2434 600 2490 ﬁdelibus
640 2444 819 2488 autem
845 2434 1085 2489 suaviter
1125 2434 1414 2512 admodum
1454 2442 1511 2488 et
1564 2433 1770 2503 placide
1798 2433 1921 2487 illu-

347 2540 605 2580 cescens:
651 2528 717 2581 de
743 2540 807 2580 ea
845 2526 1063 2596 quidem
1098 2524 1241 2578 faina
1281 2524 1527 2594 quaedam
1584 2540 1682 2596 per
1728 2538 1920 2579 omnes

347 2618 726 2687 persuadebat,
768 2617 932 2682 fama,
965 2617 1207 2688 inquam,
1240 2632 1362 2686 quae
1404 2616 1564 2687 paulo
1589 2617 1827 2671 crassius
1864 2622 1920 2669 et

324 2704 622 2765 indoctius
650 2712 998 2780 prsedicabat,
1051 2711 1486 2765 Christianorum
1526 2709 1695 2767 Deum
1727 2710 1918 2765 adesse

347 2803 552 2880 Persis.
571 2803 653 2858 Ad
685 2820 845 2873 quam
873 2802 962 2857 hic
990 2804 1308 2858 adolescens
1336 2813 1562 2873 repente
1584 2802 1689 2859 fuit
1716 2819 1916 2858 accen-

345 2912 440 2952 sus
459 2898 661 2951 animo.
689 2896 807 2955 Jam
837 2896 985 2950 enim
1002 2896 1216 2951 occulte
1237 2911 1361 2949 eum
1380 2896 1634 2967 tangebat
1660 2895 1751 2950 ille
1775 2896 1917 2967 ignis

346 3007 510 3062 quem
572 2991 823 3047 Christus
878 2991 1032 3045 venit
1072 2991 1255 3060 jacere
1281 3005 1448 3059 super
1503 2999 1702 3044 terram
1730 2989 1791 3046 ¹;
1823 2991 1916 3058 qui

2022 1815 2183 1871 ριμον
2207 1793 2297 1869 ἧν.

2091 1890 2168 1943 B'.
2205 1888 2534 1958 Ἀπτομένου
2574 1890 2631 1943 δὲ
2663 1891 2761 1961 ἤδη
2791 1890 2886 1944 τοῦ
2919 1891 3111 1957 παιδὸς
3167 1891 3355 1964 ἀκμῆς
3389 1909 3449 1946 τε
3499 1893 3594 1947 καὶ

2020 1977 2256 2048 ἡλικίας,
2285 1980 2381 2032 καὶ
2419 1980 2662 2050 Χοτρόου
2716 1981 2805 2034 τοῦ
2837 1981 3103 2052 βασιλέως
3128 1984 3401 2053 νεωτέραν
3430 2000 3596 2055 στρα-

2019 2071 2139 2125 τιὰν
2170 2073 2226 2124 ὲν
2252 2072 2471 2142 Περσίδι
2498 2072 2867 2142 συλλέγοντος,
2894 2076 2971 2137 είς
3001 2074 3217 2145 τύρωνα
3249 2075 3369 2145 μεθ’
3391 2075 3597 2146 ἑτέρων

2021 2164 2117 2223 καὶ
2152 2165 2312 2227 αὐτὸς
2349 2164 2701 2234 ἀπολέγεται,
2743 2166 2897 2219 Ἐπεὶ
2926 2167 2981 2219 δὲ
3002 2168 3029 2219 6
3056 2167 3233 2236 τίμιος
3268 2166 3363 2223 τοῦ
3386 2168 3593 2238 Κυρίευ

2022 2255 2254 2325 σταυρὸς
2285 2254 2382 2315 τὴν
2439 2256 2665 2327 Περσῶν
2709 2257 2919 2310 ἐκλόνει
2947 2259 3041 2313 καὶ
3087 2259 3453 2329 συνετάραττε
3484 2261 3595 2312 nio

2023 2363 2123 2400 σαν
2142 2363 2156 2376 ·
2185 2348 2295 2406 τοῖς
2329 2347 2427 2416 μὲν
2452 2348 2701 2412 ἀπίστοις
2727 2348 2997 2419 φρικῶδες
3026 2366 3078 2400 τι
3102 2350 3192 2406 καὶ
3215 2350 3444 2421 φοϐερὸν
3474 2353 3596 2405 ἔπι-

2023 2438 2207 2506 σείων,
2247 2442 2359 2503 τοῖς
2411 2441 2469 2493 δὲ
2527 2443 2737 2503 πιστοῖς
2776 2442 2916 2509 άγαν
2970 2441 3066 2511 ἡδὺ
3129 2442 3469 2512 προλάμπων
3498 2445 3597 2497 καὶ

2022 2532 2291 2603 προσηνές
2316 2547 2330 2561 ·
2364 2534 2521 2604 φήμη
2552 2551 2636 2598 τις
2660 2534 2791 2605 περὶ
2819 2534 2985 2588 αὑτοῦ
3010 2534 3097 2588 διὰ
3129 2535 3347 2589 πάντων
3370 2534 3594 2608 ἐχώρειο

2021 2624 2116 2676 καὶ
2139 2626 2170 2693 ἡ
2195 2625 2371 2695 φήμη,
2400 2624 2710 2696 παχύτερόν
2745 2644 2859 2687 πως
2893 2621 3007 2697 εἶχε
3057 2629 3150 2681 καὶ
3195 2629 3599 2701 ἀμαθέστερον,

2020 2716 2111 2770 τὸν
2148 2717 2256 2770 τῶν
2286 2719 2629 2788 Χριστιανῶν
2660 2719 2811 2783 θεὸν,
2847 2721 3081 2791 Πέρσαις
3118 2724 3369 2791 παρεῖναι
3391 2724 3601 2793 κηρύτ-

2019 2826 2206 2863 τουσοι.
2242 2810 2382 2881 Πρὸς
2411 2809 2478 2883 ἢν
2507 2811 2535 2860 6
2582 2811 2698 2873 νέος
2729 2809 2882 2880 ἄφνω
2908 2811 3006 2882 τὴν
3034 2810 3213 2883 ψυχὴν
3261 2811 3597 2885 ἀνεφλέχθη.

2024 2904 2163 2974 Ἤδη
2210 2904 2318 2972 γὰρ
2349 2904 2520 2971 αὐτῆς
2566 2903 2770 2973 ἥπτετο
2813 2904 3058 2973 κρυφίως
3111 2905 3376 2957 ἐκεῖνοκτὸ
3402 2905 3541 2975 πῦρ,
3570 2906 3605 2959 ὃ

2018 2992 2253 3063 Χριστὸς
2279 2989 2410 3063 ἦλθε
2438 2991 2619 3062 βαλεῖν
2644 2994 2737 3044 ἐπὶ
2765 2993 2892 3062 γῆς.
2918 2994 3096 3064 Ὅπερ
3119 2994 3213 3053 οὖν
3244 2997 3338 3048 καὶ
3359 2996 3598 3066 ἠρεμεῖν

345 3084 566 3154 quidem
604 3099 719 3137 non
748 3083 962 3137 sinebat
1000 3083 1282 3151 quiescere
1310 3082 1593 3152 pulchram
1631 3082 1773 3136 illius
1793 3083 1917 3137 ado-

2022 3084 2122 3138 οὐκ
2148 3085 2233 3138 εῐα
2260 3085 2359 3154 τὴν
2383 3084 2552 3154 καλὴν
2577 3085 2785 3137 ἐκείνου
2811 3085 3058 3155 νεότητα,
3090 3084 3204 3137 ἀλλ’
3227 3086 3386 3148 εὐθὺς
3414 3087 3602 3140 ἁπαν-

347 3174 689 3239 ieseentiam,
726 3175 820 3228 sed
854 3173 1042 3232 statim
1067 3187 1258 3229 omnes
1288 3172 1473 3228 obibat
1502 3182 1707 3243 partes,
1732 3173 1799 3226 de
1852 3187 1916 3226 eo

348 3267 635 3322 sciscitans
657 3281 818 3335 quam
843 3266 1322 3320 vehementissime
1355 3272 1571 3335 poterat
1603 3275 1660 3320 et
1689 3264 1920 3336 diligen-

350 3359 580 3413 tissime.
610 3358 747 3412 Cum
780 3358 996 3412 audiret
1016 3367 1197 3412 autem
1226 3358 1294 3411 ah
1331 3358 1607 3423 omnibus,
1632 3372 1754 3412 eam
1799 3372 1920 3413 esse

348 3466 585 3515 crucem,
623 3450 676 3504 in
704 3466 809 3520 qua
840 3449 1092 3504 Christus
1128 3450 1222 3505 Dei
1253 3448 1441 3516 Filius,
1469 3450 1562 3520 qui
1592 3464 1622 3503 a
1651 3449 1921 3507 Christiao

344 3545 431 3599 uis
464 3543 740 3607 adoratur,
773 3543 876 3599 fuit
905 3543 1224 3608 cruciﬁxus,
1252 3543 1416 3598 veluti
1460 3543 1641 3616 ignem
1690 3543 1798 3615 igni
1820 3543 1888 3598 ad
1908 3573 1921 3585 -

342 3635 497 3705 jecit.
524 3644 580 3690 et
606 3635 891 3705 quaestioni
915 3637 1199 3706 conjunxit
1220 3635 1603 3706 quaestionem,
1655 3647 1711 3692 et
1734 3652 1800 3692 ex
1833 3652 1921 3692 re-

348 3728 644 3798 sponsione
692 3729 907 3798 accepit
963 3728 1306 3784 occasionem
1360 3729 1586 3785 alterius
1621 3729 1920 3800 interroga-

347 3819 533 3884 tionis,
561 3829 616 3873 et
638 3822 812 3875 multo
843 3821 1015 3892 magis
1047 3821 1270 3875 sitiebat
1305 3821 1537 3888 discere,
1565 3822 1920 3893 quemadmo-

344 3909 478 3963 dum
514 3924 579 3963 ex
604 3912 746 3965 caelo
775 3911 995 3980 quidem
1044 3909 1408 3977 descenderit,
1462 3925 1587 3971 cum
1619 3910 1691 3965 sit
1726 3910 1870 3966 Deus
1901 3929 1916 3969 :

344 4007 402 4055 et
453 4000 915 4071 quemadmodum
976 4002 1141 4056 etiam
1211 4001 1387 4056 factus
1414 4003 1485 4061 sit
1519 4002 1705 4067 homo,
1735 4011 1793 4057 et
1820 4018 1919 4057 cur

345 4091 511 4145 etiam
539 4092 610 4145 sit
638 4091 705 4144 ad
732 4105 953 4145 crucem
1006 4091 1422 4155 condemnatus,
1458 4101 1511 4146 et
1540 4107 1571 4144 a
1612 4091 1832 4160 quibus,
1865 4102 1921 4149 et

345 4196 418 4236 an
445 4182 517 4236 sit
551 4182 617 4236 ad
646 4187 844 4236 coelum
886 4198 1141 4237 reversus
1190 4184 1335 4241 unde
1363 4182 1743 4239 descenderat.
1772 4183 1914 4238 Cum

344 4283 530 4329 autem
566 4275 617 4329 ei
646 4291 676 4329 a
711 4276 815 4346 piis
860 4277 1279 4332 annuutiaretur
1322 4278 1508 4334 carnis
1538 4287 1806 4347 susceptae
1833 4277 1920 4335 di.

345 4369 457 4423 vini
487 4369 702 4424 consilii
757 4369 1099 4441 mysterium,
1132 4385 1292 4424 aures
1317 4373 1537 4441 quidem
1574 4372 1794 4446 pietatis
1828 4386 1918 4426 se-

2022 3174 2190 3245 τ).χοῦ
2214 3173 2435 3248 περιῄει
2468 3173 2870 3245 πυνθανόμενος
2902 3177 3032 3247 περὶ
3073 3176 3286 3242 τούτου,
3320 3176 3441 3248 μεθ’
3465 3180 3604 3249 ὅσης

2021 3267 2089 3321 ἂν
2143 3268 2321 3331 εἴποις
2377 3268 2473 3337 τῆς
2522 3268 2855 3340 θερμὸτητός
2921 3284 2979 3325 τε
3034 3270 3128 3323 καὶ
3179 3270 3278 3340 τῆς
3335 3271 3601 3341 σπουδῆς.

2033 3357 2273 3414 ’Δκούων
2294 3360 2351 3413 δὲ
2376 3358 2525 3430 παρᾶ
2550 3361 2789 3427 πάντων,
2806 3360 2879 3423 ὡς
2902 3359 3012 3430 ἄρα
3031 3355 3188 3425 οὗτός
3212 3364 3360 3416 ἐστιν
3378 3363 3406 3415 6
3434 3379 3605 3417 σταυ-

2022 3450 2116 3522 ρὸς
2144 3454 2201 3504 ἐν
2232 3439 2276 3519 ᾧ
2304 3451 2536 3521 Χριστὸς
2558 3453 2586 3504 6
2608 3450 2700 3504 τοῦ
2736 3450 2872 3503 Θεοῦ
2902 3451 3031 3515 Υίὸς
3060 3454 3087 3505 6
3117 3453 3213 3508 καὶ
3249 3453 3605 3524 Χριστιανοξς

2021 3544 2495 3613 προσκυνούμενος
2520 3542 2863 3615 ἐσταυρώθη,
2897 3544 3010 3616 πῦρ
3042 3544 3233 3616 ὥσπερ
3265 3548 3397 3618 πυρὶ
3426 3562 3606 3616 προσ-

2020 3636 2210 3695 ετίθει,
2246 3636 2340 3688 καὶ
2363 3636 2586 3707 ζητήσει
2619 3637 2860 3706 συνῆπτε
2894 3635 3143 3708 ζήτησιν,
3188 3637 3284 3691 καὶ
3326 3638 3427 3701 τὰς
3452 3640 3606 3695 dno-

2020 3727 2228 3797 κρίσεις
2264 3728 2465 3797 μᾶλλον
2494 3729 2685 3801 ἑτέρας
2711 3716 3053 3799 ἐρωτήσεως
3079 3730 3334 3801 ἀφορμὰς
3378 3731 3560 3787 ἐποίει
3582 3747 3599 3762 ·

2022 3822 2115 3874 καὶ
2141 3820 2322 3892 πολλῷ
2354 3821 2514 3875 πλέον
2549 3822 2703 3897 talea
2741 3822 2936 3893 μαθεῖν
2960 3837 2973 3851 ο
2999 3823 3149 3885 ὅπως
3195 3824 3295 3893 μὲν
3326 3823 3386 3889 ἐξ
3433 3825 3608 3898 οὑραη

2020 3911 2113 3967 νοῦ
2137 3913 2387 3967 κατέλθοι
2405 3914 2535 3977 Θεὸς
2563 3912 2636 3966 ῶν
2655 3930 2668 3943 ·
2692 3915 2840 3977 ὅπως
2858 3916 2915 3969 δὲ
2941 3916 3035 3968 καὶ
3051 3916 3336 3987 ἄνθρωπος
3361 3920 3605 3988 γένοιτο.

2019 4008 2173 4065 Διατί
2200 4005 2257 4059 δὲ
2283 4006 2378 4063 καὶ
2412 4006 2645 4077 σταυρὸν
2674 4007 3059 4079 κατακριθείη.
3103 4011 3199 4062 καὶ
3228 4010 3378 4079 παρὰ
3408 4011 3602 4080 τίνων,

2023 4101 2114 4153 καὶ
2145 4102 2194 4153 εί
2224 4099 2358 4168 πρὸς
2387 4099 2649 4171 οὐρανοὺς
2698 4100 2984 4159 ἐπανέλθοι
3033 4102 3220 4167 πάλιν,
3254 4103 3373 4156 ὅθεν
3402 4102 3608 4174 ἐλήλυ-

2021 4189 2131 4245 οεν.
2171 4190 2260 4251 Ὡς
2280 4188 2335 4242 δὲ
2368 4188 2741 4259 ἀπηγγέλλετο
2768 4190 2918 4259 παρά
2943 4190 3055 4241 τῶν
3087 4188 3329 4243 εὐσεὸῶν
3360 4189 3512 4259 αὐτῷ
3539 4191 3609 4249 τὸ

2019 4280 2118 4350 τῆς
2140 4279 2450 4348 οἰκονομίας
2484 4282 2803 4350 μυστήριον,
2825 4282 2858 4349 ἡ
2885 4279 2986 4350 μὲν
3016 4281 3154 4351 ἀκοὴ
3182 4281 3252 4334 τά
3304 4282 3608 4351 σπέρματα

2019 4378 2117 4447 τῆς
2147 4375 2429 4439 εὐσεϐείας
2452 4378 2624 4447 ἡδέως
2648 4376 2863 4447 ἐδέχετο
2883 4393 2897 4407 ο
2923 4379 2955 4445 ὴ
2987 4376 3136 4448 ψυχὴ
3179 4377 3237 4431 δὲ
3282 4379 3467 4449 ἡρέμα
3499 4384 3612 4449 τῆς

345 4462 492 4516 mina
515 4461 769 4516 lubenter
797 4439 1212 4532 suscipiebant:
1241 4439 1422 4522 anima
1456 4439 1593 4520 vero
1643 4466 1916 4535 produce-

2025 4439 2261 4533 πίστεως
2302 4469 2392 4522 τὸν
2451 4439 2654 4539 στάχυν
2696 4439 3100 4541 ἐκαρποφόρειϊ
3123 4439 3233 4523 ’καὶ
3259 4439 3423 4533 τέλος
3457 4439 3605 4544 αὺτῇ

344 4555 436 4609 bat
468 4556 670 4609 sensim
702 4555 907 4624 spicam
940 4555 1086 4619 ﬁdei,
1122 4555 1250 4610 etei
1287 4556 1620 4612 desiderium
1654 4557 1916 4627 paulatim

347 4646 756 4711 innascebatur,
799 4648 1128 4716 subibatque
1148 4648 1421 4703 aemulatio
1440 4649 1569 4725 ejus
1594 4650 1918 4721 perpessio-

346 4752 478 4793 num
506 4754 519 4791 :
553 4754 672 4806 qua:
698 4755 822 4793 cum
858 4739 913 4793 in
945 4742 1067 4809 ejus
1094 4741 1276 4795 anima
1315 4751 1472 4795 aucta
1500 4752 1554 4796 et
1592 4742 1920 4815 ampliﬁcata

346 4830 559 4893 essent;
589 4831 1039 4886 euminlormant
1078 4841 1133 4887 et
1161 4833 1459 4888 instituunt
1523 4833 1592 4890 ad
1651 4835 1918 4903 Optimum

349 4921 475 4976 vita:
514 4938 707 4992 genus,
738 4924 1055 4994 clarumque
1086 4934 1141 4980 et
1175 4926 1445 4996 insignem
1476 4934 1689 4992 testem,
1715 4936 1920 4998 marty-

2022 4563 2259 4636 Χριστοῦ
2293 4562 2431 4616 κατὰ
2459 4561 2655 4633 μικρὸν
2676 4562 2951 4630 ἐνεφύετο,
2977 4562 3073 4617 καὶ
3094 4562 3256 4631 ζῆλος
3286 4562 3457 4617 αὑτοῦ
3491 4564 3608 4616 τῶν

2024 4656 2363 4725 παθημάτων
2402 4652 2604 4727 είσῄει’
2632 4652 2669 4710 ἃ.
2699 4655 2792 4705 καὶ
2822 4654 3249 4723 συνακμάσαντα
3285 4652 3348 4721 δή
3394 4670 3498 4706 που
3531 4657 3606 4727 τῇ

2022 4746 2117 4800 τοῦ
2143 4746 2266 4799 νέου
2294 4746 2440 4816 ψυχῇ
2472 4745 2566 4798 καὶ
2616 4744 3041 4814 συναυξηθέντα,
3094 4745 3227 4815 πρὸς
3273 4745 3506 4817 ἀρίστην
3542 4763 3608 4800 τε

2022 4840 2185 4895 αὑτὸν
2232 4840 2487 4907 στοιχειοῖ
2532 4836 2828 4899 πολιτείαν,
2858 4837 2953 4891 καὶ
3017 4837 3273 4907 μάρτυρα
3323 4838 3605 4907 περιφανῆ

2023 4932 2164 4999 μετὰ
2197 4930 2375 4985 ταῦτα
2423 4926 2735 5000 ἐργάζεται,
2785 4928 2860 4991 ῶς
2888 4927 2993 4999 ὁδῷ
3021 4926 3225 5000 προῖὼν
3252 4928 3350 4998 ἤδη
3389 4931 3418 4981 6
3444 4929 3607 4995 λόγος

350 5030 491 5082 rem,
525 5017 771 5087 inquam,
795 5019 1057 5083 ellieiunt,
1086 5021 1265 5091 utjam
1297 5020 1601 5090 procedens
1626 5021 1917 5076 declarabit

2022 5023 2268 5095 δηλώσει.
2301 5017 2409 5074 *Ην
2438 5021 2546 5092 γάρ
2571 5037 2654 5083 τις
2687 5019 2913 5088 ἀδελφὸς
2946 5021 3089 5098 κατά
3120 5019 3274 5085 γένος
3309 5020 3483 5090 αὐτῷ,
3507 5021 3605 5074 καὶ

349 5111 543 5166 oratio.
580 5110 712 5166 Erat
739 5113 885 5166 enim
927 5112 975 5167 ei
998 5113 1214 5181 quidam
1251 5115 1415 5169 frater
1435 5129 1635 5183 genere
1681 5122 1740 5170 et
1768 5131 1921 5171 com-

349 5203 561 5261 milito;
599 5204 761 5259 ambo
790 5214 972 5259 autem
1008 5207 1159 5260 relati
1192 5206 1249 5262 in
1297 5222 1585 5264 numerum
1638 5209 1915 5263 exercitus

349 5293 503 5363 Sain,
548 5305 925 5368 veneruntque
969 5312 1138 5367 usque
1189 5298 1255 5353 ad
1312 5298 1565 5369 inclytam
1613 5300 1913 5355 Chalcedo-

346 5402 495 5447 rcm.
526 5388 660 5445 Cum
688 5402 871 5449 autem
897 5392 1115 5449 divinus
1144 5392 1428 5450 Ileraclius
1446 5392 1746 5463 irruptione
1766 5392 1912 5449 facta

420 5571 438 5603 ⁸
469 5570 602 5628 Luc.
638 5588 735 5659 ιιι,
777 5574 864 5633 49.

2022 5114 2431 5186 συστρατιώτης
2454 5129 2468 5145 ο
2499 5115 2798 5184 ἀμφότεροι
2827 5112 2884 5166 δὲ
2912 5115 2976 5183 τῇ
2998 5112 3091 5165 τοῦ
3114 5113 3245 5171 Σάϊν
3275 5110 3607 5183 ὲξεταζόμε·

2020 5223 2102 5261 νοι
2129 5206 2355 5277 στρατιᾷ
2375 5207 2537 5277 μέχρι
2563 5203 2907 5273 Χαλκηδόνος
2932 5205 3033 5274 τῆς
3052 5203 3391 5274 περιφανοῦς
3412 5201 3598 5275 ἦλθον.

2035 5300 2183 5355 Ἐκεῖ
2206 5299 2261 5353 δὲ
2288 5301 2315 5353 6
2348 5299 2488 5362 θεῖος
2531 5297 2853 5369 Ἡράκλειος
2882 5297 2962 5360 είς
2996 5297 3099 5366 τὴν
3130 5297 3369 5368 Περσίδα
3422 5313 3603 5368 παρα-

2022 5391 2202 5449 δαλίον
2230 5390 2749 5465 ἁντιπερισπάσοιτο
2780 5389 2872 5444 τὸν
2901 5389 3033 5444 Σάϊν
3056 5406 3072 5422 ·
3125 5390 3222 5443 καὶ
3251 5388 3604 5462 ὑποστροφῆς

417 5727 495 5801 (2)
526 5729 650 5787 Fuit
678 5731 767 5791 hic
792 5732 1293 5806 Chosroesjunior,
1328 5732 1631 5792 Hormisdae
1683 5732 1826 5807 regis
1875 5732 2042 5802 ﬁlius,
2077 5741 2136 5788 ut
2162 5740 2314 5791 notat
2345 5730 2612 5798 Baronius
2632 5731 2689 5788 in
2718 5732 3122 5812 Martyrologio.
3188 5728 3191 5729 ί
