3832 6480
262 424 368 489 777

1369 423 1545 483 ῊΤΑ
1585 423 1646 481 S.
1684 418 2073 480 ANASTASII
2118 413 2399 477 PEllSE.

3412 422 3518 485 773

264 529 422 594 αὖθις
449 532 477 585 ὁ
510 529 722 602 Πέρσης
746 528 970 598 ἥπτετο,
1010 528 1104 583 καὶ
1147 527 1397 599 σφοδρῶς
1440 527 1668 599 ἐπανῄει
1704 528 1841 598 πρὸς

1968 540 2002 577 ιι
2027 524 2324 589 Persidem,
2350 531 2538 580 contra
2563 523 2691 579 Sain
2707 523 2816 597 [ΑΙ.
2847 521 3004 601 Saes]
3030 530 3367 599 retraxisset,
3392 549 3518 589 rar-

262 622 365 692 τὴν
390 620 617 676 οἰκείαν.
654 620 966 673 Ἀπολείπει
997 620 1095 691 μὲν
1118 620 1218 692 τὴν
1248 620 1523 690 Περσικὴν
1550 620 1845 690 στρατείαν

264 717 294 767 6
333 713 682 776 ’Δναστάσιος
704 714 797 767 καὶ
825 712 959 786 πρὸς
987 713 1184 783 ἑτέραν
1215 712 1396 783 πολλῷ
1429 712 1716 784 κρείττονα
1749 710 1843 764 καὶ

263 805 549 876 θειοτέραν
576 805 1040 874 στρατολογείται.
1087 805 1394 859 Ἀπολείπει
1424 805 1480 857 δὲ
1526 803 1617 856 τον
1645 803 1844 857 οἰκεῖον

263 897 497 968 ἀδελφὸν
529 897 625 952 καὶ
659 895 1089 968 συστρατιώτην,
1124 898 1211 951 ἵνα
1239 895 1315 967 τῷ
1348 894 1845 966 στρατολογήσαντι

265 989 455 1061 αρέσοι
475 1029 490 1054 ,
516 988 612 1043 καὶ
640 988 790 1059 αὑτῷ
810 988 900 1042 διὰ
933 986 1129 1052 παντὸς
1156 986 1470 1042 ἀκολουθεῖν
1516 984 1630 1056 ἔχοι
1678 984 1843 1055 μόνῳ.

268 1081 568 1151 καὶ-μόνοις
592 1081 703 1144 τοῖς
727 1079 892 1135 αὑτοῦ
924 1079 1205 1149 πολεμίοις
1233 1076 1667 1152 συμπλέκεσθαι.

340 1255 416 1313 1".
445 1257 556 1311 Καὶ
608 1254 803 1329 πρῶτα
838 1255 938 1325 μὲν
987 1256 1066 1321 είς
1102 1252 1403 1326 Ἰεράπολιν
1451 1251 1644 1317 ἐλθὼν,
1699 1253 1850 1323 παρᾶ

266 1367 377 1404 τινι
403 1349 716 1419 Χριστιανῷ
739 1348 925 1420 Πέρσῃ
953 1347 1279 1416 κατάγεται,
1304 1346 1405 1417 τὴν
1456 1345 1652 1416 τέχνην
1680 1343 1850 1415 ἁργυ·

270 1444 491 1512 ροκὸπῳ
512 1459 525 1473 ’
556 1442 746 1511 χρόνον
787 1440 843 1494 δὲ
875 1439 1066 1511 συχνὸν
1095 1439 1187 1494 ὑπ’
1234 1438 1382 1511 αὐτῷ
1411 1437 1722 1509 διατρίψας.
1758 1436 1850 1491 καὶ

270 1530 372 1597 τὴν
396 1529 840 1601 ἀργυροκοπικὴν
871 1530 1201 1599 ἐκπονήσας,
1252 1529 1351 1593 τὰς
1381 1529 1479 1599 μὲν
1516 1531 1702 1599 χεῖρας
1737 1524 1849 1597 εἶχε

269 1621 349 1691 τῷ
373 1621 519 1692 ἔργῳ
535 1620 957 1693 προσκειμένας’
984 1622 1017 1691 ἡ
1041 1620 1184 1692 ψυχὴ
1201 1622 1257 1675 δὲ
1286 1622 1370 1676 ἀεὶ
1399 1622 1491 1675 καί
1520 1622 1570 1673 ei
1596 1621 1848 1691 λογισμοὶ⁸

270 1714 364 1765 τον
398 1714 535 1784 προς
570 1712 703 1765 Θεὸν
734 1712 995 1786 ἔστρεφον
1016 1729 1075 1763 τε
1113 1714 1205 1765 καὶ
1235 1711 1462 1782 ἔτρεφον
1517 1710 1715 1783 ἔρωτα,
1758 1711 1851 1765 καὶ

265 1804 458 1859 τοῦτον
487 1805 566 1858 ἔτι
593 1805 794 1875 μᾶλλον
823 1805 1039 1869 ἑαυτοῖς
1070 1805 1411 1874 ὑπανῆπτον.
1454 1802 1550 1858 καὶ
1573 1802 1664 1857 ὑπ’
1685 1802 1850 1858 αὑτοῦ

268 1898 436 1952 πάλιν
468 1897 798 1970 θερμότερον
822 1898 1203 1966 ἀνεφλέγοντο.
1240 1896 1404 1950 Ὅθεν
1437 1897 1613 1950 ἐδεῖτο
1637 1895 1729 1950 τοῦ
1762 1897 1853 1948 ἁν-

266 1989 394 2062 δρὺς
425 1990 453 2041 ὀ
489 1989 778 2059 μακάριος,
814 1989 1113 2060 ἀξιωθῆναι
1147 1988 1241 2042 τοῦ
1274 1989 1418 2043 θείου
1450 1988 1847 2061 βαπτίσματος,

271 2081 372 2133 καὶ
410 2079 546 2143 ὅλως
599 2077 695 2132 τοῦ
744 2080 1013 2149 προτέρου
1068 2078 1242 2149 ῥύπου
1306 2079 1401 2133 καὶ
1442 2081 1536 2148 τῆς
1592 2078 1853 2148 γοητικῆς

268 2173 487 2243 ἐκείνης
511 2170 919 2243 ἐκκαθαρθῆναι
957 2170 1198 2242 σαπρίας
1222 2188 1237 2200 ’
1264 2166 1387 2246 ῖν’ᾖ
1416 2172 1489 2242 μὴ
1530 2171 1853 2242 προαίρεσιν

271 2265 460 2335 μόνον,
491 2262 627 2318 ἀλλὰ
649 2266 741 2317 καὶ
768 2263 947 2335 ψυχὴν
973 2263 1069 2317 καὶ
1098 2262 1256 2335 σῶμα
1282 2265 1696 2335 κεκαθαρμένος
1716 2306 1727 2327 ,
1760 2266 1853 2319 καὶ

268 2356 496 2423 γένηται
527 2355 625 2423 τῆς
679 2356 1017 2427 ποθουμένης
1063 2355 1301 2428 Χριστοῦ
1342 2356 1580 2428 μερίδος,
1615 2373 1853 2425 σημειω-

268 2445 388 2512 θε“ις
416 2447 494 2520 τῷ
528 2449 737 2501 ἐκείνου
791 2448 1192 2517 σφραγίσματι.
1253 2445 1360 2500 Τοῦ
1403 2447 1461 2501 δὲ
1506 2447 1598 2499 τὸν
1642 2448 1708 2500 ἐκ
1747 2447 1853 2500 τῶν

268 2539 499 2611 Περσῶν
533 2539 776 2593 κίνδυνον
811 2539 1066 2602 δεδιότος,
1097 2539 1192 2593 καὶ
1224 2535 1285 2590 τὸ
1317 2540 1547 2608 πρᾶγμα
1578 2538 1675 2607 ⁸διὰ
1699 2538 1855 2591 τοῦτο

264 2635 395 2694 ταῖς
444 2633 522 2696 είς
551 2631 613 2684 τὸ
647 2632 837 2702 μέλλον
889 2630 1178 2693 ἀναϐολαῖς
1213 2629 1630 2698 παρατείνοντος
1657 2644 1673 2659 ο
1716 2629 1851 2691 τέως

271 2724 375 2793 μὲν
426 2723 545 2785 ταῖς
576 2724 728 2793 παρὰ
765 2723 891 2786 τοὺς
926 2722 1103 2784 θείους
1133 2722 1294 2785 ναοὺς
1333 2719 1578 2790 προὸδσις
1629 2720 1690 2773 τὸ
1720 2722 1852 2773 πολὺ

264 2817 369 2885 τῇ;
396 2814 690 2883 ἐπιθυμίας
728 2812 1127 2882 παρεμυθεῖτο,
1170 2813 1265 2867 καὶ
1304 2812 1522 2865 ἀπιόντι
1568 2812 1705 2883 πρὸς
1755 2813 1855 2865 αὐ-

183 2940 191 2953 .
265 2908 397 2968 τοὺς
429 2904 505 2974 τῷ
545 2904 914 2974 ἁργυροκόπῳ
990 2905 1085 2957 καὶ
1124 2903 1286 2967 αὐτὸς
1336 2903 1620 2974 συναπῄει,
1648 2903 1742 2957 καὶ
1770 2903 1854 2957 ei»-

267 2998 490 3067 χομένῳ
522 2997 841 3068 συνηύχετο,
875 2996 970 3049 καὶ
994 2997 1063 3057 τὰ
1109 2996 1218 3050 τῶν
1244 2996 1411 3064 ἁγίων
1448 2994 1705 3065 θαύματα
1761 2995 1856 3050 καὶ

268 3092 401 3149 τοὺς
430 3089 621 3152 ἄθλους
657 3090 876 3142 ἐπὶτῶν
902 3089 1101 3159 τοίχων
1132 3088 1498 3162 γεγραμμένα
1521 3090 1685 3160 ὀρῶν,
1715 3092 1854 3160 ἄγαν

1948 632 2068 671 sum
2089 617 2252 672 Persa
2271 617 2505 673 reditum
2536 632 2824 689 aggressus
2850 627 2953 684 est,
2988 630 3043 676 et
3071 621 3124 676 in
3156 639 3309 680 suam
3344 627 3518 698 regio-

1946 723 2074 763 nem
2113 708 2425 764 vehementi
2451 710 2632 766 studio
2658 721 2744 767 est
2772 727 3041 768 reversus.
3084 714 3401 773 Exercitum
3429 736 3521 774 auo

1950 809 2057 854 tem
2090 800 2370 856 Persicum
2395 802 2650 872 relinquit
2668 804 2990 860 Anastasius
3007 805 3109 877 (ὃ).
3124 818 3180 863 et
3202 809 3439 866 refertur
3463 814 3516 866 in

1947 893 2112 947 alium
2135 893 2304 949 multo
2334 893 2612 950 meliorem
2644 898 2698 951 et
2721 896 3072 955 diviniorem.
3097 899 3521 973 Relinquitvcro

1951 1000 2108 1039 suum
2151 985 2368 1041 fratrem
2398 994 2454 1041 et
2484 987 2935 1056 commilitonem,
2978 999 3039 1044 ut
3068 992 3118 1046 ei
3155 993 3396 1062 placeret
3426 996 3518 1065 qni

1958 1076 2260 1132 exercitum
2283 1076 2599 1148 collegerat,
2633 1087 2687 1133 et
2718 1093 2844 1134 eum
2870 1081 3049 1136 solum
3075 1093 3262 1153 posset
3305 1101 3522 1158 semper

1950 1166 2128 1238 sequi,
2152 1176 2209 1223 et
2238 1182 2535 1224 conserere
2564 1183 2758 1224 manus
2782 1182 2915 1224 euut
2937 1172 3073 1227 solis
3096 1175 3219 1244 ejus
3245 1176 3519 1234 bosubus.

2023 1257 2114 1315 Ill.
2154 1257 2220 1313 Et
2249 1261 2488 1330 primum
2515 1260 2734 1331 quidem
2756 1277 2880 1318 eum
2898 1265 3136 1320 venisset
3167 1268 3520 1341 Hierapolim,

1950 1350 2169 1408 divertit
2231 1351 2299 1407 ad
2360 1353 2652 1423 quemdam
2712 1354 2937 1412 Persam
2972 1356 3368 1428 Christianum,
3407 1375 3525 1420 arte

1950 1447 2163 1517 argenti
2212 1446 2562 1503 couilatorem
2593 1468 2606 1505 :
2639 1458 2694 1505 et
2743 1466 2870 1508 cum
2917 1462 3090 1509 artem
3124 1455 3398 1514 conﬂandi
3434 1476 3525 1514 ar-

1952 1537 2097 1610 genti
2130 1539 2489 1602 exercuisset.
2524 1555 2719 1596 manus
2745 1544 2965 1614 quidem
3019 1546 3254 1603 habebat
3287 1548 3527 1607 intentas

1953 1629 2128 1700 operi,
2179 1629 2398 1686 animus
2460 1640 2641 1688 autem
2698 1649 2915 1705 semper
2942 1644 2998 1691 et
3027 1639 3283 1709 cogitatio
3321 1641 3372 1695 in
3431 1643 3525 1699 Dei

1954 1737 2139 1779 amore
2164 1724 2484 1779 versabatur
2508 1734 2564 1781 et
2597 1726 2846 1782 alebatur
2876 1746 2889 1782 :
2919 1744 3156 1801 eumque
3197 1733 3299 1788 sibi
3345 1736 3525 1791 adhuc

1956 1815 2128 1888 magis
2158 1816 2512 1883 accendebat,
2538 1827 2596 1873 et
2617 1818 2686 1874 ab
2710 1818 2829 1890 ipso
2869 1836 3060 1877 rursus
3083 1821 3527 1883 inﬂammabatur

1958 1905 2356 1962 vehementius.
2398 1906 2761 1974 Quamobrem
2791 1923 2918 1964 eum
2949 1911 3172 1982 rogabat
3195 1913 3284 1969 ille
3309 1916 3523 1981 beatus.

1957 2009 2019 2053 ut
2040 1998 2287 2054 divinum
2319 1999 2651 2069 baptismum
2680 2010 3129 2071 consequeretur,
3164 2013 3220 2058 et
3240 2006 3465 2061 omnino
3496 2025 3525 2061 a

1956 2088 2230 2157 prioribus
2288 2089 2545 2146 sordibus
2589 2101 3002 2163 expurgaretur,
3053 2103 3109 2150 et
3160 2096 3232 2152 ab
3277 2097 3364 2153 illa
3403 2098 3527 2155 labe

1956 2179 2355 2251 praestigiarum
2387 2198 2402 2237 :
2428 2189 2496 2236 ut
2514 2196 2624 2238 non
2646 2182 2821 2238 solum
2847 2185 3129 2241 voluntate
3153 2194 3209 2242 et
3236 2186 3526 2254 electione,

1955 2272 2049 2328 sed
2082 2272 2261 2326 anima
2286 2280 2505 2344 quoque
2561 2284 2618 2329 et
2655 2289 2881 2345 corpore
2942 2287 3090 2333 esset
3145 2289 3435 2351 purgatus,
3471 2293 3530 2337 et

1956 2362 2109 2418 ﬂeret
2129 2361 2330 2420 Christi
2362 2366 2555 2435 partis.
2587 2382 2750 2437 quam
2774 2366 3137 2434 desiderabat,
3182 2370 3328 2426 illius
3349 2374 3532 2443 signa-

1957 2465 2043 2509 tus
2070 2455 2368 2527 signaculo.
2404 2455 2540 2512 Cum
2597 2457 2687 2513 ille
2719 2468 2903 2514 autem
2956 2475 3023 2515 ex
3079 2461 3257 2518 l‘ersis
3311 2464 3531 2519 timeret

1957 2548 2284 2617 periculum,
2324 2557 2378 2605 et
2399 2547 2524 2605 ideo
2547 2551 2812 2603 morando
2845 2565 2958 2606 rem
3005 2551 3248 2608 diil‘crret
3291 2554 3347 2609 in
3375 2554 3527 2611 futu-

1958 2656 2100 2706 rum,
2133 2641 2353 2696 interim
2384 2641 2604 2711 quidem
2627 2641 2694 2696 ad
2720 2642 2904 2697 divina
2931 2644 3129 2714 templa
3152 2646 3393 2702 aditione
3418 2663 3532 2703 ma-

1956 2749 2121 2804 gnum
2152 2746 2311 2788 suum
2343 2733 2628 2788 solahatur
2674 2733 3029 2799 desiderium,
3060 2745 3116 2791 et
3154 2753 3276 2793 cum
3316 2742 3529 2809 argenti

1958 2824 2276 2891 conﬂatore,
2306 2827 2372 2881 ad
2404 2826 2518 2897 ipsa
2540 2826 2795 2891 adeunte,
2821 2829 2938 2897 ipse
2970 2843 3191 2898 quoque
3216 2831 3384 2886 simul
3430 2834 3529 2888 ad-

1960 2920 2091 2984 ibat,
2114 2929 2169 2975 et
2195 2935 2317 2975 cum
2348 2929 2540 2974 orante
2562 2919 2723 2974 simul
2740 2921 2951 2983 orabat,
2981 2929 3035 2975 et
3060 2938 3184 2977 cum
3213 2933 3529 2980 sanctorum

1957 3010 2219 3068 miracula
2266 3017 2322 3065 et
2350 3009 2646 3066 certamina
2689 3010 2898 3066 videret
2930 3010 3201 3083 descripta
3245 3015 3299 3068 in
3351 3014 3533 3085 parie-

1960 3104 2134 3170 tibus,
2167 3103 2236 3159 de
2285 3102 2356 3159 iis
2402 3103 2699 3158 admodum
2752 3103 3042 3175 diligenter
3100 3106 3344 3178 rogabat.
3391 3107 3529 3162 Cum

269 3180 554 3250 ἐπιμελῶς
588 3186 711 3254 περί
766 3182 948 3236 αὐτῶν
1008 3182 1284 3253 ἀνηρώτα.
1360 3181 1513 3236 ἐπεὶ
1557 3182 1615 3235 δὲ
1654 3182 1854 3254 ἡκουεν

1963 3212 2092 3251 vero
2151 3196 2470 3261 audivisset,
2498 3196 2675 3266 qualis
2703 3195 2783 3252 eis
2839 3198 2968 3266 vita,
3004 3213 3202 3262 mores,
3255 3200 3444 3266 virtus,
3477 3210 3535 3256 et

269 3266 387 3334 οἷος
407 3263 653 3338 ’ἐκείνοις
710 3276 739 3327 ὁ
785 3273 921 3344 βίος,
952 3275 980 3326 ὁ
1009 3276 1231 3343 τρόπῡς,
1272 3274 1305 3343 ἡ
1340 3274 1532 3344 ἁρετὴ,
1581 3273 1637 3326 οἵ
1670 3289 1729 3326 τε
1770 3272 1857 3327 διὰ

266 3364 510 3435 Χριστὸν
545 3364 753 3433 ἀγῶνες
811 3367 1023 3433 ὁποῖοι,
1053 3364 1148 3419 καὶ
1189 3364 1307 3428 οἵας
1365 3365 1497 3435 παρ’
1522 3363 1670 3436 αὐτῷ
1700 3366 1860 3418 πάλιν

270 3459 554 3527 ἐπιτυχεῖν
589 3458 773 3520 αὐτοῖς
803 3457 1015 3527 γένοιτο
1042 3459 1136 3512 καὶ
1166 3458 1264 3525 τῆς
1296 3457 1632 3528 παρρησίας·
1669 3456 1855 3510 οὐκέτι

270 3547 532 3616 κατέχειν
575 3548 673 3619 τὴν
716 3548 882 3603 ὠδῖνα
928 3548 1028 3619 τῆς
1073 3546 1299 3618 καρδίας
1347 3542 1459 3610 οἷός
1520 3562 1580 3600 τε
1611 3542 1701 3616 ἦν,
1744 3546 1856 3599 ἀλλ’

272 3641 421 3710 ἔγνω
444 3642 669 3713 πορείας
701 3643 797 3712 τῆς
828 3643 920 3696 ἐπὶ
949 3643 1015 3695 τὰ
1073 3640 1427 3711 Ἱεροσόλυμα
1471 3641 1675 3710 μᾶλλον
1714 3640 1859 3708 ἄψα-

274 3734 426 3799 σθαι,
459 3738 683 3790 κάκεῖσε
716 3740 900 3807 τυχεῖν
932 3735 1027 3791 τοῦ
1059 3736 1457 3806 βαπτίσματος.
1517 3732 1859 3789 Καταλαϐὼν

269 3823 370 3881 οὖν
400 3827 498 3899 τὴν
526 3830 690 3897 ἁγίαν
723 3830 901 3894 πόλιν,
953 3830 1048 3882 κα)⁸
1080 3827 1366 3899 παρελθὼν
1400 3826 1479 3890 εἰς
1506 3843 1651 3889 τινος
1679 3826 1858 3880 οἰκίαν

271 3918 377 3991 τὴν
403 3921 851 3993 ἁργυροκοπικὴν
885 3922 982 3974 καὶ
1015 3923 1181 3974 αὑτοῦ
1210 3919 1513 3990 μετιόντος,
1559 3920 1658 3990 τὴν
1680 3919 1860 3973 αἰτίαν

276 4011 433 4082 αὐτῷ
474 4017 572 4085 τῆς
624 4014 921 4085 ἐπιδημίας
986 4014 1388 4068 ἀνακαλύπτειο
1458 4015 1539 4066 ὅτι
1592 4011 1857 4083 βούλοιτο.

274 4106 434 4175 φησι,
490 4105 628 4175 πρὸς
684 4106 997 4159 θεοσέϐειαν
1059 4105 1424 4176 μεταθέσθαι,
1492 4106 1588 4159 καὶ
1642 4105 1863 4177 Χριστῷ

274 4199 656 4270 προσαχθῆναι
705 4199 794 4253 διὰ
831 4198 1227 4269 βαπτίσματος.
1258 4199 1369 4252 Καὶ
1417 4198 1474 4261 ὂς
1521 4198 1863 4269 αὐτδνἮλία

273 4292 359 4362 τῷ
405 4292 503 4362 τῆς
553 4291 739 4360 Ἀγίας
777 4292 1153 4355 ’Δναστάσεως
1187 4290 1465 4361 ὀσιωτάτῳ
1510 4288 1864 4361 πρεσϐυτέρῳ

275 4382 576 4452 προσάγευ
605 4384 858 4446 κακεῖνος
897 4378 1140 4447 ὑπτίαις,
1166 4379 1195 4433 ὃ
1216 4380 1279 4451 δὴ
1311 4381 1549 4448 λέγεται,
1577 4379 1736 4449 χερσὶ
1772 4379 1863 4431 τὸν

277 4474 401 4528 νέον
426 4472 740 4543 δεξάμενος,
765 4471 1027 4543 Μοδέστῳ
1047 4470 1344 4541 τηνικαῦτα
1370 4469 1465 4523 τοῦ
1492 4467 1852 4523 ἀποστολικοῦ

1963 3289 2139 3361 qualia
2169 3299 2390 3360 propter
2417 3288 2695 3345 Christum
2727 3291 3047 3356 certamina,
3066 3300 3123 3346 et
3146 3292 3360 3362 qualem
3388 3295 3534 3363 apud

1961 3384 2142 3455 ipsum
2177 3399 2366 3439 rursus
2388 3382 2642 3439 (idueiam
2665 3384 2745 3439 eis
2775 3385 2964 3440 liceret
2988 3386 3267 3455 consequi,
3292 3401 3401 3441 non
3438 3404 3536 3457 po-

1965 3484 2103 3529 terat
2132 3474 2365 3545 amplius
2391 3474 2695 3541 continere,
2733 3475 2806 3539 id,
2852 3477 2997 3545 quod
3050 3476 3171 3546 ejus
3205 3478 3537 3547 parturicbst

1961 3566 2197 3633 animus,
2234 3566 2327 3621 sed
2359 3566 2552 3622 statuit
2616 3566 2880 3637 proﬁcisci
2939 3566 3328 3639 ll.erosolyma.
3358 3577 3412 3624 et
3444 3570 3540 3623 ba-

1963 3658 2223 3730 ptismum
2246 3658 2353 3712 illic
2370 3658 2653 3728 consequi.
2680 3656 2815 3712 Cum
2838 3671 2966 3729 ergo
2988 3656 3044 3711 in
3074 3667 3317 3713 sanctam
3349 3675 3539 3727 perve-

1963 3754 2136 3808 nisset
2182 3750 2480 3815 civitatem,
2529 3756 2585 3804 et
2634 3750 2955 3805 accessisset
3003 3750 3056 3802 in
3102 3748 3323 3804 domum
3353 3753 3538 3820 cujus-

1963 3845 2109 3910 dam,
2145 3843 2237 3913 qui
2258 3844 2373 3913 ipse
2404 3857 2623 3912 quoque
2685 3844 2896 3911 argenti
2942 3839 3208 3897 conﬂandi
3254 3843 3541 3899 exercebat

1963 3947 2159 4000 artem,
2198 3934 2248 3990 ei
2268 3934 2445 4005 aperit
2474 3949 2695 3989 causam
2727 3934 2810 3988 sui
2839 3933 3126 3998 adventus,
3158 3950 3357 4003 nempe
3394 3939 3537 4007 quod

1964 4026 2124 4080 vellet
2158 4023 2369 4079 traduci
2400 4024 2465 4078 ad
2508 4023 2762 4095 pietatem
2788 4031 2844 4078 et
2865 4039 3052 4078 verum
3095 4024 3190 4078 Dei
3226 4024 3457 4091 cultum,
3488 4037 3540 4080 ct

1964 4118 2033 4173 ad
2068 4117 2344 4173 Christum
2374 4117 2567 4172 adduci
2593 4133 2690 4186 per
2712 4116 3064 4186 baptismum.
3090 4115 3183 4172 ille
3203 4126 3383 4172 autem
3416 4134 3542 4173 curn

1969 4208 2191 4263 adducit
2219 4208 2285 4263 ad
2318 4208 2514 4273 Eliam,
2551 4206 2764 4262 Sanctae
2806 4207 3243 4262 llesurrectionis
3260 4209 3541 4264 sanctissi-

1967 4316 2118 4356 mum
2176 4301 2594 4372 presbyterum:
2628 4299 2720 4370 qui
2756 4314 2882 4356 cum
2936 4300 3169 4370 supinis,
3208 4307 3267 4354 ut
3318 4299 3540 4366 dicitur,

1967 4391 2221 4445 manibus
2259 4391 2518 4462 juvenem
2576 4392 2896 4459 accepisset,
2928 4391 2996 4445 de
3020 4404 3087 4444 eo
3127 4390 3297 4444 refert
3333 4389 3401 4445 ad
3432 4390 3546 4444 Μο⁴

1970 4482 2207 4550 dcsmm,
2234 4482 2325 4551 qui
2385 4483 2499 4536 sedi
2537 4492 2771 4551 praeerat
2806 4481 3155 4552 apostolicae;
3191 4492 3246 4537 et
3277 4483 3356 4537 sic
3404 4482 3542 4538 divi-

278 4556 587 4639 προεστῶτι
619 4565 807 4637 θρόνου
847 4565 917 4619 τὰ
963 4566 1082 4619 κατ’
1109 4563 1269 4618 αὑτὸν
1294 4562 1577 4633 ἀναφέρει,
1601 4560 1697 4613 καὶ
1724 4560 1855 4614 οὖτα

1972 4590 2103 4628 num
2140 4574 2470 4644 baptismum
2535 4575 2863 4643 assequitur,
2913 4588 2971 4628 et
3012 4574 3337 4629 veneranda
3367 4576 3544 4630 crucis

278 4658 543 4728 τυγχάνει
578 4658 671 4712 τοῦ
706 4659 853 4712 θείου
886 4657 1296 4728 βαπτίσματος·
1326 4657 1419 4709 καὶ
1462 4654 1673 4722 καρπὸς
1697 4653 1866 4719 ὅντως

278 4752 509 4821 ὡραῖος,
536 4750 630 4803 τοῦ
660 4750 953 4822 σεϐασμίου
982 4748 1215 4821 σταυροῦ
1240 4748 1512 4802 δείκνυται
1535 4787 1552 4812 ,
1578 4748 1675 4801 καὶ
1717 4747 1869 4802 Ἀνα-

282 4842 504 4904 στάσιος
540 4842 844 4912 ἐπωνύμως
874 4843 973 4912 τῆς
1013 4843 1368 4913 ἀνακλήσεως
1417 4843 1512 4896 καὶ
1542 4840 1641 4910 τῆς
1667 4843 1758 4893 ἐπὶ
1796 4840 1864 4894 τὰ

279 4935 519 5005 κρείττω
556 4934 861 5005 μεταϐοὶῆς
884 4934 990 4987 ἀπὸ
1028 4936 1128 5004 τῆς
1156 4933 1428 5005 προτέρας
1465 4932 1725 4993 ἀπιστίας
1771 4932 1867 4983 καὶ

288 5026 535 5097 γοητείας
597 5026 1046 5096 μετονομάζεται.
1098 5026 1201 5079 Σὺν
1237 5026 1384 5095 αὐτῷ
1434 5024 1491 5077 δὲ
1548 5023 1870 5092 βαπτίζεταί

278 5135 366 5183 τις
398 5117 493 5173 καὶ
517 5117 703 5189 ἔτερος
732 5121 830 5190 τῆς
854 5119 1023 5189 αὐτῆς
1054 5119 1148 5173 καὶ
1176 5117 1429 5188 πατρίδος
1457 5119 1551 5171 καὶ
1572 5115 1871 5186 θρησκείας

293 5210 640 5282 Ἀναστασίῳ
662 5226 675 5240 ·
707 5208 767 5275 ὃς
802 5211 898 5265 καὶ
925 5212 1023 5280 τῆς
1078 5210 1200 5279 ῐσης
1230 5207 1593 5278 ἐκοινώνησεν
1640 5207 1869 5278 ὕστερον

281 5304 431 5376 ὑπὲρ
457 5302 698 5373 Χριστοῦ
723 5302 1056 5374 μαρτυρίας,
1092 5300 1187 5355 καὶ
1232 5300 1341 5353 τῶν
1380 5299 1557 5353 αὐτῶν
1588 5301 1646 5352 ὲν
1684 5298 1870 5368 Ἐδέσῃ

282 5393 603 5467 κατηξιώθη
636 5396 939 5465 στεφάνων.

355 5488 432 5539 Δ’.
462 5484 762 5548 Μείναντος
819 5484 1003 5554 μέντοι
1056 5482 1209 5554 παρὰ
1235 5484 1302 5555 τῇ
1350 5484 1445 5536 τοῦ
1494 5482 1867 5552 πρεσϐυτέρου

284 5577 439 5648 οἰκία
478 5576 675 5648 ὀγδόην
706 5578 921 5648 ἡμέραν
960 5575 1338 5641 ’Λναστασίου,
1374 5574 1497 5628 καθ’
1535 5575 1601 5647 ἢν
1652 5575 1747 5628 καὶ
1782 5574 1867 5627 νό-

290 5683 393 5739 μος
420 5669 710 5738 ἀπροῖτους
732 5668 843 5739 ἔχει
872 5669 997 5732 τοὺς
1028 5669 1151 5732 ἄρτι
1190 5665 1660 5742 πεφωτισμένους,
1707 5665 1873 5717 ἐπυν-

1975 4679 2101 4719 vere
2131 4664 2360 4735 pulcher
2387 4664 2602 4719 fructus
2626 4666 2955 4729 ostenditur,
2986 4674 3041 4722 et
3087 4666 3409 4721 Anastasius
3441 4682 3544 4723 no-

1972 4756 2123 4811 mine
2180 4765 2545 4813 transmutato
2602 4757 2926 4828 appellatur,
2962 4766 3178 4828 sumpta
3225 4758 3573 4814 denomina/

1977 4849 2122 4904 tione
2149 4865 2180 4904 a
2206 4851 2549 4908 revocatioue
2580 4861 2634 4908 et
2664 4853 2730 4906 ad
2758 4852 2979 4907 meliora
3008 4839 3358 4908 mutatione'a
3377 4854 3546 4924 priori

1974 4937 2289 4997 inﬁdelitate
2319 4952 2372 4997 et
2405 4942 2713 5013 praestigiis.
2755 4942 2873 4998 L'na
2896 4951 3079 4996 autem
3114 4957 3238 4998 cum
3269 4958 3336 4997 eo
3375 4943 3549 5014 bapti‘

1971 5041 2127 5086 zalur
2155 5049 2375 5104 quoque
2407 5034 2626 5104 quidam
2651 5034 2810 5102 alius,
2842 5034 2933 5105 qui
2958 5043 3075 5088 erat
3102 5034 3348 5105 ejusdem
3383 5036 3546 5092 etiam

1968 5125 2160 5195 patria:
2199 5136 2255 5181 et
2278 5126 2533 5197 regionis,
2565 5128 2723 5197 cuius
2766 5127 3088 5182 Anastasius
3118 5147 3131 5182 :
3160 5128 3252 5197 qui
3277 5127 3381 5182 fuit
3428 5126 3547 5196 ejus

1972 5231 2190 5288 quoque
2217 5217 2400 5272 socius
2450 5219 2503 5271 in
2544 5216 2771 5273 ferendo
2811 5232 2909 5287 pro
2940 5216 3161 5275 Christo
3184 5217 3463 5291 martyrio,
3490 5228 3546 5270 et

1970 5308 2191 5365 easdem
2221 5317 2309 5364 est
2342 5308 2560 5366 Edessa:
2595 5324 2825 5366 coronas
2853 5317 3202 5366 consecutus.

2049 5469 2281 5527 iV.Cum
2296 5480 2478 5527 autem
2497 5471 2791 5539 mansisset
2808 5472 3124 5528 Anastasius
3136 5468 3411 5541 octoginta
3434 5467 3551 5524 dies

1975 5565 2119 5636 apud
2152 5564 2550 5640 presbyterum,
2581 5566 2782 5639 quibus
2813 5580 2922 5620 non
2952 5565 3081 5621 licet
3108 5562 3292 5635 egredi
3315 5576 3428 5627 eos,
3455 5563 3547 5633 qui

1981 5658 2144 5715 modo
2174 5656 2327 5715 fuere
2356 5659 2665 5724 illuminali,
2704 5656 2928 5730 rogavit
2973 5672 3097 5713 eum
3126 5655 3342 5710 divinus
3380 5654 3548 5721 Elias,

363 5850 444 5923 (5)
488 5846 810 5902 Anastasius
849 5848 918 5903 ad
954 5847 1296 5905 Christianos
1332 5847 1624 5919 transfugit
1649 5860 1794 5901 anno
1825 5845 1951 5912 621,
1991 5844 2229 5900 Baronio
2257 5853 2401 5900 teste
2435 5852 2472 5898 t.
2515 5842 2628 5897 Vill
2652 5843 2848 5897 Annal.

524 5943 796 6004 Ρηιιοι..
837 5943 955 6005 Gn.
1018 5942 1223 6007 CXIV.

3166 5932 3239 5995 95
