3832 6466
385 398 492 458 77°.)

1608 396 1892 455 MENSIS
1927 392 2380 456 ,Ἀκυληίυᾶ

3508 402 3606 464 780

382 509 637 577 quidnam
673 506 739 559 de
772 519 829 557 se
858 504 1113 571 deinceps
1145 503 1289 557 velit.
1338 502 1429 555 lllc
1483 513 1662 556 autem
1717 503 1947 573 rogavit,

2058 501 2248 555 θάνετο
2279 498 2440 555 αὐτοῦ
2476 501 2503 552 ὁ
2548 499 2688 563 θεῖος
2732 499 2981 565 Ἦλίας,δ
3010 501 3062 554 τί
3098 518 3225 557 ποτε
3260 507 3383 575 περὶ
3427 509 3611 564 ἑαυτοῦ

380 613 439 657 ut
481 601 723 656 habitum
754 606 1186 667 consequeretur
1221 595 1606 651 monasticam.
1651 595 1787 649 Cum
1823 610 1954 650 vero

379 693 449 746 ad
482 697 581 746 hoc
610 704 829 760 quoque
873 688 1158 742 annuisset
1193 687 1479 759 presbyter
1504 688 1630 755 (jam
1666 688 1810 740 enim
1841 688 1953 739 vcl-

386 786 465 839 uti
489 799 553 838 ex
587 781 817 852 quadam
844 779 1113 850 pellucida
1138 790 1311 845 veste,
1353 786 1407 834 et
1433 793 1496 833 ex
1529 779 1728 832 decoro
1772 777 1954 832 habitu

379 884 433 930 et
465 884 607 930 statu
647 872 1040 929 ostendebatur
1068 872 1323 927 nobilitas
1351 871 1566 935 animm,
1588 879 1642 926 et
1665 870 1811 940 quali
1846 870 1955 923 vir-

378 977 494 1022 tute
525 966 740 1021 futurus
787 972 935 1019 esset
984 962 1306 1017 Anastasius
1335 971 1428 1017 :ct
1479 961 1601 1016 ideo
1630 961 1746 1031 ipse
1797 959 1955 1015 facile

378 1060 542 1117 cessit
595 1059 718 1129 ejus
760 1056 1060 1128 precibus),
1114 1054 1259 1109 venit
1320 1069 1443 1108 cum
1492 1068 1559 1107 eo
1616 1060 1738 1123 post
1786 1050 1953 1106 divini

379 1152 618 1223 mysterii
640 1149 1062 1206 celebrationem
1087 1147 1152 1202 ad
1179 1149 1569 1201 monasterium
1593 1146 1775 1199 Sancti
1803 1146 1954 1200 Ana-

375 1244 551 1304 stasii.
574 1252 631 1296 ut
652 1242 771 1311 eius
789 1256 1005 1311 quoque
1033 1238 1188 1293 ﬁeret
1214 1236 1513 1293 mansionis
1540 1236 1830 1307 particeps.
1854 1251 1953 1290 cu-

369 1337 465 1405 jus
528 1335 742 1390 futurus
767 1342 885 1388 erat
913 1331 1127 1387 virtutis
1164 1330 1367 1395 socius,
1404 1329 1548 1384 sicut
1574 1330 1737 1383 etiam
1775 1328 1956 1382 nomi-

376 1430 483 1482 nis.
514 1429 689 1495 Atque
722 1423 1115 1479 monasterium
1149 1422 1371 1493 quidem
1420 1420 1489 1475 ad
1517 1427 1767 1490 quartum
1815 1419 1953 1490 lapi-

376 1523 500 1576 dem
551 1530 667 1574 erat
725 1526 994 1572 remotum
1050 1531 1079 1570 a
1136 1524 1323 1570 sancta
1369 1511 1713 1569 civitatczei
1771 1522 1951 1566 autem

380 1621 609 1683 praeerat
638 1610 907 1675 Justinus,
940 1602 1022 1664 vir
1055 1616 1110 1663 et
1134 1608 1336 1678 alioqui
1370 1607 1571 1672 clarus,
1594 1617 1647 1661 et
1666 1605 1791 1659 boni
1830 1605 1955 1673 Spi-

375 1708 513 1759 ritus
568 1703 730 1758 variis
786 1700 945 1756 donis
982 1709 1228 1755 ornatus.
1263 1699 1436 1765 Quem
1473 1711 1597 1752 cum
1631 1696 1793 1752 simul
1824 1711 1950 1751 cum

373 1796 559 1853 multis
581 1810 798 1866 quoque
826 1793 950 1849 aliis
973 1801 1217 1864 rogasset
1239 1791 1554 1864 presbyter,
1585 1790 1638 1843 in
1668 1800 1952 1845 monaste-

374 1892 516 1945 rium
549 1890 818 1945 admissus
842 1895 927 1941 est
956 1885 1294 1949 Anastasius,
1328 1899 1472 1939 anno
1500 1883 1714 1938 decimo
1744 1884 1818 1953 (4)
1846 1882 1941 1937 im-
1980 1911 2021 1965 Β

356 1983 508 2051 «perii
534 1980 765 2037 Heraclii
789 1980 937 2034 illius
965 1977 1164 2049 egregii
1189 1987 1245 2032 et
1268 1977 1461 2032 ﬁdi-lis.
1494 1973 1681 2031 Tradit
1704 1990 1831 2030 vero
1854 1974 1946 2029 Ju-

374 2080 553 2132 stinus
589 2070 933 2128 Anastasium
962 2069 1054 2123 uni
1080 2082 1145 2123 ex
1171 2068 1286 2124 suis
1323 2067 1629 2137 discipulis,
1657 2068 1776 2122 viro
1799 2066 1950 2120 valde

374 2166 632 2240 prudenti
680 2174 736 2221 et
768 2162 987 2219 virtutis
1011 2161 1234 2216 amanti.
1264 2159 1372 2227 Qui
1409 2172 1532 2214 cum
1559 2174 1683 2215 cum
1718 2170 1772 2214 et
1808 2159 1951 2214 Gne-

374 2278 466 2316 eas
495 2259 770 2318 docuisset
788 2257 998 2312 litteras
1029 2262 1085 2309 et
1116 2254 1456 2325 psalterium,
1485 2251 1949 2323 ejusqueinstitu-

375 2354 579 2409 tionem
614 2346 1111 2412 animadvertisset,
1139 2346 1250 2416 jam
1284 2352 1433 2399 recte
1466 2358 1524 2397 se
1553 2343 1750 2397 habere
1778 2341 1843 2395 ad
1868 2340 1943 2394 vi-

376 2458 484 2501 tam
544 2439 925 2503 monasticam,
979 2436 1153 2493 tonsis
1182 2436 1364 2493 statim
1390 2436 1512 2505 ejus
1540 2434 1773 2506 capillis,
1801 2444 1855 2489 et
1892 2434 1948 2489 in

372 2552 441 2590 eo
488 2533 647 2589 factis
673 2529 929 2585 omnibus
978 2543 1099 2596 quae
1136 2527 1220 2581 lex
1275 2526 1536 2596 postulat,
1584 2539 1710 2579 eum
1759 2523 1945 2581 habitu

371 2628 555 2686 induit
579 2622 903 2688 monastico,
925 2630 982 2676 et
1009 2637 1074 2675 ex
1094 2618 1283 2675 habitu
1305 2620 1408 2674 hoc
1434 2617 1562 2674 facit
1577 2617 1945 2683 Anastasium,

370 2719 517 2789 quod
545 2717 697 2789 prius
720 2728 779 2770 re
807 2722 925 2769 erat
965 2722 1021 2768 ct
1043 2712 1289 2767 moribus
1320 2728 1334 2764 :
1365 2710 1449 2766 vel
1492 2709 1674 2781 potius
1703 2708 1949 2764 moribus

367 2810 791 2868 convenientem
844 2815 901 2863 et
951 2813 1242 2877 cognatum
1298 2802 1462 2858 tradit
1507 2802 1774 2868 habitum,
1806 2800 1946 2857 etin

369 2921 494 2961 eum
526 2903 788 2973 deinceps
819 2907 938 2955 erat
963 2897 1213 2961 allectus,
1251 2904 1310 2949 ut
1347 2892 1402 2947 in
1428 2892 1601 2948 tilium
1634 2909 1666 2948 ο
1711 2893 1829 2948 suis
1849 2907 1947 2965 ge-

368 2998 544 3052 nitum
590 2993 911 3050 visceribus.
944 2991 1094 3045 Adeo
1140 2988 1371 3060 pulchra
1423 3000 1512 3041 res
1546 2993 1633 3041 est
1662 2985 1861 3049 virtus,
1885 2993 1947 3039 ut

366 3104 490 3160 quae
519 3101 644 3142 cum
667 3086 787 3141 aliis
814 3092 871 3139 et
899 3082 1115 3137 virtutis
1142 3079 1421 3135 studiosos
1440 3078 1494 3133 in
1515 3092 1704 3132 amore
1724 3077 1946 3147 conjun-

350 3195 517 3253 gere,
545 3188 603 3235 et
632 3185 835 3232 tantam
884 3174 1057 3246 possit
1102 3172 1426 3239 ingencrare
1479 3169 1941 3236 benevolentiam,

367 3278 628 3341 quantam
659 3267 807 3323 nulla
843 3264 1074 3321 omnino
1103 3264 1211 3318 alia
1249 3261 1519 3334 cognatio.

2058 592 2117 644 τὸ
2145 590 2329 645 λοιπὸν
2359 591 2466 662 ἄρα
2499 591 2759 660 βούλοιτο.
2778 590 2836 646 Ὀ
2851 592 2905 645 δὲ
2923 590 3076 663 ἠξίου
3109 595 3198 648 καὶ
3226 595 3319 650 τοῦ
3380 598 3486 652 τῶν
3502 586 3607 671 μου

2060 682 2240 753 ναχῶν
2271 688 2454 754 τυχεῖν
2486 685 2787 755 σχήματος.
2831 684 3251 751 Ἐπινεύσαντος
3277 688 3334 742 δὲ
3366 693 3458 746 καὶ
3488 693 3614 763 πρὸς

2053 773 2214 827 τοῦτο
2237 775 2331 827 τοῦ
2354 775 2724 847 πρεσϐυτέρου
2765 777 3180 849 (παρεδείκνυτο
3204 778 3311 853 γὰρ
3334 781 3430 853 ήδη
3458 785 3617 840 καθά.

2057 881 2162 937 περ
2192 864 2257 919 εκ
2283 881 2429 930 τινος
2457 865 2751 936 διαφανοῦς
2784 868 3009 939 ἱσθῆτος
3039 867 3132 922 τοῦ
3157 871 3464 943 εὐπρεποῦς
3493 876 3618 947 exi,

2059 956 2228 1025 ματος
2254 972 2315 1010 τε
2366 957 2459 1011 καὶ
2484 958 2904 1030 καταστήματος
2946 959 3250 1031 ήεύγένεια
3282 963 3381 1035 τῆς
3427 966 3616 1036 ψυχῆς,

2057 1049 2153 1102 καὶ
2174 1049 2356 1112 ὁποῖος
2386 1049 2485 1120 τὴν
2510 1050 2713 1121 ἀρετήν
2735 1049 2950 1119 γένοιτο
3009 1051 3379 1119 ’Δναστάσιος,
3416 1057 3511 1112 καὶ
3540 1059 3618 1113 διὰ

2054 1138 2213 1192 τοῦτο
2258 1140 2354 1193 καὶ
2384 1139 2546 1203 αὐτὸς
2582 1139 2870 1205 ὲνδοτικῶς
2923 1140 3050 1211 ἔσχε
3076 1143 3211 1211 πρὸς
3232 1144 3331 1215 τήν
3352 1146 3614 1216 ἀξίωσιν),

2054 1231 2362 1298 ἀφικνεῖται
2403 1230 2505 1285 σὺν
2536 1232 2686 1303 αύτῷ
2745 1234 2886 1303 μετὰ
2934 1234 3031 1305 τὴν
3052 1230 3208 1290 θείαν
3236 1240 3619 1308 μυσταγωγίαν

2054 1323 2133 1385 είς
2162 1323 2261 1392 τὴν
2302 1322 2469 1395 μονήν
2489 1323 2583 1377 τοῦ
2620 1323 2678 1376 ὲν
2707 1324 2885 1392 ἁγίοις
2928 1326 3280 1382 Ἀναστασίου
3310 1343 3324 1359 ·
3360 1329 3429 1382 ἵν’
3462 1331 3618 1384 αὑτοῦ

2053 1417 2148 1468 καὶ
2181 1416 2347 1487 μονῆς
2381 1418 2593 1484 γένοιτο
2632 1420 2908 1484 κοινωνὸς,
2935 1416 2996 1475 οὗ
3022 1422 3279 1486 κοινωνὸς
3307 1421 3500 1493 ἔμελλε
3531 1441 3619 1493 γε-

2053 1509 2240 1561 νέσθαι
2272 1511 2366 1563 καὶ
2394 1509 2595 1581 ἀρετῆς
2618 1510 2808 1582 ὥσπερ
2836 1513 2936 1584 ήδη
2967 1513 3065 1567 καὶ
3113 1514 3378 1583 κλήσεως.
3424 1515 3491 1568 Ἦ
3530 1516 3620 1585 μὲν

2052 1598 2145 1653 οὖν
2186 1604 2319 1671 μονὴ
2346 1602 2609 1674 τέσσαρσι
2649 1604 2749 1674 τῆς
2797 1606 2957 1673 ἁγίας
2984 1605 3190 1671 πόλεως
3244 1608 3494 1678 σημείοις
3523 1611 3620 1663 ἀπ-

2052 1696 2163 1764 εῖχε
2188 1710 2201 1725 ·
2230 1699 2583 1767 προειστήκει
2635 1699 2692 1752 δὲ
2722 1699 2893 1771 αὐτῆς
2952 1702 3254 1768 Ἰουστῖνος,
3276 1703 3419 1775 ἀνὴρ
3472 1704 3539 1759 τά
3564 1721 3617 1757 τε

2052 1791 2182 1843 ἄλλα
2201 1791 2492 1861 ἐπιφανὴς,
2513 1791 2608 1845 καὶ
2630 1794 2935 1864 χαρίσμασι
2958 1795 3053 1847 τοῦ
3080 1795 3286 1862 ἀγαθοῦ
3311 1795 3619 1865 Πνεύματος

2053 1882 2320 1945 ποικίλοις
2344 1886 2781 1956 κεκοσμημένος.
2825 1882 2902 1941 Οὒ
2928 1887 3064 1959 μετὰ
3092 1887 3302 1942 πολλῶν
3330 1889 3431 1942 καὶ
3452 1888 3618 1943 ἄλλων

2050 1964 2335 2039 δεηθέντος
2382 1974 2477 2028 τοῦ
2535 1976 2930 2050 πρεσὸυτέρου,
2981 1981 3257 2053 εἰσεδέχθη
3306 1983 3375 2053 τῇ
3433 1983 3563 2052 μονῇ
3593 1981 3621 2034 δ

2052 2063 2194 2136 ίερδς
2235 2065 2612 2135 ’Λναστάσιος,
2633 2068 2743 2122 ἔτει
2768 2069 2981 2142 δεκάτῳ
3012 2071 3112 2142 τῆς
3137 2071 3416 2141 βασιλείας
3460 2073 3619 2141 Ἦρα-

2049 2154 2228 2209 κλείου
2250 2154 2342 2209 tot":
2372 2159 2621 2226 γενναίου
2651 2160 2854 2232 δηλαδὴ
2881 2163 2976 2215 xui.
3024 2163 3245 2217 πιστούο
3284 2164 3618 2231 παραδίδωσι

2047 2246 2104 2299 δὲ
2137 2246 2228 2298 τὸν
2271 2247 2625 2303 ’Λναστάσιον
2661 2251 2944 2315 Ἰουστῐνος
2976 2253 3057 2307 ἑνὶ
3080 2253 3188 2306 τῶν
3218 2254 3417 2308 ἑαυτοῦ
3449 2254 3620 2326 μαθη-

2046 2337 2175 2401 τῶν,
2209 2337 2364 2409 ἀνδρὶ
2424 2340 2630 2413 συνετῷ
2684 2342 2831 2412 μάλα
2858 2344 2953 2397 καὶ
2981 2342 3255 2415 φιλαρέτῳ
3292 2359 3305 2373 ·
3334 2344 3397 2409 ὃς
3431 2345 3525 2398 καί¹
3557 2344 3619 2398 τὰ

2045 2426 2154 2480 τῶν
2191 2426 2457 2499 Ἑλλήνων
2480 2432 2781 2503 γράμματα
2805 2433 2981 2488 καὶτὸ
3001 2434 3312 2507 Ψαλτήριον
3341 2435 3620 2503 ἑκδιδὰξσς

2045 2517 2240 2585 αὐτὸν,
2272 2522 2497 2592 ἀγωγήν
2529 2540 2589 2576 τε
2626 2523 2793 2578 αὐτοῦ
2842 2526 2939 2579 καὶ
2989 2526 3265 2582 πολιτείαν
3299 2523 3360 2581 εὖ
3400 2527 3621 2599 ἔχουσαν

2046 2615 2145 2687 ήδη
2180 2615 2317 2687 πρὸς
2346 2615 2438 2668 τδν
2466 2613 2574 2667 τῶν
2611 2615 2859 2685 μοναχῶν
2886 2615 3001 2687 βίον
3022 2617 3364 2689 κατανοήσας
3382 2659 3398 2683 ,
3441 2620 3620 2689 κείρας

2045 2707 2207 2773 εὐθὺς
2239 2710 2335 2764 καὶ
2372 2708 2586 2779 τρίχας,
2628 2709 2722 2762 καὶ
2744 2710 2845 2763 ὃσα
2871 2710 3033 2780 νόμος
3068 2711 3156 2765 ἐπ’
3191 2711 3340 2783 αὐτῷ
3376 2713 3618 2775 τελέσας,

2044 2802 2106 2855 τὸ
2127 2800 2237 2855 τῶν
2291 2802 2540 2872 μοναχῶν
2565 2801 2883 2874 περιϐάλλει
2914 2805 3015 2873 σχῆ
3027 2820 3135 2873 μα’
3174 2806 3268 2857 καὶ
3297 2805 3464 2859 τοῦτο
3490 2806 3625 2858 ποιεί

2043 2894 2137 2948 τδν
2180 2893 2534 2948 ’Δναστάσιον
2570 2895 2635 2947 ἐκ
2664 2892 2757 2948 τοῦ
2784 2895 3086 2965 σχήματος,
3114 2894 3144 2948 δ
3178 2895 3367 2968 πρώην
3400 2896 3509 2951 ἀπὺ
3535 2893 3621 2950 τοῦ

2042 2986 2247 3059 τρόπου
2280 2986 2378 3040 καὶ
2428 2986 2525 3041 τοῦ
2567 2987 2890 3059 πράγματος
2921 2983 3022 3060 ἦν·
3062 2989 3266 3058 μᾶλλον
3325 2989 3384 3043 δὲ
3442 2989 3623 3059 τρόπῳ

2042 3078 2288 3148 τοιούτῳ,
2319 3079 2414 3134 καί⁸
2454 3079 2641 3151 σχῆμα
2669 3081 2930 3148 συγγενὲς
2961 3081 3289 3135 ἁποδίδωσι’
3319 3082 3421 3137 καὶ
3443 3083 3502 3135 τὸ
3521 3082 3625 3135 λοι·-

2045 3171 2146 3227 πδν
2175 3171 2325 3242 αὑτῷ
2355 3171 2609 3243 καθάπερ
2628 3173 2728 3243 υἱῷ
2757 3173 2866 3226 τῶν
2897 3174 3090 3227 ἑαυτοῦ
3115 3175 3275 3244 φύντι
3306 3176 3624 3246 σπλάγχνων

1968 3262 2013 3321 C
2048 3264 2395 3334 προσέκειτο.
2428 3262 2585 3318 Οὕτω
2618 3264 2904 3319 κάλλιστόν
2926 3281 2980 3318 τι
3010 3268 3200 3337 χρῆμα
3226 3268 3258 3337 ή
3289 3269 3463 3338 ἀρετὴ
3497 3269 3624 3338 μετὰ

358 3367 475 3421 τῶν
498 3366 694 3428 ἄλλων,
722 3364 818 3416 καὶ
840 3360 1135 3415 συνάπτειν
1161 3361 1240 3424 είς
1271 3359 1435 3413 πόθον
1455 3360 1583 3423 τοὺς
1604 3360 1949 3431 φιλαρὲτους,
2024 3362 2115 3415 καὶ
2145 3360 2416 3432 τοσαύτην
2476 3362 2727 3432 ἐμποιεῖν
2777 3359 3012 3425 εὖνοιαν,
3055 3362 3188 3433 ὅσην
3217 3363 3317 3414 οὒκ
3385 3362 3523 3434 ἄλλη
3551 3379 3628 3425 τις

356 3480 471 3531 ¹συγ
483 3461 661 3532 γένεια
693 3461 754 3513 τὸ
782 3457 1044 3529 παράπαν
1062 3456 1380 3527 δυνάμενον.

447 3552 506 3607 \'.
547 3552 628 3607 Ex
648 3551 739 3605 illo
778 3562 1029 3621 tempore
1058 3551 1199 3621 apud
1225 3553 1615 3608 monasterium
1644 3554 1805 3608 vitam
1823 3569 1945 3609 cum

366 3654 639 3700 conventu
672 3644 781 3714 egit
822 3644 1165 3698 Anastasius.
1201 3642 1373 3699 Porro
1412 3654 1593 3700 autem
1627 3646 1678 3701 el
1732 3662 1947 3717 quoque

368 3741 589 3792 fuerunt
615 3735 832 3789 diversa
862 3734 1071 3787 credita
1099 3733 1401 3789 ministeria
1427 3752 1440 3789 :
1473 3749 1577 3790 nec
1618 3746 1731 3789 erat
1768 3738 1945 3791 solum

368 3830 423 3880 in
454 3825 535 3878 eis
564 3824 906 3885 utilissimus,
940 3823 1036 3877 sed
1071 3822 1237 3877 etiam
1274 3824 1329 3877 in
1361 3823 1579 3879 actione
1616 3824 1831 3879 virtutis
1860 3826 1946 3880 di-

368 3917 784 3990 ligentissimus.
811 3915 946 3969 Nam
983 3930 1105 3969 cum
1138 3924 1193 3971 et
1222 3916 1415 3971 culinae
1447 3925 1502 3971 et
1525 3916 1667 3971 horti
1700 3918 1949 3973 ministe-

371 4013 456 4066 rio
501 4025 653 4064 suam
687 4008 839 4062 daret
867 4022 1109 4078 operam,
1148 4016 1205 4062 et
1245 4016 1389 4063 recte
1437 4022 1495 4063 se
1534 4018 1745 4079 gereret
1785 4010 1839 4064 in
1869 4010 1948 4065 la-

368 4105 502 4158 bore
533 4115 816 4164 manuum,
852 4116 881 4154 a
911 4100 1143 4154 fratrum
1178 4100 1366 4171 synaxi
1407 4116 1688 4171 nunquam
1735 4104 1944 4168 aberat,

366 4204 424 4248 et
457 4204 584 4249 ante
609 4195 745 4250 alios
769 4209 1050 4249 sacrorum
1080 4195 1456 4265 mysteriorum
1480 4194 1828 4250 celebrationi
1857 4196 1945 4250 in-

270 4316 279 4323 -
370 4293 590 4340 tererat.
622 4286 680 4339 lu
708 4284 1014 4340 divinarum
1047 4294 1230 4339 autem
1257 4285 1658 4356 Scripturarum
1689 4286 1942 4352 lectione,

370 4388 427 4433 ct
456 4380 687 4433 maxime
725 4378 858 4434 Vita:
888 4387 1200 4432 sanctorum
1233 4377 1474 4443 Patrum,
1513 4388 1658 4433 totus
1689 4389 1806 4435 erat
1829 4379 1947 4435 alli-

368 4481 492 4537 x'us,
521 4482 780 4533 etaurcs,
827 4478 886 4525 ut
924 4471 1141 4534 dicitur,
1179 4471 1448 4542 arrigcbal
1494 4472 1561 4528 ad
1590 4472 1942 4540 audiendum,

364 4575 592 4637 eratque
621 4574 803 4619 mente
821 4562 1047 4633 vigilans
1061 4572 1119 4617 et
1132 4565 1313 4617 omnia
1333 4566 1593 4618 memoria
1620 4560 1903 4636 colligebat
1927 4581 1942 4621 :

364 4667 426 4712 ut
455 4657 669 4713 etiamsi
697 4655 825 4726 quid
855 4656 1151 4719 diceretur,
1187 4655 1547 4725 quodingenii
1581 4656 1698 4725 ejus
1724 4666 1942 4727 captqu

368 4757 673 4820 superaret,
711 4761 822 4801 non
859 4744 1177 4817 negligeret,
1203 4760 1382 4815 neque
1408 4747 1615 4801 lucrum
1636 4762 1732 4816 per
1755 4763 1942 4802 socor-

2122 3553 2196 3605 E’.
2230 3551 2322 3617 Ἐξ
2370 3550 2580 3605 ἐκείνου
2622 3549 2803 3604 τοίνυν
2850 3550 3003 3621 διῆγε
3038 3551 3187 3622 παρὰ
3219 3554 3281 3622 τῇ
3321 3554 3463 3623 μονῇ
3500 3554 3627 3623 μετα

2045 3648 2146 3715 τῆς
2174 3642 2424 3706 συνοδίας
2453 3644 2480 3695 ὸ
2532 3641 2915 3706 Ἀναστὰσιος’
2962 3641 3057 3697 καὶ
3086 3643 3268 3712 μέντοι
3298 3643 3396 3696 καὶ
3446 3645 3625 3711 διαρόο

2048 3755 2176 3809 ρους
2202 3735 2496 3806 ἐπιστεύθη
2525 3735 2800 3799 διακονίας
2830 3750 2845 3766 ⁶
2866 3734 2962 3788 καὶ
2996 3730 3065 3806 ἦν
3091 3735 3152 3789 ού
3192 3736 3352 3807 μόνον
3383 3738 3514 3809 περὶ
3542 3736 3626 3789 αύ·

2045 3832 2143 3892 τὰς
2172 3827 2630 3900 εύχρηστότατος,
2664 3825 2803 3880 ἀλλὰ
2837 3827 3091 3899 καὶπρὸς
3121 3827 3222 3899 τὴν
3248 3829 3518 3900 ἐργασίαν
3536 3830 3625 3897 τῆς

2046 3921 2252 3992 ἀρετῆς
2283 3918 2722 3991 ἐμμελέστατος·
2741 3923 2809 3991 τῇ
2830 3936 2888 3973 τε
2920 3920 3027 3989 γὰρ
3052 3920 3145 3973 τοῦ
3182 3922 3507 3991 μαγειρείον
3536 3920 3623 3972 καὶ

2043 4012 2110 4079 τῇ
2150 4008 2244 4063 τοῦ
2277 4010 2456 4079 κήπου
2486 4008 2735 4081 διακονίᾳ
2785 4010 3073 4080 προσέχων
3094 4049 3110 4069 .
3143 4012 3237 4064 καὶ
3279 4010 3359 4082 τῷ
3395 4012 3504 4064 τῶν
3530 4027 3625 4080 χειο

2050 4102 2158 4172 ρῶν
2190 4099 2336 4171 ἔργῳ
2375 4098 2864 4170 κατευθυνόμενος,
2896 4101 3017 4154 οὐδὲ
3066 4100 3169 4172 τῆς
3226 4102 3334 4157 τῶν
3387 4102 3623 4173 scatet?»

2048 4189 2321 4256 συνάξεως
2351 4188 2732 4254 ἀπολέλειπτο,
2762 4193 2854 4245 καὶ
2899 4193 3005 4262 προ
3041 4210 3106 4260 γε
3167 4193 3276 4246 τῶν
3322 4193 3502 4249 ἄλλων
3532 4199 3623 4265 τῆς

2046 4282 2185 4335 κατὰ
2220 4281 2317 4352 τὴν
2343 4282 2513 4353 ἱερὰν,
2552 4281 2714 4349 λέγω,
2754 4285 3167 4352 μυσταγωγίαν.
3196 4286 3295 4337 Ἕν
3325 4302 3390 4353 γε
3424 4287 3529 4358 μὴν
3557 4291 3616 4355 τῇ

2045 4374 2151 4428 τῶν
2182 4373 2343 4428 θείων
2366 4373 2598 4445 Γραφῶν
2621 4374 2948 4443 ἀναγνώσει,
2975 4379 3068 4429 καὶ
3101 4375 3333 4447 μάλιστα
3365 4362 3480 4441 τοῖς
3522 4379 3621 4430 τῶν

2046 4468 2439 4537 ὀτίωνάιδρὼν
2485 4466 2641 4538 βίοις,
2673 4467 2767 4521 καὶ
2801 4472 3227 4540 προσετετήκει,
3264 4476 3355 4524 καί
3394 4473 3464 4524 τὰ
3490 4464 3617 4533 ὦτα,

2043 4560 2105 4612 τὸ
2137 4559 2232 4611 τοῦ
2266 4558 2447 4626 λόγου,
2471 4558 2593 4629 ἵστη
2628 4558 2763 4630 πρὸς
2787 4559 2884 4629 τὴν
2907 4560 3196 4630 ἁκρύασιν,
3226 4561 3323 4616 καὶ
3359 4565 3455 4616 τὸν
3504 4561 3619 4616 ιοῦν

2047 4652 2277 4716 ἔξυπνος
2301 4647 2389 4722 ἦν,
2421 4652 2516 4704 καὶ
2544 4653 2624 4713 είς
2659 4652 2758 4721 τὴν
2790 4652 3011 4724 μνήμην
3041 4651 3257 4707 ἅπαντα
3286 4655 3615 4722 συνελέγετο·

2046 4745 2120 4808 ὡς
2172 4748 2222 4798 εῐ
2251 4761 2300 4797 τι
2335 4746 2430 4797 καὶ
2466 4744 2605 4815 ὑπὲρ
2654 4743 2751 4815 τὴν
2789 4745 2956 4798 αὑτοῦ
2988 4745 3202 4819 λεχθείη
3248 4746 3509 4814 διάνοιαν,
3548 4744 3616 4817 μὴ

366 4844 510 4896 diam
537 4842 811 4896 amitteret
839 4840 971 4893 :sed
1001 4838 1183 4908 potius
1208 4838 1494 4893 accederet
1514 4838 1581 4893 ad
1611 4840 1827 4903 fratres,
1847 4841 1939 4910 qui

2050 4840 2268 4912 ἀμελεῖν
2291 4881 2306 4905 ,
2369 4840 2501 4909 μηδὲ
2538 4840 2786 4912 ῥᾳθυμίᾳ
2818 4840 2881 4894 τὸ
2912 4840 3097 4914 κέρδος
3140 4842 3451 4915 προίεσθαι,
3490 4843 3617 4897 ἀλλὰ

369 4951 493 4991 eum
524 4933 773 4989 doctrina
806 4930 1156 5001 superabant,
1197 4938 1252 4983 et
1301 4931 1394 4999 qui
1420 4940 1643 5001 possent
1690 4931 1815 4985 talia
1847 4947 1941 4986 cx-

367 5041 613 5100 ptanare,
647 5038 703 5080 et
720 5024 976 5079 lubenter
1005 5037 1128 5077 cum
1164 5036 1229 5078 eo
1258 5023 1553 5091 inquirere,
1586 5031 1642 5076 et
1665 5023 1743 5078 sic
1772 5024 1942 5077 Inedi-

368 5122 536 5177 tando
564 5118 839 5181 venerari,
874 5117 1138 5187 quidquid
1169 5131 1294 5172 eum
1320 5117 1536 5173 latebat.
1576 5116 1712 5172 Cum
1756 5130 1938 5172 autem

365 5214 508 5283 apud
542 5228 599 5267 se
624 5214 827 5282 legeret
853 5208 1107 5264 victorias
1131 5208 1423 5281 insignium
1474 5217 1791 5281 martyrum,
1821 5220 1937 5263 tro-

364 5322 480 5378 μω
510 5314 565 5359 et
594 5303 919 5366 certamina,
985 5301 1153 5357 libros
1194 5302 1520 5372 aspergebat
1568 5302 1842 5373 lacrymis,
1870 5303 1939 5356 si-

360 5391 630 5463 gnificans
664 5404 825 5446 suum
853 5389 908 5443 in
928 5388 1185 5459 patiendo
1213 5402 1565 5459 consensum,
1599 5406 1766 5463 seque
1811 5408 1938 5448 cum

350 5485 444 5538 eis
503 5482 752 5539 molestia
788 5481 927 5537 allici
958 5489 1014 5536 et
1067 5481 1167 5535 zeli
1213 5494 1333 5537 esse
1371 5481 1577 5536 socium
1608 5500 1621 5536 :
1656 5494 1709 5537 et
1754 5486 1941 5540 beatos

362 5575 586 5645 quidem
617 5585 836 5632 sanctos
863 5573 1252 5644 pronuntiabat
1281 5582 1505 5646 propter
1546 5573 1707 5633 finem
1738 5592 1751 5627 :
1784 5576 1949 5631 mira-

360 5670 526 5724 batur
552 5684 682 5726 vero
704 5682 894 5724 eorum
922 5667 1288 5723 tolerantiam.
1328 5665 1529 5722 Deinde
1556 5667 1628 5732 id,
1658 5667 1802 5738 quod
1828 5679 1947 5723 erat

2050 4933 2333 5003 προσιέναι
2368 4930 2570 4999 μᾶλλον
2608 4934 2721 4995 τοῖς
2739 4933 3163 5005 διαφορωτέρας
3191 4934 3291 5005 τὴν
3341 4935 3616 4990 παίδευσιν

2048 5021 2297 5089 ἀδελφοῖς
2322 5062 2339 5099 ν,
2371 5019 2465 5071 καὶ
2490 5022 2604 5083 τοῖς
2629 5036 2693 5088 γε
2721 5022 2791 5073 τὰ
2818 5020 3040 5075 τοιαῦτα
3078 5021 3361 5093 nan:an
3393 5023 3616 5095 δυναμέ-

2047 5131 2182 5176 νοις,
2216 5112 2310 5165 καὶ
2338 5111 2591 5183 συζητεῖν
2619 5113 2810 5184 ἡδέως,
2843 5117 2940 5168 καὶ
2976 5114 3245 5187 διερωτᾷν
3293 5115 3612 5187 φιλοπόνως’

2049 5207 2142 5262 καὶ
2174 5205 2349 5270 οὓτως
2383 5205 2532 5259 ἅπαν
2563 5205 2623 5258 τδ
2650 5205 2942 5275 διαφεῦγον
2980 5207 3143 5260 αύτῖν
3193 5206 3394 5281 μελέτῃ
3429 5207 3611 5279 θηρᾷ-ι.

2058 5298 2473 5368 Ἀναγινώσκων
2510 5296 2568 5351 δὲ
2597 5297 2692 5349 καὶ
2722 5297 2847 5351 καθ’
2876 5298 3065 5351 ἑαυτὸν
3115 5299 3182 5352 τὰ
3229 5300 3341 5354 τῶν
3372 5300 3611 5355 καλλινί-

2046 5411 2159 5448 κων
2215 5393 2510 5463 μαρτύρων
2571 5392 2812 5463 τρόπαια
2859 5391 2954 5444 καὶ
3002 5392 3126 5455 τοὺς
3160 5390 3379 5459 ἄθλους,
3407 5393 3609 5465 δάκρυα

2047 5485 2154 5540 τῶν
2194 5483 2417 5554 βιῦλίων
2441 5482 2700 5554 κατέρρει
2725 5523 2740 5548 ,
2782 5482 2843 5536 τὸ
2882 5483 3228 5557 συμπάσχειν
3261 5487 3355 5539 καὶ
3396 5484 3606 5540 συνοδυ-

2043 5578 2237 5632 νᾶσθαι
2262 5575 2472 5638 τούτοις
2498 5575 2590 5627 καὶ
2617 5577 2889 5629 κοινωνεῖν
2910 5575 3007 5630 τοῦ
3031 5576 3195 5650 ζήλου
3223 5575 3607 5648 διασημαίνων·

2044 5672 2139 5725 καὶ
2168 5668 2261 5723 τοῦ
2314 5669 2412 5740 μὲν
2453 5668 2662 5733 τέλους,
2700 5668 3005 5741 ἐμακάριζε
3036 5671 3157 5734 τοὺς
3181 5670 3406 5738 ἁγίους,
3438 5670 3531 5740 τῆς
3558 5667 3608 5719 δὲ

428 5858 516 5930 μ)
558 5858 879 5918 Duodecimo
924 5859 1149 5933 corrigit
1190 5858 1413 5923 Baron.,
1471 5854 1565 5926 qui
1620 5852 1719 5909 fuit
1763 5870 1942 5911 annus
1995 5857 2118 5912 621.
