3832 6474
229 323 340 386 789

1343 321 1520 381 VITA
1562 322 1623 381 S.
1663 323 2062 384 ANASTASII
2106 326 2389 389 PERSE.

3388 331 3497 396 790

228 435 306 507 τῴ
338 433 489 503 αὕτῷ
510 432 713 506 σιδήρῳ
742 432 834 486 καὶ
867 431 1026 488 ἄλλον
1050 433 1144 486 σὺν
1165 432 1241 502 τῷ
1275 434 1516 505 μάρτυρι
1559 436 1649 489 τὸν
1678 437 1811 490 πόδα

1933 438 2111 494 rodem
2142 440 2288 496 ferro
2325 440 2465 495 alius
2493 457 2707 512 quoque
2733 457 2870 497 cum
2893 450 3127 514 martyre
3156 444 3351 515 pedem
3387 447 3497 502 lia-

232 524 637 595 πεπεδημένου,
701 522 738 577 ἀ
777 523 872 576 καὶ
937 522 1278 579 πολλαπλοῦν
1340 522 1537 579 επλεκε
1598 526 1815 591 πάντως

231 617 384 691 αῖιτῷ
410 618 503 671 τοῦ
534 615 831 688 μαρτυρίου
856 614 948 668 τὸν
977 616 1261 686 στέφανον.
1296 617 1502 688 Ἔχεις,
1532 620 1578 672 εί
1611 617 1813 687 βούλει,

230 711 331 763 καὶ
376 710 543 773 ἄλλας
595 708 823 776 ὀδύνας,
862 708 956 762 καὶ
994 708 1168 764 ἄλλων
1220 712 1474 780 ἀφορμάς
1508 712 1811 779 στεφάνων*

231 801 366 854 αὐτὸ
388 801 452 869 δὴ
478 800 637 855 τοῦτό
667 817 827 871 φημι,
864 799 925 854 τὸ
956 802 1013 854 ὲν
1041 801 1191 873 μέσῳ
1211 801 1502 873 γνωρίμων
1523 802 1815 874 ὀφθαλμῶν

230 895 301 944 τὰ
357 891 585 946 τοιαῦτα
641 894 912 966 πάσχειν,
966 894 1058 948 καὶ
1099 894 1163 947 τὰ
1211 894 1381 948 πολλὰ
1440 898 1569 966 παρ’
1633 897 1815 951 αὐτῶν

230 985 436 1053 ὀνείδη,
479 984 516 1039 6.
564 985 626 1056 δὴ
658 985 751 1038 καὶ
782 984 1071 1055 προλαϐὼν
1102 986 1130 1039 6
1176 986 1333 1054 λόγος
1366 987 1654 1058 ἐδήλωσεν.
1692 990 1813 1058 Ὑφ’

230 1072 308 1130 ὧν
335 1077 478 1131 οὕτω
517 1076 783 1146 διέμεινεν
812 1077 1051 1151 ἀπαθὴς,
1091 1078 1169 1144 ὡς
1200 1079 1449 1149 ἐγκώμια
1477 1082 1650 1135 ταῦτα
1679 1082 1814 1152 μᾶλ-

231 1171 325 1224 λον
343 1170 591 1243 ἡγεῖσθαι
619 1170 706 1226 διὰ
734 1171 1041 1245 ligni:va
1065 1190 1114 1226 τι
1146 1173 1245 1245 τὴν
1270 1174 1496 1245 καρδίαν
1525 1175 1615 1229 ὑπ’
1634 1177 1815 1232 αὐτῶν

233 1264 564 1333 βάπτεσθαι.

306 1398 407 1451 IB'.
448 1396 510 1450 Ὀ
537 1397 716 1451 τοίνυν
743 1395 1117 1468 Μαρζαϐανᾶς
1147 1398 1504 1470 (ἀνακλητέον
1529 1401 1637 1472 γὰρ
1658 1396 1814 1465 αὖθις

233 1488 375 1558 πρὸς
405 1489 502 1559 τὴν
524 1488 849 1542 ἀκολουθίαν
906 1489 997 1542 τὸν
1056 1490 1235 1560 λόγον)
1297 1492 1582 1546 ύπανεῐναί
1635 1510 1688 1547 τι
1722 1495 1814 1548 τὸν

238 1581 495 1651 μάρτυρα
523 1581 624 1650 τῆς
674 1581 874 1653 πολλῆς
904 1582 1118 1654 δκείνης
1171 1584 1474 1647 ἐνστάσεως
1505 1588 1570 1656 τῇ
1609 1589 1813 1657 μεταξὺ

234 1670 586 1743 κακοπαθείᾳ
620 1670 848 1741 νομίσας
872 1711 888 1736 ,
922 1671 1020 1726 καὶ⁵
1051 1671 1238 1725 τοῦτον
1268 1673 1432 1728 πάλιν
1464 1674 1598 1745 πρὸς
1622 1677 1813 1730 ἑαυτὸν

1921 531 2077 585 heret
2120 532 2383 587 vinctum.
2417 532 2549 599 Quae
2588 533 2808 604 quidem
2857 533 2907 589 ei
2942 535 3237 591 nectebant
3277 537 3498 592 omnino

1918 622 2276 692 multiplicem
2308 638 2566 680 coronam
2598 625 2863 696 martyrii.
2899 625 3097 691 llabes,
3130 627 3176 681 si
3227 627 3330 692 vis,
3360 627 3498 684 alios

1916 727 2134 783 quoque
2162 714 2399 775 dolores.
2423 724 2479 770 et
2505 700 2824 771 nccaSioues
2856 717 3087 772 aliarum
3117 732 3443 773 coronarum
3479 738 3492 774 :

1918 802 2023 858 hoc
2052 804 2259 873 ipsum,
2296 805 2539 873 inquam,
2572 806 2715 874 quod
2750 807 2803 859 in
2835 815 3131 876 conspectu
3159 823 3371 873 eorum,
3399 811 3497 880 qui

1917 894 2092 964 ipsum
2123 903 2412 960 noverant,
2443 897 2555 951 hrec
2587 904 2642 949 et
2692 898 2861 951 multa
2901 897 3007 951 alia
3057 900 3251 967 probra
3303 901 3373 954 ab
3414 902 3498 957 eis

1918 995 2217 1057 pateretur,
2249 1003 2370 1057 qua:
2392 990 2502 1058 jam
2529 990 2681 1059 prius
2708 980 2857 1045 dicta
2883 998 3048 1046 sunt:
3081 1007 3113 1047 a
3134 994 3333 1063 quibus
3358 995 3496 1047 adeo

1916 1077 2117 1134 mansit
2150 1078 2288 1134 nihil
2326 1079 2577 1145 affectus,
2610 1089 2668 1134 ut
2700 1096 2761 1135 ca
2795 1091 3011 1151 putaret
3044 1084 3226 1153 potius
3248 1086 3497 1141 eneomia

1916 1180 2136 1240 propter
2156 1170 2458 1240 Christum,
2486 1188 2648 1243 quam
2673 1189 2768 1228 cor
2803 1175 2923 1245 ejus
2948 1174 3016 1229 ab
3042 1175 3123 1231 eis
3150 1176 3495 1234 morderetur

1916 1262 2140 1331 aliquid.

1984 1396 2101 1452 XII.
2146 1397 2495 1456 Marzabanas
2540 1413 2672 1472 ergo
2710 1402 3072 1472 (redeundum
3103 1412 3189 1458 est
3245 1404 3391 1459 enim
3426 1403 3495 1459 ad

1902 1487 2181 1544 orationis
2230 1493 2727 1562 consequentiam),
2786 1501 2936 1548 ratus
2988 1495 3104 1550 fore
3170 1503 3227 1549 ut
3292 1501 3495 1565 martyr

1916 1578 2118 1647 aliquid
2148 1581 2454 1637 remitteret
2489 1583 2557 1639 de
2584 1599 2777 1655 magna
2815 1584 2901 1638 illa
2928 1586 3237 1642 constantia
3268 1595 3494 1657 propter

1916 1684 2035 1725 eam
2062 1710 2075 1734 ,
2118 1686 2240 1741 qua
2294 1673 2716 1739 intercesserat,
2766 1675 3151 1740 alliietionem,
3205 1692 3328 1732 cum
3364 1693 3489 1732 eum

233 1761 480 1832 ἀγαγὼν,
512 1763 575 1817 Et
598 1764 839 1833 ἀληθῶς,
863 1765 1022 1836 φησι,
1043 1765 1218 1836 μάγου
1246 1766 1453 1837 πατρὸς
1478 1766 1610 1836 ἔφυς
1637 1768 1815 1834 (τοῦτο

1933 1776 2110 1817 'ursus
2133 1763 2201 1818 ad
2231 1778 2291 1820 se
2322 1765 2668 1833 produxisset
2696 1784 2711 1821 :
2749 1765 2804 1821 Si
2840 1784 2965 1823 vere
2999 1784 3075 1830 es.
3109 1769 3308 1839 inquit,
3334 1786 3495 1840 mago

234 1856 346 1926 γὰρ
369 1855 530 1919 αὐτὸς
550 1858 883 1926 ἐπεσημήνω
901 1858 1031 1928 περὶ
1054 1858 1299 1928 σαυτοῦ),
1324 1861 1420 1913 καὶ
1444 1859 1543 1928 τὴν
1568 1859 1815 1928 γλῶτταν

237 1947 442 2011 ἱκανῶς
470 1950 588 2011 ταῖς
612 1947 836 2003 ἐκείνων
859 1949 1101 2020 ἧσκησαι
1127 1948 1349 2020 βίόλοις,
1370 1951 1601 2021 φθέγξαι
1631 1971 1684 2006 τι
1705 1954 1816 2007 τῶν

237 2039 492 2109 μαγικῶν
539 2044 632 2094 καὶ
664 2043 817 2111 ἡμῖν,
850 2040 1000 2106 ὅπως
1049 2058 1133 2096 σοι
1186 2043 1283 2099 καὶ
1337 2043 1493 2098 αὐτοὶ
1542 2044 1817 2115 μάρτυρες

237 2126 392 2200 ὦμεν
420 2132 520 2201 τῆς
546 2133 881 2203 ἐπιστήμης.
954 2133 1013 2188 '0
1040 2134 1098 2188 δὲ
1144 2135 1242 2190 καὶ
1282 2137 1545 2207 στόματος
1575 2138 1671 2191 καὶ
1706 2155 1817 2208 χει-

239 2222 379 2276 λέων
412 2222 608 2293 ῥύπον,
646 2226 741 2278 καὶ
778 2223 870 2278 νοῦ
918 2225 1135 2297 κηλῖδα,
1167 2229 1261 2280 καὶ
1299 2228 1573 2299 μολυσμὸν
1607 2231 1666 2283 τὸ
1723 2230 1818 2284 καὶ

241 2314 552 2385 μνησθῆναί
579 2331 723 2378 τινος
759 2314 965 2369 τούτων
998 2317 1320 2388 ἡγούμενος,
1368 2320 1553 2392 Σῶτερ
1585 2321 1614 2374 6
1663 2322 1815 2391 ἐμὸς,

240 2404 369 2475 εφη,
401 2405 676 2476 Δεσπότης
706 2407 798 2460 καὶ
850 2406 1029 2471 κοινὸς
1056 2408 1311 2463 ἁπάντων
1358 2409 1707 2482 δημιουργὸς,
1743 2413 1816 2482 μή

243 2514 339 2565 μοι
365 2497 510 2568 δῴης
530 2497 769 2553 τοιοῦτον
792 2498 960 2569 μηδὲν
988 2498 1222 2554 ἀκοῦσαι
1244 2499 1379 2563 ὅλως
1407 2502 1817 2573 ἢφθέγξασθαι.

239 2587 386 2659 Πρὸς
416 2586 561 2660 ἅπερ
584 2590 613 2642 6
633 2589 843 2653 σκολιὸς
872 2592 1077 2653 ἐκεῖνος
1100 2592 1488 2663 ἀπαγορεύσας
1509 2635 1526 2661 ,
1558 2597 1648 2651 καὶ
1675 2596 1821 2650 οἷκο-

238 2678 336 2733 θεν
365 2680 533 2743 αὐτὸς
566 2681 665 2734 οὐκ
690 2680 828 2753 ἔχων
877 2682 907 2737 ὃ
934 2700 987 2735 τι
1018 2682 1112 2736 καὶ
1154 2683 1427 2754 δράσειεν,
1463 2686 1691 2740 intersiet
1728 2686 1823 2741 καὶ

238 2766 402 2835 αὖθις
435 2770 515 2842 τῷ
542 2772 775 2843 μάρτυρι
805 2774 1060 2844 καθάπερ
1088 2791 1142 2827 τι
1175 2778 1569 2846 μορμολυκεῖον
1611 2778 1700 2831 τὸν
1726 2776 1819 2847 βαι

240 2860 424 2925 σιλέα.
446 2861 563 2925 καὶ,
581 2863 666 2927 Τί,
691 2863 877 2932 φησὶν,
901 2859 947 2919 ὦ
974 2861 1151 2932 οὗτος,
1172 2870 1284 2930 τοῖς
1313 2866 1495 2933 αὐτοῖς
1512 2869 1819 2940 ἐπιμένειςς

252 2949 615 3023 Ἑπίστρεψον
643 2955 724 3019 είς
752 2955 847 3023 τὴν
868 2959 1140 3030 προτέραν
1178 2957 1507 3030 θρησκείαν
1559 2962 1682 3016 imi
1731 2961 1824 3017 καὶ

242 3046 400 3117 αὐτῷ
434 3046 644 3116 βασιλεῖ
669 3048 738 3107 τὰ
761 3050 890 3121 περὶ
920 3049 1038 3118 σοῦ,
1064 3047 1122 3107 εὖ
1145 3049 1274 3117 ῐσθι,
1305 3053 1744 3125 ἀνενεχθήσεται.
1764 3053 1823 3110 ὀ

1918 1861 2073 1925 patre
2101 1864 2263 1911 natus
2301 1856 2431 1926 (hoc
2469 1857 2617 1912 enim
2661 1859 2775 1929 ipse
2806 1861 2873 1915 de
2911 1862 3084 1931 teipse
3124 1861 3493 1931 signiﬁcasti),

1916 1955 1973 2002 et
2021 1946 2264 2018 linguam
2306 1947 2523 2003 illorum
2573 1950 2727 2005 libris
2776 1952 2907 2007 satis
2950 1952 3285 2019 exercuisti,
3334 1956 3495 2008 nobis

1916 2052 2135 2110 quoque
2165 2039 2387 2110 loquere
2424 2040 2623 2112 aliquid
2657 2059 2720 2097 ex
2764 2045 3010 2115 magicis,
3040 2054 3098 2099 ut
3146 2060 3246 2099 nos
3280 2059 3497 2116 quoque

1919 2129 1987 2185 de
2022 2140 2108 2184 lua
2149 2131 2375 2186 scientia
2406 2131 2647 2188 feramus
2679 2134 3074 2190 testimonium.
3112 2132 3205 2189 llle
3230 2143 3412 2189 autem
3443 2144 3497 2188 et

1919 2236 1982 2276 os
2030 2231 2085 2277 et
2120 2222 2269 2277 labra
2316 2232 2373 2280 et
2411 2232 2651 2281 mentem
2693 2226 2953 2282 maculari
2983 2237 3040 2281 et
3083 2227 3250 2297 pollui
3307 2228 3499 2282 existi-

1920 2324 2098 2377 mans,
2132 2312 2179 2366 si
2211 2312 2405 2367 horum
2453 2311 2690 2382 alicujus
2720 2314 3099 2371 meminisset:
3135 2314 3179 2371 Ο
3218 2315 3499 2385 Servatur,

1920 2403 2116 2474 inquit,
2146 2402 2239 2474 qui
2268 2421 2327 2460 es
2352 2419 2507 2461 meus
2530 2404 2815 2469 Dominus,
2838 2416 2889 2462 et
2919 2409 3224 2463 communis
3253 2410 3498 2465 omnium

1921 2494 2126 2566 Opifex,
2170 2512 2239 2551 ne
2275 2496 2411 2552 mihi
2448 2497 2545 2554 des
2577 2499 2826 2564 omnino,
2866 2507 2928 2553 ut
2959 2499 3081 2575 tale.
3113 2499 3244 2569 quid
3291 2508 3385 2554 aut
3416 2499 3500 2553 lo-

1921 2602 2077 2658 quar,
2126 2588 2489 2659 autaudiam.
2526 2588 2658 2655 Quae
2711 2603 2836 2644 cum
2870 2603 3164 2658 perversus
3213 2588 3301 2645 ille
3361 2603 3502 2660 agre

1924 2681 2161 2747 tulisset,
2193 2692 2251 2736 et
2299 2681 2457 2752 plane
2495 2681 2818 2751 desperans,
2864 2696 2933 2736 ex
2983 2696 3042 2737 se
3089 2680 3224 2736 nihil
3276 2682 3503 2736 haberet

1922 2773 2067 2843 quod
2086 2771 2305 2837 faceret,
2329 2774 2549 2846 martyri
2572 2788 2760 2830 rursus
2790 2772 2952 2827 veluti
2976 2773 3265 2844 quamdam
3297 2772 3502 2827 larvam

1929 2879 2114 2936 regem
2144 2864 2396 2921 intentat.
2424 2864 2490 2921 Et
2519 2879 2616 2920 cur
2641 2872 2721 2927 tu,
2778 2863 2973 2934 inquit,
3021 2862 3075 2929 in
3122 2864 3329 2918 eisdem
3376 2876 3501 2932 per-

1925 2957 2115 3015 sistis?
2165 2957 2247 3013 Ad
2291 2958 2528 3029 priorem
2579 2964 2904 3015 convertere
2954 2956 3298 3026 religionem.
3349 2953 3502 3011 Scias

1927 3050 2074 3111 enim
2101 3050 2237 3114 fore,
2264 3060 2323 3107 ut
2347 3051 2415 3106 de
2452 3050 2604 3108 te’ad
2641 3065 2823 3123 regem
2872 3049 3163 3109 referatur.
3195 3048 3286 3104 llle
3317 3056 3500 3105 autem

239 3138 300 3195 δὲ
322 3139 386 3193 τὸ
406 3139 662 3211 διάφορον
689 3141 842 3197 οὐδὲν
871 3143 1048 3210 εἰδὼς,
1079 3138 1190 3201 εἴτε
1221 3144 1353 3217 παρ’
1382 3144 1570 3210 αὑτοῦ,
1614 3145 1724 3199 εἴτε
1756 3145 1821 3218 δὴ

1933 3150 2111 3206 sciens
2131 3148 2267 3205 nihil
2297 3147 2522 3214 referre,
2541 3164 2608 3203 an
2633 3149 2701 3206 ab
2726 3150 2958 3220 ipso,an
2984 3164 3013 3203 a
3037 3161 3165 3220 rege
3191 3145 3501 3218 puniretur,

245 3234 345 3289 atati
382 3235 535 3305 παρὰ
581 3233 675 3290 τοῦ
710 3234 975 3307 βασιλέως
1014 3238 1379 3309 τιμωρηθιίη,
1412 3236 1536 3297 ἐπεὶ
1594 3237 1686 3293 καὶ
1712 3236 1825 3309 ἅμα

247 3326 373 3393 φοίν
395 3326 429 3396 ἠ
452 3324 837 3397 μισανθρωπία
865 3326 963 3398 μία
999 3329 1092 3382 καὶ
1112 3329 1397 3399 ἀγριότης,
1433 3328 1605 3393 Ποίει,
1637 3330 1824 3400 φησὶν,

244 3419 276 3472 6
318 3418 501 3488 βούλει
524 3434 537 3448 ·
560 3420 701 3489 τάχα
732 3421 841 3492 γὶρ
864 3421 958 3479 καὶ
982 3422 1083 3493 ήδη
1116 3420 1331 3492 γράψας
1356 3421 1671 3494 ἀντίγραφα
1706 3423 1828 3476 ἑκο-

250 3512 422 3582 μίσω.
469 3513 581 3566 Καὶ
620 3512 680 3576 6;
737 3513 990 3582 ἐκφοϐεῖν
1020 3516 1086 3569 ὲκ
1130 3514 1322 3571 τούτου
1368 3514 1526 3585 δῆθεν
1551 3514 1643 3569 τὸν
1663 3514 1830 3587 ἄνδρα

244 3602 525 3671 οἰόμενος.
569 3601 712 3671 Ἐγὼ
740 3602 839 3673 μὲν
867 3601 1021 3656 οὐδὲν
1054 3602 1264 3656 οὐδέπω
1282 3605 1406 3675 περὶ
1425 3602 1519 3667 σοῦ
1553 3604 1828 3674 γέγραφα,

246 3694 393 3765 ἔφη·
416 3695 530 3751 ἀλλ’
552 3694 655 3766 ἤδη
687 3695 781 3757 καὶ
813 3696 1064 3775 γράφειν,
1088 3695 1162 3758 ὡς
1188 3697 1339 3767 ὁρᾷς,
1359 3696 1644 3768 ὥρμημαι.
1663 3696 1833 3751 Τοῦτο

246 3787 356 3839 οὐκ
395 3786 561 3840 ἔδωκέ
589 3804 710 3841 τινα
734 3788 924 3860 σκέψιν
949 3788 981 3860 ἢ
1012 3790 1285 3861 μέριμναν
1317 3789 1453 3853 ὅλως
1472 3788 1549 3860 τῷ
1573 3789 1831 3862 μάρτυριο

250 3878 376 3941 πῶς
410 3878 518 3950 γὰρ
555 3879 632 3952 τῷ
668 3882 912 3954 χαίροντι
969 3882 1171 3954 μᾶλλον
1197 3884 1255 3937 ὲν
1290 3881 1369 3953 τῷ
1410 3882 1643 3953 πάσχειν
1693 3882 1833 3953 ὑπὲρ

251 3970 518 4039 Χριστοῦ,
549 3974 643 4025 καὶ
690 3974 788 4039 τὰς
821 3974 940 4045 ’μὲν
972 3974 1188 4046 πληγὰς
1220 3974 1480 4046 ἀμοιϐὰς,
1526 3972 1732 4045 ζημίαν
1775 3973 1834 4028 δὲ

248 4062 356 4124 τὰς
384 4064 593 4127 ἀνέσεις
623 4065 716 4120 καὶ
753 4066 842 4120 τὸν
870 4066 978 4121 τῶν
1004 4066 1344 4132 κολαζόντων
1373 4060 1554 4121 οἶκτον
1591 4064 1833 4136 ὑπολαμ-

253 4153 506 4221 6έινοντι;
533 4156 598 4210 Τί
630 4156 685 4210 δὲ
707 4158 799 4211 καὶ
820 4156 1060 4213 τοιούτου
1083 4156 1345 4228 βασιλέως
1371 4157 1476 4211 ἔδει
1510 4155 1834 4229 φροντίζειν,

253 4246 354 4298 τὶν
389 4246 524 4316 πρὸς
555 4247 784 4318 Χριστὸν
821 4247 1087 4319 βλέποντα
1125 4250 1285 4318 μόνον
1318 4248 1412 4302 καὶ
1439 4247 1628 4304 τοῦτον
1660 4247 1834 4319 ἀληθῆ

255 4336 489 4407 βασιλέα
512 4339 608 4395 καὶ
631 4338 760 4395 Θεὸν
787 4338 927 4397 εἶναι
955 4341 1376 4407 πεπιστευκότα;
1404 4342 1569 4396 Οὐδὲν
1588 4340 1702 4409 οὖν,
1730 4340 1839 4395 ὦσ-

1927 3241 2372 3314 quandoquidem
2424 3242 2695 3298 ambobus
2752 3240 3122 3297 inhumanitas
3171 3253 3277 3295 una
3324 3246 3410 3306 est
3452 3244 3507 3292 et
3614 3239 3619 3243 ’

1931 3333 2182 3390 saevitia:
2223 3331 2354 3398 Fac,
2400 3333 2596 3404 inquit,
2642 3334 2788 3405 quod
2839 3333 2945 3389 vis.
2992 3330 3160 3388 Forte
3199 3329 3344 3386 enim
3392 3328 3505 3398 iam

1931 3425 2225 3498 scripsisti,
2258 3435 2316 3481 et
2367 3440 2688 3496 responsum
2720 3422 3005 3494 accepisti.
3054 3421 3105 3480 ls
3145 3437 3278 3478 vero
3321 3420 3509 3476 existi-

1931 3533 2090 3575 mans
2116 3532 2174 3573 se
2191 3516 2369 3588 ipsum
2397 3515 2471 3571 ita
2499 3529 2620 3575 esse
2641 3514 3087 3586 perterriturum:
3114 3513 3230 3584 Ego
3259 3510 3505 3582 quidem,

1934 3610 2132 3681 inquit,
2156 3609 2294 3667 nihil
2315 3608 2383 3665 de
2406 3622 2475 3665 eo
2501 3607 2682 3669 adhuc
2714 3605 2935 3677 scripsi,
2964 3605 3059 3663 sed
3074 3605 3211 3678 iam,
3239 3613 3299 3661 ut
3328 3601 3506 3668 vides,

1933 3702 2172 3759 scribere
2188 3699 2496 3772 aggredior.
2514 3699 2626 3757 Hoc
2641 3698 2863 3770 martyri
2888 3697 3093 3755 nullam
3111 3695 3339 3751 omnino
3357 3702 3505 3753 attu-

1934 3791 2001 3849 lit
2024 3805 2234 3853 curam.
2259 3798 2357 3849 aut
2395 3787 2843 3853 sollicitudinem.
2865 3785 3148 3854 Quomodo
3191 3784 3361 3851 enim,
3383 3799 3511 3841 cum

1936 3880 2120 3955 potius
2148 3879 2412 3954 gauderet
2443 3893 2501 3936 se
2530 3878 2643 3950 pati
2677 3886 2901 3949 propter
2919 3875 3223 3947 Christum,
3246 3883 3303 3930 et
3330 3872 3514 3944 plagas

1937 3973 2155 4044 quidem
2214 3970 2709 4037 remanet-stiones,
2758 3969 3017 4037 damnum
3060 3974 3241 4023 autem
3295 3971 3515 4036 putaret

1939 4064 2358 4132 remissionem,
2410 4073 2467 4121 et
2513 4077 2739 4131 eorum.
2781 4060 2876 4132 qui
2937 4058 3275 4131 castigabant
3334 4056 3513 4126 ipsum

1938 4156 2411 4213 misericordiam?
2457 4155 2600 4225 Quid
2635 4164 2817 4212 autem
2864 4153 3153 4227 oportebat
3191 4164 3317 4205 eum
3352 4148 3513 4204 talem

1938 4263 2125 4320 regem
2158 4262 2376 4315 curare,
2405 4248 2499 4317 qui
2553 4248 2621 4303 ad
2658 4246 2936 4303 Christum
2981 4246 3157 4300 solum
3196 4240 3514 4313 aspiciebat,

1942 4349 1997 4396 et
2025 4354 2150 4395 eum
2179 4354 2373 4397 verum
2403 4353 2525 4395 esse
2555 4354 2737 4410 regem
2764 4348 2819 4395 et
2852 4338 3023 4393 Deum
3056 4333 3397 4391 crediderat?
3420 4330 3517 4387 llle

252 4445 370 4501 περ
396 4429 554 4500 ἔφην,
578 4432 913 4497 ὲπιδοιάσας,
941 4433 1176 4505 Χρῆσαι,
1194 4435 1377 4504 φησὶν,
1404 4435 1604 4501 ὁποίοις
1636 4434 1827 4489 ἂνέθὲα

1942 4447 2093 4504 ergo,
2125 4432 2265 4487 sicut
2296 4430 2430 4496 dixi,
2463 4430 2602 4486 nihil
2636 4430 2935 4502 ambigens.
2966 4427 3408 4532 Qualescunque,

253 4522 378 4583 λοις
427 4524 523 4578 καὶ⁵
551 4526 698 4589 ὅπως
727 4529 837 4589 τοῖς
859 4528 981 4585 κατ’
1006 4526 1140 4597 ἐμοῦ
1172 4530 1486 4599 γράμμασιο
1515 4527 1841 4599 Χριστιανὸς

257 4615 376 4687 γὰρ
406 4616 539 4686 ἐγὼ,
570 4617 662 4672 καὶ
692 4619 851 4675 πάλιν
876 4621 1141 4691 ὁμολογῶ,
1174 4623 1495 4694 Χριστιανός
1519 4624 1634 4692 εἰμι

337 4845 441 4903 II".
474 4845 594 4915 Ἐφ’
616 4840 697 4911 οἷς
728 4846 837 4901 τῶν
866 4846 1063 4914 ἄλλων,
1086 4848 1185 4902 ὅσα
1236 4846 1436 4919 δηλαδὴ
1476 4848 1613 4919 πρὸς
1669 4848 1841 4902 πειθὼ

263 4941 450 5012 φέρει,
482 4940 699 4993 πάντων
726 4943 753 4994 6
791 4939 1016 5012 ἡγεμὼν
1046 4941 1446 5010 άπογνοῦ;,ὲπὶ
1474 4943 1572 5012 τὴν
1601 4941 1723 5013 βίαν
1749 4944 1844 4995 καὶ

263 5027 428 5095 αὖθις
462 5031 693 5101 ἐχώρει·
720 5035 813 5086 καὶ
846 5034 1173 5103 προστάττει
1195 5032 1429 5087 ταθέντα
1451 5032 1594 5087 κατά
1626 5031 1730 5102 γῆς
1753 5031 1843 5087 τδν

268 5125 532 5195 μάρτυρα
561 5125 860 5179 τύπτεσθαι
886 5126 1078 5196 μέχρις
1100 5127 1246 5191 ὅτου,
1278 5126 1430 5196 φησὶ,
1454 5126 1630 5178 ποιεῖν
1654 5124 1845 5195 ὁμολοο

261 5218 430 5285 γήσοι
475 5214 540 5267 τὸ
574 5216 947 5282 κελευόμενον.
1011 5217 1071 5269 '0
1098 5216 1153 5269 δὲ
1195 5219 1254 5271 τδ
1290 5218 1390 5289 μὲν
1439 5216 1722 5288 ἐπίταγμα
1751 5215 1847 5270 καὶ

263 5305 464 5377 ’πράως
492 5304 613 5358 λίαν
645 5304 742 5359 καὶ
776 5306 1032 5375 ἀσμένως
1061 5305 1296 5371 ἐδέξατοσ
1333 5307 1742 5377 κατασχεθῆναι
1789 5306 1846 5360 δὲ

270 5396 435 5469 μόνον
469 5398 627 5468 χερσὶ
661 5396 869 5468 δημίων
902 5396 1044 5452 ὥστε
1080 5397 1173 5452 καὶ
1211 5397 1305 5450 ὑπ’
1340 5399 1566 5452 ἐκείνων
1588 5397 1847 5467 διαταθῆ-

265 5506 361 5544 ναι
383 5488 520 5561 πρὸς
535 5491 641 5561 γῆν
661 5491 760 5543 οὐκ
788 5490 1068 5561 ἠνέσχετο,
1088 5490 1316 5544 Ἑάσατέ
1351 5508 1438 5561 με,
1458 5490 1628 5544 εἰπὼν
1643 5505 1660 5523 ο
1697 5489 1851 5544 οὐδε-

269 5581 365 5644 νὸς
400 5582 513 5652 γὰρ
549 5583 637 5635 ἐπ’
682 5584 803 5655 ἐμοὶ
857 5583 954 5637 τοῦ
987 5582 1307 5649 καθέξοντος
1335 5583 1514 5655 χρεία,
1574 5584 1699 5636 ἐπεὶ
1754 5583 1850 5636 καὶ

271 5672 410 5728 αὐτὸ
440 5672 599 5728 τοῦτο
647 5676 710 5729 τὸ
741 5676 969 5747 πάσχειν
1012 5675 1099 5731 διὰ
1126 5676 1382 5747 Χριστὸν,
1421 5675 1523 5730 οὐκ
1552 5672 1850 5747 ἀϐούλητον

272 5764 489 5837 ἔμοιγε,
524 5764 657 5821 ἀλλὰ
689 5767 782 5841 και
808 5766 926 5824 λίαν
960 5767 1035 5834 ὡς
1066 5770 1122 5823 ἐν
1162 5765 1309 5840 θέρει
1337 5765 1481 5843 ὕδωρ
1522 5766 1847 5838 διψώμενον,

1941 4525 2081 4595 quit,
2131 4522 2397 4589 volueris,
2433 4530 2490 4579 et
2548 4522 3047 4595 quomodocunque
3096 4516 3163 4573 de
3211 4530 3298 4571 me
3344 4512 3520 4568 scribe

1942 4616 2173 4671 litteras.
2220 4613 2570 4670 Christianus
2610 4613 2757 4668 enim
2797 4626 2937 4683 ego:
2973 4618 3028 4663 et
3087 4620 3278 4662 rursus
3322 4604 3517 4670 fateor,

1944 4723 2063 4764 sum
2094 4707 2463 4764 Christianus.

2013 4840 2154 4899 Xlll.
2176 4840 2543 4910 Quamobrem
2588 4853 2714 4893 cum
2741 4836 2850 4892 dux
2890 4847 3041 4905 spem
3073 4832 3363 4903 abiecisset
3398 4846 3520 4884 om-

1946 4934 2118 4999 nium,
2144 4947 2266 5003 qua!
2295 4939 2522 5003 possent
2550 4930 2698 4985 illum
2744 4926 3104 4999 persuadere,
3129 4924 3197 4980 ad
3250 4923 3359 4979 vim
3400 4939 3522 4977 rur-

1947 5042 2040 5082 sus
2074 5026 2387 5089 revcrtitur,
2413 5024 2681 5093 iubetque
2715 5020 2864 5075 humi
2901 5027 3192 5073 extensum
3232 5024 3522 5087 martyrem

1950 5116 2136 5173 tandiu
2182 5115 2483 5180 verberari,
2533 5114 2709 5169 donec
2747 5111 3098 5183 proﬁteretur
3145 5108 3343 5170 facere,
3378 5105 3524 5175 quod

1947 5209 2253 5279 iuberetur.
2266 5207 2361 5262 ille
2381 5213 2586 5270 autem,
2612 5203 2759 5274 quod
2783 5203 3078 5273 jubebatur
3100 5200 3344 5271 quidem,
3366 5210 3525 5266 atquo

1952 5301 2135 5355 animo
2183 5308 2239 5354 et
2278 5298 2489 5353 lubenti
2545 5297 2823 5365 suscepit;
2878 5294 3221 5350 solummodo
3271 5290 3524 5347 lictorum

1953 5393 2223 5458 manibus,
2266 5400 2325 5446 ut
2364 5388 2571 5463 abillis
2611 5388 3026 5455 extenderetur,
3055 5385 3229 5441 teneri
3281 5398 3389 5438 non
3436 5396 3531 5435 su-

1952 5484 2145 5540 stinuit
2177 5502 2191 5539 :
2225 5482 2402 5539 Sinite
2437 5496 2545 5547 me,
2576 5480 2803 5536 dicens:
2836 5494 2946 5534 non
3001 5493 3141 5548 opus
3183 5476 3357 5530 habeo
3399 5472 3527 5532 ullo,

1952 5575 2047 5648 qui
2075 5590 2160 5631 me
2189 5583 2392 5631 teneat.
2410 5571 2547 5628 Nam
2578 5574 2683 5627 hoc
2711 5572 2913 5642 ipsum,
2942 5569 3055 5641 pati
3078 5568 3286 5624 scilicet
3312 5572 3531 5635 propter

1952 5669 2256 5735 Christum,
2280 5681 2625 5739 nequaquam
2652 5672 2737 5721 est
2770 5660 3197 5718 involuntarium
3220 5699 3234 5723 ,
3267 5656 3363 5713 sed
3387 5654 3532 5726 quod

1956 5779 2057 5838 ego
2085 5778 2195 5820 non
2232 5762 2435 5830 minus,
2455 5775 2618 5834 quam
2659 5772 2857 5830 aquam
2885 5763 3097 5823 testate,
3122 5753 3270 5823 sitio,
3292 5761 3348 5810 et
3379 5748 3534 5824 quod
