3832 6476
287 354 397 416 793

1393 356 1572 418 VlTA
1612 356 1670 417 S.
1704 357 2106 417 ANASTASII
2141 356 2426 417 PERSxE.
3070 367 3085 393 ’

3447 346 3550 411 79ί

285 464 452 518 αὐτοῦ
487 464 663 535 ψυχῆς
695 466 751 518 ἐν
786 468 849 538 τῇ
888 469 1021 539 μονῇ
1051 463 1383 531 πιστευθεὶς,
1417 465 1545 519 ὅταν
1580 482 1638 519 τε
1670 463 1864 520 πολλά·

1983 465 2136 521 sterio
2182 464 2359 520 fuerat
2410 463 2618 520 credita
2667 460 2787 532 ejus
2846 460 3043 516 animae
3092 476 3223 517 cura
3257 479 3271 527 ;
3306 461 3543 531 qualem,

286 570 375 618 κις
404 555 479 625 τῷ
514 555 736 626 ἄρχοντι
764 558 1048 628 παραστὰς
1083 556 1395 622 ἐπεδείξατο
1422 556 1523 627 τὴν
1560 557 1871 627 ὁμολογίαν,

287 650 382 705 καὶ
415 651 563 715 ὅπως
613 648 791 702 πάντα
834 649 1025 701 παθεῖν
1061 648 1200 719 ὑπὲρ
1251 647 1536 711 εὐσεϐείας
1568 647 1871 717 προείλετο,

284 744 452 807 αὐτός
474 760 533 796 τε
556 742 696 812 μετά
726 743 825 809 τῆς
856 741 1024 812 ἄλλης
1047 740 1157 795 τῶν
1186 740 1441 811 μοναχῶν
1474 740 1723 795 συνοδίας
1749 740 1874 811 ἠδο-

286 834 389 904 νῆς
411 833 692 900 ἐπιπλατο,
724 835 819 888 καὶ
858 833 1049 904 ὥσπερ
1096 835 1433 901 Ἀναστασίῳ
1478 837 1717 887 συνεῖναι
1774 834 1875 887 κάν

289 926 404 987 τοῖς
427 924 639 976 ἐκείνου
669 923 857 994 μέλεσι
883 924 979 977 καὶ
1007 923 1168 986 αὐτὸς
1198 923 1381 977 ἀθλεῖν
1410 921 1567 993 ᾤετο.
1609 922 1719 976 Καὶ
1745 920 1875 991 βοηο

289 1016 404 1070 θεῖν
440 1016 539 1069 οὐκ
568 1014 706 1087 ἔχων
734 1018 799 1087 τῇ
842 1015 1138 1087 παρουσίᾳ,
1168 1014 1389 1086 ἐϐοήθει
1411 1017 1474 1085 τῇ
1511 1014 1642 1085 εὐχῇ
1674 1013 1769 1067 καὶ
1797 1012 1875 1085 τῷ

292 1108 488 1179 μέλανι
516 1126 531 1140 ·
572 1106 671 1161 καὶ
726 1106 885 1163 τοῦτο
936 1106 1034 1176 μὲν
1064 1107 1233 1159 ἐδεῖτο
1257 1104 1571 1178 θερμότατα
1612 1101 1710 1157 τοῦ
1735 1103 1872 1156 Θεοῦ

295 1201 435 1270 μετά
473 1199 657 1270 πάσης
709 1199 813 1269 τῆς
867 1199 1229 1269 ἀδελφότητος
1290 1197 1639 1267 διανυσοῆναι
1693 1194 1874 1258 καλῶς

270 1280 444 1359 ἀῦτῷ
460 1289 554 1342 τοῦ
586 1288 885 1359 μαρτυρίου
907 1287 966 1342 τὸ
994 1288 1206 1341 στάδιον
1234 1303 1247 1317 ο
1271 1288 1431 1341 τοῦτο
1458 1288 1515 1340 δὲ
1540 1284 1746 1340 καὶδύο
1767 1284 1875 1338 τῶν

293 1380 541 1449 ἀδελφῶν
567 1378 876 1448 ἐκπέμψας,
899 1378 1224 1450 γράμμασιν
1247 1379 1327 1431 ἔτι
1359 1378 1557 1448 μᾶλλον
1591 1376 1755 1432 αὑτοῦ
1779 1376 1874 1447 τὴν

293 1472 604 1543 προθυμίαν
640 1471 936 1524 ἐπέτεινεν.
981 1470 1071 1524 Ἐν
1105 1472 1218 1541 ὅσῳ
1249 1470 1304 1523 δὲ
1337 1471 1365 1522 ὁ
1403 1472 1613 1540 μάρτυς
1658 1471 1737 1531 εἰς
1774 1471 1874 1540 τὴν

291 1566 352 1617 ἐν
373 1564 453 1634 τῷ
485 1562 732 1634 φρουρίῳ
754 1562 1001 1635 φυλακὴν
1023 1565 1290 1632 ἐτηρεῖτο,
1331 1564 1445 1626 τοῖς
1475 1562 1638 1624 θείοις
1666 1562 1873 1633 ῥήμασι

290 1657 387 1710 καὶ
408 1658 527 1717 ταῖς
555 1657 699 1708 κατὰ
728 1654 861 1707 Θεὸν
890 1654 1121 1717 ἐννοίαις
1152 1653 1418 1724 δτηνεκῶς
1448 1654 1749 1724 ἐνετρύφα’
1782 1654 1874 1707 καὶ

290 1747 416 1800 οὔτε
469 1746 565 1812 νὺξ
614 1744 764 1816 αὑτῷ
794 1747 920 1807 τοὺς
956 1746 1092 1816 πρὸς
1144 1746 1276 1799 Θεὸν
1309 1745 1532 1815 ὕμνους,
1572 1744 1696 1798 οὔτε
1726 1746 1773 1798 οί
1808 1746 1873 1798 ἐκ

290 1836 404 1892 τῶν
437 1837 688 1907 χαλεπῶν
733 1836 949 1908 δεσμῶν
998 1839 1226 1890 ἐκείνων
1263 1837 1423 1890 πόνοι
1446 1837 1540 1890 καὶ
1573 1836 1673 1906 τῆς
1706 1836 1871 1903 ἄλλης
1903 1817 1946 1873 Β

289 1930 671 2001 ταλαιπωρίας
713 1929 1026 1995 ἐνέκοπτον,
1087 1929 1223 1982 ἀλλά
1278 1930 1375 1983 καὶ
1430 1930 1553 1981 νέου
1586 1929 1730 1991 τινος
1781 1929 1874 1982 ἐπὶ

293 2040 354 2077 κο
372 2022 607 2093 κουργία
660 2019 823 2089 δῆθεν
879 2019 1097 2082 ἁλόντος
1123 2020 1255 2086 τινὶ,
1286 2020 1489 2091 αὐχένα
1521 2020 1599 2090 τῷ
1630 2021 1872 2092 μάρτυρι

298 2114 396 2168 καὶ
428 2115 563 2167 πόδα
596 2113 977 2182 συνδεδεμένον
1001 2152 1015 2176 ,
1057 2112 1475 2183 διανιστάμενος
1523 2113 1632 2167 τῶν
1663 2113 1875 2167 νυκτῶν

297 2206 329 2259 δ
355 2206 511 2275 ἅγιος
536 2204 674 2257 ὥστε
698 2203 816 2274 Θεῷ
840 2204 936 2268 τὰς
961 2204 1212 2275 συνήθεις
1238 2203 1529 2258 ἀποδοῦναι
1549 2203 1874 2272 δοξολογίας,

298 2299 394 2351 καὶ
425 2297 772 2367 παραλυπεῖν
806 2294 969 2349 αὐτὸν
1001 2297 1103 2349 οὐκ
1137 2294 1359 2359 ἐθέλων,
1390 2297 1506 2349 ἀλλ’
1530 2297 1677 2359 ὅπως
1714 2297 1874 2366 μάλιο

299 2406 403 2443 στα
429 2386 769 2461 καθευδήσει,
801 2389 897 2441 καὶ
945 2387 1322 2442 ἀναπαύσεται
1370 2390 1518 2460 μάλα
1553 2390 1875 2460 φροντίζων,

296 2477 551 2533 ἐπέκλινε
580 2478 670 2531 τδν
697 2478 896 2548 αὐχένα
923 2480 1163 2550 κειμένῳ
1188 2520 1202 2545 ,
1237 2481 1334 2533 καὶ
1356 2483 1448 2532 τὸν
1474 2481 1608 2533 πόδα
1638 2480 1714 2550 τῷ
1735 2482 1879 2535 ἐκεί-

294 2586 390 2622 νου
422 2570 541 2623 ποδὶ
575 2570 953 2641 προσήρειδεν,
1008 2569 1147 2624 ὥστε
1183 2571 1257 2641 μὴ
1287 2572 1427 2643 ἀηδῆ
1483 2570 1577 2624 καὶ
1634 2572 1879 2641 λυπηρὸν

298 2658 449 2731 αὐτῷ
504 2662 571 2731 τῇ
628 2661 737 2714 τῶν
771 2659 1017 2715 ἁλύσεων
1072 2662 1337 2716 ἀποτάσει
1388 2661 1478 2715 τὸν
1533 2662 1664 2733 ἡδὺν
1714 2666 1879 2718 πᾶσιν

299 2750 469 2805 ῦπνον
497 2752 840 2823 ἐργάζεσθαι.
865 2752 1011 2818 Maii;
1035 2754 1167 2823 γοῦν
1203 2771 1330 2807 ποτε
1359 2753 1468 2806 τῶν
1496 2753 1715 2808 ’νυκτῶν
1745 2755 1880 2826 ψέλ-

297 2842 483 2906 λοντος
515 2843 705 2909 αὐτοῦ,
737 2845 821 2909 τίς
852 2845 960 2899 τῶν
995 2847 1053 2898 ἐν
1079 2848 1142 2916 τῇ
1174 2846 1389 2916 φυλακῇ
1412 2846 1622 2915 δημίων
1643 2848 1879 2919 ἐγρηγο·

303 2934 413 3008 pio;
440 2937 535 2988 καὶ
563 2937 745 3005 νήφων
781 2936 1094 3007 ἐπηκροᾶτο
1124 2978 1139 3000 ,
1180 2937 1433 3008 Ἐϐραῖος
1467 2937 1566 3008 μέν
1598 2939 1700 3010 τὴν
1752 2941 1885 3010 θρη-

306 3025 500 3079 σκείαν
538 3025 633 3078 καὶ
663 3024 773 3079 τῶν
804 3028 1103 3094 ἐπιφανῶν,
1139 3026 1388 3096 ἐπιεικὴς
1420 3028 1476 3080 δὲ
1505 3028 1604 3097 τὴν
1634 3026 1880 3098 γνώμην,

1977 557 2219 627 inquam,
2263 558 2562 627 productus
2598 554 2666 611 ad
2718 555 3006 625 prazsidem
3049 569 3190 625 saepe
3220 552 3551 608 ostendisset

1976 649 2394 718 confessionem,
2425 658 2481 705 et
2514 648 2967 720 quemadmodum
3012 648 3129 717 ipse
3175 647 3549 703 constituisset

1976 743 2160 797 omnia
2188 743 2298 813 pati
2327 758 2425 813 pro
2458 742 2681 813 pietate,
2714 742 2831 811 ipse
2858 756 3077 811 quoque
3113 754 3238 794 cum
3272 739 3377 792 alio
3403 746 3546 793 cmtu

1976 831 2372 886 monachorum
2399 830 2639 900 repletus
2662 837 2746 884 est
2775 829 2959 884 lzrtitia
2985 845 3002 892 :
3045 830 3160 899 ipse
3188 830 3350 884 etiam
3388 836 3548 897 puta-

1975 923 2068 977 bat
2097 937 2155 977 se
2183 936 2304 976 esse
2332 937 2438 976 una
2462 937 2586 977 eum
2617 921 2930 984 Anastasio,
2953 930 3006 975 et
3037 921 3090 977 in
3123 920 3384 975 membris
3407 919 3550 973 illius

1976 1016 2292 1070 decertare:
2328 1024 2529 1069 etcum
2570 1030 2679 1068 non
2710 1023 2890 1085 posset
2911 1028 3068 1082 opem
3101 1012 3241 1067 ferre
3277 1027 3374 1066 sua
3406 1027 3550 1081 pras-

1977 1109 2174 1171 sentia,
2201 1123 2358 1177 opem
2386 1106 2592 1161 ferebat
2619 1105 2874 1176 precibus
2896 1115 2952 1159 et
2983 1112 3304 1159 atramento.
3338 1103 3402 1159 Et
3424 1119 3550 1173 par-

1975 1202 2070 1255 tim
2095 1200 2313 1271 quidem
2334 1200 2505 1254 Deum
2534 1198 3013 1254 vehementissime
3036 1198 3255 1268 rogabat
3283 1213 3403 1251 cum
3441 1206 3549 1250 tota

1976 1290 2335 1355 fraternitate,
2366 1299 2425 1344 ut
2459 1290 2685 1359 pulchre
2729 1304 2827 1358 per
2867 1288 3182 1356 martyrium
3231 1287 3280 1342 ei
3323 1293 3551 1354 perlice-

1983 1390 2137 1435 retur
2159 1380 2393 1435 stadium
2416 1398 2427 1432 :
2464 1381 2658 1450 partim
2688 1390 2872 1433 autem
2897 1380 3110 1433 duobus
3134 1393 3348 1448 quoque
3376 1377 3555 1431 missis

1976 1473 2255 1537 fratribus,
2298 1482 2610 1543 proruptum
2647 1483 2699 1525 et
2726 1472 2960 1527 alacrem
3004 1471 3126 1541 ejus
3163 1472 3404 1525 animum
3440 1484 3554 1523 nia-

1977 1566 2057 1637 gis
2099 1564 2269 1619 auxit.
2305 1564 2513 1619 Interea
2546 1579 2675 1618 vero
2716 1564 2843 1617 dum
2901 1574 3104 1632 martyr
3145 1561 3555 1617 custodiebatur

1978 1661 2033 1714 in
2074 1674 2312 1722 carcere,
2346 1658 2545 1712 divinis
2568 1657 2746 1711 verbis
2768 1666 2822 1711 et
2842 1656 3130 1711 sententiis
3160 1670 3221 1709 se
3250 1654 3556 1709 oblectabat

1979 1749 2214 1815 assidue,
2237 1758 2291 1804 et
2318 1765 2495 1819 neque
2526 1764 2632 1802 nox
2661 1748 2780 1813 eius
2802 1747 2867 1801 ad
2903 1746 3069 1801 Deum
3105 1748 3350 1818 hymnos,
3377 1759 3555 1813 neque

1975 1842 2218 1912 gravium
2253 1840 2468 1894 illorum
2512 1838 2852 1894 vinculorum
2887 1847 2942 1892 et
2985 1839 3205 1908 reliquae.
3249 1835 3555 1891 alllictionis

1974 1934 2188 1991 labores
2217 1949 2309 1988 eos
2348 1931 2839 2001 interrumpebant.
2872 1930 3013 1996 Quin
3061 1932 3225 1985 etiam
3257 1945 3379 1984 cum
3430 1927 3555 1997 qui-

1974 2027 2097 2082 dam
2142 2024 2386 2095 juvenis,
2441 2023 2533 2094 qui
2586 2034 2777 2093 captus
2835 2022 3011 2077 fuerat
3044 2031 3287 2092 .pmpter
3335 2020 3554 2091 aliquod

1975 2117 2321 2180 maletlcium,
2360 2130 2484 2170 cum
2517 2126 2753 2185 martyre
2782 2114 3011 2169 haberet
3045 2114 3242 2169 collum
3279 2121 3334 2167 et
3362 2114 3552 2182 pedem

1982 2209 2314 2280 colligatum,
2335 2216 2500 2261 noctu
2533 2223 2763 2279 surgens
2786 2217 3024 2262 sanctus.
3048 2215 3108 2261 ut
3139 2207 3249 2259 Deo
3271 2220 3556 2261 consuetas

1979 2301 2236 2355 redderet
2280 2298 2800 2370 gloriﬁcatioucs.et
2837 2298 2885 2352 ei
2927 2298 3096 2351 nollet
3145 2298 3343 2352 afferre
3387 2298 3557 2352 mole-

1977 2392 2158 2458 stiam,
2191 2393 2281 2446 sc:l
2312 2402 2372 2446 ut
2403 2391 2664 2445 dormiret
2685 2399 2740 2445 et
2764 2391 3069 2461 quiesceret
3102 2405 3286 2445 curam
3320 2398 3555 2460 gereret,

1978 2480 2177 2533 collum
2215 2479 2279 2534 ad
2308 2480 2581 2549 jaceutem
2619 2480 2935 2546 inclinabat,
2971 2490 3024 2535 et
3048 2480 3238 2549 pedem
3268 2481 3412 2534 illius
3436 2479 3558 2551 pedi

1979 2571 2322 2635 admmebat,
2357 2586 2427 2625 ne
2457 2574 2699 2627 extensis
2727 2574 2938 2627 catenis
2972 2574 3327 2642 injucundum
3362 2583 3417 2627 et
3442 2589 3560 2626 mo-

1982 2664 2177 2720 lestum
2211 2665 2258 2719 ei
2303 2680 2554 2718 somnum
2588 2665 2845 2719 ediceret.
2880 2665 2995 2719 Una
3039 2676 3220 2719 autem
3273 2675 3432 2720 nocte
3461 2665 3562 2720 ali-

1980 2758 2200 2827 quando
2239 2772 2363 2809 eum
2413 2757 2732 2825 psalleutent
2758 2758 2976 2827 quidam
3029 2774 3094 2812 ex
3143 2758 3229 2822 iis,
3269 2758 3360 2821 qui
3405 2768 3564 2812 erant

1980 2850 2149 2904 vincti
2180 2850 2234 2903 in
2275 2851 2544 2914 custodia,
2589 2851 2848 2914 exaudiit,
2890 2850 3153 2906 Hebraeus
3183 2851 3399 2921 quidem
3436 2851 3594 2905 reli-‘

1985 2944 2171 3012 gioue,
2217 2942 2371 3012 isque
2400 2942 2557 2997 valde
2596 2943 2823 3011 insignis
2865 2960 2878 2997 :
2929 2944 3075 2997 mitis
3121 2959 3249 2997 vero
3291 2959 3355 2999 ac
3404 2959 3563 2998 nian-

1986 3043 2195 3093 suetus.
2232 3042 2287 3088 et
2329 3034 2485 3088 valde
2517 3036 2676 3089 bonis
2710 3034 2973 3089 moribus.
3024 3034 3125 3103 Qui
3168 3052 3291 3091 cum
3341 3037 3561 3091 beatum

300 3116 396 3170 καὶ
426 3117 628 3187 τρόπον
663 3118 1027 3188 χρηστοτέρου
1064 3119 1561 3189 μεταποιούμενος,
1579 3119 1639 3184 ὃς
1669 3122 1763 3173 καὶ
1791 3122 1880 3174 τὸν

1987 3127 2140 3180 illum
2195 3127 2419 3180 vidisset
2469 3126 2707 3181 interdiu
2761 3128 2978 3196 quidem
3035 3128 3216 3182 vexari
3280 3128 3564 3199 portandis

307 3209 583 3278 μακάριον
631 3210 836 3263 ἐκεῖνον
894 3207 1070 3273 εἰδὼς,
1109 3211 1210 3278 τὴν
1268 3210 1368 3279 μὲν
1423 3211 1637 3282 ἡμέραν
1694 3212 1781 3265 ἀεὶ
1815 3214 1881 3283 τῇ

308 3303 651 3372 μετακομιδῇ
675 3302 786 3355 τῶν
812 3302 975 3357 λίθων
1001 3303 1457 3373 κατατεινόμενον
1478 3344 1493 3369 ,
1547 3304 1646 3375 τὴν
1675 3305 1732 3357 δὲ
1782 3306 1885 3375 τῆς

304 3392 499 3457 νυκτὸς
526 3393 835 3447 ἀνάπαυσιν
871 3394 1033 3447 πάλιν
1058 3396 1190 3465 εὐχῇ
1210 3398 1301 3449 καὶ
1335 3395 1520 3449 στάσει
1555 3399 1883 3466 περικοπτό-

305 3503 466 3557 μενον
485 3528 500 3552 ,
528 3488 621 3540 καὶ
643 3486 896 3556 οὐδαμῶς
923 3487 1147 3556 ὑφιέντα
1179 3488 1274 3540 τοῦ
1299 3487 1475 3551 τόνου,
1521 3486 1644 3540 οὕτε
1681 3490 1786 3559 μὴν
1813 3488 1883 3542 τὰ

306 3577 444 3647 μέλη
475 3578 827 3648 πεπονηκότα
856 3578 950 3631 καὶ
978 3579 1172 3649 μικρόν
1196 3578 1603 3648 ἀνακτώμενον,
1627 3579 1884 3632 διενοεῖτο

301 3670 424 3723 καθ’
453 3669 663 3735 ἑαυτὸν,
697 3670 845 3733 ὅστις
875 3671 1005 3724 ποτὲ
1029 3671 1134 3740 εἴη,
1168 3670 1261 3724 καὶ
1295 3670 1439 3740 ἥτις,
1470 3670 1537 3740 ἢν
1565 3670 1746 3740 λάχοι,
1778 3669 1884 3738 φύ-

306 3779 410 3825 σις,
435 3760 578 3816 οὕτω
604 3764 906 3833 καρτερική
941 3780 1024 3827 τις
1060 3758 1119 3816 οὖ
1133 3779 1193 3815 τα
1234 3762 1327 3815 καὶ
1358 3762 1561 3833 στερρὰ
1590 3763 1680 3815 καὶ
1704 3762 1884 3826 πόνοις

302 3854 538 3923 ἀπειθὴς
574 3856 668 3907 καὶ
700 3854 1002 3917 ἀνάλωτος.

373 3945 492 4015 ις’.
515 3948 606 4017 Τῷ
647 3947 883 4019 μάρτυρι
914 3945 1205 4016 τοιγαροῦν
1230 3947 1434 4011 ἐκεῖνος
1465 3947 1652 4011 ἀτενὲς
1683 3946 1884 4018 ἐνορῶν

302 4039 428 4101 τοὺς
476 4037 731 4100 ἑωθινοὺς
776 4036 978 4107 ὕμνους
1016 4038 1217 4110 ᾄδοντι,
1260 4038 1357 4091 καλ⁵
1385 4038 1491 4109 ὅλῳ
1518 4037 1594 4108 τῷ
1628 4039 1703 4108 νῷ
1748 4043 1885 4108 πρδς

306 4130 439 4183 Θεὸν
472 4129 821 4200 ἐκδημοῦντι,
846 4130 939 4183 καὶ
962 4129 1440 4202 προαρπαζομένῳ
1461 4129 1557 4183 τοῦ
1584 4131 1884 4202 μαρτυρίου

307 4222 401 4275 καὶ
440 4221 576 4290 μετά
594 4220 871 4291 σώματος,
901 4223 1002 4291 ὁρᾷ
1028 4239 1180 4285 τινας
1214 4221 1716 4293 λευχειμονοῦντας,
1740 4226 1886 4294 ὠμο-

306 4314 472 4384 φόριά
496 4330 555 4366 τε
603 4315 1045 4384 περικειμένους,
1076 4318 1170 4368 καὶ
1207 4316 1309 4369 ὅσα
1339 4317 1439 4385 τῆς
1475 4317 1628 4387 ἱερᾶς
1669 4317 1885 4386 ἐκείνης

308 4405 503 4474 στολῆς
558 4406 654 4459 καὶ
698 4405 794 4459 τοῦ
828 4404 1033 4475 σεμνοῦ
1065 4406 1175 4459 τῶν
1224 4406 1530 4478 ἀρχιερέων
1563 4406 1881 4476 ἐνδύματος,

1988 3217 2282 3290 lapidibus,
2318 3218 2498 3273 noctis
2527 3226 2707 3273 autem
2743 3223 2981 3287 quietem
3015 3234 3203 3275 rursus
3237 3220 3562 3291 interrumpi

1987 3311 2183 3365 stando
2234 3319 2289 3364 et
2316 3312 2540 3377 orando,
2566 3319 2620 3366 et
2648 3313 2785 3366 nihil
2808 3314 3033 3368 omnino
3058 3314 3338 3369 remittere
3368 3314 3434 3369 de
3467 3330 3564 3369 sua

1985 3401 2317 3465 constantia,
2359 3417 2537 3471 neque
2576 3402 2784 3457 defessa
2839 3403 3081 3457 membra
3134 3404 3414 3473 paululum
3482 3418 3567 3457 re-

1986 3507 2194 3555 creare.
2242 3493 2516 3562 cogitabat
2568 3493 2711 3563 apud
2767 3508 2825 3548 se
2879 3495 3130 3564 quisnam
3184 3495 3273 3549 hic
3313 3504 3478 3557 esset,
3511 3503 3565 3550 et

1985 3600 2237 3655 quamam
2274 3586 2322 3638 ei
2354 3584 2635 3655 obtigisset
2667 3585 2800 3639 adeo
2830 3586 3049 3641 robusm
3097 3594 3312 3648 natura.
3347 3595 3559 3656 tamque

1988 3676 2146 3731 firma
2201 3691 2264 3731 ac
2309 3676 2511 3740 valida,
2563 3674 2948 3748 laboribusque
3007 3677 3233 3732 minime
3261 3678 3461 3733 cedens
3510 3685 3567 3733 et

1987 3768 2445 3839 inexpugnabilis.

2056 3950 2199 4006 XVI.
2233 3950 2326 4005 Ille
2356 3950 2540 4021 itaque
2585 3950 2707 4006 lixis
2736 3950 2909 4006 oculis
2950 3951 3224 4021 aspiciens
3266 3960 3557 4024 martyrem

1986 4043 2281 4100 matutinos
2317 4044 2548 4115 hymnos
2573 4042 2982 4107 decantautem,
3017 4052 3073 4099 et
3118 4052 3229 4098 tota
3273 4052 3457 4098 mente
3496 4043 3565 4098 ad

1990 4138 2154 4192 Deum
2196 4136 2632 4207 peregrinantem
2664 4175 2677 4198 ,
2708 4141 2764 4190 et
2794 4137 2885 4205 qui
2935 4136 3017 4189 vel
3064 4143 3193 4189 ante
3246 4134 3565 4206 martyrium

1987 4228 2300 4298 rapiebatur
2349 4241 2473 4281 cum
2523 4239 2783 4294 corpore,
2826 4225 2974 4280 videt
3021 4224 3289 4294 quosdam
3340 4225 3572 4294 repente'

1989 4318 2330 4380 candidatos,
2357 4327 2412 4372 et
2439 4317 2605 4386 pallio
2637 4332 2901 4386 sacraque
2932 4318 3019 4370 illa
3048 4316 3275 4372 omnino
3313 4325 3484 4381 veste,
3512 4324 3567 4371 et

1989 4408 2302 4462 venerando
2347 4408 2669 4462 indumento
2700 4406 3021 4477 pontiﬁcum
3079 4406 3341 4473 amictos,
3398 4406 3563 4461 veluti

306 4498 420 4566 φτις
454 4492 568 4550 οἷον
617 4496 823 4551 ἑαυτῶν
878 4497 1390 4569 ἀπαστράπτοντας,
1451 4499 1566 4567 φῶς
1604 4498 1734 4552 ἰδεῖν
1785 4499 1880 4567 μὲν

1990 4500 2281 4570 quamdam
2302 4513 2371 4552 ex
2399 4513 2458 4553 se
2490 4498 2666 4553 lucem
2693 4499 2962 4559 emittere,
2991 4498 3167 4553 lucem
3200 4498 3317 4553 visu
3343 4497 3566 4568 quidem

304 4590 541 4656 ἥδιστον,
561 4588 890 4657 ἀπαγγεῖλαι
926 4588 983 4641 δὲ
1016 4588 1078 4642 οῦ
1112 4590 1330 4660 ῥᾴδιον·
1360 4590 1394 4663 ἢ
1432 4590 1653 4657 μᾶλλον,
1695 4592 1883 4661 κρεῖτ-

306 4696 399 4731 τον
438 4679 538 4749 μὲν
563 4679 661 4749 τὴν
700 4682 911 4751 ὅρασιν,
935 4670 1109 4751 δψεω,
1145 4680 1494 4753 ἀνθρωπίνης
1515 4686 1532 4716 δ
1556 4685 1803 4753 κρεῖττον
1829 4683 1886 4736 δὲ

306 4774 402 4841 τῆς
422 4772 664 4842 ὁράσεως
695 4772 792 4843 τὴν
815 4772 1065 4844 διήγησιν
1093 4790 1108 4804 ο
1141 4774 1235 4827 καὶ
1292 4772 1468 4827 ταῦτα
1525 4776 1581 4827 ἐν
1636 4773 1885 4844 ἀσελήνῳ

309 4865 488 4934 σκότῳ
512 4863 726 4928 νυκτὸς,
761 4864 948 4936 κύκλῳ
974 4865 1068 4918 τοῦ
1102 4866 1259 4935 ἀγίον
1293 4865 1770 4936 παρεμϐαλόντας·
1793 4869 1887 4920 καὶ

310 4955 576 5024 ἀγγέλους
596 4955 793 5018 αὐτοὺς
814 4952 953 5010 εἶναι
981 4958 1211 5027 νομίσας
1232 4998 1248 5021 ,
1272 4956 1462 5029 ὥσπερ
1489 4957 1599 5029 ἄρα
1627 4959 1720 5011 καὶ
1745 4954 1888 5030 ἦσαν

307 5052 427 5113 ταῖς
456 5047 760 5119 ἀληθείαις,
791 5049 894 5122 ὁρᾷ
925 5050 1062 5119 μετά
1104 5050 1304 5120 μικρὸν
1355 5051 1450 5105 καὶ
1486 5054 1577 5104 τὸν
1630 5053 1886 5123 μάρτυρι

308 5142 406 5212 τὴν
436 5142 801 5211 λαμπρότητα
829 5144 921 5195 καὶ
950 5141 1049 5213 τὴν
1102 5141 1373 5213 ἀναϐολὴν
1416 5140 1614 5213 ὁμοίως
1659 5142 1887 5208 ἐκείνοις

307 5234 515 5306 ἰχοντα·
534 5231 651 5288 εἶτα
674 5236 765 5289 καὶ
785 5235 992 5298 νεανίας
1012 5251 1095 5298 τις
1122 5234 1182 5287 τό
1249 5251 1309 5288 τε
1339 5230 1475 5298 εἶδος
1498 5235 1667 5291 καὶτὸ
1694 5235 1887 5298 κάλλος

308 5327 614 5397 ἀμήχανον,
652 5327 1011 5398 θυμιατήριον
1040 5326 1427 5398 ἀπηρτημένον
1461 5330 1560 5398 τῆς
1593 5327 1793 5393 δεξιᾶς,
1827 5328 1887 5380 ἐν

311 5419 480 5490 πολλῇ
513 5422 582 5490 τῇ
637 5421 767 5490 περὶ
815 5419 978 5473 αὑτὸν
1030 5418 1157 5492 δόξῃ
1222 5419 1333 5472 τῶν
1370 5419 1639 5486 ἀγγέλων,
1674 5416 1886 5489 θυμιῶν

310 5512 420 5583 πρὸ
466 5513 561 5565 τοῦ
625 5512 901 5583 μάρτυρος
947 5512 1151 5565 ἵστατο.
1203 5510 1390 5567 Ταῦτα
1436 5510 1614 5565 τοίνυν
1680 5514 1884 5576 ἐκεῖνος

307 5605 474 5676 ὀρῶν,
502 5607 600 5658 καὶ
649 5604 727 5675 τῷ
768 5604 943 5673 καινῷ
981 5603 1084 5673 τῆς
1139 5602 1267 5664 θέας
1313 5601 1412 5673 τὴν
1441 5603 1667 5673 καρδίαν
1717 5619 1887 5657 κατα-

309 5698 702 5767 πληττόμενος,
726 5696 937 5765 ἠγωνία
967 5696 1086 5766 μὲν,
1112 5694 1250 5748 ὥστε
1288 5696 1379 5748 καὶ
1410 5696 1498 5746 τὸν
1534 5695 1882 5764 περακαθεύ·

309 5792 468 5846 ἐοντα
513 5789 790 5850 διυπνῐσλι
842 5790 1191 5861 (Χριστιανὸς
1228 5788 1284 5840 δὲ
1331 5784 1399 5861 ἦν
1433 5781 1588 5851 οὗτος
1643 5789 1737 5861 τὴν
1785 5789 1881 5859 τῆς

1983 4590 2459 4662 jucundissimam,
2484 4590 2549 4644 ad
2574 4589 2955 4661 explicandum
2980 4597 3161 4645 autem
3192 4603 3305 4644 non
3326 4588 3561 4652 facilem,

1989 4685 2074 4740 vel
2107 4682 2286 4754 potius
2316 4683 2383 4737 ad
2411 4681 2706 4738 videndum
2744 4682 2966 4752 quidem
2996 4681 3260 4751 majorem
3288 4696 3456 4751 quam
3506 4691 3568 4737 ut

1990 4792 2108 4831 eam
2143 4776 2416 4829 humanus
2442 4774 2613 4843 possit
2650 4781 2980 4843 conspectus
3012 4772 3249 4842 assequi,
3282 4781 3376 4827 aut
3403 4787 3566 4842 quam

1989 4867 2093 4921 ulla
2123 4865 2265 4930 quod
2321 4864 2517 4921 viderit
2554 4863 2759 4919 referre
2792 4862 3034 4918 narratio
3072 4877 3090 4918 :
3120 4862 3282 4934 idque
3334 4864 3566 4919 obscura

1989 4970 2171 5025 nocte,
2217 4974 2342 5014 cum
2377 4959 2507 5012 luna
2555 4971 2664 5011 non
2710 4956 2947 5020 luceret,
2983 4963 3231 5011 sanctum
3280 4957 3458 5012 virum
3508 4957 3566 5011 in

1988 5053 2176 5109 orbem
2224 5050 2656 5105 circumdantes.
2699 5046 2846 5115 Quos
2880 5062 3004 5102 cum
3040 5048 3265 5119 angelos
3309 5062 3430 5104 esse
3466 5063 3568 5119 pu-

1989 5151 2178 5206 tasset,
2215 5142 2359 5196 sicut
2387 5149 2546 5195 erant
2599 5153 2810 5205 revera,
2847 5138 3007 5209 paulo
3040 5149 3165 5210 post
3202 5139 3352 5195 videt
3397 5139 3561 5194 etiam

1987 5244 2301 5305 martyrem,
2336 5231 2429 5302 qui
2459 5230 2712 5286 eumdem
2744 5230 3093 5301 splendorem
3121 5237 3178 5285 et
3196 5230 3427 5286 similem
3455 5230 3564 5286 illis

1987 5327 2221 5382 habebat
2243 5324 2521 5380 amictum.
2559 5322 2765 5377 Deinde
2794 5322 2956 5377 etiam
2979 5322 3200 5393 quidam
3225 5322 3561 5387 adolescens,

1989 5421 2168 5490 specie
2189 5428 2243 5473 et
2270 5414 2678 5488 pulchritudine
2702 5416 2955 5479 eximius.
2980 5432 3310 5488 suspensum
3342 5416 3563 5471 dextera

1986 5518 2206 5580 gestans
2229 5506 2590 5570 thuribulutn,
2616 5505 2671 5559 in
2698 5521 2912 5577 magna,
2928 5522 3049 5576 quae
3068 5519 3188 5562 erat
3210 5506 3358 5561 circa
3383 5505 3558 5574 ipsum

1987 5598 2155 5671 gloria
2187 5597 2506 5669 angelorum
2530 5636 2543 5659 ,
2584 5596 2764 5651 stabat
2809 5606 2937 5650 ante
2977 5604 3266 5666 martyrem
3303 5594 3558 5648 suffumi-

1986 5709 2138 5764 gans.
2178 5691 2313 5745 Cum
2338 5689 2425 5743 ille
2462 5704 2595 5758 ergo
2647 5689 2762 5741 lucc
2819 5674 3063 5751 videret,
3115 5695 3171 5740 ct
3204 5701 3300 5740 eor
3332 5686 3559 5742 haberet

1990 5784 2294 5856 perculsum
2342 5781 2583 5837 novitate
2631 5778 2962 5851 spectaculi,
3007 5786 3125 5834 erat
3163 5777 3383 5849 quidem
3436 5794 3560 5849 per-
