3832 6466
261 314 370 379 7'35

1469 309 1753 369 MENSIS
1793 309 2253 375 JANUARIUS.

3409 311 3516 375 796

259 428 455 496 plexus
496 419 700 483 animo,
752 403 888 474 adeo
936 424 995 470 ut
1039 428 1165 470 eum
1198 412 1365 469 etiam
1415 415 1701 480 excitarit,
1737 415 1828 486 qui

1961 416 2321 480 ἒκυθοπόλιως
2339 418 2606 490 ἐπαρχίαν
2627 419 3102 491 πεπιστευμένος).
3127 422 3220 475 καὶ
3242 419 3521 491 θύματος

260 528 429 585 pr0pe
477 508 783 567 dormiebat
830 508 983 579 (erat
1032 512 1212 559 autem
1250 505 1296 558 is
1334 503 1702 567 Christianus,
1742 504 1830 561 cui

258 608 439 662 fuerat
461 603 753 661 commissa
786 600 1104 671 praefectura
1138 596 1507 670 ScytbOpolis)
1546 607 1601 653 et
1622 598 1831 655 socium

260 700 397 755 tanti
429 696 622 752 fecerit
676 692 1004 763 spectaculi;
1034 706 1227 746 manus
1266 698 1445 745 autem
1487 704 1831 759 nequaquam

260 792 611 862 sequebatur,
638 789 731 843 sed
755 794 959 841 attenta
981 785 1202 855 quidem
1231 792 1415 838 mente
1435 792 1490 837 et
1518 782 1639 837 lixis
1663 782 1836 837 oculis

263 886 583 941 attendebat
621 883 711 948 iis,
743 896 863 950 quae
892 879 1218 933 videbantur
1245 895 1257 931 :
1284 885 1400 933 erat
1438 891 1571 931 vero
1606 890 1836 945 corpore

264 977 557 1032 immobilis
584 985 640 1030 et
671 986 873 1037 mutus,
898 973 1013 1027 sive
1053 969 1335 1036 repentina
1367 969 1454 1023 illa
1476 968 1837 1024 admiratione

263 1085 387 1123 eum
421 1068 688 1122 reddente
736 1063 1092 1126 inunobilem,
1132 1060 1248 1114 sive
1280 1062 1387 1113 llco
1436 1059 1600 1112 etiam
1632 1056 1836 1127 aliquid

263 1162 407 1214 aliud
436 1161 787 1228 dispensante
817 1167 873 1211 et
896 1156 1218 1226 providente
1241 1152 1547 1222 sapientius
1572 1158 1625 1206 et
1655 1149 1840 1206 occul-

266 1256 393 1310 tius.
430 1253 567 1310 Cum
612 1264 796 1307 tamen
845 1250 892 1306 is
943 1249 1036 1319 qui
1082 1259 1200 1302 erat
1236 1245 1606 1316 propinquus,
1658 1258 1717 1299 se
1750 1242 1838 1297 vix

267 1351 484 1404 tandem
523 1348 767 1413 proxime
795 1341 1285 1411 adutovissettnon
1338 1347 1553 1410 poterat
1583 1336 1729 1391 enim
1762 1336 1838 1391 uti

267 1443 496 1512 pedbus
525 1449 581 1495 et
601 1435 1267 1502 manibus),conturbatns
1296 1433 1404 1495 ille,
1432 1446 1499 1486 ex
1529 1444 1593 1483 eo
1616 1442 1838 1484 causam

266 1542 434 1599 rugat.
468 1531 557 1584 Ille
582 1538 764 1583 autem
796 1527 991 1581 timore
1021 1522 1329 1594 perculsus,
1373 1519 1425 1575 ei
1452 1518 1718 1573 visionem
1753 1516 1840 1570 in-

267 1625 476 1689 dicans,
498 1632 575 1680 et.
613 1619 793 1685 Vides,
830 1617 1040 1680 dicens,
1074 1613 1263 1670 vides?
1293 1627 1401 1668 non
1434 1612 1587 1682 prius
1612 1609 1840 1664 verbum

268 1716 610 1779 absolverat,
644 1725 807 1781 quam
850 1707 992 1762 visio
1038 1704 1347 1762 evanuerit.
1396 1703 1575 1773 Atque
1627 1698 1840 1769 praesidi

1941 512 2197 564 κοινωνὸν
2217 510 2536 580 τηλικούτου
2556 510 2906 583 ποιήσασθαι.
2938 513 3252 567 Ἠκολούθει
3268 514 3323 568 δὲ
3341 515 3374 585 ή
3397 516 3519 586 χεὶρ

1941 598 2194 669 οὐδαμῶς
2215 618 2229 632 ·
2256 600 2393 654 ἀλλά
2422 600 2673 673 νηφούσῃ
2715 602 2816 671 μὲν
2844 603 3058 673 διανοίᾳ
3099 603 3191 656 καὶ
3221 604 3520 675 ὀφθαλμοῖς

1944 691 2145 745 ἑστῶσι
2189 694 2446 764 προσεῖχε
2507 695 2619 757 τοίς
2676 694 3007 764 ὁρωμένοιςσ
3070 694 3151 764 τῷ
3203 695 3523 766 σώματιδὲ,

1942 784 2200 853 ἀκίνητός
2230 802 2290 839 τε
2320 788 2416 839 καὶ
2445 785 2718 855 ἄφθογγος
2756 783 2847 857 ἦν,
2902 787 3012 839 εἴτε
3053 787 3153 854 τῆς
3182 788 3386 857 ἀθρόας
3428 790 3522 841 Ex-

1946 875 2192 945 πλήξεως
2223 875 2283 929 τὸ
2310 878 2570 949 ἀκίνητον
2600 878 2956 949 ἐμποιούσης,
2999 881 3110 933 εἴτε
3142 896 3196 933 τι
3243 882 3338 933 καὶ
3393 879 3527 934 ἄλλο

1944 965 2038 1017 τοῦ
2069 966 2205 1021 Θεοῦ
2232 968 2537 1041 σοφώτερον
2556 968 2968 1040 οίκονομοῦντος
2992 973 3086 1023 καὶ
3118 971 3526 1040 κρυφιώτερον.

1948 1058 2136 1127 Ὅμως
2174 1059 2271 1125 ὀψέ
2319 1077 2453 1113 ποτε
2524 1061 2617 1115 καὶ
2654 1062 2808 1132 μόλις
2867 1063 3139 1132 ἐγγύτατα
3168 1064 3261 1117 τοῦ
3296 1064 3530 1135 πλησίον

1946 1149 2140 1204 ἑαυτὸν
2193 1152 2490 1220 ἀγαγόντος
2521 1154 2698 1226 (χερσὶ
2722 1155 2831 1226 γὰρ
2860 1154 2893 1225 ἢ
2936 1155 3059 1209 ποσὶ
3093 1154 3268 1227 τούτῳ
3289 1155 3532 1227 χρῆσθαι

1946 1243 2047 1299 οὐκ
2076 1240 2197 1314 ἦν),
2216 1245 2599 1319 διαταραχθεὶς
2621 1252 2825 1315 ἐκεῖνος
2853 1250 3182 1305 πυνθάνεται
3213 1253 3345 1320 παρ’
3363 1250 3530 1309 αὐτοῦ

1945 1336 2044 1405 τὴν
2074 1336 2274 1391 αἰτίαν.
2329 1339 2388 1392 ’0
2422 1339 2479 1392 δὲ
2508 1341 2803 1411 περίφοϐος
2841 1341 2991 1413 αὐτῷ
3020 1342 3118 1412 τὴν
3156 1341 3281 1411 δ’ζιιν
3311 1342 3534 1396 ὑποδει-

1948 1424 2126 1480 κνύων
2158 1426 2270 1492 καὶ,
2294 1426 2480 1499 Ὁρᾷς,
2518 1429 2715 1499 λέγων,
2750 1433 2914 1504 ὁρᾷς;
2942 1433 3042 1486 οὐκ
3069 1432 3267 1502 ἔφθανε
3294 1431 3356 1487 τὸ
3378 1432 3534 1503 ῥῆμα

1948 1517 2194 1588 πληρῶν,
2227 1521 2379 1591 καὶὴ
2430 1521 2554 1592 ὄψις
2597 1522 2813 1577 ἐλέλυτο
2871 1523 2963 1594 Τῷ
2990 1523 3091 1593 μὲν
3138 1519 3231 1577 οὖν
3282 1524 3536 1595 ἄρχοντι,

1945 1608 2245 1679 ὀφθαλμοῖς
2265 1611 2408 1675 ὅλοις
2447 1614 2762 1668 ἀτενίσαντι
2811 1616 2946 1685 πρὸς
2970 1615 3069 1686 τὴν
3101 1614 3249 1681 θέαν,
3277 1614 3430 1668 οὐδὲν
3462 1609 3537 1685 ἦν

1950 1700 2082 1770 ὀρᾷν
2124 1716 2139 1730 ο
2172 1704 2199 1754 ὁ
2252 1702 2474 1773 δέσμιος
2521 1704 2577 1758 δὴ
2633 1707 2771 1759 κατά
2830 1706 2994 1777 μέρος
3051 1705 3201 1778 αὐτῷ
3230 1706 3411 1760 πάντα
3434 1706 3541 1761 σὺν

268 1808 513 1876 quidem,
548 1819 673 1860 cum
704 1802 771 1857 ad
803 1799 1095 1854 videndum
1126 1793 1498 1866 spectaculum
1539 1788 1843 1847 totosdeli-

1961 1791 2102 1863 ἡδονῇ
2142 1793 2237 1847 καὶ
2274 1794 2515 1864 θαύματι
2552 1796 2817 1867 διηγεῖτο.
2878 1800 2989 1853 Καὶ
3022 1796 3196 1852 ταῦτα
3245 1797 3345 1869 μὲν
3392 1796 3541 1852 ῶστι

268 1902 437 1955 sisset
485 1897 699 1962 oculos,
730 1892 867 1949 nihil
905 1891 1108 1947 licebat
1137 1888 1367 1943 videre:
1401 1884 1617 1940 vinctus
1657 1890 1842 1937 autem

268 1993 381 2057 ille,
415 1991 598 2046 omnia
627 1983 935 2057 singulatim
973 1982 1022 2037 ei
1050 1980 1307 2037 narrabat
1329 1992 1452 2032 eum
1485 1974 1764 2045 voluptate
1791 1981 1850 2029 et

273 2080 656 2135 admiratione.
703 2074 768 2129 Et
800 2076 914 2129 hate
942 2071 1164 2142 quidem
1191 2111 1207 2135 ,
1239 2082 1310 2123 ne
1340 2067 1441 2137 piae
1472 2065 1668 2120 anima:
1700 2071 1850 2118 tanto

1954 1882 2029 1953 μὴ
2048 1883 2365 1954 τηλικοῦτον
2385 1885 2662 1957 ζημιῶσαι
2680 1887 2864 1959 θαῦμα
2880 1890 2978 1953 τὶς
3001 1889 3279 1960 φιλοθέους
3328 1888 3540 1962 ψυχάς.

1956 1975 2084 2028 Ἰτω
2112 1974 2170 2028 δὲ
2205 1976 2328 2030 καθ’
2356 1979 2473 2032 ὁδὸν
2517 1980 2611 2032 καὶ
2659 1980 2821 2034 πάλιν
2858 1982 2989 2053 ἡμῖν
3024 1983 3054 2036 ό
3091 1981 3186 2036 τοῦ
3223 1984 3537 2056 μαρτυρίου

1955 2062 2111 2134 λόγος
2141 2065 2239 2136 τῆς
2267 2069 2589 2134 ἀκολουθίας
2621 2071 2904 2142 ἐχόμενος.

278 2173 559 2243 priventur
606 2166 890 2223 miraculo.
942 2161 1112 2220 Nobis
1155 2170 1339 2217 autem
1386 2171 1579 2214 rursus
1627 2169 1845 2227 quoque
1883 2153 1968 2209 via
1993 2159 2256 2227 procedat
2318 2162 2493 2216 oratio
2531 2164 2795 2234 martyrii.
2831 2179 2983 2219 suam
3041 2181 3264 2223 servans
3339 2180 3542 2223 conse-

271 2262 573 2319 nuentiam.

276 2319 308 2399 κ.
344 2355 509 2410 XVII.
545 2354 837 2421 Postquam
879 2350 1029 2405 enim
1066 2347 1261 2404 videns
1318 2344 1676 2401 Marzabanas
1730 2353 1852 2396 esse

2022 2338 2117 2390 IZ'.
2164 2338 2320 2392 Ἐπεὶ
2344 2338 2450 2410 γὰρ
2479 2339 2622 2410 ὁρῶν
2645 2342 2673 2394 ὁ
2697 2342 3071 2416 Μαρζαὸανᾶς
3107 2344 3165 2397 τὸ
3198 2344 3296 2399 τοῦ
3329 2346 3545 2417 μάρτυ’

274 2453 435 2521 plane
480 2457 770 2518 martyrem
806 2442 1166 2503 immobilem,
1217 2449 1272 2496 et
1320 2454 1430 2495 non
1479 2438 1653 2493 solum
1689 2448 1851 2490 unam

1961 2445 2044 2500 ρος
2096 2429 2335 2499 ἰσχυρῶς
2393 2432 2756 2501 ἀμετάθετον,
2804 2437 2896 2487 καὶ
2924 2423 3075 2498 ὅπως
3122 2436 3221 2506 οὐχ
3242 2437 3342 2492 ἕνα
3376 2438 3544 2507 μόνον

279 2549 534 2601 mortem,
586 2538 679 2592 sed
705 2535 892 2600 etiam,
924 2534 969 2587 si
1002 2532 1118 2588 ﬁeri
1150 2539 1353 2602 posset,
1381 2529 1567 2601 plures
1599 2534 1851 2599 paratum

1961 2521 2093 2591 ὒπὲρ
2117 2523 2400 2587 εὐσεϐείας
2431 2524 2598 2588 ἐστὶν,
2629 2525 2765 2579 ἀλλὰ
2797 2528 2890 2580 καὶ
2932 2529 3162 2599 μυρίους
3184 2569 3199 2593 ,
3219 2529 3381 2598 εἴπερ
3426 2525 3545 2583 οἷόν

277 2648 400 2688 esse
435 2648 533 2701 pro
564 2629 765 2699 pietate
790 2626 1039 2681 alacriter
1058 2623 1357 2693 suscipere,
1386 2621 1454 2677 ad
1474 2635 1656 2693 regem
1680 2620 1851 2675 Ches-

1961 2631 2032 2681 τε,
2050 2615 2314 2682 θανάτους
2345 2618 2645 2688 ὑποστῆναι
2680 2621 2981 2693 πρόθυμος,
3016 2624 3299 2692 ἀνενέγκαι
3326 2623 3409 2696 τῷ
3435 2624 3544 2695 βα-

281 2743 419 2782 roen
458 2726 525 2782 de
568 2740 636 2780 eo
696 2722 993 2785 retulisset,
1024 2712 1081 2774 et
1112 2713 1567 2788 quemadmodum
1613 2721 1759 2768 esset
1808 2710 1851 2767 is

1961 2708 2096 2763 σιλεῖ
2131 2710 2349 2783 Χοσρόῃ
2375 2711 2504 2782 περὶ
2537 2712 2729 2776 αὑτοῦ,
2782 2716 2877 2768 καὶ
2909 2715 3058 2779 ὅπως
3098 2716 3186 2769 τὸν
3233 2715 3402 2785 ἀνδρα
3433 2717 3553 2787 χρὴ

282 2818 619 2881 trat-tandus,
652 2816 720 2869 ab
758 2814 850 2868 illo
874 2811 1171 2874 didicisset,
1213 2824 1337 2863 eum
1375 2807 1551 2876 ipsum
1577 2819 1608 2860 e
1633 2819 1851 2860 carcere

1961 2802 2236 2871 μετελθεῖν
2268 2803 2357 2857 ὑπ’
2395 2804 2608 2858 ἐκείνου
2643 2805 2827 2875 μάθοι,
2857 2807 3350 2878 μεταστειλάμενος
3375 2810 3548 2863 αὑτὸν

277 2908 679 2971 accersivisset,
711 2922 837 2961 eum
863 2920 963 2961 suo
989 2912 1212 2974 aspectu
1237 2917 1344 2957 non
1373 2900 1648 2971 dignatus,
1683 2897 1853 2969 signi-

280 2999 407 3053 ﬁcat
429 3013 523 3066 per
543 3012 668 3052 eum
701 2995 794 3064 qui
818 2994 1017 3048 dicitur
1042 2991 1395 3051 Meizoteros,
1428 2989 1482 3043 id
1504 2996 1608 3051 est,
1643 2987 1849 3056 major:

1951 2893 2045 2948 τοῦ
2073 2894 2476 2967 δεσμωτηρίου,
2516 2899 2617 2969 τῆς
2647 2899 2705 2952 δὲ
2728 2902 2848 2952 κατ’
2876 2898 3001 2968 ὅφιν
3027 2899 3247 2969 ὁμιλίας
3279 2901 3356 2973 μὴ
3379 2896 3525 2966 ἀξιῶ

1958 3003 2078 3053 σας,
2114 2987 2307 3059 μηνύει
2333 2989 2420 3043 διὰ
2447 2989 2539 3043 τοῦ
2569 2990 2867 3061 λεγομένου
2905 2991 3229 3063 μειζοτέρου
3253 3034 3268 3057 ,
3291 2992 3366 3056 ὡς
3406 2992 3546 3046 Ἰδοὺ

280 3093 441 3148 Ecce.
476 3090 675 3159 inquit,
701 3104 798 3143 rex
826 3086 922 3142 tibi
952 3087 1202 3155 imperat,
1238 3092 1296 3139 ut
1323 3082 1581 3153 quoniam
1604 3080 1720 3135 ﬁeri
1741 3094 1851 3135 non

1961 3080 2255 3151 προσέταξέ
2277 3097 2359 3147 σε,
2389 3082 2615 3153 φησὶν,ὀ
2636 3082 2913 3154 βασιλεὺς,
2936 3084 3024 3147 ἶν’,
3043 3085 3165 3138 ἐπεί
3196 3101 3277 3139 σοι
3306 3083 3368 3137 τὸ
3400 3099 3549 3137 παν-

281 3189 482 3251 potest.
521 3188 581 3233 ut
612 3180 690 3232 sis
719 3176 947 3233 omnino
982 3176 1204 3247 impius,
1237 3173 1408 3229 verbo
1432 3173 1607 3228 solum
1635 3170 1851 3242 abjures

1961 3140 2126 3236 τέλῶς
2149 3140 2367 3227 ἀσεϐεῖν
2387 3140 2676 3237 ἀδδνατον,
2715 3140 2924 3246 ῥήματι
2971 3140 3130 3246 μόνον
3178 3172 3416 3245 ὲξομόσῃ
3450 3174 3549 3226 τὸν

282 3269 788 3333 Christianismum,
816 3276 873 3322 et
918 3266 1100 3321 statim
1129 3263 1360 3319 solveris
1394 3278 1425 3319 e
1465 3277 1690 3319 carcere
1727 3271 1783 3319 et
1825 3276 1857 3316 a

286 3362 636 3419 vinculis:et
676 3362 744 3416 de
785 3368 987 3415 caetero
1026 3358 1142 3414 sive
1182 3356 1315 3411 velis
1362 3370 1484 3410 esse
1528 3354 1856 3422 monachus,

288 3454 404 3510 sive
453 3453 798 3514 caballarius,
847 3452 952 3507 hoc
1001 3451 1165 3505 situm
1200 3450 1303 3505 erit
1354 3450 1410 3505 in
1459 3456 1552 3503 tuo
1578 3448 1855 3504 arbitrio:

288 3558 491 3618 martyr
525 3556 708 3601 autem
750 3559 939 3599 rursus
968 3542 1307 3612 respondens
1337 3558 1352 3595 :
1391 3540 1567 3605 Absit,
1607 3541 1806 3611 inquit,
1827 3555 1861 3596 ο

284 3639 504 3696 Christe
524 3638 801 3701 Servatur,
831 3646 891 3692 ut
913 3650 1103 3706 negem
1132 3644 1276 3690 tuam
1303 3648 1403 3705 pro
1431 3632 1701 3689 Trinitate
1730 3649 1862 3690 con-

158 3738 179 3758 ‘
286 3732 625 3798 fessionem,
678 3746 855 3800 neque
906 3730 1126 3791 animo,
1179 3742 1282 3781 nec
1331 3726 1515 3782 labris.
1564 3725 1861 3797 Postquam

284 3834 468 3878 autem
507 3832 631 3893 post
689 3822 889 3876 multas
920 3821 1054 3874 alias
1111 3819 1353 3888 praesidis
1400 3817 1860 3883 machinationes,

287 3931 360 3971 ne
388 3915 469 3970 sie
504 3915 725 3983 quidem
759 3912 1045 3982 pulchram
1090 3910 1234 3965 illam
1265 3910 1569 3965 remitteret
1602 3918 1862 3964 constan-

288 4009 418 4062 tiam
445 4016 500 4062 et
521 4005 736 4060 dicendi
762 4005 1084 4068 libertatem,
1110 4002 1250 4057 hanc
1274 4001 1323 4058 ei
1353 4012 1681 4072 postremam
1710 3999 1864 4057 adbi-

288 4101 383 4155 bet
415 4097 891 4168 periclitationem.
932 4095 1059 4150 Haec
1089 4110 1212 4151 eum
1260 4110 1356 4165 per
1385 4094 1640 4162 Maiorem
1674 4109 1863 4149 rursus

289 4193 684 4261 signiﬁcasset:
711 4187 858 4250 Seio,
890 4188 1104 4261 inquit,
1136 4187 1282 4258 quod
1329 4202 1454 4242 cum
1486 4196 1537 4241 te
1568 4188 1863 4247 munitorum

290 4285 495 4355 pudeat
525 4284 776 4348 intuitus,
802 4293 855 4339 et
886 4282 1125 4340 maxime
1147 4296 1362 4346 eorum,
1389 4279 1483 4350 qui
1512 4289 1640 4336 sunt
1665 4294 1730 4335 ex
1767 4295 1863 4335 ea-

289 4379 415 4434 dem
448 4378 668 4448 regione
697 4386 752 4433 et
780 4376 946 4441 tribu,
987 4392 1049 4433 ea
1081 4377 1147 4430 de
1185 4390 1347 4435 causa
1383 4375 1437 4430 in
1468 4389 1660 4429 eorum
1693 4374 1864 4428 oculis

289 4484 361 4525 ne
396 4469 499 4525 hoc
529 4470 748 4539 quidem
788 4467 922 4525 lacis
960 4468 1078 4522 leve
1114 4475 1169 4522 et
1210 4466 1547 4538 expeditum,
1592 4475 1652 4522 ut
1697 4466 1862 4522 verbo

289 4561 467 4618 solum
496 4569 645 4620 tuam
670 4561 933 4621 inﬁcieris
956 4560 1293 4630 religionem.
1311 4557 1452 4625 Quid
1472 4558 1641 4622 enim.
1664 4558 1858 4629 inquit,

290 4669 353 4708 ea
386 4669 454 4711 ex
493 4670 550 4710 re
574 4652 891 4711 detrimenti
928 4653 1213 4725 accipitur,
1250 4667 1373 4708 cum
1404 4667 1500 4707 cor
1540 4667 1651 4706 non
1700 4651 1841 4707 simu

287 4740 587 4813 loquatur?
614 4743 885 4809 Quoniam
922 4757 1053 4796 vero
1083 4741 1152 4797 de
1180 4740 1338 4810 jussu
1369 4742 1512 4811 regis
1535 4742 1624 4796 hic
1663 4742 1841 4811 agitur

287 4851 449 4904 quem
479 4852 588 4891 non
621 4837 749 4895 licet
778 4835 1033 4904 cuiquam
1066 4835 1289 4893 omnino
1311 4834 1574 4904 repellere
1601 4852 1617 4887 :
1648 4835 1693 4888 si
1719 4833 1861 4904 quod

285 4938 373 4983 est
403 4929 510 4985 hoc
538 4928 711 4985 multo
737 4928 935 4990 levius.
970 4926 1076 4984 hoc
1097 4926 1302 4983 dixeris
1332 4927 1385 4981 in
1416 4942 1538 4985 meo
1564 4938 1862 4998 conspectu

286 5028 344 5076 et
388 5021 748 5088 quorumdam
809 5018 1041 5077 duorum
1079 5018 1444 5082 sellariorum,
1490 5019 1625 5075 liber
1670 5028 1789 5077 esto
1833 5037 1864 5076 a

286 5125 512 5166 carcere
553 5120 611 5167 et
652 5111 953 5185 suppliciis.
988 5110 1122 5177 Quae
1151 5126 1277 5167 cum
1309 5111 1400 5167 ille
1432 5111 1691 5175 dixisset,
1727 5110 1867 5171 fudit

287 5215 481 5270 preces
505 5202 826 5261 Anastasius
857 5204 1132 5272 prioribus
1165 5202 1396 5269 similes,
1415 5204 1613 5261 ’dieens
1639 5222 1656 5262 :
1678 5204 1866 5276 Neque

289 5299 349 5347 tu
384 5307 473 5348 me
517 5293 752 5357 videris,
806 5310 982 5365 neque
1031 5297 1174 5351 ullus
1217 5296 1562 5362 aliusznon,
1613 5297 1784 5356 oRex
1809 5307 1866 5357 et

288 5382 458 5451 Deus,
507 5402 577 5443 ne
624 5388 808 5457 Specie
838 5389 1057 5459 quidem
1104 5398 1256 5445 tuum
1311 5405 1533 5456 nomen,
1581 5406 1763 5462 neque
1810 5393 1864 5447 in

289 5479 518 5543 somnis,
551 5488 645 5534 aut
675 5481 783 5535 nllo
811 5480 917 5537 alio
943 5481 1108 5536 modo
1137 5492 1445 5553 negantem.

264 5608 275 5615 ρ
368 5568 552 5626 XVIII.
594 5572 728 5627 Cum
759 5588 889 5645 ergo
918 5573 1127 5629 videret
1174 5589 1397 5644 praeses,
1431 5576 1574 5646 quod
1610 5577 1867 5635 adversus

298 5672 404 5722 tam
446 5665 639 5721 fortem
666 5677 720 5721 et
769 5676 876 5723 tant
906 5668 1186 5724 excelsum
1221 5670 1467 5726 animum
1503 5672 1636 5726 nihil
1685 5689 1781 5743 per
1809 5690 1867 5728 se

290 5756 554 5826 cﬂ‘lcerel,
595 5776 786 5833 resque
804 5776 867 5817 ca
901 5772 954 5818 ct
984 5776 1113 5818 suas
1140 5763 1284 5819 vires
1330 5773 1608 5834 superaret
1652 5775 1704 5819 et
1748 5782 1865 5821 nlo-

1957 3262 2420 3335 Χριστιανισμόν’
2452 3266 2548 3320 καὶ
2597 3265 2843 3339 ἀπολύσῃ
2903 3267 3245 3339 παραχρῆμα
3297 3265 3393 3323 καὶ
3446 3266 3547 3319 τοῦ

1956 3351 2332 3425 δεσμωτηρίου
2355 3356 2448 3411 καὶ
2478 3355 2586 3410 τῶν
2620 3356 2837 3412 κλοιῶν
2876 3357 2975 3413 καὶ
3000 3358 3063 3413 τὸ
3081 3358 3269 3414 λοιπὸν
3303 3361 3415 3411 εἴτε
3447 3375 3549 3428 μο-

1958 3448 2119 3517 ναχδς
2173 3447 2377 3514 ἐθέλοις
2432 3449 2543 3504 εἴτε
2595 3451 2961 3522 καδαλλάριος
2999 3448 3169 3514 εἶναι,
3241 3455 3309 3523 τῇ
3342 3453 3545 3522 γνώμῃ

1956 3538 2117 3594 τοῦτο
2148 3544 2213 3613 τῇ
2245 3544 2312 3615 σῇ
2339 3544 2600 3600 κείσεται.
2643 3544 2966 3605 ’Υπολαῦὼν
2994 3546 3051 3600 δὲ
3073 3546 3278 3601 πάλινὸ
3308 3545 3519 3616 μάρτυς
3530 3587 3545 3607 .

1961 3633 2054 3703 Μή
2077 3650 2166 3703 μοι
2194 3634 2423 3703 γένοιτο,
2448 3637 3004 3710 φησ“;ν,1ἀρνήσασθαί
3038 3655 3132 3692 σου
3159 3639 3258 3708 τὴν
3281 3638 3421 3707 ὑπὲρ
3443 3636 3551 3706 τῆς

1961 3727 2189 3798 Τριάδος
2209 3730 2523 3801 ὁμολογίαν,
2559 3731 2744 3803 Σῶτερ
2775 3732 3003 3803 Χριστδ,
3062 3731 3197 3803 μηδὲ
3222 3730 3369 3801 ψυχῇ
3406 3730 3546 3801 μηδὲ

1960 3820 2217 3891 χείλεσιν.
2274 3822 2360 3887 Ὧς
2396 3823 2453 3876 δὲ
2487 3824 2625 3893 μετά
2657 3824 2857 3888 πολλὰς
2892 3824 2988 3881 καὶ
3026 3824 3192 3887 ἄλλας
3223 3823 3320 3879 τοῦ
3344 3825 3547 3894 ἄρχον-

1962 3930 2054 3976 τος
2086 3915 2356 3984 μηχανὰς,
2408 3914 2530 3970 om
2575 3915 2719 3971 οὕτω
2748 3919 2848 3989 τῆς
2900 3915 3070 3987 καλῆς
3105 3917 3321 3984 ἐκείνης
3358 3916 3551 3970 ἐνστάο

1970 4020 2107 4066 σεως
2157 4004 2304 4071 ὑφίει
2336 4006 2431 4060 καὶ
2481 4008 2839 4078 παρρησίας,
2886 4010 3085 4078 πεῖραν
3135 4006 3295 4078 αὑτῴ
3339 4005 3547 4074 ταύτην

1964 4094 2281 4148 τελευταίαν
2316 4094 2607 4166 προσάγει,
2635 4096 2859 4153 τοιαῦτα
2884 4100 2977 4151 καὶ
2998 4097 3159 4153 πάλιν
3176 4098 3263 4152 διὰ
3289 4098 3386 4152 τοῦ
3422 4114 3547 4167 μει-

1966 4186 2189 4258 ζοτέρου
2230 4188 2493 4258 μηνύσας
2523 4184 2673 4250 οἶδα,
2707 4188 2870 4258 φησιν
2901 4227 2917 4253 ,
2940 4189 3166 4253 ὃτιτοὺς
3196 4189 3307 4242 τῶν
3332 4186 3549 4242 πολλῶν

1965 4278 2280 4348 ὀφθαλμοὺς
2301 4280 2690 4351 αἰσχυνόμενος
2711 4320 2727 4345 ,
2784 4281 2878 4335 καὶ
2917 4281 3155 4351 μάλιστα
3202 4280 3313 4334 τῶν
3344 4284 3409 4334 ἐκ
3445 4283 3548 4349 τῆς

1966 4372 2138 4442 αὐτῆς
2157 4375 2238 4426 σοὶ
2270 4372 2366 4427 καὶ
2399 4373 2580 4444 χώρας
2617 4375 2711 4427 καὶ
2737 4373 2911 4445 φυλῆς
2944 4374 3546 4446 προηγμένωνητούτου

1896 4492 1941 4549 D
1971 4463 2133 4535 χάριν
2157 4463 2249 4519 ὑπ’
2284 4464 2406 4536 ὄψιν
2445 4465 2623 4520 αὐτῶν
2647 4466 2767 4520 aliis
2795 4466 2856 4521 τὸ
2883 4466 3085 4535 κοῦφον
3111 4466 3380 4522 τοῦτοκαὶ
3408 4466 3550 4535 πρό-

1974 4573 2155 4627 χειρον
2210 4558 2417 4628 ῥήματι
2462 4557 2609 4629 μόνῳ
2642 4560 2817 4622 ποιεῖς
2844 4557 2944 4629 τὴν
2975 4559 3072 4627 τῆς
3111 4559 3210 4629 σῆς
3244 4558 3546 4631 θρησκείας

1964 4648 2245 4714 ἀθέτησιν.
2286 4648 2352 4701 Τί
2398 4648 2530 4718 γὰρ,
2561 4650 2750 4719 φησιν,
2780 4650 2845 4703 ὲκ
2880 4648 3090 4705 τούτου
3124 4648 3317 4720 βλάϐη,
3351 4648 3427 4722 μὴ
3451 4650 3548 4703 καὶ

1962 4741 2064 4810 τῆς
2097 4740 2322 4813 καρδίας
2357 4740 2853 4812 συμφθαγγομένης
2882 4760 2897 4808 ;
2947 4743 3103 4797 Ἐπεὶ
3131 4743 3188 4797 δὲ
3218 4743 3280 4796 τὸ
3308 4744 3544 4812 πρᾶγμα

1968 4834 2221 4906 βασιλικὴ
2252 4832 2550 4906 πρόσταξις
2568 4874 2583 4898 ,
2615 4834 2710 4887 καὶ
2737 4833 2839 4889 οὐκ
2866 4833 3016 4888 εστιν
3036 4836 3185 4897 ὅπως
3214 4835 3281 4888 ἄν
3328 4852 3412 4898 τις
3442 4833 3546 4889 αὖ-

1964 4928 2063 5000 τὴν
2088 4926 2469 4999 διακρούσαιτο
2492 4941 2509 4959 ο
2540 4928 2666 4991 κᾶν,
2697 4926 2728 4981 ὃ
2754 4926 2889 4982 πολὺ
2947 4925 3135 4981 τούτου
3189 4927 3541 4997 κουφότερον,

1968 5021 2061 5076 ὑπ’
2094 5022 2257 5093 ἐμαῖς
2313 5019 2500 5091 ὄψεσιν
2529 5020 2741 5089 ἶμόναις
2787 5018 2879 5074 καί
2938 5035 3101 5072 τινων
3149 5017 3243 5072 δύο
3283 5016 3545 5088 σελαρίων

1965 5115 2125 5171 τοῦτο
2146 5113 2336 5178 τίπὼν.
2360 5111 2706 5181 ἀπαλλάγηθι
2737 5114 2833 5167 καὶ
2849 5112 3093 5183 φρουρᾶς
3120 5109 3216 5164 καὶ
3247 5110 3541 5165 κολάσεων.

1967 5209 2113 5282 Πρὸς
2139 5209 2284 5279 ἅπερ
2305 5210 2333 5263 ό
2359 5207 2569 5278 μάρτυς
2600 5206 2668 5259 τὰ
2716 5203 2810 5262 ἴσα
2836 5206 2948 5268 τοῖς
2979 5202 3349 5274 προλαϐοὖσιν
3373 5203 3536 5273 ἐπηύ-

1968 5301 2115 5367 ξατο,
2140 5300 2294 5371 Μήτε
2312 5299 2377 5353 σύ
2402 5317 2468 5371 με
2495 5300 2646 5363 ἴδοις,
2675 5297 2868 5363 είπὼν,
2908 5297 3047 5368 μήτε
3083 5313 3166 5359 τις
3191 5296 3378 5367 ’ἑτεροι⁸
3403 5342 3418 5366 ,
3444 5296 3537 5368 μὴ,

1970 5394 2193 5465 βασιλεῦ
2218 5393 2312 5448 καὶ
2335 5393 2457 5456 Θεὲ,
2495 5391 2627 5463 μηδὲ
2664 5392 2904 5462 σχήματι
2932 5394 2995 5445 τδ
3050 5388 3141 5445 σδν
3183 5388 3378 5459 ὄνομα,
3420 5388 3542 5461 μηδ’

1966 5488 2103 5558 ὄναρ
2127 5485 2160 5558 ἢ
2184 5486 2385 5558 τρόπον
2421 5482 2609 5556 ἕτερον
2647 5482 2912 5555 μηδαμῶς
2950 5480 3367 5555 ἑξαρνούμενον.

2042 5579 2144 5634 IH'.
2180 5576 2353 5640 Εἰδὼς
2379 5577 2561 5631 τοίνυν
2591 5578 2620 5631 ὁ
2658 5575 2844 5647 ἄρχων
2864 5576 2939 5640 ὡς
2969 5576 3078 5645 ἄρα
3108 5575 3245 5646 πρὸς
3268 5572 3414 5632 οὕτω
3438 5576 3535 5645 ψυ-

1971 5670 2073 5740 χὴν
2099 5668 2359 5740 ἀνδρικὴν
2388 5669 2481 5723 καὶ
2506 5667 2764 5735 γενναίαν
2792 5666 2945 5722 οὐδὲν
2966 5665 3126 5729 αὖτδς
3151 5665 3305 5719 ἀνύοι
3327 5666 3392 5718 δι’
3419 5667 3538 5718 satu.

1976 5767 2089 5833 τοῖν,
2150 5766 2285 5819 ἀλλὰ
2337 5764 2399 5818 τὸ
2467 5764 2699 5833 πρᾶγμα
2733 5762 2919 5833 μεῖζον
2976 5760 3183 5830 ﬁxerit
3225 5759 3322 5833 τὴν
3375 5761 3532 5815 αὑτοῦ
