3832 6480
312 314 421 379 Ἱ9Ἱ

1423 310 1600 370 VITA
1641 309 1698 368 S.
1744 308 2142 368 ANASTASII
2176 308 2460 370 PERSAE.

3467 306 3580 372 793

314 423 550 493 δύναμιν
599 421 696 476 καὶ
729 420 788 474 τὸ
816 419 1014 491 μέτρον
1042 420 1135 473 τοῦ
1164 417 1509 484 ἀξιώματος,
1546 417 1638 472 ὑπ’
1663 417 1787 486 ὄψιν
1808 417 1898 468 τὸν

2007 415 2131 470 dum
2173 415 2474 488 dignitatis,
2503 429 2626 470 cum
2659 414 2880 470 beatum
2928 413 2984 469 iu
3030 429 3192 470 suum
3225 427 3580 486 conspectum

317 519 587 590 μακάριον
616 512 840 582 ἀγαγὼν
873 554 889 579 ,
921 513 1056 568 Ἰδοὺ
1092 513 1526 586 προστεταγμαι,
1559 510 1745 581 φησιν,
1793 509 1898 564 ὐπὸ

312 611 534 679 δεσμοῖς
558 623 618 660 σε
652 607 892 678 σιδηροῖς
932 606 1012 669 είς
1058 604 1298 675 Περσίδα
1351 603 1430 674 τῷ
1458 603 1671 674 βασιλεῖ
1720 619 1896 673 παρα-

315 699 552 772 πέμψαι.
600 697 762 752 Καὶδ
809 697 1058 767 μάρτυς,
1105 695 1268 766 Ἐγὼ,
1292 697 1476 766 φησὶν,
1521 695 1568 748 εί
1598 693 1750 764 παρᾶ
1802 693 1898 748 σοῦ

317 789 710 862 ὲπιτραπείην,
764 790 860 845 καὶ
905 791 1092 854 ἄδετος
1120 789 1186 844 ἂν
1217 791 1395 844 ἐκεῖσε
1436 787 1855 860 παραγενοίμην
1879 805 1893 821 ο

316 884 403 946 τίς
425 884 537 954 γάρ
567 883 655 936 ἐπ’
685 884 810 954 ἐμοὶ
837 881 998 954 χρεία
1050 882 1287 952 δεσμῶν,
1305 875 1457 951 ᾧπερ
1512 880 1672 952 ἡδονή
1703 882 1817 934 ἐστι
1838 880 1900 933 τὸ

317 974 405 1030 διὰ
425 973 662 1046 Χριστὸν
684 973 900 1035 παθεῖν,
923 972 1008 1040 ἐφ’
1023 965 1066 1040 ᾧ
1088 970 1288 1041 δηλαδὴ
1313 971 1407 1025 καὶ
1429 971 1718 1042 πέμπομαι
1745 988 1758 1036 ;
1788 971 1898 1024 Οῦο

317 1081 426 1128 τοις
453 1063 546 1118 οὖν
575 1063 740 1118 αὐτὸν
796 1065 824 1118 6
851 1062 1113 1134 δικαστὴς
1165 1062 1288 1116 ίδὼν
1324 1063 1416 1116 καὶ
1453 1061 1520 1116 τά
1551 1061 1643 1115 νῦν
1681 1062 1895 1132 ἔχοντα,

316 1156 414 1208 καὶ
457 1153 594 1226 μήτε
623 1153 874 1217 ἀπειλαῖς
901 1152 1118 1210 εῐκοντα
1153 1194 1168 1219 ,
1196 1154 1334 1225 μήτε
1364 1152 1624 1217 θωπείαις
1653 1153 1899 1216 δελεαζό-

323 1261 486 1317 μενον
504 1284 520 1310 ,
550 1243 826 1300 ἀνάλωτον
847 1245 1128 1308 παντελῶς
1155 1244 1252 1297 καὶ
1285 1243 1552 1314 ἀήττητον
1579 1282 1594 1308 ,
1627 1242 1900 1313 σφραγῖδα

316 1355 379 1392 τε
433 1336 583 1408 αὐτῷ
613 1337 708 1391 καί
741 1354 853 1392 τισι
878 1335 1000 1390 δυσὶ
1047 1335 1157 1389 τῶν
1199 1333 1439 1389 εὐσεϐῶν
1472 1333 1680 1405 ἑτέροις
1705 1333 1901 1388 ἐπιϐα-

319 1427 450 1494 λὼν,
477 1429 716 1501 δημοσίᾳ
745 1429 960 1500 φυλακῇ
987 1427 1388 1499 παραδίδωσιν,
1443 1423 1531 1480 οἶα
1573 1427 1712 1498 μετά
1741 1426 1899 1497 πέμέι

321 1539 468 1592 πτην
495 1521 710 1592 ἡμέραν
735 1521 963 1591 πορείας
992 1512 1234 1589 ἅψεσθαι
1257 1517 1572 1589 μέλλοντας.
1597 1517 1818 1584 Μεταξὺ
1839 1516 1898 1570 δὲ

318 1614 420 1683 τῆς
449 1611 752 1682 σεύασμίας
781 1611 974 1682 ἑορτῆς
1026 1607 1441 1677 καταλαϐούσης
1487 1607 1587 1677 τῆς
1640 1607 1732 1661 τοῦ
1767 1609 1900 1673 ζωο-

318 1703 502 1771 ποιοῦ,
525 1705 690 1775 φημὶ,
715 1701 874 1768 ξύλου
894 1701 987 1755 τοῦ
1010 1700 1244 1778 σταυροῦ
1268 1699 1816 1770 Ἀνυψὼσεως,αὐτός
1837 1715 1898 1752 τε

317 1797 348 1849 6
371 1795 683 1865 θαυμαστὸς
713 1795 1088 1861 Ἀναστάσιος,
1120 1793 1176 1846 οῖ
1197 1809 1257 1847 τε
1288 1791 1424 1863 πρδς
1454 1790 1616 1844 αὐτὸν
1651 1791 1902 1860 παρασα-

317 1885 501 1950 λόντες
529 1885 623 1939 δύο
653 1884 763 1939 τῶν
785 1882 1050 1952 ἀδελφῶν,
1074 1882 1168 1937 καὶ
1193 1882 1244 1935 ol.
1269 1879 1368 1954 τὴν
1391 1880 1562 1950 αὐτὴν
1591 1879 1784 1950 ἐκείνῳ
1805 1879 1899 1932 τοῦ

320 1975 574 2030 δικαστοῦ
615 1975 888 2046 σφραγῖδα
921 1972 1205 2044 δεξάμενοι
1232 2013 1247 2040 ,
1279 1973 1374 2026 καί
1407 1989 1550 2036 τινες
1585 1971 1760 2041 ἕτεροι
1792 1972 1901 2026 τῶν

321 2070 379 2122 ὲν
407 2072 475 2141 τῇ
506 2068 658 2122 πόλει
715 2065 1015 2138 θεοφιλῶν,
1082 2066 1264 2120 πᾶσαν
1317 2067 1420 2137 τὴν
1480 2065 1632 2135 ἱερὰν
1687 2063 1902 2133 εκείνην

316 2161 492 2216 νύκτα
535 2162 717 2232 εὐχαῖς
769 2178 829 2214 τε
876 2163 972 2214 καὶ
1021 2157 1362 2230 ψαλμῳδίαις
1408 2156 1899 2228 πανηγυρίσαντες,

320 2251 677 2307 ἐπιλαθέσθαι
735 2251 864 2315 τοὺς
902 2251 964 2305 ὲν
1013 2252 1080 2322 τῇ
1139 2248 1358 2321 φυλακῇ
1409 2247 1614 2311 πάντας
1643 2247 1752 2301 τῶν
1779 2246 1902 2301 καθ’

319 2345 549 2408 ἑαυτοὺς
597 2341 786 2398 δεινῶν
838 2344 1228 2414 πεποιήκασιν,
1293 2341 1369 2405 ὡς
1431 2342 1490 2396 ἑν
1537 2340 1904 2412 ἑορταζόντων

318 2439 454 2508 οἴκῳ
495 2436 692 2508 μᾶλλον
729 2436 832 2492 οὐκ
878 2437 939 2490 ιν
986 2437 1200 2508 φρουρᾷ
1230 2434 1628 2508 διατρίὸοντας.
1695 2433 1905 2488 Ἕωθεν

319 2524 380 2578 δὲ
411 2525 550 2596 πρὸς
583 2524 674 2579 τὸν
701 2522 1072 2599 Μαρζαύανᾶν
1103 2527 1133 2580 6
1183 2526 1578 2596 κομερκιάριος
1609 2525 1903 2594 είσελθὼνξ,

320 2619 463 2690 ἀνὴρ
504 2619 732 2691 εὐσεϐὴς
763 2620 856 2674 καὶ
888 2619 1176 2690 συναλγεῖν
1199 2619 1399 2690 ψυχαῖς
1424 2619 1788 2688 ὀδυνωμέναις
1818 2620 1897 2672 εί-

319 2707 427 2772 δὼς
450 2708 547 2763 καὶ
571 2711 904 2781 παρακαλεῖν
928 2711 987 2765 δν
1006 2714 1126 2774 ταῖς
1151 2710 1385 2781 θλίψεσι,
1408 2711 1578 2764 δεῖται
1599 2711 1691 2764 τοῦ
1715 2711 1907 2782 ἀρχον-

317 2819 414 2866 τος
442 2802 696 2874 ἀνεθῆναι
717 2801 812 2857 τοῦ
830 2803 1208 2874 δεσμωτηρίου
1229 2805 1319 2856 τὸν
1350 2805 1723 2866 Ἀναστάσιον,
1755 2801 1900 2855 ὥστε

320 2895 420 2948 καὶ
446 2894 607 2948 αὐτὸν
658 2897 909 2971 παρεῖναι
949 2897 1016 2966 τῇ
1045 2895 1156 2949 τῶν
1185 2895 1527 2966 Χριστιανῶν
1564 2895 1900 2968 πανηγύρει.

397 2985 499 3042 ΙΘ⁹.
535 2987 917 3060 Παρασχόντος
963 2987 1022 3041 δὲ
1053 2988 1154 3060 τὴν
1197 2988 1358 3060 χάριν
1412 2988 1642 3054 ἐκείνου,
1670 2991 1764 3044 καὶ
1809 2989 1904 3043 τοῦ

2003 508 2318 563 adduxisset
2350 527 2364 563 :
2393 507 2534 563 Ecce
2585 506 2778 577 jussus
2809 522 2929 561 sum
2957 548 2972 571 ,
3021 506 3230 576 inquit,
3287 507 3342 560 in
3389 506 3582 564 ferreis

2003 601 2237 657 vinculis
2294 609 2346 656 te
2407 601 2460 656 in
2504 599 2780 656 Persidem
2832 599 3204 655 transmittere
3257 599 3325 654 ad
3374 614 3577 670 regem.

2003 692 2202 764 Martyr
2229 701 2409 747 autem
2434 710 2446 744 :
2479 693 2614 762 Ego,
2644 691 2844 761 inquit,
2877 691 2921 745 si
2947 691 3078 745 mihi
3099 707 3127 745 a
3157 702 3209 745 te
3235 691 3581 760 permittere-

2003 791 2112 845 tur,
2160 781 2322 835 etiam
2369 780 2575 850 absque
2620 779 2742 834 ullis
2784 779 3017 835 vinculis
3065 779 3192 834 illuc
3237 780 3580 833 aet-ederem.

2001 872 2142 938 Quid
2177 870 2322 926 enim
2359 871 2412 925 in
2455 887 2542 926 me
2575 887 2712 941 opus
2760 881 2846 926 est
2883 871 3137 934 vinculis,
3189 871 3280 940 qui
3331 870 3582 925 lubenter

2005 961 2179 1033 patior
2219 970 2436 1032 propter
2464 961 2766 1025 Christum,
2799 962 2864 1016 ad
2894 978 3056 1031 quem
3089 961 3301 1015 scilicet
3349 961 3578 1015 mittor?

2002 1052 2137 1108 Cum
2171 1069 2293 1108 eum
2327 1069 2456 1125 ergo
2491 1062 2620 1109 tunc
2660 1069 2878 1124 quoque
2917 1054 3087 1123 judex
3133 1052 3212 1107 sic
3243 1052 3465 1107 vidisset
3496 1052 3582 1106 af-

2004 1144 2204 1200 fectum
2232 1156 2287 1201 et
2314 1161 2492 1220 neque
2516 1145 2679 1201 minis
2711 1147 3019 1206 cedentem.
3060 1161 3237 1214 neque
3271 1146 3577 1200 inescatum

2004 1234 2305 1301 blanditiis,
2377 1235 2648 1305 planeque
2692 1235 3114 1305 insuperabilem
3153 1243 3204 1290 et
3246 1234 3576 1305 inexpugna-

2004 1328 2190 1392 bilem,
2222 1344 2345 1383 cum
2379 1329 2427 1384 ei
2456 1339 2512 1384 et
2540 1329 2759 1386 duobus
2784 1329 2906 1385 aliis
2945 1345 3009 1384 ex
3046 1329 3151 1399 piis
3193 1329 3472 1396 injecisset
3501 1328 3582 1382 si-

2005 1421 2314 1490 gnaculum,
2342 1423 2507 1476 tradit
2531 1423 2586 1476 in
2614 1438 2892 1478 carcerem
2925 1422 3224 1492 publicum,
3251 1430 3310 1474 ut
3340 1421 3433 1490 qui
3461 1427 3584 1492 post

2003 1511 2252 1581 quintum
2289 1512 2434 1567 diem
2465 1513 2568 1569 iter
2604 1522 2793 1570 essent
2824 1513 3033 1568 inituri.
3056 1512 3195 1568 Cum
3229 1513 3446 1569 interim
3483 1529 3581 1567 au-

2007 1610 2116 1656 tem
2147 1603 2386 1658 venisset
2428 1603 2626 1660 festum
2672 1605 3006 1670 venerabile,
3045 1605 3278 1674 viviﬁci,
3325 1606 3582 1676 inquam,

2007 1696 2138 1766 ligni
2160 1698 2507 1755 exaltationis
2537 1699 2637 1771 (5).
2661 1708 2714 1754 et
2745 1699 2860 1770 ipse
2882 1700 3220 1755 admirabilis
3240 1699 3580 1764 Anastasius,

2002 1799 2058 1844 et
2085 1790 2194 1845 duo
2222 1807 2289 1846 ex
2320 1792 2601 1855 fratribus,
2631 1791 2725 1862 qui
2759 1792 2825 1847 ad
2851 1809 2975 1847 eum
3001 1799 3371 1853 accesserunt,
3405 1802 3460 1846 et
3487 1791 3580 1862 qui

2002 1884 2268 1947 eamdem,
2304 1899 2467 1953 quam
2513 1884 2625 1950 ille,
2683 1893 2868 1938 notam
2901 1884 3103 1954 judicis
3146 1891 3488 1953 acceperant,
3527 1892 3584 1938 et

2003 1977 2222 2046 quidam
2257 1976 2346 2031 alii
2383 1975 2483 2030 viri
2519 1976 2618 2047 pii.
2660 1977 2939 2047 quierant
2977 1975 3029 2030 in
3060 1976 3300 2040 civitate,
3339 1991 3462 2030 cum
3502 1985 3584 2028 to-

2005 2077 2112 2122 tam
2136 2067 2282 2122 illam
2315 2077 2529 2124 noctem
2564 2069 2937 2125 celebrassent
2967 2069 3218 2138 precibus
3259 2078 3313 2123 et
3342 2070 3582 2139 psalmo-

2002 2159 2127 2225 diis,
2160 2157 2478 2226 clIecerunt,
2526 2170 2586 2216 ut
2628 2162 2720 2231 qui
2768 2170 2926 2216 erant
2972 2162 3027 2216 in
3063 2176 3281 2218 carcere
3336 2160 3581 2216 omnium

2003 2268 2226 2316 suorum
2289 2253 2555 2310 malorum
2605 2255 3058 2310 obliviscerentur
3101 2272 3114 2309 :
3153 2253 3379 2324 perinde
3423 2269 3487 2307 ac
3534 2251 3579 2306 si

2002 2357 2353 2404 versarentur
2381 2347 2435 2402 in
2463 2347 2625 2403 domo
2658 2363 2846 2403 eorum
2871 2348 2960 2417 qui
2997 2347 3193 2402 festum
3219 2347 3580 2407 celebrarent,

2003 2452 2114 2491 non
2155 2437 2213 2491 iu
2235 2452 2476 2494 carcere.
2503 2435 2663 2493 Mane
2701 2454 2833 2494 vero
2863 2439 2928 2492 ad
2965 2437 3340 2492 Manabanam
3369 2436 3582 2505 ingres-

2005 2544 2100 2584 sus
2129 2529 2548 2590 Comcrciarius.
2575 2519 2658 2584 vir
2688 2530 2830 2600 pius,
2878 2538 2934 2585 et
2958 2529 3050 2599 qui
3095 2529 3305 2584 sciebat
3336 2527 3582 2582 misereri

2003 2621 2310 2675 animarum
2340 2620 2660 2675 aﬂ‘eetarum
2689 2622 2961 2686 molestia,
3004 2630 3061 2676 et
3093 2621 3361 2676 consolari
3403 2620 3457 2674 in
3503 2619 3587 2672 al-

2003 2711 2352 2777 ﬂictionibus,
2401 2722 2554 2783 rogat
2584 2713 2892 2783 pnesidem,
2921 2723 2980 2768 ut
3004 2730 3070 2768 ex
3095 2730 3314 2768 carcere
3342 2713 3585 2768 solvatur

2003 2802 2347 2868 Anastasius,
2384 2811 2444 2858 ut
2474 2803 2592 2874 ipse
2631 2803 2806 2874 possit
2838 2803 3106 2858 interesse
3136 2803 3277 2859 festo
3322 2802 3586 2858 Christia-

2006 2911 2222 2951 IIOHIﬂl.
2303 2913 2312 2916 ’
2349 2911 2366 2916 ’

2077 2987 2222 3042 XIX.
2243 2986 2380 3043 Cum
2405 2987 2494 3042 ille
2511 2987 2824 3044 autenrhoc
2851 2988 3236 3051 concessisset,
3267 2996 3322 3042 ct
3346 2985 3586 3042 venisset

326 3078 607 3151 μάρτυρος
633 3077 732 3151 τὴν
783 3078 1081 3151 ἔκκλησίαν
1117 3079 1534 3144 καταλαϐόντος,
1556 3081 1902 3154 παράκλησις

2007 3090 2211 3152 martyr
2239 3081 2293 3136 in
2323 3081 2633 3146 ecclesiam,
2661 3081 2982 3143 consolatio,
3024 3081 3280 3152 gaudium
3311 3090 3368 3136 et
3396 3080 3584 3136 laetit‘a

323 3174 447 3233 ταῖς
478 3171 587 3225 τῶν
631 3171 838 3225 πιστῶν
883 3171 1107 3243 ψυχαῖς,
1165 3171 1351 3244 ἡδονὴ,
1387 3173 1702 3245 φαιδρότης,
1751 3191 1908 3246 περι-

322 3264 515 3336 εχύθη.
545 3265 830 3336 Κατήφεια
846 3259 957 3336 γὰρ
976 3265 1173 3328 αὐτοὺς
1194 3261 1308 3336 εῐχε
1334 3263 1524 3338 πρώην
1553 3267 1650 3321 καὶ
1671 3267 1904 3337 ἀθυμία,

321 3357 413 3410 διὰ
442 3356 542 3426 τὴν
571 3356 678 3409 τῶν
705 3355 1000 3427 ἀμυθήτων
1036 3356 1278 3428 ἀνιαρῶν
1307 3357 1532 3414 ἐκείνων
1582 3360 1903 3430 ἀπαγωγήν.

324 3449 390 3500 Οί
425 3445 612 3500 πολλοὶ
638 3446 695 3501 δὲ
719 3446 819 3518 ήδη
866 3447 959 3501 καὶ
997 3446 1454 3519 κατερρᾳθύμουν
1481 3448 1580 3518 τῆς
1601 3447 1902 3516 εὐσεϐείας,

325 3543 417 3594 καὶ
448 3541 651 3596 ἁλῶναι
680 3543 804 3596 ὅσον
845 3541 1056 3597 οὐδέπω
1111 3545 1232 3606 ταῖς
1285 3542 1379 3596 τοῦ
1411 3543 1647 3614 πονηροῦ
1699 3545 1905 3614 πάγαις

327 3633 575 3696 ἐλεεινῶς
631 3633 988 3700 ἐκινδύνευον,
1048 3635 1122 3705 μὴ
1179 3633 1331 3695 θντος
1382 3633 1486 3706 ,τοῦ
1539 3635 1903 3705 λυτρουμένου

331 3725 464 3795 μηδὲ
494 3723 754 3789 σώζοντος
778 3764 794 3789 ,
847 3725 1026 3780 εῐτουν
1053 3725 1435 3790 διανιστῶντος
1469 3725 1652 3778 αὐτῶν
1682 3727 1778 3790 τὰς
1801 3726 1906 3796 ψυ-

329 3820 430 3888 χᾶς
460 3817 910 3883 καταπιπτούσας
935 3819 1031 3872 καὶ
1067 3818 1407 3888 ὴττωμένας.
1442 3819 1595 3872 Ἐπεὶ
1625 3817 1683 3872 δὲ
1705 3821 1733 3872 6
1763 3820 1904 3890 ίερὺς

338 3909 691 3972 Ἀναστάσιος
736 3909 856 3962 τότε
896 3910 996 3975 τὴν
1023 3909 1326 3980 ἐκκλησίαν
1368 3907 1626 3973 εἰσέλθοι,
1652 3909 1903 3974 τοσοῦτος

327 4003 576 4064 ἅπαντας
606 4001 766 4072 ζῆλος
796 4001 937 4071 ὑπὲρ
979 4001 1260 4064 εὐσεϐείας
1302 4001 1517 4066 είσέδυ,
1584 4001 1678 4054 καὶ
1730 3999 1904 4065 οὕτως

324 4093 422 4146 Ex:
434 4111 554 4158 στος
577 4094 758 4148 αὐτῶν
785 4095 879 4148 καὶ
905 4094 1014 4148 ἀπὸ
1049 4094 1215 4166 μόνης
1243 4095 1454 4148 ἐκείνου
1476 4097 1574 4166 τῆς
1607 4093 1782 4164 θψεῶς
1802 4094 1903 4166 τὴν

324 4187 554 4259 καρδίαν
582 4186 968 4259 διεθερμάνθη,
995 4187 1071 4250 ὠς
1113 4187 1188 4258 μὴ
1225 4188 1382 4258 μόνον
1417 4189 1613 4251 αὐτοὺς
1642 4188 1778 4259 πρρς
1811 4187 1903 4241 τὸν

329 4282 472 4350 ὑπὲρ
508 4279 746 4351 Χριστοῦ
793 4281 1012 4350 καὶτῆς
1065 4279 1322 4350 ἀληθείας
1377 4280 1901 4349 παρασκευάσασθαι

326 4373 577 4437 θάνατον,
609 4372 745 4427 ἀλλά
769 4373 954 4426 καὶτὰ
987 4373 1198 4426 ἐκείνου
1235 4372 1673 4441 καταφιλοῦντας
1700 4373 1898 4442 δεσμὰ,

2009 3173 2338 3228 circumfusa
2387 3173 2493 3229 fuit
2535 3174 2752 3244 piorum
2801 3173 3017 3228 animis.
3056 3171 3165 3227 Eos
3208 3174 3354 3228 enim
3409 3187 3587 3242 nuper

2009 3263 2284 3320 invaserat
2327 3265 2552 3320 tristitia
2593 3273 2650 3320 et
2691 3280 2913 3331 mceror,
2969 3273 3259 3335 propterea
3291 3266 3432 3334 quod
3464 3279 3587 3334 quae

2007 3354 2116 3410 dici
2147 3365 2454 3426 nequeunt,
2487 3356 2536 3412 ei
2574 3355 2951 3428 inﬂigerentur
2989 3357 3274 3412 molestiae.
3306 3356 3457 3411 Multi
3491 3373 3592 3410 au-

2008 3456 2120 3504 tem
2143 3449 2254 3518 jam
2293 3457 2451 3504 erant
2471 3450 2726 3505 socordes
2754 3450 2808 3504 in
2845 3450 3074 3520 pietate,
3115 3460 3170 3505 et
3200 3449 3490 3505 veniebant
3529 3449 3585 3504 in

2007 3539 2332 3610 periculum.
2345 3555 2416 3596 ne
2435 3541 2615 3597 statim
2635 3550 2964 3612 caperentur
2981 3541 3362 3597 miserabiliter
3378 3541 3591 3612 laqueis

2005 3631 2236 3696 inimici,
2261 3646 2386 3686 cum
2411 3648 2521 3687 non
2546 3643 2694 3688 esset
2721 3634 2815 3704 qui
2848 3633 3162 3698 redimeret,
3193 3648 3294 3687 nec
3321 3633 3412 3702 qui
3433 3632 3590 3687 daret

2005 3723 2268 3789 salutem,
2319 3738 2413 3780 seu
2462 3727 2698 3796 erigeret
2751 3727 3012 3782 cadentes
3069 3733 3126 3780 et
3173 3725 3346 3779 victas
3395 3738 3592 3778 eorum

2005 3816 2234 3872 animas.
2265 3816 2398 3872 Cum
2443 3834 2572 3873 vero
2612 3833 2772 3874 sacer
2808 3817 3130 3874 Anastasius
3163 3827 3292 3872 tunc
3321 3825 3467 3872 esset
3499 3815 3590 3870 in-

2005 3925 2223 3982 gressus
2246 3910 2550 3972 ecclesiam,
2573 3919 2756 3966 tantus
2783 3927 2880 3967 eos
2907 3911 3058 3965 zelus
3086 3911 3228 3965 subit
3257 3926 3356 3980 pro
3388 3911 3590 3980 pietate

2004 4012 2059 4058 et
2091 4002 2174 4057 vel
2199 4017 2265 4057 ex
2292 4002 2412 4057 solo
2436 4004 2556 4070 ejus
2580 4011 2800 4072 aspectu
2826 4004 2906 4058 sic
2930 4012 3016 4058 est
3043 4017 3139 4057 cur
3166 4016 3351 4056 eorum
3373 3999 3591 4054 inuam-

2006 4104 2237 4160 matum,
2275 4105 2331 4150 ut
2368 4109 2472 4148 non
2510 4096 2685 4150 Suluttt
2718 4096 2816 4165 ipsi
2849 4097 3026 4165 parati
3049 4101 3236 4150 essent
3256 4093 3322 4148 ad
3354 4099 3589 4146 mortem

2007 4203 2105 4258 pro
2144 4187 2364 4244 Christo
2389 4197 2442 4242 et
2473 4189 2674 4258 pietate
2713 4172 3077 4254 subeundam,
3115 4188 3212 4243 sed
3271 4187 3390 4258 ejus
3427 4185 3591 4241 etia‘It

2003 4279 2217 4334 vincula
2248 4279 2694 4336 deoscularentur
2725 4289 2808 4336 :et
2834 4281 3089 4336 desiderii
3109 4280 3370 4350 lacrymas
3401 4278 3481 4334 eis
3503 4277 3593 4332 in-

2003 4375 2290 4439 stillantes,
2329 4375 2378 4429 ei
2427 4375 2669 4430 animum
2705 4376 2970 4431 adderent
3015 4375 3264 4430 laudibus
3305 4384 3362 4428 et
3392 4374 3592 4428 adhor-

325 4469 422 4520 καὶ
449 4467 615 4520 πόθου
635 4466 867 4536 δάκρυον
890 4465 1076 4529 αὐτοῖς
1100 4463 1514 4528 ὲπιστάζοντας,
1545 4465 1894 4536 παραθαρρῦ-

2007 4467 2325 4530 tationibus.
2365 4467 2591 4538 ejusque
2637 4469 2807 4538 magis
2866 4468 3227 4524 accenderent
3283 4475 3338 4521 et
3378 4465 3591 4520 inﬂam-

325 4575 416 4612 ναι
444 4558 535 4611 τὸν
559 4556 724 4628 ἀνδρα
753 4560 865 4618 τοῖς
898 4557 1300 4628 ὑποφωνήμασι
1325 4556 1418 4610 καὶ
1451 4555 1784 4627 κελεύσμασι
1815 4558 1911 4610 καὶ

326 4652 449 4712 ταῖς
475 4648 790 4720 εὐφημίαις,
807 4649 900 4703 καὶ
920 4649 1264 4702 ὑπεκκαῦσαι
1291 4647 1490 4718 μᾶλλον
1510 4646 1660 4717 αὐτῷ
1681 4649 1772 4701 καὶ
1799 4647 1918 4700 δια-

325 4742 496 4813 νᾶυᾷαι
518 4742 612 4796 τοῦ
647 4743 949 4814 μαρτυρίου
984 4743 1074 4795 τὸν
1095 4741 1305 4810 ἐρωταο
1329 4741 1424 4794 καὶ
1453 4739 1626 4794 ταῦτα
1647 4741 1788 4803 τίνες
1819 4757 1834 4806 ;
1866 4739 1916 4793 oi

326 4836 422 4887 καὶ
456 4835 571 4893 ut,
595 4833 880 4901 ὲπςρείαις
903 4833 998 4886 καὶ
1023 4833 1163 4904 πρὸς
1185 4832 1486 4903 μετασολὴν
1529 4833 1631 4904 ήδη
1657 4833 1750 4886 καὶ
1780 4849 1918 4902 προ-

325 4924 509 4979 δοσίαν
539 4925 631 4980 τοῦ
653 4924 820 4979 καλοῦ
850 4924 1144 4996 βλέψαντες
1165 4964 1182 4988 ,
1213 4925 1314 4978 οὐκ
1343 4923 1535 4995 ἀνδρες
1567 4925 1746 4994 μόνον,
1772 4923 1909 4978 ἀλλὰ

325 5019 426 5072 καλ⁵
459 5021 716 5086 γυναῖκες
734 5035 751 5051 ο
788 5017 1006 5087 φύσεως
1033 5017 1144 5088 γὰρ
1171 5017 1272 5071 οὐκ
1299 5013 1370 5088 ἦν
1399 5016 1629 5070 ἐνταῦθα
1653 5015 1909 5089 διαφορὰ,

325 5112 416 5170 διὰ
470 5111 568 5183 τὴν
605 5111 887 5164 κοινωνίαν
940 5109 1040 5180 τῆς
1099 5109 1491 5181 προαιρέσεως.
1559 5107 1716 5162 Οὕτω
1743 5108 1904 5178 διπλῆ

325 5203 522 5272 γέγονε
555 5202 678 5256 τότε
707 5201 785 5273 τῷ
815 5201 1010 5272 πλήθει
1061 5201 1368 5272 πανήγυρις
1387 5241 1402 5268 ,
1451 5199 1513 5254 τὸ
1539 5200 1636 5271 μὲν
1687 5202 1755 5271 τῇ
1777 5216 1911 5271 προ-

328 5295 531 5366 θεσμίᾳ
564 5298 662 5367 τῆς
688 5295 900 5365 ἑορτῆς,
931 5294 991 5348 τὸ
1018 5295 1075 5348 δὲ
1096 5296 1159 5365 τῇ
1185 5295 1454 5366 ἐπιδημίᾳ
1476 5293 1570 5348 τοῦ
1608 5293 1902 5365 μάρτυρος.

328 5387 487 5442 Μετά
538 5387 720 5458 μέντοι
751 5388 851 5458 τὴν
881 5389 980 5459 τῆς
1013 5388 1165 5459 ἱερᾶς
1225 5387 1613 5458 μυσταγωγίας
1659 5384 1910 5456 συμπλή-

334 5496 500 5548 ρωσιν
523 5524 537 5547 ,
567 5481 659 5534 τοῦ
685 5480 1078 5552 κομερκιαρίου
1121 5479 1196 5550 μὴ
1225 5480 1482 5546 ἀνιέντος,
1513 5479 1646 5532 ἀλλά
1668 5478 1745 5542 τῷ
1769 5479 1909 5546 μάρ-

331 5589 454 5642 τ’)ρι
483 5573 724 5644 σφοδρῶς
749 5572 1092 5644 ἐγκειμένου,
1125 5571 1220 5627 καὶ
1253 5571 1611 5642 λιπαροῦντος
1670 5570 1760 5624 τοῦ
1815 5569 1907 5626 καὶ

408 5741 482 5802 ιῖι)
508 5738 643 5793 Nutu
667 5739 865 5795 festum
891 5737 1244 5794 Exaltationis
1283 5747 1482 5794 sanctae
1516 5733 1711 5792 crucis.

2011 4569 2226 4612 marent
2256 4572 2500 4612 amorem
2553 4559 2818 4626 martyrii.
2860 4558 2926 4611 Et
2974 4559 3093 4612 hzec
3131 4547 3351 4627 quidem
3398 4556 3591 4624 aliqui,

2013 4649 2106 4719 qui
2149 4649 2262 4719 jam
2295 4659 2454 4706 erant
2505 4648 2814 4704 labefactati
2866 4659 3107 4718 tempore
3137 4657 3188 4703 et
3220 4647 3592 4710 contumeliis,

2016 4749 2072 4794 et
2111 4739 2223 4811 jam
2261 4740 2584 4811 spectabant
2631 4735 2988 4793 mutationem
3014 4779 3029 4804 ,
3065 4748 3120 4794 et
3167 4739 3289 4808 ejus
3326 4737 3470 4808 quod
3509 4748 3596 4792 est

2021 4832 2312 4887 honestum
2347 4831 2732 4902 proditionem,
2781 4845 2890 4885 non
2925 4831 3100 4884 solum
3140 4831 3266 4894 viri,
3302 4832 3397 4886 sed
3427 4831 3594 4884 etiam

2018 4925 2298 4980 mulieres.
2353 4923 2568 4980 Naturae
2615 4924 2761 4978 enim
2813 4937 2924 4976 non
2977 4931 3064 4977 est
3111 4921 3200 4977 hic
3245 4914 3592 4984 dillerentia,

2009 5023 2295 5082 propterea
2325 5014 2468 5084 quod
2494 5015 2568 5068 sit
2593 5013 2908 5068 communis
2935 5011 3132 5066 electio
3164 5022 3221 5066 et
3257 5012 3589 5066 institutum.

2013 5103 2107 5161 Sic
2145 5113 2274 5160 tunc
2299 5105 2399 5160 fuit
2430 5105 2628 5176 populo
2653 5105 2852 5160 festum
2883 5102 3123 5174 duplex:
3155 5118 3325 5157 unum
3371 5102 3591 5172 quidem

2011 5196 2118 5252 dici
2158 5196 2442 5266 praeﬁniti,
2493 5196 2726 5252 alterum
2771 5206 2954 5252 autem
3000 5195 3270 5251 adventus
3313 5193 3589 5264 martyris.

2011 5289 2144 5344 Nam
2191 5297 2478 5360 postquam
2531 5305 2744 5344 sacrum
2801 5290 3021 5360 quidem
3093 5287 3196 5343 luit
3252 5286 3590 5342 celebratum

2010 5383 2349 5454 mysterium,
2380 5382 2746 5438 Comerciario
2781 5397 2892 5437 non
2929 5381 3271 5444 dimittente,
3309 5377 3406 5432 sed
3446 5391 3592 5429 mar-

2009 5484 2180 5547 tyrem
2207 5475 2564 5531 vehementer
2593 5484 2820 5547 urgente
2855 5483 2912 5529 et
2950 5482 3199 5544 rogante,
3247 5480 3307 5524 ut
3336 5468 3402 5522 ad
3443 5467 3588 5521 illius

2011 5569 2233 5625 domum
2267 5567 2477 5624 veniret
2507 5585 2518 5621 :
2556 5568 2779 5638 putabat
2807 5567 2952 5623 enim
2986 5566 3070 5620 vel
3097 5565 3268 5620 solum
3309 5561 3455 5616 illius
3491 5559 3587 5612 ad-
