3832 6466
244 411 350 474 803

1469 405 1750 468 MENSIS
1789 405 2248 470 JANUARIUS.

3389 402 3498 468 806

245 533 465 590 praeses;
500 517 632 573 mihi
669 515 946 587 enim,qui
981 531 1099 570 sum
1131 515 1234 570 mei
1265 515 1466 571 Christi
1495 518 1662 588 gratia
1689 532 1822 573 con-

1935 518 2228 588 ἀποστῆναι
2297 516 2394 587 τῆς
2428 515 2732 579 εὐσεϐείας·
2760 513 2902 568 ποίει
2935 513 3222 585 τοιγαροῦν
3246 513 3282 568 δ.
3307 513 3506 585 βούλει.

243 614 512 676 firmatus,
564 626 671 664 non
709 609 1062 680 persuadebis
1105 618 1166 663 ut
1225 624 1253 663 a
1291 610 1490 680 pietate
1537 609 1818 677 deficiam,

242 704 328 760 fac
357 720 486 775 ergo
516 719 857 772 quzecunque
883 703 985 766 vis,
1017 719 1046 756 a
1077 702 1228 756 nullo
1263 702 1564 757 abstinens.

313 795 501 849 XXIII.
552 793 702 847 lianc
737 793 1006 846 Anastasii
1058 810 1181 847 cum
1231 793 1519 863 prudentia
1565 802 1822 849 constan-

245 889 372 944 tiam
424 889 567 942 nulla
620 885 922 940 moderatio
971 887 1186 956 excepit
1216 897 1309 939 aut
1343 887 1673 944 humanitas.
1726 886 1821 940 sed

244 982 459 1034 vinctus
516 995 663 1034 inore
706 979 926 1033 Persico
956 979 1120 1047 virgis
1162 978 1472 1032 caedebatur
1505 979 1820 1033 crudeliter.

243 1073 377 1126 Cum
417 1073 461 1125 is
491 1080 672 1124 autem
702 1071 1104 1132 vt-rberaretur,
1141 1069 1255 1123 haec
1302 1069 1622 1122 decantabat
1657 1069 1821 1139 uagi—

244 1173 495 1216 slratus:
545 1162 683 1216 Cum
741 1162 994 1215 maximis
1039 1162 1179 1229 regis
1225 1165 1381 1215 donis
1426 1172 1480 1216 et
1525 1162 1822 1216 honoribus

249 1253 560 1321 persuaderi
616 1268 723 1305 non
769 1253 1114 1306 sustinueris.
1168 1252 1234 1305 ad
1283 1251 1399 1306 lta'c
1449 1253 1524 1305 sis
1565 1251 1823 1321 duint-ops

246 1357 486 1418 paratus.
523 1346 610 1399 Sic
637 1346 780 1399 enim
812 1355 863 1400 te
885 1345 1125 1414 quotidie
1158 1345 1472 1403 verberans.
1505 1360 1819 1399 consumam

247 1440 436 1508 plagis.
477 1438 570 1492 llle
619 1447 801 1492 autem
844 1453 966 1490 cum
1001 1453 1126 1490 eum
1173 1437 1385 1506 jnberet
1438 1453 1646 1502 rursus,
1703 1453 1823 1507 qua:

246 1533 408 1586 vellet
443 1531 638 1593 facere,
663 1530 819 1598 jnliet
853 1529 1072 1598 martyri
1108 1529 1345 1584 relaxato
1373 1545 1400 1583 a
1427 1529 1678 1592 vinculis,
1699 1546 1820 1584 cum

245 1633 505 1676 extensus
528 1631 670 1675 essm
688 1622 934 1688 supinus,
959 1620 1117 1688 lignis
1143 1621 1348 1674 medias
1368 1621 1614 1690 intercipi
1641 1622 1821 1687 tibias,

248 1725 474 1782 utraque
516 1725 696 1767 autem
729 1729 918 1767 eorum
961 1725 1204 1768 extrema
1243 1730 1491 1785 premere
1535 1717 1678 1770 viros
1725 1717 1825 1770 ali-

245 1815 378 1875 qnot
436 1807 710 1869 robustos,
757 1807 849 1875 qui
905 1816 959 1860 et
1007 1822 1296 1877 corporum
1352 1808 1724 1879 magnitudine
1768 1817 1823 1864 et

246 1899 422 1952 a'latis
441 1899 623 1968 vigore
655 1907 994 1968 praestarent.
1020 1899 1217 1971 Martyr
1241 1909 1422 1954 autem
1449 1918 1572 1956 cum
1605 1902 1685 1956 sic.
1706 1903 1826 1972 ejus

249 1991 394 2046 tibiae
428 2000 804 2060 premerentur
836 2006 1008 2061 usque
1031 1991 1096 2045 ad
1127 2007 1271 2056 ossa,
1307 2008 1503 2062 magno
1526 2003 1578 2047 et
1610 1993 1827 2049 excelso

247 2086 429 2138 animo
451 2094 505 2139 et
529 2086 687 2155 plane
717 2087 1090 2156 philosophice
1114 2087 1399 2142 tolerabat.
1424 2087 1577 2154 Quod
1609 2089 1825 2159 quidem

248 2193 372 2231 cum
415 2178 640 2232 vitliSset
685 2179 1028 2249 magistratus
1051 2219 1066 2242 ,
1113 2189 1168 2235 et
1201 2181 1548 2252 cognovisset
1577 2197 1636 2237 se
1667 2199 1732 2238 ex
1761 2198 1826 2238 co

251 2269 422 2339 magis
449 2285 649 2340 augere
679 2271 800 2340 ejus
832 2273 1109 2340 patientia:
1151 2283 1207 2328 et
1242 2274 1544 2330 tolerantiae
1575 2285 1828 2330 constan-

251 2363 404 2423 tiam,
434 2378 628 2418 rursus
676 2364 727 2416 in
768 2364 1093 2418 tutissimam
1129 2379 1251 2419 eum
1305 2367 1466 2421 tradit
1505 2368 1825 2432 custodiam,

251 2461 310 2506 ut
342 2453 408 2506 de
441 2468 506 2507 eo
552 2467 745 2507 rursus
787 2453 1015 2508 referret
1050 2455 1116 2509 ad
1158 2471 1359 2526 regem.
1398 2456 1534 2512 Cum
1567 2460 1612 2512 is
1645 2466 1827 2514 autem

249 2544 336 2598 cui
369 2545 825 2619 eratcotnmissa
880 2561 1009 2600 cura
1056 2548 1324 2612 carceris,
1372 2549 1641 2616 scllarius,
1683 2559 1831 2606 esset

251 2637 513 2708 religione
554 2637 918 2704 Christianus,
955 2647 1010 2693 et
1055 2640 1182 2695 ideo
1215 2656 1404 2696 eorum
1453 2643 1826 2712 misereretur,

248 2729 341 2798 qni
393 2745 488 2798 pro
520 2729 720 2798 pietate
753 2730 1070 2785 laborabant
1107 2741 1163 2786 et
1209 2747 1274 2786 eo
1319 2734 1461 2803 quod
1493 2745 1576 2790 est
1623 2735 1829 2792 bonum

250 2831 304 2874 et
331 2822 648 2887 honestum,
679 2831 734 2875 et
755 2821 856 2886 eis,
883 2823 974 2891 qui
995 2823 1195 2877 vellent
1221 2839 1290 2878 ex
1319 2824 1664 2888 Christianis.
1695 2844 1830 2884 con-

251 2911 470 2966 cederet
519 2911 853 2983 ingressum,
915 2915 1154 2969 interdiu
1194 2916 1508 2988 ingrediens
1555 2919 1675 2975 sine
1721 2920 1830 2976 ulla

253 3004 620 3073 prohibitione
670 3004 838 3058 frater
882 3008 1238 3072 monasterii,
1283 3009 1373 3078 qui
1416 3025 1540 3064 cum
1590 3021 1828 3083 martyre

251 3096 486 3149 solverat
531 3113 595 3151 ex
630 3096 904 3162 Caesarea,
949 3099 1336 3155 consolabatur
1383 3101 1528 3156 illam
1581 3119 1827 3175 asperam

1925 611 2153 681 μηδενὸς
2177 609 2356 665 αὐτῶν
2381 610 2742 680 ἀπεχόμενος.

1993 794 2121 848 Kl".
2150 792 2366 862 Ταύτην
2397 791 2748 845 ’Δναστασίον
2791 793 2890 863 τὴν
2927 791 3066 862 μετά
3111 791 3384 855 συνέσεως
3409 793 3494 848 ἐν·

1926 903 2114 938 στασιν
2143 883 2384 947 ἐπιεικὲς
2408 884 2560 937 οὐδὲν
2583 885 2614 954 ἢ
2643 883 3026 954 φιλάνθρωπον
3054 885 3346 955 διεδέχετο,
3370 885 3511 940 ἀλλά

1930 974 2182 1044 Περσικῷ
2215 975 2400 1044 τρόπῳ
2431 974 2604 1037 δεθεὶς
2639 974 2855 1046 ῥάϐδοις
2884 976 3129 1044 ἀνηλεῶς
3154 977 3507 1050 κατῃκίζετο.

1924 1067 2257 1136 Τυπτομένῳ
2291 1068 2345 1120 δὲ
2388 1067 2538 1138 αὐτῷ
2588 1067 2814 1121 τοιαῦτα
2878 1069 2973 1122 καὶ
3012 1070 3040 1122 6
3066 1072 3249 1142 ἄρχων
3287 1073 3509 1142 ἐπῇδενο

1927 1156 2059 1221 Ταῖς
2092 1158 2373 1227 μεγίσταις
2401 1159 2492 1212 τοῦ
2528 1159 2793 1230 βασιλέως
2830 1163 3017 1230 τιμαῖς
3062 1178 3121 1214 τε
3151 1164 3243 1216 καὶ
3277 1163 3512 1233 δωρεαῖς

1927 1249 2216 1318 πεισθῆναι
2243 1252 2316 1319 μὴ
2342 1251 2735 1320 ἀνασχόμενος,
2770 1251 2905 1322 πρὸς
2931 1251 3156 1304 τοιαῦτα
3188 1253 3282 1305 τοῦ
3317 1253 3508 1306 λοιποῦ

1926 1342 2341 1411 παρεσκεύασο·
2394 1341 2536 1394 οὕτω
2591 1342 2699 1413 γάρ
2742 1360 2798 1395 σε
2853 1343 3072 1395 τύπτων
3117 1343 3238 1396 καθ’
3269 1345 3512 1411 ἑκάστην

1925 1433 2157 1501 ἡμέραν,
2199 1436 2319 1494 ταῖς
2351 1433 2588 1502 πληγαῖς
2620 1433 2903 1488 άναλώσω.
2933 1435 3040 1486 Τοῦ
3071 1435 3127 1486 δέ
3159 1436 3252 1486 καὶ
3287 1436 3450 1488 πάλιν
3476 1437 3516 1490 ἃ

1926 1524 2166 1596 βούλοιτο
2200 1528 2371 1578 ποιεῖν
2416 1527 2826 1595 ἐπιτρέποντος,
2878 1527 3090 1579 κελεύει
3143 1528 3251 1580 τῶν
3297 1527 3516 1595 ὂεσμιῖν

1924 1616 2183 1670 ἀνεθέντα
2221 1617 2312 1670 τὸν
2346 1617 2632 1688 μάρτυρα,
2667 1618 2856 1672 ῦπτιόν
2884 1636 2942 1671 τε
2971 1618 3314 1683 διαταθέντα,
3337 1619 3520 1684 ξύλοις

1922 1712 2020 1772 τας
2052 1712 2267 1780 κνήμας
2319 1711 2483 1781 μέσον
2528 1709 2944 1781 ἀποληφθῆναιο
2975 1713 3213 1783 ἑκατέρᾳ
3233 1712 3284 1765 δὲ
3307 1713 3519 1767 τούτων

1923 1801 2070 1872 ἄκρᾳ
2109 1803 2388 1869 γενναίους
2411 1801 2562 1864 τινάς
2598 1801 2895 1871 ἐπιστῆναι
2944 1803 3145 1873 ἄνδρας
3196 1803 3415 1873 μεγέθει
3453 1819 3518 1856 τε

1929 1894 2194 1963 σωμάτων
2217 1895 2310 1945 καὶ
2342 1893 2556 1964 ἡλικίας
2587 1895 2739 1964 ἀκμῇ
2775 1893 3156 1966 διαφέροντας.
3202 1896 3259 1948 '0
3289 1895 3345 1949 δέ
3371 1895 3518 1966 μάρ-

1925 2001 2044 2047 τυς,
2077 1985 2171 2037 κα)⁸
2200 1983 2463 2047 τοιούτοις
2519 1986 2793 2056 πιέσμασι
2831 1987 3025 2057 μέχρις
3077 1985 3286 2040 όστέων
3331 1986 3518 2040 αἰτῶν

1924 2078 2024 2139 τὰς
2054 2078 2268 2144 κνήμας
2284 2074 2734 2151 ἀποθλιϐόμενος,
2775 2078 3168 2150 μεγαλοψύχως
3197 2079 3278 2132 ἔτι
3313 2078 3519 2149 μᾶλλον

1927 2171 2022 2224 καὶ
2055 2169 2362 2239 φιλοσόφως
2393 2169 2775 2242 διεκαρτέρει·
2808 2173 2945 2243 ὅπερ
2982 2173 3010 2226 6
3040 2172 3224 2244 ἄρχων
3249 2170 3398 2238 ιδὼν,
3421 2171 3519 2227 καὶ

1926 2263 2090 2332 γνούς
2121 2263 2199 2326 ὡς
2244 2262 2506 2317 ἐπιτείνει
2549 2264 2750 2334 μᾶλλον
2782 2265 2932 2336 αὐτῷ
2982 2265 3081 2335 τῆς
3114 2265 3392 2336 ὑπομονῆς
3427 2267 3518 2317 ἐν·

1925 2355 2114 2409 τεῦθεν
2137 2358 2231 2410 καὶ
2255 2359 2557 2428 καρτερίας
2584 2358 2643 2410 τὸ
2680 2357 2932 2412 σύντονον
2960 2399 2975 2423 ,
3009 2359 3395 2430 ἀσφαλεστάτη
3419 2357 3520 2412 καὶ

1927 2449 2089 2504 πάλιν
2119 2449 2284 2502 αὐτὸν
2315 2450 2530 2520 φρουρᾷ
2562 2449 2779 2503 δίδωσιν
2801 2467 2817 2482 ο
2866 2449 3009 2503 ὥστε
3035 2449 3112 2521 τῷ
3141 2449 3353 2521 βασιλεῖ
3385 2454 3518 2521 περὶ

1925 2542 2116 2596 τούτου
2147 2543 2240 2595 καὶ
2261 2541 2416 2606 αὖθις
2451 2545 2785 2612 ἀνενεγκεῖν.
2821 2543 2929 2597 Τοῦ
2966 2543 3106 2597 δὲτὸ
3134 2543 3519 2615 δεσμωτήριον

1928 2633 2404 2704 ἐπιτετραμμένον
2466 2634 2752 2704 σελλαρίου
2835 2633 3169 2705 Χριστιανοῦ
3234 2635 3296 2688 τὸ
3351 2635 3520 2698 σέϐας

1930 2725 2298 2798 ὑπάρχοντος,
2337 2725 2436 2778 καὶ
2473 2727 2624 2798 παρά
2653 2725 2811 2779 τοῦτο
2847 2728 3130 2796 συναλγεῖν
3152 2726 3368 2799 ἔχοντος
3393 2726 3521 2796 φιλο

1929 2819 2228 2890 ανθρώπως
2260 2822 2372 2881 τοῖς
2409 2819 2548 2891 ὐπέρ
2587 2819 2872 2882 εὐσεϐείας
2912 2821 3006 2874 καὶ
3052 2820 3148 2874 τοῦ
3202 2820 3372 2874 καλοῦ
3422 2822 3523 2876 κάο

1933 2929 2125 2984 μνουσι
2149 2952 2164 2976 ,
2194 2912 2286 2965 καὶ
2334 2910 2676 2982 Χριστιανῶν
2701 2910 2780 2980 τῷ
2820 2910 3132 2983 βουλομένῳ
3151 2915 3250 2983 τῆς
3305 2911 3518 2966 εἰσόδου

1931 3002 2397 3077 παραχωροῦντος
2427 3015 2446 3032 ⁸
2477 3003 2668 3057 εἰσιὼν
2719 3003 2848 3074 παρ’
2882 3004 3096 3075 ἡμέραν
3133 3005 3162 3058 6
3208 3005 3307 3076 τῆς
3350 3005 3524 3077 μονῆς

1930 3099 2160 3168 ἀδελφὸς
2184 3098 2501 3162 ἀκωλύτως,
2526 3100 2554 3152 6
2593 3097 2686 3152 καὶ
2715 3100 3038 3170 συναπάρας
3083 3100 3147 3153 ἐκ
3178 3100 3523 3171 Καισαρείας

251 3195 306 3239 et
340 3193 530 3238 tetram
565 3185 616 3239 in
644 3201 862 3240 carvere
889 3188 1299 3258 habitationem,
1324 3201 1380 3246 et
1405 3208 1542 3263 quos
1559 3212 1621 3248 ex
1655 3196 1825 3269 plagis

1935 3192 2008 3265 τῷ
2041 3194 2301 3263 μάρτυρι,
2336 3191 2398 3244 τὸ
2427 3190 2663 3261 σκληρὸν
2689 3191 2945 3257 καθάπαξ
2981 3193 3159 3245 ἐκεῖνο
3198 3193 3293 3246 καὶ
3323 3192 3522 3261 ἄφιλον

253 3285 502 3329 senserat
559 3276 793 3339 dolores,
859 3287 912 3333 et
949 3293 1084 3349 quas
1111 3294 1180 3334 ex
1218 3281 1449 3338 vinculis
1479 3293 1532 3338 et
1569 3285 1671 3339 alia
1713 3302 1830 3342 ma-

256 3367 429 3420 lorum
461 3367 815 3436 perpessione
852 3381 1138 3436 acceperat
1167 3371 1463 3429 molestias.
1504 3375 1651 3430 Multi
1701 3394 1832 3448 quo-

253 3473 360 3526 quc
406 3457 492 3510 alii
538 3459 636 3511 viri
683 3460 780 3528 pii,
813 3476 934 3515 cum
967 3462 1166 3530 quibus
1205 3463 1348 3518 illius
1389 3480 1607 3536 quoque
1653 3466 1830 3524 lesdin

257 3551 346 3604 lilii
382 3553 444 3605 :nl
473 3568 596 3606 enm
624 3555 1006 3624 ingredientes.
1025 3557 1090 3610 ad
1123 3557 1399 3627 speciosos
1423 3561 1542 3629 ejus
1572 3562 1758 3632 pedes,
1776 3571 1833 3618 et

257 3645 396 3696 bona
425 3656 613 3713 aperte
641 3648 1099 3718 evangelizantes,
1138 3651 1493 3719 procidebant
1526 3661 1582 3708 et
1615 3655 1833 3711 vincula

255 3738 716 3792 deosculabantur
748 3750 803 3794 et
829 3743 1112 3812 rogabant.
1157 3753 1215 3798 ut
1245 3745 1314 3799 ab
1343 3760 1410 3800 eo
1450 3748 1660 3817 aliquas
1698 3765 1833 3803 con-

256 3840 617 3897 sequerentur
644 3848 835 3900 preces
857 3843 913 3888 et
949 3834 1378 3892 benetlictiones.
1411 3837 1546 3894 Cum
1580 3841 1625 3895 is
1652 3850 1832 3897 autem

260 3922 372 3973 haec
396 3927 620 3975 omnino
653 3925 876 3979 tninime
905 3926 1216 3983 admitteret
1251 3929 1362 4001 (ille
1383 3931 1527 3984 enim
1555 3941 1666 3988 toto
1693 3950 1834 3988 sem-

261 4029 354 4081 per
383 4015 564 4069 animo
591 4027 640 4068 et
663 4028 864 4082 mente,
892 4018 1143 4074 humanae
1177 4022 1378 4091 glorize,
1407 4023 1588 4092 hujus,
1616 4025 1832 4096 inquam

258 4123 430 4162 vanze.
447 4116 501 4160 et
524 4106 725 4171 infidae,
753 4119 807 4163 et
822 4109 1047 4175 fallacis,
1071 4123 1124 4166 et
1143 4129 1262 4183 qua:
1283 4115 1420 4169 nihil
1440 4117 1602 4172 habet
1619 4118 1830 4176 firmum

256 4211 319 4250 ac
353 4198 567 4260 stabile,
602 4201 882 4255 resecabat
925 4203 1286 4275 occasiones).
1312 4207 1414 4276 ipsi
1458 4193 1688 4265 vinculis
1743 4228 1833 4268 ce-

257 4302 372 4341 ram
401 4289 775 4349 imtnittentes.
798 4307 921 4363 qua:
944 4310 1008 4349 ex
1026 4295 1129 4350 illis
1153 4298 1559 4367 exprimebatur
1577 4302 1830 4374 elllgiem,

257 4387 512 4449 tanquam
551 4384 846 4438 maximum
881 4385 1100 4456 aliquod
1149 4390 1448 4445 remedium
1491 4401 1546 4447 et
1591 4394 1828 4451 salutare

254 4472 321 4524 ad
358 4487 576 4529 omnem
616 4477 867 4532 morbum
903 4487 958 4533 et
995 4479 1238 4536 dolorem
1275 4483 1595 4538 solvendum
1631 4485 1829 4543 edere-

255 4565 404 4620 bant.

328 4657 516 4715 XXIV.
557 4660 676 4716 Non
708 4663 939 4718 multum
977 4666 1240 4735 temporis
1270 4666 1602 4733 intercessit,
1632 4681 1688 4727 et
1715 4689 1836 4728 rur-

253 4767 350 4805 sus
379 4753 606 4808 veniens
636 4754 727 4809 ille
757 4755 1110 4827 magistratus
1141 4759 1194 4811 in
1221 4760 1546 4824 custodiam,
1573 4777 1642 4817 an
1668 4765 1837 4833 jussis

255 4843 478 4898 cederet
536 4845 738 4917 regiis,
785 4846 993 4901 frustra
1056 4848 1461 4921 interrogabat.
1509 4861 1604 4908 aut
1651 4855 1836 4924 potius

253 4951 506 5004 quaerens
535 4937 884 4992 occasionem
919 4940 1255 5008 gratiﬁcandi
1307 4943 1494 4997 animo
1529 4945 1836 5000 crudelissi-

259 5043 368 5090 tuo,
404 5029 496 5097 qui
548 5043 740 5098 pmuas
786 5030 1040 5098 cupiebat
1091 5047 1332 5087 sumere.
1364 5032 1501 5088 Cum
1553 5040 1601 5089 ls
1652 5046 1832 5092 autem

255 5134 364 5173 non
397 5134 588 5188 parum
619 5136 760 5192 aegre
794 5120 1009 5175 tulisset
1031 5125 1516 5195 interrogationem
1548 5137 1603 5182 et
1638 5139 1835 5198 magna

254 5211 610 5265 contentione
640 5219 695 5265 et
740 5213 985 5268 motione
1016 5215 1210 5284 capitis
1241 5217 1291 5270 id
1325 5217 1465 5287 quod
1497 5233 1641 5290 szepe
1685 5221 1837 5277 dixe-

257 5312 358 5367 rat,
390 5319 536 5358 nunc
564 5319 781 5374 quoque
813 5306 1184 5371 respondisset
1210 5325 1224 5362 :
1252 5310 1400 5364 Scito
1431 5325 1516 5364 me
1540 5309 1757 5368 Christo
1782 5324 1833 5371 et

256 5395 445 5466 pietati
497 5395 630 5449 nihil
682 5411 803 5450 esse
847 5397 1226 5466 praelaturum,
1270 5401 1427 5471 jubet
1475 5418 1598 5456 eum
1646 5417 1836 5460 rursus

253 5503 472 5557 quoque
504 5488 752 5543 clavibus
800 5489 1106 5553 verberari.
1137 5493 1278 5549 sicut
1321 5495 1491 5564 prius.
1524 5495 1659 5551 Cum
1707 5513 1836 5554 vero

255 5581 358 5634 viri
390 5590 624 5636 statuam
656 5583 838 5652 potius
863 5599 1024 5653 quam
1054 5585 1227 5639 virum
1275 5587 1374 5640 visi
1408 5597 1594 5643 essent
1629 5591 1837 5644 verbe—

258 5687 400 5733 rare,
434 5681 698 5741 quantum
735 5675 888 5730 licuit
928 5677 1202 5744 conjicere
1254 5667 1315 5731 ex
1353 5694 1441 5743 eo,
1506 5681 1648 5746 quod
1691 5693 1838 5737 esset

253 5765 374 5833 ejus
408 5767 621 5820 animus
654 5770 812 5837 plane
843 5771 1181 5835 inllexrbilis,
1211 5789 1276 5826 co
1306 5774 1523 5842 quidem
1558 5776 1744 5829 relicto
1780 5776 1836 5830 in

257 5860 523 5924 custodia,
557 5863 757 5917 reredit
788 5865 1173 5936 magistratus;
1209 5875 1258 5920 ct
1293 5867 1499 5936 aliquot
1531 5867 1830 5937 interjectis

1933 3287 2034 3355 τῆς
2065 3286 2122 3336 ἐν
2141 3282 2219 3354 τῷ
2241 3282 2600 3355 δεσμωτηρίῳ
2626 3283 2925 3354 διαγωγῆς,
2953 3289 3052 3348 τάς
3075 3301 3135 3338 τε
3161 3285 3268 3338 τῶν
3292 3286 3522 3356 πληγῶν

1930 3374 2146 3438 ὀδύνας,
2182 3373 2277 3426 καὶ
2307 3374 2405 3444 τὴν
2434 3373 2540 3427 ἀπὸ
2573 3376 2682 3428 τῶν
2713 3375 2930 3445 δεσμῶν
2960 3378 3054 3430 καὶ
3093 3379 3190 3448 τῆς
3215 3377 3384 3448 ἄλλης
3415 3397 3523 3432 κα-

1932 3468 2227 3532 κοπαθείας
2249 3470 2614 3540 στενοχωρίαν
2676 3471 3064 3541 παρεμυθεῖτοᾼ
3107 3473 3296 3526 Πολλοὶ
3325 3473 3381 3528 δὲ
3425 3476 3522 3527 καὶ

1931 3559 2082 3614 ἄλλοι
2104 3560 2212 3612 τῶν
2238 3559 2501 3624 εὐσεϐῶν,
2531 3558 2649 3630 μεθ’
2668 3551 2744 3613 ῶν
2775 3562 2867 3614 καὶ
2895 3563 2944 3614 οἱ
2977 3562 3070 3615 τοῦ
3100 3561 3286 3616 Ἰεσδὶν
3307 3563 3520 3616 ἐκείνου

1933 3653 2063 3713 υἱοὶ,
2083 3653 2214 3721 πρός
2236 3653 2398 3705 αὐτὸν
2420 3651 2712 3716 εἰσιόντες,
2733 3654 2858 3706 ποσί
2883 3671 2940 3706 τε
2967 3653 3131 3706 αὐτοῦ
3155 3657 3265 3716 τοῖς
3286 3654 3521 3726 ὡραίοις

1933 3745 2028 3799 καὶ
2049 3743 2226 3812 ἀγαθά
2250 3745 2435 3814 σαφῶς
2466 3744 2977 3816 εύαγγελιζομένοις
3004 3748 3398 3817 προσέπιπτον,
3426 3749 3524 3801 καὶ

1932 3841 2000 3891 τα
2029 3837 2203 3907 δεσμά
2227 3836 2574 3905 κατεφίλουν,
2623 3837 2715 3891 καί
2769 3855 2916 3902 τινος
2942 3837 3072 3910 παρ’
3119 3839 3285 3892 αὐτοῦ
3335 3843 3521 3913 τυχεῖν

1934 3929 2100 3999 εὐχῆς
2143 3945 2200 3980 τε
2235 3928 2329 3980 καὶ
2379 3929 2628 3997 εὐλογίας
2660 3929 2889 3984 ἐδέοντο.
2940 3930 3046 3984 Τοῦ
3076 3932 3133 3984 δὲ
3182 3932 3318 4004 πρὸς
3347 3931 3521 3985 ταῦτα

1934 4025 2027 4075 καὶ
2076 4020 2195 4074 λίαν
2226 4020 2623 4094 ἀπαραδέκτως
2697 4021 2931 4091 ἔχοντος.
2980 4022 3095 4097 (ὅλῃ
3149 4023 3258 4095 γὰρ
3313 4025 3520 4088 ἐκεῖνος

1933 4112 2019 4165 ἀεὶ
2050 4112 2140 4165 καὶ
2177 4111 2402 4182 γνώμης
2428 4114 2522 4165 καὶ
2547 4111 2726 4182 ψυχῆς
2753 4113 3012 4183 προθέσει
3043 4115 3139 4184 τῆς
3166 4113 3521 4186 ἀνθρωπίνης

1932 4203 2113 4273 δόξης,
2142 4205 2238 4274 τῆς
2263 4203 2425 4274 κενῆς
2442 4204 2506 4276 δὴ
2529 4205 2734 4277 ταύτης
2756 4205 2848 4258 καλ⁵
2871 4205 3098 4258 ἀπίστου
3130 4209 3220 4260 καὶ
3253 4206 3524 4276 ψευδομέ-

1934 4313 2032 4366 νης
2074 4297 2169 4350 καὶ
2227 4295 2381 4349 οὐδὲν
2411 4296 2640 4367 ἐχούσης
2665 4297 2939 4369 ἀληθινὸν,
2963 4299 3061 4360 τὰς
3088 4300 3341 4369 ἀφορμὰς
3374 4317 3445 4352 πα
3458 4314 3518 4368 ρ-

1931 4389 2175 4462 έκοπτε),
2207 4391 2358 4443 αὐτοὶ⁵
2388 4391 2557 4460 κηρὸν
2583 4394 2689 4453 τοῖς
2733 4391 2951 4462 δεσμοῖς
2999 4392 3400 4458 ἐπιῦάλλοντες,
3456 4391 3520 4446 τὸ

1936 4481 2147 4535 ἐκεῖθεν
2180 4483 2482 4553 ἐκτύπωμα
2526 4481 2600 4544 ὣς
2631 4501 2684 4536 τι
2729 4483 2985 4554 μέγιστον
3016 4484 3387 4554 φυλακτήριον
3422 4485 3518 4538 καὶ

1859 4564 1912 4625 Ι)
1939 4575 2188 4643 καμάτου
2216 4575 2411 4637 παντὸς
2435 4577 2530 4628 καὶ
2563 4573 2766 4638 πάθους
2792 4573 3047 4646 λυτήριον
3061 4577 3406 4646 ἐκομίζοντο.

2008 4668 2134 4721 KA'.
2166 4667 2242 4720 Οὐ
2264 4666 2398 4720 πολύ
2429 4667 2488 4720 τὸ
2514 4668 2572 4719 ἐν
2605 4665 2757 4738 μέσῳ
2787 4668 2883 4720 καὶ
2913 4669 3076 4724 πάλιν
3096 4671 3321 4734 ἐπιστὰς
3351 4671 3379 4723 6
3414 4669 3516 4740 ἄρ-

1935 4776 2047 4827 χων
2077 4760 2142 4829 τῇ
2173 4759 2408 4830 φυλακῇ,
2441 4759 2490 4812 εί
2515 4761 2628 4822 τοῖς
2657 4757 2752 4812 τοῦ
2797 4759 3063 4830 βασιλέως
3107 4759 3244 4815 είκοι
3275 4763 3517 4834 προστά-

1935 4866 2142 4920 γμασιν
2172 4851 2253 4913 εἰς
2303 4852 2460 4906 κενὸν
2486 4851 2673 4923 ἠρώτα
2693 4891 2709 4916 ,
2749 4852 2783 4922 ἢ
2835 4852 3036 4921 μᾶλλον
3067 4855 3322 4925 ἀφορμάς
3351 4853 3520 4926 ἐκζη-

1934 4942 2065 5006 τῶν,
2106 4942 2364 5014 ὠμοτάτῃ
2406 4942 2552 5014 ψυχῇ
2591 4943 2911 5014 χαρίζεσθαι
2949 4944 3201 5007 κολάζειν
3229 4947 3516 5019 ἐφιεμένη.

1937 5033 2044 5088 Τοῦ
2067 5035 2124 5088 δὲ
2153 5035 2228 5104 μὴ
2286 5033 2522 5104 μετρίως
2552 5037 2680 5104 περὶ
2721 5036 2818 5106 τήν
2852 5035 3120 5108 ἐρώτησιν
3144 5036 3519 5109 δυσχεράναν-

1936 5126 2154 5193 τος,καὶ
2182 5128 2278 5180 σὺν
2295 5129 2435 5199 ὁρμῇ
2464 5127 2597 5198 πρὸς
2626 5129 2784 5180 αὐτὸν
2816 5136 2908 5181 καὶ
2937 5131 3197 5199 κινήματι
3230 5131 3506 5201 κεφαλῆς,

1934 5218 1963 5271 ὃ
1993 5219 2253 5282 πολλάκις
2280 5215 2422 5285 εἷπε,
2476 5219 2573 5273 καὶ
2607 5219 2701 5272 νῦν
2752 5222 3215 5293 ἀποκριναμένου,
3237 5222 3314 5288 ῶς
3351 5223 3520 5279 Οὐδὲν

1936 5311 2046 5382 ἐγὼ
2075 5311 2311 5382 Χριστοῦ
2344 5312 2438 5366 καὶ
2469 5313 2569 5382 τῆς
2610 5314 2916 5378 εὐσεϐείας,
2961 5309 3020 5368 εὖ
3053 5313 3161 5367 tam
3193 5316 3520 5386 προτιμότε-

1942 5426 2031 5479 ρον
2063 5407 2302 5478 θήσομαι
2338 5425 2352 5440 ·
2389 5408 2625 5476 κελεύει,
2663 5411 2918 5481 ῥοπάλοις
2981 5409 3146 5464 αὐτὸν
3206 5412 3299 5464 καὶ
3351 5411 3515 5467 πάλιν

1937 5499 2126 5571 ὥσπερ
2147 5500 2210 5570 δὴ
2233 5502 2324 5552 καὶ
2349 5499 2613 5571 πρότερον
2635 5500 2955 5556 τύπτεσθαι.
2975 5502 3127 5555 Ἐπεὶ
3149 5501 3204 5556 δὲ
3223 5501 3520 5574 ἀνδριάντα

1940 5593 2139 5664 μᾶλλον
2162 5591 2194 5661 ἢ
2223 5590 2392 5661 ἄνδρα
2413 5591 2636 5644 τύπτειν
2664 5591 2926 5664 ἐῴκεσαν,
2960 5594 3085 5647 ὅσον
3114 5589 3181 5665 ἦν
3202 5593 3520 5664 εἰκάσαιτῷ

1938 5685 2189 5755 ἀκαμπεῖ
2243 5683 2338 5735 τοῦ
2368 5685 2718 5754 φρονήματος
2746 5703 2758 5715 ·
2795 5687 2932 5750 τέως
2989 5686 3087 5756 μὲν
3134 5687 3298 5740 αὐτον
3341 5689 3398 5740 ἐν
3447 5690 3515 5756 τῇ

1938 5777 2152 5846 φυλακῇ
2184 5773 2497 5827 καταλιπὼν
2518 5777 2545 5826 6
2562 5776 2740 5848 ἄρχων
2764 5777 2969 5843 ἄπεισι,
2991 5779 3082 5832 καί
3109 5796 3261 5842 τινας
3278 5778 3517 5847 ἐπισχὼν

1937 5871 2146 5940 ἡμέρας
2202 5868 2420 5940 ἔρχεται
2475 5870 2608 5939 πρὸς
2665 5871 2825 5926 αὐτὸν
2858 5869 3031 5938 αὖθις,
3086 5873 3254 5936 πολὺς
3301 5872 3510 5934 ὣντεῖς
