3832 6528
290 446 402 509 805

1392 437 1569 499 ΥΙΤΑ
1602 438 1664 496 S.
1707 430 2109 494 ANASTASII
2139 428 2423 491 PERSE.

3432 381 3540 487 s06

286 559 628 631 τεχνάσμασι
691 554 786 609 καὶ
824 554 941 616 ταῖς
977 551 1246 612 ἐπινοίαις
1267 566 1281 581 υ
1311 549 1406 602 καὶ
1445 549 1539 602 νῦν
1573 547 1670 617 μέν
1703 545 1864 599 κολα·
1895 590 1903 604 Α

2011 540 2165 594 iebus
2193 541 2261 594 ad
2288 553 2415 594 eum
2450 539 2762 602 revertitur,
2796 536 2975 593 varias
3011 545 3158 593 artes
3203 546 3259 592 et
3304 537 3544 595 rationes

286 652 465 714 κείαις
488 650 584 705 καὶ
609 645 956 718 ὑποσχέσεσι,
993 643 1088 698 νῦν
1125 644 1182 697 δέ
1210 640 1463 703 ἀπειλαῖς
1491 640 1587 694 καὶ
1610 638 1868 692 κολάσεσι

287 748 366 808 εἰς
395 745 624 814 ἄρνησιν
646 742 748 810 τῆς
776 738 1059 801 εὐσεϐείας
1088 736 1252 791 αὐτὸν
1274 732 1693 804 ἐκκαλούμενος.
1715 730 1870 783 Ἐπεὶ⁵

287 837 345 890 δέ
362 838 390 889 ὁ
408 834 569 897 αὐτὸς
596 829 664 905 ἦν
697 832 1077 894 Ἀναστάσιος,
1106 830 1247 902 μήτε
1271 829 1483 891 τούτοις
1512 824 1869 894 ύποκλινόμε-

287 944 403 990 νος.
429 926 568 997 μήτε
595 924 823 988 ἐκείνοις
872 923 1217 995 θελγόμενος,
1250 923 1365 985 τοῖς
1418 917 1753 992 προλαϐοῦσι
1782 916 1872 970 δε-

294 1023 452 1092 σμοῖς
482 1020 577 1074 καὶ
599 1020 719 1080 ταῖς
750 1017 987 1085 πληγαῖς
1018 1014 1303 1080 ἐξεδίδοτο.
1353 1008 1486 1065 Εἶτα
1523 1010 1630 1064 τῶν
1656 1008 1872 1080 δεσμῶν

294 1112 529 1175 ἀνεθεὶς,
562 1110 659 1181 τῆς
681 1109 872 1180 ἐτέρας
898 1107 1082 1179 χειρὸς
1116 1106 1436 1177 ἐξαρτᾶται,
1464 1103 1614 1157 λίθου
1655 1103 1756 1172 τὴν
1785 1099 1867 1152 ὁλ-

296 1203 399 1270 κὴν
424 1202 729 1274 βαρυτάτου
753 1199 983 1270 θατέρου
1005 1200 1119 1252 τοῖν
1140 1197 1318 1251 ποδοῖν
1336 1193 1668 1257 ἐκδεθέντος.
1687 1191 1874 1254 Οὕτως

297 1292 396 1350 οὖν
418 1294 581 1350 αὐτὸν
610 1296 703 1348 ἐπὶ
736 1292 890 1347 δυσὶν
933 1291 1106 1362 ὥραις
1158 1287 1509 1362 κρεμάμενον
1534 1303 1595 1339 τε
1639 1287 1733 1339 καὶ
1757 1285 1875 1338 δια-

300 1383 590 1457 σπώμενον
608 1386 637 1438 ό
661 1384 845 1455 ἄρχων
871 1379 1204 1448 καταλιπὼν,
1238 1380 1363 1433 ἐπεὶ
1394 1379 1513 1433 κατ’
1543 1378 1696 1432 οὐδὲν
1729 1377 1876 1448 ἐώρα

298 1480 381 1551 τῷ
418 1480 656 1550 μάρτυρι
682 1477 775 1532 τδν
808 1476 964 1531 τόνον
1000 1475 1367 1544 ὐπολυόμενον
1386 1489 1401 1504 ·
1431 1472 1568 1528 ἀλλὰ
1595 1472 1688 1526 καὶ
1717 1488 1878 1541 σφρι-

300 1575 490 1643 γῶντα
518 1572 718 1643 μᾶλλον
744 1572 811 1641 τῇ
840 1569 950 1624 τῶν
981 1568 1231 1641 βασάνων
1286 1568 1520 1638 ἐπιμονῇ
1548 1566 1644 1620 καὶ
1676 1562 1879 1636 ῥωννύ-

308 1683 497 1738 μενον,
527 1666 731 1719 ἐκεῖνον
752 1662 850 1733 μὲν
876 1661 1102 1732 πέμψας
1129 1659 1377 1729 κατάγει,
1412 1659 1547 1728 πρὸς
1574 1657 1630 1711 δέ
1658 1658 1751 1711 τὸν
1784 1657 1881 1729 βα-

305 1758 462 1812 σιλέα
495 1754 830 1819 ἐπανελθὼν,
850 1754 911 1808 τό
937 1770 998 1806 τε
1032 1752 1302 1821 ἄτρεπτον
1329 1749 1494 1805 αὐτοῦ
1519 1750 1620 1819 τῆς
1652 1747 1881 1819 γνώμης

305 1850 403 1904 καὶ
437 1847 626 1911 δεινῶς
675 1844 928 1917 ἀνδρικὸν
968 1842 1323 1912 ἀπαγγέλλει,
1372 1842 1467 1896 καὶ
1519 1840 1881 1912 συμϐουλεύει

306 1940 404 1994 καὶ
433 1937 593 2001 αὐτὸς
621 1937 832 1991 οἴκοθεν
865 1935 1063 2006 μηκέτι
1095 1937 1293 2005 πεῖραν
1336 1933 1670 2001 ’Δναστασίῳ
1715 1948 1886 2004 προσ-

307 2032 561 2101 αγαγεῖν,
584 2030 716 2099 μηδὲ
736 2028 920 2083 δοῦναι
940 2025 1257 2098 τηλικοῦτον
1273 2026 1444 2097 ἀρχῆς
1465 2025 1596 2096 ὕψος
1613 2025 1707 2079 καὶ
1725 2025 1887 2096 μέγε-

1967 630 2323 700 cxcogitans:
2355 637 2411 683 et
2447 642 2597 683 nunc
2641 627 2860 698 quidem
2907 626 3072 683 minis
3112 637 3169 682 et
3221 628 3543 698 promissis,

1968 737 2119 778 nunc
2164 731 2349 776 autem
2392 720 2560 775 minis
2606 728 2661 775 et
2701 718 2983 790 suppliciis
3011 734 3135 774 eum
3178 736 3443 775 revocans
3476 720 3545 775 ad

1969 817 2274 889 negandam
2311 816 2595 887 pietatem.
2629 816 2767 870 Cum
2812 823 2994 869 autem
3043 815 3188 870 idem
3221 825 3371 871 esset
3396 818 3545 871 Ana-

1971 911 2172 967 stasius
2197 917 2253 964 et
2279 922 2385 964 nec
2412 907 2501 961 bis
2523 907 2897 966 inclinaretur.
2921 923 3021 962 nec
3051 907 3159 963 illis
3199 908 3548 971 deiiniretur,

1973 1001 2247 1073 prioribus
2299 998 2535 1053 vinculis
2576 1006 2634 1053 et
2679 998 2852 1069 plagis
2905 1007 2991 1052 est
3044 998 3296 1053 traditus.
3342 998 3551 1052 Deinde

1972 1107 2097 1147 cum
2133 1090 2327 1145 fuisset
2371 1089 2648 1143 relaxatus
2694 1103 2723 1141 a
2756 1086 3006 1150 vinculis,
3053 1098 3120 1142 ex
3168 1088 3336 1142 altera
3382 1101 3552 1141 manu

1974 1181 2349 1252 suspenditur,
2397 1194 2522 1234 curn
2556 1178 2695 1248 lapis
2744 1176 3051 1249 gravissimi
3110 1176 3370 1246 ponderis
3405 1185 3556 1231 esset

1975 1272 2227 1343 alligatus
2258 1270 2413 1326 alteri
2446 1285 2514 1323 ex
2544 1268 2797 1339 pedibus.
2824 1267 2963 1323 Cum
2990 1282 3115 1320 eum
3146 1282 3276 1337 ergo
3302 1267 3390 1321 sic
3413 1280 3554 1336 pen-

1974 1365 2199 1421 dentem
2234 1373 2290 1420 et
2343 1363 2427 1419 sic
2474 1362 2749 1417 divulsum
2800 1362 3012 1416 duabus
3057 1359 3209 1413 horis
3247 1359 3559 1427 reliquisset

1976 1455 2346 1527 magistratus,
2383 1453 2706 1523 videretque
2761 1455 2928 1506 robur
2982 1465 3047 1505 ac
3087 1448 3406 1503 ﬁrmitatem
3449 1448 3561 1502 min

1977 1547 2124 1601 nime
2157 1544 2639 1616 dissolvimartyri,
2660 1543 2811 1598 illum
2835 1541 3053 1613 quidem
3083 1539 3310 1594 remittit
3330 1556 3347 1595 :
3370 1539 3437 1592 ad
3468 1552 3559 1593 re-

1977 1655 2098 1713 gem
2116 1647 2298 1694 autern
2321 1636 3008 1703 reversus,.immutabilem
3039 1635 3160 1705 ejus
3212 1646 3448 1689 mentem
3478 1633 3558 1686 si-

1980 1731 2202 1803 gniiicat
2222 1740 2278 1785 et
2302 1744 2574 1785 summam
2589 1728 2760 1783 animi
2778 1725 3177 1782 fortitudinem.
3204 1724 3325 1794 Ipse
3342 1737 3562 1792 quoque

1981 1822 2032 1878 ei
2060 1822 2299 1878 considit
2329 1828 2422 1890 [ne
2463 1821 2698 1892 amplius
2764 1817 3073 1890 periculum
3116 1816 3281 1871 faciat
3328 1815 3384 1869 in
3409 1813 3562 1868 Ana-

1974 1916 2172 1980 stasio,
2210 1929 2311 1970 nec
2329 1914 2611 1985 permittat
2644 1920 2707 1967 ut
2739 1920 2892 1966 tanta
2913 1909 3146 1965 altitudo
3160 1917 3224 1963 et
3244 1907 3564 1979 magnitudo

1984 2004 2199 2076 imperii
2245 2005 2317 2061 ab
2364 2005 2528 2060 unius
2577 2004 2681 2060 viri
2725 2001 3030 2059 constantia
3089 2000 3341 2056 videatur
3398 2012 3564 2069 supe-

308 2124 423 2188 θοςν
455 2123 592 2192 πρὸς
620 2121 739 2184 ἕνὺς
762 2120 952 2193 ἀνδρὸς
976 2121 1222 2174 ἔνστασιν
1248 2118 1478 2189 δρᾶσθαι
1509 2118 1878 2189 νενικημένον.
1911 2145 1960 2203 Β
1985 2105 2120 2151 rau-

383 2209 513 2265 KE'.
560 2208 840 2263 Ἐντεῦθεν
866 2206 1138 2276 ἀπογνοὺς
1157 2205 1253 2260 τοῦ
1283 2206 1561 2278 μάρτυρος
1589 2209 1682 2260 καὶ
1707 2209 1735 2259 ό
1785 2205 1884 2277 βα-

314 2302 497 2365 σιλεὺς
529 2302 737 2372 πέμπει
781 2300 919 2370 μετὰ
969 2302 1227 2370 πέμπτην
1274 2299 1371 2353 καὶ
1398 2298 1635 2368 δεκάτην
1671 2299 1887 2370 ἡμέραν

2061 2212 2231 2270 XXV.
2260 2213 2400 2269 Hinc
2441 2228 2564 2268 cum
2598 2218 2817 2268 omnem
2848 2209 3322 2282 spem-superandi
3360 2217 3569 2281 marty-

1993 2308 2073 2364 ris
2119 2321 2217 2362 rex
2264 2306 2588 2376 abiecisset,
2636 2305 2805 2360 mittit
2834 2311 2956 2375 post
2999 2302 3270 2359 decimum
3314 2302 3569 2373 quintum

313 2394 477 2448 αὐτόν
507 2410 567 2446 τε
594 2392 686 2447 τὸν
723 2391 1012 2464 εἰρημένον
1062 2390 1323 2463 ἄρχοντα,
1356 2391 1451 2445 καί
1484 2407 1634 2455 τινας
1670 2390 1890 2462 ἐτέρους

2007 2399 2141 2456 iiem
2173 2407 2229 2454 et
2268 2399 2478 2455 dictum
2521 2396 2904 2469 magistratum
2932 2405 2989 2451 et
3018 2395 3285 2466 quosdam
3333 2393 3471 2448 alios
3498 2407 3569 2447 ex

313 2485 425 2538 τῶν
451 2484 558 2538 ὐπὸ
587 2485 746 2556 χεῖρα
769 2523 786 2549 ,
820 2483 960 2538 ὥστε
988 2482 1063 2555 μή
1079 2484 1172 2538 τὸν
1200 2484 1355 2552 ἅγιον
1390 2483 1574 2554 μόνον,
1598 2481 1734 2536 ἀλλὰ
1761 2483 1896 2536 πολ-

2007 2490 2245 2554 ιιὼιιὶιίε.
2270 2497 2332 2545 ut
2358 2504 2471 2544 non
2501 2488 2678 2544 solum
2703 2498 2974 2553 sanctum,
3001 2486 3099 2541 sed
3126 2485 3326 2540 multos
3350 2499 3571 2554 quoque

315 2576 442 2641 λοὺς
472 2577 569 2631 σὺν
592 2576 746 2647 αὐτῷ
785 2577 880 2630 καὶ
925 2575 1119 2641 ἀλλους
1168 2576 1532 2647 Χριστιανοὺς
1563 2574 1792 2630 ἀνελεῖν.
1829 2575 1894 2630 0i

2007 2584 2128 2639 tlios
2152 2582 2495 2638 Christianos
2535 2596 2659 2636 cum
2698 2593 2765 2635 eo
2808 2579 3212 2635 interimerent.
3262 2576 3344 2631 Illi
3386 2587 3568 2631 autem

318 2669 375 2721 δὲ
423 2668 823 2732 καταλαϐόντες
848 2668 910 2721 τὸ
938 2667 1331 2737 δεσμωτήριον,
1385 2666 1708 2721 ἐκϐάλλουσι
1754 2667 1892 2737 Χρι-

2007 2690 2115 2730 :um
2143 2673 2428 2729 venissent
2469 2670 2524 2725 in
2554 2683 2853 2734 carcerem,
2903 2666 3184 2738 expellunt
3225 2665 3572 2722 Christianos

322 2760 575 2824 στιανούς
617 2759 993 2831 αἰχμαλώτους
1021 2759 1121 2812 οὐκ
1142 2759 1398 2822 ἐλάττους
1442 2758 1476 2826 ἢ
1522 2757 1897 2829 ἐϐδομήκοντα

2007 2768 2237 2839 :aptivos
2269 2781 2382 2822 non
2427 2764 2736 2835 pauciores,
2799 2776 2966 2832 quam
3031 2759 3417 2832 septuaginta,
3462 2774 3571 2813 una

324 2854 423 2906 σὺν
451 2849 528 2922 τῷ
571 2852 831 2922 μάρτυρι,
852 2852 970 2921 μεθ’
994 2843 1069 2903 ὧν
1101 2851 1193 2904 καὶ
1222 2850 1270 2902 οἱ
1297 2848 1397 2921 τὴν
1426 2848 1597 2919 αὐτὴν
1634 2848 1896 2902 ’Δναστα-

2007 2877 2117 2918 :um
2166 2869 2404 2930 martyre
2438 2873 2455 2912 :
2492 2871 2619 2912 cum
2661 2854 2860 2925 quibus
2902 2864 3064 2910 erant
3101 2853 3139 2909 ii
3188 2865 3405 2922 quoque
3476 2850 3573 2920 qui

325 2945 428 3014 σέῳ
454 2942 702 3015 φυλακὴν
727 2944 786 2995 ἐν
832 2941 1142 3013 Καισαρείᾳ
1196 2940 1619 3012 κατακριθέντες
1670 2940 1901 3012 καὶτῆς

2007 2967 2120 3008 cum
2143 2948 2437 3005 Anastasio
2460 2945 2726 3003 Ctesarea'.
2754 2944 2997 3000 damnati
3031 2943 3251 2998 fuerant
3278 2943 3345 2996 ad
3387 2948 3575 2995 custo-

326 3038 627 3107 σφραγῖδος
666 3033 815 3105 αὐτῷ
854 3036 950 3087 καὶ
1005 3035 1105 3104 τῆς
1166 3033 1288 3087 ὀδοῦ
1338 3035 1771 3105 κοινωνήσαντες
1807 3035 1903 3089 δύο

2007 3043 2162 3110 tiam,
2198 3041 2571 3115 signaeuiique
2602 3047 2659 3095 et
2686 3038 3027 3095 vinculorum
3058 3036 3276 3093 fuerant
3309 3037 3357 3091 ei
3394 3037 3528 3091 socii
3558 3051 3572 3064 ο

325 3129 521 3199 mm
557 3127 876 3199 ἐτύγχανον,
915 3125 1009 3191 οὓς
1049 3127 1147 3181 καὶ
1184 3127 1276 3180 τοῦ
1314 3126 1417 3197 τῆς
1445 3125 1769 3196 Βετσαλώης
1814 3126 1903 3192 ἐξ·

2007 3150 2139 3207 [ιιιοε
2170 3151 2295 3191 cum
2340 3133 2661 3189 eduxissent
2689 3146 2757 3186 ex
2802 3129 3005 3201 praedio
3036 3127 3339 3191 Betsaloes,
3372 3127 3428 3182 in
3466 3140 3578 3197 quo

326 3223 631 3291 αγαγόντες
657 3220 881 3292 χωρίου,
902 3221 961 3273 ἐν
989 3212 1034 3287 ᾧ
1060 3220 1154 3272 καὶ
1176 3218 1238 3271 τὸ
1279 3218 1654 3290 δεσμωτήριον
1705 3218 1903 3290 ᾠκοδό-

2007 3228 2183 3284 l‘uerat
2205 3242 2396 3282 carcer
2424 3225 2726 3281 aediﬁcatus
2751 3261 2767 3288 ,
2793 3231 2850 3278 et
2880 3222 2947 3277 ad
2975 3219 3199 3276 ﬂuvium
3235 3220 3577 3284 statuissent,

332 3330 474 3385 μητο
492 3354 506 3375 ,
542 3313 640 3367 καὶ
678 3314 888 3374 πάντας
913 3310 1052 3381 πρὸς
1080 3308 1157 3380 τῷ
1184 3309 1418 3380 ποταμῷ
1451 3305 1903 3380 στήσαντες,εῖτα

2007 3334 2103 3375 eos
2148 3319 2462 3391 singulatim
2508 3316 2816 3372 dividentes
2867 3322 2925 3369 et
2973 3328 3163 3369 eorum
3206 3312 3349 3367 collo
3392 3310 3580 3365 funem

328 3405 455 3461 καθ’
484 3406 583 3460 ἕνα
608 3404 943 3479 διαιροῦντες
968 3443 983 3465 ,
1014 3402 1224 3475 σχοῖνόν
1252 3418 1311 3455 τε
1336 3401 1514 3455 αὐτῶν
1542 3402 1622 3472 τῷ
1645 3401 1903 3472 τραχήλῳ

2009 3411 2342 3482 injicientes,
2404 3418 2462 3465 et
2499 3409 2885 3465 miserabiliter
2922 3418 3050 3464 ante
3090 3407 3282 3462 oculos
3330 3404 3583 3474 martyris
3629 3390 3637 3397 ’

329 3497 695 3570 ἐμϐάλλοντες
732 3537 748 3563 ,
776 3496 872 3551 καὶ
892 3494 1063 3560 οὕτως
1089 3493 1336 3557 ἐλεεινῶς
1361 3493 1467 3547 ὐπὸ
1497 3497 1610 3560 τοῖς
1635 3493 1729 3548 τοῦ
1762 3496 1903 3566 μάρ-

2007 3502 2333 3560 suffocantes
2360 3541 2375 3565 ,
2420 3508 2632 3564 sancto,
2665 3499 2799 3553 dum
2840 3509 3286 3568 unumquemque
3336 3495 3583 3551 vicissim

330 3606 497 3661 τυρος
527 3588 830 3659 ὀφθαλμοῖς
871 3586 1287 3654 ἀποπνίγοντες,
1333 3583 1592 3656 ἐπέλεγον
1629 3585 1750 3640 καθ’
1780 3588 1903 3639 ’ἐκα-

2008 3597 2454 3665 submergercnt,
2474 3591 2728 3648 dicebant
2757 3610 2770 3645 :
2801 3588 2913 3646 Cur
2936 3590 3039 3654 vis,
3055 3590 3194 3645 sicut
3220 3602 3362 3643 unus
3387 3601 3452 3641 ex
3476 3586 3581 3650 his,

335 3700 462 3737 στον
502 3681 580 3750 τῷ
619 3680 764 3750 ἁγίῳ
834 3678 988 3732 Διατί
1039 3677 1215 3742 θέλεις
1265 3676 1341 3742 ὡς
1367 3673 1449 3741 εἷς
1474 3676 1679 3731 τούτων
1719 3675 1903 3747 βιαίως

2010 3689 2277 3745 violenter
2304 3684 2418 3741 tolli
2443 3684 2511 3740 de
2541 3683 2721 3739 medio
2742 3689 2798 3737 et
2820 3692 2929 3737 non
2957 3682 3138 3753 potius
3162 3679 3271 3752 regi
3296 3693 3507 3750 parere,
3531 3688 3588 3731 et

334 3772 714 3844 ἀναιρεθῆναι,
742 3771 839 3827 καὶ
888 3772 964 3840 μὴ
1020 3768 1218 3841 μᾶλλον
1254 3768 1545 3842 πεισθῆναι
1573 3768 1650 3841 τῷ
1680 3769 1911 3841 βασιλεῖ,

338 3865 432 3919 καὶ
465 3864 563 3934 τῆς
595 3860 881 3935 παρούσης
902 3861 1197 3916 ἀπολαύειν
1214 3861 1514 3934 εὐημερίας
1534 3878 1550 3929 ;
1581 3863 1643 3918 '0
1665 3863 1722 3917 δὲ
1741 3880 1914 3935 προσ-

341 3957 487 4030 σχὼν
521 3957 614 4011 ἐπὶ
650 3955 884 4021 τούτοις,
904 3953 1121 4026 οὐρανῷ
1146 3972 1206 4009 τε
1243 3953 1472 4025 ὄμματα
1502 3955 1649 4026 δοὺς,
1678 3958 1773 4011 καὶ
1795 3957 1917 4029 Θεῷ

341 4050 752 4121 συντεταμένως
772 4048 1203 4122 εὐχαριστήσας,
1234 4049 1427 4122 ὅτιπερ
1455 4051 1555 4122 ήδη
1592 4051 1917 4121 παρεστῶτα

342 4146 435 4199 τὸν
492 4143 635 4215 ὑπὲρ
682 4142 850 4197 αὐτοῦ
906 4141 1138 4196 θάνατον
1188 4140 1439 4209 ἔϐλεπεν,
1490 4137 1610 4197 εἶτα
1654 4144 1917 4216 καὶπρὸς

344 4237 585 4302 ἐκείνους
615 4237 996 4305 ἐπιστραφεὶς,
1011 4232 1178 4304 Ἐγὼ,
1199 4236 1386 4306 φησιν,
1403 4235 1544 4306 ὑπὲρ
1558 4235 1658 4307 τῆς
1672 4236 1766 4291 τοῦ
1787 4237 1922 4308 Χρι-

2011 3782 2253 3856 priorem
2305 3778 2568 3849 consequi
2605 3775 2960 3832 felicitatem?
3001 3774 3097 3830 Ille
3126 3782 3308 3829 autem
3347 3786 3469 3827 cum
3502 3769 3588 3824 his

2013 3884 2254 3933 mentem
2278 3871 2617 3930 adhibuisset
2641 3878 2695 3925 et
2729 3869 2784 3925 in
2815 3868 3013 3926 coelum
3055 3868 3245 3924 oculos
3281 3863 3592 3920 suswlisset

2013 3979 2072 4027 et
2109 3969 2223 4024 Deo
2250 3967 2498 4039 ingentes
2525 3964 2725 4036 eg‘iSSet
2759 3962 2979 4034 gratias,
3015 3962 3158 4032 quod
3184 3959 3294 4029 iam
3330 3972 3431 4028 pro
3475 3954 3593 4025 ipso

2015 4068 2247 4117 mortem
2286 4057 2498 4113 videret
2547 4068 2671 4110 esse
2705 4052 3071 4117 subeundam,
3116 4049 3313 4107 deinde
3364 4046 3432 4102 ad
3472 4045 3593 4100 illos

1984 4170 1989 4173 '
2017 4166 2235 4228 quoque
2256 4158 2557 4206 conversus
2580 4165 2595 4203 :
2616 4143 2750 4218 Ego,
2772 4144 2967 4214 inquit,
2993 4154 3091 4214 pro
3110 4140 3310 4197 Christi
3338 4139 3441 4194 mei
3461 4142 3595 4194 cha-

2018 4250 2214 4311 ritate,
2261 4240 2582 4311 ardentique
2636 4249 2695 4295 et
2738 4236 3052 4293 vehementi
3085 4234 3140 4289 in
3189 4248 3312 4289 eum
3365 4245 3588 4295 amore,

332 4329 476 4411 erat?
524 4338 624 4399 μου
684 4328 907 4399 ἀγάπης
965 4327 1062 4381 καὶ
1093 4326 1187 4381 τοῦ
1217 4325 1424 4398 θερμοῦ
1465 4328 1601 4398 πρὸς
1626 4329 1791 4383 αὐτὸν
1823 4329 1903 4383 κα¹

2022 4336 2406 4409 exspectabam
2435 4342 2598 4389 omne
2628 4331 2931 4387 membrum
2954 4326 3259 4384 minutatim
3291 4323 3595 4384 conscindi,

346 4419 830 4491 ἁπαθοῦςῐρωτος,
847 4419 995 4475 ἆπαν
1018 4419 1434 4490 κατατμηθῆναι
1461 4420 1620 4491 μέλος
1639 4422 1720 4486 είς
1747 4421 1903 4476 λεπτέ

2023 4438 2351 4500 eXSpectans
2379 4434 2575 4479 novam
2621 4423 2856 4492 aliquam
2898 4428 2955 4476 et
3000 4418 3298 4474 inauditam
3345 4423 3596 4469 mortem.

349 4511 730 4581 προσεδόκων,
805 4511 1126 4565 καινότατον
1170 4509 1234 4579 δή
1281 4524 1405 4563 τινα
1462 4510 1773 4579 περιμένων
1826 4509 1903 4563 καί

2024 4521 2294 4591 Quoniam
2330 4525 2511 4573 autem
2542 4518 2660 4572 haec
2701 4522 2783 4570 est
2811 4526 2899 4579 ea,
2930 4526 3090 4582 quam
3130 4525 3227 4565 vos
3260 4508 3391 4562 mihi
3424 4507 3601 4560 mina-

349 4603 539 4675 ἀπηχῆ
571 4601 820 4658 θάνατον.
867 4601 1163 4674 Ἐπειδὴδέ
1193 4593 1349 4665 οὗτός
1379 4602 1529 4654 ἐστιν
1553 4601 1585 4654 ό
1613 4601 1744 4672 παρ’
1770 4600 1903 4673 ύμῶε

2024 4613 2181 4677 mini,
2214 4622 2315 4683 ago
2356 4608 2455 4665 tibi
2502 4605 2702 4680 gratias
2753 4604 2857 4660 soli
2909 4601 3023 4658 Deo
3066 4610 3191 4656 meo
3221 4606 3277 4655 et
3330 4596 3602 4654 Servatori

351 4694 770 4765 ἀπειλούμενος,
797 4694 1108 4766 εὐχαριστῶ
1134 4710 1218 4748 σοι
1253 4693 1331 4764 τῷ
1369 4694 1514 4763 μόνῳ
1542 4692 1662 4764 Θεῷ
1698 4708 1800 4763 μου
1831 4692 1903 4746 κα

2029 4706 2274 4772 Christo,
2311 4701 2457 4771 quod
2500 4705 2698 4765 morte,
2743 4712 2866 4768 qua
2899 4708 3071 4766 usque
3101 4694 3239 4750 adeo
3267 4699 3425 4748 vacat
3454 4691 3605 4746 omni

352 4785 811 4858 Σιυτῆρι,Χριστέ
849 4785 1093 4856 βασιλεῦ,
1129 4787 1211 4840 ότι
1239 4785 1499 4855 τελευτῆς
1515 4783 1689 4848 οὕτως
1723 4783 1903 4838 ἀπόνοι

2030 4801 2221 4856 labore
2247 4807 2304 4853 et
2344 4794 2617 4858 molestia,
2647 4802 2809 4863 quam
2846 4788 3069 4860 quidem
3116 4786 3279 4860 paulo
3321 4795 3446 4858 post
3486 4785 3604 4856 ipsa

352 4881 451 4934 καὶ
488 4880 760 4934 ἁνωδύνου
785 4919 800 4943 ,
831 4879 897 4951 ἢν
931 4881 1026 4933 καὶ
1052 4879 1213 4949 φύσις
1262 4879 1401 4952 αὐτὴ
1437 4880 1575 4950 μετὰ
1609 4881 1802 4952 μικρὸν
1834 4882 1931 4933 ἐπ-

353 4974 590 5044 ήνεγκεν
637 4972 725 5034 ἂν,
779 4973 1077 5042 μαρτυρίου
1135 4989 1202 5042 με
1241 4972 1408 5045 τιμὴν
1438 4973 1749 5045 ὠνήσασθαι
1798 4991 1932 5028 κατ-

354 5064 618 5136 ηξίωσας.
643 5064 826 5118 Ταῦτα
850 5064 1038 5128 εἰπὼν,
1064 5068 1157 5119 καὶ
1178 5064 1324 5120 οὕτω
1340 5066 1670 5130 τελευταίοις
1698 5067 1932 5138 ἐπιλαμ-

357 5156 618 5228 πρυνθεὶς
642 5159 902 5228 ῥήμασιν,
933 5158 1034 5229 ἴσῳ
1074 5156 1287 5229 θανάτῳ
1318 5157 1412 5212 καὶ
1438 5155 1589 5223 οὗτος
1620 5159 1930 5230 ἐτελειώθη.

432 5250 578 5316 KQ".
618 5249 683 5302 οι
730 5249 915 5320 δήμιοι
963 5250 1020 5302 δὲ
1072 5251 1169 5320 τὴν
1228 5250 1378 5322 ίερὰν
1427 5250 1643 5320 ἐκείνην
1694 5250 1938 5323 κεφαλὴν

360 5340 710 5409 ἐκτεμόντες,
746 5341 894 5411 σαφῆ
930 5340 1034 5410 τῆς
1065 5340 1396 5411 ἀναιρέσεως
1423 5342 1518 5395 τοῦ
1547 5343 1738 5412 ἀνδρὸς
1786 5344 1939 5397 ἀπόο

360 5431 531 5498 δειξιν
562 5431 639 5503 τῷ
661 5431 871 5502 βασιλεῖ
902 5430 1216 5503 κομίζουσι.
1243 5434 1348 5487 Τὸν
1379 5424 1564 5505 μέντοι
1594 5436 1687 5490 ἐπὶ⁸
1709 5436 1810 5507 τῆς
1839 5454 1940 5506 φυ-

362 5523 540 5593 λακῆς
588 5525 867 5597 σελλάριον
923 5526 1247 5598 Χριστιανὸν
1301 5527 1448 5593 ὂντα,
1493 5529 1588 5582 καὶ
1644 5530 1938 5602 μαρτύρων

365 5616 544 5670 εἰδότα
566 5619 729 5690 τιμᾷν
753 5618 1004 5690 σώματα,
1037 5619 1321 5674 ἀνελέσθαι
1342 5620 1403 5674 τὺ
1431 5624 1527 5674 τοῦ
1555 5622 1713 5691 ἀγίου
1743 5622 1802 5676 λε
1813 5624 1936 5693 ida.-

441 5752 518 5823 (8)
555 5751 692 5829 Cum
731 5756 834 5829 alii
866 5773 995 5829 cum,
1040 5757 1256 5827 laqueo,
1320 5758 1407 5812 alii
1450 5758 1628 5829 gladio
1680 5760 1942 5817 interem-

368 5833 524 5899 ptum
559 5825 761 5899 dicunt,
807 5826 1069 5899 llaronius
1096 5825 1154 5882 in
1179 5830 1325 5883 notis
1365 5829 1431 5882 ad
1456 5825 1745 5899 'Martyrol.
1782 5830 1940 5889 Rom.

370 5896 426 5949 in
488 5894 603 5949 luce
655 5896 815 5952 verba
884 5897 1168 5969 Menologii
1246 5899 1559 5955 Graecorum
1609 5894 1941 5959 'concludit:

2034 4900 2252 4963 quoque
2283 4887 2556 4943 attulisset
2581 4891 2798 4950 natura,
2836 4897 2926 4938 me
2961 4880 3180 4937 voluisti
3212 4894 3398 4936 emere
3431 4879 3603 4933 hono-

2036 4986 2153 5039 rem
2183 4980 2426 5053 martyrii
2464 4979 2563 5050 (8).
2586 4975 2722 5032 Cum
2753 4977 2872 5031 haec
2899 4971 3126 5029 dixisset
3162 4979 3220 5026 et
3256 4971 3373 5026 haec
3419 4968 3608 5024 ultima

2034 5076 2202 5135 verba
2234 5074 2492 5147 praeclare
2515 5077 2660 5127 esset
2677 5069 2915 5136 locutus,
2945 5064 3142 5137 aequali
3168 5073 3344 5120 morte
3373 5067 3452 5119 sic
3472 5076 3611 5133 quo-

2036 5187 2144 5243 que
2172 5176 2256 5225 est
2280 5174 2711 5224 consummatus.

2108 5260 2303 5319 XXVI.
2337 5258 2636 5315 Carniﬁces
2659 5264 2862 5322 autem,
2895 5270 3019 5311 cum
3049 5268 3263 5309 sacrum
3292 5244 3420 5305 illud
3452 5258 3615 5319 caput

2037 5362 2434 5427 amputassent,
2458 5362 2519 5407 ut
2548 5366 2675 5406 eum
2704 5365 2827 5405 esse
2863 5346 3210 5404 interfectum
3240 5344 3612 5407 ostenderent,

2037 5448 2105 5504 ad
2161 5462 2341 5517 regem
2392 5442 2661 5501 deferunt.
2719 5439 3007 5498 Seilarium
3057 5456 3208 5505 vero,
3251 5438 3342 5510 qui
3390 5444 3617 5507 praeerat

2041 5537 2306 5594 custodiae
2346 5534 2604 5601 carceris,
2637 5549 2762 5590 cum
2792 5542 2940 5588 esset
2966 5530 3330 5593 Christianus,
3368 5536 3425 5583 et
3453 5525 3620 5581 sciret

2051 5638 2347 5699 martyrum
2399 5626 2669 5681 honorare
2720 5639 2968 5695 corpora,
3010 5622 3175 5678 vellet
3213 5628 3395 5675 autem
3446 5616 3619 5673 sancti

2058 5785 2079 5819 ι
2113 5764 2291 5836 Ipsius
2321 5766 2461 5820 collo
2506 5765 2580 5820 ita
2616 5766 2808 5836 laqueo
2835 5765 3082 5827 astricto,
3116 5773 3175 5818 ut
3195 5761 3501 5836 respirandi
3536 5760 3617 5814 ῆι-

2053 5832 2307 5892 cultatem
2338 5852 2449 5889 non
2489 5832 2737 5899 haberet,
2774 5846 3051 5904 posuerno
3093 5833 3269 5890 securi
3295 5832 3620 5902 percutitur,

2057 5909 2234 5978 capite
2253 5923 2348 5977 pro
2377 5905 2581 5963 Christi
2613 5906 2716 5961 ﬁde
2744 5908 3003 5962 abscisso.
3039 5924 3056 5957 ι
