3832 6466
276 394 402 459 ’δίὶῖ
500 452 507 457 .

1524 389 1806 450 MENSIS
1854 388 2313 450 JANUAIHUS.

3435 389 3542 453 808

300 514 490 569 tollere
517 505 797 575 reliquias,
814 512 869 557 et
893 516 987 557 eas
1012 514 1267 571 separare
1297 499 1365 554 ab
1390 498 1530 562 aliis,
1559 513 1629 552 ne
1659 507 1870 552 tantum

1983 516 2068 552 νον
2093 499 2423 570 βουληθέντα
2466 502 2556 552 καὶ
2590 500 2695 571 ἑδῖᾳ
2719 499 2891 555 θεῖναι
2925 501 3034 555 τῶν
3065 502 3242 557 ἄλλων
3261 545 3278 571 ,
3305 506 3452 568 ὅπως
3479 509 3556 579 μὴ

301 596 496 651 lateret
525 593 752 655 bonum,
786 591 1106 661 permistum
1135 604 1258 643 cum
1295 587 1506 642 caeteris
1534 588 1871 655 corporibus,

300 685 636 757 prohibuere
668 681 975 736 carniﬁces.
1017 680 1152 735 Cum
1198 679 1322 733 ﬁliis
1364 687 1544 732 autem
1572 676 1750 732 Iesdin
1782 692 1879 730 an-

299 776 549 832 nuntiata
581 772 777 827 fuisset
800 770 901 824 viri
938 769 1357 830 consummatio,
1380 768 1447 820 ad
1477 782 1639 835 quam
1656 776 1875 821 euntem

297 878 590 937 martyrem
655 864 868 918 illorum
935 859 1090 930 pueri
1145 859 1637 927 consequebantur.
1687 867 1744 911 et
1802 856 1878 911 illi

296 960 632 1019 serviebant.
676 956 710 1009 ii
745 952 981 1025 pecunia
1012 960 1372 1019 corrumpunt
1399 949 1717 1003 carniﬁcum
1751 948 1875 1003 dili-

300 1054 568 1121 gentiam,
617 1059 673 1105 et
713 1058 773 1103 ut
830 1061 1030 1116 corpus
1076 1045 1176 1100 sibi
1215 1044 1400 1098 liceret
1456 1043 1576 1098 loco
1628 1052 1879 1112 separato

295 1144 594 1213 deponere,
639 1157 746 1195 non
796 1141 987 1210 paucis
1031 1147 1219 1192 emunt
1265 1137 1533 1207 pecuniis.
1581 1135 1786 1189 Deinde
1834 1136 1879 1190 is

294 1248 511 1302 qunque
559 1230 884 1294 iiinuachus,
935 1229 1027 1298 qui
1072 1243 1196 1282 cum
1244 1237 1479 1297 martyre
1516 1235 1879 1280 excesserate

297 1326 569 1387 Caesarea,
592 1333 648 1377 et
685 1338 808 1377 cum
841 1324 1156 1377 decertante
1181 1320 1248 1374 ad
1286 1319 1447 1374 ﬁnem
1476 1334 1648 1388 usque
1674 1333 1881 1372 manse-

301 1425 405 1482 rat,
436 1417 593 1486 cujus
629 1417 790 1469 etiam
824 1429 971 1485 saepe
1010 1414 1240 1468 fecimus
1268 1414 1601 1467 mentionem
1627 1453 1641 1475 ,
1673 1424 1795 1464 cum
1826 1419 1881 1464 et

302 1523 503 1579 pueros
538 1508 770 1561 ﬁliorum
805 1506 1009 1562 lesdin.
1039 1514 1095 1558 et
1131 1504 1390 1574 quosdam
1421 1518 1490 1557 ex
1526 1503 1611 1561 iis.
1649 1502 1741 1571 qui
1773 1501 1881 1556 illic

299 1609 478 1661 erant,
509 1599 791 1654 monachis
816 1599 869 1650 in
895 1607 1106 1651 noctem
1139 1605 1452 1664 sequentem
1474 1595 1875 1664 assumpsisset.

296 1702 353 1747 et
401 1702 460 1746 ut
506 1690 751 1761 martyris
784 1703 985 1757 corpus
1023 1687 1112 1758 pie
1162 1696 1218 1742 et
1259 1696 1449 1742 sancte
1499 1693 1875 1755 componeret,

297 1783 537 1838 venisset
564 1784 627 1852 ίο
657 1781 952 1850 quomodo,
990 1793 1024 1833 o
1050 1778 1288 1841 Christe,
1322 1777 1554 1831 laudabo
1586 1777 1880 1831 miraculo-

299 1868 421 1929 ruin
475 1883 692 1929 tuorum
733 1869 1210 1941 magnitudinem?
1257 1870 1275 1940 )
1319 1869 1529 1924 invenit
1566 1883 1731 1923 canes
1775 1869 1878 1923 alia
1905 1845 1954 1905 κ

297 1968 517 2038 quidem
558 1979 788 2034 corpora
839 1972 952 2018 toto
988 1977 1084 2016 ore
1108 1962 1425 2027 exedentes,
1461 1962 1530 2016 ab
1561 1960 1665 2015 hoc
1699 1970 1881 2016 autem

298 2058 417 2113 solo
441 2074 499 2112 se
520 2057 876 2112 abstinentes.
908 2065 965 2109 ut
981 2055 1123 2124 quod
1142 2069 1251 2108 non
1270 2056 1635 2123 sulijiceretur
1653 2053 1888 2124 amplius

299 2150 512 2221 legibus
555 2149 825 2219 corporis.
874 2147 994 2201 Jam
1073 2148 1219 2203 enim
1280 2156 1397 2203 erat
1462 2148 1888 2218 pulchritudinis

304 2258 508 2298 corona
538 2242 591 2295 in
620 2256 786 2296 manu
814 2240 902 2293 Dei
930 2240 1169 2311 (divinus
1197 2241 1333 2294 dixit
1363 2240 1545 2307 Isaias)
1563 2251 1617 2294 et
1638 2240 1884 2295 diadema

307 2335 461 2405 regni
505 2337 557 2387 in
594 2350 757 2388 manu
793 2333 884 2386 Dei
920 2335 1061 2403 ejus.
1097 2333 1233 2387 Cum
1264 2333 1575 2387 sustulisset
1607 2348 1736 2402 ergo
1765 2347 1885 2387 cor-

300 2442 406 2498 pus
460 2425 733 2497 martyris.
766 2434 821 2479 et
852 2424 1069 2479 mundis
1117 2425 1321 2491 linteis,
1372 2441 1492 2494 quae
1538 2425 1736 2479 dedere
1787 2424 1884 2478 ﬁlii

301 2516 480 2576 Iesdin
510 2532 606 2585 pro
638 2518 854 2570 ultimis
886 2518 1136 2584 corporis
1171 2517 1474 2587 exsequiis,
1496 2518 1737 2572 mundas
1764 2517 1886 2572 illas

302 2618 356 2664 et
378 2620 593 2664 sanctas
621 2610 936 2665 involvisset
957 2610 1231 2679 reliquias,
1260 2609 1312 2662 iu
1339 2608 1506 2675 Sergii
1525 2609 1600 2679 (9)
1634 2608 1884 2678 martyris

303 2717 431 2757 mon
454 2701 657 2765 rsterio,
690 2703 834 2772 quod
865 2702 928 2756 ad
962 2718 1129 2756 unum
1163 2701 1394 2772 lapidem
1425 2701 1659 2755 distalzat
1690 2718 1718 2755 a
1741 2701 1882 2761 vico,

305 2792 532 2861 deponit
565 2792 778 2846 decimo
828 2793 1063 2862 septimo
1104 2793 1215 2862 (l0)
1243 2793 1460 2862 quidem
1492 2807 1638 2846 anno
1667 2792 1878 2861 imperii

305 2886 384 2953 pii
416 2883 670 2949 lleraclii,
700 2883 958 2938 vicesimo
986 2893 1166 2938 autem
1192 2884 1435 2938 secundo
1460 2882 1662 2937 mensis
1680 2880 1875 2937 Janua-

303 2975 392 3029 rii.
434 2975 485 3031 ls
523 2977 669 3031 enim
716 2975 819 3030 fuit
862 2976 1002 3041 dies,
1039 2975 1131 3044 qui
1176 2976 1307 3031 vidit
1356 2976 1640 3031 decessum
1677 2983 1876 3042 marty-

302 3081 396 3120 TIS.

378 3243 589 3298 XXVII.
620 3244 879 3313 Sequenti
905 3255 1085 3301 autem
1111 3247 1199 3301 die
1228 3247 1364 3301 duos
1397 3261 1458 3302 ex
1488 3246 1576 3310 iis,
1607 3248 1698 3317 qui
1723 3255 1879 3303 erant

305 3336 360 3390 in
395 3337 641 3390 custodia
675 3337 821 3392 licuit
868 3339 1059 3394 audire
1108 3340 1225 3393 hrec
1276 3339 1421 3393 inter
1459 3355 1518 3393 se
1570 3351 1876 3397 narrantes.

304 3428 528 3483 Dierbat
578 3402 724 3482 «irim
776 3446 917 3486 unus
957 3430 1110 3485 alteri
1142 3448 1157 3486 :
1189 3430 1382 3485 Vidisti
1424 3431 1877 3500 quemadmodum

303 3536 485 3582 canes,
519 3521 611 3591 qui
646 3522 760 3575 heri
790 3532 1078 3589 venerunt,
1112 3524 1331 3594 reliquis
1367 3524 1588 3593 quidem
1632 3525 1872 3593 corpori-

304 3610 408 3664 bus
442 3624 501 3665 se
541 3611 736 3680 cupide
785 3599 1182 3682 impleverunt,
1224 3612 1604 3670 abstinuerunt
1632 3621 1813 3668 autem
1848 3631 1880 3668 a

305 3700 422 3756 solo
470 3715 703 3770 corpore
762 3702 906 3756 illius
960 3702 1216 3757 monachi
1264 3720 1279 3759 :
1322 3712 1377 3757 et
1422 3706 1879 3772 quemadmodum

302 3798 589 3860 postiuam
618 3806 676 3844 se
703 3790 823 3844 aliis
852 3791 1233 3848 exsatiassent.
1266 3805 1434 3860 prope
1469 3791 1596 3844 illud
1627 3792 1881 3847 sedentes

304 3880 406 3935 visi
438 3889 568 3935 sunt
596 3882 778 3950 potius
816 3897 938 3935 esse
968 3884 1245 3945 custodes,
1271 3879 1421 3936 horis
1458 3883 1715 3953 deinceps
1742 3884 1880 3938 dua-

306 3977 411 4032 bus
457 3992 636 4048 neque
684 3978 1040 4045 recedentes,
1089 3994 1269 4048 neque
1316 3993 1518 4047 corpus
1561 3980 1881 4050 tangentes?

304 4068 458 4122 Alter
490 4080 672 4123 autem
698 4084 888 4123 rursus
914 4069 1191 4140 excipiens
1220 4069 1558 4125 orationem:
1591 4070 1703 4143 Ego
1731 4088 1880 4139 vero,

306 4158 506 4229 inquit,
540 4176 662 4214 cum
691 4176 916 4229 vespere
951 4177 1018 4217 ex
1047 4163 1265 4232 specula
1298 4163 1355 4217 in
1390 4162 1611 4218 domum
1641 4173 1883 4221 reverte-

307 4266 418 4315 rer,
452 4250 679 4307 videbar
721 4253 851 4307 mihi
883 4252 1067 4308 videre
1110 4253 1319 4309 stellam
1352 4253 1642 4325 quamdam
1681 4264 1880 4311 terram

306 4350 662 4415 tangentem,
712 4344 1015 4415 jucundum
1070 4346 1363 4416 quemdam
1418 4355 1499 4402 et.
1533 4348 1878 4419 perspicuum

309 4432 657 4503 splendorem
683 4437 1046 4492 emittentem.
1083 4437 1389 4506 Spectaculi
1430 4437 1610 4508 itaque
1640 4438 1881 4494 novitate

306 4527 754 4597 obstupefactus,
803 4528 947 4597 quod
994 4528 1198 4585 scilicet
1247 4545 1354 4583 non
1404 4529 1547 4585 sicut
1587 4530 1740 4595 alite,
1783 4532 1881 4587 sed

307 4619 570 4675 humilius
605 4632 660 4675 et
710 4630 868 4675 terra:
915 4620 1150 4677 vicinius
1198 4622 1594 4692 resplenderet,
1640 4621 1779 4678 vado
1821 4632 1882 4678 ut

306 4713 543 4775 videam,
572 4704 834 4782 quidnam
866 4714 935 4767 sit
982 4714 1136 4779 illud,
1167 4721 1310 4784 quod
1347 4725 1692 4786 apparuerat.
1742 4717 1880 4774 Cum

305 4811 489 4855 autem
525 4802 598 4855 {ui
632 4819 800 4873 prope
830 4804 984 4857 illum
1011 4804 1214 4871 locum,
1250 4806 1399 4861 illam
1425 4807 1643 4877 quidem
1672 4808 1881 4864 stellam

307 4892 498 4947 videre
542 4908 650 4947 non
682 4902 951 4964 poteram,
989 4894 1086 4950 sed
1135 4897 1308 4950 solum
1356 4913 1557 4968 corpus
1590 4900 1880 4966 monachi,

308 4982 453 5053 quod
488 4983 710 5054 iacebat
740 4999 904 5055 super
932 4992 1152 5040 terram.
1190 4987 1317 5043 Haec
1361 5004 1483 5042 rum
1514 5000 1798 5045 narrarent
1828 4999 1884 5046 et

307 5074 639 5130 mirarentur
662 5074 885 5140 milites,
917 5075 1137 5146 quidam
1161 5093 1227 5132 ex
1252 5078 1582 5134 Christianis
1617 5081 1878 5152 captivis,

306 5166 400 5238 qui
428 5166 714 5223 exercitati
749 5176 908 5223 erant
936 5169 991 5223 in
1022 5169 1208 5240 lingua
1236 5169 1475 5237 Persica,
1502 5187 1607 5242 qua
1635 5181 1763 5228 tunc
1806 5173 1881 5228 illi

308 5258 456 5313 inter
485 5274 544 5314 se
576 5258 890 5327 utebantur,
935 5260 1326 5317 intellexerunt
1356 5278 1439 5323 ea,
1476 5278 1596 5331 qua:
1625 5264 1883 5319 diceban-

306 5359 420 5406 tur.
461 5349 536 5404 Ex
569 5350 765 5420 quibus
794 5351 904 5405 duo
932 5352 1151 5422 quidam
1180 5352 1403 5407 relaxati
1438 5368 1468 5406 a
1493 5354 1738 5407 custodia
1765 5366 1886 5424 post

309 5446 695 5512 interemptum
732 5446 913 5515 regem
936 5444 1239 5509 Chosroen,
1263 5446 1369 5498 una‘
1397 5459 1522 5498 cum
1548 5445 1731 5500 multis
1763 5447 1885 5501 aliis

308 5546 583 5595 venerunt
650 5538 705 5591 in
757 5547 1002 5593 sanctam
1050 5536 1363 5601 civitatem,
1426 5536 1625 5606 quibus
1665 5537 1884 5606 quidem

308 5642 540 5702 martyr,
573 5646 696 5685 cum
744 5646 852 5684 una
888 5644 1013 5684 cum
1050 5628 1130 5683 eis
1154 5628 1379 5684 essetin
1407 5644 1647 5693 carcere,
1676 5627 1742 5685 de
1787 5645 1884 5686 sua

1977 591 2230 644 τοσοῦτον
2263 591 2469 660 ἀγαθὸν
2491 590 2629 663 λάθῃ
2653 595 2765 656 τοῖς
2811 592 3021 657 λοιποῖς
3060 596 3334 665 ἀναμιγὲν
3366 596 3557 667 σῶμα⁴

1980 698 2062 735 σιν
2081 723 2095 745 ,
2126 679 2313 753 εἷρξαν
2346 684 2396 735 οί
2426 683 2629 752 δήμιοι.
2665 683 3018 755 Μηνυθείσης
3047 685 3107 738 δὲ
3136 688 3250 749 τοῖς
3282 687 3380 741 τοῦ
3421 688 3557 742 Ἰεσ-

1977 775 2062 828 δὶν
2081 777 2217 838 υἱοῖς
2246 775 2342 843 τῆς
2361 774 2455 827 τοῦ
2478 774 2672 845 ἀνδρὸς
2696 773 3053 838 τελειώσεως,
3085 776 3311 847 πρδςσὴν
3340 777 3557 830 ἀπιόντι

1977 867 2056 938 τῷ
2082 868 2319 938 μάρτυρι
2340 867 2528 928 παῖδες
2554 868 2777 920 ἐκείνων
2800 864 2940 939 ἦσαν
2966 868 3389 931 ἀκολουθοῦντες
3406 869 3558 939 αὐτῷ

1979 961 2075 1015 καὶ
2111 961 2542 1031 ύπηρετούμενοι
2583 976 2599 993 θ
2636 964 2914 1031 χρήμασιν
2941 962 3363 1032 ὑποφθείρουσιν
3412 957 3559 1016 oin-tt

1978 1051 2080 1120 τὴν
2110 1050 2218 1104 τῶν
2245 1050 2454 1119 δημίων
2491 1048 2782 1118 ἀκρίϐειαν
2812 1050 2907 1102 καὶ
2944 1051 3044 1113 τὴν
3079 1050 3175 1102 τοῦ
3223 1050 3473 1121 σώματος
3499 1051 3559 1104 ιι

1983 1140 2239 1204 ἰδιάζοντι
2301 1140 2450 1211 τόπῳ
2504 1140 2841 1208 κατάθεσιν,
2896 1142 3174 1212 ἀργυρίων
3211 1141 3312 1194 οὐκ
3362 1141 3559 1209 ὀλίγων

1979 1233 2263 1286 ὠνοῦνται.
2297 1229 2428 1287 Εἶτα
2454 1235 2482 1285 ὁ
2518 1234 2612 1285 καὶ
2634 1234 3096 1304 συναποδημήσας
3127 1236 3196 1287 ὲκ
3220 1236 3560 1305 Καισαρείας

1978 1326 2058 1395 τῷ
2094 1327 2332 1395 μάρτυρι
2387 1325 2640 1396 μοναχδς,
2692 1328 2786 1379 καὶ
2843 1326 3094 1379 ἀθλοῦντι
3157 1327 3320 1396 μέχρι
3369 1326 3560 1391 τέλους

1984 1416 2475 1487 συμπαραμείνας,
2536 1409 2598 1470 οῦ
2650 1418 2744 1469 καὶ
2795 1417 2986 1487 μνείαν
3032 1417 3290 1480 πολλάκις
3337 1420 3365 1471 δ
3404 1419 3563 1487 ὒόγος

1981 1507 2133 1558 ἔθετο
2153 1547 2167 1570 ,
2202 1505 2327 1569 τούς
2349 1523 2408 1558 τε
2428 1506 2618 1568 παῖδας
2644 1507 2755 1566 τῶν
2780 1505 2873 1559 τοῦ
2904 1507 3091 1561 Ἱεσδὶν
3119 1508 3268 1563 υἱῶν.
3288 1509 3380 1560 καί
3403 1525 3559 1572 τινας

1980 1591 2087 1643 τῶν
2115 1592 2228 1643 ἐκεῖ
2263 1592 2513 1661 μοναχῶν
2543 1596 2625 1653 εἰς
2672 1593 2772 1664 τὴν
2813 1594 3075 1649 ἐπιοῦσαν
3107 1596 3278 1649 νύκτα
3308 1597 3561 1667 παραλα·

1983 1682 2114 1747 ϐὼν,
2148 1684 2243 1735 καὶ
2265 1683 2406 1736 ὥστε
2431 1685 2602 1738 τὸτοῦ
2637 1684 2917 1756 μάρτυρος
2970 1687 3132 1757 σῶμα
3181 1688 3341 1759 ίερῶ;
3373 1706 3431 1741 τε
3463 1688 3561 1741 καὶ

1979 1776 2140 1838 ὁσίως
2174 1777 2509 1845 περιστεῖλαι
2558 1777 2884 1831 καταλαϐὼν
2932 1776 3001 1848 (ὣ
3053 1779 3169 1842 πῶς
3206 1779 3440 1846 ἀναξίως
3467 1780 3559 1833 cl-

1981 1872 2121 1924 νέσω
2153 1871 2630 1941 σου,Χριστὲ,τῶν
2660 1871 2952 1940 θαυμάτων
2981 1873 3039 1926 τὸ
3074 1872 3302 1942 μέγεθος
3322 1870 3386 1944 ;),
3408 1873 3560 1944 εὑρί-

1982 1980 2102 2017 σκει
2145 1965 2270 2025 τοὺς
2320 1963 2493 2027 κύνας
2544 1963 2614 2017 τὰ
2675 1963 2775 2033 μὲν
2823 1965 2958 2017 ἄλλα
2997 1964 3104 2017 τῶν
3129 1967 3399 2035 σωμάτων
3452 1965 3560 2036 ὅλῳ

1980 2050 2205 2118 στόματι
2226 2051 2636 2114 κατεσθίοντας,
2663 2051 2855 2105 τούτου
2887 2053 2943 2106 δὲ
2978 2054 3137 2122 μόνον
3184 2055 3281 2107 καὶ
3314 2055 3438 2108 λίαν
3460 2073 3561 2109 πει

1981 2140 2342 2211 φυλατμένως
2381 2142 2603 2212 ἔχοντας
2625 2148 2717 2195 καὶ
2750 2144 3139 2213 ἀπεχομένους,
3168 2139 3258 2198 οἷα
3290 2145 3423 2215 μηδὲ
3457 2146 3559 2198 σά.-

1980 2248 2148 2301 ματος
2175 2232 2256 2285 ἔτι
2286 2233 2468 2302 νόμοις
2494 2234 2881 2302 ὑποκειμένου.
2911 2236 3052 2305 Ἤδη
3066 2237 3172 2305 γὰρ
3190 2232 3259 2308 ἦν
3288 2238 3559 2304 στέφανος

1980 2325 2209 2387 κάλλους
2238 2328 2294 2379 ἐν
2324 2327 2468 2396 χειρὶ
2499 2328 2731 2397 Κυρίου,
2765 2331 2792 2380 ὁ
2828 2328 2971 2392 θεῖος
3010 2330 3076 2382 ἂν
3109 2326 3263 2383 εἷπεν
3303 2329 3557 2391 Ἡσαΐας,

1979 2418 2073 2471 καὶ
2112 2416 2352 2488 διάδημα
2411 2418 2693 2489 βασιλείας
2742 2421 2801 2472 ὲν
2852 2420 2997 2491 χειρὶ
3044 2421 3181 2475 Θεοῦ
3238 2421 3430 2475 αὑτοῦ.
3484 2422 3561 2473 Τὸ

1980 2508 2139 2577 σῶμα
2165 2508 2342 2563 τοίνυν
2362 2509 2456 2563 τοῦ
2490 2511 2765 2581 μάρτυρος
2789 2512 3132 2582 ἀνελόμενος,
3162 2512 3258 2565 καὶ
3288 2513 3563 2582 καθαραῖς

1978 2599 2209 2664 ὀθόναις,
2231 2591 2299 2664 ἃς
2320 2601 2368 2654 οἱ
2397 2600 2490 2654 τοῦ
2534 2602 2722 2654 Ἰεσδὶν
2749 2604 2854 2656 uici.
2877 2602 3188 2657 τελευταῖον
3207 2603 3289 2674 τῷ
3323 2605 3563 2673 μάρτυρι

1978 2688 2255 2762 παρέσχον
2306 2694 2599 2762 ὲντάριον,
2640 2696 2701 2747 τδ
2734 2696 2974 2767 καθαρὸν
3009 2698 3183 2750 ἐκεῖνο
3248 2699 3345 2749 καὶ⁵
3400 2695 3561 2763 ἄτιον

1980 2786 2287 2856 ἑνειλήσας,
2311 2788 2390 2850 είς
2417 2789 2518 2859 τὴν
2540 2789 2637 2841 τοῦ
2679 2789 2958 2861 μάρτυρος
3005 2789 3232 2862 Σεργίου
3279 2790 3446 2861 μονὴν
3480 2791 3568 2843 ὲκὶ

1981 2880 2191 2948 σημείῳ
2223 2875 2320 2948 τῆς
2349 2880 2538 2950 κώμης
2569 2880 2850 2950 διέχουσαν
2872 2882 3251 2946 κατατίθεται,
3293 2882 3565 2934 ἑπτακαι-

1985 2968 2197 3040 δεκάτῳ
2227 2970 2324 3040 μὲν
2349 2970 2459 3024 ἔτει
2489 2974 2587 3041 τῆς
2629 2969 2953 3044 Ἡρακλείου
2995 2973 3087 3027 τοῦ
3116 2972 3375 3034 εὐσεϐοῦς
3410 2972 3568 3043 βασι-

1988 3060 2158 3126 λείας,
2182 3062 2357 3115 εἰκάδι
2384 3064 2440 3117 es
2472 3064 2565 3117 καὶ
2588 3064 2818 3134 δευτέρᾳ
2844 3064 3014 3135 μηνὸς
3030 3063 3364 3135 Ἰανουαρίου
3386 3064 3560 3133 ,Αὕτη

1984 3152 2093 3223 γὰρ
2113 3148 2180 3223 ἦν
2198 3155 2229 3222 ἡ
2246 3155 2338 3207 καὶ
2360 3154 2458 3223 τὴν
2478 3154 2736 3226 τελευτὴν
2757 3154 2941 3208 ίδόῦσα
2954 3154 3046 3208 τοῦ
3068 3156 3336 3227 μάρτυρος
3357 3155 3564 3228 ἡμέρα.

2057 3244 2191 3301 KZ’.
2231 3246 2322 3309 Εἰς
2352 3247 2407 3299 δὲ
2435 3247 2533 3317 τὴν
2565 3247 2824 3301 ἐπιοῦσαν
2852 3249 2947 3301 δύο
2983 3248 3092 3302 τῶν
3121 3250 3213 3301 ἐπὶ
3257 3250 3358 3319 τῆς
3388 3248 3566 3317 φυλα-

1981 3340 2080 3410 κῆς
2108 3355 2293 3397 τινων.
2316 3338 2541 3392 τοιαῦτα
2574 3341 2711 3410 πρὸς
2761 3340 3024 3412 ἀλλήλους
3069 3342 3291 3395 ἀκούειν
3350 3341 3564 3412 ὑπῆρξε

1980 3429 2369 3500 διηγουμένων.
2438 3433 2497 3484 '0
2559 3432 2659 3503 μὲν
2710 3433 2822 3505 γὰρ
2870 3434 3024 3504 ἔλεγε
3055 3434 3133 3505 τῷ
3165 3435 3337 3503 ἑτέρῳ
3363 3451 3377 3464 ο
3411 3432 3567 3499 Εἶδες

1978 3523 2126 3580 ὃπως
2156 3523 2279 3592 χθὲς
2309 3522 2555 3589 ἑλτόντες
2576 3526 2627 3578 οἱ
2655 3526 2818 3589 κύνες
2849 3526 2959 3579 τῶν
2993 3527 3091 3597 μὲν
3125 3526 3330 3580 λοιπῶν
3365 3526 3565 3597 χανδὸν

1980 3615 2385 3686 ἐνεπίμπλαντο
2412 3619 2707 3688 σωμάτων,
2741 3619 2902 3689 μόνον
2927 3618 2984 3672 δὲ
3017 3617 3110 3673 τοῦ
3141 3619 3379 3690 μοναχοῦ
3411 3620 3564 3673 ὲκεί-

1980 3727 2071 3764 νου
2096 3711 2384 3780 ἀπείχοντο
2402 3751 2417 3778 ,
2454 3714 2549 3766 καὶ
2596 3713 2743 3776 ὅπως
2766 3714 2998 3784 ἐπείπερ
3028 3714 3229 3777 ἱκανῶς
3252 3714 3358 3766 τῶν
3386 3712 3567 3766 ἄλλων

1981 3804 2447 3874 ἑμφορηθείησαν,
2482 3805 2710 3873 πλησίον
2733 3807 2947 3860 ἐκείνου
2970 3806 3270 3874 καθήμενοι
3320 3805 3566 3874 φύλακες

1980 3894 2170 3966 ὥσπερ
2200 3889 2338 3949 εἷναι
2361 3897 2563 3965 μᾶλλον
2593 3896 2856 3968 ἐῴκεσαν,
2888 3897 3047 3969 ὡρῶν
3089 3897 3214 3966 ἑξῆς
3260 3897 3370 3951 δύω
3421 3898 3566 3967 μήτε

1981 3985 2394 4058 ἀποχωροῦντες
2431 3988 2567 4058 μήτε
2598 3987 2693 4041 τοῦ
2720 3987 2971 4058 σώματος
3002 3988 3297 4059 θήγοντεςς
3333 3989 3567 4059 Ἀτερος

1981 4076 2040 4131 δὲ
2062 4078 2222 4133 πάλιν
2242 4078 2332 4132 τὸν
2356 4078 2513 4148 λόγον
2532 4078 2845 4146 ὑπολαϐὼν,
2865 4081 3010 4147 Ἐγὼ
3023 4082 3102 4147 δὲ,
3128 4082 3567 4152 φησὶν,ὲσπέρας

1944 4218 1951 4223 .
1982 4169 2048 4222 ὲκ
2075 4170 2171 4239 τῆς
2204 4170 2557 4241 κατασκοπῆς
2603 4173 2682 4234 εἰς
2713 4170 2812 4241 τὴν
2838 4172 3017 4227 οίκίαν
3054 4172 3316 4239 ἐπανιὼν,
3344 4175 3568 4228 ἐδόκουν

1982 4260 2191 4331 ἀστέρα
2239 4261 2361 4314 τινὰ
2416 4263 2511 4326 τῆς
2555 4261 2658 4332 γῆς
2687 4261 2931 4332 ψαύοντα
2961 4262 3205 4333 βλέπειν,
3259 4265 3356 4334 ἡδύ
3384 4282 3437 4318 τι
3465 4268 3568 4344 καὶ

1983 4351 2239 4420 διαφανὲς
2266 4352 2748 4422 ἀπαστράπτοντα·
2776 4354 2869 4408 καί⁵
2894 4353 2955 4407 τὸ
2976 4355 3160 4410 καινὸν
3188 4356 3371 4410 τοίνυν
3394 4374 3571 4410 κατα-

1907 4465 1962 4525 D
1990 4444 2217 4512 πλαγεὶς
2250 4443 2345 4497 τοῦ
2376 4444 2682 4515 θεάματος,
2709 4448 2859 4510 ὅπως
2885 4447 2947 4500 ού
2981 4449 3124 4501 κατά
3166 4448 3296 4512 τοὺς
3342 4449 3571 4513 λοιποὺς

1991 4533 2060 4610 ἦν
2088 4538 2347 4609 ἀστέρας,
2380 4539 2519 4592 ἀλλὰ
2552 4539 2810 4610 χθαμαλιρ⁴
2843 4540 2939 4595 καὶ
2989 4542 3256 4612 πρόσγεια
3308 4542 3569 4614 λάμπων,

1985 4629 2291 4700 πορεύομαι
2342 4631 2396 4684 τί
2452 4630 2572 4684 ποτ’
2598 4631 2667 4685 ἂν
2693 4633 2779 4703 εἴη
2830 4635 2893 4687 τὸ
2925 4635 3093 4703 φανὲν
3143 4637 3321 4690 ἐκεῖνο
3349 4635 3568 4707 μαθεῖν.

1997 4723 2084 4785 Ὠς
2112 4721 2166 4775 δὲ
2190 4722 2288 4792 ἤδη
2316 4722 2543 4791 πλησίον
2575 4724 2842 4796 ἐγενόμην
2866 4725 2959 4779 τοῦ
3004 4725 3191 4791 τόπου,
3234 4729 3441 4798 ἀστέρα
3466 4729 3573 4798 μὲν

1983 4813 2192 4867 ἐκεῖνον
2236 4814 2337 4867 οὐκ
2385 4810 2529 4883 εἶχον
2584 4816 2739 4885 ὁρᾷν,
2775 4817 2934 4886 μόνον
2982 4818 3040 4870 δὲ
3073 4819 3132 4871 τὸ
3179 4818 3273 4871 τοῦ
3326 4821 3571 4890 μοναχοῦ

1984 4904 2143 4974 σῶμα
2174 4905 2424 4974 κείμενον
2451 4904 2539 4958 ἐπ’
2571 4906 2826 4976 ἐδάφους.
2860 4907 3046 4962 Ταῦτα
3073 4909 3182 4963 τῶν
3213 4913 3571 4982 στρατιωτῶν

1984 4998 2044 5051 ἐν
2075 4997 2439 5067 διηγήσεικαὶ
2481 4998 2723 5068 θαύματι
2778 5002 3142 5072 ποιουμένων,
3173 5003 3317 5066 τινὲς
3362 5004 3472 5057 τῶν
3510 5007 3572 5058 ὲν

1983 5088 2050 5157 τῇ
2075 5087 2293 5159 φυλακῇ
2326 5089 2668 5158 Χριστιανῶν
2728 5091 3116 5162 αἰχμαλώτων,
3181 5095 3281 5164 τὴν
3338 5095 3571 5167 Περσῶν

1988 5176 2297 5247 ἠσκημένοι
2348 5176 2637 5245 γλῶσσαν,
2768 5181 2891 5234 τότε
2936 5171 3178 5235 κάκεῖνοι
3210 5181 3345 5253 πρὸς
3392 5181 3567 5251 ἀλλή-

1985 5268 2110 5332 λους
2158 5268 2435 5338 ἐχρῶντο,
2481 5268 2592 5322 τῶν
2645 5269 2958 5343 λεγομένων
3010 5275 3282 5337 συνίεσαν,
3341 5267 3419 5327 ὧν
3467 5277 3569 5329 καὶ

1986 5360 2079 5414 δύο
2106 5364 2248 5424 τινὲς
2282 5360 2383 5429 τῆς
2411 5359 2659 5432 φυλακῆς
2692 5362 2976 5427 ἀνεθέντες
3011 5365 3150 5434 μετά
3195 5364 3294 5436 τὴν
3320 5364 3568 5439 Χοσρὸου

1986 5450 2081 5505 τοῦ
2115 5451 2379 5519 βασιλέως
2412 5451 2715 5523 ἀναίρεσιν,
2752 5456 2847 5509 σὺν
2872 5455 2989 5523 ἅμα
3018 5454 3233 5519 πολλοῖς
3254 5458 3350 5510 καὶ
3384 5457 3570 5522 ἄλλοις

1987 5540 2085 5610 τὴν
2117 5540 2280 5608 ἁγίαν
2307 5540 2462 5593 πόλιν
2491 5541 2824 5596 κατέλαϐονο
2874 5537 2956 5607 οἷς
2992 5544 3165 5614 δήπου
3200 5545 3300 5600 καὶ
3327 5545 3508 5601 συνὼν
3538 5550 3569 5600 ὁ

1994 5632 2202 5703 μάρτυς
2233 5634 2289 5685 ἐν
2336 5632 2416 5703 τῷ
2437 5633 2835 5706 δεσμωτηρίῳ,
2868 5637 2993 5707 περί
3025 5655 3083 5690 τε
3116 5638 3214 5709 τῆς
3254 5640 3446 5696 ἑαυτοῦ
3475 5656 3571 5694 τε-

380 5765 815 5843 (QLSergiumnin
829 5766 1243 5843 veneratione}:
1275 5765 1803 5843 Chgsroehhahitmn
1822 5770 2383 5843 memorat_Barouiiis
2414 5770 2747 5843 obplurima
2772 5773 2826 5829 in
2851 5774 3027 5843 ipsum
3056 5775 3249 5831 collata
3271 5776 3565 5835 beneﬁcia.

378 5838 489 5911 (ιο)
527 5836 761 5894 Her-aelii
794 5838 858 5894 l7
897 5838 1114 5910 imperii
1146 5836 1323 5893 annus
1359 5836 1460 5892 fuit
1500 5838 1705 5895 Christi
1744 5840 1866 5905 6:27,
1914 5851 2053 5903 teste
2093 5841 2321 5895 Barcnio
2363 5852 2400 5896 ι.
2447 5836 2560 5895 Vili
2592 5842 2785 5899 Annal.
