3832 6484
313 446 425 514 899

1429 435 1609 498 VITA
1641 434 1703 496 S.
1745 432 2153 495 ANAS’I‘ASII
2193 432 2481 496 PERSE.

3477 438 3587 503 810

314 561 584 624 λειώσεως
613 558 709 614 καὶ
741 557 844 629 τῆς
873 556 1141 628 σφετέρας
1182 553 1517 626 ἐλευθερίας,
1561 551 1662 622 τῆς
1709 568 1769 605 τε
1804 551 1899 606 τοῦ

2014 554 2478 609 consummatione
2512 561 2568 609 et
2591 552 2658 609 de
2700 567 2886 608 eorum
2912 552 3241 612 liberatione
3270 566 3324 614 et
3353 557 3421 614 de
3454 563 3583 618 saevi

314 677 336 710 τ
358 657 513 729 ικροῦ
543 653 798 715 διώκτου,
832 650 930 705 καὶ
977 650 1246 721 τυράννου
1289 649 1489 721 μᾶλλον
1548 648 1583 719 ἢ
1629 645 1896 719 βασιλέως

313 751 674 822 ἀναιρέσεως,
698 743 1072 816 άψευδέστατα
1101 744 1425 814 προειρήκει
1469 739 1774 811 διαρρήδην
1802 737 1897 791 οὕ-

312 860 417 903 τως
452 839 643 893 εἰπών·
686 835 1013 901 Γινώσκετε,
1060 834 1282 904 ἀδελφοί
1325 851 1451 904 μου,
1499 833 1583 886 ὅτι
1632 828 1769 885 Θεοῦ
1801 829 1897 883 τοῦ

312 933 519 1003 ἀγαθοῦ
543 932 750 1004 χάριτι,
779 927 891 1000 ἐγὼ
919 928 1021 1000 μὲν
1049 926 1238 999 αὔριον
1263 925 1577 994 τελειοῦμαι
1601 939 1614 953 °
1652 923 1809 993 ὒμεῖς
1838 921 1898 976 δέ

315 1027 457 1097 μετά
485 1042 635 1088 τινας
663 1023 852 1091 ὀλίγας
887 1021 1099 1093 ἡμέρας
1128 1016 1536 1090 ἀπολυθήσεσθε
1557 1032 1572 1049 ⁸
1595 1017 1685 1070 ὅτε
1712 1014 1923 1094 ἄδικος.

312 1119 408 1173 καὶ
439 1117 809 1188 πονηρότατος
834 1114 1090 1186 βασιλεὺς
1136 1111 1583 1183 ἀναιρεθήσεται,
1627 1107 1745 1162 ἀλλ’
1764 1105 1897 1176 ὑμῖν

312 1210 450 1264 Θεοῦ
475 1210 533 1263 δὲ
578 1210 798 1271 πάντως
840 1205 1165 1278 κυϐερνήσει
1217 1204 1315 1259 καὶ
1365 1200 1560 1273 ὁδηγίίι
1606 1198 1747 1271 πρὸς
1795 1198 1897 1268 τὴν

313 1304 479 1373 ἁγίαν
502 1302 659 1358 πόλιν
685 1299 968 1355 ἐπανιοῦσι
998 1297 1228 1368 μελήσει
1258 1295 1355 1352 καὶ
1382 1297 1448 1367 τῇ
1475 1295 1613 1365 μονῇ
1636 1290 1732 1345 τοῦ
1756 1289 1903 1344 ἀϐϐᾶ

326 1393 682 1448 ’Δναστασίου
718 1388 1080 1462 παραϐαλεῖν,
1109 1386 1207 1441 καὶ
1231 1384 1361 1452 παρ’
1386 1380 1546 1453 ἡμῶν
1576 1379 1902 1451 προσειπεῖν

314 1488 414 1541 καὶ
443 1484 621 1541 πάντα
644 1483 723 1556 τῷ
740 1500 799 1536 τε
822 1480 993 1555 πατρί
1021 1496 1127 1552 μου
1156 1479 1251 1534 καὶ
1281 1480 1395 1541 τοῖς
1421 1474 1672 1545 ἀδελφοῖς
1716 1474 1900 1539 ἀπαγ-

316 1577 517 1649 γεῖλαι.
537 1575 752 1639 Ταύτας
767 1573 829 1628 οὐ
855 1574 1015 1645 μόνον
1038 1572 1240 1625 ἐκεῖνοι
1256 1567 1359 1632 τὰς
1381 1561 1906 1639 προρρήσειςζάκοὺ·

315 1687 534 1736 σαντες,
591 1667 731 1723 ἀλλά
786 1665 883 1721 καὶ
928 1667 1009 1729 είς
1039 1663 1203 1734 ἔργον
1236 1660 1336 1726 τὰς
1389 1659 1646 1721 ἐκϐάσεις
1680 1656 1902 1721 ἰδόντες,

314 1762 420 1827 τὰς
440 1758 758 1823 τελευταίας
788 1755 885 1811 τοῦ
919 1756 1193 1827 μάρτυρος
1223 1750 1442 1815 ἐντολὰς
1472 1749 1573 1804 οὐκ
1604 1747 1903 1819 ἠτίμασαν,

312 1854 455 1909 ἀλλὰ
484 1852 703 1924 θέμενοι
751 1850 851 1921 τὴν
900 1848 1041 1918 πρὸς
1080 1847 1182 1918 τὴν
1231 1844 1399 1918 μονὴν
1447 1842 1563 1898 ὁδὸν
1596 1840 1692 1896 καὶ
1731 1840 1905 1909 αὐτῆς

320 1946 585 2002 ἐπανόδου
604 1942 1024 2015 προτιμοτέραν·
1048 1939 1194 2012 ἢκαὶ
1216 1938 1410 2012 ῥᾳδίας
1429 1934 1630 2008 μᾶλλον
1644 1933 1701 1987 δὲ
1726 1933 1899 2004 αὐτὴν

316 2038 415 2094 καὶ
442 2038 654 2109 ὁμαλῆς
698 2036 954 2106 τυχόντες
992 2032 1094 2105 τῆς
1154 2031 1457 2095 ἐπανόδου,
1513 2029 1609 2082 καὶ
1638 2027 1704 2098 τῇ
1759 2027 1896 2096 μονῇ

2000 646 2372 715 persecutoris
2403 654 2459 701 et
2502 646 2719 719 tyranni
2752 647 2937 718 potius
2982 664 3147 720 quam
3180 650 3323 722 regis
3354 650 3585 709 interfe-

1998 737 2202 805 ctione,
2243 738 2532 794 verissime
2584 739 2928 810 pnedixerat,
2983 742 3065 797 sic
3111 752 3301 814 aperte
3354 744 3585 802 dicens:

2000 828 2438 899 Soiatis,fratres
2454 832 2581 898 mei,
2616 848 2704 888 me
2732 832 2860 888 boni
2894 834 3114 904 quidem
3146 834 3240 890 Dei
3271 836 3442 907 gratia
3467 852 3591 893 eras

1999 933 2123 976 esse
2148 922 2643 977 consurnmandum
2670 940 2683 974 :
2708 938 2810 978 vos
2840 932 3024 979 autem
3064 927 3254 996 paucis
3304 936 3430 998 post
3468 928 3588 983 die-

2000 1008 2106 1065 bus
2130 1008 2475 1076 liberandos,
2506 1012 2726 1080 quando
2758 1029 2854 1068 rex
2899 1015 3278 1085 iniquissimus
3316 1027 3372 1073 et
3414 1019 3590 1074 scele-

2000 1098 2308 1157 ratissimus
2333 1100 2499 1157 fuerit
2527 1103 2910 1175 interemptus.
2932 1103 3206 1162 Caeterum
3230 1108 3403 1170 vobis,
3433 1125 3584 1176 eum,

2003 1190 2118 1248 Deo
2146 1192 2372 1252 omnino
2398 1206 2621 1266 regente
2648 1205 2705 1249 et
2731 1197 2986 1263 ducente,
3017 1199 3070 1252 in
3101 1210 3344 1255 sanctam
3374 1200 3589 1258 fueritis

2004 1286 2215 1342 reversi
2247 1287 2549 1354 civitatem,
2597 1303 2744 1344 curae
2790 1290 2896 1344 erit
2940 1290 3009 1345 ad
3046 1292 3268 1347 abbatis
3320 1292 3591 1348 Anastasii

2006 1394 2108 1435 vos
2155 1378 2408 1435 conferre
2456 1381 2852 1436 monasterium
2899 1388 2957 1437 et
3004 1397 3102 1437 eos
3139 1393 3331 1439 nostro
3369 1386 3593 1440 nomine

2008 1470 2246 1529 salutare
2264 1479 2322 1526 et
2347 1472 2530 1528 omnia
2552 1474 2885 1529 annuntiare
2902 1474 3055 1546 patri
3080 1490 3201 1530 meo
3227 1485 3281 1531 et
3308 1475 3589 1533 fratribus.

2009 1562 2121 1619 Has
2150 1564 2537 1634 prmdictiones
2565 1580 2690 1620 cum
2726 1566 2803 1621 illi
2847 1581 2959 1621 non
3010 1567 3189 1622 solum
3228 1569 3591 1637 audivissent,

2011 1655 2110 1712 sed
2160 1656 2417 1713 effectum
2462 1657 2625 1714 etiam
2674 1658 2946 1715 vidissent
2995 1669 3353 1727 consecutas,
3406 1662 3595 1717 ultima

2010 1749 2266 1806 mandata
2320 1752 2573 1823 martyris
2626 1767 2737 1808 non
2788 1754 3248 1824 neglexerezsed
3293 1755 3483 1811 venire
3527 1757 3595 1811 ad

2010 1845 2428 1913 monasterium,
2443 1845 2612 1915 pluris
2627 1849 2819 1916 quam‘i
2826 1863 2986 1919 psum
2996 1848 3267 1904 facientes
3280 1849 3599 1914 reditum,et

2011 1934 2087 1989 ita
2114 1943 2346 1990 uterant
2372 1936 2501 1991 fessi
2524 1952 2590 1991 ex
2623 1939 2839 2004 itinere,
2865 1954 2991 1995 cum
3019 1955 3121 1994 suo
3140 1941 3337 1994 viatico
3367 1942 3596 1995 venien-

2006 2034 2094 2082 tes
2118 2027 2174 2082 in
2196 2029 2613 2094 monasterium,
2634 2041 3010 2101 exposuerunt
3031 2033 3213 2087 omnia
3244 2033 3593 2087 fraternitati.

318 2134 398 2198 ὡς
444 2129 591 2205 εἶχον
620 2131 774 2203 αὐτῷ
814 2129 1051 2201 καμάτῳ
1072 2128 1169 2197 τῆς
1193 2124 1505 2194 ὁδοιπορίας
1525 2124 1712 2213 αὐτοῖς
1753 2122 1990 2193 ἐφοδίοις
2017 2124 2452 2194 παραϐαλόντες,
2503 2128 2684 2182 πάντα
2708 2130 2775 2199 τῇ
2806 2128 3131 2200 ἀδελφότητι
3164 2130 3523 2201 ἐξηγῆσαντο.

393 2224 531 2282 KH'.
571 2226 631 2279 '0
683 2226 868 2295 μέντοι
920 2220 1184 2283 πολλάκις
1245 2216 1645 2291 μνημονευθεὶς
1678 2214 1908 2285 ἀδελφός

2084 2216 2325 2275 XXVIII.
2360 2218 2550 2276 Frater
2582 2229 2789 2285 autem,
2810 2221 2974 2292 cujus
3002 2237 3147 2292 saepe
3169 2221 3309 2277 facta
3336 2232 3421 2278 est
3448 2238 3602 2278 men-

320 2319 432 2392 (ἐπ⁹
455 2318 617 2372 αὐτὸν
650 2318 756 2387 γὰρ
781 2315 904 2385 άγει
930 2315 1024 2367 καὶ
1056 2313 1220 2367 πάλιν
1245 2313 1315 2366 τὰ
1340 2314 1439 2384 τῆς
1469 2308 1792 2374 ἀκολουθίας
1819 2308 1913 2363 τὸν

316 2396 516 2481 λόγον)
559 2410 622 2463 τὸ
649 2407 745 2463 τοῦ
769 2410 1047 2479 μάρτυρος
1070 2405 1228 2477 σῶμα
1256 2405 1353 2459 σὺν
1374 2401 1630 2475 εὐλαϐείᾳ
1658 2403 1750 2456 καὶ
1771 2401 1914 2474 μάρε

316 2520 445 2559 τυσι
479 2500 820 2574 πρεπούσαις
844 2500 1053 2570 τιμαῖς,
1095 2499 1176 2560 είς
1225 2495 1323 2568 τὴν
1357 2492 1453 2548 τοῦ
1497 2493 1735 2565 μεγάλου
1770 2493 1910 2564 Σερο

317 2596 443 2666 γίου
467 2595 636 2666 μονὴν
657 2592 1054 2663 καταθέμενος,
1076 2590 1270 2662 χρόνον
1312 2588 1413 2658 μέν
1451 2603 1574 2639 τινα
1606 2585 1700 2639 καὶ
1744 2584 1912 2647 αὐτὸς

318 2691 439 2743 ἐκεῖ
463 2686 754 2759 διατρίϐων
788 2680 855 2756 ἦν
879 2701 895 2715 ·
924 2682 1021 2737 καὶ
1049 2683 1200 2744 ὅπως
1229 2677 1537 2749 ἀνασωθείη
1573 2678 1711 2750 πρός
1731 2692 1792 2729 τε
1818 2676 1911 2729 τὴν

321 2780 616 2854 πέμψαντα
638 2779 873 2842 καὶτοὺς
895 2777 1158 2847 ἀδελφοὺς
1181 2773 1442 2829 κινδύνων
1459 2772 1652 2844 χωρὶς,
1674 2768 1912 2824 σκοπού‹

322 2891 511 2949 μενος.
570 2872 784 2945 Δεκάιῃ
833 2872 893 2926 δὲ
959 2869 1099 2945 μετὰ
1145 2869 1246 2940 τὴν
1303 2866 1562 2937 λειψάνου
1617 2862 1911 2919 κατάθεσιν

319 2970 528 3041 ἡμέρᾳ,
564 2966 978 3035 καταλαμϐάνει
1016 2963 1158 3035 μετὰ
1200 2964 1304 3032 τῆς
1339 2961 1602 3033 στρατιᾶς
1654 2955 1911 3028 βασιλεὺς

319 3065 533 3135 ἐτερος,
570 3062 682 3133 Οὐχ
707 3056 819 3123 οἷος
871 3058 900 3110 ὁ
930 3055 1329 3131 προειρημένος
1381 3053 1615 3123 διώκτης
1647 3053 1743 3105 καὶ
1774 3050 1913 3104 όιπο⁴

324 3158 529 3226 στάτης
549 3155 642 3209 καὶ
669 3153 766 3225 τὴν
797 3149 992 3205 κακίαν
1015 3148 1269 3221 περιττὸς
1302 3147 1397 3201 καὶ
1425 3145 1723 3215 ἀνήκεστος
1741 3160 1755 3175 ·
1775 3142 1914 3198 ἀλλὰ

323 3250 417 3303 καὶ
439 3248 561 3301 λίαν
587 3246 836 3316 ἐπιεικής
865 3259 926 3296 τε
953 3243 1047 3296 καὶ
1087 3241 1298 3313 ἥμερος
1328 3239 1425 3291 καὶ
1480 3237 1582 3308 τὴν
1628 3233 1913 3289 εὖσέϐειαν

326 3341 524 3409 ἐκείνῳ
550 3338 751 3409 μᾶλλον
772 3334 872 3389 καὶ
896 3335 996 3406 τὴν
1026 3330 1440 3403 φιλανθρωπίαν
1483 3327 1759 3389 ἀντίθετος
1777 3342 1792 3357 '
1819 3323 1914 3389 οὓς

330 3431 456 3488 ἰδὼν
507 3432 601 3484 ἐπὶ
634 3429 790 3498 ξένης
817 3426 988 3499 ἡδέως
1021 3426 1051 3478 ό
1105 3422 1337 3495 μοναχὸς
1379 3420 1632 3490 καθάπερ
1673 3418 1825 3482 τινάς
1855 3419 1913 3472 ἐν

329 3526 511 3595 σκότῳ
535 3520 826 3594 λαμπάδας
844 3520 959 3584 καὶ,
986 3517 1098 3571 τῶν
1120 3516 1252 3588 περὶ
1282 3515 1383 3586 τὴν
1407 3513 1665 3567 ἐπάνοδον
1688 3510 1911 3582 φροντί-

327 3618 436 3671 δων
462 3616 626 3680 εὐθὺς
650 3614 745 3668 καὶ
776 3612 871 3666 τοῦ
905 3612 1003 3683 τῆς
1039 3609 1280 3681 ἀθυμίας
1300 3605 1644 3668 ἀναπνεύσας
1676 3604 1874 3675 ἄχθους
1895 3643 1912 3670 ,
1938 3597 1986 3657 C

331 3711 424 3764 καὶ
457 3710 556 3781 τὴν
577 3708 757 3779 ψυχὴν
777 3704 943 3760 οἱονεὶ
969 3701 1304 3772 κουφισθεὶς,
1332 3695 1420 3754 οἷα
1450 3700 1544 3753 καὶ
1569 3698 1739 3767 αὐτὴν
1764 3696 1917 3750 ἀδελ.

333 3803 545 3876 φότητα
566 3802 660 3854 καὶ
691 3799 857 3871 μονὴν
887 3798 988 3851 οὐκ
1012 3797 1091 3859 είς
1110 3795 1331 3867 μακράν
1351 3791 1580 3862 ὄψεσθαι
1609 3788 1913 3860 προσδοκή-

331 3914 454 3964 σας,
476 3898 541 3968 τῇ
596 3893 864 3966 Ἑλλήνων
898 3890 1096 3953 αὐτοὺς
1116 3886 1340 3960 γλώσσῃ
1368 3882 1789 3956 προσαγορεύει,
1824 3879 1915 3934 τὸν

331 3988 748 4059 ἀναγνωρισμὸν
777 3987 888 4047 τοῖς
921 3982 1147 4052 ἀνδράσι
1178 3977 1541 4048 διαφωτίζων.
1570 3977 1656 4046 ,οί
1678 3976 1755 4047 ,δὲ
1783 3974 1916 4045 Χρι-

333 4080 552 4137 στιανὸν
580 4079 740 4133 αὐτὸν
797 4074 937 4131 εἶναι
993 4078 1232 4143 γνόντες,
1291 4074 1524 4143 πρᾶγμα
1560 4070 1803 4140 ἐσχάτως
1857 4071 1915 4119 ἐν

331 4172 555 4245 Περσίδι
589 4170 849 4236 σπανίζον
904 4167 1086 4240 (τοῦτο
1137 4167 1247 4237 γὰρ
1299 4165 1392 4219 καὶ
1424 4164 1485 4218 τὸ
1521 4163 1632 4216 τῶν
1663 4159 1915 4234 μοναχῶν

329 4267 539 4336 ἔνδυμα
570 4263 665 4318 καὶ
689 4264 720 4315 ὁ
751 4263 909 4330 λόγος
934 4260 1217 4332 ἐμήνυον),
1249 4258 1447 4329 ήροντο
1467 4255 1626 4309 αὑτὸν
1650 4254 1683 4309 ὃ
1711 4271 1764 4308 τι
1785 4254 1915 4307 ποτε

328 4363 414 4433 είη
448 4358 744 4431 διατρίϐων
767 4355 1024 4412 ἐνταῦθα.
1061 4353 1170 4407 Τοῦ
1199 4352 1256 4406 δὲ
1279 4351 1422 4406 κατὰ
1447 4351 1611 4423 μέρος
1642 4347 1917 4410 αὑτοῖςντὰ

327 4455 475 4510 κατὰ
520 4454 613 4507 τὸν
646 4451 916 4525 μακάριον
968 4446 1426 4518 ἀπαγγείλαντος,
1478 4444 1639 4497 τοῦτο
1673 4444 1793 4514 μὲν,
1834 4444 1915 4506 εἰς

325 4550 497 4604 πόθον
518 4549 716 4601 ἐκεῖνοι
749 4542 845 4598 τοῦ
876 4543 1155 4615 μάρτυρος
1178 4580 1194 4601 ,
1250 4539 1412 4592 τοῦτο
1438 4537 1495 4590 δὲ
1533 4536 1627 4591 καὶ
1662 4539 1741 4601 είς
1770 4554 1913 4606 συμ-

324 4642 564 4696 πάθειαν
593 4639 689 4692 τοῦ
726 4636 963 4708 μοναχοῦ
1000 4635 1100 4698 τὰς
1131 4633 1312 4705 ψυχὰς
1352 4630 1694 4702 κινηθέντες,
1741 4630 1820 4694 εἰς
1852 4644 1911 4682 τε

322 4738 424 4800 τὰς
455 4733 663 4797 οἰκείας
692 4734 895 4804 σκηνὰς
928 4730 1019 4785 τὸν
1048 4726 1219 4801 ἄνδρα
1256 4727 1534 4791 λαϐόντες,
1568 4723 1822 4779 κοινωνόν
1851 4738 1911 4775 τε

323 4830 490 4882 αὑτὸν
515 4826 610 4880 καὶ
640 4826 837 4896 στέγης
871 4822 932 4888 ἐξ
963 4824 1176 4876 ἐκείνου
1209 4822 1306 4874 καλ⁸
1340 4817 1621 4890 τραπέζης
1654 4817 1914 4889 ποιούμε-

2019 2311 2095 2367 tio
2130 2312 2225 2381 (ad
2260 2329 2386 2370 eum
2419 2315 2566 2370 enim
2602 2330 2669 2371 ex
2712 2319 3107 2387 Consequentia
3141 2332 3244 2372 nos
3280 2333 3473 2374 rursus
3515 2335 3591 2375 re-

2015 2405 2171 2462 ducit
2214 2409 2439 2480 oratio),
2494 2425 2622 2465 cum
2679 2426 2884 2482 corpus
2942 2410 3195 2484 martyris
3231 2412 3318 2482 pie
3354 2421 3419 2466 et
3474 2427 3600 2467 cum

2012 2514 2100 2566 eo,
2142 2516 2252 2570 quo
2282 2517 2380 2573 par
2416 2513 2526 2569 est,
2568 2504 2780 2560 honore
2839 2514 2895 2560 et
2949 2505 3259 2560 reverentia
3313 2504 3602 2575 deposuis-

2014 2603 2097 2647 set
2141 2593 2203 2660 in,
2249 2596 2429 2667 magni
2469 2596 2643 2668 Sergii
2678 2599 3032 2664 monasterio,
3086 2598 3204 2669 ipse
3248 2596 3466 2669 quidem
3499 2596 3605 2653 ali-

2011 2694 2275 2755 quantum
2335 2689 2597 2759 temporis
2654 2690 2726 2746 ibi
2769 2699 2855 2746 est
2922 2699 3193 2755 moratus,
3243 2693 3603 2762 quemadmo-

2013 2778 2142 2832 dum
2170 2780 2236 2834 ad
2267 2795 2412 2847 eum,
2445 2781 2539 2853 qui
2571 2782 2739 2848 misit,
2764 2792 2820 2838 et
2840 2782 3037 2839 fratres
3067 2783 3250 2838 salvus
3274 2792 3328 2839 et
3355 2785 3476 2839 sine
3506 2798 3608 2854 pe-

2015 2869 2190 2926 riculo
2214 2873 2551 2942 perveniret,
2582 2874 2966 2930 considerans.
3001 2873 3225 2930 Decimo
3268 2881 3453 2930 autem
3488 2874 3598 2939 die,

2013 2973 2305 3035 postquam
2342 2965 2605 3037 depositae
2641 2966 2866 3022 fuerunt
2899 2966 3167 3037 reliquiae,
3198 2982 3265 3023 eo
3301 2967 3448 3023 venit
3476 2983 3600 3025 cum

2014 3059 2258 3114 exercitu
2301 3074 2399 3114 rex
2434 3058 2594 3126 alius,
2647 3073 2758 3113 non
2792 3059 2969 3129 qualis
3016 3060 3061 3114 is
3115 3059 3207 3129 qui
3239 3059 3392 3129 prius
3416 3058 3603 3114 dictus

2014 3160 2122 3220 est,
2163 3163 2488 3224 persecutor
2527 3162 2583 3208 et
2629 3151 2879 3224 religioni
2927 3151 3162 3208 infestus
3191 3162 3248 3208 et
3293 3154 3349 3206 in
3393 3153 3604 3208 scelere

2015 3244 2250 3301 eximius
2299 3257 2355 3301 et
2404 3246 2567 3316 plane
2599 3244 2937 3317 profligatus,
2984 3245 3079 3300 sed
3106 3244 3265 3300 valde
3310 3259 3499 3315 mquus
3548 3255 3605 3300 ct

2016 3346 2357 3403 mansuetus,
2388 3339 2699 3409 pietateque
2724 3348 2780 3392 et
2805 3337 3144 3393 humanitate
3171 3337 3249 3392 illi
3281 3337 3443 3407 plane
3466 3351 3605 3392 con-

2015 3429 2239 3485 trarius.
2271 3429 2419 3497 Quos
2464 3445 2590 3485 cum
2633 3431 2887 3486 lubenter
2920 3429 3146 3485 vidisset
3192 3429 3499 3484 monachus
3547 3428 3602 3483 in

2017 3529 2245 3576 externa
2285 3523 2530 3593 regione,
2568 3534 2828 3592 tanquam
2854 3521 3118 3592 quasdam
3151 3520 3405 3576 lucernas
3434 3522 3489 3575 in
3518 3529 3604 3577 te-

2019 3601 2287 3682 nebris,'a
2332 3630 2463 3670 cura
2498 3615 2566 3670 de
2601 3615 2777 3670 reditu
2810 3624 2866 3670 et
2893 3612 3234 3685 aegritudinis
3266 3628 3436 3669 onere
3477 3628 3604 3668 mox

2021 3710 2301 3779 reSpirans
2327 3718 2382 3764 et
2415 3709 2579 3765 veluti
2610 3708 2780 3763 animi
2833 3708 3072 3778 pondere
3100 3706 3352 3771 levatus,
3407 3715 3469 3761 ut
3508 3705 3603 3776 qui

2018 3804 2421 3859 fraternitatem
2468 3811 2527 3857 et
2567 3801 2964 3856 monasterium
3010 3816 3070 3856 se
3113 3815 3238 3856 esse
3279 3800 3603 3871 propediem

2020 3897 2263 3951 visurum
2298 3905 2565 3967 speraret,
2596 3895 2781 3967 lingua
2815 3909 2911 3950 eos
2948 3893 3138 3951 Grieca
3177 3894 3493 3966 alloquitur,
3537 3911 3603 3951 ea

2020 3989 2233 4044 ratione
2263 3990 2345 4045 sui
2391 3989 2642 4044 notitiam
2672 3986 2950 4058 aperiens.
2990 3986 3069 4042 Illi
3096 3996 3285 4043 autem
3332 4002 3458 4044 cum
3498 4004 3602 4044 no-

2022 4081 2229 4139 vissent
2257 4099 2381 4138 eum
2412 4097 2532 4138 esse
2560 4082 2955 4147 Christianum,
2989 4082 3137 4153 quod
3167 4081 3387 4151 quidem
3415 4098 3599 4137 rarum

2020 4186 2106 4234 est
2140 4178 2283 4248 apud
2331 4178 2526 4233 Persas
2557 4175 2685 4248 (hoc
2716 4178 2862 4231 enim
2910 4186 2965 4231 et
2994 4177 3387 4231 monachorum
3432 4177 3603 4248 signi-

2020 4271 2217 4326 ficabat
2252 4270 2632 4326 indumentum
2672 4276 2729 4323 et
2762 4268 2966 4336 sermo)
2995 4274 3255 4337 rogarunt
3300 4266 3477 4330 illum,
3507 4282 3607 4321 cur

2021 4366 2132 4421 illic
2167 4372 2497 4420 moraretur.
2552 4363 2690 4417 Cum
2748 4361 2795 4416 is
2850 4375 2981 4417 vero
3039 4360 3118 4414 eis
3176 4359 3492 4429 singulatim
3535 4361 3604 4415 de

2019 4460 2180 4514 beato
2213 4458 2558 4527 exposuisset
2586 4454 2895 4517 Anastasio,
2920 4452 2995 4506 illi
3027 4451 3225 4522 partim
3260 4452 3478 4521 quidem
3506 4451 3603 4507 de.

2018 4552 2221 4607 siderio
2248 4549 2523 4619 martyris,
2550 4547 2748 4617 partim
2775 4555 2958 4601 autem
2991 4546 3247 4600 monachi
3281 4545 3408 4600 moti
3439 4545 3605 4601 mise-

2017 4644 2272 4708 ricordia,
2294 4659 2419 4699 cum
2453 4645 2630 4698 virum
2664 4642 2718 4695 in
2741 4655 2838 4695 sua
2867 4642 3207 4709 accepissent
3230 4622 3608 4705 tabernacula,

2020 4735 2257 4805 tectique
2288 4743 2343 4790 et
2389 4749 2592 4788 mensa:
2624 4731 2832 4787 socium
2864 4745 2987 4785 eum
3037 4730 3295 4800 deinceps
3321 4728 3601 4796 fecissent,

2011 4836 2072 4882 et
2120 4835 2178 4881 ut
2217 4826 2376 4882 decet
2408 4824 2754 4879 Christianos
2794 4830 2849 4877 et
2897 4830 3195 4893 martyrum
3230 4830 3499 4889 amantes,
3545 4821 3602 4876 in

325 4938 404 4974 νοι
424 4960 439 4986 ,
476 4919 571 4974 καὶ
602 4920 750 4983 ὅπως
779 4918 885 4971 ἔδει
904 4913 1266 4990 Χριστιανούς
1292 4928 1354 4967 ’τε
1376 4913 1468 4966 καὶ
1501 4912 1908 4984 φιλομάρτυρας

2019 4938 2144 4978 eum
2175 4920 2355 4976 allecti
2384 4927 2591 4982 essent,
2614 4918 2921 4973 eduxerunt
2946 4916 3124 4986 ipsum
3142 4930 3240 4987 per
3267 4916 3605 4972 Armeniam.

326 5016 465 5088 πρὸς
496 5013 683 5068 τοῦτον
728 5010 1092 5074 διατεθέντες,
1136 5007 1225 5062 διὰ
1275 5007 1374 5078 τῆς
1416 5004 1718 5077 Ἀρμενίων
1749 5004 1912 5064 αὑτὸν

327 5112 624 5182 ἐξήγαγον.
662 5105 761 5170 Ὃς
780 5103 1106 5159 καταλαϐὼν
1129 5101 1197 5155 δι’
1228 5100 1383 5164 ἒτους
1415 5101 1475 5152 τὸ
1525 5098 1909 5169 μοναστήριον,

326 5203 408 5276 τῷ
440 5219 502 5254 τε
549 5199 855 5271 προεστῶτι
902 5197 998 5250 καὶ
1047 5198 1160 5257 τοῖς
1211 5194 1458 5263 ἀδελφοῖς
1510 5193 1735 5263 ἡδίστην
1790 5191 1947 5275 τινα

325 5295 541 5368 τρυφὴν
583 5294 678 5347 καὶ
720 5291 1004 5362 φιλότιμον
1052 5289 1288 5359 εὐωχίαν
1339 5289 1438 5359 τὴν
1473 5287 1612 5342 κατὰ
1647 5286 1739 5340 τὸν
1768 5285 1913 5354 ἱερὸν

338 5384 695 5443 ’Δναστάσιον
748 5383 1005 5455 διήγησιν
1053 5383 1388 5452 ἐποιήσατο,
1441 5378 1784 5449 ἀνακομίσας
1831 5376 1914 5430 ἔτι

326 5483 423 5538 καὶ
453 5472 523 5534 ἰδ’
556 5477 854 5551 μοναχικδν
888 5476 1102 5530 ἐκείνου
1126 5475 1392 5539 κολόϐιον,
1423 5472 1453 5527 ὃ
1475 5473 1569 5527 καὶ
1608 5473 1747 5545 πρὸς
1772 5472 1912 5545 αὐτῇ

326 5579 396 5649 τῇ
455 5571 720 5628 ἀναλύσει
773 5567 1040 5634 ἐνδέδυτο,
1094 5565 1188 5620 καὶ
1213 5565 1552 5636 ἀνακομίσας
1571 5565 1671 5635 οὐχ
1702 5561 1911 5628 ἅπλῶς,

327 5666 463 5724 ἀλλὰ
491 5665 631 5739 μετά
659 5661 975 5736 θαυμαστοῦ
1005 5678 1068 5731 γε
1084 5660 1175 5713 τοῦ
1196 5659 1556 5732 διηγήματος.
1586 5659 1782 5728 Ἔλεγε
1804 5657 1914 5732 γάρ

326 5763 402 5827 ὡς
431 5761 517 5832 εἴη
546 5777 629 5823 τις
661 5756 887 5826 ἀδελφὸς
922 5756 979 5809 ἐν
1011 5755 1078 5825 τῇ
1102 5755 1239 5823 μονῇ
1269 5750 1392 5806 καθ’
1432 5750 1499 5824 ἢν
1530 5750 1823 5824 ἀποτεθείη
1852 5750 1914 5804 τὸ

326 5854 605 5929 λείψανον,
642 5851 761 5917 νέος
795 5852 895 5922 τὴν
925 5847 1165 5921 ἡλικίαν,
1203 5845 1426 5918 πονηρῷ
1459 5843 1731 5918 πνεύματι
1774 5845 1909 5902 κάτ-

740 5951 1014 6011 Parant.
1065 5946 1185 6007 (in.
1224 5943 1446 6006 CXIV.

2021 5013 2128 5082 Qui
2159 5028 2283 5069 cum
2312 5019 2440 5083 post
2464 5023 2666 5064 annum
2695 5008 3038 5079 pervenisset
3069 5009 3137 5062 ad
3182 5008 3599 5075 monasterium,

2023 5106 2284 5176 praefecto
2311 5113 2367 5158 et
2405 5102 2666 5157 fratribus
2696 5099 3160 5171 iucundissimum
3193 5101 3514 5173 lautumque
3547 5112 3603 5159 et

2022 5199 2371 5271 magniﬁcum
2418 5196 2668 5252 exhibuit
2718 5194 2978 5266 epulum,
3042 5206 3241 5264 nempe
3299 5195 3367 5251 de
3412 5202 3601 5252 sancto

2021 5289 2315 5346 Anastasio
2348 5288 2743 5351 narrationem,
2770 5296 2828 5340 ut
2859 5287 2950 5355 qui
2995 5286 3160 5340 etiam
3189 5287 3434 5343 attulerlt
3485 5303 3599 5343 mo-

2019 5385 2293 5442 nasticum
2320 5381 2468 5437 illius
2500 5380 2797 5446 colobium,
2836 5396 2946 5455 quo
2986 5380 3212 5435 indutus
3242 5391 3361 5436 erat
3387 5380 3441 5434 in
3483 5382 3600 5451 ipsa

2017 5477 2375 5541 resolutione,
2420 5488 2524 5529 nec
2571 5472 2819 5526 attulerit
2861 5472 3060 5537 solum,
3103 5470 3200 5526 sed
3230 5469 3395 5525 simul
3430 5469 3596 5524 etiam

2015 5573 2085 5627 m'
2097 5585 2156 5626 ra
2172 5569 2421 5642 quaedam
2444 5567 2772 5623 narraverit.
2790 5563 3018 5620 Dicebat
3034 5565 3204 5629 enim,
3229 5563 3399 5618 fuisse
3415 5560 3603 5632 quem?

2017 5662 2142 5718 dam
2176 5659 2401 5716 fratrem
2450 5657 2509 5714 in
2544 5656 2918 5720 monasterio,
2964 5655 3020 5710 in
3062 5669 3171 5724 quo
3217 5652 3411 5725 positae
3441 5665 3600 5709 erant

2016 5754 2287 5826 reliquia,
2322 5761 2481 5809 aetate
2498 5751 2783 5824 juvenem,
2815 5748 2907 5820 qui
2937 5763 2969 5803 a
3002 5746 3242 5818 maligno
3272 5745 3467 5817 spiritu
3497 5747 3598 5803 de-

2017 5853 2317 5911 tinebatur.
2342 5849 2481 5909 Cum
2520 5857 2704 5906 autem
2737 5844 3026 5919 praefectus
3049 5858 3079 5898 a
3105 5856 3193 5897 me
3231 5852 3375 5912 saepe
3410 5839 3610 5921 petii»;
