3832 6468
274 377 377 436 815

1475 380 1756 439 MENSIS
1795 383 2246 446 JANUARIUS.

3408 402 3511 466 816

273 554 3465 590 ww

1125 710 1482 828 ΒΙΟΣ
1560 714 1836 826 ΚΑΙ
1911 709 2582 834 ΑΘΛΗΣΙΣ

1699 953 1838 1009 ’ΤΟΥ
1865 955 2072 1012 ΔΓΙΟΥ

250 1137 1552 1278 ΙΕΡΟΜΑΡΤΥΡΟΣ
1585 1143 2639 1285 ΚΛΗΜΕΝΤΟΣ
2672 1147 3457 1291 ΑΓΚΥΡΑΣ

1281 1606 1563 1700 VITA
1635 1609 1788 1700 ET
1858 1608 2487 1702 CERTAMEN

413 1829 530 1944 S.
622 1825 1435 1942 CLEMENTIS
1513 1824 2254 1942 ANCYRANI
2335 1830 2514 1941 ET
2597 1831 3365 1954 SOCIORUM.

635 2049 856 2112 (ὕνεως
879 2055 1048 2100 textus
1070 2062 1204 2101 nunc
1230 2051 1441 2112 primum
1466 2049 1631 2111 prodit
1656 2060 1720 2098 ex
1749 2048 1854 2100 cod.

1908 2051 2010 2113 leg.
2037 2048 2190 2100 Paris.
2220 2062 2268 2099 ο.
2303 2050 2440 2113 1436,
2464 2065 2578 2103 sate.
2609 2067 2674 2105 xi.
2702 2053 2841 2104 Εοιτ.
2870 2055 3107 2122 Panos.)

1690 2372 1918 2430 CAPUT
1958 2374 1977 2428 l

1059 2517 1120 2572 S.
1175 2515 1456 2574 Clementis
1502 2528 1653 2573 ortus
1699 2530 1744 2573 et
1791 2519 2053 2574 educatio.
2104 2520 2290 2576 Obitus
2337 2535 2633 2591 parentum.

306 2651 350 2706 ἰ.
387 2643 516 2707 Post
565 2649 996 2706 ducentesimum
1043 2660 1099 2706 et
1155 2651 1666 2722 quinquagesimum
1713 2665 1854 2715 ειη-λ

1985 2649 2065 2705 Α’.
2099 2651 2255 2706 Μετὰ
2298 2655 2670 2709 διακοσιοστὸν
2700 2658 2795 2712 καὶ
2826 2665 3194 2733 πεντηκοστὸν
3231 2665 3350 2733 ἔτος
3397 2675 3492 2744 τῆς

236 2759 362 2800 nunt
393 2743 603 2798 Domini
641 2743 814 2798 nostri
849 2741 978 2798 Jesu
1013 2740 1255 2808 Christi,
1303 2759 1446 2799 anno
1494 2745 1813 2800 duodecimo

238 2833 507 2892 Valeriani
542 2832 884 2903 imperatoris
906 2872 922 2898 ,
953 2833 1268 2888 consulibus
1303 2833 1421 2904 ipso
1453 2831 1736 2888 Valeriano
1763 2843 1816 2888 et

230 2927 475 2984 Lueiano
497 2966 512 2990 ,
542 2925 632 2980 ille
667 2940 796 2982 vere
821 2940 1047 2996 magnus
1070 2934 1123 2980 et
1155 2925 1496 2981 admirabilis
1526 2927 1809 2990 Clemens,

230 3024 494 3092 Ancyrze,
546 3019 833 3088 metropoli
883 3019 1071 3085 prima:
1118 3016 1431 3072 Galatarum
1482 3018 1811 3086 provinciae,

233 3121 491 3182 tanquam
527 3111 778 3182 egregius
814 3110 1008 3180 aliquis
1041 3111 1281 3179 palmes,
1316 3111 1498 3167 multis
1528 3110 1652 3166 boni
1690 3110 1813 3180 Spi-

228 3204 364 3259 ritus
408 3203 580 3258 botris
629 3209 750 3256 erat
799 3205 946 3255 omni
1000 3217 1064 3256 ex
1111 3212 1261 3272 patre
1293 3203 1500 3270 plenus.
1553 3202 1624 3256 Ea
1666 3203 1812 3256 enim

229 3311 350 3350 eum
396 3295 571 3366 ipsum
606 3293 851 3356 tulisset,
889 3303 944 3348 et
973 3294 1158 3349 multis
1190 3295 1355 3348 etiam
1411 3295 1533 3348 aliis
1583 3295 1811 3348 civitati-

228 3385 328 3441 bus
374 3385 614 3442 misisset
663 3383 983 3455 praet-larum
1035 3387 1312 3456 exemplar
1359 3387 1639 3456 martyrii,
1694 3387 1808 3457 ipsa

227 3491 443 3547 otioque
467 3476 682 3547 collegit
708 3476 963 3545 pulchros
993 3477 1196 3532 fructus
1229 3477 1733 3532 consummationis.

294 3661 360 3720 ll.
392 3661 520 3718 Erat
556 3672 736 3718 autem
767 3677 968 3734 genere
1000 3663 1250 3733 insignis,
1283 3677 1346 3718 ex
1385 3663 1550 3718 nobili
1586 3664 1804 3734 quidem

224 3763 279 3808 et
310 3754 418 3810 alto
447 3755 715 3810 deductus
747 3756 1031 3826 sanguine.
1083 3755 1215 3810 Erat
1249 3755 1393 3810 enim
1457 3757 1505 3810 ei
1557 3764 1709 3825 pater
1752 3767 1805 3810 et

223 3855 416 3910 mater,
445 3845 560 3900 hinc
590 3846 806 3916 quidem
839 3863 906 3901 ex
935 3847 1196 3902 ainbobus
1224 3846 1539 3916 parentibus
1561 3847 1722 3902 claris
1751 3858 1800 3902 et

224 3935 504 4004 ﬁdelibus;
535 3938 623 3991 ille
650 3947 829 3992 autem
863 3939 914 3991 in
965 3939 1222 4009 religione
1254 3954 1282 3992 a
1317 3937 1517 4008 Sophia
1550 3939 1628 4010 (l)
1658 3939 1798 3994 ﬁdeli

1917 2741 2012 2794 τοῦ
2051 2743 2257 2813 Κυρίου
2308 2747 2464 2818 ἡμῶν
2529 2749 2704 2820 Ἰησοῦ
2757 2751 2995 2823 Χριστοῦ
3055 2759 3191 2830 πρὸς
3232 2741 3491 2834 οὐρανούς

1921 2834 2266 2906 ἀναλήψεως,
2299 2839 2355 2890 ὲν
2384 2840 2494 2893 ἔτει
2527 2841 2815 2916 δωδεκάτῳ
2845 2847 2945 2918 τῆς
2988 2836 3266 2920 βασιλείας
3295 2857 3493 2911 Οὐαλε-

1918 2925 2127 2996 ριανοῦ,
2159 2930 2249 2981 ἐπὶ
2277 2930 2374 3001 τῆς
2405 2933 2642 2998 ύπατὶας
2683 2937 2846 2990 αὑτοῦ
2897 2957 2956 2992 τε
2987 2943 3354 3016 Ούαλεριανοῦ
3401 2950 3492 3003 καὶ

1915 3021 2238 3088 Λουκιανοῦ,
2269 3025 2297 3075 δ
2323 3025 2494 3094 μέγας
2521 3027 2687 3091 ὅντως
2718 3030 2810 3082 καὶ
2835 3030 3145 3103 Θαυμαστὸς
3171 3038 3398 3110 Κλήμης
3432 3043 3490 3093 ὲν

1929 3110 2171 3184 Ἀγκύρᾳ
2198 3116 2296 3185 τῆς
2331 3117 2585 3172 Γαλατῶν
2618 3122 2909 3192 ἐπαρχίας,
2967 3128 3221 3202 καθάπερ
3269 3132 3491 3201 εὐγενές

1913 3221 1966 3256 τι
2003 3204 2187 3275 βλῆμα
2225 3208 2438 3272 πολλοῖς
2466 3211 2733 3266 πάντοθεν
2781 3218 2958 3285 ἐκόμα
3004 3223 3117 3284 τοῖς
3154 3221 3248 3275 τοῦ
3284 3224 3489 3294 ἀγαθοῦ

1914 3295 2232 3366 Πνεύματος
2258 3298 2532 3371 βότρυσιν.
2560 3304 2706 3376 Λῦτη
2739 3307 2845 3379 γὰρ
2875 3310 3036 3364 αύτδν
3066 3312 3381 3382 ἐνεγκοῦσα,
3400 3317 3488 3369 καὶ

1911 3387 2134 3454 πολλαῖς
2168 3393 2354 3448 πόλεσι
2386 3399 2478 3449 καὶ
2501 3399 2690 3465 ἄλλαις
2721 3403 2879 3454 καλὸν
2905 3405 3206 3477 ὑπόδειγμα
3228 3409 3484 3480 πέμψασα

1912 3485 2236 3554 μαρτυρίας,
2259 3487 2454 3552 καλοὺς
2488 3489 2713 3563 ὕστερον
2738 3496 2900 3550 αὑτοῦ
2927 3500 3018 3552 καὶ
3043 3501 3135 3572 τῆς
3161 3501 3485 3568 τελειώσεως

1908 3573 2177 3645 ἐτρύγησε
2206 3580 2329 3642 τοὺς
2364 3583 2631 3651 καρπούς.

1980 3665 2055 3720 B'.
2093 3669 2166 3722 Τὸ
2205 3669 2258 3722 δὲ
2285 3672 2442 3740 γένος
2489 3676 2758 3748 ἐπίσημος
2790 3676 2876 3752 ἦν,
2910 3682 2967 3749 ἐξ
2998 3685 3252 3754 εὐγενοῦς
3279 3687 3481 3742 ἄνωθεν

1907 3761 2278 3831 καταγόμενος
2313 3766 2574 3835 αἶματος’
2612 3772 2846 3843 πατέρες
2877 3774 2985 3847 γὰρ
3027 3777 3193 3847 αὐτῷ,
3224 3781 3256 3847 ἡ
3291 3780 3389 3848 μὲν
3418 3782 3478 3834 ἐκ

1906 3850 2155 3921 πατέρων
2187 3855 2354 3924 ἄμφω
2386 3861 2701 3928 περιφανῶν
2736 3865 2829 3917 καὶ
2865 3867 3093 3934 πιστῶν,
3140 3871 3166 3922 ὁ
3197 3870 3251 3922 δὲ
3282 3851 3478 3940 σφόδρα

1907 3939 2127 4032 περὶῌτὸ
2163 3942 2324 4006 σέϐας
2348 3949 2413 4016 τῇ
2448 3952 2609 4021 πιστῇ
2657 3952 2827 4023 Σοφὲᾳ
2860 3954 3253 4028 διαφερόμενος
3303 3939 3477 4032 (τοῦτο

223 4028 378 4084 valde
411 4028 717 4096 dissidens,
774 4040 827 4086 et
876 4034 1065 4104 gentili
1103 4033 1317 4090 deditus
1360 4036 1618 4091 stultitiae.
1663 4034 1797 4091 Nam
1833 4015 1854 4070 ι

1908 4031 2013 4100 γὰρ
2033 4028 2101 4103 ἦν
2125 4033 2295 4107 ὄνομα
2325 4015 2394 4110 τῇ
2435 4015 2698 4113 συζύγῳ),
2740 4015 2834 4098 καὶ
2861 4051 2927 4118 τῇ
2964 4015 3258 4122 ’Ἱέλλιηνικῇ
3296 4015 3471 4122 μωρῖᾳ

223 4134 343 4173 cum
371 4134 490 4175 eam
521 4122 742 4177 haberet
769 4125 890 4180 vita
917 4127 1118 4180 sociam
1149 4136 1203 4180 et
1229 4127 1601 4196 habitationis,
1633 4127 1798 4182 multa

221 4224 440 4278 semper
492 4212 680 4269 dicens
727 4224 780 4270 et
827 4216 1070 4282 faciens,
1115 4217 1414 4272 conabatur
1453 4235 1572 4273 eam
1621 4219 1797 4277 facere

217 4303 424 4357 sociam
459 4303 753 4373 religionis.
789 4306 862 4360 Ea
905 4316 1086 4362 autem
1129 4323 1252 4363 cum
1300 4311 1467 4364 animi
1519 4315 1793 4381 magnitu-

219 4394 345 4450 dine
377 4396 628 4450 maritum
664 4408 968 4466 superaret,
1003 4400 1105 4454 hoc
1135 4401 1321 4467 majori
1358 4406 1537 4457 Studio
1567 4414 1795 4458 conten-

215 4485 397 4550 debat,
423 4495 483 4540 ut
521 4488 565 4542 si
616 4503 720 4557 qua
758 4491 969 4545 ratione
1002 4491 1116 4545 lleri
1164 4501 1370 4561 posset,
1401 4509 1524 4548 eum
1557 4494 1792 4549 deduce-

217 4587 300 4632 ret
345 4579 410 4632 ad
441 4593 622 4634 veram
657 4581 934 4650 pietatem.
992 4582 1098 4639 Sed
1133 4583 1222 4640 ille
1261 4586 1479 4656 quidem
1513 4587 1791 4641 dormiens

215 4669 268 4722 in
301 4670 582 4738 profundis
625 4673 829 4728 erroris
858 4675 1094 4729 tenebris
1115 4714 1130 4738 ,
1167 4684 1288 4729 erat
1315 4691 1411 4731 sua
1459 4685 1650 4746 sponte
1679 4693 1792 4730 nta-

212 4759 322 4826 lus,
348 4773 403 4818 et
428 4767 717 4821 recusabat
748 4768 995 4837 aspicere
1027 4783 1276 4838 magnam
1311 4769 1484 4823 lucem
1519 4770 1788 4824 veritatis.

213 4851 472 4918 Quocirca
505 4856 584 4912 sic
612 4871 831 4928 quoque
872 4859 1043 4913 miser
1071 4858 1272 4926 duplici
1311 4870 1483 4913 morte
1533 4860 1784 4927 moritur,

209 4960 403 5016 nempe
442 4951 624 5005 carnis
666 4963 720 5006 et
771 4951 987 5004 animae.
1040 4947 1201 5004 Solus
1233 4959 1412 5004 autem
1458 4949 1612 5005 uxori
1650 4950 1788 5006 lilius

206 5038 296 5094 hic
320 5039 576 5096 Clemens
606 5039 946 5096 admirabilis
982 5053 1050 5094 ex
1093 5039 1209 5110 ipso
1241 5041 1582 5111 relinquitur,
1612 5044 1785 5098 adhuc

193 5129 382 5188 ,inl‘ans
408 5173 424 5198 ,
466 5143 522 5189 et
555 5148 716 5204 quem
756 5141 928 5186 mater
961 5131 1080 5189 suis
1114 5134 1330 5189 tenebat
1373 5133 1544 5201 ulnis,
1579 5144 1632 5190 et
1667 5135 1783 5205 ejus

206 5224 451 5281 alebatur
481 5225 670 5281 ubere.

277 5411 363 5467 lll.
393 5411 528 5468 Cum
559 5413 640 5466 sic
667 5425 794 5481 ergo
821 5419 965 5466 esset
987 5419 1165 5465 mater
1196 5412 1390 5466 marito
1420 5412 1601 5479 vidua,
1632 5413 1779 5466 laba-

210 5515 394 5574 retque
430 5503 607 5558 adhuc
637 5517 764 5572 spes
793 5500 912 5571 ejus
945 5503 1012 5558 de
1044 5517 1247 5572 puero,
1280 5503 1330 5557 ei
1374 5511 1578 5558 tantam
1619 5505 1783 5560 dabat

1903 4125 2312 4195 προσκείμενος.
2347 4132 2617 4186 Κοινωνὺν
2645 4137 2752 4207 γὰρ
2784 4138 2951 4209 αὐτὴν
2977 4139 3092 4208 βίου
3116 4145 3205 4194 καὶ
3235 4143 3470 4196 σύνοικον

1901 4213 2060 4284 ἔχων,
2093 4218 2264 4272 πολλὰ
2296 4222 2392 4272 καὶ
2429 4222 2604 4290 λέγων
2633 4226 2719 4278 ἀεὶ
2754 4228 2848 4280 καὶ
2877 4231 3066 4297 ποιῶν,
3102 4231 3328 4286 ἔσπευδε
3364 4251 3472 4287 κοι-

1900 4305 2066 4360 νωνὸν
2091 4309 2261 4380 αὐτὴν
2287 4313 2510 4381 ποιῆσαι
2553 4318 2644 4368 καὶ
2677 4317 2776 4386 τῆς
2807 4317 3126 4390 θρησκείας.
3175 4324 3241 4377 Ἥ
3281 4325 3337 4378 δὲ
3363 4325 3467 4395 ἄρα

1900 4400 1990 4450 καὶ
2050 4399 2143 4453 τδν
2205 4401 2373 4474 ἄνδρα
2411 4404 2591 4476 ψυχῆς
2646 4408 3063 4478 ὑπερϐάλλουσα
3104 4417 3460 4487 γενναιότητι,

1894 4487 2056 4542 τοῦτο
2084 4491 2284 4560 μᾶλλον
2315 4490 2428 4563 εἶχε
2454 4496 2542 4549 διὰ
2573 4499 2807 4570 σπουδῆς
2837 4502 2996 4574 εἴπερ
3032 4501 3142 4559 οἷόν
3163 4523 3220 4558 τε
3255 4510 3348 4561 καὶ
3375 4509 3466 4560 αύ-

1894 4577 1984 4630 τὸν
2027 4580 2400 4650 ἐπαγαγέσθαι
2446 4586 2582 4656 πρὸς
2613 4589 2710 4660 τὴν
2755 4592 3062 4649 εὐσέϐειαν.
3091 4595 3231 4650 Ἀλλ’
3264 4601 3463 4663 ἐκεῖνος

1897 4668 1997 4738 μὲν
2054 4672 2158 4725 ὑπὸ
2220 4673 2485 4747 βαθεῖτῷ
2540 4679 2638 4748 τῆς
2690 4682 2908 4755 ἀπάτης
2959 4687 3135 4758 σκότῳ
3169 4688 3456 4754 καθεύδων,

1893 4761 2234 4818 ὲθελοκακῶν
2281 4762 2369 4838 ἦν,
2418 4772 2513 4822 καὶ
2550 4772 2870 4844 ἁπηνῄνατο
2905 4777 3037 4844 πρὸς
3067 4778 3128 4831 τὸ
3163 4781 3308 4848 μέγα
3351 4781 3459 4850 φῶς

1891 4854 2192 4925 ἀναϐλέψαι
2217 4859 2314 4928 τῆς
2337 4860 2612 4931 ἀληθείας.
2645 4865 2736 4918 Διὸ
2783 4867 2877 4920 καὶ
2905 4867 3076 4932 οῦτως
3108 4870 3309 4936 ἀθλίως
3333 4871 3454 4941 θνή-

1892 4962 2014 4999 σκει
2041 4948 2134 5001 τὸν
2167 4949 2408 5014 διπλοῦν,
2453 4955 2506 5007 οἵ
2541 4957 2663 5024 μοιε
2713 4959 2916 5029 σαρκός
2945 4977 3006 5013 τε
3039 4963 3132 5014 καὶ
3153 4963 3334 5034 ψυχῆς
3365 4965 3454 5017 θά-

1889 5055 2066 5094 νατον.
2093 5041 2271 5094 Μόνον
2291 5043 2347 5095 δὲ
2378 5046 2444 5115 τῇ
2468 5047 2688 5113 γυναικὶ
2721 5052 2870 5113 παῖς,
2900 5052 2927 5103 ό
2960 5050 3272 5122 θαυμαστὸς
3305 5054 3454 5118 οὗτος

1888 5130 2140 5201 Κλήμης,
2184 5131 2244 5196 ἐξ
2276 5134 2440 5187 αὐτοῦ
2502 5136 2908 5206 καταλείπεται,
2966 5145 3094 5206 παῖς
3142 5144 3222 5198 ἔτι
3261 5143 3448 5216 κομιδῇ

1890 5223 2080 5294 νήπιος
2105 5224 2201 5292 ὢν,
2226 5231 2519 5298 μητρικαῖς
2543 5247 2600 5283 τε
2625 5232 2833 5302 χαίρων
2857 5235 3143 5304 ἀγκάλαις,
3176 5237 3272 5292 καὶ
3303 5237 3450 5310 μαζῷ

1884 5318 2237 5387 τρεφόμενος.

1957 5411 2028 5468 1".
2073 5413 2136 5467 Ἡ
2160 5415 2289 5484 γοῦν
2321 5417 2506 5489 μήτηρ
2533 5418 2736 5490 ἔρημος
2752 5419 2924 5486 οὕτως
2956 5423 3143 5494 ἀνδρδς
3164 5429 3444 5499 γενομένη,

1886 5506 1979 5558 καλ⁷
2017 5505 2114 5569 τὰς
2149 5507 2368 5572 ἐλπίδας
2391 5509 2484 5563 ἐπὶ
2513 5509 2590 5582 τῷ
2620 5511 2770 5565 παιδὶ
2803 5513 2948 5583 μόνῳ
2973 5513 3292 5583 σαλεύουσα,
3312 5517 3444 5570 οὕτω

212 5609 450 5663 operam,
483 5605 538 5650 et
566 5593 614 5650 ei
649 5605 756 5649 tam
789 5593 1076 5665 diligenter
1100 5595 1436 5664 attendebat,
1471 5606 1528 5650 ut
1555 5599 1604 5653 ei
1636 5608 1780 5654 esset

1908 5600 1946 5670 ἑή
1983 5617 2034 5653 τι
2084 5601 2178 5654 καὶ
2229 5601 2551 5672 προσέκειτο
2582 5603 2904 5673 φιλοπόνως,
2936 5605 3076 5661 ὥστε
3109 5608 3287 5664 πάντα
3312 5603 3440 5664 εἶναι

272 5777 349 5848 (Ι)
379 5775 734 5848 Enphrosyne
763 5775 1063 5848 appellatur
1093 5774 1144 5830 in
1174 5771 1448 5845 prioribus
1477 5771 1640 5828 Actis-
