3832 6514
424 401 527 466 817

1431 396 1610 458 VITA
1643 394 1703 454 S.
1747 387 2176 454 CLEMENTIS
2214 385 2620 446 ANCYRANI.

3565 376 3668 441 818

424 511 597 585 αὐτῷ,
627 510 720 567 καὶ
737 508 922 583 πατὴρ
949 509 1044 564 καὶ
1059 506 1402 577 παιδαγωγὸς
1435 506 1530 561 καὶ
1563 506 1768 577 μήτηρ.
1798 503 1998 576 Πρῶτα

2121 499 2303 564 ιηὶιιὶιι,
2343 507 2398 552 et
2432 504 2610 567 pater,
2633 501 2688 551 et
2715 488 3130 566 paadagogusfet
3165 494 3354 544 mater.
3387 484 3520 585 Nam
3560 484 3676 585 pri-

429 605 528 676 μὶν
559 604 666 674 γὰρ
696 601 971 672 ἐπιμελῶς
997 600 1214 672 ἔτρεφε,
1241 601 1337 653 καὶ⁹
1363 598 1432 652 τὰ
1457 597 1709 669 μητέρων
1737 597 1824 648 ἐπ’
1847 593 1997 665 αὐτῷ

426 694 620 748 ἐποίειο
652 693 752 764 ἤδη
782 693 838 746 δὲ
869 694 966 747 καὶ
1018 692 1236 763 ἡλικίας
1279 690 1578 761 ἁψάμενον,
1609 689 1676 759 ἢν
1702 687 1752 741 ot
1807 685 1998 749 παῖδες

429 786 770 858 μαθημάτων
800 785 985 856 ἔχουσι
1027 783 1307 855 δεκτικὴν,
1361 783 1451 836 τδν
1481 782 1638 852 ὀρθὸν
1666 780 1815 851 αὑτῷ
1840 779 2000 847 λόγον

425 877 528 948 τῆς
549 875 807 948 ἀληθείας
841 875 1179 946 εὐφρσνοῦσα
1217 874 1798 944 ὑπέτεινε,1(λήμεντα
1819 871 2000 937 καλῶς

426 967 759 1040 ὀνομάσασα,
803 967 1002 1038 μᾶλλον
1048 966 1106 1020 δὲ
1152 965 1510 1039 προφητικῶς
1541 965 1636 1019 καὶ
1667 963 1760 1017 τοῦ
1815 964 2001 1028 τέλους

429 1061 591 1125 ἀξίως
613 1078 626 1093 ·
656 1061 774 1132 ᾔδει
806 1060 913 1130 γὰρ
937 1060 1098 1114 αὑτὸν
1120 1059 1283 1114 οἱονεί
1316 1076 1370 1113 τι
1401 1058 1585 1127 κλῆμα
1613 1057 1851 1128 Χριστοῦ
1901 1057 2002 1125 τῆς

429 1148 690 1219 ἀληθινῆς
732 1148 978 1219 ἀμπέλου
1013 1150 1289 1219 ἐσόμενον,
1322 1149 1418 1202 καὶ
1455 1147 1655 1212 πολλὰς
1691 1145 1838 1218 αὐτῷ
1876 1147 2004 1216 μέλ-

427 1237 590 1292 λοντα
630 1240 1050 1310 καρποφορῆσαι
1083 1241 1283 1311 ψυχάς,
1319 1240 1368 1293 εί
1396 1241 1488 1294 καὶ
1524 1238 1710 1293 πολλοὶ
1735 1237 2000 1310 βασιλεῖς,

429 1328 679 1401 καθάπερ
734 1329 878 1393 τινὲς
911 1331 1012 1385 οὐκ
1048 1331 1243 1400 ἀγαθοὶ
1296 1332 1552 1404 γεωργοὶ,
1590 1331 1810 1394 πολλαῖς
1840 1331 2005 1386 αὐτὸν

431 1421 528 1474 καὶ
585 1419 845 1485 πολλάκις
892 1424 1012 1487 ταῖς
1041 1422 1334 1494 τιμωρίαις
1379 1423 1706 1495 κατέκειραν
1728 1466 1742 1491 ,
1771 1422 1846 1489 ὡς
1875 1421 2004 1494 ἑξῆς

431 1511 637 1584 προῖὼν
665 1514 694 1566 ό
726 1511 883 1582 λόγος
909 1512 1162 1586 δηλώσει.

502 1729 575 1781 Δ’.
601 1726 694 1780 Ἔν
737 1727 948 1791 τούτοις
993 1727 1146 1791 ὄντος
1183 1727 1276 1781 τοῦ
1313 1727 1652 1798 Κλήμεντος,
1690 1728 1783 1781 καὶ
1830 1727 2005 1790 οὕτως

2102 607 2247 647 mum
2293 589 2508 660 quidem
2547 601 2667 643 eum
2711 584 2952 640 studiose
2980 582 3178 648 alebat,
3229 590 3282 634 et
3326 595 3386 635 ea
3420 577 3670 641 faciebat,

2101 699 2220 754 qua:
2249 698 2347 754 par
2375 691 2458 737 est
2493 690 2719 736 matrem
2750 679 2880 736 ﬁlio.
2911 675 3044 733 Cum
3087 683 3265 729 autem
3291 671 3400 742 jam
3439 671 3506 724 ad
3547 686 3668 726 eam

2101 775 2440 846 pervenisset
2477 781 2712 838 aetatem,
2753 773 2805 827 in
2840 785 2943 842 qua
2974 778 3102 824 sunt
3127 766 3277 838 pueri
3310 777 3535 834 capaces
3565 761 3671 818 dis-

2102 867 2423 938 ciplinarum
2450 906 2467 933 ,
2515 866 2564 920 ei
2606 873 2807 920 rectam
2837 862 3055 933 pietatis
3091 859 3355 914 rationem
3406 867 3550 911 recte
3583 869 3674 908 sa-

2104 961 2260 1032 piens
2291 959 2591 1030 suggessit,
2625 965 2684 1012 ut
2713 972 2832 1026 quae
2859 971 2980 1011 eum
3017 961 3165 1009 recte
3205 951 3538 1006 Clementem
3581 963 3677 1000 uo-

2104 1052 2415 1115 minaverit,
2455 1049 2534 1104 vel
2563 1050 2739 1120 potius
2769 1047 3104 1119 prophetice,
3138 1055 3192 1100 ct
3239 1044 3316 1097 uti
3347 1041 3438 1096 ﬁni
3478 1054 3676 1096 conve-

2106 1144 2306 1198 niebat.
2340 1141 2558 1198 Sciebat
2587 1140 2731 1195 enim
2767 1153 2888 1194 eum
2921 1135 3162 1192 futurum
3193 1134 3354 1190 veluti
3388 1132 3675 1202 quemdam

2105 1237 2382 1308 palmitem
2408 1234 2483 1306 (2)
2512 1248 2654 1290 vera:
2679 1231 2882 1288 Christi
2908 1231 3099 1294 vincte,
3133 1239 3188 1284 et
3212 1228 3261 1284 ei
3287 1228 3675 1298 producturum

2105 1342 2227 1383 esse
2267 1327 2501 1381 l‘rnctum
2553 1325 2842 1381 multarum
2879 1324 3218 1386 animarum;
3267 1321 3478 1376 etiamsi
3525 1319 3677 1372 multi

2108 1433 2296 1492 reges,
2325 1419 2490 1474 veluti
2523 1419 2740 1488 quidam
2773 1433 2880 1473 non
2909 1416 3035 1473 boni
3065 1415 3313 1487 agricola:
3335 1455 3349 1478 ,
3381 1429 3502 1468 eum
3536 1427 3679 1478 sa-pe

2107 1509 2291 1565 multis
2319 1508 2658 1564 totonderint
2680 1507 2976 1578 suppliciis,
3008 1517 3066 1562 ut
3096 1505 3349 1576 deinceps
3377 1502 3676 1575 procedens

2108 1600 2405 1657 declarabit
2435 1600 2628 1657 oratio.

2176 1742 2265 1799 IV.
2301 1743 2435 1798 Cum
2467 1743 2543 1798 ita
2575 1757 2635 1799 se
2664 1744 2884 1798 haberet
2918 1743 3199 1808 Clemens,
3231 1752 3284 1799 et
3315 1757 3344 1798 a
3387 1749 3559 1796 matre
3585 1740 3680 1796 be-

435 1818 540 1873 ὑπὸ
573 1819 740 1891 μητρὶ
769 1819 1106 1892 φιλοστόργῳ
1161 1821 1495 1891 τρεφομένου
1533 1820 1712 1882 καλῶς
1774 1821 1868 1873 καὶ
1913 1821 2006 1874 ἀν-

2121 1835 2299 1890 aevola
2329 1843 2434 1888 tam
2462 1834 2685 1905 pulchre
2711 1835 2948 1890 aleretur
2976 1844 3137 1903 atque
3161 1835 3508 1899 educaretur,
3552 1847 3676 1903 pro-

435 1912 736 1982 αγομένου,
787 1913 1114 1982 ἐγγίζουσαν
1141 1914 1323 1984 ἐκείνη
1355 1912 1754 1982 προαισθομένη
1790 1912 1888 1982 τὴν
1919 1929 2008 1966 τεο

433 2004 653 2076 λευτὴν,
707 2004 799 2059 τὸν
833 2006 1005 2058 παῖδα
1039 2004 1328 2076 προσηνῶς
1381 2004 1476 2058 καὶ
1506 2004 1743 2072 γνησίως
1777 2004 2006 2074 περιϐασ

435 2093 625 2159 λοῦσα,
665 2094 817 2150 οὔπω
865 2096 1166 2151 δωδέκατον
1209 2094 1482 2150 ἀνύσαντα
1528 2093 1669 2159 ἔτος,
1714 2093 1775 2146 οὐ
1808 2093 2010 2164 μᾶλλον

436 2187 680 2258 διάδοχον
735 2186 828 2241 τοῦ
863 2188 1066 2241 οἰκείου
1106 2187 1362 2250 πλούτου,
1399 2187 1522 2241 ὅσον
1552 2186 1615 2255 δὴ
1669 2184 2008 2255 κληρονόμον

437 2278 602 2333 αὑτὸν
635 2278 744 2334 τῶν
789 2281 846 2332 ἐν
875 2279 1126 2348 οὐρανοῖς
1187 2278 1477 2350 θησαυρῶν
1531 2277 1759 2330 ἔσπευδε
1812 2277 2011 2341 ποιεῖν,

437 2369 664 2423 τοιαῦτα
693 2368 829 2439 μετὰ
877 2371 1230 2438 γλυκυτάτων
1259 2369 1563 2440 ἀσπασμῶν
1597 2368 1744 2438 αὐτῷ
1779 2369 2015 2440 ἐπισκή-

440 2479 669 2516 πτουσαο
703 2463 901 2516 Τέκνον
931 2463 1086 2532 ἐμὸν,
1114 2462 1306 2533 τέκνον
1337 2462 1612 2532 φίλτατον,
1636 2458 1846 2527 τέκνον,
1883 2460 2012 2531 πρὶν

443 2555 546 2626 μὲν
581 2555 711 2608 ίδεῖν
761 2555 850 2609 τὸν
905 2555 996 2609 σὺν
1040 2555 1251 2626 πατέρα
1310 2555 1573 2627 ὀρφανίαν
1623 2551 1752 2618 ῑδδν,
1795 2551 1926 2610 Θεὸν
1957 2554 2034 2607 δὲ-

441 2647 662 2717 Πατέρα
688 2646 993 2718 πλουτῆσαν
1015 2648 1109 2701 καὶ¹
1131 2650 1210 2713 είς
1244 2650 1493 2720 εὐτυχίαν
1519 2655 1583 2723 τῇ
1611 2653 1847 2726 ὀρφανίᾳ
1875 2671 2012 2726 χρη-

444 2740 713 2810 σάμενον*
760 2741 869 2810 ἐγὼ
903 2741 998 2812 μέν
1035 2760 1092 2796 σε
1143 2744 1460 2813 προήγαγον
1503 2746 1739 2814 σώματι,
1773 2746 2009 2818 Χριστὸς

439 2834 498 2888 δὲ
516 2833 605 2887 διὰ
639 2835 956 2912 Πνεύματος
1001 2834 1363 2904 ἀπεγέννησε.
1415 2836 1590 2888 Γνῶθι
1625 2836 1718 2891 τόν
1772 2854 1865 2890 σου
1902 2855 2011 2890 πα-

440 2925 600 2994 τέρα,
635 2925 710 2995 μὴ
739 2924 917 2998 ψεύσῃ
946 2925 1004 2978 τὸ
1032 2925 1124 2978 τοῦ
1160 2926 1275 2978 υίοῦ
1303 2926 1499 2997 ὄνομαο
1536 2927 1756 2998 Χριστῷ
1781 2929 2014 3000 λάτρευε

445 3016 615 3087 μόνῳ,
637 3016 858 3088 Χριστῷ
909 3015 1186 3081 πεποιθὼς
1211 3016 1302 3070 ἔσο
1324 3035 1340 3051 ο
1377 3013 1531 3084 οὗτος
1565 3020 1782 3091 ἀληθῶς
1811 3022 1844 3093 ἡ
1880 3019 2016 3075 ἀθα-

439 3110 623 3177 νασία,
651 3105 805 3175 οὗτος
837 3113 870 3182 ὴ
910 3111 1174 3183 σωτηρία,
1223 3107 1377 3176 οὗτος
1405 3115 1433 3167 ό
1471 3114 1538 3167 δι’
1569 3115 1716 3184 ἡμᾶς
1759 3113 1818 3182 ἐξ
1847 3116 2014 3185 οὐρα-

2112 1927 2373 1997 pinquum
2410 1927 2500 1981 illa
2532 1927 2774 1983 sentiens
2807 1927 3125 1991 decessum,
3165 1941 3392 1995 puerum
3449 1925 3683 1994 benigno

2112 2025 2164 2072 et
2217 2025 2464 2071 amanter
2501 2016 2778 2087 complexa
2807 2055 2822 2081 ,
2882 2016 2974 2087 qui
3022 2016 3397 2070 duodecimum
3443 2014 3682 2069 nondum

2113 2119 2311 2159 annum
2345 2107 2730 2177 compleverat,
2775 2122 2880 2162 non
2912 2107 3083 2178 magis
3109 2121 3231 2161 eum
3261 2121 3478 2162 suarum
3517 2106 3686 2162 facul-

2117 2205 2316 2260 tatum,
2349 2212 2510 2267 quam
2553 2199 2789 2253 thesauri
2846 2199 2935 2268 qui
2983 2208 3062 2254 est
3102 2199 3158 2254 in
3191 2199 3379 2264 cadis,
3413 2199 3681 2254 heredem

2113 2288 2407 2343 conabatur
2440 2288 2641 2354 facere,
2675 2290 2786 2346 haec
2819 2304 2941 2344 cum
2974 2289 3315 2346 suavissimis
3340 2292 3388 2346 ei
3423 2291 3686 2347 mandans

2114 2380 2488 2450 amplexibus:
2517 2380 2618 2436 Fili
2651 2384 2746 2448 mi,
2786 2382 2857 2437 ﬁli
2892 2383 3240 2450 charissime,
3284 2383 3381 2449 ﬁli,
3419 2384 3508 2454 qui
3539 2385 3687 2453 prius

2115 2487 2276 2542 quam
2327 2484 2473 2529 tuum
2510 2476 2723 2532 videres
2751 2487 2997 2546 patrem,
3024 2477 3207 2534 vidisti
3233 2477 3540 2542 orbitatem,
3590 2476 3684 2531 Dei

2115 2573 2297 2620 autem
2325 2564 2502 2622 Patris
2525 2568 2716 2638 opibus
2737 2583 2797 2624 es
2821 2568 3196 2638 locupletatus,
3223 2579 3276 2625 et
3300 2570 3530 2626 orbitate
3557 2585 3686 2626 usus

2115 2672 2174 2713 es
2206 2659 2271 2713 ad
2322 2659 2669 2726 felicitatem;
2702 2675 2804 2732 ego
2831 2661 3044 2729 quidem
3073 2668 3128 2716 te
3166 2661 3393 2731 produxi
3434 2676 3684 2732 corpore,

2116 2745 2364 2801 Christus
2391 2758 2571 2802 autem
2601 2749 2942 2817 regeneravit
2975 2764 3070 2818 per
3093 2749 3374 2819 Spiritum.
3409 2748 3688 2821 Cognosce

2120 2847 2268 2892 tuum
2306 2849 2532 2909 patrem,
2567 2842 2686 2896 vide
2715 2857 2781 2897 ne
2808 2842 2925 2910 ejus
2956 2842 3047 2897 ﬁlii
3089 2844 3462 2900 denominatio
3491 2847 3558 2900 sit
3589 2847 3686 2901 tibi

2120 2928 2256 2984 l'also
2288 2931 2561 2999 imposita.
2588 2931 2742 2988 Servi
2770 2933 2868 2989 soli
2891 2932 3131 2999 Christo,
3163 2933 3215 2988 in
3245 2934 3516 2990 Christum
3542 2943 3688 2991 tuam

2121 3018 2321 3073 colloca
2353 3020 2620 3075 ﬁduciam.
2658 3022 2710 3078 ls
2741 3037 2865 3078 vere
2899 3031 2979 3079 est
3011 3023 3412 3090 immortalitas.
3444 3025 3490 3081 is
3525 3026 3690 3089 salus.

2122 3111 2168 3164 is
2199 3111 2289 3180 qui
2327 3112 2392 3167 de
2422 3113 2560 3168 cmlo
2591 3114 2874 3171 descendit
2921 3121 3144 3186 pr0ptcr
3172 3131 3290 3182 nos,
3331 3127 3386 3174 et
3421 3133 3518 3174 nos
3557 3135 3694 3187 quo-

440 3203 536 3259 ve?)
589 3203 862 3259 κατελθὼν
923 3206 1018 3259 καὶ
1052 3205 1444 3276 συνανυψώσας
1495 3209 1675 3280 ἑαυτῷ
1706 3211 1800 3263 καὶ
1840 3211 2014 3281 ἡμᾶς,

2125 3216 2229 3271 que
2264 3218 2367 3256 una
2410 3218 2591 3259 secum
2623 3205 2676 3261 in
2709 3206 2875 3261 altum
2908 3206 3122 3274 extulit,
3154 3215 3208 3262 et
3243 3206 3380 3263 lilios
3411 3223 3540 3264 suos
3567 3210 3695 3265 ell‘e-

441 3295 535 3348 καὶ
565 3295 713 3359 υἱοὺς
739 3294 902 3348 αὑτοῦ
933 3296 1030 3348 καὶ
1066 3295 1222 3359 θεοὺς
1245 3298 1641 3369 ἐργασάμενος.
1667 3301 1731 3353 Ὃ
1756 3318 1817 3369 γε
1837 3300 2018 3355 τοίνυν

444 3384 551 3438 ὑπὸ
573 3385 748 3454 τούτῳ
781 3387 1025 3458 Δεσπότῃ
1057 3387 1408 3456 ταττόμενος,
1471 3389 1692 3443 πάντων
1722 3391 2013 3460 περιέσται

437 3476 552 3531 τῶν
580 3477 850 3546 χαλεπῶν,
897 3477 958 3531 οὐ
993 3479 1118 3542 τοὺς
1169 3478 1363 3532 εἴδωλα
1395 3479 1556 3550 μόνον
1595 3480 1875 3549 τιμῶντας
1923 3497 2019 3534 τυ-

445 3571 673 3642 ράννους
712 3573 805 3626 καὶ
838 3570 1076 3643 βασιλεῖς
1111 3572 1490 3634 καταϐάλλων,
1521 3571 1660 3626 ἀλλὰ
1692 3573 1786 3626 καὶ
1819 3574 2019 3638 αὐτοὺς

441 3662 572 3724 τοὺς
629 3662 720 3715 ὑπ’
784 3663 964 3716 αὐτῶν
1017 3663 1360 3734 τιμωμένους
1407 3663 1669 3734 δαίμονας
1721 3663 2020 3734 καταισχύ-

444 3769 586 3820 νων,
622 3753 714 3807 καὶ
746 3754 837 3807 τὸν
865 3757 1106 3828 ἀρχηγὸν
1138 3755 1319 3810 αὐτῶν
1352 3757 1448 3810 καὶ
1483 3756 1794 3827 προστάτην
1841 3755 2023 3811 διάϐο-

443 3844 556 3898 λον.

513 3957 590 4011 Ε³.
610 3951 744 4011 Εἶτα
769 3956 973 4027 μεταξὺ
994 3958 1100 4010 τῶν
1127 3958 1303 4027 λόγων
1327 3957 1740 4031 ὑποπλησθεῖσα
1767 3958 2022 4031 δακρύων

443 4051 572 4112 τοὺς
602 4049 915 4119 ὀφθαλμοὺς
947 4050 1042 4104 καὶ
1075 4049 1308 4122 θεωρίας
1340 4050 1490 4114 θείας
1521 4052 1624 4106 ὑπὸ
1661 4053 1760 4123 τῆς
1799 4053 2022 4124 χάριτος

445 4141 818 4212 πληρωθεῖσα,
839 4142 934 4195 καὶ
961 4143 1029 4195 τὰ
1053 4142 1317 4212 μέλλοντα
1350 4160 1412 4196 συ
1421 4142 1623 4213 μὸἦναι
1645 4143 1722 4213 τῷ
1740 4145 1856 4217 Κλή
1867 4162 2021 4215 μεντι

447 4232 909 4306 προφητικώτατα
941 4231 1164 4305 διεξῄει,
1230 4235 1346 4300 καὶ,
1401 4235 1603 4305 Δέομαί
1661 4253 1794 4303 σου,
1844 4237 2020 4306 ἔλεγε,

449 4327 672 4396 φίλτατε
704 4329 825 4393 παῖ,
855 4326 1044 4396 δέομαί
1095 4344 1188 4381 σου
1223 4327 1352 4397 μίαν
1391 4328 1511 4381 ἀντὶ
1568 4329 1788 4382 πάντων
1835 4328 2021 4384 δοῦναί

453 4436 544 4488 μοι
571 4419 731 4491 χάριν
750 4436 764 4450 ·
795 4418 918 4472 ἐπεὶ
945 4418 1055 4488 γὰρ
1086 4418 1276 4490 καιρὸς
1306 4419 1575 4490 ἐφέστηκε
1625 4419 1890 4490 χαλεπὸς,
1927 4421 2023 4475 καὶ

2122 3291 2220 3359 cit,
2253 3299 2308 3348 et
2334 3293 2485 3349 deos.
2521 3293 2622 3360 Qui
2651 3309 2779 3366 ergo
2809 3296 2936 3352 huic
2969 3306 3120 3367 paret
3149 3288 3696 3368 Domino.°superabit

2123 3397 2459 3454 quacunque
2479 3395 2607 3440 sunt
2633 3383 2890 3453 difﬁcilia,
2927 3403 3030 3442 non
3057 3387 3252 3451 solum,
3283 3387 3370 3456 qui
3407 3388 3694 3444 simulacra

2123 3475 2412 3544 honorant,
2446 3487 2704 3548 tyrannos
2726 3489 2780 3533 et
2804 3493 2958 3550 reges
2986 3479 3296 3550 deprimens
3328 3493 3381 3535 et
3411 3481 3692 3552 dejiciens,

2123 3569 2215 3622 sed
2257 3582 2348 3624 eos
2402 3570 2564 3624 etiam
2609 3571 2700 3642 qui
2735 3571 2804 3626 ab
2845 3571 2975 3640 ipsis
3025 3572 3388 3636 honorantur,
3423 3573 3696 3631 daemones

2125 3660 2328 3728 pudore
2351 3661 2590 3719 alliciens
2607 3703 2622 3730 ,
2651 3655 2948 3736 eorumque
2977 3671 3166 3722 ducem
3192 3673 3245 3722 et
3273 3667 3555 3735 praesidem
3584 3667 3695 3723 dia-

2125 3751 2326 3808 bolum.

2199 3955 2263 4008 V.
2304 3954 2508 4011 Deinde
2545 3959 2688 4014 inter
2711 3958 3033 4029 loquendum
3061 3960 3249 4018 oculos
3281 3961 3480 4019 suﬂnsa
3511 3963 3698 4036 lacry—

2129 4047 2256 4113 mis,
2287 4057 2341 4104 et
2375 4049 2556 4104 divina
2603 4051 3064 4123 contemplatione
3095 4054 3312 4124 impleta
3349 4071 3376 4110 a
3409 4057 3600 4127 gratia,
3633 4072 3698 4113 es

2126 4139 2293 4194 etiam
2334 4155 2453 4210 qua:
2505 4151 2665 4196 erant
2707 4152 2964 4198 eventura
3015 4142 3300 4210 Clementi,
3335 4147 3699 4217 persequitur.
3783 4144 3787 4149 ’

2127 4231 2214 4287 vel
2261 4233 2497 4287 maxime
2531 4233 2879 4302 prophetice;
2911 4243 2964 4288 et
2984 4274 2999 4300 ,
3031 4233 3182 4304 Rogo
3214 4243 3267 4289 te
3289 4274 3303 4300 ,
3333 4235 3549 4291 dicebat
3569 4279 3584 4301 ,
3625 4236 3700 4290 ﬁli

2127 4322 2470 4383 charissime.
2514 4338 2642 4393 rogo
2680 4333 2750 4386 te,
2784 4335 2841 4377 ut
2868 4324 2998 4378 mihi
3027 4324 3121 4380 des
3145 4341 3304 4379 unam
3345 4328 3573 4395 gratiam
3605 4342 3702 4396 pro

2130 4414 2405 4469 omnibus.
2441 4416 2706 4482 Quoniam
2747 4417 2888 4471 enim
2928 4416 3094 4470 instat
3122 4425 3332 4486 tempus
3370 4416 3607 4482 dillicile,
3647 4428 3702 4474 et

447 4509 619 4562 δεινὸν
648 4511 676 4562 ὁ
705 4509 803 4578 τῆς
832 4507 1087 4571 ἀσεϐείας
1119 4510 1245 4562 πνεῖ
1277 4508 1514 4578 διωγμὸς
1539 4549 1555 4575 ,
1591 4508 1810 4578 μέλλεις
1844 4510 1901 4562 δὲ
1929 4514 2017 4564 καὶ

2130 4507 2480 4562 vehementer
2510 4507 2679 4575 spirat
2723 4507 3016 4577 impietatis
3048 4508 3388 4577 persecutio;
3419 4522 3478 4564 es
3515 4519 3698 4564 autem

448 4595 631 4658 αὐτὸς,
662 4594 843 4656 καθὼς
869 4598 898 4649 ό
925 4597 1191 4667 ἡμέτερος
1214 4598 1490 4666 Δεσπότης
1520 4597 1708 4669 φησὶν,
1736 4598 1832 4651 ἐπὶ
1862 4599 2020 4669 βασι-

448 4688 560 4751 λεῖς
617 4689 684 4741 δι’
740 4689 904 4742 αὐτὸν
949 4690 1042 4743 καὶ
1083 4688 1360 4760 ἡγεμόνας
1414 4689 1668 4760 ἀχθῆναι,
1719 4691 1944 4759 ταύτην,
1977 4685 2022 4744 ὧ

448 4781 659 4844 τέκνον,
687 4783 810 4850 ἐμοὶ
835 4782 923 4846 δὸς
943 4783 1042 4854 τὴν
1066 4782 1235 4854 τιμὴν
1257 4823 1272 4848 ,
1307 4781 1449 4836 ὥστε
1483 4783 1745 4851 γενναίως
1776 4784 1916 4854 ὑπὲρ
1936 4786 2028 4838 αὐ-

448 4873 542 4927 τοῦ
571 4873 782 4946 στῆναι,
819 4875 914 4928 καὶ
943 4874 1163 4944 ἀσφαλῆ
1189 4875 1277 4930 διὰ
1314 4874 1502 4940 τέλους
1531 4875 1769 4948 τηρῆσαί
1804 4893 1893 4946 μοι
1923 4877 2022 4947 τὴν

448 4965 742 5036 ὁμολογίαν
763 4983 778 4998 ο
805 4967 901 5020 καὶ
944 4967 1179 5021 πέποιθα
1200 4968 1294 5021 ἐπὶ
1327 4968 1404 5038 τῷ
1435 4966 1556 5038 ὲμῷ
1589 4968 1830 5038 Χριστῷ,
1864 4969 2024 5040 μέλος

391 5080 395 5084 ’
449 5058 604 5129 ἀμὸν,
633 5059 886 5127 πέποιθα,
917 5060 999 5114 ὅτι
1039 5060 1133 5114 καὶ
1153 5062 1220 5132 τῇ
1247 5063 1313 5133 σῇ
1345 5059 1554 5131 κεφαλῇ
1583 5059 1792 5131 ταχέως
1817 5062 1845 5114 ὁ
1882 5078 2023 5132 μαρ-

449 5149 674 5222 τυρικδς
697 5151 994 5221 ἑπανθήσει
1029 5151 1311 5222 στέφανος.
1352 5148 1638 5221 Ἑτοίμαζε
1663 5145 1754 5204 οὖν
1777 5151 2025 5216 σεαυτὸν,

451 5243 705 5314 καὶπρὸς
741 5243 992 5313 ἀνδρείαν
1017 5242 1229 5316 ἐρέθιζε
1255 5241 1353 5314 τὴν
1381 5240 1582 5313 ψυχὴν,
1616 5243 1764 5304 ὅπως
1789 5241 1864 5312 μὴ
1889 5243 2030 5296 ἀπα-

457 5333 722 5404 ράσκευος
758 5333 892 5402 πρὸς
922 5335 1046 5397 τοὺς
1077 5336 1294 5402 ἀγῶνας
1339 5333 1573 5403 ληφθῇς.
1630 5333 1706 5386 Οὐ
1753 5333 1862 5402 γὰρ
1893 5335 2029 5402 προς

454 5425 580 5486 τοὺς
633 5423 918 5493 τυχόντας,
967 5425 1087 5477 οὐδὲ
1149 5424 1290 5494 ὑπὲρ
1325 5423 1433 5476 τῶν
1467 5423 1741 5494 τυχόντων
1790 5423 1822 5492 ἡ
1862 5424 2029 5492 πάλη,

457 5512 596 5567 ἀλλὰ
624 5513 757 5584 πρὸς
791 5515 891 5584 μὲν
925 5514 1331 5583 ἀνταγωνιστὰς
1357 5515 1446 5566 τὸν
1489 5513 1727 5584 πονηρὸν
1748 5513 1912 5569 αὐτὸν
1938 5515 2033 5568 καὶ

453 5606 580 5670 τοὺς
606 5606 951 5672 ὑπασπιστάς
970 5606 1178 5662 ἐκείνου
1209 5608 1304 5661 καὶ
1330 5608 1631 5678 ὑπηρέταςο
1653 5605 1754 5659 me
1764 5623 1794 5676 9
1811 5606 2032 5660 αἰωνίου

534 5804 612 5872 (2)
641 5803 864 5877 κλῆμα,
903 5805 1177 5876 palmitem
1215 5808 1509 5876 signiﬁcat,
1556 5817 1616 5862 ut
1669 5816 1793 5865 ante
1843 5805 2121 5878 scriptum.

2131 4599 2245 4667 ipse
2286 4612 2498 4667 quoque
2525 4635 2540 4661 ,
2577 4607 2634 4652 ιιι
2684 4607 2868 4653 noster
2900 4597 3033 4652 dicit
3088 4597 3383 4665 Dominus,
3441 4600 3508 4654 ad
3546 4615 3702 4671 reges

2131 4693 2352 4753 propter
2385 4683 2561 4754 ipsum
2613 4684 2976 4757 praesidesque
3027 4685 3336 4750 ducendus,
3385 4689 3529 4746 hunc
3568 4691 3699 4746 mihi

2129 4779 2385 4832 honorem
2411 4776 2665 4842 concede,
2697 4776 2793 4841 ﬁli,
2820 4786 2879 4832 ut
2903 4792 3000 4846 pro
3035 4778 3150 4847 ipso
3168 4788 3278 4834 stes
3303 4778 3458 4835 fortis
3485 4789 3538 4835 et
3557 4791 3699 4837 stre.

2129 4885 2304 4937 unus,
2341 4879 2392 4924 et
2427 4871 2558 4924 mihi
2598 4871 2805 4924 ﬁrmam
2856 4885 2919 4926 ac
2955 4871 3206 4926 stabilem
3247 4887 3538 4929 conserves
3570 4889 3703 4929 corr-

2124 4964 2417 5020 fessionem
2457 4983 2470 5019 :
2506 4979 2558 5020 et
2585 4966 2796 5021 conﬁdo
2827 4967 2879 5021 in
2918 4967 3134 5023 Christo
3167 4982 3307 5035 meo,
3334 4982 3366 5022 ο
3399 4970 3699 5026 membrum

2128 5071 2329 5121 meum,
2373 5055 2608 5121 conﬁdo,
2635 5057 2776 5125 quod
2810 5057 2916 5112 cito
2952 5057 3005 5111 in
3041 5066 3134 5113 tuo
3159 5072 3374 5129 quoque
3403 5059 3578 5126 capite
3605 5057 3703 5114 llo-

2127 5151 2266 5205 rcbit
2323 5166 2519 5206 corona
2576 5155 2846 5223 martyrii.
2891 5153 3030 5208 Para
3068 5169 3198 5226 ergo
3240 5155 3506 5226 teipsum,
3546 5165 3600 5211 et
3635 5158 3700 5211 ad

2135 5243 2314 5312 magni
2355 5242 2518 5297 animi
2558 5244 2812 5300 virtutem
2849 5254 2991 5300 tuam
3039 5247 3202 5302 incita
3233 5250 3504 5315 animam,
3537 5265 3603 5305 ne
3653 5259 3702 5304 te

2137 5334 2462 5403 imparatum
2498 5333 2773 5390 oﬂeudant
2821 5338 3141 5396 certamina.
3181 5339 3299 5395 Non
3335 5341 3477 5396 enim
3508 5342 3700 5395 adver-

2135 5440 2227 5480 sus
2267 5426 2450 5481 hos1es
2481 5429 2940 5495 contemnendos,
2977 5445 3157 5502 neque
3199 5435 3267 5487 de
3299 5435 3460 5488 rebus
3498 5432 3704 5486 levibus

2135 5525 2218 5572 est
2267 5515 2588 5575 deeertatio.
2649 5517 2753 5574 Sed
2803 5531 2928 5576 sont
2981 5522 3275 5579 adversarii
3328 5523 3541 5592 quidem
3586 5523 3703 5594 ipse

2138 5606 2438 5678 nudignus,
2479 5607 2726 5680 illiusque
2779 5610 3010 5668 ministri
3073 5625 3125 5669 et
3157 5613 3464 5669 satellites:
3525 5616 3703 5684 agitur
