3832 6472
223 322 334 389 819

1466 296 1767 405 MENSIS.
1788 344 2251 419 nummus.

3383 361 3483 425 820

227 454 410 500 autem
441 443 508 500 de
538 444 648 502 vita
684 452 890 505 reterns
921 455 975 507 et
1002 449 1233 520 honore,
1267 459 1361 509 aut
1395 469 1587 513 rursus
1619 458 1686 514 de
1714 458 1801 514 de-

1915 463 1971 520 δὲ
1999 464 2147 541 ζωῆς
2174 469 2272 526 καὶ
2299 473 2491 547 τιμῆς,
2535 473 2569 549 η
2598 474 2859 547 αἰσχύνης
2899 473 3062 530 πάλιν
3089 472 3188 530 καὶ
3211 473 3499 547 ἀτελευτή-

225 534 444 601 decore,
468 537 612 607 quod
638 553 917 610 nunquam
952 544 1281 600 terminatur
1311 557 1366 603 et
1390 549 1680 619 supplicio.
1702 546 1812 607 Aut

228 626 359 695 erg‘o
396 634 449 681 te
490 627 635 684 bona
683 631 1085 702 adhortentur,
1124 647 1217 695 aut
1250 639 1437 710 gravia
1475 641 1808 701 deterreant.

190 774 195 779 ,
229 718 409 789 Turpe
459 730 580 787 est,
614 738 648 780 ο
695 725 770 785 Illi
791 770 807 794 ,
841 729 1042 787 milites
1082 733 1308 802 quidem
1331 750 1431 805 pro
1459 749 1727 793 conservo
1757 746 1811 793 et

188 864 193 867 .
223 814 444 870 mortali
492 831 619 887 rege
653 818 903 877 lubenter
952 834 1184 880 mortem
1214 838 1505 898 oppetere.
1553 843 1652 885 nos
1682 845 1812 888 vero

224 922 332 961 non
369 908 473 963 hoc
515 909 648 966 velle
688 911 941 971 similiter
971 917 1157 973 subire
1181 933 1281 988 pro
1309 919 1459 990 Rege
1492 921 1808 979 immortali.

225 996 564 1069 Quamquam
592 1003 697 1072 ipsi
721 1005 941 1073 quidem
978 1010 1047 1063 ab
1073 1023 1140 1063 eo
1166 1011 1303 1065 nihil
1337 1013 1633 1082 accipiunt,
1666 1014 1810 1084 quod

224 1096 553 1160 respondeat
579 1098 792 1153 meritis
825 1107 989 1156 tanta!
1029 1102 1441 1162 benevolentiae.
1480 1106 1633 1175 Quod
1663 1108 1808 1163 enim

224 1184 428 1240 donttm
461 1190 594 1243 tanti
621 1200 703 1245 est
730 1194 1011 1257 momenti,
1042 1197 1230 1265 quanti
1255 1197 1363 1253 vita
1384 1198 1410 1252 i
1440 1208 1532 1254 aut
1553 1202 1807 1270 quisnam

224 1284 347 1347 post
380 1290 606 1335 mortem
631 1291 715 1337 est
740 1298 937 1342 sensus
962 1302 1152 1343 eorum
1174 1329 1189 1354 ,
1213 1304 1335 1360 qua
1362 1290 1675 1346 donantur?
1701 1290 1809 1347 Sed

225 1372 269 1423 si
324 1381 575 1430 mortuus
622 1374 797 1432 fueris
834 1394 936 1447 pro
987 1380 1207 1438 Christo
1236 1383 1512 1439 communi
1561 1385 1807 1440 omnium

228 1459 479 1530 Domino,
514 1481 613 1537 pro
648 1468 758 1523 vita
788 1485 908 1537 qua:
938 1479 1024 1527 est
1069 1472 1137 1527 ad
1173 1482 1408 1543 tempus,
1446 1474 1672 1530 habebis
1706 1476 1810 1529 im-

225 1557 552 1625 mortalem;
608 1575 707 1630 pro
751 1562 961 1618 deliciis
1007 1574 1063 1619 et
1113 1564 1286 1635 gloria
1336 1575 1393 1621 et
1436 1582 1557 1639 qua:
1590 1581 1809 1637 semper

222 1649 396 1704 ﬂuunt
444 1650 685 1718 divitiis,
740 1664 944 1711 :eterna
1005 1656 1203 1715 frueris
1256 1657 1609 1716 beatitudine.
1665 1660 1804 1727 Quid

221 1741 397 1796 vero?‘
440 1744 545 1799 etsi
595 1760 741 1801 nunc
781 1763 888 1803 non
942 1751 1278 1819 moriamur,
1332 1768 1437 1808 non
1476 1754 1636 1825 paulo
1682 1762 1804 1826 post

220 1835 446 1892 omnino
475 1840 795 1907 moriemur,
840 1852 895 1898 et
921 1847 1173 1902 omnibus
1200 1863 1490 1904 commune
1515 1851 1805 1908 reddemus

220 1927 508 1985 debitum?
548 1931 617 1987 Et
666 1933 867 2007 alioqui
902 1952 1021 2010 qua:
1074 1949 1295 2010 propter
1334 1941 1616 1998 Christum
1659 1960 1806 1999 mors

219 2021 551 2092 suscipitur,
603 2041 674 2082 ne
728 2044 877 2083 mors
922 2030 1138 2100 quidem
1196 2032 1321 2103 jure
1376 2033 1802 2090 existintabitur.

220 2112 448 2184 Semper
476 2116 622 2172 enim
674 2118 900 2177 meliore
948 2137 1044 2194 spe
1084 2122 1392 2182 futurorum
1414 2165 1430 2191 ,
1463 2125 1583 2197 ejus
1612 2141 1806 2187 sensus

220 2204 497 2263 adimitur.

293 2295 383 2353 Vl.
424 2298 565 2359 Ante
604 2304 786 2359 omnia
838 2315 1038 2375 autem,
1071 2322 1103 2362 ο
1146 2308 1241 2375 ﬁli,
1274 2310 1359 2366 illa
1394 2321 1521 2367 sunt
1550 2311 1803 2367 conside-

218 2392 413 2457 randa,
439 2395 893 2464 quemadmodum
920 2398 1037 2470 ipse
1056 2398 1292 2456 Eﬂector
1314 2402 1579 2459 universa:
1605 2415 1803 2458 creata:

220 2491 449 2550 natum,
485 2494 542 2539 et
573 2487 745 2542 nostri
776 2491 995 2559 generis
1022 2491 1227 2563 apifex,
1259 2501 1479 2563 propter
1512 2509 1611 2551 nos
1639 2493 1803 2551 homo

218 2570 394 2630 factus
427 2585 515 2631 est
545 2594 558 2632 :
594 2585 649 2633 et
680 2592 800 2634 cum
835 2581 887 2636 in
925 2590 1122 2638 terram
1161 2586 1415 2649 venisset,
1449 2597 1803 2641 conversatus

218 2675 300 2720 est
324 2681 447 2722 cum
471 2668 803 2728 hominibus.
834 2672 944 2727 Cur
967 2690 1071 2730 non
1099 2676 1219 2732 dico
1249 2676 1323 2742 id,
1354 2680 1495 2748 quod
1522 2688 1606 2733 est
1637 2679 1802 2733 maxi-

218 2774 384 2842 mum,
415 2763 560 2831 quod
589 2778 691 2834 pro
733 2766 891 2824 nobis
922 2782 1139 2838 quoque
1186 2768 1412 2842 ingratis
1447 2770 1666 2828 famulis
1695 2772 1804 2826 Do-

216 2838 394 2909 minus
420 2866 597 2912 morte
621 2867 705 2914 est
743 2859 1160 2929 condemnatus,
1189 2838 1514 2933 co'nsputus,
1557 2863 1801 2933 colaphis

217 2945 463 3015 pulsatus
500 2957 557 3004 et
589 2959 866 3018 postremo
901 2953 1191 3011 mortuus?
1221 2955 1286 3011 Et
1318 2956 1433 3013 haec
1461 2959 1644 3011 omnia
1685 2956 1801 3027 ipse

216 3051 407 3107 passus
431 3047 514 3094 est
555 3052 778 3112 propter
816 3058 919 3099 nos
948 3053 1003 3100 et
1032 3056 1272 3102 nostram
1304 3046 1555 3115 salutem,
1585 3059 1644 3103 ut
1676 3062 1799 3117 pec-

1913 575 2011 613 του
2045 561 2322 630 κολάσεως
2345 567 2375 621 ὀ
2402 566 2578 637 ἀγὼν.
2620 567 2693 622 Ἦ
2740 567 2925 622 τοίνυν
2954 566 3021 621 τά
3060 566 3322 638 χρήματα
3362 582 3494 641 προ-

1911 656 2182 725 τρεπέτω,
2320 659 2551 716 πτοείτω
2595 679 2654 716 σε
2692 661 2763 714 τὰ
2797 660 2971 717 δεινά.
3014 660 3277 731 Δίσχρδν,
3312 656 3495 730 tit-irai,

1914 746 2255 817 στρατιώτας
2302 750 2404 822 μὲν
2457 752 2597 825 ὑπὲρ
2621 752 2917 826 ὁμοδούλου
2957 753 3055 809 καὶ
3104 751 3302 823 θνητοῦ
3340 751 3492 823 βασι·
3598 809 3603 814 _

1911 838 2051 903 λέως
2072 841 2356 909 ἐθέλοντας
2390 845 2785 919 ἀποθνήσκειν,
2814 847 2962 918 ἡμᾶς
2996 847 3053 900 δὲ
3084 846 3160 917 μὴ
3190 844 3285 899 τοῦ
3317 861 3493 916 παρα-

1915 933 2163 1007 πλησίως
2202 937 2407 992 ἐθέλειν
2438 938 2581 1011 ὑπὲρ
2634 940 2908 995 ἀθανάτου
2958 939 3237 1002 Βασιλέως
3269 938 3498 1007 ὑφίστα-

1915 1027 2060 1083 σθαι.
2096 1029 2288 1084 Καίτοι
2328 1031 2483 1086 αὐτοὶ
2521 1033 2622 1105 μὲν
2645 1034 2798 1087 οὐδὲν
2834 1032 2970 1106 παρ’
3000 1031 3211 1086 ἐκείνου
3240 1031 3493 1103 τοιαύτης

1912 1120 2130 1187 εὐνοίας
2159 1124 2655 1193 ἀντιλαμϐάνουσιν
2684 1127 2835 1193 ἀξιον
2858 1144 2873 1160 ·
2898 1125 2982 1191 τίς
3017 1126 3125 1198 γὲρ
3148 1124 3295 1194 ζωῆς
3322 1124 3500 1197 ἀντίρο

1913 1214 2080 1283 ῥοπος
2106 1215 2321 1288 δωρεάς
2351 1216 2383 1285 ἢ
2437 1218 2567 1272 ποία
2598 1218 2705 1272 τῶν
2750 1218 3046 1288 διδομένων
3083 1218 3222 1288 μετά
3266 1216 3495 1271 θάνατον

1911 1301 2194 1373 αίσθησιςς
2236 1306 2334 1360 Ἂν
2366 1305 2422 1360 δὲ
2456 1308 2597 1380 ὑπὲρ
2621 1308 2714 1362 τοῦ
2750 1309 2931 1362 κοινοῦ
2967 1308 3242 1363 Δεσπότου
3279 1307 3497 1360 πάντων

1909 1395 2192 1470 ἀποθάνῃς
2216 1399 2483 1471 Χριστοῦ,
2512 1400 2635 1455 ἀνιιλ⁵
2664 1402 3008 1473 προσκαίρου
3037 1400 3208 1473 ζωῆς,
3227 1398 3495 1454 ἀθάνατον

1909 1488 2053 1553 ἕξεις
2072 1506 2087 1521 ⁸
2124 1490 2247 1544 ἀντὶ
2280 1492 2494 1563 τρυφῆς
2502 1532 2517 1555 ς
2542 1494 2636 1549 καὶ
2651 1492 2832 1565 δόξης,
2855 1493 2951 1547 καὶ
2979 1491 3214 1545 πλούτου
3250 1490 3492 1564 ῥέοντος.

1909 1579 2131 1634 αἰωνίου
2164 1585 2609 1655 κατατρυφήσεις
2646 1585 3071 1656 μακαριότητος.
3089 1582 3157 1636 Τί
3188 1582 3286 1648 δέ;
3319 1584 3368 1636 εί
3396 1581 3491 1637 καὶ

1911 1671 1987 1741 μὴ
2045 1671 2141 1725 νῦν
2195 1672 2590 1743 ἀποθάνωμεν,
2639 1674 2703 1730 ού
2753 1675 2872 1746 μετ’
2897 1674 3081 1744 ὀλίγον
3108 1672 3327 1736 πάντως
3356 1674 3494 1726 ἀπο·

1912 1762 2242 1834 θανούμεθα,
2296 1764 2392 1818 καὶ
2421 1766 2523 1836 τὴν
2552 1766 2739 1838 κοινὴν
2769 1769 2938 1822 πᾶσιν
2960 1766 3186 1837 ὀφειλὴν
3230 1764 3494 1819 ἀποτίσο-

1916 1872 2053 1926 μεν;
2117 1855 2326 1921 ’Ἄλλως
2344 1874 2405 1910 τε
2431 1857 2510 1924 δὲ,
2560 1857 2658 1912 καὶ
2709 1858 2742 1926 ἡ
2800 1857 2891 1912 διά
2942 1856 3182 1927 Χριστὸν
3243 1855 3491 1927 τελευτὴ,

1908 1949 2030 2002 οὐδὲ
2063 1948 2294 2013 θάνατος
2327 1950 2394 2004 ἂν
2425 1950 2658 2015 εἰκότως
2698 1950 3011 2021 νομίζοι-ω’
3047 1951 3114 2021 τῇ
3147 1949 3493 2022 χρηστοτέρα

1906 2043 2017 2112 γὰρ
2039 2042 2128 2097 ἀεὶ
2151 2042 2262 2097 τῶν
2288 2043 2592 2113 μελλόντων
2617 2041 2817 2110 ἑλπίδι,
2850 2042 3229 2117 κλεπτομένην
3256 2042 3370 2114 ἔχει
3391 2039 3492 2113 τὴν

1908 2132 2182 2204 αἴσθησιν.

1985 2280 2077 2367 (τ’.
2118 2298 2235 2370 Πρὸ
2268 2298 2326 2353 δὲ
2361 2300 2604 2365 πάντων,
2636 2294 2680 2355 ὦ
2704 2302 2917 2368 τέκνον,
2944 2301 3131 2359 ἐκεῖνα
3172 2300 3491 2370 λογίσασθαι

1907 2394 2035 2466 χρὴ,
2066 2396 2215 2459 ὅπως
2238 2396 2401 2459 αὐτὸς
2433 2396 2464 2449 ὀ
2504 2397 2685 2465 πάσης
2712 2399 2814 2466 τῆς
2859 2396 3089 2462 κτίσεως
3118 2396 3356 2467 Ποιητὴς
3398 2397 3491 2451 καὶ

1904 2486 2001 2541 τοῦ
2037 2487 2312 2559 ἡμετέρου
2337 2488 2531 2555 γένους
2558 2489 2917 2559 δημιουργὸς,
2949 2488 3242 2559 ἄνθρωπος
3275 2488 3491 2555 ἐγένετο

1903 2579 1971 2633 δι’
1995 2580 2166 2651 ἡμᾶς,
2198 2579 2296 2632 καὶ
2331 2578 2427 2633 ἐπὶ
2454 2581 2557 2650 γῆς
2581 2579 2753 2634 ἐλθὼν
2811 2581 2924 2643 τοῖς
2949 2578 3261 2651 ἀνθρώποις
3296 2595 3492 2632 συναν-

1905 2672 2221 2742 εσιρὲφετο.
2246 2673 2312 2726 Τί
2344 2671 2419 2742 μὴ
2435 2672 2584 2740 λέγω
2603 2674 2665 2726 τὸ
2693 2674 2901 2741 μεῖζον,
2919 2671 3118 2726 ὅτικαὶ
3161 2672 3304 2741 ὑπὲρ
3332 2670 3491 2742 ήμῶν

1903 2761 2015 2816 τῶν
2043 2761 2378 2833 ἀγνωμόνων
2427 2761 2655 2814 οἰκετῶν
2681 2763 2711 2814 ὀ
2742 2762 3025 2831 Δεσπότης
3084 2760 3318 2816 θάνατον
3353 2777 3486 2817 κατε

1902 2853 2174 2925 εκρίνετο,
2210 2854 2305 2906 καὶ
2325 2853 2635 2919 ἰνεπτύετο,
2669 2854 2763 2907 καὶ
2805 2834 3159 2925 ὲρῥαπίζέτο.
3193 2855 3289 2911 καὶ
3316 2854 3488 2919 τέλος,

1901 2922 2174 3014 ἔθνῃσκες
2208 2944 2499 3000 καὶταῦτα
2540 2947 2741 3010 πάντα,
2769 2946 2835 2999 δι’
2886 2947 3035 3015 ἡμᾶς
3072 2946 3168 3001 καὶ
3194 2945 3294 3015 τὴν
3320 2962 3492 3015 σωτηο

1905 3036 2029 3108 ρίαν
2076 3035 2177 3107 τὴν
2219 3038 2494 3109 ἡμετέραν
2527 3037 2688 3101 αύτός
2737 3038 2968 3109 ἔπασχε,
3013 3039 3162 3102 ὅπως
3206 3038 3341 3109 λυθῇ
3390 3039 3486 3107 τῆς

214 3130 321 3185 cati
365 3131 672 3187 solveretur
716 3136 997 3205 tyrannis,
1046 3149 1105 3194 ut
1152 3138 1302 3209 prior
1353 3139 1632 3199 tolleretur
1670 3156 1796 3196 con-

1910 3130 2181 3203 ἀμαρτίας
2237 3130 2583 3204 ήτυραννὶς,
2638 3132 2788 3197 ὅπως
2842 3133 2877 3202 ἡ
2929 3134 3173 3203 προτέρα
3221 3131 3486 3200 καταδίκη

216 3226 529 3292 demnatio,
566 3236 621 3281 ut
653 3228 773 3283 cteli
810 3237 982 3300 portae
1019 3230 1175 3287 nohis
1206 3246 1396 3289 rursus
1434 3231 1797 3303 aperirentur.

216 3318 498 3384 Quomodo
532 3333 665 3390 ergo
700 3336 808 3375 non
857 3321 1062 3377 erimus
1102 3323 1257 3383 venia
1304 3323 1531 3396 indigni,
1559 3340 1592 3381 ο
1622 3326 1722 3391 tili,
1756 3330 1800 3383 si

216 3406 332 3475 ipse
364 3407 707 3480 quidem'pro
739 3412 895 3468 nobis
916 3453 930 3478 ,
964 3412 1057 3484 qui
1100 3414 1421 3484 gravissima
1462 3419 1801 3487 perpetravi-

217 3515 337 3555 ntus
358 3543 373 3568 ,
404 3500 559 3570 isque
594 3517 716 3558 cum
748 3504 819 3559 sit
854 3504 1137 3572 Dominus,
1169 3507 1296 3564 talia
1342 3523 1533 3581 passus
1564 3511 1671 3578 sit;
1705 3526 1802 3565 nos

215 3601 395 3647 autem
448 3608 515 3649 ne
552 3609 724 3665 pauca
776 3598 997 3669 quidem
1051 3608 1277 3671 propter
1332 3601 1481 3657 illum
1525 3603 1801 3665 sustinea-

215 3683 383 3738 ntus?
426 3682 575 3753 Haec,
606 3702 641 3741 ο
669 3686 766 3754 ﬁli,
804 3690 1111 3758 considera,
1158 3700 1213 3745 et
1245 3692 1378 3746 nihil
1414 3704 1465 3748 te
1507 3702 1725 3766 separet
1766 3710 1796 3748 a

213 3775 482 3831 charitate
532 3776 781 3846 Christi,
811 3795 921 3835 non
958 3781 1119 3837 mina
1167 3783 1493 3851 praesidum,
1534 3799 1640 3839 non
1688 3793 1799 3841 tor-

215 3877 399 3923 menta
440 3883 504 3925 ac
530 3871 821 3942 supplicia,
855 3888 963 3928 non
999 3884 1178 3930 metus
1209 3891 1417 3947 regum,
1453 3876 1541 3948 qui
1574 3888 1701 3933 sunt
1728 3882 1795 3934 ad

214 3968 449 4031 tempus,
482 3976 716 4031 quorum
759 3965 839 4019 ira
867 3966 978 4021 cito
1016 3966 1216 4021 decidit
1242 3982 1365 4021 cum
1395 3970 1713 4038 supercilio,
1747 3980 1803 4031 et

213 4057 355 4127 ignis
385 4057 775 4127 exstinguitur,
805 4065 860 4113 et
885 4060 1033 4115 ensis
1064 4058 1314 4131 rubigine
1338 4062 1627 4118 obducitur
1659 4078 1674 4117 :
1707 4068 1801 4122 sed

214 4148 395 4215 potius
436 4156 490 4203 te
519 4149 868 4205 consolentur
903 4150 1069 4216 bona,
1110 4167 1230 4222 qua:
1257 4162 1387 4207 sunt
1426 4163 1615 4225 parata
1657 4171 1804 4215 mar-

214 4240 451 4311 tyribus,
480 4249 536 4296 et
569 4241 765 4297 caelum
796 4244 992 4315 ipsum,
1034 4244 1178 4314 quod
1220 4255 1303 4301 est
1335 4245 1428 4302 tibi
1460 4249 1800 4321 propositum

211 4331 496 4399 praemium
530 4333 802 4407 martyrii.

287 4420 397 4479 VII.
454 4424 582 4482 Haec
621 4429 861 4498 quotidie
896 4440 1071 4486 mater
1102 4431 1152 4487 ei
1191 4433 1537 4505 suggerebat,
1574 4442 1633 4490 ut
1673 4448 1793 4506 qum

214 4516 353 4588 ejus,
389 4518 480 4589 qui
519 4533 649 4576 vere
697 4530 783 4578 est
822 4522 1109 4595 sapientia,
1141 4522 1400 4595 Spiritum
1448 4526 1673 4583 haberet
1701 4543 1797 4599 per

213 4624 274 4666 se
302 4610 637 4682 loquentem,
679 4629 800 4669 cum
833 4631 967 4689 puer
988 4616 1097 4687 jam
1130 4628 1274 4674 esset
1303 4632 1474 4677 canus
1510 4618 1795 4689 prudentia

213 4703 377 4757 etiam
433 4711 562 4759 ante
601 4713 853 4773 aetatem,
905 4716 961 4763 et
1008 4708 1359 4780 profundiore
1403 4725 1540 4780 opus
1575 4710 1799 4765 haberet

214 4794 606 4852 admonitione.
653 4794 711 4851 In
754 4797 863 4853 ﬁne
903 4810 1081 4855 autem
1132 4800 1247 4857 haec
1294 4816 1509 4872 quoque
1561 4800 1795 4872 adjicit:

214 4884 343 4942 llaec
387 4887 521 4945 mihi
566 4897 670 4946 tua:
716 4893 876 4947 matri
940 4893 1126 4961 redde,
1176 4910 1210 4947 o
1238 4893 1349 4961 ﬁli,
1378 4909 1476 4965 pro
1513 4895 1585 4951 tui
1623 4894 1798 4950 nutri-

216 4977 362 5032 tione
403 4994 417 5031 :
452 4978 565 5034 haee
595 4980 665 5035 sit
695 4981 825 5035 mihi
856 4997 1066 5041 merces
1086 4999 1341 5047 ,meorum
1374 4985 1427 5041 in
1456 4995 1505 5043 te
1539 4985 1800 5056 pariendo

216 5072 489 5137 dolorum,
520 5088 554 5127 ο
587 5073 660 5127 illi
687 5073 1108 5143 jucundissime,
1139 5089 1199 5137 ut
1225 5094 1328 5151 ego
1354 5093 1570 5151 quoque
1602 5088 1797 5146 mater,

216 5179 280 5220 ex
318 5162 471 5220 Pauli
516 5168 841 5236 sententia',
871 5168 1020 5225 salva
1054 5170 1177 5225 liam
1218 5188 1315 5243 per
1345 5172 1641 5231 liberorum
1673 5189 1801 5245 pro-

216 5254 574 5320 creationem,
622 5265 675 5312 et
735 5258 787 5311 in
837 5260 1093 5317 membris
1155 5261 1248 5318 lilii
1307 5262 1595 5332 gloriﬁcer.
1661 5264 1802 5322 Ecce

218 5349 398 5413 enim,
446 5363 480 5403 ο
526 5348 635 5414 ﬁli,
687 5363 785 5419 ego
829 5352 1047 5421 quidem
1089 5353 1204 5424 jam
1250 5356 1442 5410 recedo
1511 5356 1800 5427 (senserat

214 5438 360 5493 enint
386 5455 445 5495 se
474 5440 817 5507 morientem,
854 5443 1053 5499 virtute
1074 5446 1296 5514 gratias)
1326 5454 1381 5500 et
1412 5445 1527 5507 haec
1559 5446 1648 5505 lux
1678 5464 1795 5505 seu-

215 5531 389 5587 sihilis
418 5531 550 5587 mihi
595 5547 757 5588 mane
807 5550 911 5589 non
949 5534 1244 5591 illucescet.
1283 5535 1365 5592 Tu
1403 5551 1531 5593 vero
1579 5554 1697 5596 mea
1744 5542 1795 5603 in

214 5625 434 5683 Christo
468 5627 556 5681 lux
602 5636 658 5682 et
696 5629 827 5695 vita,
865 5639 939 5699 et,
971 5636 1022 5689 te
1052 5645 1201 5702 rogo,
1238 5645 1357 5688 mea
1382 5630 1613 5701 viscera,
1638 5649 1704 5690 ne
1736 5652 1800 5693 ca

402 5801 545 5861 Tim.
578 5821 639 5872 ιι,
669 5805 754 5861 l5.

1823 4474 1878 4535 D

1904 3223 2194 3295 ἀναιρεθῇ,
2230 3224 2380 3288 ὅπως
2427 3224 2722 3293 ἀνοιγῶσιν
2758 3225 2892 3294 ἡμῖν
2935 3225 3032 3281 καὶ
3065 3224 3228 3283 πάλιν
3253 3223 3484 3295 ούρανοῦ

1905 3315 2097 3371 πύλαι.
2132 3314 2259 3379 Πῶς
2285 3310 2379 3370 οὖν
2405 3316 2507 3370 οὐκ
2560 3315 2962 3384 ἀσύγγνωστοι,
2998 3309 3044 3369 ὦ
3075 3314 3288 3382 τέκνον,
3330 3316 3491 3369 αύτὲν

1907 3411 2007 3483 μὲν
2039 3408 2179 3479 ὑπὲρ
2208 3409 2367 3480 ἡμῶν
2391 3408 2502 3463 τῶν
2524 3408 2593 3464 τὰ
2620 3410 2900 3479 ἀνήκεστα
2929 3408 3367 3479 τετολμηκότων,
3402 3409 3492 3462 καὶ

1904 3501 2079 3555 ταῦτα
2109 3501 2391 3571 Δεσπότην
2412 3502 2563 3568 ὄντα,
2599 3500 2825 3557 τοιαῦτα
2852 3500 3069 3563 παθεῖν.
3095 3502 3243 3570 ἡμᾶς
3269 3500 3328 3554 δὲ
3362 3498 3492 3571 μηεὲ

1904 3595 2063 3663 ὀλίγα
2077 3596 2142 3648 δι’
2169 3596 2379 3649 ἐκεῖνον
2413 3597 2773 3662 ύπενεγκεῖν;
2803 3594 2998 3658 ταῦτα,
3022 3588 3069 3649 ὦ
3097 3596 3217 3657 παῖ,
3250 3593 3490 3659 λογίζου,

1904 3688 2001 3742 καὶ
2030 3687 2199 3759 μηδέν
2232 3703 2293 3740 σε
2333 3689 2435 3757 τῆς
2462 3688 2690 3756 ἀγάπης
2720 3685 2937 3759 χωρίσῃ
2964 3686 3064 3758 τῆς
3088 3684 3185 3740 τοῦ
3229 3684 3489 3756 Χριστοῦ,

1908 3780 1984 3852 μὴ
2018 3779 2241 3833 ἀπειλαὶ
2286 3780 2593 3851 ἡγεμόνων,
2630 3781 2704 3852 μὴ
2738 3779 3014 3849 αἰκισμοὶ,
3068 3777 3144 3849 μὴ
3188 3777 3347 3846 φόϐοι
3388 3776 3489 3829 τῶν

1907 3872 2257 3945 προσκαίρων
2288 3872 2495 3929 τούτων
2519 3873 2808 3943 βασιλέων,
2850 3865 2925 3927 ὧν
2955 3874 2984 3926 ὀ
3016 3872 3188 3943 θυμὸς
3225 3871 3367 3942 μετά
3399 3869 3488 3937 τῆς

1905 3965 2107 4037 ὀφρύος
2123 3966 2403 4037 ταχύτατα
2432 3970 2643 4035 πίπτει,
2664 3966 2839 4020 καὶτὸ
2864 3966 2973 4037 πῦρ
2990 3966 3299 4030 σϐέννυται,
3327 3962 3491 4017 καὶτὸ

1908 4057 2059 4127 ξίφος
2082 4059 2292 4114 ίοῦταιο
2325 4058 2462 4115 ἀλλά
2487 4076 2547 4113 σε
2578 4058 2647 4114 τὰ
2699 4059 3078 4130 ήτοιμασμένα
3108 4060 3224 4120 τοῖς
3257 4057 3493 4127 μάρτυσι

1908 4152 2112 4224 μᾶλλον
2146 4152 2538 4227 παρακαλείτω
2563 4152 2727 4217 καλὰ,
2754 4153 2848 4206 καὶ
2877 4152 3105 4223 οὐρανὸς
3124 4150 3311 4218 αὐτὸς,
3335 4145 3490 4204 ἆθλόν

1908 4262 1993 4301 σοι
2024 4246 2121 4300 καὶ
2156 4239 2312 4311 οὗτος
2338 4244 2439 4317 τῆς
2472 4244 2780 4319 μαρτυρίας
2803 4242 3194 4316 προκείμενος.

1982 4432 2058 4488 Ζ’.
2093 4429 2282 4486 Ταῦτα
2303 4430 2395 4485 διὰ
2413 4431 2596 4501 πάσης
2622 4428 2786 4483 αὐτὸν
2821 4428 2856 4500 ἡ
2880 4426 3065 4499 μήτηρ
3096 4425 3369 4496 ύπήλειφε
3396 4422 3483 4493 τῆς

1903 4523 2140 4595 ἡμέρας,
2166 4522 2228 4575 τὸ
2252 4524 2350 4593 τῆς
2375 4521 2543 4587 ὅντως
2566 4520 2756 4590 σοφίας
2785 4518 3007 4590 Πνεῦμα
3027 4519 3095 4572 δι’
3119 4518 3296 4587 αὐτῆς
3330 4517 3487 4586 φθεγο

1903 4616 2137 4687 γόμενον
2173 4616 2397 4686 ἔχουσα,
2433 4614 2535 4686 ἥδη
2568 4614 2663 4668 καὶ
2690 4612 2785 4667 τοῦ
2814 4613 3004 4680 παιδὸς
3035 4609 3224 4664 πολιοῦ
3261 4610 3355 4665 καὶ
3386 4608 3487 4678 πρὸ

1904 4710 2004 4780 τῆς
2047 4708 2260 4781 ἡλικίας
2290 4709 2445 4769 ὄντος
2488 4708 2588 4778 τὴν
2617 4708 2852 4767 σύνεσιν,
2914 4704 3008 4758 καὶ
3043 4701 3353 4775 βαθυτέρας
3380 4700 3488 4752 6co-

1906 4800 2072 4873 μένου
2100 4803 2199 4871 τῆς
2223 4798 2621 4871 παραινέσεως.
2660 4796 2786 4852 Ἐπὶ
2805 4795 2953 4848 τέλει
2974 4792 3033 4846 δὲ
3065 4792 3376 4863 προσετίθει
3401 4788 3490 4843 καὶ

1904 4896 2082 4950 ταῦτα
2102 4910 2115 4925 ⁶
2141 4893 2368 4951 τοιαῦτὰ
2395 4910 2487 4964 μοι
2529 4894 2595 4963 τῇ
2623 4893 2691 4963 σῇ
2720 4890 2889 4962 μητρὶ
2914 4888 2982 4942 τὰ
3008 4890 3259 4958 τροφεῖα,
3284 4886 3491 4947 τέκνον,

1908 4987 2106 5051 ἀπόδος
2128 5002 2140 5016 ·
2177 4980 2333 5051 οὗτός
2359 5004 2451 5058 μοι
2485 4985 2595 5039 τῶν
2649 4984 2746 5038 ἐπὶ
2777 4984 2861 5039 σοὶ
2900 4982 3130 5046 ὠδίνων,
3185 4978 3493 5049 γλυκύτατε

1908 5080 2028 5144 παῖ,
2064 5078 2307 5147 γενέσθω
2329 5078 2539 5150 μισθὸς,
2569 5077 2658 5133 ἴνα
2685 5078 2779 5132 καὶ
2806 5078 2840 5148 ἡ
2866 5075 3075 5148 μήτηρ,
3091 5072 3234 5127 κατά
3259 5070 3495 5137 Παῦλον⁹

1910 5170 2071 5225 σωθῶ
2105 5171 2194 5225 διά
2230 5171 2331 5240 τῆς
2357 5171 2731 5238 τεκνογονίας,
2767 5168 2864 5224 καὶ
2892 5171 2952 5221 ὲν
3005 5169 3119 5229 τοῖς
3153 5163 3250 5219 τοῦ
3305 5161 3491 5223 παιδὸς

1906 5265 2149 5330 δοξασθῶ
2204 5265 2446 5336 μέλεσιν.
2501 5264 2635 5321 Ἰδοὺ
2687 5263 2819 5335 γάρ,
2879 5255 2924 5319 ὦ
2957 5261 3183 5326 τέκνον,
3236 5256 3354 5326 ἐγὼ
3395 5256 3490 5327 μὲν

1907 5358 2106 5429 ἄπειμι
2139 5359 2238 5431 ἤδη
2266 5358 2483 5430 (ᾔσθετο
2510 5360 2620 5427 γὰρ
2647 5357 2850 5425 ἑαυτῆς
2901 5351 3245 5425 θνησκούσης
3266 5349 3491 5416 δυνάμει

1903 5451 2175 5523 χάριτος),
2201 5450 2381 5506 καὶτὸ
2401 5447 2664 5520 αἰσθητὸν
2691 5447 2852 5501 τοῦτο
2898 5445 3011 5515 φῶς
3042 5444 3144 5499 οὐκ
3192 5442 3488 5512 ἐπιφαύσει

1908 5562 2000 5615 μοι
2031 5544 2091 5599 τὸ
2121 5544 2285 5614 πρωϊ.
2320 5544 2393 5597 Σὺ
2424 5542 2482 5597 δέ
2518 5558 2607 5614 μοι
2631 5540 2746 5611 φῶς
2768 5541 2826 5595 ἐν
2856 5538 3085 5611 Χριστῷ
3110 5537 3205 5593 καὶ
3232 5536 3374 5607 ζωὴ,
3399 5534 3488 5590 καὶ

1915 5637 2189 5693 τοσούτων
2231 5636 2377 5708 ἐμῶν
2406 5635 2599 5707 δέομαι
2640 5634 2988 5705 σπλάγχνων,
3034 5632 3109 5703 μὴ
3141 5631 3252 5687 τῶν
3288 5629 3381 5682 ἐπὶ
3410 5624 3489 5680 σοὶ
