3832 6486
414 319 517 384 821

1442 323 1615 384 VITA
1647 324 1705 385 S.
1747 322 2181 387 CLEMENTIS
2215 321 2629 385 ANCYRANI.

3575 323 3693 387 8‘22

408 438 706 511 ψευσθείην
735 437 991 494 ἐλπίδων.
1036 435 1156 494 Μία
1200 438 1340 509 γυνὴ
1395 437 1623 511 Ἐὄλρ-αία
1675 441 1808 496 ποτὲ
1847 443 1996 506 uiola;

2108 453 2194 509 spe
2227 440 2398 505 fallar,
2433 453 2598 510 quam
2632 437 2700 493 de
2735 445 2788 494 te
2814 438 3060 510 concepi.
3095 437 3213 495 Una
3244 438 3439 495 mulier
3459 437 3693 497 Hebraea

409 530 552 587 ιπτὰ
580 531 897 604 προσήγαγε
921 530 1227 602 μάρτυρας.
1252 529 1345 585 καὶ
1365 532 1425 585 ἐν
1453 532 1596 587 ἑπτὰ
1622 535 1735 595 τοῖς
1768 532 1997 589 ἐκείνων

410 625 447 695 ἡ
480 621 618 693 αὐτὴ
650 622 900 693 σώμασιν
921 622 1258 690 ἡγωνίσατο’
1292 623 1357 677 σὺ
1378 621 1436 677 δέ
1460 641 1552 694 μοι
1587 624 1681 679 καὶ⁵
1713 625 1875 695 μόνος
1900 625 1999 680 αὐ-

409 716 503 779 τὸς
526 714 785 786 ἀρκέσεις
839 713 979 785 πρὸς
1026 713 1208 780 δόξαν,
1240 716 1335 769 καὶ
1361 718 1611 787 μακαρία
1640 719 1696 771 έν
1723 719 1999 790 μητράσιν

411 807 546 877 ἐγὼ,
575 807 770 878 ὅτιπερ
814 804 903 860 διὰ
936 804 1030 861 σοῦ
1084 806 1327 873 ἐπίδοξος
1370 808 1586 879 ἔσομαι.
1617 810 1753 865 Ἰδοὺ
1792 829 1998 883 προπο-

414 898 681 971 ρεύσομαί
711 916 829 967 σου,
862 891 907 952 ὦ
936 899 1057 964 παῖ,
1114 898 1210 954 καλ⁸
1240 900 1386 954 κατά
1420 901 1582 971 σῶμα
1624 901 1835 969 λοιπὸν,
1893 905 1995 974 ἤδη

414 1010 509 1046 σου
540 993 647 1046 τῶν
672 988 940 1046 ποθεινῶν
963 991 1230 1064 ὀμμάτων
1260 994 1573 1065 χωρίζομαι
1604 995 1870 1068 σήμερον,
1897 996 1997 1070 τὴν

412 1080 471 1137 δὲ
500 1082 639 1154 ἐμὴν
668 1081 849 1155 ψυχὴν
877 1080 1096 1139 ἐπειδὰν
1143 1086 1452 1156 τελευτήσω
1487 1088 1586 1157 τῆς
1629 1088 1728 1159 σῆς
1779 1088 1870 1143 ἀεὶ
1888 1086 1998 1161 ψυ-

412 1174 538 1246 χῆς,
575 1167 621 1231 ὦ
670 1176 884 1245 τέκνον,
938 1175 1323 1247 ἐκκρέμασθαι
1362 1179 1590 1250 νόμιζε·
1654 1181 1775 1253 μεθ’
1816 1176 1885 1252 ἧς
1940 1183 1998 1237 ὲν

414 1264 701 1337 παρρησίᾳ
734 1264 1099 1338 προσκυνήσω
1126 1264 1204 1336 τῷ
1236 1265 1441 1339 βήματι
1472 1267 1567 1321 τοῦ
1594 1269 1852 1342 Χριστοῦ,
1884 1272 2000 1335 τοῖς

417 1356 532 1418 σοῖς
586 1354 771 1418 πόνοις
820 1356 1245 1428 ὲγκαυχωμένη,
1307 1360 1421 1422 τοῖς
1478 1360 1591 1424 σοῖς
1650 1361 1788 1434 ὑπὲρ
1829 1362 1996 1417 αὑτοῦ

416 1445 712 1518 στίγμασιν
736 1445 1112 1521 ὡραϊζομένη,
1146 1449 1239 1503 καὶ
1271 1450 1529 1515 κοινωνός
1562 1468 1648 1505 σοι
1676 1442 1785 1507 τῶν
1830 1453 1999 1508 πολυ-

413 1538 585 1593 τελῶν
638 1539 865 1594 ἐκείνων
922 1539 1101 1596 ἄθλων
1158 1542 1421 1614 γινομένη
1467 1544 1562 1597 καὶ
1628 1542 1729 1615 τῆς
1777 1543 2001 1617 φαιδρό-

413 1645 600 1701 τητος.

487 1720 570 1779 η’.
607 1720 797 1779 Ταῦτα
828 1723 963 1796 πρὸς
1002 1725 1092 1779 τὸν
1154 1726 1320 1780 παῖδα
1348 1728 1382 1798 ἠ
1437 1728 1623 1799 μήτηρ
1671 1728 1826 1799 ἔλεγε
1850 1769 1865 1796 ,
1903 1729 1997 1784 καὶ

2101 533 2392 602 aliquando
2443 541 2651 602 septem
2698 531 2958 602 produxit
3005 541 3278 604 martyres
3295 534 3340 596 ³.
3392 540 3448 587 et
3478 534 3591 602 ipsa
3624 535 3678 589 in

2104 623 2313 677 illorum
2337 632 2546 693 septem
2577 623 2875 679 decertavit
2901 623 3243 693 corporibus.
3271 621 3351 679 Tu
3386 630 3567 678 autem
3601 624 3682 678 vel

2099 716 2247 772 solus
2286 716 2419 770 mihi
2466 715 2700 771 sutiicies
2760 717 2828 771 ad
2858 714 3105 784 gloriam,
3134 727 3198 772 et-
3223 718 3380 771 beata
3417 716 3687 787 ego‘inter

2100 817 2324 875 matres,
2361 808 2503 877 quod
2550 823 2646 878 per
2678 817 2729 863 te
2777 823 2874 865 ero
2904 808 3153 880 insignis.
3198 807 3340 864 Ecce
3388 808 3529 863 vado
3559 818 3689 862 ante

2102 910 2228 966 te,o
2258 899 2357 964 iiii,
2402 908 2458 954 et
2482 899 2738 970 deinceps
2766 900 2986 972 quidem
3016 913 3247 970 corpore
3273 913 3500 972 separor
3524 898 3688 953 hodie

2099 1007 2132 1048 a
2167 993 2273 1049 tuis
2313 991 2657 1048 suavissimis
2704 993 2916 1057 oculis;
2970 993 3208 1047 animam
3247 1001 3428 1046 autem
3485 1005 3683 1057 meam,

2101 1091 2386 1153 postquam
2434 1082 2750 1149 decessero,
2778 1083 3052 1151 existima,
3084 1097 3119 1139 o
3166 1081 3264 1148 iiii,
3292 1097 3323 1136 a
3355 1090 3449 1137 tua
3473 1096 3689 1151 semper

2098 1175 2358 1246 pendere,
2403 1190 2527 1231 cum
2559 1190 2665 1245 qua
2713 1175 3050 1231 conﬁdenter
3083 1174 3283 1231 Christi
3319 1174 3555 1230 adorabo
3589 1173 3688 1227 tri-

2100 1267 2290 1335 bunal,
2321 1267 2425 1322 tuis
2449 1266 2689 1337 glorians
2717 1267 3018 1335 laboribus,
3037 1265 3107 1323 de
3134 1266 3241 1322 tuis
3268 1275 3488 1337 propter
3511 1266 3687 1337 ipsum

2102 1360 2246 1415 notis
2292 1374 2358 1414 ac
2389 1359 2739 1429 stigmatibus
2767 1374 2854 1415 me
2903 1357 3187 1430 magniﬁce
3217 1356 3687 1427 circumspiciens,

2100 1461 2156 1507 et
2183 1450 2595 1523 magniﬁcorum
2642 1452 2855 1508 illorum
2888 1451 3238 1523 praemiorum
3268 1458 3324 1505 et
3364 1447 3568 1506 laetitia:
3607 1447 3693 1503 iu-

2103 1551 2219 1596 tura
2250 1544 2548 1614 particeps.

2171 1726 2307 1783 Vill.
2334 1727 2458 1785 Haec
2483 1735 2657 1784 mater
2679 1726 2894 1783 dicebat
2917 1726 3047 1794 tilio,
3075 1736 3131 1783 et
3149 1726 3310 1783 simul
3333 1724 3517 1782 omnia
3547 1723 3691 1780 illius

414 1813 552 1885 ὁμοῦ
609 1817 791 1871 πάντα
823 1788 1034 1871 ἐκείνου
1084 1788 1381 1889 κατεφίλει·
1401 1788 1471 1874 τα
1500 1788 1648 1893 ’μέλη
1673 1838 1686 1852 ·
1733 1788 2001 1894 Ιίιίακαρία

2108 1820 2350 1876 membra
2379 1820 2796 1877 deosculabatur
2829 1836 2844 1873 :
2875 1788 3180 1891 Felix'ego,
3236 1832 3426 1874 rursus
3475 1818 3689 1883 dicens,

414 1907 580 1962 πάλιν
612 1907 724 1977 ἐγὼ
743 1952 757 1974 ,
788 1909 1045 1980 λέγουσα,
1067 1910 1151 1964 ὅτι
1192 1911 1472 1984 μάρτυρος
1496 1911 1630 1985 μέλη
1661 1912 1825 1983 φιλῶ,
1858 1915 1999 1987 μέλη

2108 1910 2247 1981 quod
2267 1909 2509 1967 membra
2535 1912 2790 1982 martyris
2810 1912 3117 1978 deosculer,
3152 1907 3689 1975 membraoli‘erenda

413 1995 638 2071 Χριστῷ
676 1998 869 2055 θυσίαν
920 1999 1441 2071 προσαχθησόμενα.
1483 2001 1669 2065 Οὕτως
1697 2000 1793 2057 οὖν
1835 2003 1998 2059 αὐτὸν

2108 2002 2319 2059 Christo
2333 2001 2684 2059 sacrificium.
2704 2003 2795 2059 Sic
2808 2017 2939 2075 ergo
2952 2017 3074 2059 eum
3093 2002 3444 2073 amplectens,
3459 2010 3512 2056 et
3525 2012 3687 2068 quam

413 2090 922 2165 περιπτυτσομένη.
982 2094 1079 2148 καὶ
1112 2090 1187 2158 ὡς
1231 2094 1426 2165 ἣδιστα
1461 2094 1843 2170 διαλεγομένη,
1898 2098 2002 2169 τὴν

418 2184 699 2254 μακαρίαν
719 2182 889 2247 ὄντως
922 2183 1236 2239 ἀνάπαυσιν
1277 2184 1656 2241 ἀνεπαύσατοο
1686 2188 1750 2241 τὸ
1780 2188 2001 2260 πνεῦμα

417 2274 521 2346 μὲν
549 2274 629 2346 τῷ
654 2274 798 2347 Θεῷ,
819 2274 880 2330 τὸ
907 2276 965 2331 δὲ
996 2275 1157 2347 σῶμα
1187 2280 1308 2342 ταῖς
1333 2278 1702 2346 γλυκυτάταις
1720 2282 1880 2352 χερσὶ
1899 2281 1993 2336 τοῦ

415 2362 605 2429 παιδὸς
662 2365 847 2437 ἐκείνη
902 2364 1286 2439 παραθεμένη.
1330 2364 1392 2420 '0
1427 2364 1484 2421 δὲ
1527 2367 1629 2421 ὅσα
1671 2366 1997 2440 φιλομήτωρ

414 2458 552 2522 παῖς
585 2457 677 2513 ἐπὶ
711 2458 881 2529 μητρὶ
908 2456 1252 2529 φιλοστόργῳ
1286 2456 1642 2522 διατελέσας,
1677 2456 1854 2510 εκείνο
1900 2456 2000 2528 μὲν

414 2548 558 2618 ἄγαν
580 2548 847 2620 λαμπρῶς
877 2548 1073 2603 θάπτει
1110 2547 1207 2603 καὶ
1241 2548 1575 2620 φιλοτίμως·
1616 2546 1781 2614 αὐτὸς
1804 2549 1861 2603 δὲ
1908 2548 2002 2603 τὸν

417 2642 629 2714 μονήρη
653 2641 768 2714 βίον
788 2642 1189 2716 ὲπαναιρείται,
1211 2643 1387 2714 τούτῳ
1408 2641 1571 2708 εὐθὺς
1596 2643 1799 2716 πρώτῳ
1832 2642 2003 2716 μητρὶ

417 2729 800 2804 χαριζόμενος,
835 2731 897 2787 τὸ
950 2731 1257 2804 ἀποστῆναι
1285 2730 1494 2803 κόσμου
1542 2732 1635 2786 διὰ
1680 2728 1940 2804 Χριστὸν,
1975 2734 2003 2787 ό

417 2821 561 2895 μετᾲ
585 2822 758 2880 ταῦτα
787 2823 858 2878 δι’
884 2824 1095 2880 ἐκεῖνον
1132 2825 1342 2897 μέλλων
1370 2825 1466 2880 καλ⁸
1492 2824 1588 2897 τῆς
1622 2823 1794 2894 ζωῆς.

2103 2093 2427 2151 suavissime
2451 2093 2748 2156 disserens.
2796 2090 2925 2150 rere
2948 2096 3103 2150 beata
3147 2094 3331 2167 quiete
3383 2089 3691 2161 requievit,

2103 2202 2226 2243 cum
2252 2186 2505 2257 spiritum
2531 2187 2751 2256 quidem
2777 2184 2910 2251 Deo,
2937 2200 3142 2256 corpus
3162 2195 3343 2241 autem
3361 2179 3693 2240 dulcissimis

2105 2279 2198 2336 lilii
2231 2281 2483 2337 manibus
2522 2281 2983 2336 commendasset.
3029 2279 3121 2335 ille
3168 2288 3374 2344 autem,
3419 2286 3475 2332 ut
3506 2276 3595 2344 qui
3633 2274 3690 2329 in

2104 2369 2422 2427 benevolam
2465 2378 2698 2426 matrem
2733 2369 2925 2426 fuisset
2958 2382 3174 2441 semper
3205 2369 3330 2441 pius
3358 2366 3523 2433 ﬁlius,
3559 2363 3690 2419 illud

2101 2460 2318 2533 quidem
2357 2460 2552 2531 sepelit
2594 2459 2876 2531 splendide
2919 2470 2975 2518 et
3022 2460 3334 2533 magniﬁce.
3390 2459 3507 2529 ipse
3562 2470 3694 2514 vero

2104 2553 2271 2609 vitam
2291 2551 2520 2623 suscipit
2548 2552 2872 2621 solitariam,
2899 2553 3002 2609 hoc
3024 2551 3209 2609 statim
3240 2550 3475 2619 primum
3499 2548 3693 2604 matris

2103 2650 2412 2706 concedens
2433 2648 2728 2715 mandatis,
2768 2656 2829 2704 ut
2858 2663 2887 2703 a
2926 2647 3132 2704 mundo
3155 2654 3380 2719 propter
3410 2643 3691 2701 Christum

2106 2741 2434 2807 discederet,
2482 2741 2575 2812 qui
2607 2749 2793 2813 postea
2837 2749 3057 2813 propter
3080 2740 3233 2795 illum
3266 2753 3296 2794 a
3326 2736 3439 2795 vita
3474 2749 3693 2809 quoque

2104 2839 2226 2883 erat
2250 2829 2612 2884 discessurus.

1941 3026 2168 3086 CAPUT
2216 3028 2280 3083 ll.

1519 3170 1581 3226 8.
1605 3168 1887 3228 Clementis
1915 3169 2288 3228 adolescentia.
2321 3169 2694 3243 Episcopattu.

488 3367 566 3426 8'.
600 3365 854 3441 Ὀρφανῷ
889 3364 990 3439 μὲν
1021 3360 1116 3421 οὖν
1146 3365 1320 3432 οὕτως
1364 3363 1474 3419 ἀπὸ
1509 3364 1716 3437 μητρὸς
1738 3363 1817 3435 τῷ
1846 3363 1997 3434 Κλή-

2173 3360 2266 3418 ΙΧ.
2307 3364 2482 3436 Atque
2546 3365 2813 3423 Clementi
2869 3365 3089 3436 quidem
3150 3364 3231 3422 sic
3284 3371 3461 3420 matre
3497 3364 3693 3420 orbato

424 3479 579 3533 μεντι
606 3460 883 3534 γενομένῳ
901 3458 1142 3532 (πατέρα
1165 3459 1277 3531 γὰρ
1298 3454 1412 3529 εἶχε
1430 3456 1612 3527 Θεὸν),
1636 3456 1831 3528 ἑτέραν
1854 3454 2004 3526 αὐτῷ

422 3553 588 3609 πάλιν
618 3553 826 3616 ἐκεῖνος
853 3550 1142 3621 ἐπεισάγει
1195 3548 1433 3623 μητέρα,
1465 3546 1637 3620 μηδὲν
1669 3547 1771 3619 τῆς
1803 3545 2003 3617 προτέ-

423 3659 543 3715 ρας,
592 3643 732 3713 μήτε
759 3641 859 3714 τὴν
884 3641 1099 3713 κλῆσιν,
1143 3644 1283 3712 μήτε
1333 3642 1460 3704 τοὺς
1490 3639 1729 3711 τρόπους
1757 3639 2001 3711 ἀπᾴδου-

423 3746 553 3787 σαν’
612 3732 762 3802 γένει
810 3731 911 3804 μὲν
942 3732 1052 3802 γὰρ
1108 3732 1205 3786 καὶ
1239 3729 1381 3803 αὕτη
1434 3730 1545 3785 τῶν
1575 3729 1859 3799 ἐπιφανῶν
1909 3728 2005 3783 καὶ

422 3823 718 3890 πλουσίων,
738 3823 906 3895 ἀρετῇ
940 3823 1001 3878 δὲ
1025 3821 1136 3879 τῶν
1167 3823 1482 3894 ιπισήμων,
1510 3822 1682 3890 Σοφία
1709 3838 1771 3875 τε
1797 3819 2003 3889 ὁμοίως

421 3913 561 3984 αὑτὴ
610 3913 945 3984 καλουμένη,
1007 3912 1106 3968 καὶ
1152 3914 1485 3984 προσευχαῖς
1545 3910 1720 3966 νύκτα
1755 3910 1851 3965 καὶ
1884 3910 2005 3981 μεθ’

420 4004 638 4075 ἡμέραν
688 4006 779 4059 ἀεὶ
825 4003 1186 4075 σχολάζουσα.
1228 4004 1550 4067 Φιλότεκνος
1575 4004 1654 4070 δὲ,
1695 4001 1856 4075 ειπερ
1894 4017 2002 4070 τις,

419 4091 556 4153 οὖσα
595 4095 659 4150 τὸ
690 4096 953 4166 παράπαν
984 4097 1210 4158 ἄτεκνος
1231 4091 1300 4168 ἦν
1320 4112 1333 4126 ο
1366 4098 1400 4166 ἡ
1448 4095 1505 4149 δὲ
1537 4095 1772 4167 Πρόνοια
1798 4094 2006 4149 ἄνωθεν

419 4188 781 4260 οίκονομοῦσα
812 4190 880 4244 τὰ
910 4189 1032 4244 κατ’
1060 4189 1260 4253 αὐτοὺς
1292 4190 1389 4243 καὶ
1448 4189 1593 4259 μήτε
1636 4188 1698 4242 τὸ
1741 4188 1862 4242 νέον
1909 4188 2004 4242 τοῦ

419 4282 742 4353 Κλήμεντος
776 4283 986 4354 μητρὸς
1020 4281 1227 4353 ἔρημον
1257 4277 1401 4337 εἶναι
1424 4282 1754 4353 ἀνεχομένη,
1788 4285 1883 4335 καὶ
1906 4282 2006 4352 τῆς

420 4373 623 4444 Σοφίας
654 4374 817 4430 πάλιν
848 4373 1138 4445 πληρῶσαι
1171 4372 1475 4445 βουλομένη
1528 4373 1631 4445 τὴν
1670 4373 1880 4445 ἔφεσιν,
1914 4375 2006 4429 τὸν

418 4464 721 4537 Κλήμεντα
771 4466 953 4536 σοφῶς
987 4465 1127 4537 αὐτῇ
1179 4466 1423 4537 φέρουσα
1459 4468 1717 4521 είσποίει.
1752 4467 1901 4539 Σοφὴ
1947 4468 2005 4522 δι

418 4555 554 4611 οὖσα
592 4557 668 4622 ῶς
705 4557 925 4628 ἀληθῶς
970 4559 1006 4630 η
1041 4555 1214 4629 Σοφία
1260 4558 1400 4630 πρὸς
1430 4557 1529 4630 τὴν
1577 4559 1720 4614 κατὰ
1750 4559 1887 4614 Θεὸν
1911 4560 2005 4615 καὶ

419 4649 560 4722 αὐτὴ
589 4652 681 4706 τὸν
714 4651 881 4706 παῖδα
932 4651 1129 4719 σοφίαν
1151 4650 1543 4721 ἐπαιδαγώγει,
1575 4651 1674 4706 καλ⁵
1721 4652 1915 4724 ὥσπερ
1942 4655 2004 4706 ἐκ

418 4741 529 4798 τῶν
555 4744 728 4815 αὐτῆς
770 4744 981 4800 ὠδίνων
1020 4745 1340 4818 προελθόντι
1378 4745 1460 4817 τῷ
1491 4746 1798 4817 Κλήμεντι,
1853 4742 2005 4803 οὕτω
2028 4726 2082 4786 Ῑ)

419 4834 797 4907 κηδεμονικῶς
827 4837 915 4892 ἐπ’
944 4836 1097 4907 αὐτῷ
1129 4836 1251 4891 λίαν
1285 4839 1379 4891 καὶ
1411 4838 1694 4909 μητρικῶς
1724 4841 1804 4902 εις
1829 4837 2003 4910 ἄκρον

419 4925 674 4982 διέκειτο.
707 4928 785 4982 Οὐ
837 4926 948 5000 μὴν
980 4926 1105 4982 οὐδὲ
1155 4927 1392 5000 Κλήμης
1427 4928 1652 4985 ἔλαττον
1687 4929 1721 5001 ἢ
1756 4929 2003 5001 προσῆκε

424 5022 596 5095 μητρὶ¹
644 5022 708 5077 τὸ
734 5025 869 5096 περὶ⁵
904 5023 1079 5095 αὐτὴν
1120 5023 1411 5079 ἐπεδείκνυ
1470 5026 1532 5077 τδ
1565 5023 1793 5097 φίλτρον
1819 5042 1834 5057 ·
1884 5023 2002 5078 ἀλλ’

419 5117 684 5188 ἀκέραιον
714 5118 814 5189 μὲν
848 5118 986 5189 αὐτῇ
1018 5117 1115 5171 καὶ
1155 5117 1254 5187 τὴν
1287 5115 1424 5173 αίδὼ
1475 5117 1572 5172 καὶ
1603 5117 1694 5172 τὸν
1724 5118 1890 5172 πόθον
1922 5118 2006 5173 δι-

421 5210 595 5276 έσωζε
616 5226 630 5242 ·
661 5211 827 5265 πολὺν
850 5209 907 5264 δὲ
939 5211 1032 5267 καὶ
1063 5210 1165 5281 τῆς
1203 5209 1553 5274 διδασκαλίας
1590 5212 1649 5265 ὲν
1695 5211 1865 5280 ὀλίγῳ
1909 5211 2001 5265 τὸν

419 5302 637 5376 καρπὸν
659 5302 937 5366 ἀπεδίδου,
971 5302 1223 5373 καθάπερ
1251 5319 1336 5366 τις
1363 5301 1545 5373 ἀγαθὴ
1572 5302 1644 5373 γῆ
1679 5303 1775 5357 καὶ
1794 5302 2007 5377 λιπαρὰ

422 5397 520 5453 καὶ
550 5395 865 5467 βαθύγειος,
901 5396 963 5450 οὐ
989 5394 1235 5452 λυποῦσα
1262 5398 1331 5467 τῇ
1366 5395 1564 5450 σπάνει
1609 5395 1703 5449 τὸν
1730 5396 2000 5466 γεωργὸν,

422 5489 560 5546 ἀλλὰ
579 5489 658 5562 τῷ
689 5491 884 5563 πλήθει
911 5491 1023 5547 τῶν
1060 5490 1344 5562 φυομένων
1369 5488 1765 5560 παρακαλοῦσα
1798 5489 2004 5559 μᾶλλον

427 5580 566 5652 πρὸς
594 5584 927 5656 σπερμάτων
955 5583 1263 5655 καταδολήν
1281 5598 1294 5616 ·
1331 5584 1485 5638 κοινά
1518 5584 1616 5656 μὲν
1642 5582 1709 5655 τᾲ
1740 5582 1867 5637 ὅντα
1892 5584 2003 5648 τοῖς

496 5771 515 5803 ³
551 5769 593 5828 ll
622 5770 794 5828 Maeli.
826 5790 921 5832 vn.

2110 3455 2320 3521 (Deum
2355 3459 2500 3513 enim
2532 3456 2768 3514 habebat
2796 3457 3040 3529 patrem)
3089 3456 3181 3512 ille
3226 3455 3276 3513 ei
3306 3472 3499 3521 rursus
3529 3457 3690 3512 aliam

2109 3548 2319 3605 inducit
2374 3559 2638 3616 matrem,
2686 3563 2807 3620 quae
2854 3564 2955 3604 nec
3017 3548 3238 3604 nomine
3295 3562 3395 3605 nec
3451 3548 3693 3604 moribus

2107 3641 2403 3711 quidquam
2451 3638 2734 3697 dili‘erebat
2766 3655 2797 3696 a
2826 3640 3010 3710 priore
3039 3655 3055 3694 :
3084 3640 3201 3709 ipsa
3246 3640 3468 3711 quidem
3499 3646 3552 3694 et
3572 3654 3693 3710 .ge-

2109 3742 2240 3785 nere
2271 3731 2498 3802 insignis
2540 3736 2596 3786 et
2640 3731 2828 3798 dives,
2874 3744 2996 3804 qua;
3039 3731 3155 3804 ipsa
3186 3745 3406 3803 quoque
3442 3732 3695 3786 similiter

2107 3822 2404 3878 vocabatur
2429 3822 2655 3893 Sophia,
2687 3834 2742 3878 et
2770 3832 2933 3879 noctu
2970 3832 3025 3879 et
3055 3822 3294 3879 interdiu
3330 3836 3547 3893 semper
3580 3838 3696 3877 ver-

2107 3915 2333 3969 sabatur
2380 3914 2434 3969 in
2481 3915 2842 3970 orationibus.
2889 3914 3023 3970 Cum
3060 3922 3205 3971 esset
3248 3924 3456 3978 autem,
3506 3913 3550 3967 si
3588 3911 3694 3966 ulla

2108 4007 2239 4072 alia,
2279 4007 2511 4063 ﬁliorum
2562 4008 2961 4077 amantissima,
3010 4008 3232 4065 carebat
3280 4008 3505 4063 omnino
3548 4006 3694 4066 ﬁliis.

2111 4098 2302 4156 Divina
2351 4116 2480 4157 vero
2525 4098 2891 4171 providentia,
2956 4115 3077 4173 quae
3126 4116 3219 4157 res
3256 4115 3444 4157 eorum
3486 4115 3554 4154 ex
3586 4098 3696 4154 alto

2108 4194 2546 4261 administrabat,
2587 4210 2686 4251 nec
2718 4197 2899 4253 ferens
2945 4204 3188 4252 teneram
3236 4193 3531 4252 Clementis
3564 4204 3698 4250 teta-

2111 4295 2219 4341 tem
2247 4300 2369 4341 esse
2390 4302 2420 4340 a
2447 4298 2621 4340 matre
2641 4287 2939 4351 desertam,
2969 4295 3026 4342 et
3055 4301 3244 4343 rursus
3267 4286 3456 4342 volens
3477 4283 3696 4354 explere

2110 4376 2328 4446 Supina:
2360 4376 2715 4445 desiderium,
2747 4377 3086 4434 Clementem
3116 4378 3388 4446 sapienter
3415 4377 3484 4430 ad
3520 4376 3691 4445 ipsam

2109 4472 2408 4538 adducens,
2453 4480 2513 4527 ut
2552 4471 2773 4541 adoptet
2834 4468 3018 4526 ellicit.
3076 4470 3233 4538 Cum;
3268 4482 3455 4524 revera
3509 4477 3692 4521 autem

2108 4570 2250 4621 esset
2279 4563 2498 4633 sapiens
2538 4562 2764 4630 Sophia,
2802 4563 2855 4616 in
2884 4576 2951 4615 ea
2984 4576 3103 4631 qua:
3132 4567 3303 4615 estex
3339 4559 3449 4614 Deo
3474 4556 3694 4628 sapien-

2112 4657 2182 4711 tia
2222 4656 2333 4725 ipsa
2356 4668 2480 4710 eum
2508 4650 2849 4719 instituebat,
2899 4665 2955 4708 et
2983 4652 3208 4723 perinde
3232 4665 3297 4707 ac
3318 4651 3432 4721 ipsa
3459 4664 3582 4707 eum
3608 4664 3695 4720 pe-

2109 4749 2360 4821 perisset,
2395 4748 2448 4803 in
2475 4746 2808 4803 Clementem
2838 4755 2956 4801 erat
2977 4744 3194 4812 an‘eeta,
3222 4754 3277 4800 et
3304 4758 3570 4800 summam
3595 4758 3693 4797 cu-

2110 4858 2227 4899 ram
2244 4839 2360 4909 ejus
2387 4837 2629 4910 gerebat.
2657 4837 2846 4908 Neque
2877 4850 3007 4892 vero
3025 4835 3282 4892 Clemens
3309 4834 3488 4890 minus
3527 4847 3691 4905 quam

2110 4950 2209 5006 par
2231 4942 2348 4990 erat
2385 4933 2441 4988 in
2475 4940 2723 4998 matrem,
2775 4943 3017 4984 amorem
3048 4929 3102 4982 in
3154 4943 3274 4984 eam
3321 4924 3639 4982 ostendebat
3673 4938 3691 4976 :

2112 5028 2208 5084 sed
2234 5040 2423 5098 puram
2450 5025 2667 5096 quidem
2695 5038 2760 5079 ac
2785 5022 3053 5079 sinceram
3085 5020 3138 5075 in
3176 5035 3299 5075 eam
3329 5018 3690 5076 reverentiam

2112 5119 2366 5177 servabat
2401 5127 2456 5173 et
2491 5115 2839 5172 desiderium.
2887 5112 3319 5185 Praeeeptoribus
3369 5119 3549 5167 autem
3576 5108 3693 5181 piu-

2112 5212 2308 5278 rimum
2366 5223 2585 5281 quoque
2636 5207 2846 5263 fructus
2893 5221 3016 5262 mox
3065 5204 3320 5272 reddidit,
3368 5204 3512 5260 sicut
3549 5204 3690 5256 bona

2114 5302 2360 5374 quadam
2394 5311 2537 5357 terra
2565 5308 2619 5356 et
2647 5303 2884 5371 pinguis,
2928 5314 3050 5371 quae
3091 5311 3433 5369 nequaquam
3473 5295 3690 5364 agrico-

2115 5395 2222 5449 lam
2258 5401 2480 5464 propter
2526 5392 2853 5464 paucitatem
2898 5374 3143 5446 moiestia
3190 5388 3381 5452 allicit;
3442 5384 3537 5439 sed
3598 5396 3694 5452 per

2114 5501 2326 5554 eorum,
2363 5500 2484 5557 quae
2522 5492 2838 5550 nascuntur,
2880 5482 3277 5538 multitudinem
3310 5483 3569 5548 provocat
3598 5488 3694 5543 po-

2117 5584 2221 5637 tius
2260 5580 2325 5635 ad
2370 5569 2482 5635 alia.
2522 5579 2820 5651 deiicienda
2870 5580 3076 5635 seruiua
3117 5594 3222 5634 :ea
3274 5571 3511 5638 ttnidcm,
3572 5583 3691 5640 qua:
