3832 6530
179 335 287 399 833

1444 332 1723 395 MENSIS
1754 332 2211 397 JANUARI‘US.
2314 390 2320 395 .

3226 310 3233 317 ’
3316 324 3421 390 sat

175 450 428 515 habebat,
480 448 786 507 communia
831 461 1135 518 preponens
1177 447 1243 504 iis
1286 447 1378 517 qui
1414 449 1643 519 egebant
1674 463 1740 504 ex

1865 451 2125 521 ῑεομένοις
2157 450 2266 504 τῶν
2292 446 2594 519 ἡλικιωτῶν
2625 438 2921 517 προτιθεὶς,
2943 443 3011 514 τῇ
3038 441 3095 495 δὶ
3122 439 3221 511 τῆς
3241 438 3421 509 γλώτ-

175 541 493 609 tequalibus,
528 555 638 596 suae
665 548 843 595 autem
875 538 1070 609 lingua:
1095 553 1190 594 eos
1213 538 1503 595 instituens
1528 542 1746 610 sapien-

174 634 269 696 tia,
301 642 351 688 et
376 648 472 690 eos
501 634 568 688 ad
590 633 921 702 agnitionem
944 632 1219 689 deducens
1241 631 1509 687 veritatis.

249 742 314 797 Χ.
354 742 491 797 Cum
522 742 707 812 itaque
732 743 1024 814 aliquando
1057 744 1229 800 fames
1271 743 1558 800 invasisset
1586 742 1747 799 Cala-

180 837 332 899 liam,
372 843 427 888 et
453 836 713 892 omnibus
734 837 987 892 similiter
1018 836 1328 892 hominibus
1355 846 1412 893 et
1458 834 1747 907 pecoribus

176 927 389 982 atrerret
442 929 701 996 exitium,
759 931 872 998 ipse
924 930 1114 985 tollens
1166 931 1404 987 infantes
1436 928 1744 1001 gentilium,

178 1021 484 1086 quicunque
511 1020 684 1075 relicti
719 1020 933 1077 fuerant
968 1022 1144 1076 orbati
1175 1022 1508 1089 parentibus,
1540 1028 1595 1076 et
1624 1020 1748 1089 qui-

177 1126 390 1177 cunque
440 1127 629 1167 rursus
661 1123 884 1182 propter
931 1121 1302 1185 paupertatem
1345 1114 1396 1168 In
1451 1113 1591 1168 viam
1625 1125 1750 1182 pro-

171 1200 301 1266 jecti
332 1202 569 1268 fuerant,
599 1213 652 1259 et
684 1204 882 1259 amictu
928 1219 1035 1275 quo
1060 1219 1256 1276 corpus
1285 1213 1519 1275 tegerent
1558 1213 1613 1258 et
1644 1204 1748 1257 ali-

177 1304 363 1348 mento
391 1311 499 1362 quo
532 1298 768 1365 egebant
813 1300 1148 1360 necessario,
1197 1297 1417 1364 alebat,
1452 1294 1746 1363 vestiebat,

180 1383 516 1454 instituebat,
556 1397 609 1443 et
633 1389 775 1458 quod
809 1389 894 1443 bis
920 1398 1040 1445 erat
1071 1390 1226 1458 longe
1259 1389 1448 1463 majus,
1482 1388 1548 1443 ad
1584 1390 1747 1444 Deum

179 1476 481 1531 adducebat
509 1492 525 1530 :
550 1492 623 1533 ea.
641 1470 879 1546 quidem,
906 1494 1025 1549 quae
1055 1481 1122 1535 ad
1159 1495 1357 1551 corpus
1385 1481 1746 1550 pertinebant,

181 1582 247 1620 ex
284 1567 454 1624 ﬁdelis
488 1568 701 1638 Saphize
744 1570 990 1639 pecuniis
1028 1569 1180 1625 laetus
1222 1571 1599 1641 suppeditans;
1630 1589 1749 1643 quae

178 1666 360 1714 autem
395 1660 462 1714 ad
509 1661 810 1715 doctrinam
845 1661 1085 1731 pietatis,
1132 1672 1189 1717 et
1212 1676 1420 1716 morum
1454 1676 1747 1717 ornamen-

182 1759 319 1814 tum,
369 1761 422 1805 et
455 1752 648 1806 animae
682 1745 1048 1816 utilitatemfa
1104 1752 1265 1809 domo
1303 1753 1419 1822 ipse
1467 1753 1748 1822 proferens

1847 562 1949 616 της
1977 535 2144 597 αὑτοῦ
2176 540 2340 612 σοφίᾳ
2373 537 2736 608 παιδαγωγῶν
2758 537 2851 591 καὶ
2881 536 2964 601 είς
2992 533 3293 603 ἐπίγνωσιν
3320 532 3420 586 αὗ-

1847 636 1974 700 τοὺς
2002 635 2215 703 ὲνάγων
2240 634 2339 704 τῆς
2369 631 2642 704 ἀληθείας.

1923 749 1977 804 I'.
2007 747 2145 804 ῐῙοτὲ
2176 746 2268 801 οῦν
2287 745 2448 817 λιμοῦ
2481 745 2580 817 τὴν
2618 742 2881 800 Γαλατῶν
2927 738 3295 812 κατασχόντος
3326 735 3421 788 καὶ

1848 839 2247 913 λυμαινομένου
2285 840 2450 893 πᾶσιν
2501 838 2704 906 ὁμοίως
2742 834 3058 907 ἀνθρώποις
3088 848 3148 886 τε
3206 828 3303 883 καὶ
3332 827 3419 898 βο-

1850 934 2151 1004 σκήμασιν,
2199 930 2362 994 αὐτὸς
2417 930 2813 999 ἀναιρούμενος
2864 926 2935 981 τά
2977 924 3090 979 τῶν
3146 921 3420 990 Ἑλλήνων

1852 1025 2047 1097 βρέφη,
2095 1025 2195 1078 ὅσα
2220 1040 2281 1077 τε
2313 1023 2567 1092 πατέρων
2597 1020 2809 1093 ὀρφανά
2859 1014 3273 1080 καταλέλειπτο,
3322 1012 3419 1066 καὶ

1848 1119 1949 1173 ὅσα
1980 1116 2069 1171 διὰ
2121 1116 2314 1170 πενίαν
2374 1114 2538 1169 πάλιν
2590 1114 2711 1167 κατ’
2769 1110 2940 1182 αὐτὴν
3002 1108 3119 1164 ὁδὸν
3167 1107 3416 1179 ἔρριπτο,

1852 1208 2146 1280 περιϐολῆς
2175 1224 2235 1260 τε
2257 1206 2358 1277 τῆς
2392 1204 2452 1260 τὸ
2500 1205 2662 1276 σῶμα
2701 1202 3034 1272 σκεποῦσης,
3081 1199 3178 1254 καὶ
3214 1196 3420 1268 τροφῆς

1850 1297 2160 1371 ἀποροῦντα
2185 1299 2283 1369 τῆς
2311 1294 2915 1367 ἀναγκαίαςάἔτρειρεν,
2951 1291 3205 1355 ἔσκεπεν,
3235 1283 3421 1341 ἐπαιδ-

1856 1391 2087 1461 αγώγει,
2120 1391 2215 1445 καὶ
2261 1390 2290 1443 ὅ
2322 1405 2386 1457 γε
2422 1387 2606 1460 πολλῷ
2655 1385 2842 1458 μεῖζον
2876 1379 2966 1455 ἦν,
2996 1384 3242 1454 προσῆγε
3265 1379 3384 1447 θεῷ
3405 1396 3418 1409 .

1850 1486 1920 1539 sit
1949 1484 2047 1555 μὲν
2096 1482 2191 1537 τοῦ
2244 1480 2498 1552 σώματος
2522 1478 2630 1533 ἀπὸ
2661 1477 2770 1532 τῶν
2820 1475 2922 1546 τῆς
2964 1472 3169 1543 πιστῆς
3221 1470 3423 1540 Σοφίας

1853 1576 2150 1648 χρημάτων
2178 1573 2363 1635 αὐτοῖς
2388 1569 2507 1642 μεθ’
2534 1569 2725 1640 ἡδονῆς
2759 1564 3040 1637 ἐπαρκῶν,
3067 1564 3167 1618 ὅσα
3194 1561 3253 1615 δὲ
3287 1557 3423 1630 πρὸς

1856 1668 2090 1739 μάθησιν
2140 1664 2442 1730 εὐσεϐείας,
2495 1661 2590 1716 καὶ
2618 1660 2783 1731 ἤθους
2824 1658 3052 1729 κόσμον,
3112 1653 3210 1709 καὶ
3246 1651 3425 1724 ψυχῆς

1852 1758 2142 1830 ὠφέλειαν,
2173 1755 2385 1811 οἴκοθεν
2448 1752 2610 1816 αὐτὸς
2635 1753 2699 1805 ὲκ
2745 1750 2843 1820 τῆς
2865 1746 2959 1802 τοῦ
2995 1744 3316 1815 Πνεῦματος
3340 1759 3427 1796 σο-

181 1858 246 1896 ex
282 1842 553 1911 sapientia
592 1842 847 1911 Spiritus.
898 1842 1046 1909 Quos
1099 1844 1315 1913 quidem
1349 1859 1469 1899 cum
1512 1852 1567 1898 et
1609 1844 1750 1915 apud

1865 1851 1984 1922 ρίας
2013 1848 2306 1919 εἰσφέρων.
2341 1847 2409 1900 Ἀ
2458 1842 2523 1915 δὴ
2564 1842 2659 1898 καὶ
2716 1840 2846 1912 παρ’
2874 1837 3026 1908 αὐτῷ
3068 1834 3425 1905 διαιτώμενα,

183 1930 358 1998 ipsum
395 1931 657 1998 viverent,
679 1944 734 1988 et
759 1934 827 1987 ab
856 1933 974 2002 ipso
1016 1942 1163 1987 recte
1188 1943 1662 2003 componerentur,
1698 1945 1751 1991 et

1865 1944 1950 1998 καὶ
1983 1941 2076 1997 ὑπ’
2098 1938 2265 1996 αὐτοῦ
2293 1936 2476 2001 καλῶς
2502 1934 2895 2010 ῥυθμιζόμενα,
2927 1931 3021 1985 καὶ
3053 1928 3249 1998 στέγης
3278 1923 3427 1993 αὐτῷ

182 2037 303 2076 cum
338 2038 403 2077 eo
433 2024 560 2078 tecti
609 2032 663 2078 et
714 2022 846 2078 salis
889 2033 943 2079 et
995 2024 1196 2079 assidui
1244 2035 1433 2081 essent
1483 2028 1753 2081 sermonis

1865 2035 1951 2091 καὶ
1972 2034 2115 2090 ἁλῶν
2135 2032 2230 2087 καὶ
2249 2030 2467 2101 ὁμιλίας
2489 2025 2772 2099 διηνεκοῦς
2796 2020 3178 2083 κοινωνοῦντα,
3192 2018 3285 2073 καὶ
3308 2017 3430 2080 ταῖς

186 2115 501 2184 participes.
536 2123 597 2171 et-
640 2115 784 2171 illius
827 2116 1071 2172 doctrina
1123 2119 1175 2173 in
1210 2117 1326 2174 dies
1373 2118 1750 2189 irrigarentur,

1865 2132 2066 2186 ἐκείνου
2097 2126 2466 2189 διδασκαλίαις
2489 2124 2612 2177 καθ’
2634 2122 2873 2192 ἑκάστην
2896 2118 3193 2190 ἀρδόμενα,
3221 2110 3426 2185 συνήθη

177 2204 445 2273 paulatim
489 2205 674 2260 virtuti
724 2205 1042 2271 assuefecit,
1075 2215 1129 2262 et
1157 2208 1482 2277 procedente
1516 2217 1753 2280 tempore

1865 2222 1999 2279 κατά
2031 2220 2228 2292 μικρὸν
2259 2221 2326 2289 τῇ
2354 2217 2523 2288 ἀρετῇ
2561 2213 2878 2276 καθίστατο,
2922 2210 3015 2264 καὶ
3046 2207 3292 2279 προῖόντι
3348 2203 3428 2275 τῷ

188 2299 458 2359 excitatus
495 2309 579 2354 est
608 2314 795 2354 eorum
830 2301 1065 2367 animus,
1115 2310 1174 2355 ut
1207 2315 1329 2355 cum
1373 2301 1489 2370 ipso
1516 2302 1752 2356 admira-

1865 2316 2035 2388 χρόνῳ
2088 2314 2171 2377 είς
2216 2310 2451 2382 ἅμιλλαν
2490 2308 2675 2370 αὐτοῖς
2708 2307 2742 2377 ἡ
2788 2304 2936 2375 ψυχὴ
2963 2301 3058 2357 τοῦ
3112 2293 3427 2370 θαυμαστοῦ

186 2389 278 2445 bili
310 2390 589 2445 Clemente
614 2392 972 2447 decertarent.
1001 2391 1264 2459 Quocirca
1298 2407 1403 2448 non
1424 2394 1596 2448 solum
1617 2394 1753 2448 mul-

1865 2407 2174 2478 Κλήμεντος
2202 2404 2529 2458 διανίστατο.
2558 2400 2720 2454 Ὠστε
2743 2393 2811 2468 ἦν
2853 2396 2913 2449 οὐ
2948 2393 3215 2454 πολὺπαις
3245 2390 3425 2460 μόνον,

186 2490 274 2536 tos
298 2481 529 2537 habebat
558 2480 716 2547 ﬁlios,
765 2484 856 2537 sed
886 2498 980 2538 eos
1015 2484 1185 2539 bonos
1214 2493 1265 2540 et
1303 2484 1439 2539 bene
1473 2485 1751 2550 educatos,

1865 2501 1994 2556 ἀλλά
2021 2500 2117 2553 καὶ
2149 2497 2269 2551 λίαν
2304 2494 2502 2559 εὔπαις
2532 2494 2565 2563 ἠ
2590 2490 2720 2562 πρὶν
2755 2490 2922 2551 ἄπαις
2952 2486 3140 2555 Σοφία,
3176 2481 3429 2549 καθάπερ

191 2571 430 2641 SOphia,.
469 2586 587 2656 quae
633 2573 784 2643 prius
833 2575 1053 2630 carebat
1081 2574 1226 2641 ﬁliis,
1265 2575 1427 2630 veluti
1468 2576 1753 2647 quamdam

1865 2593 1983 2649 τινά
2012 2590 2165 2646 πόλιν
2187 2590 2255 2644 ὲκ
2294 2586 2403 2642 τῶν
2452 2580 2756 2656 μειρακίων
2787 2576 3164 2642 συνοικίζουσα
3201 2570 3428 2634 τούτων,

191 2662 469 2719 civitatem
526 2655 593 2719 ex
642 2665 726 2720 bis
759 2674 1080 2721 construens
1127 2666 1588 2734 adolescentibus,
1646 2667 1753 2725 Deo

1865 2684 1994 2738 Θεὸν
2041 2680 2307 2736 πάντοθεν
2360 2678 2421 2732 τὸ
2454 2655 2719 2747 ἀσφαλὲς
2788 2664 3268 2741 περιϐεϐλημένην
3322 2663 3429 2717 τετ-

191 2755 427 2826 undiqne
473 2756 893 2826 circumdatam,
919 2757 1014 2830 qui
1067 2767 1148 2815 est
1179 2772 1368 2815 murus
1401 2759 1555 2831 longe
1600 2761 1757 2816 tutis-
1860 2793 1976 2847 χης,

188 2863 376 2905 Simus.

258 2960 350 3015 XI.
391 2961 655 3018 Clementi
689 2973 877 3020 autem
904 2979 1025 3020 cum
1058 2965 1179 3020 aliis
1217 2964 1434 3021 virtutis
1459 2964 1755 3031 laboribus,

1934 2986 2040 3040 IA'.
2069 2982 2349 3052 Κλήμεντι
2378 2977 2435 3032 δὲ
2468 2975 2607 3049 μετά
2629 2972 2738 3028 τῶν
2784 2970 2959 3024 ἄλλων
2982 2966 3083 3035 τῆς
3108 2962 3309 3035 ἀρετῆς

187 3052 456 3120 legumina
504 3068 718 3124 quoque
751 3055 923 3109 solum
967 3065 1125 3109 erant
1154 3055 1491 3110 alimentum.
1525 3055 1606 3110 Ab
1637 3055 1757 3109 ani-

1862 3092 1991 3138 νων,
2044 3073 2138 3128 καὶ
2166 3048 2370 3141 δσπρια
2393 3048 2554 3138 μόνον
2584 3059 2653 3135 ἦν
2695 3063 2729 3130 ἡ
2761 3058 2938 3131 τροφή
2961 3072 2975 3087 ⁶
3015 3052 3275 3126 ἐμψύχων
3323 3048 3439 3120 γὰρ

189 3143 353 3198 matis
373 3144 515 3198 enim
557 3144 780 3199 omnino
814 3144 1138 3211 abstinebat,
1172 3145 1383 3201 illorum
1421 3146 1583 3201 trium
1618 3160 1753 3209 sent-

1865 3165 1923 3220 τδ
1949 3163 2215 3235 παράπαν
2237 3158 2516 3228 ἀπείχετο,
2559 3153 2669 3209 τῶν
2700 3151 2869 3223 τριῶν
2914 3146 3141 3201 ἐκείνων
3192 3141 3282 3197 ἀεὶ
3308 3155 3434 3235 *με-

187 3250 286 3305 per
345 3250 555 3290 memor
622 3249 952 3307 puerorum,
1025 3251 1254 3306 quorum
1335 3251 1561 3309 corpora
1632 3253 1753 3293 cum

1865 3231 2138 3330 μημένος
2169 3252 2392 3317 παίδων,
2432 3241 2507 3303 ὧν
2532 3248 2601 3302 τά
2636 3244 2865 3316 σώματα
2890 3238 3117 3312 νηστεία
3146 3231 3430 3330 στομώσαῖ

189 3325 733 3395 acuissetjejunium,
772 3328 948 3384 eﬁ’ecit
982 3337 1040 3383 ut
1068 3329 1363 3399 expugnari
1398 3329 1614 3398 quidem
1647 3344 1753 3384 non

1865 3325 1969 3419 σα,
1981 3325 2239 3406 ἀνάλωτα
2266 3345 2364 3417 μὲν
2393 3349 2471 3416 τῷ
2504 3342 2640 3414 πυρὶ
2668 3340 2779 3394 τῶν
2811 3337 3021 3402 παθῶν,
3065 3331 3350 3405 ἀχώνευτα
3373 3326 3430 3381 δι

187 3426 407 3491 possent
448 3420 516 3474 ab
543 3419 665 3491 igne
695 3418 977 3488 vitiorum,
1008 3434 1180 3490 neque
1226 3420 1371 3475 fundi
1403 3420 1617 3476 ﬂamma
1650 3420 1760 3476 for-

189 3513 344 3569 nacis
369 3513 607 3569 sensilis.

256 3625 372 3684 XII.
411 3627 519 3684 Sed
552 3629 691 3684 enim
726 3626 1010 3699 oportebat
1034 3628 1305 3685 lucernam
1332 3630 1532 3701 imponi
1565 3630 1761 3685 cande-

188 3720 365 3790 Iabrn,
414 3729 469 3778 et
514 3721 684 3778 videri
746 3722 1020 3778 civitatem
1076 3739 1197 3794 quae
1246 3732 1331 3780 est
1382 3725 1559 3795 posita
1594 3739 1758 3792 supra

189 3820 449 3877 montem,
509 3820 565 3867 et
614 3811 971 3878 Clementem,
1030 3811 1121 3881 qui
1182 3808 1558 3880 resplendehat
1609 3817 1758 3863 tanta

188 3900 311 3956 luce
345 3901 583 3968 virtutis,
624 3902 863 3958 nancisci
910 3901 1292 3968 sacerdotium,
1329 3911 1388 3956 ut
1420 3901 1498 3956 sic
1543 3914 1760 3970 quoque

190 3996 440 4063 pluribus
471 3997 624 4051 ﬁeret
669 3998 754 4051 via
789 3995 998 4052 salutis.
1046 3994 1336 4065 Pr0pterea
1365 4002 1421 4050 et
1472 3995 1563 4051 Dei
1605 4009 1637 4050 ο
1669 4011 1759 4052 ευ-

188 4088 334 4155 peris
363 4085 639 4156 sulfragio,
671 4096 725 4142 et
758 4087 1030 4143 communi
1066 4085 1335 4143 sententia
1366 4086 1635 4154 omnium,
1666 4089 1758 4158 qui

188 4188 349 4233 erant
377 4178 430 4232 in
465 4177 698 4245 Galatia,
729 4180 961 4249 primum
990 4177 1207 4248 quidem
1234 4192 1387 4236 sacer
1414 4193 1589 4249 praeco
1618 4183 1757 4235 sacrl

185 4271 333 4336 atrii,
367 4271 559 4326 deinde
588 4273 752 4328 etiam
784 4272 946 4344 paulo
993 4280 1117 4344 post
1145 4271 1403 4329 diaconus
1434 4283 1673 4340 creatur,
1706 4280 1761 4326 et

183 4364 493 4437 presbyter.
542 4364 676 4421 Cum
706 4365 814 4420 duo
851 4373 1029 4420 autem
1074 4362 1272 4420 deinde
1297 4363 1424 4419 anni
1467 4364 1758 4435 prmteriis-

184 4466 329 4523 sent,
379 4457 447 4511 ad
496 4456 855 4527 episcopalem
902 4468 1119 4525 quoque
1175 4454 1358 4510 sedem
1415 4454 1755 4526 provehitur,

187 4547 326 4603 alius
368 4547 507 4604 inter
561 4546 872 4604 sacerdotes
925 4547 1011 4602 bic
1042 4556 1259 4619 quoque
1287 4556 1508 4602 exortus
1544 4545 1758 4613 Daniel,

186 4650 245 4695 ut
274 4642 363 4710 qui
404 4639 618 4697 etiamsi
659 4647 801 4696 esset
831 4638 1068 4710 juvenis,
1098 4653 1318 4695 omnem
1350 4647 1529 4694 tamen
1575 4653 1757 4693 sacer-

182 4732 325 4787 dotis
369 4741 702 4787 senectutem
747 4730 945 4787 virtute
983 4738 1312 4800 superasset,
1347 4740 1404 4785 et
1434 4729 1759 4785 ostendisset

185 4830 520 4878 senectutem
545 4839 651 4878 non
680 4837 802 4878 esse
830 4822 1163 4893 huiusmodi,
1194 4831 1253 4876 ut
1283 4837 1462 4878 rerum
1492 4821 1756 4877 bonarum

184 4915 407 4972 omnino
460 4923 643 4969 certos
682 4913 879 4969 efﬁciat
937 4927 1282 4984 possessores
1315 4929 1330 4968 :
1369 4914 1461 4968 sed
1506 4927 1756 4967 nonanno

183 5023 348 5078 quam
389 5006 552 5061 etiam
584 5013 729 5061 recte
764 5005 1065 5060 institutam
1108 5004 1448 5073 iuventutem
1494 5020 1615 5060 esse
1647 5005 1756 5059 vir-

181 5099 315 5154 tutis
357 5112 466 5152 non
524 5096 974 5153 contemnendam
1025 5098 1302 5153 custodem
1338 5113 1354 5150 :
1389 5112 1511 5151 nam
1552 5096 1752 5152 vicesi-

184 5202 331 5243 mum
365 5185 583 5257 quidem
613 5184 814 5240 annu'm
831 5186 944 5255 jam
972 5186 1244 5259 attigerat.

252 5298 396 5355 XIII.
421 5298 555 5356 Cum
580 5308 760 5356 autem
795 5298 846 5354 ei
888 5308 1033 5355 esset
1067 5299 1354 5355 mandatus
1388 5301 1752 5371 magistratus,

179 5390 440 5459 majorem
478 5405 664 5445 curam
690 5389 912 5457 gerebat
934 5390 1300 5460 orphanorutn
1323 5430 1340 5459 ,
1385 5406 1481 5448 eos
1516 5393 1749 5463 primum

178 5495 366 5538 sacras
395 5482 598 5538 docens
651 5480 997 5554 Scripturas,
1049 5493 1103 5537 et
1138 5482 1329 5540 deinde
1376 5482 1538 5538 etiam
1571 5485 1753 5539 divino

177 5590 273 5632 eos
319 5577 550 5650 dignane
599 5578 892 5649 baptismo,
948 5587 1001 5633 et
1045 5578 1111 5633 ad
1159 5592 1281 5644 eos,
1320 5592 1455 5647 quos
1482 5592 1580 5647 par
1611 5590 1750 5642 erat,

178 5664 377 5734 gradus
402 5706 417 5732 ,
450 5681 557 5723 non
599 5682 814 5733 omnes,
852 5667 945 5722 sed
980 5666 1173 5738 dignos
1204 5665 1464 5722 referens.
1504 5665 1639 5721 llinc
1671 5668 1754 5722 fa-

180 5769 324 5812 ctum
374 5770 478 5826 cst,
511 5772 569 5817 ut
614 5777 680 5818 ex
730 5760 865 5818 locis
897 5760 1089 5818 vicinis
1148 5774 1338 5817 omnes
1382 5760 1750 5829 conﬂuerent,

1860 3446 1926 3515 τῇ
1950 3442 2110 3512 φλογὶ
2153 3440 2252 3511 τῆς
2286 3434 2519 3507 καμίνου
2547 3433 2865 3507 εἰργάσατο.

1932 3640 2032 3695 IB’.
2062 3637 2228 3691 Ἀλλά
2271 3635 2381 3706 γὰρ
2432 3633 2538 3688 ἔδει
2584 3633 2676 3687 τὸν
2726 3632 2920 3703 λύχνον
2946 3631 3037 3684 ἐπὶ
3078 3630 3179 3699 τὴν
3212 3624 3430 3695 λυχνίαν

1838 3731 2101 3803 τεθῆναι,
2136 3730 2234 3784 καλ⁸
2262 3727 2359 3800 τὴν
2390 3727 2547 3780 πόλιν
2576 3724 2760 3780 ἐπάνω
2792 3724 3053 3794 κειμένην
3078 3720 3238 3793 ὅρους
3259 3715 3430 3787 ὀφθῆ-

1860 3840 1970 3889 ναι,
2005 3824 2102 3877 καὶ
2126 3822 2218 3876 τὸν
2242 3819 2537 3891 Κλήμεντα
2560 3817 2704 3871 οὕτω
2743 3813 2926 3888 πολλῷ
2964 3813 3043 3885 τῷ
3090 3813 3190 3882 τῆς
3229 3810 3431 3879 ἀρετῆς

1862 3913 2004 3985 φωτὶ
2056 3910 2439 3982 διαλάμποντα
2474 3908 2575 3977 τῆς
2628 3905 2930 3978 ίερωσύνης
2991 3901 3313 3973 ἀξιωθῆναι,
3364 3897 3431 3952 Iv‘

1859 4003 2003 4059 οὕτω
2047 4002 2143 4057 καὶ
2173 4001 2385 4055 πλείοσι
2428 4000 2629 4071 μᾶλλον
2679 3996 2799 4061 ὁδὸς
2852 3995 3078 4067 γένηται
3136 3990 3426 4063 σωτηρίας.

1858 4094 1958 4149 Διὰ
1988 4091 2142 4147 τοῦτο
2159 4091 2328 4162 ψήφῳ
2353 4106 2415 4144 τε
2440 4089 2577 4143 Θεοῦ
2608 4086 2839 4154 ἀνωθεν,
2889 4085 2986 4139 καὶ
3014 4085 3170 4154 κοινῇ
3213 4082 3437 4137 πάντων

1859 4185 1996 4257 ὁμοῦ
2020 4184 2131 4239 τῶν
2159 4185 2218 4240 ἐν
2247 4182 2488 4255 Γαλατίᾳ
2513 4179 2729 4254 γνώμῃ,
2767 4177 2961 4251 πρῶτα
3010 4176 3110 4247 μὲν
3140 4170 3437 4245 ίεροκήρυξ

1858 4279 1956 4351 τῆς
1985 4277 2146 4348 ἁγίας
2171 4276 2367 4347 αὐλῆς,
2405 4271 2524 4329 εἶτα
2550 4273 2819 4337 διάκονος,
2855 4271 2957 4326 οὐκ
2993 4270 3163 4338 ὀλίγῳ
3191 4267 3248 4322 δὲ
3279 4265 3432 4321 ὕστε-

1861 4387 1956 4442 ρον
1984 4370 2078 4425 καὶ
2106 4367 2478 4441 πρεσϐύτερος
2504 4364 2906 4427 ἀναδείκνυται.
2930 4363 3034 4417 Δύο
3056 4361 3113 4416 δὲ
3136 4359 3437 4432 παρελθόνο

1792 4487 1834 4543 D
1862 4481 1971 4517 των
2001 4461 2127 4533 ἑξῆς
2144 4460 2431 4525 ἐνιαυτῶν,
2462 4459 2559 4514 καὶ
2588 4458 2671 4523 εις
2694 4458 2788 4512 τὸν
2837 4455 2939 4527 τῆς
2994 4453 3300 4543 δπισκοπῆς
3312 4452 3429 4543 ,ἀν-

1867 4551 2064 4621 ἀγεται
2116 4549 2329 4620 θρόνον,
2382 4548 2545 4611 ἀλλος
2588 4550 2648 4601 ὲν
2692 4544 2899 4618 ἱερεῦσι
2927 4542 3128 4614 Δανιὴλ
3152 4542 3249 4597 καὶ
3283 4534 3432 4602 οὗτος

1863 4645 2185 4714 ἀναφανεὶς,
2233 4644 2283 4698 εί
2307 4644 2401 4698 καὶ
2428 4641 2568 4706 νέος,
2592 4639 2711 4695 ἀλλ’
2731 4637 2827 4694 οὖν
2855 4639 3001 4694 ἅπαν
3027 4636 3216 4707 ἱερέως
3258 4636 3431 4705 γῆρας

1861 4736 1984 4794 κατ’
2014 4738 2218 4808 ἀρετὴν
2247 4733 2662 4806 ὑπερϐεϐηκὼς,
2690 4733 2781 4786 καὶ
2802 4730 2979 4795 δείξας
3000 4730 3082 4784 ὅτι
3107 4729 3180 4800 μὴ
3204 4725 3440 4781 καθόλου

1860 4827 1923 4881 τὸ
1972 4828 2151 4897 γῆρας
2199 4825 2339 4897 πρὸς
2362 4823 2459 4896 τὴν
2494 4823 2602 4878 τῶν
2654 4822 2837 4878 καλῶν
2891 4821 3088 4893 κτῆσιν
3131 4818 3426 4889 ἐχέγγυονο

1862 4918 1979 4974 ἀλλ’
2017 4918 2166 4973 ἔστιν
2195 4918 2284 4971 ὅτε
2317 4917 2411 4970 καὶ
2443 4914 2632 4986 νεότης
2672 4911 3223 4983 εὐπαιδαγωγηθείσα
3266 4906 3431 4979 φυλά-

1863 5010 1950 5078 ξαι
1983 5010 2082 5082 τὴν
2113 5009 2315 5082 ἀρετὴν
2339 5010 2441 5063 οὐκ
2467 5007 2724 5079 ἀδόκιμον
2745 5022 2757 5039 ⁸
2784 5004 3033 5061 είκοστοῦ
3067 5003 3167 5075 μὲν
3192 5002 3303 5075 γάρ
3330 5000 3430 5073 ἤδη

1861 5102 1959 5173 τῆς
1986 5101 2204 5174 ἡλικίας
2236 5101 2441 5172 ἥπτετο
2468 5099 2642 5161 ἔτους.

1933 5298 2033 5353 lI".
2082 5295 2476 5370 Ἑγχειρισθεὶς
2495 5295 2552 5349 δὲ
2583 5294 2677 5348 καὶ
2697 5293 2796 5366 τὴν
2822 5292 3017 5364 ἀρχὴν,
3047 5291 3268 5348 πλείονα
3299 5291 3428 5364 μαλκ-

1858 5390 1950 5445 λον
1977 5392 2211 5444 ἐποιεῖτο
2243 5391 2372 5461 περὶ
2432 5388 2566 5451 τοὺς
2623 5385 2894 5458 ὀρφανοὺς
2948 5384 3048 5456 τὴν
3081 5382 3425 5455 κηδεμονίαν,

1858 5483 1954 5545 τὰς
2014 5480 2163 5552 ίεράς
2220 5480 2485 5553 πρότερον
2543 5479 2737 5542 αὐτοὺς
2791 5476 3015 5547 Γραφάς
3067 5474 3421 5536 ὲκπαιδεύων,

1863 5571 1984 5630 εἶτα
2010 5575 2105 5629 καὶ
2133 5573 2225 5629 τοῦ
2266 5573 2411 5628 θείου
2446 5572 2826 5645 βαπτίσματος
2859 5569 3027 5634 ἀξιῶν
3074 5571 3168 5623 καὶ
3199 5566 3427 5638 βαθμοῖς

1858 5668 1917 5720 οὐ
1980 5667 2188 5730 πάντας
2222 5707 2236 5732 ,
2297 5665 2432 5721 ἀλλὰ
2492 5665 2618 5728 τοὺς
2676 5664 2862 5729 ἀξίους
2889 5704 2902 5728 ,
2966 5664 3076 5726 τοῖς
3129 5659 3429 5733 καθήκουσι

1871 5760 2210 5833 καταλέγων.
2260 5759 2540 5818 Ἐντεῦθεν
2566 5758 2613 5811 οἱ
2670 5758 2732 5811 ὲκ
2761 5756 3013 5826 γειτόνων
3063 5755 3261 5820 πάντες
3302 5768 3424 5809 συν-
