3832 6500
366 322 469 386 827

1565 318 1852 381 MENSIS
1889 319 2027 381 IAN
2037 321 2131 381 UA
2146 321 2222 382 III
2235 322 2350 382 US.

3522 327 3652 390 828

369 442 527 511 cnjns
553 441 717 494 verba
741 439 1000 509 producta
1033 444 1157 493 sunt
1177 436 1382 503 omnia,
1417 449 1446 491 ε
1470 450 1580 506 quo
1608 436 1784 506 ipsum
1809 449 1946 504 quo-

2064 436 2235 503 τοφία,
2275 438 2303 489 ὁ
2328 435 2422 489 τοῦ
2451 437 2592 490 Θεοῦ
2642 436 2731 490 xui
2772 436 2982 508 Πατρὸς
3019 436 3146 502 Υἱὸς
3195 439 3290 493 καὶ
3341 441 3536 510 Λόγος,
3574 440 3647 499 οὗ

369 550 477 604 que
508 534 688 588 dicere
715 541 771 586 et
802 545 995 600 sapere
1029 544 1129 586 nos
1171 529 1452 585 habemus.

441 712 580 768 XVI.
635 712 992 783 Respondeas
1040 717 1221 766 autem
1253 709 1536 765 vicarius:
1588 707 1696 774 lle,
1730 709 1942 779 inquit,

368 825 465 880 per
493 808 644 868 deos.
679 805 905 860 aﬂ‘ecisti
930 805 1200 870 molestia,
1229 819 1351 858 eum
1378 804 1474 858 bas
1498 811 1696 872 praeter
1727 819 1942 857 omnem

371 918 521 970 spem
559 901 740 956 statim
772 902 838 953 ab
871 901 1023 954 initio
1053 914 1223 968 nugas
1259 896 1441 951 dicere
1467 897 1720 965 coeperis.
1763 895 1867 949 Sed
1900 896 1944 949 si

283 972 289 984 ’
372 994 504 1047 mihi
539 993 766 1057 credas,
805 992 905 1064 has
945 990 1134 1058 longas
1164 1003 1334 1057 nugas
1378 988 1602 1041 multum
1641 989 1816 1040 valere
1854 987 1947 1056 jn-

370 1084 543 1147 bens,
596 1083 804 1138 veniet
848 1083 950 1136 diis
1001 1082 1248 1136 sacrilica
1285 1079 1567 1148 prepitiis,
1600 1093 1786 1132 eorum
1828 1079 1947 1147 qui-

372 1176 516 1240 dem,
555 1174 647 1244 qui
677 1187 771 1228 eos
805 1179 1158 1226 contemnunt
1192 1178 1246 1223 et
1281 1161 1614 1234 inliciantur,
1646 1169 1904 1239 supplicia
1928 1209 1942 1234 ,

371 1283 559 1322 carum
590 1276 768 1320 autem
806 1281 1013 1329 rursus,
1040 1267 1132 1334 qui
1163 1271 1493 1318 venerantur
1525 1271 1578 1317 et
1604 1263 1808 1326 colunt,
1848 1263 1945 1316 ho-

371 1376 534 1416 nores
590 1370 864 1429 reputans.
919 1360 1119 1413 Eorum
1169 1371 1322 1421 vero,
1354 1369 1472 1426 qua
1515 1356 1802 1418 dicuntur,
1849 1370 1948 1410 nos

374 1453 468 1506 tibi
498 1467 681 1506 sumus
711 1452 1035 1520 exetnplum,
1075 1451 1165 1520 qui
1209 1465 1303 1518 per
1355 1450 1499 1518 ipsos
1543 1450 1608 1502 ad
1639 1449 1780 1502 hunc
1820 1464 1944 1518 per-

369 1545 621 1598 venimus
659 1529 1065 1611 magistratum,
1100 1549 1152 1596 et
1180 1541 1428 1595 benetieii
1463 1540 1668 1609 gratias
1699 1539 1778 1594 eis
1807 1539 1947 1594 refe-

370 1636 564 1696 rimus,
603 1634 923 1688 honorando
950 1647 1064 1698 eos,
1105 1633 1195 1700 qui
1231 1633 1376 1701 ipsos
1404 1631 1608 1696 colunt,
1643 1642 1698 1686 et
1743 1630 1947 1699 suppli-

369 1727 470 1783 ciis
501 1726 781 1780 aﬂiciendo
811 1740 906 1779 eos
946 1725 1037 1794 qui
1083 1725 1272 1779 nolunt
1314 1739 1525 1794 parere.
1569 1723 1700 1777 Cum
1733 1724 1798 1777 ad
1831 1724 1945 1778 lucc

369 1819 460 1874 ille
512 1819 757 1883 risisset,
818 1826 874 1872 ut
909 1827 995 1872 est
1051 1827 1510 1891 consentaneum,
1570 1817 1710 1886 quod
1769 1816 1943 1870 dono-

370 1923 528 1971 rum,
586 1909 783 1978 quibus
827 1908 1159 1974 aﬂiceretur,
1212 1917 1268 1962 et
1323 1908 1560 1977 turpium
1612 1907 1948 1961 meminisset

369 2001 669 2067 honorum,
709 2011 765 2055 et
799 2010 1104 2071 proruptura
1156 2000 1272 2070 ejus
1312 2002 1477 2054 animi
1521 2001 1759 2056 studium
1797 2000 1948 2054 vidc-

369 2102 522 2148 retur
572 2093 656 2148 his
706 2093 1003 2148 dissolvere
1034 2111 1047 2148 :
1097 2094 1202 2148 Sed
1238 2108 1336 2148 nos
1363 2091 1616 2163 quidem,
1654 2093 1860 2162 inquit,
1916 2109 1948 2148 ο

370 2198 593 2253 praeses,
613 2185 878 2240 sentimus
911 2187 996 2240 his
1029 2185 1324 2250 contraria,
1358 2195 1411 2240 et
1444 2185 1694 2240 damnum
1727 2186 1946 2256 quidem

371 2283 553 2328 vestra
584 2277 759 2341 dona;
793 2275 1051 2330 honorem
1079 2284 1257 2330 autem
1279 2316 1293 2341 ,
1328 2276 1678 2344 ignominiam
1705 2295 1720 2343 ;
1752 2285 1805 2331 et
1837 2294 1950 2330 mn-

373 2365 662 2435 gistratum
707 2380 830 2421 esse
885 2377 1136 2438 putamus
1183 2367 1541 2435 servitutem;
1590 2369 1949 2425 contumelias

372 2473 506 2512 vero
534 2475 759 2527 rursus,
794 2461 1057 2530 supplicia
1097 2469 1151 2516 et
1188 2462 1385 2529 minas,
1415 2462 1740 2532 voluptatem
1774 2472 1827 2518 et
1855 2464 1951 2518 dv—

373 2548 553 2615 licias,
589 2558 641 2603 et
673 2551 814 2619 quod
850 2561 933 2606 est
960 2552 1046 2606 his
1084 2551 1277 2621 majus,
1311 2567 1433 2607 cum
1471 2553 1580 2608 Deo
1611 2553 1950 2624 conjunctio-

374 2657 523 2697 nem.
559 2641 683 2698 llaec
707 2658 828 2698 cum
873 2652 929 2698 tu
969 2644 1148 2711 scias,
1183 2659 1283 2700 nec
1320 2644 1604 2713 promissis
1629 2654 1685 2699 ct
1724 2645 1948 2700 honori-

375 2733 498 2796 bus,
532 2747 708 2802 neque
741 2746 926 2788 rursus
960 2732 1120 2787 minis
1147 2743 1201 2788 et
1233 2731 1541 2803 suppliciis,
1573 2732 1854 2789 existimes
1894 2741 1950 2788 te

375 2838 536 2894 posse
563 2839 662 2879 nos
693 2825 965 2880 abducere
998 2839 1026 2878 a
1060 2826 1279 2894 pietate.

444 2915 608 2973 XVII.
652 2916 777 2972 Haec
825 2917 1085 2988 paulatim
1125 2917 1416 2974 movebant
1465 2919 1704 2974 animum
1765 2920 1948 2974 Domi-

375 3009 557 3074 tiano,
588 3020 642 3064 et
671 3020 919 3066 sanctum
963 3010 1144 3066 aerius
1171 3011 1387 3067 intuens
1427 3027 1440 3066 :
1469 3013 1583 3084 Ego
1615 3023 1703 3079 te,
1740 3013 1947 3082 inquit,

1973 1774 2024 1835 Β

2049 527 2190 597 λόγῳ
2222 527 2480 599 παρήχθη
2520 527 2582 580 τὸ
2613 529 2742 593 πᾶν,
2805 529 2935 600 παρ’
2964 521 3026 582 οὐ
3061 529 3155 582 καὶ
3189 531 3319 584 αὐτὸ
3347 532 3410 586 τὸ
3439 535 3642 604 λέγειν

2047 637 2107 672 τε
2140 619 2234 672 καὶ
2268 623 2488 690 φρονεῖν
2517 621 2678 691 ἡμεῖς
2710 620 2930 691 ἔχομεν.

2117 710 2200 779 1C;
2202 718 2234 765 '.
2277 711 2595 765 Ὑπολαϐὼν
2629 712 2682 765 δὲ
2725 714 2752 764 ὁ
2781 712 3376 786 βικάριος,Έλύπησάς
3409 733 3500 787 με,
3551 718 3644 788 μὰ

2047 803 2174 865 τοὺς
2192 801 2368 866 θεοὺς,
2411 803 2540 874 ἔφη,
2579 802 2805 856 τοιαῦτα
2839 805 2992 874 παρὰ
3023 807 3204 859 πᾶσαν
3234 807 3424 860 ἐλπίδα
3457 809 3642 876 φλυα-

2053 895 2165 964 ρεῖν
2198 896 2262 947 ἐκ
2290 895 2594 965 προοιμίων
2629 894 2790 958 εὐθὺς
2845 894 3154 965 ἀρξάμενος
3178 912 3194 927 ⁸
3227 898 3344 952 ἀλλ’
3367 901 3422 952 ετ
3450 917 3501 951 τι
3533 917 3637 969 μοι

2050 984 2235 1055 πείθῃ,
2267 986 2452 1054 μακρὰ
2479 987 2594 1047 τοῖς
2651 989 2882 1055 μακροῖς
2911 985 3122 1050 τούτοις
3168 987 3357 1058 λήροις
3410 990 3639 1060 χαίρειν

2049 1074 2238 1141 εἰπὼν,
2282 1075 2444 1129 θῦσον
2494 1075 2809 1145 προσελθὼν
2837 1077 2951 1138 τοῖς
2977 1077 3233 1148 εὐμενέσι
3280 1079 3420 1139 θεοῖς
3447 1121 3463 1146 ,
3514 1080 3638 1134 τῶν

2053 1169 2150 1238 μὲν
2175 1166 2510 1220 ἀθετούντων
2562 1167 2758 1230 αὐτοὺς
2793 1167 2887 1219 καὶ
2923 1169 3278 1240 ἀρνουμένων
3315 1170 3416 1234 τὰς
3444 1188 3635 1240 τιμω-

2052 1260 2194 1330 ρίας,
2241 1258 2349 1312 τῶν
2393 1259 2450 1311 δὲ
2494 1257 2911 1329 θεραπευόντων
2949 1259 3114 1314 πάλιν
3171 1262 3268 1315 καὶ
3318 1262 3641 1332 σεϐομένων

2048 1351 2148 1414 τὰς
2179 1349 2345 1420 τιμὰς
2366 1350 2851 1419 ἀναλογισάμενος.
2885 1349 2996 1404 Καί
3032 1368 3114 1405 σοι
3141 1352 3492 1422 παράδειγμα
3518 1352 3640 1404 τῶν

2049 1439 2357 1508 λεγομένων
2381 1441 2564 1509 ἡμεῖς,
2591 1439 2639 1491 οἱ
2665 1438 2733 1491 δι’
2757 1437 2938 1494 αὐτῶν
2970 1442 3054 1504 εἰς
3077 1441 3283 1512 ταύτην
3328 1442 3426 1512 τὴν
3453 1440 3641 1512 ἀρχὴν

2051 1531 2425 1598 προελθόντες,
2481 1532 2576 1585 καὶ
2615 1532 2845 1602 χάριτας
2894 1535 3081 1596 αὐτοῖς
3137 1533 3235 1604 τῆς
3283 1534 3636 1605 εὐεργεσίας,

2049 1624 2147 1687 τάς
2179 1640 2238 1678 τε
2290 1623 2425 1694 πρὸς
2471 1623 2599 1687 τούς
2630 1626 2956 1696 σεϐομένους
2987 1625 3175 1697 τιμὰς,
3229 1629 3323 1679 καὶ
3361 1627 3458 1690 τὰς
3490 1626 3638 1697 πρὸς

2049 1716 2172 1778 τοὺς
2207 1716 2282 1786 μὴ
2307 1715 2662 1786 πειθομένους
2699 1717 2880 1781 αὐτοῖς
2905 1717 3054 1772 θύειν
3081 1718 3330 1782 κολάσεις
3358 1718 3640 1788 παρέχον-

2049 1825 2160 1872 τες.
2201 1809 2346 1879 Πρὸς
2373 1808 2546 1863 ταῦτα
2571 1809 2808 1878 γελάσας
2847 1811 3054 1874 ἐκεῖνος
3079 1810 3153 1875 ὼς
3207 1811 3374 1873 εἰκὸς,
3421 1811 3503 1863 ὅτι
3534 1811 3641 1863 καὶ

2045 1903 2254 1973 δωρεᾶς
2287 1905 2425 1974 πρὸς
2469 1905 2632 1958 αὐτὸν
2659 1907 2686 1959 ό
2721 1904 2906 1975 ἄρχων
2929 1907 3023 1959 καὶ
3049 1906 3228 1976 τιμῶν
3277 1905 3388 1959 τῶν
3419 1905 3641 1976 ἀτίμων

2047 1995 2346 2067 ἐμέμνητο,
2376 1997 2471 2050 καὶ
2489 1998 2716 2062 τούτους
2742 1998 2958 2052 ἐκλύειν
2985 1998 3148 2053 αὐτὸν
3170 1999 3347 2052 ἐδόκει
3373 1999 3471 2068 τῆς
3501 2009 3642 2069 προ-

2048 2089 2270 2160 Θυμίας,
2304 2090 2444 2144 Ἀλλ’
2471 2093 2653 2161 ἡμεῖς,
2678 2084 2723 2145 ὧ
2777 2091 2983 2162 ἄρχων,
3015 2091 3140 2162 ἔφη,
3161 2092 3229 2145 τὰ
3254 2092 3472 2144 ἐναντία
3499 2089 3641 2160 μαλ-

2046 2182 2137 2234 λον
2187 2184 2512 2254 φρονοῦντές
2567 2189 2756 2256 ἐσμεν,
2807 2187 2902 2239 καὶ
2941 2186 3144 2256 ζημίαν
3190 2186 3288 2256 μὲν
3348 2187 3447 2249 τὰς
3500 2183 3641 2254 παρ’

2050 2277 2203 2346 ὐμῶν
2229 2275 2459 2348 δωρεὰς,
2499 2278 2724 2348 ἀτιμίαν
2750 2278 2805 2332 δὲ
2839 2279 2937 2350 τὴν
2962 2279 3148 2349 τιμὴν,
3201 2279 3297 2332 καὶ
3330 2278 3430 2349 τὴν
3459 2277 3638 2348 ἀρχὴν

2048 2368 2290 2423 δουλείαν
2319 2369 2620 2440 ἡγούμεθα,
2653 2369 2810 2442 ὓϐριν
2841 2370 2896 2423 δὲ
2915 2371 3078 2424 πάλιν
3109 2372 3203 2424 καὶ
3235 2371 3508 2440 τιμωρίας
3538 2368 3638 2423 καὶ

2049 2462 2296 2527 ἀπειλὰς,
2325 2462 2518 2534 ἡδονὴν
2539 2461 2708 2516 ταῦτα
2741 2464 2837 2516 καὶ
2864 2463 3096 2534 τρυφὴν,
3127 2462 3222 2515 καὶ
3252 2462 3316 2515 τό
3344 2477 3407 2530 γε
3441 2462 3638 2531 μεῖζον

2050 2556 2188 2626 πρὸς
2226 2554 2359 2608 Θεὸν
2387 2555 2679 2609 οίκείωσιν.
2705 2555 2877 2609 Τοῦτο
2915 2555 3092 2609 τοίνυν
3123 2553 3302 2618 εἰδὼς,
3338 2554 3468 2626 μήθ’
3496 2555 3636 2606 ὐπο-

2051 2651 2266 2720 σχέσεσι
2297 2649 2390 2702 κα1.
2420 2653 2626 2719 τιμαῖς,
2679 2649 2804 2720 μήτ’
2857 2649 3107 2714 ἀπειλαῖς
3147 2648 3310 2703 πάλιν
3336 2647 3435 2702 καὶ
3463 2663 3640 2714 τιμω·

2053 2744 2194 2814 ρίαις
2219 2742 2332 2795 οῖου
2356 2741 2486 2795 ποτὲ
2510 2740 2642 2810 γοῦν
2667 2739 2982 2811 ἀποστῆσαι
3019 2741 3116 2811 τῆς
3151 2739 3433 2803 εὐσεϐείας
3466 2741 3637 2809 ἡμᾶς.

2123 2921 2220 2973 IZ'.
2246 2918 2434 2973 Ταῦτα
2462 2917 2605 2972 κατὰ
2637 2917 2832 2987 μικρὸν
2862 2917 3033 2970 ἐκίνει
3074 2917 3165 2971 τὸν
3193 2917 3645 2988 θυμδνΔομετια-

2053 3011 2168 3078 νοῦ,
2212 3013 2481 3084 καὶπρὸς
2538 3011 2631 3067 τὸν
2687 3013 2842 3080 ἅγιον
2899 3013 3226 3083 δριμύτερον
3284 3010 3640 3080 ὑποϐλέψας,

373 3099 597 3154 omnino
635 3099 733 3154 feci
765 3101 1215 3168 arrogantiorem,
1247 3116 1370 3155 cum
1405 3116 1490 3155 me
1528 3103 1580 3156 in
1609 3111 1660 3157 te
1681 3114 1786 3157 tam
1812 3103 1949 3158 leni-

2064 3105 2210 3176 Ἐγώ
2242 3123 2323 3171 σε,
2377 3103 2504 3175 ἔφη,
2561 3106 2778 3168 πάντως
2806 3105 3199 3175 αὐθαδέστερον
3259 3104 3639 3175 είργασάμην,

377 3199 459 3244 ter
481 3190 764 3258 gesserim.
793 3189 904 3244 Non
933 3199 1017 3245 est
1046 3199 1224 3245 autem
1265 3191 1482 3256 mirum,
1515 3193 1560 3247 si
1595 3206 1716 3246 eum
1741 3199 1797 3247 tu
1833 3208 1955 3264 per-

378 3295 540 3352 petuo
582 3286 749 3340 vitam
795 3302 924 3356 agas
969 3301 1094 3341 eum
1131 3287 1346 3356 pueris,
1381 3302 1484 3343 non
1534 3286 1835 3342 absimilem
1871 3287 1953 3342 eis

379 3393 594 3434 sensum
629 3379 848 3434 habeas.
891 3379 1160 3435 Caeterum
1195 3378 1300 3434 nisi
1330 3385 1384 3434 et
1423 3379 1552 3434 deos
1589 3379 1821 3449 placaris
1865 3395 1953 3434 sa-

378 3473 636 3540 criﬁciis,
682 3481 739 3527 et
785 3473 907 3526 hinc
951 3481 1194 3528 nostram
1244 3469 1579 3526 lucrifeceris
1621 3471 1950 3526 benevolen-

380 3567 546 3630 tiam,
585 3566 728 3620 scias
783 3577 998 3635 poenam
1031 3564 1223 3619 mortis
1267 3578 1386 3620 esse
1430 3563 1526 3618 tibi
1575 3564 1909 3619 subeundam
1934 3606 1949 3631 ,

379 3670 640 3723 eamque,
673 3671 776 3707 non
815 3670 936 3724 quae
989 3653 1228 3709 breviter
1258 3663 1314 3708 et
1349 3654 1460 3708 cito
1486 3653 1764 3720 aﬂ‘cratur,
1806 3666 1864 3708 ut
1897 3663 1952 3708 tu

380 3745 610 3798 fortasse
646 3743 1088 3810 existimaveris,
1137 3743 1229 3797 sed
1271 3743 1456 3798 multis
1499 3743 1650 3813 prius
1695 3757 1751 3798 et
1792 3746 1957 3799 variis

375 3835 574 3891 all‘ecto
615 3836 930 3906 suppliciis,
971 3835 1164 3890 deinde
1201 3837 1363 3890 etiam
1417 3851 1540 3891 esse
1577 3835 1954 3906 gravissimum

380 3929 755 3984 sustinendum
788 3929 1004 3982 modum
1043 3928 1265 3992 mortis,
1297 3939 1356 3984 ut
1389 3939 1444 3984 et
1473 3928 1586 3996 ipse
1615 3928 1786 3984 malus
1817 3928 1956 3984 male

379 4020 672 4086 abolearis,
706 4028 761 4075 et
808 4030 899 4076 tuo
933 4021 1180 4090 exemplo
1221 4021 1453 4091 castiges
1481 4021 1770 4075 multorum
1802 4035 1958 4077 arro-

379 4112 638 4178 gantiam.

446 4204 633 4261 XVIII.
661 4204 1014 4260 Admirabilis
1043 4219 1172 4260 vero
1188 4203 1474 4259 Clemens:
1506 4202 1770 4270 Quoniam
1801 4204 1955 4272 mihi,

382 4299 590 4368 inquit,
627 4312 822 4368 pueros
852 4296 1079 4364 obiicis,
1112 4309 1209 4365 ego
1235 4337 1250 4362 ,
1299 4297 1506 4366 inquit,
1547 4297 1724 4352 studui
1776 4298 1959 4367 pueris

379 4406 498 4445 eam
540 4391 724 4445 indere
764 4389 1134 4458 prudentiam,
1178 4405 1338 4460 quam
1386 4391 1636 4458 ignorant
1688 4391 1780 4458 qui
1834 4398 1960 4444 sunt

2058 3197 2233 3263 οὕτως
2261 3199 2519 3264 ἐπιεικῶς
2553 3214 2634 3251 σοι
2664 3197 3078 3268 προσενεχθείς’
3110 3196 3426 3266 θαυμαστὸν
3454 3195 3514 3250 δὲ
3543 3195 3642 3248 οὐο

2058 3295 2165 3360 δὲν,
2192 3294 2239 3346 εί
2273 3291 2508 3354 παιδίοις
2531 3291 2623 3345 τὸν
2649 3291 2735 3344 ἀεὶ
2766 3291 2959 3361 χρόνον
2990 3285 3442 3358 συνδιαιτώμενος
3459 3302 3642 3356 παρα-

2059 3391 2289 3461 πλήσιον
2312 3388 2536 3448 ἐκείνοις
2566 3387 2720 3455 ἔσχες
2747 3385 2806 3438 τὸ
2837 3383 3121 3455 φρόνημα.
3163 3380 3310 3451 Πλὴν
3345 3379 3460 3435 ἀλλ’
3481 3378 3530 3433 εί
3563 3377 3642 3448 μὴ

2061 3481 2155 3535 καὶ
2195 3481 2321 3544 τοὺς
2353 3479 2509 3541 θεοὺς
2543 3478 2755 3539 Θυσίαις
2783 3473 3066 3546 ἐξιλεώσῃ,
3116 3471 3210 3525 καὶ
3240 3471 3338 3541 τὴν
3365 3468 3646 3541 ἡμετέραν

2061 3573 2311 3626 ἐντεῦθεν
2339 3570 2627 3641 κερδήσεις
2674 3567 2986 3635 εὐμένειαν,
3022 3564 3131 3618 ῐσθι
3161 3565 3244 3619 ὅτι
3291 3561 3523 3624 θάνατός
3558 3576 3644 3611 σοι

2062 3667 2214 3720 ἔσται
2247 3665 2308 3718 τὸ
2337 3662 2634 3731 ἐπιτίμιον,
2671 3661 2766 3713 καὶ
2793 3651 2948 3721 οὗτος
2977 3657 3078 3710 οὐκ
3127 3656 3186 3709 ὲν
3219 3654 3433 3724 βραχεῖ,
3466 3653 3642 3706 καθά-

2066 3774 2172 3828 περ
2202 3756 2267 3809 ἂν
2294 3754 2454 3817 αὐτὸς
2484 3753 2696 3824 οἰηθῇς,
2752 3751 2848 3804 καὶ
2891 3750 3061 3820 ταχὺς
3096 3747 3464 3816 ἐπαγόμενος,
3505 3744 3643 3798 ἀλλὰ

2064 3849 2288 3912 πολλαῖς
2349 3846 2615 3916 πρότερον
2664 3841 2907 3906 ἐκδοθεὶς
2952 3841 3050 3894 καὶ
3102 3840 3374 3901 ποικίλαις
3408 3840 3528 3901 ταῖς
3565 3855 3647 3889 τι-

2067 3941 2325 4011 μωρίαις,
2357 3934 2472 3992 εἶτα
2505 3938 2600 3990 καὶ
2630 3935 2832 4006 τρόπον
2869 3933 3126 4002 τελευτῆς
3157 3931 3441 4000 ὐποστὴσῃ
3470 3927 3641 4002 βαρύ-

2062 4048 2247 4096 τατον,
2281 4031 2357 4094 ὡς
2407 4030 2472 4083 ἂν
2503 4029 2672 4089 κακός
2706 4044 2763 4077 τε
2791 4026 2956 4086 αὐτὸς
2989 4023 3176 4086 κακῶς
3222 4020 3505 4092 ικτρισῇς,
3550 4021 3647 4072 καὶ

2067 4124 2427 4194 σωφρονήσῃς
2458 4118 2569 4174 τῶν
2602 4119 2811 4173 πολλῶν
2844 4116 2946 4188 τὴν
2975 4116 3259 4170 ἀπόνοιαν.

2135 4213 2245 4269 111⁸.
2274 4214 2386 4268 Καὶ
2415 4215 2443 4266 ὁ
2472 4210 2788 4281 θαυμαστὸς
2813 4209 3045 4278 Κλήμης
3075 4223 3088 4238 ·
3129 4205 3282 4259 Ἐπεί
3318 4221 3409 4275 μοι
3438 4203 3507 4257 τὰ
3536 4203 3646 4256 τῶν

2066 4308 2270 4362 παίδων
2293 4305 2371 4359 ἔτι
2395 4303 2747 4374 προσφέρεις,
2781 4299 2896 4368 ἐγὼ
2931 4299 3030 4370 μὲν
3062 4296 3301 4350 ἐνθεῖναι
3351 4297 3526 4366 φρένα
3549 4296 3646 4348 καὶ

2068 4398 2281 4471 νηπίοις
2317 4395 2648 4458 ἐσπούδασα,
2717 4393 2787 4462 ἢν
2825 4395 2873 4445 oi
2902 4390 3035 4462 παρ’
3066 4391 3198 4459 ὑμῖν
3228 4388 3519 4457 ἀγνοοῦσιν
3547 4387 3644 4439 ἇν-

380 4483 521 4552 apud
562 4497 659 4538 vos
693 4483 831 4546 viri,
862 4491 916 4536 et
941 4497 1004 4537 ex
1051 4482 1137 4536 his
1169 4482 1300 4552 ipsis
1331 4483 1422 4551 qui
1459 4492 1588 4537 sunt
1630 4483 1877 4538 seniores
1905 4493 1951 4538 ct

2064 4493 2210 4565 δρες,
2246 4490 2342 4544 καὶ
2386 4487 2596 4542 τούτων
2629 4486 2808 4541 αὐτῶν
2841 4484 2892 4536 οἱ
2924 4481 3290 4552 πρεσϐύτεροι
3342 4479 3440 4534 καὶ
3473 4478 3642 4546 σοφώ-

379 4579 761 4649 sapieutiores.
793 4577 929 4632 Nam
964 4587 1087 4648 quae
1119 4587 1205 4633 est
1233 4595 1361 4634 vere
1402 4579 1494 4634 Dei
1533 4579 1823 4648 sapientia,
1853 4577 1959 4634 sei-

380 4688 535 4743 psam
587 4672 873 4727 abscondit
916 4687 946 4725 a
997 4671 1334 4741 sapientibus
1375 4679 1430 4725 et
1469 4672 1859 4740 prudentibus,
1905 4680 1960 4726 ct

383 4764 648 4818 revelavit
672 4764 922 4819 videlicet
951 4763 1274 4821 infantibus.
1305 4763 1520 4820 Glorior
1542 4774 1796 4821 autemet
1823 4781 1960 4836 prte-

381 4856 503 4910 dico
533 4870 622 4912 me
661 4855 859 4912 oﬂ‘erre
901 4856 1203 4922 sacriﬁcia,
1231 4857 1325 4912 sed
1370 4856 1480 4912 Deo
1511 4872 1633 4912 meo
1666 4857 1960 4913 rationabi-

385 4949 455 5003 lia
488 4965 503 5002 :
547 4963 675 5015 non,
703 4956 762 5002 ut
790 4949 915 5020 ipsi,
947 4959 1218 5006 torrentes
1249 4950 1552 5021 sanguinis,
1589 4950 1877 5022 fumosque
1907 4961 1962 5007 et

385 5041 624 5104 nidores,
667 5043 864 5112 quibus
897 5057 1013 5109 eos,
1052 5045 1146 5113 qui
1194 5052 1322 5101 sunt
1369 5045 1511 5113 apud
1541 5061 1661 5107 vos.
1695 5045 1827 5102 deos
1864 5061 1962 5102 co-

383 5133 513 5198 litis,
548 5134 630 5189 vel
661 5134 900 5191 maxime
929 5146 1124 5205 praeter
1173 5139 1460 5194 rationem.
1493 5138 1647 5206 Quod
1693 5139 1735 5195 si
1779 5155 1954 5194 meum

388 5225 704 5295 sanguinem
741 5242 840 5297 pro
867 5227 984 5298 ipso
1012 5231 1428 5297 sacriﬁcavero,
1473 5232 1545 5286 ita
1575 5231 1708 5286 mihi
1744 5246 1960 5302 quoque

389 5316 602 5384 aderit,
643 5319 688 5372 si
721 5333 827 5372 non
856 5333 922 5373 ex
957 5334 1131 5388 aequo,
1165 5328 1221 5374 at
1245 5320 1422 5392 aliqua
1450 5337 1514 5377 ex
1550 5331 1702 5391 parte
1735 5322 1962 5378 Domino

390 5424 513 5466 meo
565 5410 736 5466 vicem
789 5413 1108 5484 rependere.
1143 5413 1354 5469 Etenim
1385 5429 1504 5480 me,
1549 5414 1765 5472 Christe
1805 5416 1916 5472 Rex
1945 5459 1959 5484 ,

389 5507 506 5577 ipse
537 5512 630 5563 tuo
661 5503 901 5574 pretioso
939 5505 1212 5564 redemisti
1247 5505 1526 5575 sanguine.

2059 4599 2234 4653 τεροι.
2277 4581 2340 4634 'H
2368 4578 2476 4650 γὰρ
2499 4577 2667 4639 ὄντως
2691 4573 2849 4644 σοφία
2878 4571 2974 4626 τοῦ
3002 4570 3140 4627 Θεοῦ
3165 4569 3484 4639 ἀπέκρυψεν
3513 4569 3610 4622 ἑαυ

2061 4674 2161 4744 τὴν
2199 4673 2307 4726 ἀπὸ
2334 4668 2519 4738 σοφῶν
2540 4667 2636 4721 καὶ
2666 4663 2929 4726 συνετῶν,
2959 4662 3054 4716 καὶ
3091 4659 3416 4730 ἀπεκάλυψε
3442 4658 3644 4729 δηλαδὴ

2063 4764 2298 4836 νηπίοις.
2329 4760 2572 4832 Εὐχομαι
2605 4760 2661 4812 δὲ
2691 4757 2788 4812 καὶ
2838 4755 3033 4818 θυσίας
3059 4755 3474 4826 προσενεγκεῖν,
3507 4752 3643 4806 ἀλλὰ

2060 4856 2140 4926 τῷ
2167 4855 2285 4924 Θεῷ
2324 4869 2426 4924 μου
2447 4853 2544 4916 τὰς
2577 4847 2804 4918 λογικάς
2827 4863 2840 4876 ⁸
2873 4847 2974 4916 οὐχ
3003 4845 3191 4915 ὥσπερ
3229 4843 3386 4898 ικύτολ⁸
3409 4841 3639 4913 χειμάρσ

2070 4951 2197 5022 ῥους
2250 4945 2521 5016 αἱμάτων,
2555 4941 2650 4995 καὶ
2700 4939 2964 5005 καπνοὺς,
3001 4937 3098 4991 καὶ
3127 4936 3377 5000 κνίσσας,
3409 4927 3493 4997 οἷς
3520 4933 3643 4995 τοὺς

2070 5040 2201 5114 παρ’
2237 5041 2366 5110 ὑμῖν
2412 5037 2568 5099 θεοὺς
2606 5032 2928 5103 ἀλογώτατα
2975 5028 3335 5102 θεραπεύετε.
3370 5027 3437 5081 El
3467 5025 3525 5080 δὲ
3553 5026 3640 5079 xui

2060 5137 2122 5193 τὺ
2150 5136 2350 5190 οἰκεῖον
2380 5132 2520 5201 ὑπὲρ
2548 5126 2714 5184 αὐτοῦ
2742 5123 3035 5181 καταθύσω
3055 5116 3524 5194 αἷμα,γενήσεταί
3556 5133 3641 5188 μοι

2063 5232 2157 5284 καὶ
2181 5227 2376 5290 οὕτως,
2427 5225 2480 5276 εί
2527 5221 2623 5276 καὶ
2673 5220 2748 5291 μὴ
2776 5221 2886 5282 τοῖς
2935 5218 3093 5283 τσοις,
3141 5215 3279 5270 ἀλλὰ
3323 5213 3421 5268 καὶ
3467 5210 3642 5272 ποσῶς

2065 5320 2199 5392 γοῦν
2227 5319 2318 5374 τὸν
2347 5317 2480 5388 ἐμὸν
2505 5313 2782 5382 Δεσπότην
2808 5309 3170 5382 ἀμείψασθαι.
3208 5307 3317 5361 Καὶ
3350 5305 3513 5368 αὐτὸς
3538 5305 3642 5371 γάρ

2071 5430 2160 5483 με,
2190 5410 2391 5482 Χριστε
2425 5405 2667 5479 βασιλεῦ,
2731 5405 2808 5475 τῷ
2841 5402 2918 5474 σῷ
2953 5403 3122 5474 τιμίῳ
3154 5401 3501 5472 ἑξηγόρασας
3557 5397 3639 5449 αῖ-

2077 5523 2178 5577 ματ
2191 5525 2227 5562 ι.
