3832 6502
280 362 392 429 829

1310 363 1481 425 VITA
1520 363 1580 426 S.
1615 363 2048 428 CLEMENTIS
2080 366 2490 433 ANCYRANI.

3450 371 3556 434 830

1722 630 1952 687 CAPUT
1991 630 2082 688 IV.

1374 795 1586 849 Atracia
1627 792 1853 864 Ancyra:
1890 793 2113 849 tolerata
2154 802 2439 849 tormenta.

359 992 462 1050 ιε’.
497 987 684 1053 Ταῦτα
714 988 809 1046 τοῦ
843 990 1119 1063 μάρτυρος
1156 985 1296 1063 μετά
1342 987 1586 1053 πλείονος
1625 987 1873 1051 εἰπόντος

2048 985 2190 1041 XIX.
2224 984 2351 1044 Hmc
2380 1001 2502 1041 cum
2540 995 2751 1058 martyr
2782 1002 2902 1043 cum
2932 1003 3125 1061 magna
3164 990 3389 1047 dixisset
3417 994 3555 1048 iidu-

285 1086 393 1157 τῆς
424 1082 764 1156 παρρησίας,
796 1080 957 1153 ῥίψας
991 1082 1052 1135 τδ
1097 1082 1444 1152 προσωπεῖον
1486 1081 1515 1133 ὀ
1558 1078 1764 1151 ἄρχων,
1802 1080 1872 1148 ἢν

206 1168 213 1171 ’
286 1178 451 1232 ὦδινε
488 1176 616 1231 κατ’
657 1173 823 1229 αὐτοῦ
878 1173 1048 1228 πάλαι
1079 1171 1298 1243 μανίαν,
1331 1171 1536 1242 ταύτην
1586 1172 1665 1236 είς
1708 1171 1871 1243 μέσον

291 1270 539 1341 ἐξήγαγε
559 1285 576 1301 ο
604 1268 701 1322 καὶ
746 1264 1179 1338 μετεωρίσαντες
1201 1264 1250 1318 oi
1291 1263 1642 1335 παρεστῶτες
1670 1263 1872 1328 εὐθέως

285 1364 384 1418 ἐπὶ
407 1362 565 1429 ξύλου
590 1361 683 1415 τὸν
712 1358 972 1430 ἀθλητὴν,
1010 1358 1183 1422 οὓτως
1210 1357 1304 1412 ὑπ’
1323 1356 1488 1411 αὐτοῦ
1508 1355 1869 1427 προσταχθὲν,

286 1452 557 1518 διέξαινόν
581 1464 642 1504 τε
668 1448 834 1504 αὐτοῦ
873 1449 975 1512 τὰς
1003 1447 1265 1520 πλευρὰς,
1296 1446 1390 1500 και⁴
1434 1446 1544 1499 τῶν
1578 1445 1872 1516 βασιλικῶν

284 1542 731 1615 προσταγμάτων
765 1541 841 1613 μὴ
881 1540 1290 1614 καταφλυαρεῐν
1330 1536 1554 1593 τοιαῦτα
1584 1537 1869 1607 ἐπέλεγον.

286 1635 519 1689 Βαθεῖαι
552 1635 652 1702 μὲν
681 1629 776 1688 οὖν
810 1632 953 1688 κατά
972 1631 1079 1685 τῶν
1102 1632 1311 1687 ἐκείνου
1339 1630 1560 1702 σαρκῶν
1586 1629 1874 1700 ἐτέμνοντο

286 1723 552 1789 αὕλακες,
592 1723 690 1776 καὶ
733 1723 804 1776 τὰ
845 1722 1076 1776 πλεῖστα
1120 1721 1328 1775 τούτων
1379 1722 1663 1795 ἀφῃρεῖτο.
1699 1723 1792 1775 καὶ
1839 1723 1872 1793 ἠ

291 1816 446 1870 ἔνδον
500 1814 920 1884 παρεγυμνοῦτο
967 1813 1278 1883 διάπλασις,
1322 1814 1399 1878 ὡς
1457 1814 1595 1886 μηδὲ
1646 1815 1874 1870 ἀνεκτὸν

286 1906 596 1980 ἀνθρώπων
628 1907 928 1978 ὀφθαλμοῖς
957 1903 1099 1961 εἶναι
1128 1906 1333 1978 θέαμα.
1386 1905 1447 1961 Ὃ
1481 1906 1527 1959 δ’
1558 1908 1659 1960 ούκ
1699 1906 1870 1961 ἔπαθε

286 1999 391 2072 τὴν
424 1999 623 2070 ψυχὴν,
656 2000 757 2052 οὐκ
797 1998 1060 2070 ἡλλοίωσε
1102 1996 1199 2068 τὴν
1243 1999 1480 2071 μορφὴν,
1509 1999 1570 2052 ού
1608 1998 1873 2070 μετέϐαλε

286 2090 391 2162 τὴν
435 2089 641 2160 φωνὴν,
685 2088 748 2143 οὐ
798 2088 950 2160 ῥῆμα
1001 2086 1230 2142 ἐλεεινὸν
1260 2088 1433 2156 οὐδὲν,
1476 2089 1538 2143 οὐ
1573 2089 1874 2158 στεναγμὸν

287 2182 505 2251 ἀφῆκεν
542 2179 900 2250 ὁδυνωμένου.
938 2179 1079 2232 Ἀλλ’
1118 2178 1309 2250 ὥσπερ
1354 2177 1419 2250 δὴ
1450 2180 1560 2233 τῶν
1590 2194 1873 2250 παρεστη-

288 2272 467 2326 κότων
513 2272 608 2325 καὶ
661 2270 953 2340 θεωμένων
1001 2269 1245 2332 πλείονος
1297 2270 1497 2341 μᾶλλον
1532 2270 1695 2334 αὐτὸς
1737 2271 1873 2324 ἀπο-

1973 1079 2087 1146 cia,
2117 1078 2333 1149 abjccta
2386 1093 2618 1150 persona
2649 1095 2886 1151 praeses,
2919 1096 3081 1150 quam
3111 1081 3241 1137 olim
3291 1084 3342 1138 in
3375 1086 3551 1155 ipsum

1975 1172 2315 1243 parturiebat
2345 1170 2647 1238 insaniam,
2678 1186 2799 1226 eam
2828 1173 3081 1242 produxit
3105 1174 3159 1229 in
3195 1176 3425 1231 medium
3461 1198 3474 1233 :
3500 1190 3557 1234 et

1972 1280 2096 1320 cum
2127 1265 2415 1322 sublimem
2472 1280 2634 1336 super
2671 1266 2874 1335 lignum
2920 1267 3104 1323 statim
3154 1268 3414 1326 athletam
3455 1287 3553 1328 su-

1974 1358 2255 1414 smlissent
2301 1359 2392 1429 qui
2427 1359 2689 1423 aderant,
2735 1358 2878 1429 quod
2931 1360 2977 1416 is
3007 1362 3080 1415 ita
3125 1360 3409 1431 jussisset,
3435 1363 3555 1430 ejus

1973 1448 2144 1504 latera
2194 1449 2493 1518 laniabant,
2552 1461 2607 1507 et
2654 1451 3049 1521 acclamabant,
3109 1469 3181 1509 ne
3213 1454 3364 1524 jussa
3424 1470 3557 1510 con-

1977 1550 2243 1598 temneret
2291 1542 2655 1611 imperatoris.
2690 1542 2955 1601 Profundi
2997 1545 3181 1616 itaque
3215 1547 3352 1602 sulci
3394 1563 3555 1602 seca-

1974 1633 2174 1688 bantur
2204 1632 2257 1687 in
2290 1632 2436 1687 illius
2462 1634 2740 1701 carnibus,
2772 1643 2829 1688 et
2859 1649 3045 1690 earum
3078 1651 3273 1706 magna
3305 1652 3432 1707 pars
3454 1653 3554 1692 au-

1976 1723 2268 1797 ferebatur,
2312 1733 2367 1779 et
2411 1724 2584 1781 forma
2618 1725 2962 1787 internorum
3006 1728 3353 1799 aperiebatur
3382 1730 3557 1785 viscer

1975 1832 2115 1881 rum,
2138 1824 2197 1871 ut
2217 1832 2282 1873 nc
2308 1810 2585 1872 hominum
2606 1816 2821 1886 quidem
2850 1816 3021 1872 oculis
3044 1828 3188 1873 esset
3210 1818 3554 1874 tolerandum

1975 1909 2367 1978 spectaculum.
2402 1908 2492 1963 Ille
2526 1917 2706 1965 autem
2750 1923 2856 1969 non
2884 1916 2968 1964 est
2999 1909 3181 1964 animo
3211 1922 3518 1966 commotus
3538 1953 3553 1979 ,

1973 2013 2084 2053 non
2141 1997 2370 2053 mutavit
2406 1997 2677 2064 formam,
2731 2013 2837 2054 non
2896 2011 3127 2064 vocem,
3180 2015 3285 2054 non
3326 2002 3553 2057 verbum

1974 2090 2156 2147 emisit
2205 2090 2552 2157 miserabile,
2608 2106 2711 2144 non
2761 2090 3021 2161 gemitum
3076 2089 3196 2159 ejus
3227 2091 3318 2162 qui
3367 2092 3558 2148 dolore

1975 2185 2251 2238 cruciatur
2284 2202 2299 2238 :
2337 2184 2430 2240 sed
2455 2184 2683 2255 perinde
2709 2199 2772 2238 ac
2799 2184 2845 2238 si
2881 2192 3027 2239 esset
3061 2185 3308 2239 securior
3334 2185 3421 2250 iis,
3461 2186 3555 2256 qui

1976 2274 2204 2330 aderant
2223 2285 2279 2330 et
2302 2275 2831 2346 contemplabantnr,
2858 2284 2913 2330 et
2937 2275 3116 2329 minus
3141 2276 3367 2331 sentiret
3388 2290 3553 2346 quam

286 2362 474 2417 λαύων
496 2362 700 2429 ἁδείας,
721 2362 818 2417 καὶ¹
846 2361 956 2417 τῶν
981 2360 1271 2427 ξαινόντων
1298 2361 1481 2415 αὐτῶν
1501 2360 1774 2416 ἀπαθέστε
1782 2378 1873 2432 ρον

1976 2365 2074 2435 ipsi
2106 2366 2197 2438 qui
2227 2343 2538 2432 caedebant,
2554 2381 2752 2438 magno
2776 2368 2960 2423 animo
2991 2367 3184 2439 agebat
3212 2343 3421 2439 gratias
3448 2369 3556 2424 Dee

285 2452 657 2523 διακείμενος,
693 2451 933 2522 εὐγενῶς
967 2452 1205 2524 μάλιστα
1234 2454 1329 2513 καὶ
1362 2452 1754 2524 μεγαλοψύχως
1791 2452 1872 2524 τῷ

290 2543 611 2618 ἀγωνοθέτῃ
643 2543 763 2614 Θεῷ
794 2543 1141 2616 ηὐχαρίστει.

365 2638 455 2691 κ’.
497 2637 584 2699 Ὠς
616 2636 673 2689 δὲ
701 2637 891 2708 χρόνος
922 2635 1170 2706 ἐτρίϐετο
1197 2638 1265 2706 τῇ
1293 2634 1536 2707 τιμωρίᾳ
1558 2628 1745 2701 πολὺς,
1778 2636 1873 2690 καὶ

289 2731 555 2800 παρεῖντο
607 2727 704 2798 μὲν
752 2729 864 2789 τοῖς
902 2725 1128 2798 δημίοις
1164 2726 1220 2778 αἱ
1245 2726 1448 2795 χεῖρες,
1488 2725 1517 2776 ὁ
1565 2725 1772 2796 μάρτυς
1814 2724 1872 2778 δὲ

288 2819 392 2890 τὴν
418 2819 593 2889 αὐτὴν
634 2818 984 2872 ἐπεδείκνυτο
1010 2815 1387 2885 γενναιότητα,
1413 2814 1754 2885 ὑποχαλὸωαι
1779 2815 1871 2869 τὸν

286 2910 444 2965 τόνον
475 2908 641 2963 αὐτοῦ
684 2910 783 2979 τῆς
823 2908 1073 2980 ἀνδρείας
1117 2906 1440 2979 βουλόμενος
1472 2908 1500 2960 ὁ
1545 2906 1745 2977 ἄρχων,
1777 2907 1868 2978 Μὴ

289 3000 507 3073 νόμιζε,
542 2995 720 3065 εἶπεν,
753 2992 798 3053 ὦ
827 2996 1005 3065 οὗτος,
1030 2999 1128 3053 καὶ
1174 2999 1339 3052 αὑτὸν
1368 2998 1469 3068 ἐμὲ
1504 3000 1569 3068 τῇ
1602 2997 1871 3070 καρτερίᾳ

291 3092 626 3163 ὑπερϐαλεῖν
649 3110 663 3126 ο
689 3091 807 3146 ἀλλ’
836 3094 884 3145 εί
909 3093 1004 3146 καὶ
1031 3091 1092 3144 τὸ
1123 3091 1260 3145 πολὺ
1285 3090 1386 3159 τῆς
1415 3089 1567 3160 ὥρας
1599 3090 1797 3162 μικρόν
1815 3107 1870 3143 τι

294 3185 394 3249 τὰς
414 3184 597 3251 δεξιὰς
617 3186 816 3256 καμεῖν
834 3184 962 3247 τοὺς
985 3184 1269 3250 ξαίνοντας
1293 3180 1732 3254 παρεσκεύασεν,
1756 3183 1878 3239 ἀλλ’

292 3276 407 3345 ἐγὼ
446 3276 611 3331 πάλιν
660 3277 881 3347 ἑτέρους
917 3278 1370 3346 ἀντικαταστήσω
1418 3296 1502 3332 σοι
1542 3278 1792 3349 νεαροὺς,
1821 3276 1873 3330 οἶ

290 3370 354 3423 ού
382 3369 651 3440 πρότερον
681 3368 943 3437 ἀνήσουσι
977 3368 1270 3435 ξαίνοντες,
1305 3370 1434 3439 πρὶν
1461 3370 1527 3423 ἂν
1572 3372 1757 3442 γυμνά
1790 3387 1872 3424 σοι

298 3461 522 3533 σαρκῶν
567 3462 638 3517 τά
691 3463 827 3517 ὀστᾶ
873 3459 1238 3516 καταλίπωσι.
1266 3461 1377 3513 Καὶ
1431 3461 1631 3515 αὐτίκα
1684 3462 1871 3532 δήμιοι

295 3555 461 3609 πάλιν
492 3557 559 3610 ἐκ
610 3554 860 3626 διαδοχῆς
906 3553 997 3608 τὸν
1045 3553 1303 3625 μάρτυρα
1353 3554 1747 3625 περιστάντες,
1801 3552 1873 3606 τὰ

295 3648 459 3717 ὃμοια
478 3646 668 3700 τοῦτον
699 3646 793 3700 καὶ
820 3645 1004 3708 αὐτοῖς
1035 3648 1146 3709 τοῖς
1176 3645 1466 3715 προτέροις
1489 3644 1723 3711 ἐποίουν,
1768 3643 1871 3709 ἓως
1901 3688 1945 3750 C

296 3739 394 3794 καὶ
416 3740 599 3802 αὐτοῖς
630 3738 832 3808 δμοίως
861 3737 1044 3792 ἄτονοί
1070 3754 1131 3790 τε
1172 3738 1267 3791 καὶ
1303 3737 1551 3801 ἀσθενεῖς
1586 3738 1641 3791 αί
1691 3740 1876 3809 χεῖρες

296 3836 662 3903 κατέστησαν.
697 3830 757 3887 '0
786 3834 967 3889 τοίνυν
988 3832 1218 3904 ἀνόητος
1257 3833 1443 3904 ἄρχων
1467 3833 1698 3900 ἐκεῖνος,
1717 3832 1878 3887 τοῦτο

300 3926 401 3997 μὲν
421 3925 521 3979 τοῦ
553 3925 828 3997 μάρτυρος
851 3925 951 3998 τὴν
978 3925 1275 3997 καρτερίαν
1306 3926 1701 3995 καταπλαγεὶς,
1719 3927 1878 3980 τοῦτο

292 4015 351 4070 δὲ
382 4018 449 4087 τῇ
467 4016 654 4087 ἀτονίᾳ
676 4016 785 4070 τῶν
811 4017 1023 4087 δημίων
1047 4016 1455 4087 ὲπαισχυνθεὶς,
1484 4017 1876 4089 κατενεχθῆναι

296 4107 461 4161 αύτδν
485 4107 700 4162 κελεύει
745 4108 840 4162 τοῦ
885 4107 1070 4175 ξύλου.
1121 4108 1182 4163 '0
1220 4108 1277 4162 δὲ
1322 4105 1390 4181 ἧν
1433 4109 1544 4180 ἀρα
1592 4103 1703 4162 οἷον
1752 4108 1877 4164 οὔτε

297 4200 511 4270 δημίων
552 4199 680 4254 ἰδεῖν
704 4199 994 4272 ὀφθαλμοὶ,
1032 4198 1157 4253 οὔτε
1198 4202 1380 4272 χεῖρες
1422 4200 1698 4272 ὑπέμενον
1736 4201 1880 4272 ἄψα-

300 4291 462 4347 σθαι³
491 4292 820 4363 γεγύμνωτο
873 4293 971 4364 μὲν
1016 4293 1126 4363 γὰρ
1170 4294 1281 4347 τῶν
1326 4294 1548 4363 σαρκῶν
1584 4295 1738 4359 ὅλος,
1782 4293 1878 4349 καὶ

295 4384 505 4449 ταύτας
535 4386 791 4458 καθάπερ
827 4386 1040 4456 ἱμάτιον
1066 4386 1378 4450 ἀπδὲδυτο,
1413 4387 1559 4459 μόνῳ
1587 4387 1644 4441 δὲ
1669 4387 1879 4459 ἄνθρω-

297 4494 401 4541 πος
426 4478 568 4532 εἶναι
597 4477 676 4549 τῷ
700 4479 952 4550 πήγματι
981 4479 1093 4534 τῶν
1121 4478 1296 4533 ὀστῶν
1331 4478 1516 4549 ἐῴκει,
1542 4479 1877 4542 minutiem;

296 4570 494 4640 αἵματι
533 4571 941 4643 κεχρωσμένοις
983 4571 1298 4644 παράλογόν
1328 4590 1382 4625 τι
1416 4571 1618 4641 θέαμα,
1652 4572 1744 4626 καὶ
1777 4571 1879 4644 τὴν

294 4657 423 4728 ὄψιν
440 4658 668 4712 αὐτόθεν
688 4659 900 4729 ἰλίγγου
925 4660 1169 4731 πληροῦν
1192 4661 1508 4732 δυνάμενον.

1972 2460 2314 2528 σεοηυιιιοιω

2040 2643 2162 2699 XX.
2196 2644 2333 2700 Cum
2362 2658 2492 2699 vero
2528 2642 2580 2698 in
2619 2643 2740 2713 ejus
2778 2642 3048 2713 supplicio
3077 2644 3304 2700 multum
3343 2655 3552 2717 tempo-

1972 2733 2048 2789 ris
2073 2739 2515 2793 consumeretur.
2539 2741 2595 2786 et
2625 2732 2869 2787 remissae
2898 2733 3115 2801 quidem
3150 2745 3334 2789 essent
3365 2750 3555 2790 manus

1972 2824 2256 2881 lictoribus
2281 2864 2297 2891 ,
2331 2831 2543 2895 martyr
2577 2832 2759 2878 autem
2796 2824 3044 2879 eumdem
3078 2824 3274 2879 fortem
3305 2834 3360 2880 et
3388 2840 3556 2896 gene-

1970 2932 2156 2972 rosum
2202 2916 2511 2972 ostenderet
2550 2917 2790 2971 animum
2817 2957 2832 2983 ,
2883 2915 3072 2970 volens
3110 2930 3310 2985 praeses
3359 2916 3553 2972 dissol-

1973 3022 2099 3063 vere
2138 3007 2292 3063 fortis
2326 3008 2445 3078 ejus
2479 3007 2646 3061 animi
2690 3008 2895 3072 robur,
2933 3005 3086 3073 Noli,
3127 3008 3321 3076 inquit,
3376 3023 3410 3064 ο
3457 3017 3551 3069 tu.

1973 3099 2286 3153 existimare
2318 3095 2459 3165 fore,
2496 3110 2554 3153 ut
2589 3107 2642 3152 tu
2677 3113 2761 3153 me
2792 3112 3016 3169 superes
3055 3098 3375 3154 fortitudine
3408 3119 3423 3155 :
3459 3102 3555 3155 sed

1972 3192 2071 3248 etsi
2098 3191 2315 3261 longum
2345 3201 2559 3261 tempus
2578 3189 2843 3256 effecerit,
2868 3202 2925 3245 ut
2950 3205 3161 3257 eorum,
3194 3192 3289 3263 qui
3319 3192 3554 3258 caedunt,

1973 3281 2211 3338 dexterae
2237 3281 2348 3336 sint
2384 3296 2574 3351 parum
2623 3281 2869 3348 defessae,
2918 3290 2973 3335 at
3016 3296 3116 3353 ego
3145 3299 3339 3338 rursus
3365 3299 3554 3338 eorum

1977 3372 2097 3428 loco
2128 3371 2267 3428 alios
2301 3386 2496 3442 ponam
2540 3380 2806 3437 recentes,
2848 3372 2937 3440 qui
2973 3387 3080 3426 non
3118 3373 3268 3441 prius
3303 3381 3354 3428 te
3380 3389 3559 3430 cessio

1976 3464 2112 3519 bunt
2136 3463 2367 3529 caedere,
2397 3478 2557 3532 quam
2583 3463 2727 3517 nuda
2757 3463 3016 3518 carnibus
3040 3478 3167 3518 ossa
3202 3472 3289 3518 tua
3324 3465 3559 3535 relique-

1977 3555 2106 3609 rint.
2170 3553 2475 3625 Statimque
2527 3553 2746 3610 lictores
2810 3570 2878 3609 ex
2952 3556 3302 3615 successione
3364 3573 3556 3615 rursus

1978 3655 2272 3717 martyrem
2305 3645 2787 3712 circumsistentes,
2823 3646 2872 3702 ei
2906 3661 3121 3717 quoque
3156 3648 3355 3704 similia
3398 3648 3557 3704 facie-

1978 3736 2111 3792 bant
2144 3735 2453 3805 prioribus,
2495 3737 2666 3793 donec
2709 3740 2792 3792 eis
2829 3752 3042 3808 quoque
3075 3738 3328 3794 similiter
3361 3755 3557 3795 manus

1977 3828 2265 3884 imbecilla:
2321 3827 2539 3883 fuerunt
2595 3838 2651 3884 et
2710 3829 2956 3886 defessae.
3008 3830 3103 3886 ille
3168 3846 3299 3903 ergo
3359 3832 3558 3888 stultus

1977 3936 2204 3994 praeses,
2233 3921 2429 3994 partim
2456 3921 2674 3993 quidem
2703 3922 3003 3976 admiratur
3024 3923 3279 3992 martyris
3305 3932 3558 3979 constan-

1978 4015 2151 4080 tiam,
2185 4014 2382 4082 partim
2412 4022 2592 4069 autem
2637 4014 2843 4085 pudore
2877 4011 3103 4069 affectus
3148 4026 3369 4085 propter
3401 4015 3559 4071 licto-

1978 4121 2097 4160 rum
2149 4105 2616 4171 imbecillitatem,
2664 4105 2828 4175 jussit
2876 4120 3000 4160 eum
3030 4104 3226 4174 deponi
3282 4109 3348 4162 de
3391 4108 3537 4178 ligno

1976 4198 2073 4257 llle
2104 4213 2235 4253 vero
2265 4196 2389 4253 talis
2418 4205 2557 4263 erat,
2587 4197 2800 4267 qualem
2827 4211 2929 4253 nec
2959 4197 3101 4253 oculi
3124 4197 3375 4254 lictorum
3411 4201 3558 4269 aspi-

1978 4302 2138 4356 cere,
2173 4303 2356 4359 ueque
2387 4303 2581 4344 manus
2609 4289 2949 4344 sustinebant
2979 4297 3231 4361 tangere,
3264 4299 3381 4345 erat
3411 4290 3556 4345 enim

1976 4382 2202 4438 omnino
2248 4381 2482 4436 nudatus
2533 4380 2831 4445 carnibus,
2880 4380 3065 4447 eisque
3116 4391 3373 4450 tanquam
3408 4391 3556 4437 veste

1976 4485 2096 4534 erat
2134 4483 2377 4530 exutus:
2416 4473 2591 4528 solum
2637 4481 2819 4527 autem
2847 4481 3157 4542 propterea,
3188 4472 3330 4541 quod
3369 4484 3555 4528 essent

1975 4583 2098 4625 ossa
2134 4569 2260 4632 lixa,
2300 4567 2464 4622 homo
2501 4577 2625 4620 esse
2657 4563 2983 4632 videbatur;
3027 4578 3149 4636 quae
3191 4565 3305 4633 ipsa
3342 4580 3557 4633 quoque

1976 4670 2133 4719 erant
2162 4660 2298 4716 illita
2338 4658 2621 4728 sanguine,
2664 4657 2936 4726 quoddam
2980 4670 3178 4711 novum
3226 4665 3281 4712 et
3314 4656 3553 4711 alienum

1977 4753 2348 4824 spectaculum
2370 4790 2385 4817 ,
2424 4759 2479 4807 et
2515 4749 2662 4822 quod
2707 4750 2796 4804 vel
2833 4764 2901 4803 ex
2951 4761 3011 4803 se
3037 4747 3209 4817 possit
3243 4747 3459 4804 efﬁcere
3502 4760 3558 4804 ut

1977 4847 2214 4915 caligent
2244 4844 2402 4901 oculi.

367 4937 501 4995 ΚΝ.
544 4939 661 5009 Ἐφ’
699 4933 777 5004 οῖς
824 4940 887 4994 τὸ
916 4940 1196 5011 βιάζεσθαι
1235 4940 1331 4994 καὶ
1376 4940 1630 5006 κολάζειν
1659 4942 1871 5009 ἐκεῖνος

2049 4939 2195 4996 XXI.
2228 4937 2496 5006 Quocirca
2551 4950 2676 4990 cum
2717 4932 2807 4990 ille
2840 4932 3186 5003 desperasset
3228 4950 3287 4992 se
3316 4952 3476 5007 posse
3507 4939 3555 4992 ei

292 5032 705 5106 ἀπαγορεύσας,
735 5031 811 5097 ὡς
834 5033 987 5088 οὐδὲν
1006 5032 1156 5105 αὐτῷ
1179 5033 1348 5105 φανὲν
1381 5036 1674 5106 χρήσιμον,
1698 5037 1873 5092 πειθοὶ

1977 5032 2087 5086 vim
2114 5030 2312 5086 afferre
2335 5039 2393 5084 et
2418 5028 2710 5096 castigare,
2743 5035 2928 5098 utpote
2958 5026 3104 5100 quod
3131 5028 3180 5084 ei
3214 5029 3388 5085 visum
3411 5042 3557 5087 esset

226 5143 233 5148 ·
296 5126 437 5194 πρὸς
475 5126 638 5179 αὐτὸν
679 5122 835 5190 αὖθις
866 5127 1067 5197 ἐχρῆτο
1102 5127 1199 5181 καὶ
1235 5128 1575 5200 προσηνείᾳ·
1619 5130 1744 5196 καὶ,
1775 5130 1873 5184 Δύο

1979 5125 2188 5191 inutile,
2229 5124 2581 5196 persuasione
2626 5133 2818 5175 rursus
2864 5120 3004 5188 apud
3042 5135 3167 5175 eum
3215 5121 3471 5176 utebatur
3503 5132 3556 5176 et

296 5236 404 5285 σοι,
437 5218 644 5288 ἔλεγεν,
667 5213 714 5273 ὧ
732 5220 849 5289 Κλή
859 5237 956 5290 μη,
978 5219 1091 5273 τῶν
1114 5220 1435 5292 ἀνηκέστων
1462 5220 1667 5277 τούτων
1692 5223 1873 5279 κακῶν

1976 5220 2219 5283 lenitate,
2264 5225 2321 5272 et
2351 5234 2366 5271 :
2410 5213 2541 5269 Duae
2576 5211 2705 5278 tibi,
2753 5212 2966 5277 aiebat,
2996 5228 3029 5269 o
3065 5212 3361 5279 Clemens,
3404 5214 3557 5270 fuere

298 5311 594 5379 γεγόνασιν
626 5313 798 5377 αἴτια,
828 5313 1022 5383 φθόνος
1045 5313 1141 5367 καὶ⁵
1167 5312 1313 5384 ἔρις·
1342 5313 1457 5367 ἀλλ’
1489 5316 1519 5368 ὁ
1552 5314 1654 5385 μὲν
1683 5316 1873 5383 φθόνος

1976 5326 2155 5368 causa;
2190 5318 2468 5365 tantorum
2518 5304 2818 5371 malorum,
2854 5304 3058 5360 invidia
3105 5314 3162 5360 et
3208 5310 3488 5363 contentio
3537 5320 3555 5367 :

296 5420 383 5457 σοι
415 5404 566 5475 παρά
607 5404 707 5473 τῆς
739 5404 910 5475 τύχης
950 5404 1288 5476 ἀπήντησεν,
1321 5406 1446 5475 ἥτις
1487 5407 1581 5459 καὶ
1640 5405 1870 5475 βασκαί-

1981 5404 2074 5461 sed
2106 5404 2172 5457 ad
2215 5409 2268 5456 te
2312 5399 2528 5471 quidem
2561 5411 2591 5451 a
2634 5397 2851 5452 fortuna
2890 5398 3137 5465 pervenit
3169 5398 3368 5455 invidia
3389 5443 3404 5466 ,
3438 5416 3557 5468 qua:

294 5493 473 5549 νουσά
503 5510 586 5548 σοι
621 5495 838 5557 πάντως
864 5495 966 5547 οὐκ
996 5495 1063 5564 ἐᾷ
1101 5493 1244 5548 κατά
1281 5493 1409 5547 νοῦν
1440 5496 1639 5565 χωρεῖν
1688 5511 1771 5548 σοι
1800 5496 1869 5550 τὰ

1984 5497 2079 5551 tibi
2115 5492 2339 5549 omnino
2381 5489 2660 5556 invidens,
2694 5503 2798 5544 non
2842 5489 2974 5545 sinit
3007 5504 3094 5545 res
3122 5489 3220 5545 tibi
3264 5493 3556 5546 succedere

295 5585 625 5656 πράγματα.
666 5586 762 5639 Ἐκ
801 5584 860 5639 δὲ
901 5585 1116 5655 φύσεως
1140 5584 1203 5639 τὸ
1230 5584 1564 5655 φιλόνεικον·
1594 5584 1732 5656 αὕτη
1762 5588 1868 5657 γὰρ

1980 5604 2046 5644 ex
2072 5585 2364 5643 sententia.
2399 5584 2443 5637 Α
2477 5591 2670 5637 natura
2700 5589 2879 5637 autem
2911 5590 2992 5636 est
3017 5581 3111 5636 tibi
3139 5583 3414 5638 contentio
3447 5601 3460 5636 :
3491 5596 3556 5637 ea

298 5679 379 5739 ei;
411 5678 641 5749 ἄκαιρόν
695 5695 755 5734 σε
807 5678 970 5735 πάλιν
1014 5677 1364 5749 ὐποθήγουσα
1401 5678 1549 5744 ἔριν,
1585 5680 1871 5751 πεισθῆναι

1976 5682 2122 5738 enim
2162 5688 2214 5735 te
2265 5679 2329 5732 ad
2362 5674 2796 5745 intempestivam
2845 5687 3031 5729 rursus
3081 5672 3230 5727 litem
3282 5674 3557 5740 inci-laus,

298 5770 433 5839 ἡμῖν
465 5769 742 5841 ἀπείργει,
781 5771 873 5826 καὶ
902 5771 989 5827 διὰ
1034 5769 1191 5826 τοῦτο
1234 5772 1423 5834 κακοῖς
1456 5769 1555 5840 μιν
1608 5787 1667 5825 σε
1708 5786 1866 5840 περι-

1976 5769 2222 5840 prohibet
2263 5767 2556 5839 quominus
2592 5762 2756 5825 nobis
2799 5778 3025 5835 parcas;
3053 5773 3105 5819 et
3151 5763 3272 5821 idco
3319 5763 3373 5819 in
3412 5765 3566 5821 mala
