3832 6532
337 359 439 427 8'31

1582 364 1863 427 MENSIS
1901 363 2362 427 JANUARIUS.

3507 358 3635 422 832

338 484 394 530 te
421 474 655 546 coniecit
684 482 966 542 extrema;
1009 477 1223 550 magnis
1250 488 1432 536 autem
1465 480 1700 552 privarit
1736 493 1925 535 mune-

2051 477 2264 548 ἰέὄληκε
2294 478 2408 541 τοῖς
2431 475 2683 547 ἐσχάτοις
2705 492 2720 508 ’
2756 475 3014 547 μεγάλων
3039 473 3097 528 δὶ
3123 472 3473 545 ἀπεστέρησε
3513 471 3638 525 δω-

338 567 514 633 ribus,
546 581 667 637 qua:
713 580 837 621 eras
866 579 1284 638 consecuturus,
1318 572 1364 627 si
1412 570 1685 628 voluisses
1732 573 1926 627 cedere

329 663 506 733 jussni
557 662 927 734 imperatoris.
958 663 1059 720 Vel
1088 665 1270 735 potius
1314 666 1411 722 tibi
1445 681 1666 740 quoque
1704 664 1924 723 fortuna

336 759 523 828 injecit
578 759 1027 827 contentionem,
1079 758 1267 816 volens
1318 761 1415 816 tibi
1462 761 1610 818 omni
1654 776 1722 817 ex
1771 770 1928 832 parte

338 852 637 918 adversari,
670 862 722 908 et
754 862 844 907 tua
874 867 1092 923 semper
1121 853 1472 911 labefactare.
1508 852 1616 910 Sed
1651 853 1734 910 vel
1763 855 1927 911 breve

253 993 263 1010 ,
341 943 556 1013 aliquod
592 955 927 1000 momentum
966 947 1227 1017 temporis
1256 962 1419 1018 parce
1449 950 1650 1005 misero
1680 948 1923 1018 corpori,

339 1046 389 1091 et
445 1038 591 1104 noli,
631 1037 759 1091 dum
810 1037 867 1091 in
917 1052 976 1092 re
1015 1053 1156 1093 vana
1197 1039 1279 1095 vis
1320 1041 1609 1095 ostendere
1647 1040 1924 1111 egregiam

339 1127 506 1182 animi
544 1127 933 1196 constantiam,
971 1128 1321 1184 immaturam
1362 1141 1597 1187 mortem
1632 1141 1685 1187 et
1718 1130 1927 1188 violen-

341 1230 448 1277 tam
481 1222 688 1277 subire.

412 1314 576 1371 XXII.
634 1317 716 1373 Ad
753 1316 870 1374 haec
897 1316 1152 1374 Clemens
1183 1314 1561 1383 admirabilis,
1598 1315 1734 1372 alias
1783 1315 1928 1373 illius

341 1421 514 1474 nugas
561 1421 630 1462 ne
664 1406 945 1461 minimum
991 1407 1208 1477 quidem
1239 1421 1476 1473 curans,
1506 1405 1609 1461 hoc
1661 1406 1711 1460 ei
1749 1406 1924 1463 solum

341 1498 622 1567 respondit
674 1516 689 1553 :
725 1497 859 1565 Quae
890 1498 1019 1552 mihi
1073 1513 1103 1552 a
1139 1508 1190 1553 te
1223 1512 1371 1552 mors
1403 1505 1486 1553 est
1535 1495 1807 1553 all'erenda
1832 1537 1849 1564 ,
1893 1511 1927 1552 o

336 1588 537 1660 judex,
593 1599 646 1644 et
695 1589 908 1659 corpori
957 1588 1210 1644 interitus
1246 1589 1594 1655 vacuitatem,
1637 1600 1692 1645 et
1731 1589 1928 1645 animat

340 1680 505 1735 elIicit
544 1681 1046 1748 ,immonalitatem.
1102 1683 1169 1737 Et
1235 1682 1372 1750 ltoe,
1423 1683 1599 1754 inquit
1643 1683 1922 1750 vicarius,

339 1773 563 1827 omnino
610 1780 693 1828 est
744 1783 940 1830 vestrae
985 1774 1263 1842 stultitim,
1300 1776 1349 1831 id
1390 1776 1537 1847 quod
1574 1786 1657 1831 est
1690 1776 1921 1841 bonum,

2031 569 2211 642 ρεῶν,
2258 561 2334 623 ὢν
2389 567 2685 622 ἀπολαύειν
2737 567 2966 639 ἔμελλες
3013 567 3102 634 ἂν,
3150 567 3199 621 εί
3245 563 3323 636 τῷ
3354 562 3641 636 βασιλικῷ

2030 662 2280 717 ὑπείκειν
2315 660 2538 716 ἐδούλου
2572 661 3000 732 προστάγματι·
3055 658 3256 731 μᾶλλον
3288 657 3347 712 δέ
3393 673 3477 710 σοι
3525 653 3639 711 καὶ

2028 755 2129 826 τὴν
2153 753 2271 828 ἔριν
2295 756 2328 827 ἡ
2359 752 2498 826 τύχη
2523 754 2779 810 ἐνέϐαλεν
2806 751 3184 809 ἐναντιοῦσθαί
3219 768 3300 806 σοι
3336 747 3633 820 πανταχοῦ

2029 848 2126 904 καὶ
2172 848 2430 918 σφάλλειν
2483 848 2572 902 ἀεὶ
2609 847 2678 903 τά
2717 848 2787 903 σά
2837 845 3161 918 βουλομένη.
3226 843 3389 898 Ἀλλά
3433 844 3631 912 φεῖσαι

2028 939 2134 996 κᾶν
2168 939 2431 1013 βραχεῖαν
2478 938 2677 1012 καιροῦ
2720 940 2896 1011 ῥοπὴν
2927 937 3024 992 τοῦ
3064 936 3250 993 ἀθλίου
3292 952 3387 990 σου
3420 933 3626 989 τούτου

2030 1032 2302 1105 σώματος,
2328 1034 2423 1088 καὶ
2464 1032 2541 1105 μὴ
2578 1031 2657 1104 τῷ
2689 1030 2976 1103 βούλεσθαι
3025 1027 3227 1100 δῆθεν,
3264 1027 3359 1082 ἐπὶ
3399 1023 3627 1097 ματαίῳ

2032 1125 2375 1199 παράστημα
2423 1127 2675 1196 γενναῖον
2722 1120 2991 1188 ἐπιδεῖξαι
3025 1121 3227 1194 ψυχῆς,
3255 1120 3437 1191 ἄωρον
3481 1118 3629 1172 ὑποο

2031 1219 2163 1290 στῇς
2189 1216 2333 1271 οῦτω
2360 1218 2458 1272 καὶ
2493 1216 2803 1288 βιαιότατον
2836 1215 3085 1271 θάνατον.

2101 1308 2232 1365 KB’.
2267 1310 2412 1382 Πρὸς
2436 1309 2613 1366 ταῦτα
2632 1308 3000 1380 ό,θαυμαστδς
3015 1306 3275 1379 Κλήμης,
3301 1302 3413 1359 τῶν
3441 1303 3630 1359 ἄλλων

2029 1403 2238 1459 ἑκείνου
2271 1404 2459 1476 λήρων
2505 1403 2642 1475 μηδὲ
2692 1403 2850 1473 ὀλίγα
2895 1399 3213 1470 φροντίσας,
3271 1397 3429 1452 τοῦτο
3479 1395 3628 1468 πρὸς

2030 1495 2196 1550 αὐτὸν
2227 1496 2564 1567 ἀπεκρίνατο
2589 1494 2775 1566 μόνον,
2806 1492 2882 1558 ὡς
2915 1492 2979 1546 '0
3018 1489 3168 1562 παρά
3201 1488 3296 1544 σοῦ
3334 1506 3426 1560 μοι
3455 1487 3629 1542 θάνα-

2028 1606 2143 1655 τος,
2185 1582 2231 1644 ὦ
2276 1587 2537 1656 δικαστά,
2574 1588 2669 1643 καὶ
2714 1588 2795 1659 τῷ
2853 1584 3071 1657 σώματι
3126 1582 3467 1656 ἀφθαρσίαν,
3522 1581 3630 1636 καὶ

2028 1680 2330 1736 ἀθανασίαν
2375 1681 2476 1753 τῆς
2520 1680 2701 1753 ψυχῆς
2749 1677 3173 1751 κατεργάζεται.
3232 1677 3345 1731 Καὶ
3388 1679 3416 1730 6
3459 1674 3630 1747 βικά-

2035 1789 2170 1845 ριος,
2206 1773 2319 1829 Καὶ
2348 1773 2531 1839 τοῦτο,
2588 1772 2745 1844 φησὶ,
2783 1772 2883 1841 τῆς
2920 1769 3192 1842 ὑμετέρας
3228 1768 3445 1832 πάντως
3497 1785 3629 1837 μω-

340 1875 514 1931 nsque
539 1861 673 1918 adeo
697 1863 950 1935 ignorare
971 1873 1025 1920 et
1056 1866 1353 1937 negligere,
1385 1878 1517 1923 utet
1546 1868 1757 1923 dulcem
1786 1870 1927 1925 bane

2051 1863 2176 1931 ›ίας,
2204 1868 2268 1920 τὸ
2302 1867 2397 1920 καί
2416 1864 2646 1938 ἀμαθῶς
2676 1865 2821 1936 ἔχειν
2854 1864 2947 1918 καὶ
2989 1861 3272 1933 ὀλιγώρως
3300 1860 3629 1917 παντάπασι

339 1955 539 2020 lucem,
569 1956 971 2028 benignumque
994 1968 1049 2015 et
1082 1958 1264 2016 l:etum
1300 1960 1428 2015 illud
1463 1971 1696 2026 astrum,
1734 1977 1930 2033 nempe

341 2047 534 2112 solem,
567 2064 687 2118 qua:
719 2050 785 2103 ad
810 2049 915 2104 frui
936 2049 1102 2105 udum
1125 2061 1180 2105 et
1213 2067 1311 2107 nos
1335 2053 1688 2108 oblectandus
1714 2054 1789 2108 dii
1831 2069 1931 2108 no-

339 2138 426 2193 bis
458 2152 870 2208 concesserunt,
899 2159 998 2214 spe
1041 2143 1276 2214 alicujus
1303 2144 1528 2202 alterius
1557 2146 1778 2201 incerta:
1810 2146 1930 2200 vitm

342 2231 627 2288 amittatis.
674 2230 890 2288 Etenim
945 2235 990 2289 si
1042 2251 1232 2291 rursus
1272 2237 1326 2291 in
1367 2238 1557 2292 eadem
1606 2252 1930 2308 permaneas

298 2324 305 2329 ’
342 2322 741 2388 inobedieutia,
799 2327 1079 2399 acceperis
1121 2329 1339 2399 quidem
1371 2330 1605 2400 aliquam
1647 2332 1866 2387 brevem
1897 2347 1928 2387 a

342 2417 629 2472 tormentis
659 2417 999 2486 dilationem,
1031 2436 1100 2476 ne
1133 2430 1239 2476 tam
1280 2423 1692 2479 vehementibus
1716 2423 1929 2495 suppli-

341 2507 443 2563 ciis
484 2509 579 2563 tibi
621 2525 822 2580 corpus
859 2511 1225 2581 defatigetnr;
1261 2514 1359 2571 sed
1389 2515 1503 2571 haec
1534 2516 1785 2571 remissio
1824 2516 1930 2572 erit

342 2595 440 2652 tibi
471 2598 630 2668 paulo
660 2611 777 2670 post
800 2617 969 2658 eausa
1005 2604 1268 2674 majorum
1302 2605 1605 2674 malorum;
1632 2615 1687 2662 et
1717 2622 1837 2662 cum
1876 2616 1929 2664 te

341 2703 511 2760 parvo
550 2700 795 2762 tempore
826 2694 1141 2765 collegeris,
1184 2697 1393 2769 magnis
1436 2715 1625 2756 rursus
1656 2709 1711 2756 et
1761 2700 1928 2756 variis

342 2782 576 2837 traderis
635 2786 918 2854 suppliciis
977 2806 993 2842 :
1046 2805 1318 2859 quorum,
1376 2800 1435 2846 ut
1498 2792 1630 2848 mihi
1691 2793 1926 2862 videtur,

340 2874 522 2929 anima
551 2890 767 2946 quoque
791 2894 822 2933 e
865 2894 1094 2950 corpore
1128 2884 1421 2947 excedens,
1451 2899 1673 2941 sensum
1710 2885 1931 2943 habebit

340 2967 693 3024 acerrimum.
733 2969 940 3043 Martyr
996 2981 1176 3027 autem
1240 2992 1255 3031 ι
1297 2975 1465 3042 Solis,
1502 2975 1701 3047 inquit,
1743 2977 1928 3045 minis,

341 3067 402 3111 ut
433 3059 672 3123 videtur,
702 3069 756 3117 et
782 3063 945 3120 nudis
982 3066 1161 3120 verbis
1191 3066 1465 3137 polliceris
1493 3071 1626 3124 mihi
1660 3080 1710 3126 te
1742 3071 1932 3141 imple-

2033 1959 2127 2013 τοῦ
2157 1958 2346 2026 καλοῦ,
2376 1959 2452 2023 ὡς
2485 1957 2578 2013 καὶ
2602 1958 2663 2013 τὸ
2688 1957 2860 2027 γλυκὺ
2886 1956 3044 2010 τοῦτο
3074 1955 3190 2026 φῶς
3221 1954 3317 2009 καὶ⁸
3346 1953 3630 2024 προσηνὲς

2032 2053 2127 2105 καὶ
2157 2052 2384 2123 φαιδρὸν
2422 2050 2625 2123 ἄστρον
2658 2050 2835 2105 ἐκεῖνο
2864 2048 2957 2103 τὸν
2990 2048 3163 2119 ἥλιον,
3196 2046 3342 2119 ἆπερ
3374 2047 3453 2109 είς
3480 2044 3630 2099 ἀπόο

2032 2140 2226 2194 λαυσιν
2259 2140 2357 2194 καὶ
2389 2139 2585 2213 τέρψιν
2630 2139 2960 2211 ἐχαρίσαντο
3002 2139 3136 2210 ἡμῖν
3176 2139 3225 2190 οἱ
3283 2136 3416 2200 θεοὶ,
3443 2134 3630 2190 ἑλπίδι

2032 2230 2177 2295 τινος
2218 2232 2412 2303 ἐτέρας
2448 2232 2647 2302 ἀδήλου
2694 2230 2841 2301 ζωῆς
2879 2229 3114 2300 ἑτοίμως
3166 2225 3478 2299 προΐεσθαι.
3506 2225 3629 2280 Καὶ

2032 2325 2139 2397 γάρ
2170 2327 2311 2397 είτῇ
2344 2325 2485 2396 αύτῇ
2529 2325 2624 2379 καὶ
2658 2323 2822 2380 πάλιν
2865 2322 3148 2395 ὲπιμένοις
3175 2320 3449 2393 ἀπειθείᾳ,
3484 2319 3629 2391 βρα-

2032 2421 2187 2490 χεῖαν
2237 2418 2340 2488 μέν
2373 2435 2497 2472 τινα
2535 2415 2723 2482 λάϐοις
2758 2417 2826 2472 ἂν
2858 2415 2968 2470 τῶν
3017 2415 3267 2487 βασάνων
3306 2412 3625 2482 ἀνακωχῆν,

2035 2509 2185 2573 ὅπως
2223 2507 2299 2581 μὴ
2334 2507 2695 2581 ἀπαγορεύσῃ
2733 2525 2826 2561 σου
2862 2507 2923 2560 τὸ
2974 2506 3135 2577 σῶμα
3182 2508 3302 2570 ταῖς
3346 2501 3631 2566 συντόνοις

2032 2601 2341 2665 κολάσεσιν,
2379 2601 2495 2656 ἀλλ’
2538 2603 2573 2672 ἠ
2600 2599 2825 2673 τοιαύτη
2868 2599 3021 2655 ἄδεια
3054 2599 3320 2671 μειζόνων
3351 2613 3437 2651 σοι
3472 2595 3631 2648 ultio.

2035 2694 2224 2750 κακῶν
2254 2694 2379 2749 ὅσον
2419 2692 2575 2748 οῦπω
2616 2695 2931 2765 γενήσεται,
2967 2693 3063 2747 καὶ
3099 2692 3297 2764 μικρόν
3335 2706 3458 2742 τινα
3493 2688 3630 2758 χρό-

2033 2806 2123 2845 νον
2152 2786 2441 2842 ἀναλαὸὼν
2483 2788 2698 2854 ἑαυτὸν,
2734 2786 2999 2859 μεγάλαις
3030 2780 3187 2848 αὖθις
3228 2782 3325 2837 καὶ
3356 2779 3626 2851 πολυτρῶ

2032 2899 2157 2947 ποις
2186 2881 2455 2952 ἐκδοθήσῃ
2500 2882 2620 2947 ταῖς
2666 2880 2987 2952 τιμωρίαις,
3024 2875 3122 2944 ὧν,
3172 2877 3300 2944 ἐμοὶ
3347 2874 3551 2939 δοκεῖν,
3588 2875 3625 2944 ἡ

2032 2975 2181 3047 ψυχὴ
2216 2975 2310 3031 καὶ
2349 2974 2444 3028 τοῦ
2475 2975 2731 3046 σώματος
2763 2972 3105 3045 ὲκδημοῦσα,
3139 2969 3339 3040 πολλὴν
3379 2968 3491 3034 ’ἐξει
3522 2968 3629 3039 τὴν

2032 3066 2308 3139 αἴσθησιν.
2353 3068 2514 3122 Καὶὸ
2548 3068 2779 3139 μάρτυς·
2820 3065 3071 3136 Ἀπειλῇ,
3103 3065 3291 3134 φησὶν,
3333 3062 3411 3126 ὡς
3455 3061 3624 3126 ἔοικε,

345 3157 526 3204 turum
565 3167 649 3219 ca,
685 3170 808 3224 quae
835 3156 1108 3213 desidero.
1144 3158 1413 3215 Caeterum
1456 3177 1578 3217 cum
1609 3163 1752 3218 scias
1780 3178 1927 3234 quae-

2051 3159 2177 3233 ιόνῃ
2208 3159 2304 3216 καὶ
2331 3158 2476 3231 ψιλῷ
2530 3159 2742 3232 ῥήματι
2778 3158 3024 3228 πληροῦν
3051 3155 3364 3227 ἐπαγγέλλῃ
3411 3171 3502 3225 μοι
3556 3154 3625 3208 τά

341 3251 468 3292 nam
501 3240 572 3296 sit
612 3244 746 3298 mihi
797 3248 1060 3302 sententia
1086 3287 1103 3313 ,
1156 3248 1267 3304 noli
1314 3264 1486 3321 usque
1536 3252 1603 3307 ad
1641 3254 1803 3310 verba
1842 3271 1928 3311 so-

2051 3252 2370 3324 τοθούμενα.
2414 3252 2564 3324 Πλὴν
2607 3252 2746 3307 ἀλλά
2784 3252 2950 3307 ὁποῖά
2999 3268 3088 3322 μοι
3139 3252 3208 3304 τὰ
3254 3249 3355 3320 τῆς
3394 3247 3628 3318 γνώμης

339 3331 456 3387 lum
502 3335 732 3401 sistere,
771 3340 866 3394 sed
911 3340 1007 3396 tibi
1052 3343 1119 3399 ad
1148 3358 1282 3413 opus
1315 3344 1680 3414 perducantur
1708 3350 1929 3415 omnia,

347 3435 405 3481 et
438 3440 467 3480 a
497 3427 642 3482 nulla
676 3442 735 3484 re
761 3430 1042 3490 abstineas
1063 3474 1080 3502 ,
1111 3450 1233 3507 quae
1261 3436 1336 3493 sit
1365 3453 1562 3510 aspera
1594 3452 1648 3496 et
1677 3438 1928 3498 difﬁcilis.

413 3607 605 3666 XXIII.
647 3610 801 3670 Tunc
829 3613 976 3671 ferus
1003 3616 1094 3672 ille
1124 3626 1179 3673 et
1204 3618 1430 3676 immitis
1460 3622 1528 3677 ab
1559 3621 1637 3677 ira
1671 3634 1931 3680 consueta

342 3702 631 3775 abripitur,
677 3714 733 3761 et
787 3724 909 3762 cum
965 3710 1243 3766 dixisset:
1298 3711 1464 3770 Plane
1529 3716 1929 3772 contentiosum

344 3794 542 3849 animal
575 3806 657 3851 est
698 3797 860 3853 homo
895 3799 1018 3865 iste,
1072 3817 1236 3873 genas
1284 3813 1338 3858 et
1372 3818 1435 3860 os
1462 3802 1616 3873 jubet
1649 3806 1699 3861 ei
1738 3808 1933 3864 verbe-

344 3888 475 3941 rari.
513 3886 647 3942 Nam
671 3891 951 3959 quoniam,
988 3892 1186 3964 inquit.
1213 3896 1329 3952 hrec
1365 3896 1483 3952 sola
1535 3913 1662 3966 pars
1684 3901 1932 3970 corporis

344 3979 608 4034 remansit
631 3981 854 4038 minime
882 3982 1074 4040 all'ecta
1105 3987 1389 4058 supplicio,
1422 3989 1634 4045 dicendi
1664 3993 1834 4055 utitur
1863 3993 1932 4049 li-

341 4068 578 4128 bertate.
626 4073 867 4131 Patiatur
908 4092 1038 4150 ergo
1087 4081 1204 4137 haec
1239 4096 1456 4152 quoque
1488 4083 1741 4142 similiter
1769 4098 1934 4160 atque

344 4161 465 4220 alia;
503 4176 690 4235 partes
736 4171 1003 4238 corporis.
1045 4171 1352 4244 Statimque
1389 4193 1454 4234 ex
1505 4180 1806 4247 lictoribus,
1840 4183 1933 4254 qui

346 4268 507 4313 erant
534 4259 749 4329 quidem
793 4261 955 4333 paulo
991 4262 1368 4334 humaniores,
1417 4269 1508 4326 alii
1557 4271 1773 4342 quidem
1804 4289 1931 4331 eum

345 4346 478 4405 solis
505 4350 756 4406 manibus
788 4355 1180 4425 verberabant,
1214 4359 1306 4413 alii
1355 4371 1537 4418 autem
1570 4365 1735 4420 etiam
1764 4367 1933 4423 susti-

345 4440 571 4508 nebant,
601 4451 658 4497 ut
688 4445 779 4514 qui
816 4446 1235 4507 lacerat-ionibus
1270 4452 1383 4523 jam
1430 4465 1577 4511 esset
1613 4457 1927 4528 dissolutus,

2032 3343 2212 3410 εἰδὼς,
2266 3344 2342 3417 μὴ
2400 3344 2566 3418 μέχρι
2627 3345 2893 3417 ῥημάτων
2957 3343 3311 3414 ίσασόμενον,
3374 3339 3491 3395 ἀλλ’
3544 3343 3628 3403 εἰς

2031 3437 2196 3510 ἔργον
2243 3439 2573 3509 προαγέσθω
2622 3456 2706 3495 σοι
2755 3437 2956 3506 πάντα,
2996 3437 3093 3493 καὶ
3131 3435 3361 3508 μηδενὸς
3413 3432 3625 3504 ἀπέχου

2031 3530 2145 3585 τῶν
2174 3531 2451 3603 χαλεπῶν.

2108 3625 2237 3684 KI".
2286 3625 2555 3682 Ἐνταῦθα
2606 3625 2701 3681 τοῦ
2757 3625 3024 3695 συνήθους
3081 3622 3244 3678 πάλιν
3290 3625 3319 3678 6
3348 3619 3628 3694 θηριώδης

2033 3720 2243 3785 ικεῖνος
2260 3719 2352 3774 καὶ
2376 3717 2593 3789 ἀπηνὴς
2617 3716 2790 3788 θυμοῦ
2813 3717 3021 3786 γίνεται
3042 3716 3157 3780 καὶ,
3178 3714 3270 3769 Μὰ
3290 3715 3420 3778 τοὺς
3444 3712 3624 3777 θεοὺς,

2038 3813 2344 3883 φιλόνεικον
2390 3810 2530 3876 ζῶον
2567 3811 2596 3863 6
2626 3810 2916 3881 ἅνθρωπος
2956 3800 3135 3873 οὗτος,
3183 3805 3379 3872 εἰπὼν,
3423 3806 3631 3859 τύπτε-

2037 3906 2165 3961 σθαι
2194 3904 2358 3959 αὐτὸν
2397 3901 2613 3956 κελεύει
2639 3901 2786 3957 κατά
2816 3899 2924 3955 τῶν
2956 3898 3202 3972 παρειῶν
3240 3898 3337 3953 καὶ
3374 3897 3470 3952 τοῦ
3503 3896 3629 3949 στό-

2039 4013 2231 4070 ματος.
2261 3995 2386 4048 Ὅτι
2420 3993 2553 4065 γάρ,
2601 3992 2790 4065 φησιν,
2823 3988 3176 4062 ἀτιμώρητον
3213 3986 3363 4059 αύτῷ
3391 3985 3486 4042 τοῦ
3516 3985 3629 4039 σώο

2039 4106 2210 4161 ματος
2256 4086 2417 4142 τοῦτο
2487 4083 2820 4157 κατελείφθη
2876 4083 3063 4155 μόνον,
3134 4080 3579 4153 παρρησιάζεται
3607 4094 3625 4109 ⁸

2037 4180 2303 4253 πασχέτω
2351 4177 2446 4235 οὖν
2490 4180 2591 4234 καὶ
2633 4177 2766 4233 αὐτὸ
2809 4177 2889 4249 τῷ
2935 4173 3111 4248 λοιπῷ
3171 4173 3388 4245 σώματι
3444 4188 3630 4244 παρα-

2038 4275 2266 4344 πλήσια.
2299 4273 2411 4327 Καὶ
2433 4272 2635 4326 αὐτίκα
2661 4270 2773 4325 τῶν
2804 4268 3019 4341 δημίων
3060 4270 3186 4323 ὅσον
3218 4266 3283 4338 δὴ
3308 4265 3406 4320 καὶ
3435 4265 3631 4335 φιλαν-

2038 4365 2389 4439 θρωπότερον
2417 4358 2509 4435 ἦν,
2531 4364 2580 4417 οἱ
2618 4363 2719 4435 μὲν
2747 4364 2870 4426 ταῖς
2912 4361 3103 4433 χερσὶν
3141 4359 3377 4413 ἔτυπτον
3411 4359 3627 4430 μόναις,

2037 4460 2089 4513 οί
2113 4457 2171 4513 δὲ
2204 4457 2300 4511 καὶ
2327 4456 2545 4527 ἀνεῖχον
2578 4453 2944 4524 ἐκλελυμένον
2985 4450 3093 4506 ὑπὸ
3125 4450 3236 4506 τῶν
3273 4449 3495 4520 ξεσμῶν
3522 4450 3628 4521 ήδη

344 4541 401 4586 et
429 4533 496 4587 ad
530 4542 728 4590 terram
760 4536 1030 4596 ditllueret
1069 4558 1085 4597 :
1122 4554 1389 4615 quotquot
1434 4562 1565 4604 vero
1611 4550 1928 4609 audaciores

2051 4550 2132 4604 ut
2154 4548 2295 4619 πρὸς
2325 4547 2431 4618 γῆν
2474 4545 2885 4619 καταρρέονταο
2917 4544 3035 4598 ὅσοι
3076 4541 3135 4597 δὲ
3163 4541 3495 4613 θρασύτεροι
3534 4543 3633 4596 καὶ

344 4634 502 4678 erant
544 4632 600 4680 et
623 4628 986 4694 crudeliores,
1018 4630 1289 4703 lapidibus
1321 4651 1536 4708 quoque
1564 4638 1618 4692 in
1651 4654 1774 4696 eum
1816 4651 1936 4697 ute-

344 4713 567 4786 bantur,
592 4728 648 4774 et
667 4719 734 4775 iis
760 4720 890 4777 illud
919 4724 1215 4780 veridicum
1244 4730 1501 4800 martyris
1528 4745 1591 4787 os
1620 4732 1929 4801 pulsabant.

345 4807 550 4882 Martyr
595 4823 800 4880 autem,
845 4814 1057 4889 Magno,
1088 4819 1287 4890 inquit,
1317 4837 1406 4878 me
1437 4823 1641 4879 honore
1673 4825 1927 4896 all'eeisti,

343 4916 379 4956 ο
428 4912 690 4974 tyranne,
754 4921 975 4977 magno,
1012 4908 1256 4980 inquam,
1288 4911 1516 4970 all‘ecisti
1560 4915 1786 4984 honore,
1819 4934 1928 4975 non

344 4996 632 5065 supplicio.
683 4996 967 5063 Quomodo
994 5001 1138 5057 enim
1185 5018 1294 5059 non
1325 5013 1411 5060 est
1436 5005 1613 5063 honor
1638 5022 1819 5079 servo,
1847 5011 1930 5068 di-

342 5102 508 5156 gnum
542 5087 755 5155 haberi,
782 5090 876 5160 qui
903 5091 1094 5149 eadem
1122 5098 1462 5167 perpetiatur
1488 5114 1609 5170 qua:
1640 5099 1926 5171 Dominus,

342 5189 394 5232 et
428 5178 587 5249 primi
641 5178 716 5236 illi
756 5182 1029 5251 passionis
1069 5186 1205 5242 socii
1238 5197 1293 5243 et
1332 5191 1642 5262 martyres?
1677 5192 1932 5264 Colaphis

340 5284 559 5342 quoque
588 5285 761 5332 caesus
809 5286 895 5333 est
932 5277 1114 5335 vultus
1162 5281 1266 5336 mei
1300 5281 1536 5351 Donnini,
1570 5295 1626 5342 et
1662 5285 1931 5357 lapidibus

340 5359 445 5417 fuit
475 5363 835 5434 interemptus
863 5366 1197 5441 Stephanus.
1222 5374 1347 5432 Haec
1374 5392 1591 5449 quoque
1621 5379 1754 5434 mihi
1784 5395 1930 5437 nunc

342 5471 600 5527 magnum
624 5457 793 5518 decus
821 5471 877 5519 et
904 5474 1285 5523 ornamentum
1314 5466 1568 5525 atl‘erunt.
1600 5470 1768 5527 Levat
1798 5474 1931 5528 mihi

341 5548 586 5608 laborem
629 5554 897 5625 passionis
940 5558 1206 5628 imitatio;
1234 5560 1392 5617 sedat
1415 5562 1544 5618 mihi
1569 5564 1832 5632 dolorem,
1861 5565 1929 5622 iis

343 5643 438 5714 qui
456 5653 586 5702 sunt
606 5661 693 5703 me
710 5651 1144 5720 praestantiores,
1163 5653 1217 5708 in
1242 5653 1449 5711 honore
1472 5657 1774 5728 aequalitas.
1804 5655 1931 5715 llaec

343 5734 582 5807 dicebat,
610 5749 664 5796 et
692 5740 762 5798 ad
785 5758 942 5799 suum
966 5743 1361 5816 Agonotbetam
1390 5746 1704 5821 frequenter
1735 5750 1929 5809 tollens

342 5829 552 5905 oculos,
582 5834 887 5896 vehementi
918 5839 1095 5899 studio
1130 5840 1566 5919 agebatgratias.

2040 4641 2341 4712 ὠμότεροι,
2372 4641 2474 4693 καὶ
2508 4638 2679 4702 λίθοις
2709 4637 2953 4709 ἐχρῶντο
2988 4635 3109 4690 κατ’
3147 4632 3338 4699 αὑτοῦ,
3378 4631 3478 4686 καὶ
3504 4631 3631 4685 τού-

2039 4747 2155 4796 τοις
2216 4730 2277 4783 τδ
2329 4728 2669 4801 μαρτυρικον
2722 4728 2902 4781 ἐκεῖνο
2957 4724 3135 4797 στόμα
3178 4723 3275 4778 καὶ
3331 4722 3632 4793 φιλάληθες

2039 4822 2255 4877 ἔπαιον.
2295 4821 2354 4874 '0
2375 4821 2431 4874 δὲ
2467 4820 2716 4892 μάρτυς,
2752 4817 3053 4889 Ἐτίμησάς
3076 4832 3166 4888 με,
3197 4814 3453 4887 τύραννε,
3495 4816 3631 4886 μᾶλ-

2033 4913 2146 4980 λον,
2176 4913 2384 4984 ἔλεγεν,
2434 4912 2731 4986 ἐτίμησας,
2773 4911 2877 4967 οὐκ
2917 4909 3206 4972 ἑκόλασας.
3246 4907 3374 4973 Πῶς
3409 4907 3522 4980 γὰρ
3562 4907 3629 4964 οῦ

2033 5007 2207 5079 δούλῳ
2234 5005 2374 5079 τιμὴ
2394 5005 2506 5060 τῶν
2527 5004 2711 5060 αὐτῶν
2740 5003 2817 5074 τῷ
2835 5003 3083 5073 Δεσπότη
3113 5000 3209 5055 καὶ
3238 5002 3353 5064 τοῖς
3387 5001 3631 5072 πρώτοις

2034 5099 2233 5170 ἐκείνῳ
2266 5099 2547 5162 κοινωνοῖς
2575 5096 2671 5152 τοῦ
2703 5095 2912 5159 πάθους
2954 5091 3244 5160 ἀξιοῦσθαι
3285 5093 3386 5147 xui.
3418 5094 3629 5167 μάρτυ-

2037 5208 2162 5259 σιν;
2209 5189 2554 5263 Ἐῥραπίσθη
2584 5205 2687 5260 μου
2714 5186 2859 5242 καὶὸ
2896 5185 3176 5256 Δεσπότης
3216 5183 3278 5239 τὸ
3309 5184 3624 5257 πρόσωπον,

2036 5284 2207 5347 λίθοις
2253 5282 2498 5357 ἀνῃρέθη
2548 5281 2644 5336 καὶ
2683 5279 2956 5351 Στέφανος
2979 5320 2995 5347 ,
3038 5277 3255 5344 τούτοις
3308 5276 3469 5349 κάγὼ
3528 5274 3625 5332 νῦν

2037 5376 2297 5439 ἐπιεικῶς
2348 5374 2786 5445 καλλωπίζομαι.
2827 5372 3094 5443 Κουφίζει
3123 5389 3228 5444 μου
3268 5372 3364 5426 τὸν
3398 5372 3558 5428 πόνον
3586 5372 3621 5442 ἠ

2040 5471 2274 5543 μίμησις
2302 5466 2397 5523 τοῦ
2436 5467 2664 5533 πάθους,
2704 5464 2945 5536 κοιμίζει
2983 5483 3073 5537 μοι
3107 5463 3206 5537 τὴν
3233 5465 3427 5537 ὀδύνην
3452 5466 3484 5536 ἡ
3512 5463 3622 5519 τῶν

2038 5560 2367 5635 κρειττόνων
2415 5558 2708 5631 ἐπιθυμία.
2747 5557 2937 5613 Ταῦτα
2985 5556 3162 5629 ἔλεγε,
3199 5558 3296 5613 καὶ
3348 5560 3482 5630 πρὸς
3527 5556 3620 5610 τὸν

2036 5660 2234 5713 οἰκεῖον
2250 5655 2620 5727 Ἀγωνοθέτην
2644 5653 2794 5727 θαμά
2817 5653 2943 5719 τοὺς
2964 5652 3281 5724 ὀφθαλμοὺς
3300 5652 3616 5718 ἀνατείνων,

2043 5749 2453 5823 συντομώτερον
2487 5749 2666 5822 οἴχετο
2695 5750 2791 5822 τῆς
2822 5746 3201 5820 εὐχαριστίας.
