3832 6470
229 398 342 461 833

1258 386 1432 450 VITA
1469 384 1527 445 S.
1570 376 2004 443 CLEMENTIS
2046 372 2453 436 ANCYRANI.

3376 368 3484 436 83S

300 516 430 573 KA'.
485 514 808 586 Δομετιανὸς
851 513 909 566 δι
949 514 1058 575 τοῖς
1094 511 1238 573 δλὸις
1276 510 1691 579 ἀπαγορεύσας,
1737 505 1800 573 τῇ

1934 557 1943 565 ,
1980 492 2174 551 XXIV.
2217 491 2557 546 Domitianus
2593 498 2772 545 autem
2814 502 2937 544 cum
2984 486 3207 543 omnino
3246 486 3484 542 anitnum

223 610 447 680 φυλακῇ
481 606 619 671 τέως
668 606 831 658 αὐτὸν
869 601 1273 674 παραπέμπει,
1308 599 1556 669 οἰόμενος
1592 597 1649 650 δὲ
1692 593 1800 667 ἄρα

221 701 304 766 ὡς
337 701 439 753 οὐκ
470 697 537 753 ἂν
578 695 796 750 δύναιτο
847 696 961 758 τοῖς
989 709 1052 763 γε
1081 691 1209 746 ποσὶ
1255 688 1489 762 χρῆσθαι
1533 684 1669 757 πρὸς
1703 683 1803 755 τὴν

225 792 484 865 πορείαν,
511 785 600 845 οἷα
626 787 722 842 τοῦ
774 786 1029 857 σώματος
1058 783 1209 855 αύτῷ
1237 783 1361 847 ταῖς
1399 775 1803 852 προλαδούσαις

222 885 525 958 τιμωρίαις
563 880 972 952 πεπονηκότος,
1007 875 1350 947 ἑκατέρωθεν
1392 873 1555 927 αὑτὸν
1590 866 1803 924 κελεύει

223 975 729 1043 διαδαστάζεσθαι·
776 972 891 1028 ἀλλ’
927 973 956 1026 6
1002 967 1387 1040 ὑποστηρίζων
1442 963 1649 1026 πάντας
1708 958 1805 1015 καὶ

224 1072 474 1143 ἀνορθῶν
520 1070 644 1131 τοὺς
701 1062 1191 1136 κατερῤαγμένους
1220 1098 1236 1122 ,
1266 1058 1367 1113 οὐκ
1413 1057 1566 1112 εἴασε
1619 1053 1803 1127 χειρὸς

223 1166 391 1219 αὐτὸν
444 1161 701 1232 δεηθῆναι
759 1153 1169 1229 θεραπευούσης
1220 1152 1281 1205 τὸ
1345 1150 1613 1221 βάδισμα,
1665 1144 1801 1200 ἀλλὰ

222 1254 354 1316 τοὺς
396 1250 723 1323 προσιόντας
766 1244 1160 1315 ἀπωθούμενος
1195 1241 1303 1296 τῶν
1367 1240 1637 1311 Ἑλλήνων
1674 1236 1802 1308 ἠρέ-

224 1362 309 1416 μα
356 1344 412 1398 δὲ
462 1344 685 1397 κάκεῖνο
717 1337 1021 1409 ύποφωνιῖιν
1050 1353 1065 1369 ·
1097 1365 1171 1377 -
1208 1333 1425 1387 Ἔλαιον
1456 1329 1800 1403 ἁμαρτωλῶν

225 1435 309 1508 μὴ
351 1435 633 1489 λιπανάτω
658 1432 759 1505 τὴν
804 1428 1046 1501 κεφαλήν
1088 1445 1213 1499 μου,
1241 1427 1513 1490 -αύτοῖς
1548 1425 1674 1478 ποσὶ
1700 1424 1800 1497 τὴν

221 1527 348 1581 ὁδὸν
380 1528 596 1596 ἐκείνην
645 1524 806 1588 αὐτὸς
857 1523 1039 1596 ἠνυεν.
1071 1515 1142 1594 Ὦ
1191 1520 1256 1592 δὴ
1308 1520 1400 1574 καὶ
1448 1517 1619 1582 οὕτως
1665 1519 1796 1571 ἀπι-

221 1618 360 1673 όντα
419 1614 675 1690 προσχὼν
713 1618 741 1670 ό
799 1615 1046 1687 βικάριος
1096 1611 1453 1686 ὑπερηγάσθη
1504 1610 1602 1681 τῆς
1664 1627 1800 1681 καρο

219 1709 454 1780 τεριας,
501 1710 598 1763 καὶ
651 1708 789 1778 πρὸς
839 1710 966 1771 τοὺς
1017 1706 1378 1778 παρεστῶτας
1406 1703 1796 1776 ἐπιστραφεὶς,

220 1802 402 1857 Βαϐαῖ
434 1803 534 1873 τῆς
559 1803 859 1874 ὑπομονῆς,
893 1802 996 1872 εφη
1022 1818 1036 1834 ο
1070 1799 1329 1855 τοιούτων
1384 1801 1492 1871 ἄρα
1537 1817 1803 1869 στρατιω·

221 1894 338 1948 τῶν
368 1894 476 1948 ἔδει
519 1897 631 1957 τοῖς
673 1895 1124 1966 αὐτοκράτορσιν,
1158 1892 1235 1957 ὠς
1288 1887 1428 1947 εῐναι
1466 1893 1711 1946 κινδύνου
1742 1908 1800 1945 τε

221 1987 430 2051 παντὸς
471 1987 809 2059 ἁνωτέρους,
850 1987 945 2041 καὶ
983 1984 1304 2057 τηλικοῦτον
1348 1987 1409 2039 ὲν
1452 1987 1566 2048 τοῖς
1608 1984 1801 2046 δεινοῖς

223 2073 486 2152 φῶνημα
513 2079 900 2144 διασώζοντας.
922 2079 1069 2151 Πλὴν
1094 2078 1229 2133 ἀλλὰ
1257 2079 1378 2149 οὐχὶ
1412 2080 1506 2133 καὶ
1531 2080 1590 2133 τὸ
1615 2079 1802 2133 λοιπὸν

220 2168 383 2238 οὗτος
414 2174 492 2245 τῷ
530 2172 651 2245 ἐμῷ
697 2173 1111 2245 παραστήσεται
1137 2173 1368 2243 βήματι’
1411 2172 1547 2241 πρὸς
1578 2172 1801 2242 βασιλέα

221 2266 284 2320 δὲ
323 2266 487 2319 αὑτὸν
541 2265 825 2319 ἀποστελῶ
877 2265 1279 2335 Διοκλητιανὸν,
1334 2266 1543 2329 ἐκεῖνος
1580 2265 1689 2337 γάρ
1735 2265 1803 2320 ἂν

222 2355 394 2411 αὐτοῦ
426 2355 766 2429 περιγένοιτο
795 2356 976 2428 μόνος.

294 2448 426 2508 κε’.
464 2447 598 2504 Eine
644 2449 740 2504 καὶ
786 2452 1112 2522 γράμμασιν
1147 2451 1350 2516 εὐθέως
1376 2469 1435 2506 τε
1475 2451 1594 2508 κατ’
1638 2451 1801 2505 αὑτὸν

220 2544 375 2609 ὅπως
404 2539 518 2614 εἶχε
556 2544 920 2615 διασημάνας,
953 2544 1183 2614 ἄγεσθαι
1214 2546 1314 2616 τὴν
1353 2546 1444 2599 ἐπὶ
1476 2543 1694 2615 Ῥώμην
1725 2543 1801 2608 ὡς

219 2636 388 2708 τάχος
415 2637 658 2692 ἐκέλευε.
694 2638 989 2708 Γενόμενος
1027 2638 1206 2692 τοίνυν
1247 2636 1354 2703 ἔξω
1381 2638 1483 2709 τῆς
1528 2636 1734 2700 πόλεως
1774 2639 1802 2691 6

226 2731 466 2803 μάρτυς,
499 2733 599 2795 τὰς
628 2734 816 2802 χεῖρας
850 2732 987 2802 μετὰ
1017 2734 1118 2802 τῆς
1162 2732 1392 2804 καρδίας
1427 2733 1508 2796 εἰς
1535 2729 1801 2802 οὐρανοὺς

222 2824 500 2896 ἀνασχὼν,
543 2826 714 2898 Κύριε
739 2829 766 2878 6
795 2825 950 2890 Θεὸς,
993 2825 1196 2892 ἔλεγεν,
1232 2828 1260 2879 6
1301 2825 1467 2879 ποιῶν
1502 2826 1676 2880 πάντα
1708 2824 1802 2877 καὶ

225 2920 752 2991 πραγματευόμενος
794 2920 935 2989 ὑπὲρ
984 2920 1185 2983 παντὸς
1232 2918 1326 2973 τοῦ
1363 2918 1471 2972 τῶν
1499 2919 1802 2989 ἀνθρώπων

220 3014 441 3082 γένους,
464 3015 556 3068 καὶ
581 3015 779 3078 πολλὰς
810 3015 940 3085 ἡμῖν
963 3014 1175 3084 τέμνων
1200 3014 1300 3085 τῆς
1328 3014 1603 3086 σωτηρίας
1627 3014 1798 3077 ὁδοὺς,

222 3108 390 3169 αὐτὸς
434 3108 528 3160 καὶ
572 3106 671 3178 τὴν
722 3107 875 3161 πόλιν
920 3124 1013 3160 σου
1048 3106 1273 3178 ταύτην,
1320 3108 1413 3161 καὶ
1464 3108 1559 3170 τὰς
1590 3107 1696 3161 τῶν
1741 3107 1801 3160 ὲν

1901 586 2297 655 despondisset,
2328 599 2451 638 eum
2488 596 2676 637 rursus
2702 581 2868 636 mittit
2897 579 2952 634 in
2983 579 3307 635 custodiam.
3344 577 3483 635 Cum

1903 694 2033 736 vero
2059 686 2271 748 putaret
2299 691 2422 732 eum
2465 690 2572 730 non
2602 689 2758 744 posse
2792 672 3023 743 amplius
3059 675 3136 729 uti
3163 674 3387 745 pedibus
3416 675 3485 729 ad

1903 770 2338 844 ingrediendum,
2370 767 2513 838 quod
2560 767 2833 838 prioribus
2864 768 3144 838 suppliciis
3185 775 3331 822 esset
3364 783 3489 823 cor-

1902 879 2005 936 pus
2049 860 2393 925 confectum,
2432 858 2585 929 jubet
2623 874 2746 913 eum
2803 857 3059 929 utrinque
3101 860 3306 926 portari
3339 877 3351 884 ἠ
3390 861 3484 913 sed

1904 956 1998 1027 qui
2038 968 2229 1011 omnes
2268 951 2359 1022 qui
2400 950 2693 1006 concidunt
2721 947 3029 1015 conﬁrmat,
3062 949 3402 1019 alllictosque
3431 959 3485 1003 et

1905 1053 2192 1121 depressos
2221 1044 2401 1116 erigit,
2433 1058 2540 1098 non
2570 1040 2703 1097 sinit
2727 1056 2849 1097 eum
2879 1056 3015 1111 opus
3060 1041 3258 1095 habere
3299 1055 3483 1105 ntanu,

1904 1153 2025 1209 qua:
2054 1138 2170 1208 ejus
2215 1150 2458 1207 gressum
2506 1133 2742 1196 lulciret,
2791 1133 2884 1186 sed
2918 1147 3014 1186 eos
3061 1130 3346 1201 repellens,
3393 1133 3484 1200 qui

1905 1231 2236 1288 accedebant
2252 1243 2317 1284 ex
2346 1226 2659 1296 gentilibus,
2679 1232 2733 1278 et
2755 1223 2882 1278 illud
2907 1223 3107 1279 sensim
3141 1221 3483 1277 acclamans:

1904 1324 2165 1381 -Oleum
2194 1331 2542 1393 peccatorum
2562 1333 2666 1373 non
2699 1318 2993 1387 impinguet
3024 1323 3185 1384 caput
3214 1329 3490 1377 meum,—

1907 1420 2040 1490 ipsis
2077 1416 2301 1487 pedibus
2338 1415 2451 1484 ipse
2494 1411 2641 1467 illam
2682 1409 2827 1464 viam
2858 1407 3086 1480 peregit.
3139 1407 3310 1473 Quem
3360 1421 3486 1461 cum

1903 1514 1983 1566 sic
2004 1510 2294 1564 abeuntem
2329 1502 2801 1559 animadvertisset
2831 1501 3087 1566 vicarius,
3114 1498 3487 1555 fortitudinem

1904 1607 2059 1661 valde
2090 1614 2171 1660 est
2201 1604 2526 1665 admiratus,
2576 1610 2631 1653 et
2676 1612 2975 1653 conversus
3006 1597 3073 1650 ad
3104 1609 3218 1663 eos,
3251 1596 3342 1666 qui
3378 1595 3488 1651 eir-

1906 1701 2289 1755 eumstabant:
2326 1698 2505 1768 Papus,
2562 1695 2756 1767 inquit,
2801 1709 3048 1766 magnam
3106 1693 3481 1749 tolerantiam!

1909 1790 2131 1846 Talibus
2169 1791 2356 1859 utique
2392 1789 2654 1843 militibus
2681 1801 2816 1856 opus
2849 1794 2991 1841 esset
3022 1785 3443 1854 imperatoribus
3465 1823 3483 1852 ,

1909 1892 1967 1937 ut
1993 1890 2180 1939 essent
2228 1894 2418 1949 qutms
2460 1877 2698 1946 periculo
2747 1877 3077 1946 superiores,
3111 1883 3168 1930 et
3211 1884 3319 1929 tam
3350 1889 3486 1930 con-

1904 1983 2138 2033 stantem
2172 1975 2411 2027 animum
2450 1980 2504 2026 et
2537 1981 2643 2024 tam
2678 1984 2906 2039 magnos
2934 1969 3158 2038 spiritus
3189 1982 3486 2024 conserva-

1904 2075 2024 2123 rent
2068 2067 2119 2121 in
2172 2067 2334 2120 rebus
2368 2066 2597 2135 asperis.
2646 2062 2914 2117 Ceterum
2969 2061 3055 2115 ltic
3100 2075 3204 2115 non
3260 2062 3487 2116 sistetur

1905 2158 2135 2228 amplius
2164 2157 2230 2211 ad
2262 2171 2437 2210 meum
2484 2154 2724 2211 tribunal
2754 2171 2767 2208 :
2802 2156 2975 2222 ipsum
3010 2158 3190 2206 autem
3214 2152 3280 2205 ad
3310 2153 3485 2222 impe-

1907 2263 2141 2305 ratorem
2175 2248 2386 2302 mittam
2422 2247 2836 2302 Diocletianum.
2880 2243 2976 2299 llle
3006 2244 3151 2298 enim
3178 2242 3327 2299 solus
3361 2258 3484 2298 eum

1904 2340 2265 2411 superaverit.

1973 2454 2139 2509 XXV.
2182 2452 2344 2520 Dixit,
2378 2463 2431 2507 et
2469 2468 2588 2508 cum
2618 2451 2801 2507 statim
2852 2449 3213 2522 signiﬁcasset
3256 2446 3486 2515 litteris,

1903 2547 2174 2617 quomodo
2204 2562 2262 2600 se
2288 2561 2375 2600 res
2409 2546 2691 2611 baberent,
2727 2544 2890 2613 jussit
2923 2557 3044 2597 eum
3081 2541 3482 2612 quamprimum

1904 2637 2026 2693 duci
2056 2638 2304 2691 Romam.
2352 2635 2486 2691 Cum
2524 2635 2713 2689 luisset
2749 2649 2877 2706 ergo
2914 2644 3118 2701 martyr
3159 2642 3314 2686 extra
3351 2631 3487 2684 civi.

1906 2740 2095 2794 tatem,
2128 2745 2234 2783 una
2270 2744 2390 2783 cum
2430 2726 2593 2781 corde
2622 2725 2873 2780 manibus
2907 2725 2959 2778 in
2987 2725 3183 2777 cretum
3214 2721 3440 2776 sublatis
3463 2735 3485 2776 :

1903 2822 2131 2878 Domine
2181 2822 2339 2886 Deus,
2390 2818 2583 2888 inquit,
2613 2820 2703 2889 qui
2737 2820 2916 2871 omnia
2949 2816 3085 2869 facis
3136 2824 3189 2869 et
3223 2827 3486 2885 procuras

1902 2931 2001 2986 pro
2022 2914 2271 2968 universo
2299 2926 2496 2982 genere
2517 2910 2815 2974 hominum,
2836 2918 2889 2962 et
2909 2907 3103 2960 multas
3121 2907 3274 2959 nobis
3308 2904 3487 2958 munis

1904 3008 2018 3060 vias
2045 3004 2259 3070 salutis,
2300 3004 2440 3056 banc
2473 3013 2615 3054 tuam
2653 3000 2948 3063 civitatem,
2968 3007 3022 3050 et
3043 2996 3251 3049 animas
3277 3009 3482 3057 eorum,

1903 3097 1995 3167 qui
2031 3097 2083 3150 in
2126 3096 2239 3164 ipsa
2279 3093 2647 3157 crediderunt,
2703 3103 2988 3154 conserva,
3036 3102 3102 3141 ne
3145 3086 3489 3153 implicentur

222 3201 363 3271 αὐτῇ
404 3199 813 3254 πιστευσάντων
862 3200 1039 3270 ψυχὰς
1079 3200 1414 3273 ἅχειρώτους
1453 3204 1520 3270 τῇ
1564 3199 1659 3253 τοῦ
1690 3200 1802 3253 διαο

1909 3187 2099 3257 laqueo
2144 3186 2364 3251 diaboli,
2415 3192 2470 3239 et
2502 3194 2854 3255 tyrannorum
2909 3180 3195 3250 capiantur
3254 3176 3484 3232 insidiis.

225 3293 385 3347 δόλου
442 3292 629 3361 παγίόι
679 3292 772 3346 καὶ
820 3295 942 3355 ταῖς
995 3291 1105 3345 τῶν
1150 3292 1427 3362 τυράννων
1491 3288 1806 3354 ἐπιϐουλαῖς

222 3386 594 3457 διατήρησονο
640 3386 737 3439 καὶ
802 3386 949 3456 ἡμᾶς
1004 3383 1058 3437 δὲ
1114 3385 1190 3456 μὴ
1250 3384 1415 3454 μέχρι
1476 3382 1664 3446 τέλους
1706 3381 1806 3451 τῆς

222 3475 603 3547 ἐνεγκαμένης
633 3474 1024 3550 ἀλλοτριώσῃς,
1044 3473 1159 3528 ἀλλ’
1185 3474 1213 3527 6
1242 3473 1578 3545 ἐπιστρέψας
1606 3470 1804 3526 Ἰακὼὸ

224 3568 309 3632 εἷς
339 3563 491 3621 οἷκον
537 3566 744 3639 πατρὸς
795 3567 982 3632 αὐτοῦ,
1036 3566 1130 3621 καὶ
1185 3565 1490 3638 ῥυσάμενος
1532 3564 1698 3617 αὐτὸν
1741 3564 1804 3618 ὲκ

224 3660 410 3733 χειρὸς
452 3658 647 3725 Ἠσαῦ,
696 3660 724 3712 6
766 3659 861 3712 καὶ
893 3660 961 3712 τὰ
1011 3659 1145 3713 ὀστᾶ
1185 3657 1381 3728 Ἰωσὴφ
1433 3655 1493 3722 ἐξ
1526 3654 1803 3724 Αἰγύπτου

228 3751 674 3824 συνανακομεσας
714 3750 791 3821 τῷ
825 3750 902 3821 σῷ
931 3750 1047 3821 λαῷ
1093 3749 1188 3803 καὶ
1218 3752 1331 3812 τοῖς
1360 3748 1633 3820 πατρῴοις
1675 3750 1805 3802 ἁνα-

231 3847 551 3916 σωσάμενος
580 3844 793 3912 τάφοις,
828 3843 1149 3911 ὲπανάγαγε
1180 3840 1325 3911 κάμὲ
1362 3843 1429 3913 τῇ
1468 3844 1533 3912 σῇ
1563 3840 1803 3911 εὐδοκία,

232 3940 329 3993 καὶ
382 3941 450 4010 τῇ
501 3936 883 4007 γεννησαμένη
921 3936 1014 3988 καὶ
1057 3934 1377 4009 Θρεψαμένῃ
1434 3934 1529 3988 καὶ
1572 3934 1651 3998 εἰς
1685 3933 1805 3986 τόδε

229 4031 449 4103 ἡλικίας
486 4028 880 4103 προαγαγούσῃ
923 4028 1188 4099 πατρίδι,
1235 4029 1487 4099 καθάπερ
1530 4045 1585 4081 τι
1645 4025 1807 4080 πάλιν

229 4123 429 4187 ἀπόδος
474 4121 718 4193 ὄφλημα.
747 4120 933 4175 Ταῦτα
967 4119 1408 4193 προσευξάμενος
1456 4120 1533 4193 τῷ
1564 4118 1683 4189 Θεῷ
1708 4119 1805 4191 τὴν

226 4219 347 4274 ὁδὸν
376 4214 630 4288 εὐψύχως
659 4213 898 4286 διήνυεν.

1908 3281 2077 3336 Porro
2110 3292 2289 3335 autem
2325 3294 2390 3334 ne
2440 3294 2538 3332 nos
2588 3292 2805 3346 quoque
2855 3285 3113 3344 perpetuo
3162 3286 3283 3326 esse
3337 3272 3488 3324 sinas

1909 3374 2115 3429 alienos
2144 3373 2213 3426 ab
2240 3387 2325 3437 ea,
2350 3386 2467 3440 qua:
2499 3386 2598 3425 nos
2631 3369 2751 3423 tulit
2780 3387 2794 3424 :
2825 3370 2918 3424 sed
2947 3370 3034 3437 qui
3059 3364 3228 3420 Jacob
3261 3377 3488 3419 convcr-

1906 3466 2022 3522 tlsti
2052 3465 2107 3519 in
2153 3464 2369 3519 domum
2401 3462 2571 3533 patris
2604 3462 2710 3527 sui,
2751 3470 2807 3516 et
2835 3475 2956 3514 enm
2995 3475 3023 3511 a
3058 3472 3213 3511 manu
3249 3455 3389 3509 Esau
3425 3453 3489 3506 li-

1907 3561 2110 3617 berasti
2139 3577 2153 3613 :
2181 3557 2273 3629 qui
2308 3556 2467 3612 etiam
2514 3570 2637 3610 ossa
2677 3553 2872 3623 Josepb
2904 3567 3008 3605 una
3041 3564 3160 3603 cum
3199 3544 3393 3617 populo
3418 3558 3486 3597 ex

1908 3653 2143 3725 Egypto
2174 3649 2434 3715 extolisﬁ,
2465 3654 2519 3703 et
2545 3662 2606 3701 ca
2641 3645 2829 3717 patriis
2876 3643 3155 3699 restituisti
3183 3638 3447 3708 sepulcris
3470 3652 3495 3704 ς

1911 3756 2014 3803 tua:
2047 3760 2263 3816 quoque
2299 3743 2506 3812 placeat
2538 3738 2796 3794 voluntati
2843 3752 2928 3791 me
2976 3736 3253 3797 reducere,
3285 3738 3339 3785 et
3367 3743 3487 3799 quae

1911 3856 1996 3897 me
2025 3840 2210 3911 genuit
2257 3848 2310 3892 et
2339 3836 2496 3901 aluit,
2524 3844 2580 3889 et
2622 3833 2687 3887 ad
2718 3833 2859 3886 banc
2902 3841 3074 3897 usque
3116 3835 3328 3880 aetatem
3359 3835 3487 3891 pro-

1913 3910 2067 3989 duxit
2094 3930 2302 4002 patria»,
2325 3937 2581 3997 tanquam
2612 3922 2826 3994 aliquod
2857 3935 3047 3975 rursus
3080 3918 3302 3971 reddere
3334 3910 3489 3967 debi-

1915 4036 2049 4080 tum.
2089 4021 2215 4077 llazc
2253 4036 2375 4076 cum
2408 4033 2438 4073 a
2472 4017 2580 4074 Deo
2620 4013 2869 4088 precibus
2913 4007 3299 4073 contendisset,
3344 4003 3489 4058 viam

1912 4116 2148 4175 confecit
2173 4115 2446 4171 alacriter.

1661 4463 1891 4523 CAPUT
1928 4462 1994 4519 γι

1423 4649 1614 4722 Spreta
1657 4645 1974 4703 Diocletiani
2004 4643 2285 4715 promissa.

296 4849 429 4905 Σιυ.
477 4846 632 4902 Ἐπεὶ
666 4845 725 4900 δὲ
748 4844 840 4899 καὶ⁸
878 4843 948 4916 τῇ
980 4840 1172 4913 Ῥώμη
1194 4835 1532 4911 προσέϐαλον
1559 4833 1688 4889 ἔνθα
1718 4830 1804 4888 xci

1990 4826 2184 4884 XXVI.
2243 4824 2538 4895 Postquam
2593 4828 2773 4877 autem
2834 4817 3061 4873 Romam
3122 4817 3490 4884 pervenerunt

230 4940 616 5016 Διοκλητιανδς
638 4939 698 4993 τὸ
716 4935 1021 5009 τηνικαῦτα
1046 4931 1305 5004 διέτρισε,
1327 4930 1398 4986 τά
1426 4946 1484 4983 τε
1506 4927 1811 5000 γράμματα

228 5041 280 5095 el
308 5035 659 5108 πεμφθέντες
703 5031 855 5103 αὐτῷ
887 5026 1274 5100 ἐγχειρίζουσι,
1317 5025 1413 5079 καὶ
1457 5023 1550 5077 τὸν
1594 5021 1813 5091 (lautia.-

231 5131 360 5186 στὸν
403 5128 700 5199 Κλήμεντά
726 5167 741 5192 ,
793 5120 1157 5183 κελεύσαντος
1226 5117 1437 5172 ἐκείνου
1491 5118 1571 5180 εἰς
1645 5113 1812 5184 μέσον

232 5224 451 5292 ἄγουσι.
483 5216 871 5290 Παραστάντος
901 5214 980 5278 δὲ,
1019 5209 1403 5282 Διοκλητιανδς
1436 5209 1497 5263 τό
1523 5224 1584 5262 τε
1623 5205 1815 5277 χάριεν

231 5314 438 5370 ἐπιδὼν
468 5312 567 5382 τῆς
593 5309 688 5365 τοῦ
715 5308 908 5381 ἀνδρὸς
941 5306 1138 5378 ὅψεως,
1175 5304 1272 5358 καὶ¹
1294 5302 1356 5356 τὸ
1383 5300 1609 5370 φαιδρὸν
1639 5297 1815 5350 ἐκεῖνο

233 5408 331 5461 καὶ
368 5404 610 5474 εὐγενὲς,
651 5400 844 5472 πρῶτα
870 5399 969 5471 μὲν
1001 5396 1262 5468 κρύπτων
1294 5397 1352 5449 ὲν
1380 5393 1458 5464 τῷ
1486 5390 1683 5461 ἀφανεῖ
1712 5386 1813 5459 τὴν

238 5498 501 5562 διάνοιαν,
536 5494 660 5550 καθ’
705 5493 899 5548 ἑαυτὸν
929 5490 1146 5562 ὑπῆρχε
1176 5485 1499 5558 Θαυμάζων,
1544 5484 1593 5537 ei
1627 5478 1812 5537 ικεῖνά

238 5605 309 5660 τε
337 5589 519 5643 πάντα
567 5582 1008 5659 ὑπομεμενηκὼς
1038 5582 1147 5654 εἴη,
1185 5580 1398 5649 ὅσαπερ
1436 5574 1589 5647 αὐτῷ
1620 5571 1815 5647 μηνύοι

236 5681 307 5736 τὰ
337 5679 678 5752 γράμματα·
721 5674 843 5735 εἶτα
895 5677 992 5737 καὶ
1033 5674 1389 5746 άτενέστερον
1431 5667 1580 5741 αὐτῷ
1626 5664 1815 5722 ενιδὼν

240 5775 337 5830 καὶ
382 5774 504 5829 ὅλον
554 5770 969 5844 άνασκοπήσας,
1016 5768 1089 5825 Σὺ
1142 5763 1193 5823 εἴ
1242 5768 1269 5821 6
1316 5762 1632 5835 διαϐόητος,
1686 5759 1813 5831 ἔφη,

1913 4922 2004 4979 ubi
2041 4932 2168 4978 tunc
2209 4931 2424 4989 quoque
2474 4913 2794 4969 versabatur
2844 4907 3244 4970 Diocletianus,
3296 4915 3353 4960 et
3395 4902 3490 4973 qul

1913 5012 2063 5073 missi
2109 5011 2352 5075 fuerant,
2393 5007 2447 5065 ei
2497 5005 2732 5062 reddunt
2775 5003 3010 5069 litteras,
3065 5009 3122 5055 et
3152 4998 3489 5055 Clementem

1916 5106 2315 5170 admirabilem,
2365 5116 2489 5158 cum
2533 5100 2625 5155 ille
2664 5097 2943 5168 iussisset,
2992 5092 3346 5151 adducuntin
3377 5103 3494 5143 me-

1915 5202 2084 5257 dium.
2142 5198 2277 5255 Cum
2338 5208 2468 5251 vero
2518 5192 2804 5257 astitisset,
2856 5199 2984 5244 tunc
3042 5186 3232 5242 videns
3278 5182 3491 5236 Diocle-

1918 5292 2100 5348 tianus
2143 5288 2443 5359 jucundum
2498 5285 2621 5355 ejus
2675 5282 3023 5347 alacremqne
3068 5286 3123 5333 et
3172 5287 3492 5343 generosum

1916 5391 2219 5455 aspectum,
2274 5379 2509 5451 primum
2543 5374 2762 5445 quidem
2806 5372 3012 5435 celans,
3047 5368 3177 5440 quid
3220 5365 3275 5420 in
3309 5364 3491 5418 animo

1918 5453 2161 5543 haberet,
2197 5473 2338 5543 apud
2381 5485 2440 5526 se
2471 5466 2867 5532 admirabatur,
2897 5480 2965 5520 an
2999 5462 3087 5518 illa
3122 5459 3300 5516 omnia
3332 5453 3491 5511 susti~

1916 5571 2149 5635 nuisset,
2189 5564 2414 5636 quae-ei
2454 5560 2836 5632 signiﬁcabant
2865 5558 3080 5612 litterae.
3127 5550 3329 5607 Deinde
3365 5559 3493 5604 eum

1917 5663 2085 5719 etiam
2126 5660 2250 5715 lixis
2276 5658 2496 5713 intuens
2545 5654 2740 5717 oculis,
2788 5659 2842 5706 et
2874 5658 3044 5705 totum
3095 5642 3488 5700 considerans:

1918 5753 2000 5812 Tu
2025 5769 2108 5823 es,
2139 5752 2334 5824 inquit,
2362 5747 2596 5807 celebris
2624 5744 2712 5803 ille
2736 5743 3006 5808 Clemens,
3042 5735 3197 5806 cuius
3237 5740 3492 5803 magnum
