3832 6466
406 371 516 435 839

1637 366 1917 425 MENSIS
1953 368 2407 430 JANUABIUS.

3573 385 3667 451 διο

399 501 646 558 ascendit
668 541 684 567 ,
720 499 863 554 unde
890 499 1271 564 descenderat,
1346 514 1469 553 eum
1520 512 1618 551 nos
1649 513 1753 550 una
1786 512 1975 566 quoqm

2108 503 2202 556 καὶ
2233 504 2403 574 ἡμᾶς,
2432 505 2526 556 καὶ
2556 505 2635 568 si;
2663 506 2764 576 τὴν
2789 506 3064 578 προτέραν
3097 508 3270 580 ἀρχὴν
3301 513 3667 584 ἐπαναγαγὼν,

400 593 620 647 fecisset
657 604 977 658 resurgere,
1017 601 1071 644 et
1112 591 1180 646 ad
1225 589 1462 660 priorem
1494 589 1800 643 reduxisset
1843 591 1993 657 prin-

394 686 676 756 cipatum,
727 699 756 737 a
808 698 916 754 quo
970 682 1109 738 male
1163 683 1468 740 excidimus
1516 689 1737 754 propter
1796 681 1987 737 inobe—

398 778 680 834 dientiam.

2104 588 2172 666 ἧς
2197 593 2286 648 διὰ
2318 593 2419 668 τὴν
2455 597 2743 670 παρακοῂν
2767 598 2950 664 κακῶς
2978 601 3436 676 ἐκπεπτώκαμεν.

1837 998 2064 1055 CAPUT
2111 997 2196 1054 Vl.

953 1177 1109 1232 Varii
1163 1174 1372 1229 tolerati
1423 1170 1602 1226 Romae
1648 1170 1939 1225 cruciatus.
1973 1168 2134 1226 Multi
2169 1175 2406 1228 conversi
2453 1184 2502 1228 et
2546 1175 2802 1245 martyrio
2841 1177 3103 1231 coronati.

465 1368 662 1425 XXIX.
709 1365 940 1435 Propter
990 1364 1104 1418 bare
1133 1365 1427 1431 imperator
1467 1363 1534 1413 ad
1575 1360 1708 1414 iram
1745 1359 1990 1414 concita-

396 1473 514 1530 tur;
579 1471 635 1517 et
686 1459 866 1514 verbis
922 1457 1098 1512 victus
1178 1453 1512 1508 convertitur
1566 1454 1632 1508 ad
1687 1452 1985 1522 supplicia,

393 1555 647 1610 nesciens
677 1553 898 1614 stultus,
930 1563 987 1603 se
1020 1563 1114 1618 per
1139 1545 1226 1600 illa
1264 1548 1433 1616 magis
1459 1562 1578 1601 esse
1608 1545 1930 1602 vincendum
1970 1562 1986 1602 :

391 1646 662 1717 siquidem
697 1655 944 1715 apertum
979 1652 1062 1696 est
1099 1639 1392 1706 indicium,
1427 1640 1628 1693 victmn
1667 1653 1786 1706 esse
1820 1654 1945 1693 eum
1967 1677 1984 1702 ,

2169 1365 2294 1422 K61
2340 1367 2463 1420 Ἐπὶ
2495 1367 2705 1430 τούτοις
2734 1368 2871 1438 ὀργὴ
2901 1367 3170 1438 λαμϐάνει
3212 1367 3302 1420 τὸν
3333 1367 3557 1438 βασιλέα
3586 1371 3670 1424 καὶ

2096 1460 2234 1528 πρ’ς
2291 1460 2416 1522 τοὺς
2466 1458 2660 1527 λόγους
2703 1458 3057 1530 ἡττώμενος,
3113 1460 3207 1513 ἐπὶ
3257 1460 3356 1524 τὰς
3406 1464 3669 1533 τιμωρίας

2093 1550 2315 1622 ἐχώρει,
2342 1551 2442 1605 οὐκ
2473 1551 2630 1615 εἰδὼς
2663 1554 2912 1623 ἀνόητος,
2945 1554 3026 1606 ὃτι
3051 1553 3184 1607 πολὺ
3221 1554 3420 1624 μᾶλλον
3441 1554 3511 1609 δι’
3537 1555 3669 1610 ἐκεί-

2095 1661 2200 1696 νων
2233 1644 2461 1714 ἔμελλεν
2511 1645 2942 1715 ἡττηθήσεσθαι,
2983 1646 3144 1716 εἰπερ
3191 1641 3330 1716 ἧττα
3359 1647 3541 1716 σαφὴς
3581 1647 3666 1700 τοῦ

392 1740 486 1811 qui
508 1739 696 1810 punit,
734 1738 876 1807 quod
906 1735 974 1804 is,
1003 1735 1092 1806 qui
1131 1734 1371 1805 punitur,
1407 1732 1539 1787 nihil
1569 1733 1792 1788 omnino
1826 1733 1975 1787 cedat

2090 1735 2415 1801 κολάζοντος
2447 1737 2510 1790 τὸ
2541 1738 2633 1790 τὸν
2667 1736 3033 1808 κολαζόμενον
3061 1738 3228 1808 μηδὲν
3263 1739 3399 1802 am;
3434 1737 3667 1792 ἐνδοῦναι

391 1833 692 1904 suppliciis.
741 1829 902 1885 lubet
937 1843 1067 1900 ergo
1109 1837 1240 1882 rota:
1291 1825 1504 1895 alligari
1549 1835 1880 1896 martyrem,
1928 1834 1983 1880 et

393 1925 797 1996 rotamquidem
823 1925 957 1976 verti
985 1935 1182 1991 magno
1217 1922 1445 1989 impetu,
1483 1929 1774 1990 martyrem
1803 1929 1984 1975 autem

391 2019 557 2090 virgis
605 2017 884 2073 verberari
943 2014 1357 2071 crudelissimis.
1411 2013 1722 2083 Statimque
1775 2023 1986 2084 martyr

391 2111 570 2167 fuerat
637 2113 926 2180 alligatus,
988 2121 1106 2164 rota
1167 2122 1297 2162 vero
1349 2099 1662 2162 vertebatur
1711 2106 1983 2161 celeriter.

391 2202 596 2274 Martyr
623 2213 801 2257 autem
822 2243 836 2268 ,
862 2203 1080 2271 quando
1108 2209 1226 2254 erat
1252 2199 1470 2269 quidem
1500 2198 1552 2251 in
1589 2207 1704 2252 rota
1730 2196 1983 2264 sublimi,

391 2296 712 2351 tradebatur
769 2296 836 2348 iis
873 2295 964 2362 qui
1001 2294 1394 2359 verberabant;
1437 2292 1655 2362 quando
1692 2307 1818 2346 vero
1863 2301 1982 2347 rota

391 2404 514 2442 cum
554 2387 655 2442 sub
697 2401 756 2442 se
787 2386 995 2441 ferebat
1018 2425 1033 2450 ,
1062 2402 1263 2457 corpus
1298 2386 1413 2455 ejus
1442 2388 1638 2441 acerbe
1665 2386 1986 2448 conscinde-

389 2480 573 2543 batur,
607 2487 664 2532 et
696 2493 820 2533 ossa
870 2478 1313 2532 conterebantur.
1367 2478 1610 2548 Cumque
1653 2477 1732 2532 sic
1770 2476 1982 2530 lacera-

392 2583 562 2638 retur,
618 2573 844 2626 Domine
898 2571 968 2624 mi
1019 2568 1148 2624 Jesu
1179 2571 1432 2634 Christe,
1463 2571 1677 2624 dicebat
1701 2609 1715 2634 ,
1753 2571 1871 2622 veni
1913 2572 1980 2623 ad

389 2682 548 2738 Opem
583 2669 713 2722 mihi
759 2667 1062 2732 ferendam,
1093 2677 1144 2721 et
1175 2667 1291 2721 leva
1328 2684 1411 2721 me
1451 2667 1553 2721 hoc
1586 2669 1824 2737 pondere
1851 2683 1982 2738 snp-

391 2760 542 2830 plicii
574 2777 587 2812 :
615 2760 868 2828 quoniam
897 2758 1373 2814 circurmlederuut
1402 2774 1490 2812 me
1517 2757 1730 2813 dolores
1766 2760 1979 2820 mortis,

387 2853 630 2924 pericula
667 2853 865 2908 inl'eini
903 2852 1229 2906 invenerunt
1261 2867 1368 2906 me.
1412 2851 1640 2922 Respice
1678 2853 1745 2906 ad
1780 2868 1886 2914 me,
1927 2861 1982 2906 et

389 2946 653 3000 miserere
683 2944 824 3008 mei,
862 2952 917 2997 et
951 2958 1018 2996 ex
1058 2941 1476 2996 necessitatibus
1511 2943 1645 2996 meis
1689 2956 1819 2996 erue
1871 2957 1978 2998 me.

386 3037 550 3092 Adsis
583 3037 737 3098 mihi,
785 3045 843 3089 ut
890 3035 1183 3102 aliquando
1230 3035 1392 3087 etiam
1433 3032 1731 3104 paralytit-o
1775 3035 1980 3103 (5),'ad

2089 1830 2189 1897 τῆς
2231 1829 2529 1900 τιμωρίας.
2590 1830 2821 1883 Κελεύει
2873 1831 3005 1896 γοῦν
3061 1830 3244 1902 τροχῷ
3286 1831 3378 1884 τὸν
3423 1831 3667 1902 μάρτυρα

2090 1921 2482 1992 προσδεθῆναι,
2519 1922 2614 1975 καὶ
2644 1922 2736 1977 τὸν
2762 1924 2861 1994 μὲν
2888 1922 3082 1995 τροχὸν
3113 1923 3255 1993 μετὰ
3282 1924 3488 1994 πολλῆς
3518 1924 3666 1996 στρέο

2090 2013 2286 2083 φεσθαι
2302 2013 2400 2082 τῆς
2429 2013 2630 2085 ὁρμῆς,
2658 2013 2750 2067 τὸν
2777 2015 3032 2085 μάρτυρα
3057 2014 3112 2066 δὲ
3139 2014 3351 2086 ῥάϐδοις
3376 2013 3666 2084 ώμοτάτως

2088 2105 2413 2162 τύπτεσθαι.
2449 2106 2561 2158 Καὶ
2589 2105 2794 2159 αὐτίκα
2825 2107 2854 2158 ό
2885 2107 2984 2175 μὲν
3015 2105 3251 2176 ἀθλητὴς
3285 2106 3500 2159 ἐδέδετο
3520 2121 3532 2134 ⁸
3561 2107 3588 2159 ό
3614 2103 3665 2158 ἃ

2089 2201 2281 2270 τροχὸς
2328 2198 2495 2264 ὀξέως
2538 2201 2787 2273 ἐφέρετο.
2833 2202 2892 2257 Ὀ
2929 2203 2985 2254 δὲ
3034 2203 3247 2273 μάρτυς
3289 2203 3378 2256 ὅτε
3437 2203 3540 2272 μὲν
3582 2204 3664 2256 ἐπὶ

2091 2291 2374 2364 μετεώρου
2405 2293 2498 2346 τοῦ
2544 2293 2742 2363 τροχοῦ
2785 2290 2854 2366 ἦν
2894 2299 3007 2358 τοῖς
3043 2295 3336 2348 τύπτουσιν
3387 2293 3661 2360 ἑξεδὶδοτο,

2086 2384 2252 2454 ἡνίκα
2285 2384 2344 2438 δὲ
2377 2386 2542 2440 πάλιν
2582 2387 2746 2438 αὑτὸν
2792 2387 2880 2457 ὑφ’
2915 2388 3110 2440 ἑαυτὸν
3153 2385 3464 2457 ἐλάμϐανεν
3491 2389 3519 2440 ό
3547 2403 3664 2456 τρο·

2087 2477 2178 2547 χὸς
2233 2479 2602 2548 κατετέμνετο
2643 2479 2858 2550 πικρῶς
2917 2479 2978 2531 τὸ
3039 2477 3233 2548 σῶμα,
3280 2480 3375 2531 καὶ
3421 2479 3493 2530 τὰ
3539 2477 3663 2530 ὀστᾶ.

2087 2572 2456 2644 συνετρίδετο.
2497 2573 2606 2627 Καὶ
2633 2572 2810 2637 οὕτως
2839 2574 2932 2625 ἐπὶ
2973 2573 3198 2634 πολλαῖς
3227 2575 3345 2634 ταῖς
3375 2572 3549 2642 ὥραις
3581 2589 3663 2624 κο-

2087 2668 2358 2738 πτόμενος
2381 2708 2396 2734 ,
2427 2667 2600 2742 Κύριε
2637 2667 2814 2739 Ἰησοῦ
2846 2668 3070 2738 Χριστέ,
3102 2668 3313 2736 ἔλεγεν,
3350 2667 3472 2719 ἐλθὲ
3509 2669 3587 2729 εἰς
3612 2666 3664 2718 τὸ

2086 2761 2356 2832 βοηθῆσαί
2409 2779 2537 2832 μοι,
2581 2761 2678 2814 καὶ
2721 2761 2783 2814 τὸ
2831 2761 2970 2832 βαρὺ
3023 2760 3183 2813 τοῦτο
3237 2760 3337 2831 τῆς
3397 2760 3662 2821 κολάσεως

2086 2853 2467 2922 ἐπικούψισον,
2489 2856 2572 2908 ὅτι
2605 2855 2898 2928 περιέσχον
2931 2871 2998 2923 με
3042 2853 3233 2918 ὠδῖνες
3256 2853 3522 2917 θανάτου,
3554 2853 3662 2904 κίν-

2084 2949 2232 3003 δυνοι
2290 2951 2418 3020 ᾂὸου
2465 2949 2701 3022 εὖροσάν
2754 2967 2843 3019 με.
2907 2949 3234 3016 Ἐπίὸλεψον
3280 2948 3368 3001 ἐπ’
3423 2948 3531 3017 ἐμὲ
3579 2946 3664 3000 καὶ

2087 3041 2311 3110 ἐλέησόν
2343 3059 2433 3112 με,
2465 3043 2562 3095 καὶ
2598 3044 2662 3094 ἐκ
2704 3041 2814 3094 τῶν
2855 3039 3111 3108 ἀναγκῶν
3151 3056 3253 3109 μου
3289 3037 3532 3107 ἐξάγαγε
3569 3052 3660 3107 με’

387 3128 610 3194 gloriam
665 3136 848 3193 tuam,
915 3127 981 3178 ad
1037 3125 1436 3178 conlessionem
1478 3124 1553 3176 tui
1601 3125 1874 3190 nominis,
1918 3126 1975 3178 ad

2092 3135 2405 3204 παράστηθι
2454 3134 2530 3193 ώς
2566 3133 2644 3204 τῷ
2688 3133 3046 3205 παραλυτικῷ
3095 3149 3249 3198 ποτε,
3283 3133 3375 3186 καὶ
3413 3132 3545 3202 ἐμοὶ
3593 3134 3664 3188 εἰς

389 3219 628 3272 dedecus
661 3227 713 3271 et
759 3217 1112 3283 ignominiam
1169 3215 1553 3282 inimicorum,
1598 3217 1662 3270 ad
1714 3216 1978 3286 majorum

389 3318 613 3380 propter
650 3319 698 3363 te
733 3309 1141 3378 pcrpessionum
1173 3308 1537 3366 tolerantiam.

463 3504 632 3562 XXX.
671 3506 795 3562 llaec
839 3523 961 3562 cum
1007 3509 1236 3565 dixisset
1271 3520 1514 3577 sanctus,
1552 3512 1734 3566 statim
1765 3521 1820 3566 et
1863 3522 1977 3566 rota

383 3614 412 3651 a
449 3611 620 3664 motu,
653 3610 708 3654 et
754 3599 848 3670 qui
908 3602 1310 3667 verberabant,
1354 3615 1708 3658 cessaverunt
1743 3621 1770 3657 a
1804 3603 1977 3674 plagis

385 3688 676 3744 afferendis
720 3708 734 3744 :
781 3700 836 3744 et
882 3703 1093 3761 martyr
1126 3693 1346 3761 quidem
1397 3693 1558 3747 simul
1600 3695 1667 3749 ab
1699 3696 1974 3758 cuntibus,

385 3794 434 3839 et
470 3798 500 3836 a
535 3791 674 3848 rota,
703 3794 758 3835 et
793 3796 823 3834 a
859 3783 1088 3837 vinculis
1116 3785 1223 3839 illis
1253 3799 1347 3838 sua
1379 3796 1572 3854 sponte
1606 3787 1816 3840 solutus
1862 3786 1979 3840 fue-

388 3885 504 3939 rat,
549 3885 604 3926 et
665 3875 948 3927 restitutus
1004 3877 1054 3927 in
1101 3877 1354 3944 priorem,
1385 3879 1675 3930 sanitatem
1713 3896 1726 3931 :
1761 3877 1977 3932 lictores

384 3977 567 4021 autem
605 3966 776 4019 subiit
829 3965 1195 4021 membrorum
1233 3968 1538 4022 dissolutio.
1585 3970 1650 4022 Et
1701 3969 1852 4023 multi
1909 3985 1974 4023 ex

386 4057 678 4122 Ennianis,
734 4058 824 4128 qui
862 4060 930 4112 ad
966 4059 1070 4113 tale
1123 4062 1494 4128 spectaculum
1547 4072 1969 4128 concurrerant,

385 4148 534 4204 sanis
575 4162 867 4204 evaserunt
897 4153 1114 4215 animis,
1161 4162 1236 4217 el,
1272 4152 1494 4221 Magnus
1533 4163 1614 4208 est
1651 4153 1790 4208 Deus
1815 4153 1975 4209 Chri-

385 4244 727 4306 stiauornm,
789 4262 982 4314 magna
1040 4261 1172 4300 voce
1221 4247 1686 4305 exclamaverunt.
1751 4247 1975 4319 Magnus

387 4350 515 4389 vero
553 4322 837 4403 Clemens,
892 4337 983 4405 qui
1021 4348 1142 4390 erat
1174 4352 1299 4390 vere
1337 4335 1534 4391 Christi
1572 4337 1810 4407 palmes,
1848 4355 1973 4393 cum

385 4428 548 4484 veluti
590 4431 848 4498 pulchros
884 4433 1145 4500 quosdam
1197 4431 1409 4486 fructus
1443 4448 1539 4488 sua
1577 4433 1815 4487 membra
1868 4435 1974 4488 Deo

383 4520 706 4576 obtulisset:
737 4521 854 4591 Ago
903 4522 996 4576 tibi
1027 4523 1252 4592 gratias,
1291 4525 1532 4588 dicebat,
1568 4540 1602 4578 o
1639 4525 1800 4587 Deus,
1831 4527 1974 4595 quod

386 4609 621 4665 volueris
651 4629 736 4668 me
777 4615 829 4666 in
871 4614 972 4668 hac
1015 4615 1248 4668 tnaxima
1284 4625 1339 4669 et
1368 4616 1803 4685 lrequentissima
1835 4617 1973 4672 etvi-

385 4713 492 4759 tate
538 4706 648 4774 pati
701 4721 801 4775 pro
846 4704 985 4758 Filio
1029 4717 1120 4758 tuo
1149 4707 1446 4776 unigenito,
1488 4709 1578 4776 qui
1613 4710 1726 4776 ipse
1755 4724 1973 4779 quoque

384 4815 579 4870 passus
606 4802 701 4853 luit
735 4817 830 4868 pro
863 4799 1041 4860 nobis,
1069 4806 1123 4852 et
1151 4800 1382 4866 pretium
1415 4812 1611 4854 nostra:
1638 4802 1972 4872 captivitatis

386 4901 442 4947 ct
484 4893 766 4948 servitutis
795 4908 952 4945 suum
995 4890 1182 4944 effudit
1217 4893 1560 4960 sanguinem.
1598 4891 1801 4947 Deinde
1843 4896 1974 4949 sub-

383 4985 568 5056 junxit
610 4988 774 5041 etiam
807 4986 1004 5041 seriem
1049 4997 1365 5040 sanctorum
1387 5029 1402 5051 ,
1432 4988 1523 5054 qui
1566 4986 1751 5044 Roma:
1779 4998 1972 5043 erant:

387 5080 559 5147 Quem
616 5080 842 5145 Petrus,
899 5079 1109 5150 inquit,
1165 5079 1355 5134 docuit
1401 5079 1613 5147 colere,
1665 5092 1721 5135 et
1774 5081 1976 5138 Paulus

387 5173 730 5244 pra-dicavit,
775 5180 830 5226 et
863 5172 956 5242 qui
993 5181 1114 5227 erat
1147 5171 1410 5240 ejusdem,
1453 5172 1609 5241 cujus
1643 5189 1765 5245 ego,
1798 5176 1975 5229 nomi-

389 5261 473 5316 nis
505 5260 756 5316 Clemens
784 5261 872 5315 ille
909 5263 1152 5333 sapiens,
1186 5263 1519 5318 adorandum
1547 5279 1666 5320 esse
1694 5265 1933 5321 decrevit
1959 5285 1974 5330 ;

388 5361 442 5406 et
469 5351 686 5405 divinus
713 5353 967 5421 deinceps
995 5351 1287 5408 Onesimus
1309 5362 1393 5408 est
1419 5352 1721 5408 confessus.
1747 5355 1974 5426 Propter

388 5452 549 5516 quem
599 5444 697 5514 ipsi
741 5458 959 5514 quoque
1000 5445 1170 5514 passi,
1211 5444 1381 5499 libere
1414 5443 1667 5512 loquendi
1705 5455 1975 5516 potestate

389 5535 532 5606 apud
555 5549 649 5590 eos
675 5535 853 5590 valent
886 5536 1205 5605 plurimum,
1230 5545 1283 5589 et
1308 5537 1607 5590 adorantur
1637 5553 1664 5590 a
1700 5536 1972 5607 ﬁdelibus,

389 5625 532 5683 haud
588 5629 662 5684 ita
699 5630 869 5684 multo
915 5639 1039 5700 post
1087 5637 1268 5684 autem
1309 5629 1682 5685 adorabuntur
1739 5632 1902 5688 etiam
1942 5647 1972 5688 a

467 5834 547 5907 ('5)
584 5834 716 5891 Acta
751 5835 954 5909 priora,
991 5835 1183 5891 Paulo.

2083 3225 2244 3290 δόξαν
2304 3226 2441 3296 σὴν,
2492 3228 2568 3289 εἰς
2619 3225 2912 3297 ὁμολογίαν
2965 3225 3060 3278 τοῦ
3109 3224 3204 3278 σοῦ
3254 3224 3547 3294 ὀνόματος,
3593 3226 3664 3286 εἰς

2085 3317 2352 3389 αἰσχύνην
2394 3319 2485 3371 καὶ
2533 3319 2802 3390 ἐντροπὴν
2843 3317 2951 3370 τῶν
3003 3316 3238 3390 ἐχθρῶν,
3283 3320 3363 3381 είς
3405 3316 3664 3370 πλειόνων

2085 3410 2223 3481 ὑπὲρ
2266 3409 2361 3462 σοῦ
2395 3410 2738 3480 παθημάτων
2769 3410 3068 3481 ὑπομονήν.

2153 3501 2233 3558 Λ’.
2272 3502 2458 3556 Ταῦτα
2482 3501 2576 3556 τοῦ
2608 3502 2764 3571 ἁγίου
2808 3504 3074 3567 εἰπόντος,
3096 3503 3298 3566 εὐθέως
3331 3503 3359 3556 ὃ
3387 3520 3442 3555 τε
3477 3503 3662 3573 τροχὸς

2081 3597 2180 3664 τῆς
2206 3597 2400 3667 φοράς,
2453 3595 2548 3648 καὶ
2576 3597 2623 3648 οί
2665 3595 2961 3660 τύπτοντες
2991 3594 3102 3648 τῶν
3135 3593 3361 3665 πληγῶν
3405 3595 3660 3665 ἔστησαν.

2082 3687 2192 3738 Καὶ
2223 3687 2250 3738 ό
2284 3685 2496 3756 μάρτυς
2543 3685 2644 3756 μὲν
2676 3685 2893 3738 πάντων
2924 3685 3062 3755 ὁμοῦ
3086 3686 3180 3741 καὶ
3211 3685 3306 3739 τοῦ
3332 3685 3552 3756 τροχοῦ,
3579 3687 3664 3739 καὶ

2079 3777 2188 3829 τῶν
2219 3775 2436 3846 δεσμῶν
2471 3775 2695 3828 ἐκείνων
2721 3775 3044 3844 αὐτομάτως
3065 3774 3306 3839 ἐλέλυτο,
3339 3775 3431 3827 καὶ
3456 3775 3540 3835 εἰς
3570 3773 3660 3840 τὴν

2081 3871 2353 3941 προτέραν
2416 3867 2604 3937 ὑγείαν
2663 3867 3109 3921 άποκαθίστατο·
3165 3869 3290 3928 τοὺς
3343 3866 3573 3936 δημίους
3613 3865 3662 3918 δὲ

2085 3963 2317 4034 πάρεσις
2362 3963 2538 4034 εἰσῄει
2574 3961 2773 4032 μελῶν,
2822 3961 2916 4014 καὶ
2949 3959 3135 4014 πολλοὶ⁵
3168 3960 3278 4013 τῶν
3310 3959 3404 4012 ἐπὶ
3439 3958 3660 4029 τοιαύτῃ

2082 4055 2497 4126 συνδραμόντων
2521 4053 2618 4125 θέᾳ
2648 4054 2936 4124 Ῥωμαίων
2961 4052 3060 4116 τὰς
3089 4052 3268 4123 ψυχὰς
3303 4051 3660 4122 ύγιάσθησαν,

2081 4149 2196 4214 καὶ,
2239 4149 2427 4216 Μέγας
2449 4150 2476 4201 ὁ
2501 4147 2633 4210 Θεὸς
2659 4146 2766 4200 τῶν
2791 4145 3158 4218 Χριστιανῶν,
3187 4145 3400 4216 μεγάλῃ
3421 4144 3495 4207 ώς
3525 4139 3661 4212 εἶχον

2078 4242 2313 4310 ἐϐόησαν
2363 4243 2431 4310 τῇ
2490 4243 2668 4311 φωνῇ.
2731 4239 2788 4294 Ὀ
2823 4239 3007 4311 μέντοι
3038 4241 3284 4308 γενναῖος
3316 4239 3572 4308 Κλήμης,
3605 4236 3662 4288 τὸ

2081 4335 2300 4403 εὐγενὲς
2331 4335 2406 4398 ώς
2446 4333 2664 4405 ἀληθῶς
2718 4334 2810 4387 τοῦ
2850 4334 3089 4404 Χριστοῦ
3134 4333 3358 4403 κλῆμα,
3415 4330 3661 4400 καθάπερ

2079 4431 2230 4490 τινὰς
2260 4428 2496 4500 ὡραίους
2527 4429 2776 4498 καρποὺς
2805 4429 2874 4482 τὰ
2909 4427 3105 4481 ἑαυτοῦ
3135 4427 3272 4498 μέλη
3308 4425 3660 4497 καρποιρορή-

2086 4539 2186 4586 σας
2211 4522 2364 4591 Θεῷ·
2393 4521 2718 4592 Εὐχάριστῶ
2757 4539 2864 4586 σοι,
2899 4521 3110 4589 ἔλεγεν,
3146 4523 3174 4574 ό
3217 4519 3370 4583 Θεὸς,
3405 4519 3490 4572 ὅτι
3536 4533 3658 4570 κατα

2082 4615 2324 4688 ηξίωσάς
2354 4632 2424 4686 με
2456 4617 2560 4669 κάν
2583 4618 2652 4685 τῇ
2688 4617 2924 4688 μεγίστῃ
2970 4614 3145 4688 ταύτῃ
3183 4615 3276 4666 καὶ
3317 4611 3659 4677 πολυανθρω-

2082 4709 2295 4781 ποτάτῃ
2328 4709 2434 4762 τῶν
2471 4709 2684 4762 πόλεων
2729 4709 2870 4778 ὑπὲρ
2900 4708 2992 4762 τοῦ
3028 4705 3352 4778 μονογενοῦς
3391 4704 3520 4759 Υίοῦ
3568 4721 3656 4757 σου

2083 4801 2300 4866 παθεῖν,
2358 4800 2454 4854 τοῦ
2490 4801 2585 4854 καὶ
2637 4799 2802 4854 αὑτοῦ
2844 4799 3110 4862 παθόντος
3143 4799 3284 4869 ὑπὲρ
3334 4799 3512 4869 ἡμῶν,
3568 4797 3656 4850 καὶ

2082 4893 2279 4965 λύτρον
2333 4893 2432 4962 τῆς
2482 4892 2760 4963 ἡμετέρας
2808 4891 3184 4963 αἰχμαλωσίας
3211 4891 3304 4944 καὶ
3337 4895 3434 4960 τῆς
3463 4888 3627 4943 δουλώ

2079 5007 2238 5053 σεως,
2271 4989 2330 5042 τὸ
2354 4991 2556 5044 οἰκεῖον
2580 4985 2721 5060 αἷμα
2748 4990 3059 5060 ἐκχέαντες.
3090 4987 3221 5043 Εἶτα
3246 4991 3342 5045 καὶ⁸
3370 4991 3458 5044 τὸν
3487 4993 3656 5060 ὁρμαο

2079 5084 2171 5137 θον
2197 5083 2308 5138 τῶν
2361 5084 2418 5136 ἐν
2471 5085 2538 5154 τῇ
2587 5081 2775 5154 Ῥώμῃ
2831 5083 3006 5151 ἁγίων
3034 5085 3274 5153 ἐπῆγεν·
3309 5085 3408 5137 Ὃν
3439 5084 3652 5152 Πέτρος.

2079 5179 2268 5249 φησὶν,
2323 5177 2529 5245 ἐδίδαξε
2579 5177 2784 5242 σέϐειν.
2848 5179 2943 5232 καὶ
2976 5177 3188 5242 Παῦλος
3241 5177 3480 5250 ἐκήρυξε
3507 5176 3596 5230 καὶ
3625 5174 3652 5224 ὁ

2080 5268 2395 5339 συνώνυμος
2431 5268 2555 5341 ἐμοὶ
2609 5268 2844 5338 Κλήμης
2899 5271 2928 5323 ό
2977 5270 3142 5339 σοφὸς
3191 5268 3534 5339 ἐδογμάτισε,
3563 5267 3653 5318 καὶ

2096 5363 2384 5432 Ὀνήσιμος
2415 5363 2444 5414 ό
2463 5361 2605 5426 θεῖος
2627 5362 2756 5431 ἑξῆς
2787 5363 3143 5433 ὡμολόγησεν
3171 5379 3184 5394 ·
3212 5361 3280 5415 δι’
3301 5362 3361 5416 ὃν
3394 5362 3488 5415 καὶ
3508 5358 3653 5413 αὐτοὶ

2084 5455 2350 5518 παθόντες
2387 5455 2593 5525 πολλήν
2628 5473 2685 5509 τε
2719 5456 2858 5526 πρὸς
2913 5457 3076 5509 αὑτὸν
3103 5455 3286 5526 ἔχουσι
3312 5453 3412 5525 τὴν
3449 5453 3653 5523 παρρη-

2085 5546 2228 5615 σίαν,
2282 5547 2379 5600 καὶ
2412 5547 2519 5600 ὑπὸ
2549 5547 2768 5601 πάντων
2799 5547 3009 5602 πιστῶν
3045 5547 3496 5618 προσκυνοῦνται,
3539 5540 3649 5613 μεθ

2083 5640 2142 5692 οὐ
2175 5639 2309 5693 πολῦ
2345 5639 2400 5693 δέ
2431 5641 2524 5693 καὶ
2575 5641 2679 5695 ὑπὸ
2721 5641 2964 5696 εὐσεϐῶν
2989 5639 3252 5711 βασιλέων
3284 5632 3649 5711 προσκυνηθή-
