3832 6462
275 311 372 376 Sil

1315 315 1492 377 VITA
1536 317 1600 378 S.
1629 314 2066 379 CLEMENTIS
2108 310 2518 375 'ANCYRANI.

3447 309 3552 389 sta

272 448 475 487 σονται.
499 429 672 485 Τοῦτο
691 428 748 484 δέ
769 423 891 484 εἷπε
913 426 1324 502 προαναφωνῶν
1352 428 1452 500 τὴν
1476 429 1576 503 τῆς
1604 427 1862 491 ἀσεϐείας

1996 426 2218 482 ideiibm
2243 423 2690 497 imperatoribus.
2724 425 2837 483 Hoc
2861 433 3042 502 autem
3068 424 3224 494 dixit,
3257 425 3553 498 praedicens

272 521 614 596 καθαίρεσιν.

343 686 469 743 AA'.
509 687 700 742 Ταῦτα
738 688 966 759 μείζονα
1015 686 1389 759 Διοκλητιανῷ
1425 687 1522 742 τοῦ
1562 687 1738 760 θυμοῦ
1764 688 1865 761 τὴν

274 781 450 851 φλόγα
480 779 678 843 ἐποίει,
708 782 804 835 καὶ
837 781 1053 845 στύλοις
1086 781 1310 834 ἐκέλευε
1359 780 1600 852 σιδηροῖς
1624 781 1687 834 τὸ
1717 798 1864 852 μαρ-

272 875 498 948 τυρικδν
550 877 729 930 ἐκεῖνο
763 875 938 946 στόμα
993 873 1455 929 συνθλάττεσθαι·
1493 873 1616 928 ὃθεν
1666 875 1716 928 οἱ
1767 874 1867 946 μέν

273 969 486 1030 ὀδόντες
516 967 681 1031 εύθ“.ς
721 966 1098 1039 ἐξεκρούοντο,
1150 968 1206 1020 αι
1245 965 1498 1034 σιαγόνες
1527 965 1584 1018 δέ
1617 964 1865 1033 συνετρί-

274 1060 450 1114 ϐοντο.
496 1058 559 1115 Ἥ
593 1058 650 1116 δὲ
682 1059 834 1130 φωνὴ
858 1058 957 1128 οὐκ
982 1057 1258 1129 ἐπείχετο,
1298 1057 1422 1111 οὐδέ
1455 1074 1539 1120 τις
1571 1057 1664 1110 καὶ
1691 1055 1866 1129 μικρά

275 1153 469 1220 Digest;
493 1154 594 1223 τῆς
627 1153 849 1224 μακρᾶς
882 1150 1098 1223 ἐκείνης
1120 1152 1436 1226 παρρησίας
1467 1151 1678 1220 ἐγίνετο
1697 1166 1711 1180 ·
1731 1150 1788 1204 ἀ)
1800 1150 1868 1206 λά

275 1247 372 1301 καὶ
401 1245 510 1304 τῶν
542 1244 755 1318 δημίων
789 1245 902 1298 τῶν
958 1245 1170 1316 σιωπὴν
1215 1243 1368 1316 αὐτῷ
1399 1243 1866 1314 ἐγκελευομένων,

276 1337 439 1401 αὐτὸς
463 1336 492 1388 ό
521 1335 683 1399 αὐτὸς
711 1329 802 1408 ἦν,
827 1334 925 1390 καὶ
953 1335 1077 1390 ούδέ
1112 1335 1312 1406 μικρὸν
1346 1335 1518 1405 ύφίει,
1555 1336 1868 1391 τούναντίον

279 1429 379 1499 μὲν
407 1423 501 1482 οὖν
533 1430 628 1482 καὶ
661 1427 873 1500 μείζονι
892 1428 1164 1500 ἐκέχρητο
1181 1431 1247 1500 τῇ
1282 1432 1462 1502 φωνῇ,
1510 1429 1765 1500 καθάπερ
1785 1446 1868 1494 τις

276 1520 514 1591 χαλκοῦς
551 1522 776 1594 ἀνδριὰς
795 1525 866 1594 τῇ
894 1523 1236 1595 σφοδροτέρᾳ
1259 1523 1446 1595 πληγῇ
1478 1523 1701 1594 μείζονα
1734 1525 1872 1594 μᾶλ-

275 1612 366 1666 λον
393 1611 488 1666 τὸν
509 1608 642 1684 ἦχον
669 1612 975 1668 ἀποτελῶν.
1003 1613 1123 1683 Ἐφ’
1145 1607 1229 1678 οἷς
1247 1615 1340 1668 καὶ
1359 1605 1522 1678 αύτὸς
1552 1612 1870 1686 ἀπαγορεύ-

279 1722 378 1770 σας
404 1709 432 1760 ό
465 1706 744 1778 βασιλεὺς,
772 1707 946 1779 δεσμά
976 1707 1075 1762 καὶ
1104 1706 1202 1780 τὴν
1233 1707 1342 1763 ἀπὸ
1374 1707 1485 1762 τῶν
1523 1707 1740 1778 δεσμῶν
1773 1725 1873 1762 ται·

1967 533 2095 582 mox
2128 516 2410 574 delendam
2443 516 2800 589 impietatem.

2040 685 2230 742 XXXI.
2264 684 2390 741 llaec
2404 684 2730 741 Diocletiani
2769 685 3009 740 animum
3039 685 3220 742 acrius
3249 685 3554 746 inflamnsae

1970 789 2166 834 verunt
2198 795 2210 832 :
2239 778 2406 849 jussit
2427 785 2607 834 autem
2639 777 2795 849 stylis
2839 777 3034 834 ferreis
3057 777 3188 834 illud
3229 777 3552 848 praeclarum

1972 872 2224 944 martyris
2280 886 2344 927 os
2413 871 2674 927 contundi
2731 886 2796 927 ac
2837 870 3129 943 confringi.
3190 871 3309 939 Quo
3351 870 3551 925 factum

1970 973 2076 1033 est,
2111 964 2380 1020 utdentes
2405 963 2622 1034 quidem
2651 979 2774 1019 mox
2815 962 3294 1028 labefactarentur,
3327 961 3556 1034 maxilla:

1972 1071 2102 1113 vero
2134 1064 2577 1113 contererentnr.
2618 1054 2735 1112 Vox
2768 1064 2949 1112 tamen
2993 1070 3100 1111 non
3137 1056 3556 1128 reprimebatnr,

1971 1165 2148 1222 neque
2197 1150 2271 1206 illi
2316 1149 2542 1221 prolixa:
2595 1149 2851 1220 loquendi
2905 1148 3147 1222 libertati
3191 1148 3276 1206 vel
3330 1147 3556 1203 minima

1971 1244 2205 1299 dabatur
2257 1243 2508 1299 remissio
2553 1242 2695 1299 :sed
2730 1245 2896 1313 etiam
2943 1241 3226 1298 lictoribus
3266 1249 3325 1297 ut
3370 1240 3561 1296 sileret

1969 1338 2322 1412 iubentibus,
2365 1337 2481 1407 ipse
2513 1336 2660 1401 idem
2709 1348 2864 1404 erat,
2915 1344 2970 1396 et
2999 1351 3067 1392 ne
3109 1349 3299 1406 parum
3340 1333 3560 1405 quidem
3619 1375 3622 1379 ν

1975 1433 2323 1489 remittebat:
2352 1429 2447 1488 sed
2474 1439 2668 1499 contra
2693 1432 2858 1486 etiam
2888 1445 3023 1487 voce
3045 1430 3299 1501 utebatur
3329 1427 3557 1499 majore,

1975 1543 2082 1586 non
2113 1541 2274 1585 secus
2299 1541 2364 1583 ac
2389 1533 2567 1583 statua
2598 1529 2843 1598 quaedam
2881 1542 3054 1592 aenea,
3098 1541 3219 1598 quae
3253 1524 3359 1593 icta
3393 1523 3563 1582 velte:

1976 1621 2249 1695 mentitis,
2282 1619 2554 1690 majorem
2589 1621 2701 1676 edit
2731 1619 2990 1676 sonitum.
3033 1617 3400 1686 Quamobrem
3438 1629 3561 1670 cum

1977 1714 2095 1787 ipse
2127 1729 2340 1786 quoque
2366 1703 2662 1795 imperator
2687 1725 2833 1770 esset
2863 1712 3214 1784 defatigatus,
3245 1709 3480 1777 vinculis
3507 1717 3565 1764 et

275 1801 588 1875 λαιπωρίαν
635 1804 740 1875 Ξλῳ
791 1803 870 1876 τῷ
918 1808 1158 1878 μάρτυρι
1211 1805 1491 1878 περιθεὶς,
1542 1810 1609 1880 τῇ
1652 1806 1868 1880 φυλακῇ

1996 1823 2096 1880 tua:
2124 1823 2192 1865 ex
2220 1796 2300 1864 eis
2324 1808 2499 1864 oritur
2533 1805 2825 1863 atllictione
2865 1815 2921 1862 et
2953 1805 3175 1861 miseria
3203 1803 3301 1878 toti
3333 1801 3564 1876 martyri

279 1914 357 1949 πα
363 1895 640 1968 ραδίδωσι.

351 2059 476 2127 AB’,
506 2061 578 2115 Τὸ
611 2062 795 2134 μέντοι
819 2063 929 2122 τῶν
959 2064 1372 2121 πιστευσάντων
1402 2065 1605 2138 πλῆθος
1623 2067 1704 2138 τῷ
1731 2069 1869 2124 κατά

278 2154 372 2218 τὸν
412 2155 609 2226 τροχὸν
660 2155 924 2228 θαύματι,
958 2157 1154 2230 ἄνδρες
1195 2175 1259 2213 τε
1291 2160 1388 2213 καὶ
1413 2160 1540 2216 ὅσον
1569 2159 1782 2234 ἔμφρον
1813 2164 1872 2217 ἐν

280 2249 530 2316 γυναιξὶν
558 2245 649 2320 ἦν,
679 2249 781 2323 τὴν
801 2249 908 2323 γῆν
939 2251 1041 2324 ήδη
1067 2249 1166 2305 τοῦ
1199 2251 1352 2323 ήλίου
1388 2252 1751 2318 ἀπολιπόντος
1781 2254 1876 2308 ἀλ-

281 2343 466 2416 λήλοις
488 2344 830 2417 συνθέμενοι,
855 2345 918 2399 τὸ
943 2345 1322 2418 δεσμωτήριον
1366 2346 1508 2418 μετά
1532 2348 1642 2403 τῶν
1665 2348 1876 2404 παίδων

283 2437 565 2510 εἰσῄεσαν·
595 2435 716 2493 εἶτα
736 2439 845 2494 τῶν
875 2440 1088 2494 ἐκείνου
1119 2439 1300 2496 ποδῶν
1329 2441 1629 2512 ἁπτόμενοι
1661 2441 1877 2497 ἐδέοντο

287 2529 434 2600 μάλα
469 2529 689 2602 θερμῶς
743 2530 886 2585 ὥστε
913 2531 1008 2585 τοῦ
1041 2531 1190 2587 θείου
1235 2533 1648 2605 καταξιωθῆναι
1685 2535 1878 2607 βαπτίτ

286 2639 516 2692 σματος.
575 2625 720 2696 Πρὸς
760 2623 856 2679 οὖν
903 2625 1094 2697 δέησιν
1128 2623 1272 2694 οὕτω
1313 2626 1524 2698 θερμὴν
1562 2628 1878 2700 θερμότατα

287 2715 383 2770 καὶ
415 2716 578 2780 αὐτὸς
617 2716 935 2785 ἐπινεύσας,
969 2717 1134 2782 εὐθὺς
1162 2717 1402 2772 ἐπετίθει
1435 2719 1496 2773 τὸ
1520 2719 1880 2792 ἐργον.Κατά

287 2807 422 2879 γοῦν
441 2808 540 2882 τὴν
569 2809 818 2882 φυλακὴν
842 2811 1107 2880 ἀφθονίας
1141 2811 1356 2880 ὑδάτων
1389 2811 1579 2886 οῠσης,
1609 2813 1710 2878 τὰς
1740 2815 1880 2868 καοο

285 2903 532 2973 ηκούσας
578 2921 640 2957 τε
684 2905 850 2969 αὐτὸς
903 2906 1070 2976 εὐχὰς
1103 2907 1377 2978 ἐπιλέγει,
1422 2909 1519 2962 καὶ
1551 2907 1650 2963 σὺν
1697 2909 1882 2974 αὐτοῖς

289 2997 450 3050 παισὶ
483 2995 694 3059 πάντας
723 2995 820 3051 τοῦ
877 2997 1028 3071 ίεροῦ
1082 2999 1463 3071 βαπτίσματος
1491 2998 1654 3068 ἀξιοῖ.
1685 3001 1884 3056 Μέσων

286 3087 348 3140 δέ
379 3089 593 3144 νυκτῶν
633 3090 732 3144 καὶ
777 3091 898 3146 θεία
923 3110 1007 3158 ¹τις
1037 3094 1224 3158 αὐτοῖς
1258 3094 1547 3164 ἐφίσταται
1587 3093 1730 3165 ὄψις,
1765 3094 1882 3164 φῶς

1981 1902 2231 1974 imposita
2253 1943 2268 1970 ,
2302 1902 2468 1959 tradit
2500 1915 2622 1958 eum
2655 1901 2708 1957 in
2740 1901 3064 1973 custodiam.

2052 2070 2271 2128 XXXII.
2306 2068 2593 2128 Multitudo
2631 2076 2812 2126 autem
2847 2083 3059 2137 eorum,
3092 2069 3184 2142 qui
3230 2079 3361 2130 rotat
3396 2069 3571 2132 mira:

1981 2165 2107 2222 culo
2129 2164 2493 2238 crediderant,
2517 2162 2642 2228 viri,
2665 2169 2722 2218 et
2742 2177 3082 2234 quaecunque
3105 2151 3260 2226 erant
3281 2162 3570 2234 prudentia

1981 2259 2222 2331 praeditas
2261 2257 2548 2322 mulieres,
2576 2255 2710 2311 inita
2753 2255 2898 2312 inter
2925 2269 2986 2312 se
3024 2256 3418 2328 conventione,
3452 2270 3575 2320 car:

1986 2364 2172 2405 cerem
2197 2363 2324 2404 cum
2353 2347 2539 2418 pueris
2575 2345 2806 2416 ingressi
2844 2354 2991 2418 sunt2
3034 2346 3242 2414 Deinde
3291 2356 3575 2426 tangentes

1985 2441 2132 2498 Illius
2151 2442 2338 2520 pedes,
2357 2440 2518 2506 valde
2536 2440 2735 2496 acriter
2754 2448 3036 2516 rogarunt,
3063 2449 3122 2509 ut
3140 2439 3377 2495 ditiinum
3393 2426 3576 2512 bapti:

1985 2547 2161 2590 smum
2180 2539 2668 2603 consequerentur.
2683 2532 2820 2588 Cum
2847 2533 3027 2605 itaque
3060 2534 3311 2604 precibus
3337 2543 3444 2590 tam
3479 2549 3578 2597 νοτ

1987 2626 2334 2684 Itementibus
2371 2627 2488 2697 ipse
2516 2641 2732 2698 quoque
2775 2616 3097 2692 alacerrime
3127 2628 3429 2696 annuisset,
3459 2645 3574 2707 rent

1988 2716 2170 2774 statim
2197 2725 2282 2772 est
2315 2731 2624 2788 aggressus.
2669 2716 2809 2772 Dum
2853 2717 3036 2786 itaque
3086 2718 3139 2772 in
3177 2732 3403 2776 carcere
3427 2730 3576 2794 esset

1991 2823 2144 2880 aquae
2160 2809 2337 2880 c0pia,
2357 2818 2412 2864 et
2426 2808 2538 2880 ipse
2550 2823 2684 2878 quas
2697 2816 2914 2881 oportet
2929 2823 3120 2880 preces
3136 2809 3364 2881 profert,
3381 2820 3436 2879 et
3453 2827 3576 2882 eunt

1991 2904 2124 2974 ipsis
2154 2903 2333 2975 pueris
2379 2919 2572 2960 omnes
2603 2918 2761 2960 sacro
2793 2904 3046 2978 dignatur
3079 2905 3425 2980 baptismate,
3466 2905 3580 2980 Ile:

1994 2997 2079 3052 dia
2118 2981 2299 3052 autem
2340 3005 2497 3053 nocte
2525 2997 2607 3065 eis
2645 2997 2827 3070 divina
2853 2982 3104 3080 quaedam
3144 3009 3371 3084 apparet
3417 3000 3579 3085 visio,

1995 3104 2192 3161 nempe
2215 3089 2306 3144 lux
2332 3089 2613 3160 quazdam,
2642 3104 2764 3175 qua:
2787 3103 2966 3160 neque
2996 3091 3177 3156 verbis
3207 3092 3440 3166 exprimi
3481 3109 3580 3167 po:

287 3177 403 3239 οἷον
437 3187 678 3259 ἄρρητον
702 3189 796 3242 καὶ
827 3189 1062 3244 ἀθέατον
1091 3191 1214 3244 ὅλον
1244 3191 1386 3262 ὁμοῦ
1419 3191 1480 3245 τὸ
1506 3191 1879 3262 δεσμωτήριον

1997 3195 2122 3262 test,
2152 3195 2208 3241 et
2251 3199 2416 3268 quam
2445 3185 2717 3253 humanus
2752 3199 2858 3240 non
2909 3184 3150 3255 admittit
3177 3196 3452 3261 aspectus,
3488 3175 3584 3251 to-_

288 3279 732 3349 καταστράπτον.
773 3277 865 3333 Ἐν
898 3280 1050 3352 μέσῳ
1096 3279 1154 3334 δέ
1199 3280 1278 3354 τῷ
1317 3281 1456 3352 φωτὶ
1483 3282 1577 3336 καὶ
1606 3283 1746 3355 ἀνὴρ
1784 3283 1886 3360 τὴν

287 3367 416 3439 ὄψιν
443 3369 583 3438 ἄγαν
627 3370 878 3442 φαιδρὸς,
919 3371 1021 3444 τὴν
1074 3371 1278 3443 ἐσθῆτα
1320 3371 1595 3445 λαμπρὸς,
1646 3375 1762 3444 φῶς
1789 3374 1886 3443 καὶ

290 3462 460 3528 αὐτὸς
483 3464 603 3528 ὅλος
627 3463 727 3529 ὢν,
751 3465 982 3538 πτέρυξι
1023 3465 1358 3538 βαθυτάταις
1380 3455 1592 3542 κομῶν·
1621 3462 1779 3542 οὗτος
1807 3465 1886 3539 τῷ

294 3557 587 3632 θαυμασίῳ
643 3559 924 3632 Κλήμεντι
985 3545 1344 3634 προσελθὼν,
1385 3544 1551 3634 ἄρτον
1605 3563 1756 3636 αὐτῷ
1791 3563 1886 3617 καί⁵

292 3653 558 3724 ποτήριον
589 3655 912 3727 ἐγχειρίζει.
941 3655 1176 3710 Ἔπειτα
1204 3658 1233 3710 ό
1271 3656 1372 3728 μέν
1394 3656 1610 3728 ἀφανὴς
1636 3653 1727 3729 ἦν,
1759 3658 1886 3722 τοὺς

290 3741 350 3796 δέ
382 3746 543 3817 καὶὴ
593 3745 747 3820 φωνὴ
798 3749 937 3822 αὑτὴ
996 3747 1271 3803 ἐπιλείπει
1321 3749 1402 3822 τῷ
1465 3750 1758 3822 παραδόξῳ
1786 3751 1887 3823 τῆς

295 3833 426 3901 θέας
455 3837 933 3909 καταπλαγέντας.
969 3841 1042 3894 ’Ὃ
1071 3857 1136 3909 γε
1177 3840 1285 3912 μὴν
1323 3841 1622 3913 ἱερώτατος
1651 3843 1886 3916 Κλήμης

295 3927 592 3998 συμϐαλὼν
617 3930 778 3995 εὐθὺς
807 3930 884 3996 ὡς
917 3931 1006 4003 είη
1038 3933 1147 4006 ἀρα
1183 3932 1433 4006 σύμϐολα
1461 3935 1638 3991 ταῦτα
1661 3934 1756 3990 τοῦ
1790 3937 1888 3990 Δε-

295 4020 562 4075 σποτικοῦ
595 4021 850 4093 σώματός
875 4041 935 4078 τε
957 4025 1052 4079 καὶ
1073 4025 1326 4096 αἵματος,
1354 4026 1655 4093 ὑπεδέξατό
1685 4045 1745 4082 τε
1765 4027 1886 4097 λίαν

294 4113 439 4170 αύτά
467 4114 734 4180 εὐλαϐῶς,
763 4119 860 4171 καὶ
888 4116 988 4181 τὰς
1020 4118 1276 4189 συνήθεις
1303 4119 1472 4191 εύχάς
1499 4121 1745 4176 ἐπειπὼν
1775 4138 1888 4188 itot—

302 4211 462 4262 νωνεϊ
489 4206 670 4262 αὐτῶν
702 4210 818 4272 τοῖς
845 4207 948 4281 ήδη
984 4208 1439 4284 βαπτισαμένοις.

1993 3288 2108 3334 tum
2163 3278 2328 3333 simul
2379 3286 2635 3348 tanquam
2679 3277 2864 3347 fulgur
2911 3277 3146 3346 illustrat
3192 3293 3490 3350 carcerem.
3523 3279 3582 3355 In

1991 3371 2168 3438 media
2219 3385 2349 3426 vero
2405 3369 2525 3431 luce
2575 3379 2695 3438 erat
2746 3370 2830 3424 vir
2879 3369 3104 3444 quidam
3150 3382 3372 3442 aspectu
3427 3373 3583 3429 valde

1990 3463 2192 3530 alacer,
2219 3460 2501 3533 splendida
2570 3469 2752 3516 autem
2807 3470 2961 3534 veste
3006 3462 3253 3528 indutus,
3312 3462 3404 3532 qui
3469 3461 3584 3532 ipse

1991 3570 2206 3628 quoque
2230 3567 2348 3610 erat
2371 3554 2462 3610 lux
2500 3563 2649 3610 totus
2675 3563 2937 3636 quantus,
2968 3555 3164 3626 pennis
3195 3555 3427 3626 insignis
3452 3555 3585 3616 dena

1991 3649 2248 3707 sissimis.
2277 3649 2330 3704 ls
2353 3663 2475 3704 cum
2516 3648 2584 3704 ad
2629 3647 2959 3704 Clementem
2991 3649 3316 3705 accessisset
3347 3648 3588 3712 admirag

1989 3741 2178 3810 bilem,
2202 3741 2251 3798 ei
2283 3741 2334 3796 in
2358 3755 2553 3796 manus
2582 3739 2752 3810 tradit
2782 3754 2977 3812 panem
3009 3750 3063 3796 et
3091 3740 3342 3796 calicem.
3378 3741 3585 3804 Deinde

1993 3835 2084 3891 ille
2137 3834 2355 3905 quidem
2395 3834 2646 3902 evanuit,
2687 3848 2782 3890 eos
2827 3841 3008 3888 autem
3055 3832 3170 3900 ipsa
3219 3849 3433 3905 quoque
3485 3850 3586 3909 νοις

1991 3929 2195 4004 deﬁcit,
2250 3927 2425 4006 utqui
2462 3925 2774 3998 spectacqu
2823 3926 3127 3983 admirabili
3172 3938 3362 3984 essent
3398 3929 3588 4002 οὺειιιτ

1993 4019 2214 4093 pefacti,
2268 4019 2660 4091 sanctissimus
2703 4031 2883 4073 autem
2920 4019 3172 4076 Clemens
3231 4035 3354 4075 eum
3403 4021 3586 4090 statim

1993 4112 2320 4183 coniecisset
2356 4126 2418 4166 ea
2453 4126 2574 4167 esse
2609 4111 2761 4182 signa
2796 4109 3062 4167 Dominici
3095 4111 3344 4182 corporis
3371 4123 3426 4168 et
3457 4127 3589 4176 san:

1995 4206 2212 4276 guinis,
2245 4221 2308 4262 ea
2343 4216 2397 4261 et
2449 4205 2607 4261 valde
2663 4208 2749 4276 pie
2782 4205 3070 4278 suscepit,
3121 4213 3177 4262 et
3219 4222 3343 4261 cum
3398 4223 3589 4278 preces

1998 4280 2223 4355 dixisset
2245 4306 2558 4364 consuetas,
2583 4314 2644 4354 ea
2668 4298 3036 4371 communicat
3068 4297 3156 4371 iis,
3183 4299 3273 4380 qui
3293 4298 3406 4370 jam
3431 4310 3592 4376 erant

2000 4389 2286 4462 baptizati.

279 4536 292 4541 ’
371 4548 497 4604 Al".
525 4547 798 4604 Πλειόνων
829 4548 1014 4604 τοίνυν
1047 4547 1308 4604 ἑκάστοτε
1334 4548 1470 4620 πρὸς
1492 4549 1656 4605 αὐτὸν
1678 4551 1879 4620 ἰόντων,

2073 4551 2318 4608 XXXIII.
2355 4553 2490 4608 Cum
2537 4568 2668 4637 ergo
2714 4553 3021 4623 complures
3064 4552 3130 4623 ad
3183 4566 3305 4608 eum
3351 4554 3591 4625 undiqne

302 4645 398 4699 καί
422 4644 484 4697 τὸ
517 4643 893 4714 δεσμωτήριον
939 4640 1239 4713 ἐκκλησίαν
1266 4642 1676 4714 ἐργαζομένων,
1717 4657 1893 4717 προσο

303 4736 450 4808 θήκη
479 4752 540 4789 τε
575 4735 657 4806 τῷ
707 4735 904 4807 πλήθει
933 4735 1044 4789 τῶν
1091 4734 1445 4807 Χριστιανῶν
1487 4735 1814 4808 γινομένων,
1845 4739 1896 4792 οἱ

303 4828 719 4899 δεσμοφύλακες
761 4828 1173 4898 ἀπαγγέλλουσι
1214 4827 1388 4883 ταῦτα
1418 4827 1496 4899 τῷ
1531 4828 1760 4900 βασιλεῖ.
1789 4831 1898 4884 Καὶ

306 4922 366 4986 ὃς
389 4920 762 4992 συλληφθῆναι
785 4937 847 4974 τε
876 4921 1081 4986 αὐτοὺς
1107 4920 1324 4975 κελεύει
1359 4921 1579 4989 νυκτὸς,
1617 4924 1713 4977 καὶ
1739 4925 1790 4976 εί
1823 4922 1899 4995 μὴ

308 5016 407 5087 τὴν
465 5012 754 5069 εὐσέϐειαν
808 5012 1025 5086 ἔξαρνοι
1074 5013 1339 5083 γίνονται,
1395 5015 1643 5083 ἀνηλεῶς
1690 5016 1902 5080 πάντας

307 5107 695 5180 ἀναιρεθῆναι.
737 5107 802 5160 Ol
851 5107 912 5162 δὲ
972 5107 1050 5171 ὡς
1100 5106 1195 5161 τοῦ
1249 5106 1515 5179 βασιλέως
1567 5108 1904 5182 πρόσταγμα

309 5204 714 5275 συλληφθιντες
747 5203 848 5258 ούκ
896 5203 1132 5278 ἀμαθεῖς
1178 5203 1489 5277 εὑρέθησαν
1531 5206 1627 5260 τοῦ
1655 5206 1717 5260 τὸ
1739 5206 1904 5260 καλὸν

307 5299 636 5367 ἐκλέξασθαι
666 5300 762 5354 καὶ
796 5298 1100 5371 συμφέρον,
1149 5297 1288 5352 ἀλλά
1342 5297 1654 5369 ἀποστῆναι
1701 5299 1905 5370 μᾶλλον

306 5398 403 5467 τῆς
425 5391 768 5466 προσκαίρου
809 5391 980 5460 ζωῆς,
1016 5391 1050 5464 ἢ
1082 5390 1321 5464 Χριστοῦ
1369 5392 1466 5445 τοῦ
1499 5391 1806 5458 πλάσαντός
1836 5411 1897 5446 τε

307 5490 405 5545 καὶ
428 5487 818 5558 ἀγαπήσαντος
833 5485 930 5540 καὶ⁵
952 5483 1318 5548 ἀποθανόντος
1335 5483 1476 5555 ὑπὲρ
1493 5485 1525 5555 ή
1533 5485 1649 5555 μῶν
1668 5485 1895 5542 εἴλοντο.

308 5583 402 5636 Διὸ
431 5581 529 5634 καὶ¹
555 5579 663 5651 πρὸ
690 5579 790 5650 τῆς
818 5578 1048 5642 πόλεως,
1088 5575 1344 5650 καθάπερ
1373 5581 1495 5634 τινά
1519 5579 1642 5651 ἱερά
1679 5578 1898 5651 θύματα

310 5671 541 5737 ἑαυτούς
589 5689 650 5727 τε
707 5671 803 5726 καὶ
861 5671 1059 5735 παῖδας
1113 5669 1195 5742 τῷ
1234 5671 1479 5744 Δεσπότη
1511 5672 1900 5743 προσάγουσιν,

314 5767 527 5838 οὐδενὸς
561 5767 684 5820 τότε
715 5765 846 5836 γοῦν
877 5763 1271 5836 ὑπολειφθῆναι
1316 5765 1709 5838 ἀνασχομένου,
1762 5767 1902 5839 πλὴν

645 5868 910 5941 Parnm.
961 5865 1076 5925 Gn.
1129 5863 1337 5940 CXIV.

2001 4649 2348 4710 accederent,
2378 4655 2434 4703 et
2460 4660 2737 4711 carcerem
2774 4646 3014 4701 facerent
3036 4646 3343 4716 ecclesiam,
3368 4655 3421 4718 et
3451 4648 3593 4722 mnlg

2005 4739 2222 4796 titudini
2278 4738 2717 4810 Christianorum
2787 4737 2938 4794 lieret
2996 4739 3275 4804 accessio,
3335 4740 3590 4808 custodes

2006 4834 2246 4892 carceris
2280 4835 2394 4890 Itmc
2447 4833 2760 4907 renuntiant
2815 4833 3150 4906 imperatori.
3193 4832 3288 4905 Ille
3324 4843 3505 4906 autem
3535 4843 3593 4892 et

2007 4943 2099 4985 eos
2119 4930 2274 5000 jubet
2297 4938 2456 4995 noctu
2482 4925 2890 4998 comprehendi,
2924 4937 2977 4980 et
3009 4925 3108 4979 nisi
3137 4926 3392 4997 pietatem
3421 4928 3590 4984 abne-

2009 5025 2277 5094 gaverint,
2300 5037 2488 5093 omnes
2513 5023 2647 5076 citra
2675 5020 2836 5091 ullam
2867 5020 3103 5090 interimi
3133 5021 3590 5095 misericordiam.

2010 5117 2086 5173 Illi
2124 5133 2256 5172 vero
2305 5114 2687 5185 comprehensi
2739 5113 2899 5185 jussu
2953 5115 3334 5189 imperatoris,
3391 5115 3593 5186 inventi

2010 5221 2137 5267 sunt
2170 5226 2276 5274 non
2313 5209 2485 5280 ignari
2529 5210 2684 5279 ejus,
2725 5207 2868 5276 quod
2917 5216 3036 5278 erat
3087 5208 3286 5278 bonum
3321 5216 3374 5262 et
3421 5202 3554 5263 utile
3578 5247 3592 5272 ,

2009 5303 2283 5375 eligendi;
2320 5303 2414 5358 sed
2443 5301 2512 5358 ab
2547 5301 2669 5378 hac,
2699 5317 2818 5372 qum
2850 5310 2935 5362 est
2963 5301 3029 5355 ad
3057 5309 3290 5370 tempus,
3332 5300 3440 5352 vita
3477 5316 3597 5362 tua:

2014 5397 2229 5452 luerunt
2256 5397 2510 5465 recedere
2536 5435 2551 5471 ,_
2579 5383 2740 5465 quam
2772 5409 2801 5448 a
2827 5393 3041 5461 Christo
3067 5392 3302 5449 deficere
3328 5431 3343 5457 ,
3374 5390 3466 5461 qui
3497 5406 3598 5462 nos

2010 5488 2288 5555 formavit,
2314 5498 2368 5542 et
2395 5487 2604 5552 dilexit,
2629 5495 2684 5542 ct
2706 5498 2947 5542 mortuus
2973 5495 3054 5542 est
3075 5501 3170 5557 pro
3193 5486 3371 5541 nobis.
3389 5488 3598 5553 Quam,

2012 5583 2198 5638 obrem
2244 5592 2373 5637 ante
2423 5581 2740 5653 civitatem,
2783 5592 3041 5650 tanquam
3094 5595 3281 5634 sacras
3328 5580 3594 5653 quasdam

2012 5675 2246 5753 hostias,
2293 5676 2501 5747 seipsos
2555 5685 2609 5730 et
2668 5673 2806 5748 filios
2858 5671 3094 5744 oll‘ernnt
3139 5672 3403 5739 Domino,
3475 5690 3598 5747 eum

2014 5767 2196 5826 nullus
2233 5779 2360 5827 tunc
2404 5781 2690 5826 remanere
2741 5767 3092 5825 sustinuisset
3139 5774 3338 5836 preter
3386 5781 3595 5860 unuma

3171 5865 3246 5946 ?7
