3832 6468
277 282 384 348 843

1500 282 1781 344 MENSIS
1808 281 2265 345 JANUARIUS.

3428 289 3531 353 844
3595 249 3602 254 ’

267 400 428 467 cujus
460 397 674 468 quidem
706 404 824 451 erat
851 397 1064 451 animus
1089 395 1367 466 aliquanto
1387 397 1683 467 juvenilior
1707 415 1721 452 ι
1749 412 1853 452 nou

1967 396 2070 466 ἄρα
2100 395 2242 460 ἐνὸς,
2277 392 2368 448 καὶ
2415 393 2606 449 τούτου
2634 393 3027 468 νεανικώτερόν
3053 414 3104 452 τι
3139 398 3342 470 μᾶλλον
3370 403 3542 459 διατε-

274 494 418 547 enim
472 498 808 546 remanserat
859 499 918 543 ut
972 499 1248 544 certamen
1317 488 1608 560 eﬂ'ugeret,
1651 492 1745 546 sed
1799 499 1856 544 ut

278 599 399 639 cum
438 581 733 651 majoribus
762 579 942 652 potius
973 580 1127 636 malis
1167 581 1573 648 colluctaretnr,
1606 597 1778 651 eaque
1809 581 1856 634 ei

274 685 456 731 essent
498 689 826 731 coronarum
859 671 1122 741 majorum
1157 674 1393 729 occasio.
1429 672 1476 729 Is
1513 683 1633 730 erat
1677 673 1855 727 admi-

278 767 464 822 rabilis
485 765 911 838 Agatbangelus,
941 766 1006 822 de
1034 781 1143 838 quo
1171 767 1336 822 etiam
1365 766 1619 837 deinceps
1647 767 1856 822 dicetur

277 858 538 930 apertius.

347 1037 568 1094 XXXIV
623 1038 991 1096 Diocletianus
1021 1046 1200 1093 autem
1226 1052 1350 1093 cum
1380 1037 1539 1106 paulo
1564 1046 1683 1107 post
1712 1047 1858 1095 esset

277 1133 457 1203 magni
489 1131 786 1188 Clementis
823 1130 1162 1194 recordatus,
1203 1144 1327 1184 eum
1360 1145 1548 1185 rursus
1589 1128 1854 1200 producit,

277 1236 332 1281 et
361 1225 594 1297 primum
625 1223 843 1294 quidem
869 1261 884 1287 ,
915 1228 1171 1291 tanquam
1203 1220 1468 1275 abductus
1494 1219 1814 1290 poenitentia
1836 1256 1853 1284 ,

277 1321 516 1393 priorem
549 1319 693 1374 illam
730 1316 1018 1388 abiecisset
1055 1315 1346 1378 insaniam,
1382 1315 1558 1384 ipsum
1591 1323 1646 1369 et
1681 1313 1856 1368 laudi-

277 1413 378 1468 bus
409 1413 611 1467 sensim
647 1409 1083 1480 aggrediebatnr,
1117 1417 1173 1462 et
1211 1421 1274 1461 ea
1313 1408 1521 1460 ratione
1558 1406 1858 1460 conabatur

276 1502 458 1572 potius
502 1514 762 1569 superare
791 1512 1108 1567 generosum
1153 1495 1299 1549 illum
1336 1505 1390 1548 et
1434 1494 1705 1548 excelsum
1741 1494 1859 1549 ani-

277 1609 447 1648 mum.
491 1591 694 1646 Deinde
721 1607 840 1646 cmn
883 1589 1106 1644 vidisset
1141 1603 1252 1642 rem
1287 1587 1389 1642 sibi
1431 1603 1552 1642 esse
1583 1603 1704 1642 cum
1755 1588 1856 1642 bo-

275 1683 422 1738 mine
457 1681 710 1744 cordato,
739 1691 790 1734 et
821 1679 909 1748 qui
953 1694 1057 1732 non
1090 1677 1263 1748 magis
1306 1687 1488 1748 posset
1535 1678 1700 1732 animi
1739 1679 1856 1733 for-

276 1774 504 1826 titudine
543 1771 810 1826 malorum
857 1770 1000 1824 ferre
1052 1768 1321 1838 impetus,
1355 1783 1517 1836 quam
1572 1770 1856 1837 prudentia
1885 1755 1932 1813 Β

275 1863 492 1920 blandis
532 1862 707 1918 verbis
734 1871 789 1916 et
830 1861 1048 1917 disertis
1089 1876 1191 1915 non
1225 1861 1615 1926 succumbere;
1647 1860 1855 1930 abjeeta

276 1957 458 2012 statim
499 1969 732 2026 persona
773 1963 827 2008 et
861 1953 985 2008 [icta
1029 1953 1120 2007 illa
1151 1952 1600 2019 mansuetudine,
1637 1963 1858 2022 repente

275 2049 524 2120 apparuit
569 2048 620 2102 id
670 2047 813 2118 quod
865 2055 1031 2102 erat:
1071 2055 1126 2101 et
1177 2061 1364 2101 rursus
1408 2046 1624 2116 aliquod
1658 2062 1854 2100 novum

276 2140 606 2210 eXcogitavit
659 2137 1024 2210 supplicium,
1083 2140 1317 2208 quodam
1375 2137 1714 2209 Amphione,
1764 2141 1856 2209 qui

282 2233 424 2286 inter
449 2246 580 2287 suos
603 2231 839 2300 primum
872 2228 1050 2284 locum
1078 2228 1376 2297 obtinebat,
1405 2231 1471 2282 ad
1503 2231 1602 2283 hoc
1629 2231 1861 2284 maxime

280 2323 568 2379 incitante.
598 2321 728 2376 Erat
755 2330 934 2392 autem
962 2321 1063 2375 hoc
1085 2319 1434 2391 supplicium,
1461 2330 1516 2373 ut
1543 2321 1624 2376 sic
1654 2337 1684 2375 a
1712 2331 1860 2375 tanta

279 2415 627 2470 multitudine
659 2413 1062 2470 distenderetur
1110 2423 1337 2485 martyr,
1377 2422 1435 2467 ut
1475 2413 1606 2483 ipsa:
1649 2429 1863 2484 quoque

279 2508 646 2565 membrorum
697 2507 1129 2562 dissolverentur
1176 2520 1486 2577 compages,
1516 2506 1734 2562 lictores
1765 2521 1864 2562 au-

282 2610 387 2654 tem
417 2608 646 2670 quatuor
670 2599 1158 2664 circumsistentes,
1181 2599 1471 2655 exsiccatis
1496 2600 1654 2655 boum
1684 2603 1865 2658 nervis

283 2709 404 2748 eum
434 2694 525 2746 diu
565 2691 856 2747 crudeliter
891 2690 1262 2746 verberarent.

351 2866 572 2924 XXXV.
614 2867 908 2937 Postquam
939 2883 1068 2923 vero
1115 2867 1201 2922 ille
1246 2882 1459 2938 quoque
1493 2868 1708 2926 fortiter
1739 2871 1867 2928 huic

284 2951 482 3016 restitit
529 2960 817 3030 supplicio,
849 2969 904 3013 et
947 2960 1170 3031 perinde
1219 2975 1282 3015 ac
1317 2961 1361 3016 si
1393 2962 1530 3016 alius
1559 2973 1863 3033 pateretur,

283 3054 398 3123 ipse
422 3052 741 3123 impatibilis
786 3055 984 3106 mansit
1025 3062 1079 3108 et
1123 3052 1457 3108 immobilis:
1485 3056 1630 3121 Scio,
1689 3057 1866 3128 inquit

281 3143 668 3211 Diacletianus,
701 3159 733 3200 ο
775 3144 1051 3212 Clemens,
1097 3155 1145 3200 te
1177 3161 1296 3203 esse
1334 3148 1517 3202 animo
1547 3150 1703 3204 valde
1737 3166 1863 3204 con-

283 3238 542 3301 tentinso,
589 3251 786 3306 corpus
834 3245 1013 3290 autem
1066 3236 1140 3291 illi
1201 3253 1359 3308 posse
1403 3240 1690 3296 inservire.
1754 3241 1864 3296 Sed

283 3328 396 3397 ipse
430 3342 494 3382 ne
520 3327 598 3381 sic
625 3326 845 3398 quidem
891 3342 1078 3382 rursus
1109 3329 1320 3396 cedznn,
1353 3331 1448 3386 sed
1472 3333 1636 3386 etiam
1671 3333 1864 3390 ferreis

283 3426 333 3470 te
381 3416 665 3486 aggrediar
699 3417 914 3487 nngulis
949 3432 1051 3473 :es
1089 3419 1231 3472 enim
1275 3428 1329 3475 tu
1381 3419 1522 3476 forte
1564 3421 1771 3478 ferreus
1810 3434 1865 3479 et

282 3510 550 3580 torpidus,
578 3515 634 3564 et
663 3508 808 3563 nullo
841 3507 956 3564 fere
1005 3525 1165 3565 sensu
1203 3513 1493 3581 przeditus;
1548 3525 1606 3568 ut
1652 3515 1861 3569 videam

280 3616 348 3655 an
382 3610 434 3655 te
473 3601 610 3656 forte
640 3599 722 3656 bis
751 3601 1126 3668 excitaverim,
1153 3618 1313 3672 quem
1345 3620 1568 3660 somnus
1607 3618 1711 3660 tam
1742 3623 1865 3677 prn-

281 3695 476 3748 fnndus
514 3694 733 3750 invasit.
769 3693 972 3766 Martyr
1019 3710 1202 3751 autem
1237 3696 1442 3754 :liecte
1483 3701 1723 3771 quidem,
1764 3702 1862 3770 ait,

280 3785 490 3851 dixisti,
521 3799 554 3840 o
595 3787 912 3855 imperator.
948 3787 1168 3842 Dormio
1193 3792 1338 3843 enim
1385 3792 1547 3846 veluti
1575 3796 1861 3860 quemdam

280 3876 490 3930 dulcem
521 3891 794 3941 somnum,
831 3891 916 3932 me
949 3893 1070 3934 meo
1095 3878 1312 3933 Christo
1342 3882 1407 3934 ad
1435 3881 1645 3936 labores
1677 3898 1773 3951 pro
1799 3899 1864 3939 eo

280 3967 658 4037 suscipiendos
696 3968 998 4022 futurorum
1049 3983 1144 4040 spe
1187 3971 1427 4038 sopiente
1459 3987 1472 4025 :
1504 3987 1692 4028 rursus
1739 3989 1865 4029 vero

277 4051 564 4126 elllciente,
615 4068 673 4113 ut
708 4059 810 4113 sim
856 4061 1072 4114 sobrius
1100 4071 1154 4115 et
1195 4061 1442 4131 vigilans,
1495 4065 1711 4133 quando
1741 4081 1862 4121 eum

280 4153 580 4220 praedicare
621 4161 854 4220 oportet,
887 4162 936 4206 et
973 4153 1141 4207 libere
1177 4154 1324 4223 loqui
1359 4171 1456 4224 pro
1492 4157 1610 4227 ejus
1639 4158 1860 4214 confes-

279 4243 452 4298 sione.
505 4241 628 4299 ch
659 4243 749 4298 ille
781 4243 918 4298 dixit
947 4261 960 4298 :
1010 4253 1064 4300 et
1103 4244 1400 4316 imperator
1427 4249 1644 4318 quidem
1679 4252 1862 4306 statim

275 4335 428 4406 jubet
475 4333 696 4390 lictores
753 4335 1018 4391 desistere
1070 4349 1101 4390 a
1162 4339 1516 4405 verberibus;
1573 4341 1860 4397 sublimem

1961 488 2162 552 Θέντος.
2202 488 2277 540 Οὐ
2309 487 2417 558 γὰρ
2454 487 2596 542 ὥστε
2630 489 2724 542 τὸν
2771 489 2964 558 ἀγῶνα
3007 490 3290 561 διαφυγεῖν
3332 496 3543 550 ὑπελεί-

1959 580 2089 650 φθη.
2113 580 2228 634 ἀλλ’
2249 579 2389 634 ὥστε
2428 582 2640 651 μείζοσι
2679 582 2882 652 μᾶλλον
2903 583 3310 654 προσπαλαῖσαι
3334 591 3539 654 κακοῖς,

1960 672 2047 726 ῖνα
2089 673 2154 743 δὴ
2212 674 2306 727 καὶ
2343 673 2608 744 μειζόνων
2655 673 2810 729 λάϐοι
2866 676 3149 744 στεφάνων
3202 678 3489 732 ὑπόθεσιν·
3516 684 3542 734 ό

1961 762 2261 835 θαυμάσιος
2295 763 2702 834 ’Δγαθάγγελος
2729 759 2884 829 οὗτος
2925 750 3024 836 ἣν,
3054 766 3186 838 περὶ
3227 757 3291 821 οὗ
3323 769 3416 822 καὶ
3449 786 3542 822 σα-

1963 854 2225 926 φέστερον
2248 853 2376 926 ἑξῆς
2403 855 2802 927 δηλωθήσεται.

2032 1039 2153 1091 ΛΔ’.
2181 1035 2564 1108 Διοκλητιανδς
2615 1036 2672 1092 δέ
2722 1036 2815 1091 τοῦ
2875 1037 3110 1108 μεγάλου
3165 1037 3304 1110 μετά
3351 1040 3542 1113 μικρὸν

1961 1130 2331 1202 ἀναμνησθεὶς
2361 1129 2700 1201 Κλήμεντος,
2725 1129 3025 1201 παρίστησι
3059 1131 3220 1184 πάλιν
3249 1132 3430 1199 αὐτὸν,
3453 1136 3541 1188 καὶ

1964 1221 2024 1276 τὸ
2050 1221 2150 1291 μὲν
2173 1220 2389 1292 πρῶτον
2413 1219 2602 1290 ῶσπερ
2636 1223 2700 1275 ἐκ
2732 1221 3096 1291 μεταμελείας
3134 1222 3235 1294 τὴν
3269 1225 3541 1295 προτέραν

1963 1314 2163 1384 μανίαν
2190 1312 2501 1376 ἀποϐαλὼν,
2525 1314 2768 1378 ἐπαίνοις
2783 1331 2842 1366 τε
2867 1314 3030 1367 αὑτὸν
3053 1315 3238 1386 ὑπῄει,
3255 1317 3348 1368 καὶ
3374 1317 3545 1391 ταύτῃ

1959 1404 2316 1476 περιέσεσθαι
2355 1405 2554 1475 μᾶλλον
2588 1406 2685 1475 τῆς
2727 1405 2986 1476 ἀνδρείας
3019 1406 3230 1459 ἐκείνου
3279 1408 3375 1460 καὶ
3417 1425 3542 1474 γενο

1961 1496 2242 1565 ναιότητος
2299 1498 2580 1567 ἐπειρᾶτο.
2643 1496 2877 1550 Ἔπειτα
2932 1495 3008 1560 ὡς
3041 1491 3149 1549 είδε
3201 1497 3326 1552 νοῦν
3364 1491 3535 1567 Ezov'tt

1963 1585 2309 1655 προσϐαλὼν,
2342 1585 2437 1639 καὶ
2462 1587 2561 1656 οἴῳ
2590 1586 2704 1638 δντι
2753 1586 2814 1638 οὐ
2852 1586 3053 1656 μᾶλλον
3083 1587 3313 1658 ἀνδρεία
3353 1590 3533 1642 κακῶν

1963 1677 2233 1749 ἐπιφοράν
2259 1679 2524 1746 ἐνεγκεῖν,
2555 1677 2587 1748 ἢ
2610 1679 2869 1748 φρονήσει
2905 1677 3042 1749 πρὸς
3063 1679 3352 1733 κολακείαν
3371 1679 3541 1748 λόγων

1961 1773 2054 1824 καὶ
2083 1772 2348 1840 δεινότητι
2385 1770 2460 1842 μὴ
2518 1774 2870 1836 καταπεσεῖν,
2904 1771 2964 1824 τὸ
3003 1775 3349 1841 προσωπεῖον
3386 1774 3541 1836 εὐθὺς

1959 1863 2134 1914 ἐκεῖνο
2191 1861 2285 1914 καὶ
2340 1863 2440 1942 τὴν
2513 1862 2905 1932 πεπλασμένην
2981 1863 3265 1933 πραότητα
3332 1863 3534 1934 ῥίψας,

1960 1952 2155 2019 ἀθρόον
2179 1954 2315 2024 ὅπερ
2336 1949 2402 2024 ἦν
2427 1953 2691 2025 ἀνεφάνη,
2719 1955 2812 2008 καὶ
2839 1955 3062 2008 κόλασιν
3089 1951 3248 2017 αὖθίς
3284 1973 3407 2009 τινα
3429 1973 3546 2009 και-

1959 2046 2182 2114 νοτὲραν
2211 2044 2485 2109 διενοεῖτο,
2539 2044 2831 2114 Ἀμφίονος
2864 2046 3099 2115 μάλιστά
3129 2063 3274 2109 τινος
3327 2049 3540 2119 πρώτου

1960 2137 2068 2190 τῶν
2108 2137 2200 2191 ὑπ’
2224 2137 2385 2191 αὑτὸν
2421 2138 2501 2200 είς
2530 2137 2689 2191 τοῦτο
2717 2137 3133 2210 διερεθίζοντος.
3182 2139 3249 2191 Ἦ
3296 2139 3353 2193 δὲ
3388 2139 3544 2193 κόλα-

1963 2243 2048 2290 σις
2074 2221 2142 2297 ἦν
2166 2226 2306 2296 αὕτη
2332 2243 2344 2256 ο
2369 2227 2692 2296 διαταθῆναι
2721 2227 2820 2297 μὲν
2851 2225 3014 2293 οὕτω,
3043 2227 3138 2281 καὶ
3159 2228 3266 2281 ὑπὸ
3287 2227 3542 2282 τοσούτου

1963 2319 2200 2390 πλήθους
2229 2321 2319 2374 τὸν
2345 2321 2619 2392 μάρτυρα,
2650 2321 2790 2374 ῶστε
2812 2323 2908 2374 καὶ
2937 2320 3044 2374 τῶν
3072 2320 3251 2392 μελῶν
3281 2322 3433 2390 αὐτῷ
3449 2323 3544 2385 τάς

1964 2412 2229 2484 ἁρμονίας
2265 2413 2625 2483 διαλυθῆναι,
2663 2411 2892 2482 δημίους
2922 2411 2979 2465 δέ
3024 2413 3390 2483 περιστάντας
3437 2413 3543 2465 ἀπ-

1963 2503 2106 2574 ηνῶς
2133 2504 2294 2557 αὐτὸν
2329 2504 2459 2574 ἄχρι
2509 2502 2708 2566 πολλοῦ
2763 2503 2951 2574 ξηροῖς
2985 2501 3298 2574 βουνεύροις
3321 2502 3544 2556 τύπτειν

1963 2597 2051 2651 διὰ
2075 2597 2378 2668 τεσσάρων.

2037 2865 2159 2920 ΛΕ’.
2205 2863 2358 2918 Ἐπεὶ
2387 2863 2444 2917 δὲ
2479 2863 2568 2918 καὶ
2599 2862 2735 2935 πρὸς
2779 2863 2984 2935 ταύτην
3014 2863 3221 2926 ἐκεῖνος
3255 2862 3386 2934 ἔστη
3424 2880 3544 2932 γεν·

1968 2959 2132 3022 ναίως
2165 2959 2263 3031 τὴν
2318 2957 2612 3029 τιμωρίαν,
2669 2957 2766 3011 καὶ
2795 2957 2986 3027 ὥσπερ
3019 2957 3209 3027 ἐτέρου
3242 2955 3543 3027 πάσχοντος

1967 3048 2142 3112 οὕτως
2179 3048 2408 3112 ἀπαθῶς
2459 3047 2621 3112 αὐτὸς
2673 3047 2768 3101 καὶ
2818 3048 3104 3116 ἀτρέπτως
3134 3046 3387 3112 διέκειτο,
3439 3043 3544 3101 Οἷδ⁸

1965 3141 2069 3205 ὅτι,
2112 3140 2275 3210 φησιν
2306 3141 2334 3192 ό
2364 3139 2769 3210 Διοκλητιανὺς,
2801 3138 2978 3209 ψυχὴν
3017 3139 3114 3208 μὲν
3145 3139 3310 3208 ἔχεις,
3331 3132 3378 3190 ὦ
3407 3139 3542 3206 Κλή-

1969 3249 2067 3303 μη,
2126 3230 2493 3302 διαφερόντως
2538 3230 2886 3300 φιλόνεικον,
2939 3229 3100 3300 σῶμα
3153 3229 3209 3281 δὲ
3262 3230 3544 3300 ὑπηρετεῖν

1915 3341 1923 3348 ·
1965 3324 2153 3395 ἐκείνῃ
2203 3324 2523 3392 δυνάμενον.
2593 3321 2735 3374 Ἀλλ’
2784 3322 2906 3375 οὐδὲ
2932 3322 3094 3384 αὐτὸς
3131 3321 3328 3391 ύιρήσω
3368 3323 3542 3388 πάλιν,

1965 3416 2102 3469 ἀλλά
2131 3418 2223 3469 καὶ
2255 3416 2494 3486 σιδηροῖς
2523 3415 2859 3485 πειράσομαι
2883 3413 3030 3479 δνυξι
3049 3430 3064 3444 ο
3099 3415 3237 3484 τάχα
3264 3416 3373 3484 γάρ
3401 3413 3543 3480 σιδη-

1967 3506 2094 3578 ροῦς
2124 3524 2208 3574 τις
2240 3503 2291 3560 εἶ
2355 3507 2449 3560 καὶ
2499 3506 2784 3579 ναρκώδης
2834 3507 2898 3560 σὺ
2944 3508 3039 3560 καὶ
3087 3505 3466 3577 δυσαίσθητος,
3494 3502 3545 3557 εῖ

1968 3615 2084 3660 πως
2131 3597 2197 3650 ἀν
2253 3614 2313 3649 σε
2348 3596 2558 3660 τούτοις
2589 3597 2907 3666 ἀφυπνίσω,
2944 3595 3112 3666 βαθὺν
3150 3595 3317 3649 ὕπνον
3352 3594 3547 3649 οὑτωσὶ

1967 3689 2316 3743 καθεύδοντα.
2345 3690 2452 3742 Καὶ
2483 3691 2510 3741 ό
2543 3690 2787 3759 μάρτυς,
2824 3686 2896 3743 Εὖ
2931 3706 3020 3758 γε,
3065 3692 3250 3760 φησιν,
3290 3683 3473 3753 εἶπας,
3503 3681 3548 3742 ὖ

1967 3781 2221 3853 βασιλεῦ’
2277 3781 2526 3835 καθεύδω
2558 3785 2667 3854 γάρ
2715 3783 2877 3836 οίονεί
2926 3800 3051 3838 τινα
3109 3781 3316 3852 γλυκὺν
3364 3781 3545 3845 ὕπνον,

1965 3872 2108 3927 οὕτω
2149 3891 2215 3946 με
2255 3873 2349 3927 τοῦ
2393 3873 2526 3945 ἐμοῦ
2585 3875 2823 3946 Χριστοῦ
2864 3875 3003 3947 πρὸς
3029 3877 3156 3938 τοῦς
3189 3875 3332 3946 ὑπὲρ
3385 3873 3546 3928 αὑτοῦ

1965 3967 2161 4031 πόνους
2183 3970 2299 4031 ταῖς
2320 3967 2428 4021 τῶν
2451 3968 2752 4038 μελλόντων
2774 3969 2954 4022 ἐλπίσι
2977 3968 3337 4040 κοιμίζοντος·
3363 3971 3545 4039 νήφειν

1965 4057 2022 4110 δὲ
2050 4059 2210 4112 πάλιν
2239 4062 2334 4114 καὶ
2361 4062 2728 4132 ἐγρηγορέναι
2755 4061 3302 4132 παρασκευάζοντος,
3338 4063 3470 4115 ὅπου
3493 4077 3547 4112 τε

1965 4149 2129 4203 αὑτὸν
2169 4151 2407 4222 κηρύξαι
2461 4153 2588 4225 χρὴ,
2625 4154 2719 4206 καὶ
2746 4153 2888 4222 ὑπὲρ
2915 4153 3015 4222 τῆς
3043 4151 3209 4206 αὑτοῦ
3257 4152 3546 4223 ὁμολογίας

1966 4243 2477 4313 παρρησιάσασθαι.
2520 4243 2709 4300 Ταῦτα
2738 4239 2830 4298 οὖν
2870 4245 3078 4308 ἐκεῖνος
3100 4239 3244 4310 εἷπε,
3284 4245 3378 4298 καὶ
3399 4246 3427 4297 ὁ
3454 4244 3545 4315 βα·

1967 4335 2152 4399 σιλεὺς
2199 4335 2310 4388 τῶν
2364 4337 2462 4406 μὲν
2493 4336 2718 4407 πληγῶν
2751 4335 2918 4400 εὐθὺς
2948 4337 3257 4406 ἀποστῆναι
3293 4338 3421 4401 τοὺς
3453 4335 3544 4404 δη-

277 4435 457 4479 autem
495 4439 616 4479 eum
657 4423 710 4479 in
757 4423 960 4496 lignum
997 4425 1213 4490 tollere,
1245 4435 1300 4482 et
1331 4443 1453 4482 eum
1503 4427 1700 4486 ferreis
1734 4448 1856 4486 car-

1971 4428 2126 4496 μίους
2173 4425 2406 4492 κελεύει,
2446 4427 2776 4498 μετεωρίσαι
2817 4426 2876 4480 δέ
2920 4427 3085 4481 αὐτὸν
3113 4428 3208 4482 ἐπὶ
3237 4428 3420 4494 ξύλου,
3456 4428 3544 4480 καί

276 4529 404 4583 pere
433 4515 647 4584 ungulis
672 4555 688 4582 ,
729 4515 903 4570 donec
931 4515 980 4570 ei
1014 4530 1206 4572 carnes
1254 4518 1476 4574 omnino
1527 4531 1862 4591 consumptae

273 4619 480 4674 essent,
511 4607 732 4678 sanguis
751 4617 930 4661 autem
955 4606 1284 4672 exinanitus,
1311 4617 1366 4665 et
1388 4611 1504 4666 sola
1525 4625 1650 4668 ossa
1686 4615 1854 4669 relin-

274 4697 587 4770 querentur.
611 4696 746 4753 Cum
773 4699 953 4767 itaque
985 4713 1171 4752 rursus
1201 4698 1417 4756 lictores
1436 4703 1501 4755 ad
1527 4703 1578 4757 id
1611 4719 1860 4774 magnam

275 4788 598 4844 adhiberent
641 4789 994 4858 diligentiam,
1052 4798 1108 4841 ut
1168 4789 1256 4858 qui
1313 4791 1475 4845 etiam
1523 4793 1593 4847 ab
1649 4794 1864 4850 occulto

277 4881 464 4934 lictore
483 4889 644 4950 atque
664 4880 800 4934 adeo
828 4876 1086 4933 carniﬁce
1111 4879 1179 4933 ad
1213 4894 1275 4934 ea
1306 4880 1688 4950 incitarentur;
1721 4900 1861 4938 mar-

279 4983 360 5044 tyr
383 4972 601 5041 quidem
632 4971 864 5039 primum
889 4969 1127 5039 seipsum
1154 4972 1456 5036 attendens,
1479 4973 1672 5030 deinde
1697 4976 1858 5030 etiam

275 5063 345 5118 ad
397 5072 682 5134 tyrannum
737 5060 1008 5131 aspiciens
1042 5079 1056 5115 :
1087 5060 1206 5116 Non
1256 5075 1361 5130 est,
1427 5065 1624 5135 inquit,
1682 5083 1858 5124 meum

277 5167 476 5224 corpus
503 5151 557 5208 id
584 5152 728 5224 quod
757 5151 932 5216 adest,
961 5168 1071 5223 quo
1098 5167 1200 5225 ego
1228 5153 1445 5224 quidem
1473 5173 1592 5212 sum
1621 5158 1860 5228 indntm,

278 5255 332 5299 tu
363 5255 538 5300 autem
595 5244 648 5298 id
707 5258 871 5310 nunc,
929 5259 964 5298 ο
1022 5246 1339 5314 imperator,
1394 5248 1622 5305 laceras.
1676 5249 1859 5321 Neque

276 5339 421 5395 enim
461 5338 685 5393 omnino
726 5336 916 5392 dolore
945 5337 1171 5402 alliciar,
1210 5340 1480 5408 quomodo
1509 5356 1594 5396 me
1637 5354 1857 5412 oporte-

277 5441 380 5498 ret,
438 5431 566 5486 dum
604 5431 860 5487 laceror:
893 5429 988 5484 sed
1034 5429 1177 5499 quod
1214 5429 1344 5484 mihi
1388 5429 1607 5500 quidem
1671 5436 1855 5488 datum

277 5522 456 5578 fuerat
502 5537 532 5576 a
561 5528 754 5576 natura
788 5518 1046 5591 paulatim
1090 5521 1518 5588 praecedentibus
1546 5524 1694 5592 prius
1728 5540 1859 5579 con-

277 5624 549 5686 sumptum
591 5623 676 5671 est
725 5611 1006 5684 suppliciis
1046 5622 1103 5668 et
1156 5627 1254 5668 nec
1300 5627 1467 5683 parva
1496 5616 1711 5686 quidem
1740 5618 1856 5688 ejus

1964 4521 2106 4574 οὕτω
2138 4520 2439 4585 καταξᾶναι
2466 4519 2708 4590 σιδηροῖς
2742 4520 2943 4586 δνυξιν,
2997 4520 3101 4584 ἕως
3133 4520 3200 4576 ἂν
3227 4522 3289 4574 αῖ
3318 4538 3378 4575 τε
3413 4521 3541 4592 σάρ-

1971 4630 2062 4678 κες
2093 4613 2244 4685 αύτῷ
2276 4612 2531 4678 καθάπαξ
2565 4611 2914 4678 ἀναλωθεῖεν,
2960 4612 3239 4683 ἐκκενωθῇ
3269 4612 3326 4664 δὲ
3351 4611 3445 4664 καὶ
3483 4610 3541 4663 τὸ

1965 4697 2105 4773 αἷμα
2123 4706 2218 4756 καὶ
2248 4705 2388 4773 μόνα
2409 4701 2538 4771 γοῦν
2564 4703 2640 4756 τὰ.
2655 4701 2790 4756 ὀστᾶ
2813 4701 3168 4772 ύπολίπηται.
3195 4702 3316 4756 Τῶν
3340 4701 3541 4772 δημίων

1967 4795 2144 4849 τοίνυν
2183 4795 2382 4865 πολλὴν
2411 4795 2775 4866 είσφερόντων
2795 4795 2889 4848 καὶ
2909 4793 3062 4856 αὖθις
3083 4796 3181 4864 τὴν
3202 4793 3539 4863 ἐπιμέλειαν,

1969 4890 2064 4943 at;
2101 4889 2195 4940 καὶ
2256 4888 2358 4939 ὑπὸ
2407 4886 2496 4939 τοῦ
2537 4885 2783 4957 κρυπτοῦ
2831 4887 3029 4956 δημίου
3063 4887 3198 4956 πρὸς
3227 4886 3295 4940 τὰ
3324 4887 3542 4939 τοιαῦτα

1974 4977 2425 5048 παροξυνόμενοι,
2465 4978 2494 5030 ὁ
2538 4977 2750 5047 μάρτυς
2789 4965 3110 5047 πρῶταμέν
3158 4976 3336 5047 ἐαυτῷ
3385 4991 3535 5046 προσ·

1969 5071 2128 5141 έχων,
2193 5065 2314 5123 εἶτα
2347 5071 2440 5122 καὶ
2481 5072 2616 5141 πρὸς
2671 5070 2760 5124 τὸν
2817 5070 3081 5142 τύραννον
3139 5070 3384 5124 ἀπιδώνο
3439 5071 3543 5123 Οὐκ

1967 5161 2100 5231 ἐμὸν
2128 5160 2191 5214 τὸ
2220 5159 2399 5231 σῶμα,
2433 5162 2590 5232 φησὶ,
2630 5161 2691 5216 τὸ
2714 5162 2906 5233 παρὸν,
2943 5163 3082 5232 ὅπερ
3106 5161 3218 5230 ἐγὼ
3262 5163 3361 5232 μέν
3392 5160 3542 5230 περί-

1968 5271 2179 5324 κειμαι,
2211 5255 2416 5318 ξαίνεις
2451 5255 2507 5308 δὲ
2539 5253 2634 5309 νῦν
2666 5257 2852 5321 αὐτὸς,
2883 5250 2928 5309 ὦ
2977 5253 3233 5326 βασιλεῦ·
3290 5255 3412 5309 οὑδέ
3443 5256 3540 5323 γὰρ

1963 5346 2116 5414 ἀλγῶ
2156 5347 2376 5410 πάντως
2405 5348 2530 5402 ὅσον
2575 5347 2761 5414 ἀλγεῖν
2797 5364 2866 5417 με
2898 5348 3020 5400 δέον
3055 5347 3368 5418 ξαινόμενος
3390 5363 3404 5376 ·
3431 5343 3539 5398 ἀλλ’

1963 5439 1991 5490 ὃ
2022 5439 2120 5508 μὲν
2149 5437 2356 5492 δέδοταί
2381 5455 2472 5510 μοι
2505 5440 2655 5512 παρά
2683 5437 2784 5509 τῆς
2817 5439 3030 5508 φύσεως
3086 5440 3206 5504 ταῖς
3244 5434 3538 5510 προλαὸούο

1966 5547 2083 5594 σαις
2140 5530 2466 5602 καταϐραχὺ
2525 5531 2888 5602 προαναλώθη
2943 5532 3218 5598 κολάσεσι,
3274 5533 3369 5584 καὶ
3426 5526 3536 5582 οὐδὲ

1963 5621 2126 5698 μέρος
2153 5621 2212 5686 ἐξ
2246 5623 2412 5676 αὑτοῦ
2458 5623 2656 5694 μικρὸν
2712 5623 3020 5694 ὑπελείφθη
3061 5640 3187 5694 μοι’
3221 5623 3323 5695 τὴν
3368 5623 3422 5676 δὲ
3451 5619 3535 5674 νῦν

278 5723 403 5776 pars
445 5707 576 5762 mihi
609 5714 692 5763 est
733 5703 922 5762 relicta
960 5720 974 5760 :
1005 5718 1172 5762 carne
1211 5715 1418 5773 autem,
1463 5723 1582 5780 quae
1613 5724 1756 5766 nunc
1787 5711 1851 5765 ad

1967 5713 2362 5784 δποτρέχουσαν
2384 5716 2494 5777 τοῖς
2520 5715 2724 5778 ὀστέοις
2755 5733 2858 5786 μου
2886 5720 3064 5786 σάρκα
3097 5714 3192 5768 καὶ
3223 5715 3334 5767 τῶν
3359 5711 3529 5784 μελῶν
