3832 6474
257 280 362 341 8ίῖ

1487 271 1766 334 MENSIS
1789 269 2245 334 JANUARIUS.

3405 272 3505 336 848

259 395 475 448 avulsus
509 393 576 446 ah
614 391 680 447 iis
718 391 808 462 qui
845 390 1019 461 ipsum
1075 389 1458 454 continebant,
1493 400 1549 444 et
1580 401 1827 460 tanquam

1938 391 2030 443 καὶ
2055 389 2245 460 ὥσπερ
2271 387 2433 460 μέλος
2469 387 2647 444 κοινὸν
2681 386 2939 444 ἁπάντων
2972 389 3330 462 ἀπορραγεὶς,
3365 394 3427 462 τῇ
3449 409 3508 446 τε

259 489 562 544 membrum
622 499 905 543 commune
955 484 1214 555 abruptus
1252 485 1318 539 ab
1368 483 1640 549 omnibus,
1694 483 1831 538 civi-

259 585 354 638 tati
403 597 466 636 ea
521 595 638 650 qua:
690 593 787 650 par
829 587 1066 642 erat,et
1122 577 1224 632 sibi
1292 585 1578 646 precatus,
1641 590 1830 630 navem

255 675 524 736 ascendit,
571 683 625 728 et
650 672 828 742 -εωρίι
862 670 1139 740 navigare.
1186 668 1292 724 Sed
1323 669 1449 738 quid
1483 667 1701 738 sapiens
1733 683 1832 735 gu-

259 769 510 825 bernator
543 765 918 821 universorum
971 761 1112 816 Deus
1165 761 1217 815 in
1264 775 1402 815 nave
1448 775 1545 815 suo
1585 759 1834 830 providet

255 859 486 914 consilio
505 857 528 910 ?

325 1045 613 1104 XXXVIII.
655 1044 706 1100 Is
736 1044 824 1113 qui
859 1041 1005 1112 prius
1031 1037 1176 1095 solus
1217 1036 1530 1109 martyrium
1571 1033 1831 1104 effulgurat

255 1157 318 1198 ex
364 1141 431 1196 iis
496 1138 589 1210 qni
638 1135 740 1191 sub
774 1134 1051 1190 Clemente
1094 1131 1442 1186 crediderant
1476 1128 1528 1180 iu
1576 1143 1828 1192 carcere,

253 1238 320 1291 de
349 1249 456 1304 qno
490 1232 650 1303 paulo
679 1237 804 1283 ante
829 1241 1014 1280 sumus
1045 1239 1142 1278 uos
1171 1238 1293 1278 esse
1323 1221 1558 1276 dicturos
1588 1217 1827 1288 polliciti,

254 1343 378 1382 cum
409 1336 552 1382 esset
591 1323 872 1378 Romanus
903 1317 1116 1388 quidem
1151 1329 1348 1386 genere
1375 1355 1390 1380 ,
1425 1309 1830 1382 Agathaugrlns

255 1431 438 1476 autem
494 1418 730 1482 nomine,
787 1414 875 1469 hic
945 1426 1048 1466 uua
1121 1411 1331 1479 navigat
1385 1421 1506 1461 cmn
1570 1412 1827 1473 martyre.

255 1517 388 1570 Cum
423 1513 566 1567 enim
599 1507 935 1579 pervenisset
964 1505 1028 1559 ad
1066 1517 1254 1556 navem
1294 1502 1344 1553 in
1375 1514 1478 1568 qua
1510 1505 1628 1551 erat
1662 1496 1826 1548 Roma

255 1607 661 1675 enavigaturus,
709 1608 764 1654 et
808 1612 928 1653 cum
978 1596 1157 1650 nautis
1207 1606 1374 1661 pauca
1423 1597 1566 1644 esset
1595 1587 1826 1651 locutus,

253 1701 335 1756 eis
365 1699 523 1754 lacile
554 1693 861 1766 persuadet,
891 1702 1121 1758 cmnque
1169 1684 1367 1740 sensim
1401 1681 1824 1743 conscendisset,

1936 483 2090 538 πόλει
2123 484 2193 538 τά
2221 485 2409 539 εἰκότα
2447 485 2542 539 καὶ
2593 484 2776 556 ἑαυτῷ
2806 485 3200 556 ἐπευξάμενος,
3249 486 3388 542 οὕτω
3415 490 3509 561 τῆς

1934 575 2069 641 νεὼς
2100 577 2273 648 ἐπέϐη
2305 580 2404 631 καὶ
2424 577 2520 632 τοῦ
2552 577 2686 632 πλοῦ
2723 577 2950 648 ῆρξατο.
2980 577 3143 632 Ἀλλά
3167 577 3221 632 τί
3267 579 3360 634 καὶ
3387 581 3513 651 περὶ

1933 667 2033 738 τὴν
2075 668 2209 723 ναῦν
2265 671 2294 724 ό
2348 668 2510 738 σοφὸς
2544 671 2652 724 τῶν
2679 670 2818 723 ὅλων
2863 669 3208 741 κυϐερνήτης
3244 671 3514 741 οἰκονομεῖ

1934 761 2104 828 Θεός;

2005 1026 2133 1080 AiI'.
2162 1026 2271 1079 Καὶ
2306 1027 2334 1080 ὁ
2359 1026 2624 1098 πρότερον
2653 1025 2712 1079 τὸ
2738 1025 3040 1099 μαρτύριον
3069 1027 3230 1099 μόνος
3273 1029 3380 1082 τῶν
3413 1028 3513 1083 ὑπὸ

1933 1119 2251 1190 Κλήμεντος
2305 1120 2362 1173 έν
2390 1121 2456 1190 τῇ
2489 1118 2706 1190 φυλακῇ
2740 1120 3156 1174 πιστευσάντων
3208 1121 3508 1191 διαφυγὼν,

1933 1213 2061 1282 περὶ
2089 1204 2150 1264 οὗ
2212 1210 2421 1280 φθάσας
2459 1210 2642 1282 μικρῷ
2676 1211 2914 1280 πρόσθεν
2943 1214 2972 1266 ό
3027 1212 3184 1282 λόγος
3223 1213 3510 1285 ὑπέσχετο,

1943 1304 2215 1375 Ῥωμαῖος
2251 1303 2350 1374 μὲν
2397 1300 2473 1356 ὣν
2526 1303 2587 1357 τὸ
2638 1303 2816 1372 γένος,
2881 1303 3287 1373 Ἀγαθάγγελος
3323 1305 3380 1358 δὲ
3420 1307 3512 1375 τὴν

1933 1397 2147 1469 κλῆσιν,
2205 1396 2488 1466 σύμπλους
2557 1396 2794 1450 ἐνταῦθα
2860 1396 2938 1468 τῷ
2999 1397 3238 1469 μάρτυρι
3285 1397 3508 1466 γίνεται.

1933 1487 2274 1542 Καταλαὸὼν
2296 1487 2406 1559 γὰρ
2437 1487 2497 1541 τὸ
2519 1487 2705 1541 πλοῖον
2735 1487 2804 1540 δι’
2838 1481 2900 1541 οὗ
2951 1489 3052 1558 τῆς
3088 1489 3315 1560 Ῥώμης
3357 1490 3513 1554 αὐτὸς

1931 1581 2151 1636 ἐκπλεῖν
2173 1580 2386 1650 ἔμελλε,
2420 1581 2516 1634 καὶ
2547 1581 2711 1649 ὀλίγα
2741 1581 3082 1654 συλλαλήσας
3116 1586 3226 1648 τοῖς
3272 1581 3512 1648 ναύταις,

1933 1673 2112 1726 πείθει
2146 1673 2367 1745 ῥαδίως,
2397 1674 2573 1744 ἐμϐάς
2601 1691 2660 1727 τε
2685 1675 2870 1744 ἠρέμα
2905 1675 3050 1729 κατά
3079 1693 3131 1728 τι
3164 1675 3329 1747 μέρος
3351 1676 3514 1730 αὑτοῦ

255 1798 308 1850 in
339 1795 517 1862 aliqua
550 1742 668 1858 ejus
701 1795 854 1858 parte
900 1779 1265 1840 delitescebat.
1316 1779 1454 1832 Deus
1483 1785 1661 1829 autem
1693 1774 1826 1836 '~luit,

1937 1742 2210 1817 λανθάνων
2237 1742 2562 1832 ἐκρύπτετο.
2589 1742 2805 1830 Gabios
2831 1759 2898 1834 ἦν
2926 1764 3034 1836 ἄρα
3064 1763 3092 1817 ὁ
3117 1742 3211 1818 καὶ
3239 1742 3313 1819 ⁷’τὸ
3337 1767 3518 1822 πλοῖον

255 1889 346 1959 qui
379 1896 432 1941 et
460 1899 648 1939 navem
680 1879 921 1937 ostendit
949 1873 1337 1948 Agatbangelo,
1369 1879 1422 1926 et
1451 1869 1628 1925 effecit
1651 1879 1719 1921 ut
1749 1883 1832 1921 es-

255 1956 376 2038 sent
405 1980 452 2034 ei
490 1986 662 2035 nauta:
686 1972 898 2036 faciles,
929 1980 982 2024 et
1011 1969 1116 2024 cito
1145 1965 1346 2019 fuerint
1385 1961 1452 2017 ab
1475 1975 1539 2014 eo
1561 1956 1826 2029 persuasi.

255 2075 544 2140 Postquam
568 2078 748 2122 autem
771 2063 883 2133 jam
911 2069 1118 2129 martyr
1138 2067 1353 2126 quoque
1372 2051 1544 2107 adfuit
1569 2050 1684 2119 ipse
1705 2061 1828 2103 cum

256 2163 544 2221 militibus,
574 2168 628 2214 et
661 2171 852 2212 navem
884 2161 1010 2208 sunt
1038 2146 1292 2218 ingressi,
1320 2143 1594 2199 distabant
1627 2156 1656 2195 a
1688 2149 1830 2194 terra

253 2260 398 2313 circa
439 2254 670 2308 ducenta
702 2245 902 2309 stadia,
947 2243 1135 2298 videns
1186 2235 1586 2309 Agathangelus
1631 2233 1830 2287 milites

255 2348 472 2418 quidem
503 2351 557 2397 et
587 2341 728 2396 inter
771 2351 832 2391 se
866 2345 922 2390 et
947 2333 1090 2388 circa
1140 2345 1328 2384 navem
1359 2341 1481 2382 esse
1511 2333 1826 2393 occupatos,

254 2415 428 2494 solum
482 2447 612 2488 vero
663 2442 878 2488 sacrum
944 2424 1279 2480 Clementem
1346 2432 1589 2474 seorsum
1659 2415 1828 2470 Deum

253 2544 432 2595 orare,
460 2543 490 2580 a
515 2523 731 2580 neruine
760 2520 906 2574 visus
932 2531 1032 2572 nec
1063 2513 1477 2570 animadversus
1506 2521 1673 2580 prope
1699 2520 1827 2564 eum

253 2615 504 2671 accedit:
537 2623 773 2680 cumque
795 2606 911 2678 ejus
935 2604 1102 2675 pedes
1134 2600 1528 2672 prehendisset,
1549 2598 1598 2653 ei
1630 2597 1683 2654 iu
1717 2611 1830 2652 me-

254 2708 478 2765 moriam
530 2708 750 2758 revocat
790 2697 932 2767 ejus,
977 2711 1106 2766 qua:
1157 2695 1209 2747 in
1260 2692 1502 2748 custodia
1535 2690 1673 2746 facta
1719 2698 1824 2755 est,

252 2797 610 2856 confessionis
641 2804 698 2849 et
731 2792 842 2847 dati
871 2787 1229 2860 baptismatis.
1267 2785 1466 2840 Deinde
1507 2783 1668 2839 etiam
1702 2798 1828 2838 nar-

255 2907 361 2958 rat,
407 2891 676 2964 qnomodo
715 2902 746 2941 e
789 2887 934 2941 caede
977 2879 1244 2950 effugerit,
1291 2886 1346 2932 et
1373 2876 1826 2948 quemadmodum

253 2985 406 3056 prius
456 2980 675 3036 sciverit
720 2975 1021 3045 navigium,
1067 2981 1120 3028 et
1158 2969 1614 3042 quemadmodum
1645 2967 1716 3024 sit
1745 2968 1826 3042 in-

254 3088 508 3147 gressus,
535 3083 588 3126 et
617 3065 1069 3140 quemadmodum
1095 3063 1148 3117 iu
1182 3076 1248 3118 eo
1280 3059 1573 3118 delituerit.

324 3255 566 3313 XXXIX.
607 3253 810 3324 Martyr
841 3260 1017 3306 autem
1069 3247 1365 3322 (quomodo
1410 3247 1551 3302 enim
1601 3261 1698 3318 par
1747 3254 1831 3302 est

254 3367 380 3406 eum
411 3350 576 3404 fuisse
617 3344 896 3410 affectum,
931 3359 1052 3400 cum
1097 3341 1316 3412 agnovit
1357 3337 1831 3411 Agathaugelum?

254 3442 382 3496 Erat
421 3442 565 3494 enim
612 3439 820 3508 primus
858 3450 922 3491 ex
961 3436 1027 3490 iis
1064 3433 1155 3504 qui
1189 3443 1316 3488 tunc
1355 3431 1424 3486 ab
1452 3446 1518 3487 eo
1559 3431 1710 3486 fuere
1737 3430 1831 3484 ba-

254 3533 470 3605 ptiuli)
497 3529 789 3594 salutabat,
834 3526 1279 3598 amplectebatur,
1325 3522 1558 3594 benigne
1582 3538 1707 3577 eum
1752 3521 1830 3575 al-

253 3627 597 3699 loquebatur,
619 3630 804 3694 aperte
830 3635 940 3690 prae
963 3634 1023 3674 se
1050 3615 1282 3680 ferebat,
1311 3630 1370 3670 se
1399 3613 1605 3669 viscera
1632 3612 1830 3668 habere

253 3729 478 3791 paterno
513 3714 710 3770 refecta
741 3711 956 3784 gaudio.
993 3710 1191 3764 Deinde
1226 3707 1387 3763 etiam
1420 3705 1584 3778 coepit
1619 3704 1828 3776 precari

253 3809 650 3873 vehementius,
677 3804 874 3876 partim
898 3802 1114 3874 quidem
1139 3801 1342 3872 gratias
1371 3813 1536 3868 agens
1564 3812 1661 3867 pro
1690 3798 1830 3867 Aga-

255 3899 598 3970 thangelo,et
630 3897 793 3952 verba
825 3909 944 3964 quae
983 3893 1149 3948 animi
1181 3891 1420 3946 laetitiam
1449 3890 1830 3962 significabant

251 3994 527 4058 offerens;
550 3987 760 4062 .partim
794 3997 974 4048 autem
1003 3986 1168 4040 Deum
1190 3998 1404 4054 quoque
1444 3984 1724 4051 invocans,
1772 3994 1830 4040 ut

254 4086 329 4142 illi
383 4084 552 4139 ferret
603 4079 898 4143 auxilium,
952 4087 1007 4134 et
1058 4091 1289 4148 rogans,
1328 4085 1384 4130 ut
1437 4076 1480 4130 is
1533 4087 1675 4130 esset
1724 4077 1827 4133 sibi

253 4176 438 4230 socius
469 4169 830 4227 confessionis
864 4186 879 4224 ;
907 4168 1022 4236 Ago
1058 4167 1152 4221 tibi
1195 4166 1415 4237 gratias,
1449 4164 1674 4222 Domine
1701 4166 1828 4222 Jesu

254 4265 510 4329 Christe,
545 4263 759 4328 dicens,
787 4260 877 4330 qui
915 4258 1045 4315 mibi
1091 4272 1148 4314 es
1181 4257 1295 4314 sola
1344 4266 1400 4314 et
1438 4258 1593 4313 unica
1636 4273 1828 4314 conso-

257 4357 388 4413 latio
426 4366 480 4412 et
509 4354 769 4411 auxilium
791 4392 806 4418 ,
837 4353 979 4422 quod
1017 4367 1100 4406 me
1134 4366 1309 4422 neque
1347 4351 1400 4405 in
1435 4359 1580 4406 terra
1605 4392 1620 4419 ,
1654 4367 1829 4422 neque

1932 1856 2219 1920 ὑποδείξας
2258 1855 2672 1926 Ἀγαθαγγέλῳ,
2708 1859 2803 1910 καὶ
2850 1858 2977 1920 τοὺς
3009 1857 3303 1928 πλωτῆρας
3330 1859 3514 1912 εὐπει-

1931 1949 2043 2012 θεῖς
2067 1949 2215 2018 αὐτῷ
2257 1947 2351 2002 καὶ
2383 1952 2678 2018 προσηνεῖς
2709 1951 3106 2019 ἐργασάμενος.
3149 1950 3304 2005 Ἐπεὶ
3327 1950 3384 2004 δὲ
3419 1953 3514 2023 ἥδη

1931 2042 2027 2096 καὶ
2055 2042 2084 2095 ό
2119 2041 2332 2111 μάρτυς
2370 2040 2534 2104 αὐτὸς
2589 2041 2727 2112 μετὰ
2759 2041 2868 2095 τῶν
2906 2041 3254 2112 στρατιωτῶν
3288 2043 3512 2112 ἐπέστη,

1931 2135 2147 2205 καὶτῆς
2199 2133 2334 2196 νεὼς
2384 2134 2516 2187 εἴσω
2570 2134 2882 2204 γεγόνασιν,
2931 2135 3171 2206 ἀπέσχον
3193 2151 3253 2188 τε
3293 2135 3392 2206 τῆς
3419 2136 3517 2205 γῆς

1931 2227 2054 2282 ὅσον
2085 2225 2337 2288 σταδίους
2375 2220 2704 2288 δὶακοσίους,
2734 2225 2762 2277 ὁ
2795 2223 3198 2292 ’Δγαθάγγελος
3236 2223 3366 2287 τοὺς
3417 2223 3510 2293 μὲν

1933 2315 2276 2388 στρατιώτας
2306 2316 2437 2388 περί
2475 2333 2534 2369 τε
2567 2316 2709 2384 σφᾶς
2743 2315 2941 2379 αὐτοὺς
2983 2316 3076 2369 xui.
3123 2316 3220 2386 τὴν
3249 2314 3386 2369 ναῦν
3415 2316 3518 2368 άπ-

1929 2409 2341 2480 ησχολημένους
2394 2408 2542 2474 ἰδὼν,
2603 2408 2769 2479 μόνον
2807 2407 2865 2461 δὲ
2920 2408 3014 2462 τὸν
3048 2409 3192 2480 ἱερόν
3225 2409 3519 2481 Κλήμεντα

1929 2501 2372 2572 προσευχόμενον
2433 2500 2749 2570 καταμόνας
2802 2499 2943 2572 Θεῷ,
3005 2502 3188 2554 πᾶσαν
3218 2500 3519 2571 ὀφθαλμῶν

1930 2593 2184 2665 αἴσθησιν
2217 2591 2424 2662 κλέψας
2452 2591 2681 2663 πλησίον
2715 2592 2927 2646 ἐκείνου
2969 2592 3201 2661 γίνεται,
3233 2595 3331 2648 καὶ
3362 2593 3520 2647 λαϐό-

1934 2704 2092 2758 μενος
2151 2685 2316 2739 αὐτοῦ
2352 2684 2464 2738 τῶν
2513 2683 2712 2750 ποδῶν,
2747 2685 2846 2754 τῆς
2897 2685 2955 2738 ὲν
3005 2688 3073 2756 τῇ
3110 2686 3326 2758 φυλακῇ
3359 2688 3517 2742 αὐτὸν

1928 2779 2221 2849 ὁμολογίας
2250 2777 2660 2848 ἀναμιμνήσκει
2693 2776 2788 2830 καλ⁴
2816 2775 2910 2828 τοῦ
2946 2775 3323 2848 βαπτίσματος
3349 2795 3366 2812 ο
3401 2774 3518 2833 εἶτα

1930 2872 2024 2925 καὶ
2053 2870 2151 2943 τὴν
2185 2871 2250 2923 ὲκ
2283 2869 2381 2940 τῆς
2432 2867 2649 2938 σφαγῆς
2709 2868 2891 2940 φυγὴν
2922 2868 3226 2940 διηγεῖται,
3268 2871 3421 2936 ὅπως
3458 2889 3516 2925 τε

1932 2963 2196 3035 προγνοίη
2253 2961 2318 3016 τὸ
2379 2961 2586 3028 πλοῖον,
2616 2961 2764 3026 ὅπως
2795 2979 2854 3015 τε
2885 2961 3048 3030 ἔλθοι,
3102 2963 3196 3019 ml.
3254 2965 3405 3030 ὅπως
3455 2967 3517 3021 ἓν

1852 3080 1896 3139 C
1930 3057 2079 3130 αὐτῷ
2111 3058 2430 3129 κρύπτοιτο.

2004 3238 2128 3298 ΛΘ’.
2168 3239 2226 3294 Ὀ
2261 3239 2472 3312 μάρτυς
2529 3240 2712 3294 τοίνυν
2739 3239 2868 3312 (καὶ
2911 3239 2964 3294 τί
2988 3239 3096 3312 γάρ
3123 3238 3190 3295 ἂν
3217 3238 3385 3294 αὐτον
3422 3239 3520 3297 οὑιι

1931 3333 2077 3398 εἰκὸς
2112 3332 2305 3386 παθεῖν
2336 3333 2632 3402 ἐπιγνόντα
2661 3332 2750 3386 τὸν
2800 3331 3243 3402 ’Δγαθάγγελονς
3298 3328 3369 3404 ἦν
3410 3335 3515 3404 γὰρ

1931 3427 2026 3480 καὶ
2053 3425 2269 3498 πρῶτος
2290 3425 2397 3480 τῶν
2421 3425 2513 3478 ὑπ’
2545 3425 2712 3479 αὑτοῦ
2733 3425 3040 3496 τηνικαῦτα
3067 3424 3514 3496 βαπτισαμένων)

1930 3518 2228 3590 ἠσπάζετο,
2293 3518 2747 3591 περιεπτύσσετο,
2792 3518 3082 3590 προσηνῶς
3145 3518 3309 3572 αὑτὸν
3371 3535 3519 3589 περιέ

1930 3611 2166 3679 έδαλλε,
2215 3612 2375 3682 δῆλος
2433 3608 2503 3684 ἦν
2562 3611 2891 3682 ἡδονῆςκὲῇ
2934 3612 3084 3682 αὺτῴ
3132 3611 3417 3682 πατρικῆς
3452 3611 3516 3664 τά

1933 3702 2219 3772 σπλάγχνα
2248 3701 2647 3775 πληρούμενος.
2679 3700 2917 3755 Ἔπειτα
2946 3703 3044 3755 καὶ
3077 3703 3176 3771 τῆς
3205 3702 3372 3773 εὐχῆς
3399 3701 3518 3771 θερ-

1934 3795 2159 3866 μότερον
2197 3794 2394 3866 εἴχετο,
2425 3793 2586 3848 τοῦτο
2627 3795 2725 3866 μὲν
2771 3793 3114 3865 εὐχαριστῶν
3167 3792 3308 3865 ὑπὲρ
3353 3795 3514 3862 ’Δγα-

1931 3887 2198 3957 θαγγέλου
2226 3888 2322 3942 καὶ
2342 3886 2526 3958 ψυχῆς
2559 3885 2909 3956 εὑθυμούσης
2940 3885 3238 3957 προσάγων
3271 3887 3516 3956 ῥήματα,

1929 3980 2088 4035 τοῦτο
2119 3980 2176 4033 δὲ
2200 3980 2296 4034 καὶ
2323 3978 2459 4033 Θεὸν
2486 3980 2569 4043 εἰς
2611 3978 2932 4049 συμμαχίαν
2955 3977 3151 4049 ἐκείνῳ
3175 3977 3382 4041 καλῶν,
3425 3979 3518 4030 καὶ

1929 4072 2020 4128 τὸν
2053 4072 2223 4142 ἄνδρα
2265 4072 2523 4126 κοινωνὸν
2572 4071 2754 4142 ἑαυτῷ
2809 4070 3072 4140 γενέσθαι
3102 4072 3200 4141 τῆς
3229 4069 3518 4140 ὁμολογίας

1930 4166 2250 4236 εὐχόμενος,
2308 4164 2634 4236 Εὐχαριστῶ
2684 4181 2789 4230 σοι,
2851 4162 3023 4234 Κύριε
3080 4161 3259 4233 Ἰησοῦ
3289 4162 3516 4233 Χριστὲ,

1927 4259 2126 4328 λέγων⁹
2163 4259 2196 4330 ἡ
2235 4257 2372 4328 μόνη
2437 4256 2533 4310 καὶ
2575 4255 2674 4328 μία
2708 4253 3058 4325 παράκλησις
3104 4254 3228 4324 ἐμοὶ
3264 4254 3360 4306 καὶ
3395 4251 3519 4324 βοή-

1929 4349 2071 4414 θεια,
2123 4349 2204 4402 ὅτι
2255 4364 2323 4417 με
2351 4347 2494 4418 μήτε
2541 4345 2684 4402 κατὰ
2735 4346 2840 4417 γῆν
2897 4345 3036 4416 μήτε
3065 4343 3208 4399 κατὰ
3242 4343 3518 4396 θάλασσαν

258 4453 309 4508 in
361 4451 494 4506 mari
528 4449 800 4520 relinquas
837 4462 866 4500 a
912 4455 1002 4501 tuo
1042 4447 1310 4500 desertum
1345 4444 1579 4507 auxilio.
1616 4445 1708 4500 sed
1741 4459 1827 4500 me

1937 4441 2135 4513 ἔρημον
2157 4440 2256 4510 τῆς
2285 4439 2386 4508 σῆς
2423 4437 2680 4510 βοηθείας
2707 4435 3153 4510 καταλιμπάνῃς,
3189 4435 3302 4488 ἀλλ’
3336 4437 3394 4489 ὲν
3416 4433 3516 4503 όδῷ

255 4560 352 4615 per
391 4553 555 4598 totnn
586 4544 726 4596 viam
770 4540 1072 4596 defenderis
1115 4550 1168 4592 et
1205 4538 1525 4604 deduxeris,
1558 4547 1613 4595 et
1648 4555 1824 4594 meum

255 4638 441 4692 lahore
467 4633 740 4689 defessum
770 4632 1012 4688 animum
1045 4631 1378 4686 recreaveris
1424 4647 1490 4687 eo
1526 4645 1684 4700 quem
1717 4633 1827 4688 scis

255 4731 450 4794 modo,
507 4727 625 4798 ejus
675 4725 982 4782 consolator
1022 4722 1267 4778 effectus.
1314 4723 1454 4778 Ecce
1491 4723 1634 4778 enim
1682 4738 1826 4778 nunc

255 4837 470 4894 quoque
513 4821 566 4875 iu
624 4818 759 4874 mari
811 4820 864 4872 in
912 4815 1276 4887 Agathaugelo
1320 4818 1460 4872 bono
1491 4831 1609 4872 meo
1657 4815 1825 4873 fratre

255 4915 388 4972 mihi
437 4928 497 4968 es
550 4912 835 4983 cognitus,
887 4912 976 4980 qui
1016 4909 1098 4965 vel
1157 4909 1287 4964 mihi
1343 4925 1408 4965 ex
1451 4909 1568 4979 ipso
1611 4909 1829 4965 namine

255 5019 403 5064 tuum
436 5003 670 5077 spondet
721 5001 984 5057 auxilium
1009 5041 1024 5068 ,
1075 5014 1133 5056 ut
1166 5002 1255 5071 qui
1296 4999 1726 5071 Agathangelns,
1775 5000 1827 5055 id

251 5110 369 5166 est,
405 5100 672 5154 bonorum
725 5093 982 5158 nuntius,
1019 5103 1076 5148 et
1130 5093 1202 5147 sit
1250 5100 1305 5147 et
1348 5093 1581 5146 dicatur.
1638 5091 1743 5146 Sed
1777 5092 1824 5146 ei

252 5207 466 5262 quoque
509 5188 776 5252 concede,
805 5201 837 5240 ο
884 5199 979 5240 rex
1012 5184 1259 5248 Christe,
1291 5192 1346 5237 ut
1373 5183 1441 5237 ad
1486 5184 1645 5238 finem
1679 5192 1824 5238 tuam

251 5283 484 5336 deducat
512 5278 847 5334 voluntatem
873 5315 887 5341 ,
918 5285 972 5330 et
998 5273 1238 5344 glorifica
1273 5274 1447 5344 ipsqu
1488 5284 1578 5329 tua
1613 5272 1822 5329 confes-

253 5375 406 5430 sione
431 5413 446 5439 ,
475 5381 534 5427 ut
558 5380 614 5425 tu
646 5383 862 5440 quoque
891 5382 1079 5423 rursus
1108 5367 1162 5422 in
1195 5369 1311 5439 ipso
1343 5366 1678 5437 glorificeris.

322 5554 433 5612 XL.
466 5553 561 5611 Ille
592 5569 722 5626 ergo
753 5568 876 5608 cum
909 5550 1280 5623 Agathangclo
1311 5553 1389 5608 sic
1425 5553 1513 5607 diu
1559 5565 1824 5622 nouaque.

253 5649 598 5722 precabatur,
652 5651 830 5704 cibum
877 5647 1094 5718 quidem
1155 5663 1261 5700 non
1319 5663 1564 5713 sumens,
1602 5663 1727 5702 nam
1761 5665 1825 5702 ne

252 5743 533 5800 minimum
562 5743 776 5816 quidem
812 5747 891 5800 eis
928 5743 1031 5798 tibi
1071 5757 1295 5815 usquam
1332 5741 1512 5795 aderat
1534 5781 1549 5806 ,
1583 5755 1639 5796 ut
1671 5743 1826 5812 cujus

1934 4534 2086 4606 πάσῃ
2115 4530 2507 4589 συναντελάὸου
2537 4529 2630 4585 καὶ⁵
2659 4532 2962 4602 προηγήσω
3011 4545 3124 4602 μοι,
3159 4529 3256 4583 καὶ
3279 4546 3519 4599 πεπονη-

1933 4625 2094 4678 κυῖάν
2133 4641 2236 4694 μου
2277 4623 2378 4697 τὴν
2431 4623 2608 4695 ψυχὴν
2669 4623 2977 4694 άνεκτήσω,
3031 4622 3347 4693 παρήγορος
3380 4621 3516 4691 αὐτῇ

1928 4717 2130 4788 τρόπον
2154 4717 2213 4771 ὃν
2251 4716 2414 4781 αὐτὸς
2439 4712 2586 4780 οἶδας
2607 4716 2912 4786 γινόμενος.
2949 4713 3080 4769 Ἰδοὺ
3104 4717 3214 4787 γάρ
3239 4716 3332 4769 καὶ
3352 4714 3519 4769 τανῦν

1931 4813 1988 4864 ὲν
2018 4809 2266 4883 θαλάσσῃ
2320 4810 2378 4863 ὲν
2415 4808 2810 4879 Ἀγαθαγγέλῳ
2869 4807 2950 4883 τῷ
2981 4807 3157 4878 πιστῷ
3218 4806 3395 4878 τούτῳ
3429 4825 3518 4880 μοι

1930 4900 2146 4972 ἁδελφῷ
2175 4900 2532 4972 ὲγνωρίσθης,
2557 4900 2616 4964 ὃς
2643 4902 2738 4954 καὶ
2767 4898 2862 4958 ἀπ’
2909 4901 3084 4967 αὐτῆς
3117 4916 3208 4970 μοι
3252 4899 3354 4971 τῆς
3389 4902 3518 4971 κλὴ-

1934 5009 2071 5055 asto;
2105 4995 2204 5061 τὴν
2237 4993 2391 5062 παρὰ
2415 4991 2509 5045 σοῦ
2538 4990 2828 5046 πιστοῦται
2863 4991 3141 5063 βοήθειαν,
3167 4989 3389 5059 ἀγαθῶν
3414 4991 3513 5058 άγο

1931 5082 2085 5152 γελος
2138 5084 2232 5137 καὶ
2265 5083 2558 5154 γενόμενος
2596 5084 2695 5138 καὶ
2741 5081 3102 5153 καλούμενος.
3143 5081 3306 5138 Ἀλλά
3339 5083 3515 5154 παρά-

1932 5189 2061 5245 σχου
2089 5174 2184 5227 καὶ
2219 5172 2389 5245 αὐτῷ,
2454 5175 2660 5245 Χριστὲ
2711 5173 2956 5245 βασιλεῦ,
2993 5175 3057 5229 τὸ
3103 5174 3195 5229 σὺν
3241 5177 3321 5238 εἰς
3344 5175 3514 5247 πέρας

1935 5268 2163 5338 άγαγείν
2192 5265 2424 5338 θέλημα,
2458 5266 2554 5320 καὶ
2575 5266 2799 5333 δόξασαν
2825 5267 2988 5321 αὐτὸν
3014 5271 3082 5339 τῇ
3112 5266 3374 5340 ὁμολογίᾳ
3396 5283 3512 5333 σου,

1934 5357 2023 5412 ἴνα
2063 5358 2158 5412 καὶ
2193 5358 2256 5412 σὺ
2291 5356 2452 5411 πάλιν
2483 5359 2541 5413 ὲν
2571 5358 2720 5430 αὐτῷ
2749 5357 3036 5430 δοξασθῇς.

2007 5561 2098 5615 Μ’.
2143 5561 2202 5615 ’0
2230 5561 2332 5631 μὲν
2359 5555 2454 5616 οὖν
2484 5558 2627 5614 οὓτω
2661 5562 2758 5616 σὺν
2800 5561 3184 5632 ’Ᾱγαθαγγέλῳ
3203 5560 3392 5621 νυκτός
3421 5555 3512 5612 καὶ

1934 5653 2150 5722 ἡμέρας
2192 5653 2485 5722 εὐχόμενος
2519 5651 2609 5722 ἦν.
2650 5655 2858 5724 τροφὴν
2889 5655 2989 5724 μὲν
3036 5654 3098 5706 οὐ
3160 5651 3512 5723 προσιέμενος

1937 5751 2049 5816 (καὶ
2085 5747 2195 5818 γάρ
2223 5745 2342 5799 οὐδὲ
2383 5745 2612 5818 βραχεῖά
2639 5765 2720 5810 τις
2759 5749 2939 5810 αὐτοῖς
2971 5744 3218 5818 παροῦσα
3250 5741 3511 5812 ἐτύγχανέ
