3832 6466
420 525 525 589 849

1437 516 1615 578 VITA
1654 519 1718 578 S.
1759 513 2190 578 CLEMENTIS
2228 520 2632 584 ANCYIIANI.

3567 515 3678 578 850

421 633 609 699 ποθεν,
659 627 723 705 ἧς
777 631 894 686 οὐδὲ
928 629 1077 701 παρὰ
1111 630 1210 700 τὴν
1241 628 1415 700 ἀρχὴν
1446 629 1713 702 ἐμέλησεν
1757 629 1893 692 ὅλως
1924 628 2001 698 τῷ

2109 628 2357 687 (Σιεωεηει
2404 631 2602 686 nullam
2647 647 2830 687 curam
2875 633 3128 701 gessisset
3159 629 3384 684 omnino
3427 647 3440 684 :
3493 629 3672 680 vivunt

419 723 727 795 Κλήμεντι)
761 739 774 753 ο
812 723 904 775 τὸν
938 720 1116 786 ζῶντα
1143 720 1199 774 δὲ
1225 721 1388 790 ἄρτον
1415 719 1472 774 ὲν
1500 721 1565 790 τῇ
1595 719 1790 790 καρδία
1825 719 1918 773 καὶ
1940 719 2000 772 τὸ

419 817 566 886 ὕδωρ
621 817 796 868 έκεῖνο
852 813 913 866 τὸ
960 812 1070 878 ζῶν
1122 811 1360 882 ἔχοντες,
1408 813 1503 866 καὶ
1539 811 1750 875 τούτοις
1777 811 2000 880 ἀφανῶς

417 905 740 980 τρεφόμενοί
778 921 837 958 τε
868 904 960 958 καὶ
993 903 1358 974 ποτιζόμενοι.
1386 903 1831 973 Κατελεήσαντες
1885 919 2000 956 τοι-

414 998 622 1072 γαροῦν
653 997 853 1060 αὐτοὺς
881 997 982 1067 τῆς
1005 994 1209 1066 πολλῆς
1230 997 1445 1064 ἐκείνης
1482 993 1560 1065 τῷ
1587 994 1763 1048 δοκεῖν
1783 994 2001 1058 ἀσιτίας

413 1094 466 1146 ei
497 1076 846 1162 στρατιῶται,
878 1088 975 1144 καὶ
1004 1086 1105 1152 τὰς
1141 1087 1319 1158 ψυχὰς
1354 1085 1663 1158 συμπαθῶς
1713 1103 1773 1140 τε
1817 1088 2000 1152 αὐτοῖς

413 1184 512 1238 καὶ
542 1179 948 1253 φιλανθρώπως
966 1178 1326 1243 διατεθέντες,
1350 1175 1675 1250 μεταδοῦναι
1695 1177 2001 1250 βρωμάτων

413 1274 599 1336 αὐτοῖς
629 1270 952 1342 ἐπειρῶντο.
982 1261 1047 1323 Oi
1079 1266 1138 1321 δὲ
1184 1267 1311 1332 τοὺς
1339 1266 1685 1339 στρατιώτας
1745 1266 1846 1338 μὲν
1900 1269 2001 1338 τῆς

414 1363 792 1434 προαιρέσεως
820 1361 1171 1433 ἀπεδέχοντο,
1203 1359 1304 1432 τὴν
1321 1357 1530 1432 τροφὴν
1549 1359 1608 1414 δὲ
1632 1360 1734 1414 οὐκ
1757 1360 2002 1430 ἐδέχοντο

413 1455 624 1512 ἄνωθεν
657 1454 812 1523 παρὰ
843 1454 940 1508 τοῦ
965 1452 1101 1508 Θεοῦ
1141 1451 1312 1524 αὐτὴν
1361 1451 1680 1524 ἐκδέχεσθαι
1725 1451 1998 1521 λέγοντες.

416 1550 597 1619 Ὅπερ
647 1550 696 1602 οἱ
749 1548 848 1617 μὲν
875 1547 1084 1616 ελεγον,
1113 1545 1246 1610 Θεὸς
1275 1544 1332 1598 δὲ
1379 1546 1461 1608 είς
1499 1543 1660 1616 ἔργον
1687 1542 1874 1614 ιξῆγε,
1906 1543 2002 1598 καὶ

418 1641 544 1710 περὶ
562 1639 662 1710 τὴν
684 1635 909 1710 πρώτην
933 1635 1185 1708 φυλακὴν
1203 1635 1302 1706 τῆς
1327 1634 1543 1699 νυκτὸς,
1567 1628 1796 1706 οὐρανία
1823 1625 2000 1705 τροφὴ

412 1733 526 1796 τοῖς
555 1729 787 1793 δικαίοις
812 1727 918 1784 ὑπό
941 1745 1086 1791 τινος
1114 1727 1322 1782 ἄνωθεν
1347 1727 1668 1798 ἐχορηγεῖτο
1693 1723 1997 1795 δυνάμεως,

416 1824 508 1877 καί
537 1823 783 1892 ἀγγέλων
809 1822 958 1895 ἄρτῳ
989 1821 1282 1892 ἐτρέφοντο
1307 1819 1607 1888 ἄνθρωποι.

493 1917 632 1971 MA'.
661 1915 860 1984 Συχναὶ
881 1913 1013 1982 γοῦν
1038 1911 1334 1983 ὲτρίϐησαν
1353 1911 1536 1975 αὐτοῖς
1557 1910 1700 1964 κατὰ
1722 1909 1814 1965 τδν
1829 1908 2000 1966 πλοῦν

420 2009 647 2080 ἡμέραι,
673 2007 767 2062 καὶ⁹
793 2006 874 2070 είς
893 2005 994 2076 τὴν
1029 2005 1209 2059 Ῥόδον
1227 2003 1616 2075 κατασχόντες,
1641 2005 1691 2058 οί
1725 2005 1824 2075 μὲν
1845 2004 1997 2061 ἄλλοι

419 2101 618 2164 πάντες
669 2096 1083 2152 ἐπισιτίσασθαι
1139 2094 1494 2166 βουληθέντες
1523 2094 1615 2148 τοῦ
1658 2096 1846 2150 πλοίου
1893 2096 1998 2151 ἁπ-

421 2191 646 2277 έϐηειξν,
671 2192 786 2255 τοῖς
806 2190 865 2245 δέ
895 2205 962 2259 γε
995 2188 1245 2259 φυλακῆς
1293 2187 1458 2260 χάριν
1487 2187 1596 2243 τῶν
1651 2188 1824 2258 ἁγίων
1861 2189 1997 2243 ύπο⁴

419 2285 685 2356 λειφθεῖσι
714 2282 1072 2354 προσέκειντο
1097 2279 1462 2352 λιπαροῦντες
1505 2281 1662 2335 αὐτοὶ
1700 2281 1794 2336 καὶ
1812 2281 2000 2353 δεόμεο

419 2396 521 2444 νοι,
565 2375 767 2443 ἐξεῖναί
813 2392 872 2430 τε
903 2375 1090 2439 αὐτοῖς
1121 2375 1186 2445 τῇ
1225 2372 1336 2427 τῶν
1363 2373 1706 2445 Χριστιανῶν
1735 2375 1999 2449 ἐκκλησία

420 2470 780 2542 παραϐαλεῖν,
811 2470 905 2524 καὶ
946 2468 1056 2524 τῶν
1104 2467 1395 2540 ἁχράντων
1447 2471 1740 2539 μετασχεῖν
1793 2485 2002 2540 μυστη-

424 2563 573 2635 ρίων.
613 2561 871 2635 Κυριακὴ
905 2562 1004 2633 μὲν
1033 2560 1129 2616 οῦν
1161 2561 1466 2633 τηνικαῦτα
1488 2560 1676 2632 ἡμέρα
1701 2561 1886 2631 ἤγετο,
1906 2564 2001 2616 καὶ

421 2659 624 2722 πάντες
677 2658 793 2711 ὅσοι
840 2655 982 2712 κατὰ
1004 2655 1104 2728 τὴν
1138 2655 1305 2725 νῆσον
1348 2655 1720 2726 Χριστιανοὶξ(
1738 2655 1908 2724 ὀλίγοι
1943 2655 2000 2711 δὲ

421 2745 589 2820 οὗτοι)
643 2749 780 2822 πρὸς
827 2749 920 2804 τδν
970 2750 1100 2803 ναδν
1151 2747 1501 2819 συνέτρεχον.
1554 2747 1773 2802 Τούτων
1808 2749 1867 2803 δέ
1914 2766 2001 2815 τις

421 2841 666 2913 ἀκριϐῶς
692 2843 842 2906 ὅπως
877 2840 992 2913 εἶχε
1011 2841 1083 2896 τὰ
1111 2840 1254 2896 κατὰ
1284 2841 1410 2905 τοὺς
1442 2839 1633 2910 ἁγίους
1665 2839 1874 2912 μαθὼν,
1893 2858 2002 2912 μη-

422 2934 536 2989 νύει
571 2935 747 2990 πάντα
779 2935 859 3007 τῷ
913 2935 1016 3006 τῆς
1060 2933 1246 2988 Ῥόδου
1295 2933 1566 3006 προέδρῳ,
1601 2934 1866 2998 Φωτεινδς
1922 2933 2002 3006 τῷ

418 3030 704 3101 ἐπισκόπῳ
745 3029 941 3100 ὄνομα.
979 3029 1253 3091 Κάκεῖνος
1299 3027 1454 3083 οὐδὲν
1504 3024 1584 3082 ἔτι
1608 3026 2004 3099 διαμελλήσας,

415 3122 754 3195 παραλαϐὼν
807 3122 1010 3177 αὐτίκα
1074 3122 1221 3194 μάλα
1272 3122 1506 3193 συχνοὺς
1557 3120 1666 3175 τῶν
1716 3121 2002 3193 παρόντων

417 3213 783 3285 Χριστιανῶν,
816 3214 897 3278 είς
917 3212 1009 3268 τὸν
1028 3211 1279 3282 αἰγιαλὸν
1303 3211 1635 3283 ἀφικνεῖται,
1658 3229 1704 3282 ῳ
1723 3229 1797 3282 γε,
1819 3213 1853 3286 ἡ
1877 3213 2003 3278 τοὺς

418 3304 605 3375 ἁγίους
633 3305 830 3378 ἔχουσα
857 3305 988 3370 ναῦς
1013 3302 1452 3377 προσωρμίζετο,
1477 3303 1572 3360 καὶ
1598 3304 1768 3370 πολὺς
1796 3299 1864 3378 ἦν
1891 3305 2002 3360 τῶν
2029 3322 2076 3385 c

417 3397 679 3468 φυλάκων
706 3398 978 3469 δεόμενος,
1001 3395 1145 3452 ὥστε
1172 3396 1400 3468 λυθῆναι
1428 3398 1555 3462 τοὺς
1585 3397 1873 3471 μάρτυρας
1891 3397 2002 3452 τῶν

417 3489 663 3561 δεσμῶν,
695 3490 791 3545 καὶ
819 3489 919 3563 τὴν
945 3490 1039 3544 ἐπὶ
1074 3489 1176 3562 τῆς
1201 3488 1500 3560 ἐκκλησίας
1532 3489 1721 3554 αὐτοῖς
1745 3489 2002 3562 ἀνεθῆναι

421 3583 684 3654 πάροδον.

489 3673 625 3728 ΜΒ⁹.
667 3671 924 3727 Ἕκείνων
955 3671 1135 3727 τοίνυν
1158 3670 1256 3744 τὴν
1289 3671 1527 3727 ἱκετείαν
1548 3673 2001 3746 δυσωπηθέντων,

419 3765 527 3820 ὑπὸ
555 3763 768 3826 πολλοῖς
801 3766 914 3828 τοῖς
943 3763 1392 3835 εὐχαριστηρίοις
1416 3763 1607 3835 ὓμνοις
1634 3765 1684 3818 οἱ
1723 3767 2004 3838 μάρτυρες

415 3858 513 3912 ἐπὶ
535 3857 634 3928 τὴν
666 3855 962 3926 ἐκκλησίαν
982 3855 1428 3927 προπέμπονται,
1447 3858 1541 3910 καὶ
1563 3857 1876 3930 ἁκολούθως
1902 3858 2005 3930 τῆς

416 3949 578 4021 ίερᾶς
617 3931 977 4018 προτεθείσης
1022 3947 1214 4019 βίϐλου
1251 3950 1436 4004 ἐκεῖνα
1471 3929 1796 4019 παραδόξως
1828 3952 1862 4022 ἡ
1893 3929 2005 4006 τῶν

422 4039 774 4108 Εὑαγγελίων
815 4039 1004 4110 ἐδήλου
1060 4039 1234 4109 φωνὴ,
1272 4038 1309 4094 ἃ
1355 4040 1450 4095 καὶ
1497 4039 1577 4112 τῷ
1609 4039 1789 4112 καιρῷ
1833 4056 2005 4113 προσ-

420 4133 626 4206 ήκοντα
665 4133 759 4187 καὶ
807 4134 922 4196 τοῖς
965 4131 1141 4201 ἁγίοις
1171 4119 1484 4202 ἁρμόζοντα
1511 4126 1601 4203 ἦν.
1628 4130 1767 4188 Τίνα
1807 4131 1864 4188 δὲ
1894 4133 2004 4205 ἄρα

417 4227 629 4294 ταῦτα;
651 4225 743 4298 Μὴ
765 4224 1021 4296 φοϐεῖσθε
1047 4225 1158 4280 ἀπὸ
1177 4224 1289 4280 τῶν
1305 4225 1714 4281 ἀποκτεινόντων
1736 4225 1796 4280 τὸ
1819 4225 2002 4298 σῶμα,

418 4319 520 4392 τὴν
547 4319 604 4374 δὲ
632 4319 811 4391 ψυχὴν
829 4319 1147 4373 ἀποκτεῖναι
1175 4318 1250 4389 μὴ
1274 4317 1615 4390 δυναμένων.
1645 4316 1817 4372 Τοῦτο
1839 4317 2004 4373 οίονεί

417 4432 542 4470 τινα
569 4413 886 4486 γλυκύτητα
935 4413 1090 4470 θείαν
1115 4412 1369 4479 ἐνέσταξε
1404 4414 1526 4477 ταῖς
1556 4413 1668 4467 τῶν
1695 4413 1868 4482 ἁγίων
1903 4413 2006 4484 ψυ-

419 4506 564 4578 χαῖς,
591 4505 686 4560 καὶ
717 4503 1030 4576 ὀφθαλμοὺς
1050 4501 1185 4573 ὁμοῦ
1211 4502 1307 4556 καὶ
1328 4504 1515 4574 χεῖρας
1547 4501 1712 4567 εὐθὺς
1735 4505 1819 4567 είς
1837 4503 2005 4575 ούρα-

421 4598 547 4660 νοὺς
573 4596 923 4667 ἀνασχόντες,
944 4596 1008 4649 ἐκ
1035 4594 1391 4667 περιχαρείας
1417 4594 1810 4668 δεδακρυμένοι
1830 4611 2004 4669 προσο

2104 731 2283 776 autem
2326 738 2518 793 panem
2551 724 2603 778 in
2635 725 2800 780 corde
2847 734 2905 780 et
2935 727 3110 778 vivam
3153 723 3298 776 illam
3342 736 3536 790 aquam
3574 720 3670 773 ha-

2105 813 2328 882 bentes,
2377 815 2572 884 quibus
2621 817 2849 870 obscure
2893 815 3179 870 alebantur
3221 821 3276 867 et
3323 813 3667 881 putabantur.

2105 903 2383 960 Diuturnae
2405 920 2534 976 ergo
2562 905 2802 971 illorum,
2824 914 2883 960 ut
2913 905 3216 969 videbatur,
3247 903 3436 958 inedia:
3462 901 3672 954 miserti

2104 997 2302 1052 milites
2339 998 2580 1067 motique
2613 998 2796 1052 animo
2818 1037 2834 1062 ,
2867 998 3205 1068 benigneque
3240 1006 3294 1053 et
3339 997 3592 1050 humane
3623 996 3672 1047 in

2101 1101 2198 1142 eos
2222 1087 2396 1143 allecti
2417 1127 2432 1151 ,
2461 1102 2557 1143 eos
2588 1087 2727 1144 cibis
2764 1087 3012 1142 volebant
3053 1086 3339 1155 impertiri.
3373 1087 3449 1141 llli
3494 1095 3674 1139 autem

2103 1177 2392 1234 laudabant
2420 1179 2638 1250 quidem
2681 1178 2878 1234 bonum
2915 1178 3147 1233 militum
3185 1177 3460 1244 animum,
3489 1177 3673 1232 cibum

2101 1288 2233 1330 vero
2266 1287 2371 1329 non
2422 1274 2794 1345 accipiebant,
2838 1265 3086 1330 dicentes
3128 1289 3186 1330 se
3217 1287 3340 1328 eum
3385 1273 3614 1343 desuper
3643 1289 3673 1326 ει

2103 1367 2212 1422 Deo
2250 1367 2518 1437 accipere.
2551 1367 2702 1438 Quod
2734 1378 2915 1422 autem
2945 1367 3020 1423 illi
3065 1366 3340 1433 dicebant,
3372 1366 3513 1422 Deus
3545 1363 3675 1420 effe.-

2103 1467 2247 1514 ctum
2280 1455 2545 1522 reddidit,
2581 1465 2638 1513 et
2673 1457 2819 1513 circa
2866 1459 3098 1528 primam
3129 1457 3305 1512 noctis
3337 1453 3635 1511 custodiam
3659 1494 3673 1516 ,

2103 1549 2326 1605 cteleste
2359 1549 2674 1606 alimentum
2724 1549 2886 1621 iustis
2932 1549 3399 1622 suppeditabatur,
3439 1555 3494 1604 et
3537 1559 3676 1618 pane

2103 1641 2416 1716 angelorum
2452 1641 2831 1699 nutriebantur
2858 1641 3130 1699 homines.

2173 1906 2311 1965 XLI.
2358 1907 2510 1965 Iulli
2542 1924 2675 1966 vero
2717 1909 2835 1966 dies
2878 1909 3183 1978 consumpti
3229 1915 3358 1963 sunt
3398 1907 3466 1962 ab
3508 1906 3588 1961 eis
3621 1906 3676 1960 in

2031 1981 2404 2072 Bnavigando
2452 2023 2466 2059 :
2521 2011 2577 2058 et
2640 2017 2762 2058 cum
2813 2000 3060 2058 Rhodum
3144 1999 3512 2070 appulissent,
3582 1997 3675 2052 alii

2099 2093 2316 2165 quidem
2347 2109 2536 2152 omnes
2568 2110 2600 2152 e
2640 2095 2762 2150 navi
2802 2093 3202 2151 descenderunt
3235 2091 3300 2146 ad
3327 2089 3676 2160 quaerendum

2098 2195 2497 2253 commeatum;
2525 2185 2607 2242 eis
2637 2194 2818 2241 autem
2839 2226 2854 2251 ,
2883 2185 2976 2256 qui
3005 2183 3178 2239 relicti
3217 2183 3430 2236 fuerant
3453 2196 3548 2252 pro
3577 2195 3677 2235 cu-

2099 2277 2274 2334 stodia
2327 2287 2682 2345 sanctorum,
2721 2278 2994 2335 instabant
3038 2276 3140 2346 ipsi
3190 2279 3541 2330 vehementer
3585 2286 3680 2328 ro-

2100 2375 2293 2441 gantes
2320 2378 2374 2424 et
2401 2378 2642 2434 orantes,
2675 2377 2734 2425 ut
2777 2369 2964 2425 liceret
3000 2367 3080 2424 eis
3109 2367 3371 2422 accedere
3407 2365 3474 2420 ad
3503 2364 3677 2421 eccle-

2101 2459 2238 2514 siam
2270 2457 2706 2514 Christianorum
2728 2499 2745 2524 ,
2785 2469 2995 2515 etesse
3031 2457 3475 2513 intemeratorum
3513 2455 3680 2525 parti:

2104 2549 2254 2622 cipes
2307 2559 2789 2607 sacramentorum.
2855 2552 3032 2622 Atque
3094 2557 3224 2604 tunc
3275 2548 3492 2619 quidem
3563 2547 3681 2604 dies

2101 2641 2483 2699 celebrabatur
2529 2642 2880 2709 Dominicus,
2933 2651 2986 2699 et
3038 2642 3347 2713 quicunque
3404 2647 3564 2697 erant
3623 2639 3678 2694 ia

2102 2736 2279 2791 insula
2322 2735 2654 2801 Christiani,
2679 2735 2833 2804 pauci
2865 2743 3050 2789 autem
3091 2741 3300 2801 erant,
3321 2732 3388 2789 ad
3421 2731 3679 2802 templum

2103 2827 2516 2884 concurrebant.
2571 2826 2646 2882 Ex
2698 2827 2784 2883 his
2832 2841 2962 2883 vero
2995 2841 3118 2882 cum
3159 2825 3380 2898 quidam
3429 2831 3682 2880 accurate

2103 2922 2412 2987 didicisset,
2448 2921 2724 2993 quomodo
2762 2935 2823 2977 se
2877 2919 3140 2976 haberent
3199 2933 3285 2974 res
3327 2926 3679 2983 sanctorum,

2103 3013 2328 3070 antistiti
2377 3011 2552 3068 Rhodi
2585 3012 2767 3068 omnia
2816 3012 3086 3084 signiﬁcat
3122 3028 3138 3066 :
3175 3011 3432 3081 episcopo
3479 3023 3680 3066 nomen

2103 3113 2222 3162 erat
2255 3106 2535 3162 Photinus.
2577 3103 2668 3160 Ille
2699 3114 2877 3161 autem
2921 3103 3054 3158 nihil
3089 3103 3320 3173 amplius
3355 3112 3678 3167 cunctatus,

2106 3210 2230 3250 cum
2279 3195 2462 3251 atatim
2503 3195 2804 3264 accepisset
2852 3192 3049 3249 multos
3091 3207 3159 3248 ex
3211 3193 3277 3248 iis
3323 3192 3412 3263 qui
3458 3192 3684 3248 aderant

2105 3288 2454 3354 Christianis,
2475 3289 2622 3345 venit
2647 3288 2712 3342 ad
2737 3288 2908 3356 littus,
2929 3287 2995 3342 ad
3027 3289 3168 3358 quod
3197 3288 3478 3360 appulerat
3501 3287 3678 3351 navis,

2105 3380 2159 3437 in
2190 3396 2293 3454 qua
2323 3389 2480 3437 erant
2506 3380 2703 3447 sancti,
2733 3387 2786 3435 et
2813 3379 3064 3436 custodes
3091 3379 3441 3436 vehementer
3474 3377 3678 3441 oravit,

2103 3480 2163 3528 ut
2197 3481 2464 3545 martyres
2493 3471 2835 3527 solverentur
2864 3485 2892 3525 a
2924 3469 3176 3536 vinculis,
3204 3478 3258 3526 et
3292 3472 3371 3526 eis
3399 3467 3682 3542 permitte-

2105 3573 2255 3621 rctur
2287 3564 2471 3620 venire
2503 3563 2556 3620 in
2591 3562 2896 3620 ecclesiam.

2175 3690 2333 3748 XLII.
2373 3692 2509 3748 Cum
2550 3691 2623 3748 illi
2659 3701 2835 3749 autem
2895 3693 3191 3750 cessissent
3224 3692 3514 3764 precibus,
3557 3707 3680 3749 cum

2105 3786 2288 3842 multis
2320 3785 2574 3860 hymnis,
2607 3787 2806 3857 quibus
2840 3785 2950 3842 Deo
2982 3796 3216 3858 aguntur
3246 3787 3466 3856 gratiae,
3502 3786 3553 3842 itt
3588 3802 3682 3842 ec-

2105 3874 2324 3930 clesiam
2344 3874 2684 3930 deducuntur
2701 3884 3008 3946 martyres;
3029 3883 3084 3929 et
3107 3883 3504 3944 consequenter
3524 3889 3682 3932 sacro

2104 3962 2244 4019 libro
2281 3963 2594 4035 proposito,
2631 3962 3030 4018 admirabiliter
3058 3971 3114 4018 et
3143 3971 3340 4034 praeter
3373 3962 3683 4032 opinionem

2105 4054 2404 4112 declaravit
2449 4071 2553 4110 vos
2597 4053 3012 4125 Evangeliorttm
3038 4053 3160 4121 illa,
3206 4068 3327 4124 quae
3371 4061 3426 4110 et
3464 4061 3678 4126 tempus

2105 4146 2388 4214 decebant,
2423 4155 2478 4202 et
2501 4145 2706 4202 sanctis
2758 4144 3172 4201 conveniebant.
3216 4145 3474 4211 Quaenam
3501 4154 3682 4200 autem

2105 4253 2167 4293 ea
2203 4238 2371 4293 sunt?
2419 4236 2596 4292 Nolite
2636 4237 2826 4292 timere
2862 4236 3114 4308 eos,~qui
3151 4251 3349 4307 corpus
3387 4235 3680 4300 occidunt,

2106 4334 2345 4385 animam
2381 4339 2564 4384 autem
2605 4343 2714 4386 non
2750 4337 2982 4399 possunt
3017 4327 3270 4384 occidere
3287 4327 3332 4382 ⁸.
3358 4326 3471 4384 IIoc
3514 4327 3681 4383 veluti

2104 4419 2401 4490 quamdam
2426 4418 2663 4473 divinam
2693 4418 3034 4473 dulcedinem
3065 4426 3379 4475 sanctorum
3402 4417 3682 4474 instillavit

2106 4512 2336 4577 animis,
2375 4511 2677 4580 oculosque
2706 4511 2868 4566 simul
2894 4522 2949 4566 et
2974 4525 3170 4566 manus
3195 4510 3377 4567 statim
3409 4510 3478 4565 ad
3511 4511 3682 4566 caelos

2110 4602 2394 4666 tollentes,
2423 4617 2534 4672 przc
2572 4602 2771 4671 gaudio
2800 4602 3034 4657 orabant
3064 4601 3448 4672 lacrymantes.
3492 4598 3685 4655 diditi-

420 4687 672 4759 ηὔχοντο.
703 4664 1066 4757 ὖίκοδόμησις
1109 4664 1203 4740 οὖν
1242 4664 1308 4738 ’ὲν
1337 4687 1404 4758 τῇ
1459 4664 1737 4741 πίστνειγτδ
1766 4664 2001 4759 πράγμα

2109 4695 2256 4752 catio
2286 4664 2467 4750 autem
2502 4693 2556 4749 in
2574 4664 2697 4748 'ﬁde
2727 4693 2828 4748 fuit
2864 4709 2950 4748 res
2981 4706 3044 4749 ea
3071 4693 3138 4749 iis
3165 4664 3258 4763 qui
3289 4693 3535 4758 aderant,
3567 4707 3685 4748 om-

419 4782 536 4846 τοῖς
561 4778 828 4851 παροῦσιν
857 4777 1094 4847 ἐγένετο,
1126 4775 1223 4831 καὶ
1261 4777 1462 4842 πάντες
1489 4779 1570 4842 είς
1591 4777 1799 4844 αὐτοὺς
1830 4779 2003 4852 δρῶν-

421 4888 512 4937 τες
545 4872 622 4935 είς
643 4869 850 4942 φανερὰ
877 4870 970 4923 καὶ
990 4868 1144 4922 αὐτοὶ
1167 4869 1472 4940 κατήγοντο
1508 4869 1742 4941 δάκρυα,
1773 4870 2001 4927 καὶτῶν

423 4965 765 5036 σκαμμὰτων
787 4959 1110 5030 κοινωνῆσαι
1133 4961 1228 5014 καὶ
1251 4960 1362 5016 τῶν
1383 4962 1676 5034 βραϐείων,
1703 4966 1812 5030 τοῖς
1849 4965 1994 5036 μάρ-

421 5075 578 5111 τυσιν
600 5055 853 5128 ηῠχοντο.

491 5147 626 5204 MI".
696 5144 828 5203 Εἶτα
887 5151 916 5204 ὁ
971 5147 1224 5221 θεοφιλὴς
1283 5149 1492 5212 ἐκεῖνος
1561 5149 1858 5214 ἐπίσκοπος
1938 5152 2006 5205 τὰ

421 5242 522 5309 τῆς
592 5241 756 5310 ἁγίας
830 5243 1110 5314 ἀναφορᾶς
1168 5239 1480 5294 ἐπιτελέσαι
1554 5237 1832 5310 μυστήρια
1909 5240 2002 5292 τὸν

425 5333 720 5404 ἱερώτατον
757 5334 1054 5406 Κλήμεντα
1092 5333 1248 5407 ἠξίου
1271 5350 1285 5366 ·
1324 5326 1399 5387 ὧν
1439 5332 1503 5404 δὴ
1549 5331 1692 5386 κατὰ
1717 5331 1777 5385 τδ
1812 5332 2002 5392 είωθδς

423 5429 517 5483 ὑπ’
566 5427 733 5482 αὑτοῦ
781 5428 1162 5501 τελουμένων,
1217 5427 1312 5482 καὶ
1361 5426 1580 5480 πάντων
1633 5427 1690 5478 ὲν
1740 5425 1997 5497 συντριϐῇ

425 5521 654 5593 καρδίας
708 5523 963 5594 καθάπερ
1017 5523 1200 5591 γυμνῇ
1255 5521 1320 5590 τῇ
1372 5517 1518 5589 ψυχῇ
1585 5516 2000 5588 προσεχόντων,

423 5616 592 5688 ὁρῶσι
624 5616 810 5670 πολλοὶ
837 5616 948 5670 τῶν
981 5615 1288 5686 παρόντων,
1313 5613 1426 5666 ὅσοι
1462 5610 1527 5682 δὴ
1558 5611 1653 5665 καὶ
1689 5611 1756 5664 τὰ
1778 5611 2005 5665 τοιαῦτα

423 5706 560 5778 δρᾷν
583 5707 746 5774 ἄξιοι,
775 5707 1030 5780 φοϐερὸν,
1065 5701 1111 5761 ὦ
1142 5707 1408 5768 Δέσποτα,
1441 5702 1618 5774 θέαμα
1639 5705 1733 5756 καὶ
1756 5703 2000 5774 φρικτόνο

424 5798 672 5871 ᾶιθρακα
709 5800 808 5872 μὲν
840 5801 1016 5872 φωτὸς
1051 5795 1404 5872 ὑπερμεγέθη
1437 5795 1535 5865 τῆς
1591 5796 1861 5866 ἁχράντου
1909 5796 2005 5851 καὶ

500 5977 518 6008 ⁵
560 5975 750 6034 Matth.
788 5993 844 6050 x,
875 5980 968 6036 28.

2111 4799 2316 4856 nosque
2342 4799 2438 4840 eos
2463 4785 2756 4848 intuentes,
2783 4784 2882 4853 ipsi
2911 4796 3130 4853 quoque
3153 4791 3340 4853 aperte
3364 4783 3686 4838 emittebant

2109 4877 2397 4947 lacrymas,
2427 4884 2838 4947 martyrumque
2866 4873 3164 4930 certamina
3195 4884 3248 4932 et
3277 4889 3511 4932 coronas
3561 4891 3687 4947 pan-

2107 4969 2331 5038 ticiparc
2361 4967 2671 5039 cupiebant.

2187 5153 2372 5212 XLIII.
2421 5155 2623 5211 Deinde
2657 5155 2776 5226 pius
2821 5156 2911 5212 ille
2940 5165 2996 5212 et
3035 5154 3129 5211 Dei
3176 5171 3368 5212 amans
3399 5155 3687 5228 episcopus

2115 5247 2338 5316 rogabat
2369 5244 2706 5302 Clementem
2731 5248 3161 5314 sanctissimum,
3199 5257 3260 5304 ut
3286 5259 3490 5306 sancta:
3519 5249 3687 5304 obla-

2114 5338 2278 5392 tionis
2336 5348 2617 5407 perageret
2652 5341 2931 5412 mysteria.
2993 5340 3122 5409 Quae
3181 5341 3397 5411 quidem
3449 5356 3572 5396 cum
3617 5339 3686 5396 de

2113 5445 2263 5485 more
2296 5429 2363 5484 ab
2393 5444 2457 5484 eo
2488 5441 2893 5501 peragerentur,
2923 5443 2983 5488 et
3024 5448 3216 5489 omnes
3263 5436 3316 5488 in
3361 5432 3689 5488 contritione

2113 5521 2326 5588 cordis,
2375 5521 2542 5576 veluti
2585 5524 2726 5578 nuda
2760 5532 2821 5580 et
2858 5535 3047 5596 aperta
3085 5525 3286 5591 anima,
3321 5526 3401 5579 eis
3435 5524 3688 5580 attende-

2115 5622 2234 5668 rent
2256 5654 2271 5678 ,
2323 5613 2512 5670 vident
2543 5615 2695 5670 multi
2725 5631 2791 5672 ex
2827 5617 2894 5672 iis
2941 5617 3031 5687 qui
3063 5619 3324 5684 aderant,
3356 5617 3688 5688 quicumque

2113 5705 2314 5762 scilicet
2345 5717 2502 5763 erant
2530 5708 2674 5778 digni
2714 5710 2838 5764 talia
2878 5710 3097 5775 intueri,
3128 5709 3478 5781 stupendum,
3524 5724 3557 5766 ο
3583 5709 3690 5765 Do-

2111 5797 2279 5865 mine,
2316 5809 2370 5856 et
2413 5800 2659 5858 mirabile
2704 5801 3108 5873 spectaculum;
3147 5802 3282 5858 lucis
3313 5801 3532 5873 quidem
3565 5816 3689 5858 car-
