3832 6484
432 506 541 572 853
1455 499 1638 566 VITA
1672 503 1734 564 S.
1770 501 2202 565 CLEMENTIS
2233 503 2642 567 ANCYRANI.
3578 509 3693 577 εει

430 615 659 687 ἀπειλῆς
697 609 865 667 οὖσαν
920 611 1166 683 μείζονα,
1212 612 1356 684 πρὸς
1394 613 1451 668 δὲ
1476 613 1569 668 τὸν
1609 606 2044 683 Ἀγαθάγγελονε

2155 629 2278 669 uam
2309 624 2367 670 nt
2409 615 2569 670 minis
2599 630 2719 672 eam
2753 613 3101 686 signiliraret.
3147 616 3226 673 Ad
3265 617 3708 691 Agathangolunv

431 707 664 776 ἀπιδὼν,
697 705 770 761 Σὺ
817 705 875 759 δὲ
911 704 999 769 τίς
1050 700 1135 773 εἷς
1168 703 1296 777 ἔφη,
1327 706 1449 761 οὐδὲ
1488 704 1599 778 γὰρ
1621 704 1872 775 έγκεισαι
1900 706 2016 770 τοῖς

2149 715 2301 761 ,utem
2337 706 2614 777 aspiciens
2646 724 2659 761 :
2686 705 2767 760 Tu
2801 721 2931 762 vero
2971 707 3095 778 quis
3129 707 3234 764 es?
3269 707 3462 777 inquit.
3509 706 3697 779 Neque

431 797 820 872 Διοκλητιανοῦ
853 796 1168 870 γράμμασι.
1209 798 1479 862 Κάκεῖνος
1508 798 1607 870 τὴν
1637 798 1830 871 ὅρασιν
1860 815 2018 869 μερι-

2153 797 2263 855 nim
2312 799 2609 855 contineris
2662 799 2714 853 in
2753 798 2950 856 litteris
2996 797 3336 856 Diocletiani.
3384 799 3478 857 Ille
3517 811 3694 863 autem

435 889 607 957 σθεὶς,
660 887 758 943 καὶ
785 889 923 959 πρὸς
951 887 1044 942 τὸν
1081 887 1312 961 οὐρανὸν
1335 888 1476 960 ἄρας
1504 888 1641 961 ὁμοῦ
1662 890 1790 954 τοὺς
1818 889 2019 957 ὀφθαλ-

2153 903 2239 942 um
2283 888 2458 945 visum
2497 905 2653 945 suum
2686 889 2988 957 divisisset,
3021 901 3077 947 et
3106 889 3265 946 simul
3309 891 3361 946 in
3395 891 3589 947 cmlum
3638 900 3698 946 et

432 981 573 1053 μοίις
600 979 697 1036 καὶ
721 978 814 1036 τὸν
845 979 960 1051 Κλή
970 996 1142 1051 μεντα
1166 978 1533 1053 (ἑκατέρωθεν
1569 980 1676 1052 γάρ
1695 981 1849 1054 ἥξειν
1869 980 2019 1054 αὐτῷ

2155 979 2186 1034 d
2239 979 2572 1036 Clementem
2622 981 2932 1037 sustulisset
2999 981 3188 1039 oculos
3228 980 3507 1052 (utrinque
3550 982 3693 1036 enim

430 1072 530 1145 τὴν
583 1070 840 1143 βοήθειαν
893 1071 1264 1142 προσεδόκα),
1314 1072 1485 1141 Κάγὼ
1518 1073 1844 1143 Χριστιανός
1878 1076 2015 1146 εἰμι,

2156 1071 2185 1125 d
2219 1085 2277 1126 se
2300 1082 2579 1127 venturum
2620 1073 2874 1140 sperabat
2903 1072 3245 1144 auxilium):
3282 1073 3392 1141 Ego
3435 1087 3652 1143 quoque
3676 1113 3691 1136 ,

434 1166 564 1237 εφη,
605 1166 696 1221 διὰ
744 1165 841 1220 τοῦ
878 1164 1069 1220 δούλου
1122 1164 1215 1219 τοῦ
1247 1164 1486 1237 Χριστοῦ
1543 1165 1888 1238 Κλήμεντος,
1918 1167 2021 1240 τῆς

2149 1161 2332 1230 nquit,
2383 1175 2502 1216 sum
2541 1161 2885 1218 Christianus
2906 1202 2923 1228 ,
2957 1176 3052 1235 per
3076 1177 3295 1218 servum
3325 1161 3529 1218 Christi
3570 1161 3695 1217 Cle-

439 1258 720 1327 μακαρίας
761 1253 970 1326 ταύτης
998 1252 1257 1322 ἀξιωθεὶς
1295 1254 1566 1326 κλήσεως.
1602 1256 1737 1309 Τότε
1785 1255 2018 1330 ’Δγριπ-

2149 1255 2358 1304 nentem
2393 1248 2534 1305 hanc
2583 1248 2796 1304 beatam
2836 1258 3028 1305 nactus
3065 1249 3510 1320 appellationem.
3545 1248 3699 1303 Tunc

435 1352 589 1408 πίνος
616 1344 833 1401 κελεύει
868 1345 1165 1416 Κλήμεντα
1204 1343 1304 1416 μὲν
1337 1346 1775 1419 μετεωρισθέντα
1810 1348 2022 1404 σπαθί-

2149 1339 2448 1412 igrippinus
2476 1340 2633 1412 jubet
2658 1339 2999 1397 Clementem
3033 1341 3250 1410 quidem
3279 1340 3332 1397 in
3365 1341 3533 1395 altum
3565 1340 3694 1419 sub-

429 1434 650 1503 ζεσθαι,
700 1437 1111 1509 Ἀγαθάγγελον
1166 1437 1225 1493 δὲ
1266 1418 1579 1509 βουνεύροις
1636 1439 1742 1493 ὑπὸ
1807 1440 2021 1511 δημίων

2149 1443 2289 1490 atum
2370 1433 2503 1488 cazdi
2577 1449 2643 1490 ac
2692 1433 2969 1502 mutilari;
3031 1431 3462 1506 Agathangelum
3518 1418 3697 1487 autem

435 1526 701 1598 ὠμότατα
731 1527 1054 1584 τύπτεσθαι.
1102 1529 1257 1584 Ἐπεί⁸
1283 1529 1339 1583 δὲ
1373 1530 1468 1585 καὶ
1512 1531 1612 1602 τήν
1639 1531 1898 1602 τοιαύτην
1928 1532 2026 1605 βά-

2149 1541 2283 1580 mum
2335 1525 2518 1581 nervis
2569 1541 2601 1581 a
2640 1525 2920 1582 lictoribus
2971 1525 3351 1583 crudelissime
3401 1524 3701 1581 verberari.

441 1636 602 1674 σανον
649 1621 680 1674 δ
735 1619 908 1691 μέγας
941 1621 1178 1694 Κλήμης
1210 1620 1354 1676 οὕτω
1383 1640 1436 1676 τι
1460 1623 1728 1693 γενναίως
1757 1624 2020 1696 ὑπέμενε,

2149 1617 2394 1685 )uoniam
2431 1632 2558 1674 vero
2598 1633 2827 1689 magnus
2854 1619 3107 1675 Clemens
3151 1616 3418 1687 ejusmodi
3458 1626 3701 1672 tormen-

436 1710 696 1765 τοσούτου
720 1711 840 1766 δέον
872 1713 930 1766 ὲν
976 1712 1122 1783 λόγῳ
1150 1712 1264 1768 τινὶ
1311 1711 1409 1769 καὶ
1440 1714 1647 1786 μετρίῳ
1674 1715 1774 1780 τὰς
1809 1716 2026 1788 πληγάς

2152 1724 2239 1763 um
2259 1716 2374 1763 tam
2408 1722 2602 1780 magno
2625 1720 2681 1764 et
2707 1710 2925 1766 excelso
2946 1697 3130 1764 animo
3160 1706 3391 1773 ferebat,
3414 1716 3467 1763 et
3494 1716 3699 1761 tantum

436 1798 703 1867 τίθεσθαι,
732 1799 809 1865 ὡς
837 1801 980 1875 ὑπὲρ
1002 1803 1198 1859 ἑαυτοῦ
1234 1820 1295 1858 τε
1320 1804 1415 1859 καὶ
1455 1804 1859 1877 Ἀγαθαγγέλου
1882 1808 2020 1863 άπεο

2149 1800 2352 1867 uberat,
2405 1810 2469 1857 ut
2503 1801 2783 1873 plagarum
2836 1802 2921 1856 vel
2954 1799 3223 1855 modicam
3272 1797 3436 1854 ullam
3483 1798 3704 1853 duceret

441 1891 761 1966 ρισπάστως
776 1892 1056 1965 εὕχεσθαι,
1078 1895 1108 1950 ό
1134 1894 1374 1967 ἔπαρχος
1408 1896 1580 1968 μικρὰ
1604 1897 1777 1953 ταῦτα
1798 1900 2025 1969 νομίσας

2149 1892 2434 1959 νιιὶοιιειιι,
2466 1900 2528 1949 ut
2575 1906 2674 1963 pro
2722 1905 2783 1947 se
2819 1899 2876 1947 et
2916 1905 3014 1961 pro
3062 1889 3430 1962 Agathangelo
3485 1888 3703 1945 assidue

438 1961 536 2038 καὶ
568 1984 644 2055 μὴ
665 1961 942 2057 δυνάμενα
970 1961 1315 2045 καθικέσθαι-
1337 1961 1523 2061 ψυχῆς
1546 1990 1688 2046 οὕτω
1717 1961 1918 2062 πάγιον
1964 1961 2022 2048 ὲν

2149 1993 2341 2053 »νει-εις
2377 1961 2665 2056 praefectus
2687 1984 2804 2039 haec
2828 1999 2993 2053 parva
3017 1961 3136 2039 esse
3158 1984 3477 2046 arbitratus,
3501 1990 3557 2036 et
3581 1995 3703 2053 qua:

432 2075 579 2149 αὐτῇ
631 2075 865 2150 θεμένης
892 2077 956 2132 τὸ
983 2080 1406 2150 ἀμετάπειστον.
1438 2082 1642 2153 ἀνῆκεν
1672 2084 1869 2151 αὐτοὺς
1920 2084 2023 2156 τῆς

2149 2075 2366 2131 inimum
2398 2090 2506 2133 non
2539 2075 2888 2146 attingerent,
2923 2073 2976 2129 in
3003 2088 3112 2145 quo
3155 2074 3257 2129 hoc
3287 2072 3424 2130 adeo
3453 2072 3619 2128 llxum
3652 2081 3706 2128 et

439 2167 715 2234 κολάσεως
742 2171 838 2226 καὶ
857 2173 1204 2245 ἀμφοτέρους
1227 2177 1294 2246 τῇ
1315 2175 1531 2248 φυλακῇ
1547 2176 1736 2233 δίδωσι
1756 2194 1769 2208 ·
1798 2178 2024 2251 θέατρον

2149 2168 2342 2222 irmum
2389 2167 2698 2234 insederat,
2732 2183 2798 2223 ne
2839 2168 2907 2222 ad
2945 2166 3275 2223 contrariam
3326 2164 3708 2221 traduceretur

438 2259 497 2313 δὲ
534 2262 616 2324 εἰς
642 2260 742 2335 τὴν
771 2261 900 2335 ἑξῆς
947 2264 1102 2337 αὐτῷ
1145 2267 1239 2320 καὶ
1268 2266 1437 2337 θηρία
1486 2268 1882 2341 έτοιμασθῆναι
1920 2288 2023 2325 κε-

2149 2260 2488 2328 .ententiam;
2521 2268 2814 2331 utrumque
2852 2260 3074 2329 quidem
3108 2258 3375 2313 relaxavit
3400 2272 3431 2312 a
3468 2258 3705 2329 castiga-
3747 2307 3751 2311 .

440 2349 614 2415 λεύει,
642 2351 738 2407 καὶ
788 2352 851 2406 τὸ
901 2352 1109 2424 πλῆθος
1140 2354 1334 2422 πολλὰ,
1368 2356 1466 2411 καὶ
1495 2357 1561 2413 τὸ
1581 2359 1735 2428 γένος
1765 2359 2023 2433 διάφορα,

2153 2353 2295 2419 ione,
2331 2361 2385 2407 et
2415 2351 2638 2406 tradidit
2668 2352 2722 2407 in
2749 2353 3050 2406 custodiam
3082 2367 3097 2404 :
3127 2349 3373 2420 sequenti
3404 2356 3583 2403 autem
3620 2348 3706 2403 die

442 2443 537 2497 καὶ
564 2444 822 2518 ὑπερφυᾶ
835 2443 936 2519 τὴν
954 2446 1238 2520 ὠμότητα.

2149 2443 2274 2499 ubet
2300 2444 2573 2498 theatrum
2603 2442 2784 2514 parari
2813 2450 2869 2497 et
2894 2443 3121 2509 bestias,
3147 2450 3201 2497 et
3231 2455 3459 2496 numero
3480 2438 3702 2504 multas,

2122 2548 2181 2595 et
2206 2551 2404 2609 genere
2431 2536 2698 2603 diversas,
2721 2546 2777 2592 et
2806 2536 3124 2592 crudelitate
3146 2534 3406 2607 insignes.
3484 2530 3504 2550 '

511 2714 666 2781 Μςν.
694 2714 878 2783 ’Ἅγιοι
900 2715 978 2787 τῶ
1008 2717 1371 2789 δεσμωτηρίῳ
1405 2717 1875 2789 καταλειφθέντες.
1903 2736 2030 2774 συν-

2199 2718 2383 2775 ΧΙΝΙ.
2430 2717 2606 2788 Atque
2647 2716 2825 2773 sancti
2872 2717 3090 2788 quidem
3142 2713 3319 2771 relicti
3360 2714 3411 2768 in
3453 2728 3707 2780 carcere,

440 2805 716 2879 τονωτέρᾳ
744 2806 948 2876 μᾶλλον
979 2809 1367 2881 ὲπηγρύπνουν
1406 2812 1472 2882 τῇ
1512 2814 1830 2882 προσευχῇ·
1863 2811 2033 2881 άγγε-

2149 2809 2504 2866 rehementius
2534 2819 2589 2865 et
2627 2808 2892 2864 intensius
2919 2808 3237 2877 vigilantes,
3274 2804 3541 2861 vacabant
3579 2820 3704 2861 ora-

443 2896 528 2951 λοι
550 2897 606 2951 δὲ
635 2899 821 2963 αὐτοῖς
845 2898 1054 2955 ἄνωθεν
1107 2901 1431 2967 ἐπιστάντες
1462 2903 1599 2975 πρὸς
1640 2902 1702 2957 τὸ
1733 2903 2029 2977 μαρτύριον

2149 2902 2266 2957 ,ἱοιιί
2296 2918 2311 2956 :
2346 2900 2521 2972 angeli
2549 2910 2728 2954 autem
2755 2899 2821 2953 ad
2840 2913 2934 2952 eos
2959 2896 3191 2966 desuper
3212 2896 3545 2959 advolantes,
3573 2911 3712 2964 prte-

445 2988 687 3061 ήλειφον.
720 2990 876 3045 Ὀσοι
905 2990 1037 3060 γοῦν
1058 2991 1157 3047 καὶ
1189 2991 1339 3048 ἄλλοι
1377 2993 1521 3050 κατά
1566 3010 1720 3059 τινας
1748 2994 1845 3049 καὶ
1872 2994 2031 3050 αὐτοὶ

2149 2992 2393 3047 )arabant
2435 3001 2491 3046 et
2539 2989 2935 3046 confirmabant
2985 2988 3053 3043 ad
3095 2978 3435 3061 martyrium.
3465 2987 3709 3055 Quicun-
3776 2986 3781 2989 ’

446 3084 627 3148 αἰτίας
653 3081 829 3155 ᾤκουν
858 3088 920 3139 τὸ
944 3086 1345 3160 δεσμωτήριον,
1376 3087 1503 3143 τότε
1530 3087 1635 3160 τῆς
1673 3089 1913 3161 δεήσεως
1933 3088 2033 3144 αύ-

2149 3098 2239 3154 ιιιε
2264 3098 2394 3139 vero
2424 3083 2515 3139 alii
2543 3091 2764 3153 propter
2790 3081 2926 3136 alias
2952 3079 3120 3136 etiam
3153 3095 3346 3136 causas
3389 3079 3711 3136 habitabant

444 3175 558 3232 τῶν
589 3176 808 3242 ὲκτενὲς
830 3177 1053 3246 ἰδόντες,
1086 3175 1207 3234 εἶτα
1232 3180 1328 3235 καὶ
1374 3181 1473 3252 τῆς
1523 3182 1632 3236 τῶν
1663 3182 1915 3252 ἀγγέλων
1941 3183 2032 3239 αἰ·

2149 3192 2190 3232 ,η
2231 3190 2471 3240 carcere,
2502 3190 2626 3231 cum
2662 3188 2850 3230 eorum
2886 3174 3152 3229 intensam
3188 3173 3450 3228 vidissent
3494 3172 3705 3228 oratio-

449 3266 702 3341 σθόμενοι
732 3272 1060 3345 παρουσίας,
1089 3276 1182 3330 καὶ
1211 3275 1310 3347 τὴν
1341 3275 1663 3348 θαυμαστὴν
1689 3277 1908 3350 ὲκείνην
1936 3280 2031 3332 ἐκ·

2149 3284 2294 3335 nem,
2325 3277 2379 3324 et
2403 3266 2599 3324 deinde
2628 3267 2791 3321 etiam
2827 3266 3128 3322 sensissent
3162 3266 3451 3321 adventum
3485 3264 3709 3335 angelo-

451 3362 754 3434 πλαγέντες
773 3366 1141 3440 παράκλησιν,
1170 3369 1353 3443 θέρμῃ
1397 3370 1508 3424 τινὶ
1542 3370 1663 3443 θείᾳ
1709 3371 1809 3442 τὴν
1854 3371 2033 3443 ψυχὴν

2149 3377 2279 3425 rum,
2311 3369 2367 3417 et
2399 3360 2489 3416 illa
2519 3359 2823 3417 admirabili
2867 3356 3222 3430 obstupefacti
3252 3366 3436 3415 essent
3466 3358 3716 3413 consola-

448 3459 784 3530 κινηθέντες,
811 3461 1220 3532 προσπίπτουσί
1240 3480 1301 3516 τε
1331 3465 1445 3528 τοῖς
1469 3464 1670 3533 ἁγίοις,
1699 3466 1880 3520 καὶτὰ
1905 3467 2036 3535 περί

2149 3452 2306 3519 tione,
2336 3451 2518 3507 divino
2538 3453 2772 3523 quodam
2800 3451 2998 3506 ardore
3019 3466 3207 3506 eorum
3229 3450 3468 3506 incitatis
3497 3450 3714 3515 animis,

447 3549 543 3604 τοῦ
572 3552 810 3622 Χριστοῦ
836 3553 935 3607 καὶ
959 3554 1147 3619 αὐτοῖς
1191 3554 1274 3620 είς
1321 3555 1527 3624 γνῶσιν
1579 3556 1755 3611 ἐλθεῖν
1797 3556 2033 3625 ἀξιοῦσι,

2149 3546 2425 3616 procidunt
2469 3547 2535 3601 ad
2582 3545 2747 3617 pedes
2784 3554 3123 3609 sanctorum,
3171 3553 3225 3599 et
3276 3552 3470 3616 rogant
3518 3552 3577 3600 ut
3616 3544 3717 3615 ipsi

450 3637 547 3693 καὶ
570 3640 668 3709 τῆς
695 3639 907 3694 ἐκείνου
937 3642 1193 3710 γενέσθαι
1218 3642 1510 3712 ὁμολογίας
1549 3643 1804 3709 ἀναξίους
1844 3646 1919 3718 μὴ
1948 3646 2038 3700 λο-

2149 3654 2353 3712 quoque
2375 3641 2594 3696 veniant
2626 3641 2690 3695 ad
2718 3639 2924 3696 Christi
2958 3639 3343 3710 cOgnitionem,
3378 3646 3434 3693 et
3460 3653 3527 3694 ne
3554 3653 3719 3709 repu-

450 3730 728 3802 γισθὴναι.
771 3732 834 3787 Οἱ
868 3734 969 3805 μὲν
997 3733 1091 3789 οὖν
1147 3733 1279 3809 ἄχρι
1311 3735 1495 3807 μέσων
1528 3737 1739 3791 νυκτῶν
1772 3741 1887 3802 τοῖς
1939 3739 2036 3792 ἁν-

450 3822 608 3893 δράσι
653 3824 1050 3897 διαλεγόμενοι,
1101 3829 1521 3900 παραινοῦντες,
1581 3828 1928 3893 διδάσκοντες
1974 3829 2037 3883 οὐ

454 3916 718 3989 πρότερον
740 3918 1058 3990 ἀπέστησαν
1102 3921 1205 3986 ἓως
1232 3920 1429 3985 αὐτοὺς
1462 3922 1541 3986 εἰς
1577 3920 1676 3993 τήν
1703 3920 1876 3993 ἀληθῆ
1902 3938 2039 3976 κατα

453 4011 683 4080 ήρτισαν
716 4009 924 4079 πίστιν,
980 4015 1077 4069 καὶ
1107 4014 1184 4085 τῷ
1218 4016 1349 4088 θείῳ
1405 4013 1751 4088 βαπτίσματι
1779 4014 2041 4086 ἐσφραγί-

456 4120 637 4158 σαντο.
678 4104 912 4158 Ἔπειτα
957 4105 1093 4170 ὃλως
1138 4108 1167 4161 ὁ
1200 4108 1374 4179 μέγας
1423 4107 1660 4178 Κλήμης
1688 4109 1787 4170 τὰς
1826 4106 1917 4161 τοῦ
1956 4107 2042 4161 δε-

457 4197 772 4268 σμωτηρίου
801 4197 978 4262 πύλας
1005 4198 1188 4261 αὐτοῖς
1210 4200 1344 4270 εὐχῇ
1374 4200 1512 4273 μόνῃ
1540 4199 1876 4263 διαπετάσας
1899 4199 2044 4254 ὲκεί-

457 4304 582 4351 νους
626 4289 724 4360 μὲν
790 4289 998 4362 χαίρων
1044 4291 1225 4363 ἀφῆκε
1290 4293 1603 4364 χαίροντας,
1648 4292 1809 4357 αὐτὸς
1852 4292 1909 4346 δὲ
1943 4293 2042 4348 σὺν

456 4379 533 4451 τῷ
583 4380 987 4455 ’Δγαθαγγέλιρ,
1050 4383 1201 4455 μόνοι
1258 4385 1411 4454 παρὰ
1463 4385 1531 4456 τῇ
1589 4383 1806 4455 φυλακῇ
1857 4384 2046 4439 ὑπελί-

458 4491 640 4532 ποντο.

2142 3737 2325 3786 tentur
2364 3730 2588 3802 indigni,
2638 3730 2729 3800 qui
2774 3729 2924 3785 illum
2957 3729 3347 3787 conﬁteantur.
3403 3727 3487 3785 Illi
3539 3738 3718 3784 autem

2141 3835 2263 3875 cum
2308 3819 2389 3874 eis
2415 3819 2481 3874 ad
2517 3818 2750 3874 mediam
2780 3833 2951 3889 usque
2981 3829 3192 3876 noctem
3220 3819 3568 3887 disserentes,
3596 3833 3722 3874 sua-

2143 3912 2353 3979 dentes,
2399 3914 2772 3980 admonentes,
2823 3911 3105 3977 docentes,
3153 3927 3260 3967 non
3297 3911 3448 3982 prius
3495 3913 3722 3968 destite-

2144 4015 2293 4071 runt,
2321 4020 2483 4076 quam
2530 4019 2625 4061 eos
2656 4006 2712 4060 in
2740 4018 2871 4061 vera
2914 4004 3020 4061 ﬁde
3057 4004 3411 4071 instituerint,
3447 4011 3501 4060 et
3541 4003 3724 4059 divino

2144 4098 2413 4170 baptismo
2456 4098 2884 4170 ohsignaverint.
2934 4097 3137 4153 Deinde
3160 4112 3284 4155 cum
3335 4112 3565 4168 magnus
3605 4097 3725 4151 Cle-

2142 4207 2299 4248 mens
2326 4192 2436 4248 sola
2464 4192 2712 4248 oratione
2737 4192 2817 4247 eis
2851 4191 3088 4248 carceris
3117 4200 3285 4246 totam
3326 4187 3726 4261 aperuissetja—

2146 4298 2332 4351 nuam,
2364 4285 2484 4343 illos
2511 4287 2729 4358 quidem
2758 4285 2912 4343 Ianus
2943 4286 3096 4341 ltetos
3125 4284 3328 4341 dimisit
3358 4302 3371 4339 :
3401 4284 3515 4354 ipse
3540 4290 3729 4339 autem

2146 4373 2293 4430 solus
2313 4390 2437 4432 cum
2470 4377 2842 4448 Agathangelo
2865 4376 3065 4433 mansit
3091 4375 3146 4431 in
3173 4375 3440 4430 custodia.

530 4655 847 4737 MZ'._Tox'rro
877 4654 1113 4728 ἰσχυρῶς
1138 4654 1389 4727 έκμαίνει
1418 4653 1510 4709 τὸν
1547 4653 1928 4728 Ἀγριππῖνον,
1944 4655 2039 4709 καὶ

2219 4646 2427 4706 XLVII.
2478 4645 2593 4704 Hoc.
2639 4645 2994 4718 Agrippinum
3050 4645 3206 4701 valde
3248 4657 3444 4714 magno
3475 4642 3585 4701 ciet
3618 4642 3727 4737 ffu-

460 4745 801 4819 παραγαγὼν
830 4748 1031 4813 αὐτοὺς
1058 4748 1141 4814 είς
1173 4746 1234 4803 τὸ
1270 4747 1521 4820 θέατρον,
1552 4746 1646 4802 καί
1678 4765 1733 4801 τι
1775 4745 2045 4820 πρότερον

461 4842 623 4906 αὐτὸς
669 4841 813 4896 κατὰ
856 4840 968 4898 τῶν
1013 4840 1189 4911 ἁγίων
1241 4839 1447 4912 βρύξας
1501 4839 1763 4902 λεόντιον,
1799 4832 1919 4893 εἶτα
1950 4840 2045 4895 καὶ

460 4933 680 4995 λέοντας
737 4932 924 4995 αὐτοῖς
976 4930 1075 4984 καὶ
1147 4928 1375 4994 πολλοὺς
1430 4929 1540 4982 τῶν
1586 4927 1768 4999 θηρῶν
1818 4927 2043 5000 ἐτέρους

463 5024 730 5095 ἀφεθῆναι
760 5022 993 5078 κελεύει.
1043 5023 1106 5077 Ol
1154 5021 1199 5076 δ’
1237 5020 1523 5086 ἀνεθέντες
1565 5022 1694 5086 τοὺς
1722 5020 1823 5093 μὲν
1857 5022 2046 5092 ἁγίους

462 5116 614 5170 οὐδὲν
675 5117 737 5170 τδ
791 5116 1055 5187 παράπαν
1099 5114 1287 5179 κακῶς
1322 5114 1569 5180 ἐποίουν,
1620 5113 1759 5169 ἀλλὰ
1795 5115 1891 5168 καὶ
1944 5115 2044 5186 ἡδὺ

466 5208 667 5279 μᾶλλον
687 5207 784 5260 καὶ
809 5207 1016 5279 ἥμερον
1040 5208 1121 5272 εἰς
1149 5207 1346 5270 αὐτοὺς
1366 5205 1579 5278 ἑώρων,
1600 5194 1702 5260 ’καὶ
1727 5205 1822 5260 νῦν
1851 5206 1951 5277 μὲν
1978 5206 2048 5262 τὰ

466 5301 587 5373 ἴχνη
606 5298 812 5353 τούτων
845 5298 1045 5372 ἱλαρῶς
1092 5300 1455 5371 περιέλειχον,
1479 5299 1573 5353 νῦν
1599 5298 1658 5354 δὲ
1689 5290 1786 5354 καί
1808 5299 2047 5372 προσήλ-

464 5392 617 5447 λοντο
646 5392 953 5464 προσηνῶς,
997 5391 1098 5447 οὐκ
1135 5392 1367 5463 ἀνόμοια
1392 5394 1502 5455 τοίς
1527 5393 1655 5445 κυσὶ
1681 5390 1983 5458 ποιοῦντες,
2010 5392 2047 5447 ὃ.

465 5486 601 5561 πρὸς
632 5486 758 5548 τοὺς
788 5485 1058 5550 δεσπότας
1086 5486 1214 5549 τοὺς
1244 5484 1456 5539 ἑαυτῶν
1488 5485 1688 5538 ἐκεῖνοι
1720 5482 1889 5555 δρῶσι
1919 5481 2048 5536 πολ-

464 5576 623 5640 λάκις
648 5578 787 5649 μετὰ
828 5577 1021 5649 χρόνον
1065 5575 1420 5640 ἐπανιόνταςο
1452 5576 1579 5640 τοὺς
1609 5574 1709 5647 μὲν
1739 5569 1833 5630 οὖν
1859 5574 2048 5645 ἁγίους

466 5670 619 5725 οὐδὲν
652 5669 703 5723 oi
752 5668 921 5741 θῆρες
949 5669 1271 5741 εἰργάζοντο
1322 5668 1580 5741 πονηρὸν,
1623 5667 1969 5741 Ἀγριππίνῳ
1992 5665 2050 5720 δὲ

465 5762 566 5834 τὴν
601 5760 829 5834 καρδίαν
881 5762 1118 5834 ἰσχυρῶς
1186 5759 1475 5832 έπληττον,
1522 5759 1883 5830 ἀπορουμένῳ
1935 5760 2051 5822 τοῖς

469 5855 645 5919 ὅλοις,
678 5856 775 5909 καὶ
824 5853 985 5909 τοῦτο
1029 5855 1094 5927 δὴ
1130 5854 1192 5908 τὸ
1237 5853 1499 5926 ᾀδόμενον
1528 5852 1814 5922 ἀνηνύτοις
1840 5854 2052 5924 ἐπιχει-

473 5943 679 6020 ροῦντι,
707 5946 810 6002 κᾶν
830 5946 892 6002 τὸ
926 5947 1027 6019 τῆς
1053 5947 1262 6018 πλάνης
1301 5945 1492 6010 σκότος
1526 5942 1673 5999 οὕτω
1700 5943 1908 6015 βαθέως
1954 5946 2049 6000 αύ-

2144 4757 2291 4811 t‘ore,
2325 4754 2380 4798 et
2419 4755 2543 4798 cum
2582 4754 2677 4798 eos
2719 4737 3034 4797 deduxisset
3067 4738 3121 4793 in
3156 4737 3451 4800 theatrum.
3505 4746 3560 4792 et
3613 4736 3726 4807 ipse

2143 4834 2297 4907 prius
2327 4848 2477 4890 more
2505 4833 2678 4889 leonis
2707 4833 2759 4887 in
2787 4838 3007 4886 sanctos
3032 4829 3313 4902 rugiisset,
3341 4827 3532 4883 deinde
3557 4828 3610 4882 in
3632 4842 3729 4883 eos

2144 4941 2361 4998 quoque
2424 4925 2608 4981 leones
2653 4936 2710 4980 et
2760 4921 2959 4979 multas
3003 4922 3140 4977 alias
3190 4920 3396 4977 bestias
3435 4919 3586 4989 jubet
3627 4920 3722 4973 int-

2144 5019 2305 5075 mitti.
2338 5018 2416 5075 llli
2468 5028 2653 5074 autem
2708 5008 2958 5082 inimissi,
3009 5014 3146 5079 nihil
3188 5015 3407 5085 quidem
3440 5012 3563 5068 mali
3595 5028 3724 5066 san-

2151 5113 2256 5169 ctis
2280 5112 2502 5169 omnino
2525 5110 2833 5176 faciebant;
2865 5108 2959 5165 sed
2977 5107 3192 5163 blandis
3212 5106 3392 5178 potius
3414 5114 3468 5162 et
3482 5104 3729 5175 benignis

2150 5220 2245 5261 eos
2278 5204 2629 5259 intuebantur
2669 5201 2862 5265 oculis,
2895 5210 2949 5256 et
2976 5215 3124 5256 nunc
3173 5198 3390 5270 quidem
3420 5203 3605 5253 eorum
3631 5213 3715 5266 pu-

2151 5299 2246 5352 des
2292 5295 2882 5365 hilariter-lingebant;
2932 5307 3080 5348 nunc
3113 5302 3294 5347 autem
3333 5290 3385 5345 in
3429 5304 3525 5345 eos
3565 5290 3726 5343 etiam

2155 5386 2363 5460 placide
2404 5386 2748 5452 insiliehant,
2784 5400 2889 5440 non
2941 5382 3279 5439 dissimiliter
3328 5381 3587 5435 facientes
3641 5380 3727 5442 iis,

2152 5495 2272 5551 quae
2301 5493 2464 5534 canes
2494 5492 2636 5548 saepe
2680 5475 2885 5533 faciunt
2913 5475 3028 5530 suis
3054 5472 3311 5537 dominis,
3342 5470 3433 5541 qui
3465 5479 3584 5539 post
3612 5468 3731 5524 lon-

2156 5586 2282 5645 gum
2319 5578 2528 5641 tempus
2560 5568 2808 5625 redeunt.
2842 5566 3023 5636 Atque
3061 5564 3267 5621 sanctis
3294 5562 3511 5633 quidem
3541 5560 3733 5616 bestiae

2159 5663 2290 5719 nihil
2320 5663 2445 5718 mali
2476 5661 2747 5717 faciebant
2780 5677 2796 5715 :
2830 5655 3111 5730 Agrippini
3151 5669 3278 5712 vero
3306 5654 3544 5708 animum
3577 5652 3735 5709 valde

2164 5757 2545 5829 percellebant,
2583 5756 2675 5826 qui
2705 5761 2823 5809 erat
2853 5753 2922 5808 de
2948 5761 3061 5805 tota
3092 5765 3153 5805 re
3185 5748 3486 5803 mirandum
3519 5747 3572 5802 in
3619 5760 3735 5804 mo-

2156 5849 2281 5903 dum
2311 5846 2664 5917 perplexuset
2686 5842 2851 5897 animi
2878 5839 3095 5903 dubius,
3127 5848 3202 5906 et,
3221 5845 3281 5894 ut
3305 5837 3523 5900 dicitur,
3558 5851 3623 5891 ea
3643 5851 3736 5907 ag-

2158 5942 2497 6013 grederetur,
2533 5954 2652 6011 qua:
2689 5952 2799 5993 non
2830 5940 3057 6004 possent
3091 5930 3229 5988 eliici
3258 5947 3276 5988 :
3312 5944 3620 6002 quanquam
3650 5944 3739 5987 er-
