  <div class='ocr_page' id='page_1' title='image "/cluster/home/n/w/nwhite01/storage/ocr_20150623/114/hvd.32044019208123/442.png"; bbox 0 0 3832 6480; ppageno 0'>
   <div class='ocr_carea' id='block_1_1' title="bbox 186 516 294 580">
    <p class='ocr_par' dir='ltr' id='par_1_1' title="bbox 186 516 294 580">
     <span class='ocr_line' id='line_1_1' title="bbox 186 516 294 580; baseline 0.028 -3"><span class='ocrx_word' id='word_1_1' title='bbox 186 516 294 580; x_wconf 81' lang='lat'><strong>857</strong></span> 
     </span>
    </p>
   </div>
   <div class='ocr_carea' id='block_1_2' title="bbox 1216 506 2414 582">
    <p class='ocr_par' dir='ltr' id='par_1_2' title="bbox 1216 506 2414 582">
     <span class='ocr_line' id='line_1_2' title="bbox 1216 506 2414 582; baseline -0.003 0"><span class='ocrx_word' id='word_1_2' title='bbox 1216 506 1390 582; x_wconf 76' lang='lat' dir='ltr'><strong>lil&#39;l‘A</strong></span> <span class='ocrx_word' id='word_1_3' title='bbox 1431 521 1492 582; x_wconf 63' lang='grc' dir='ltr'><strong>ες</strong></span> <span class='ocrx_word' id='word_1_4' title='bbox 1533 518 1964 580; x_wconf 76' lang='lat' dir='ltr'><strong>CLEMENTIS</strong></span> <span class='ocrx_word' id='word_1_5' title='bbox 2001 506 2414 579; x_wconf 73' lang='lat' dir='ltr'><strong>ANCt&#39;nANt.</strong></span> 
     </span>
    </p>
   </div>
   <div class='ocr_carea' id='block_1_3' title="bbox 3332 511 3446 576">
    <p class='ocr_par' dir='ltr' id='par_1_3' title="bbox 3332 511 3446 576">
     <span class='ocr_line' id='line_1_3' title="bbox 3332 511 3446 576; baseline 0.009 -1"><span class='ocrx_word' id='word_1_6' title='bbox 3332 511 3446 576; x_wconf 73' lang='lat'><strong>858</strong></span> 
     </span>
    </p>
   </div>
   <div class='ocr_carea' id='block_1_4' title="bbox 189 624 1764 709">
    <p class='ocr_par' dir='ltr' id='par_1_4' title="bbox 189 624 1764 709">
     <span class='ocr_line' id='line_1_4' title="bbox 189 624 1764 709; baseline 0.004 -26"><span class='ocrx_word' id='word_1_7' title='bbox 189 632 287 684; x_wconf 73' lang='grc' dir='ltr'>καὶ</span> <span class='ocrx_word' id='word_1_8' title='bbox 316 630 570 702; x_wconf 80' lang='grc' dir='ltr'><strong>δαίμοσιν</strong></span> <span class='ocrx_word' id='word_1_9' title='bbox 593 633 686 687; x_wconf 76' lang='grc' dir='ltr'>ἐπὶ</span> <span class='ocrx_word' id='word_1_10' title='bbox 713 624 773 688; x_wconf 78' lang='grc' dir='ltr'><strong>τό</strong></span> <span class='ocrx_word' id='word_1_11' title='bbox 795 635 917 704; x_wconf 77' lang='grc' dir='ltr'>ὅρος.</span> <span class='ocrx_word' id='word_1_12' title='bbox 944 637 1207 707; x_wconf 74' lang='grc' dir='ltr'>κηρύξας,</span> <span class='ocrx_word' id='word_1_13' title='bbox 1234 638 1320 707; x_wconf 81' lang='grc' dir='ltr'><strong>ἐφ’</strong></span> <span class='ocrx_word' id='word_1_14' title='bbox 1351 637 1555 709; x_wconf 75' lang='grc' dir='ltr'>ὑψηλοῦ</span> <span class='ocrx_word' id='word_1_15' title='bbox 1587 638 1764 691; x_wconf 80' lang='grc' dir='ltr'><strong>κάκεί‹</strong></span> 
     </span>
    </p>
   </div>
   <div class='ocr_carea' id='block_1_5' title="bbox 1872 624 3457 709">
    <p class='ocr_par' dir='ltr' id='par_1_5' title="bbox 1880 631 3457 708">
     <span class='ocr_line' id='line_1_5' title="bbox 1880 631 3457 708; baseline -0.001 -20"><span class='ocrx_word' id='word_1_16' title='bbox 1880 639 1994 706; x_wconf 88' lang='lat' dir='ltr'><strong>ipse</strong></span> <span class='ocrx_word' id='word_1_17' title='bbox 2040 654 2255 708; x_wconf 84' lang='lat' dir='ltr'><strong>quoque</strong></span> <span class='ocrx_word' id='word_1_18' title='bbox 2302 640 2354 693; x_wconf 93' lang='lat' dir='ltr'><strong>in</strong></span> <span class='ocrx_word' id='word_1_19' title='bbox 2397 655 2463 695; x_wconf 89' lang='lat' dir='ltr'><strong>eo</strong></span> <span class='ocrx_word' id='word_1_20' title='bbox 2511 637 2764 708; x_wconf 66' lang='lat' dir='ltr'><strong>praesidet</strong></span> <span class='ocrx_word' id='word_1_21' title='bbox 2814 637 2868 692; x_wconf 89' lang='lat' dir='ltr'><strong>in</strong></span> <span class='ocrx_word' id='word_1_22' title='bbox 2900 634 3011 690; x_wconf 88' lang='lat' dir='ltr'><strong>alto</strong></span> <span class='ocrx_word' id='word_1_23' title='bbox 3059 631 3316 690; x_wconf 74' lang='lat' dir='ltr'><strong>tribunali</strong></span> <span class='ocrx_word' id='word_1_24' title='bbox 3357 641 3457 687; x_wconf 81' lang='lat' dir='ltr'><strong>:et</strong></span> 
     </span>
    </p>
   </div>
   <div class='ocr_carea' id='block_1_6' title="bbox 185 723 1772 800">
    <p class='ocr_par' dir='ltr' id='par_1_6' title="bbox 185 723 1772 800">
     <span class='ocr_line' id='line_1_6' title="bbox 185 723 1772 800; baseline 0.005 -25"><span class='ocrx_word' id='word_1_25' title='bbox 185 739 278 786; x_wconf 87' lang='grc' dir='ltr'><strong>νος</strong></span> <span class='ocrx_word' id='word_1_26' title='bbox 333 723 394 778; x_wconf 86' lang='grc' dir='ltr'><strong>ἐν</strong></span> <span class='ocrx_word' id='word_1_27' title='bbox 455 724 604 795; x_wconf 78' lang='grc' dir='ltr'>αὐτῷ</span> <span class='ocrx_word' id='word_1_28' title='bbox 661 725 987 797; x_wconf 76' lang='grc' dir='ltr'><strong>προκαθίξει</strong></span> <span class='ocrx_word' id='word_1_29' title='bbox 1041 729 1137 782; x_wconf 90' lang='grc' dir='ltr'><strong>τοῦ</strong></span> <span class='ocrx_word' id='word_1_30' title='bbox 1189 730 1454 800; x_wconf 80' lang='grc' dir='ltr'><strong>βήματος,</strong></span> <span class='ocrx_word' id='word_1_31' title='bbox 1507 730 1601 783; x_wconf 74' lang='grc' dir='ltr'>καὶ</span> <span class='ocrx_word' id='word_1_32' title='bbox 1643 731 1772 794; x_wconf 77' lang='grc' dir='ltr'>τοὺς</span> 
     </span>
    </p>
   </div>
   <div class='ocr_carea' id='block_1_7' title="bbox 187 815 1774 892">
    <p class='ocr_par' dir='ltr' id='par_1_7' title="bbox 187 815 1774 892">
     <span class='ocr_line' id='line_1_7' title="bbox 187 815 1774 892; baseline 0.005 -26"><span class='ocrx_word' id='word_1_33' title='bbox 187 815 378 882; x_wconf 80' lang='grc' dir='ltr'><strong>ἁγίους</strong></span> <span class='ocrx_word' id='word_1_34' title='bbox 403 817 484 880; x_wconf 80' lang='grc' dir='ltr'><strong>είς</strong></span> <span class='ocrx_word' id='word_1_35' title='bbox 513 817 674 888; x_wconf 70' lang='grc' dir='ltr'>μέσον</span> <span class='ocrx_word' id='word_1_36' title='bbox 704 816 1068 888; x_wconf 85' lang='grc' dir='ltr'>παραγαγὼν,</span> <span class='ocrx_word' id='word_1_37' title='bbox 1110 819 1175 874; x_wconf 86' lang='grc' dir='ltr'>Τί</span> <span class='ocrx_word' id='word_1_38' title='bbox 1205 821 1269 892; x_wconf 83' lang='grc' dir='ltr'>δή</span> <span class='ocrx_word' id='word_1_39' title='bbox 1307 840 1457 888; x_wconf 89' lang='grc' dir='ltr'>ποτε,</span> <span class='ocrx_word' id='word_1_40' title='bbox 1492 821 1619 890; x_wconf 77' lang='grc' dir='ltr'>ἔφη,</span> <span class='ocrx_word' id='word_1_41' title='bbox 1650 824 1774 886; x_wconf 77' lang='grc' dir='ltr'>ταῖς</span> 
     </span>
    </p>
   </div>
   <div class='ocr_carea' id='block_1_8' title="bbox 187 904 1773 984">
    <p class='ocr_par' dir='ltr' id='par_1_8' title="bbox 187 904 1773 984">
     <span class='ocr_line' id='line_1_8' title="bbox 187 904 1773 984; baseline 0.006 -27"><span class='ocrx_word' id='word_1_42' title='bbox 187 904 488 974; x_wconf 78' lang='grc' dir='ltr'><strong>ὑμετέραις</strong></span> <span class='ocrx_word' id='word_1_43' title='bbox 542 909 906 976; x_wconf 80' lang='grc' dir='ltr'><strong>μαγγανείαις</strong></span> <span class='ocrx_word' id='word_1_44' title='bbox 956 910 1275 982; x_wconf 82' lang='grc' dir='ltr'><strong>διεστήσατε</strong></span> <span class='ocrx_word' id='word_1_45' title='bbox 1325 912 1424 982; x_wconf 84' lang='grc' dir='ltr'>μὲν</span> <span class='ocrx_word' id='word_1_46' title='bbox 1479 911 1538 967; x_wconf 84' lang='grc' dir='ltr'><strong>τὸ</strong></span> <span class='ocrx_word' id='word_1_47' title='bbox 1569 912 1773 984; x_wconf 82' lang='grc' dir='ltr'>πλῆθος</span> 
     </span>
    </p>
   </div>
   <div class='ocr_carea' id='block_1_9' title="bbox 185 989 1774 1075">
    <p class='ocr_par' dir='ltr' id='par_1_9' title="bbox 185 989 1774 1075">
     <span class='ocr_line' id='line_1_9' title="bbox 185 989 1774 1075; baseline 0.006 -25"><span class='ocrx_word' id='word_1_48' title='bbox 185 996 284 1050; x_wconf 82' lang='grc' dir='ltr'><strong>ἀπ’</strong></span> <span class='ocrx_word' id='word_1_49' title='bbox 340 998 608 1069; x_wconf 81' lang='grc' dir='ltr'>ἀλλήλων,</span> <span class='ocrx_word' id='word_1_50' title='bbox 667 1003 858 1070; x_wconf 86' lang='grc' dir='ltr'>χεῖρας</span> <span class='ocrx_word' id='word_1_51' title='bbox 896 989 953 1055; x_wconf 76' lang='grc' dir='ltr'><strong>δέ</strong></span> <span class='ocrx_word' id='word_1_52' title='bbox 980 989 1103 1055; x_wconf 56' lang='lat' dir='ltr'><strong>me&quot;</strong></span> <span class='ocrx_word' id='word_1_53' title='bbox 1142 1003 1300 1073; x_wconf 81' lang='grc' dir='ltr'>ἡμῶν</span> <span class='ocrx_word' id='word_1_54' title='bbox 1322 1001 1454 1075; x_wconf 79' lang='grc' dir='ltr'>ἆραι</span> <span class='ocrx_word' id='word_1_55' title='bbox 1495 1007 1589 1060; x_wconf 76' lang='grc' dir='ltr'>καὶ</span> <span class='ocrx_word' id='word_1_56' title='bbox 1635 1006 1774 1075; x_wconf 83' lang='grc' dir='ltr'>πρὸς</span> 
     </span>
    </p>
   </div>
   <div class='ocr_carea' id='block_1_10' title="bbox 183 1089 1772 1174">
    <p class='ocr_par' dir='ltr' id='par_1_10' title="bbox 183 1089 1772 1174">
     <span class='ocr_line' id='line_1_10' title="bbox 183 1089 1772 1174; baseline 0.008 -33"><span class='ocrx_word' id='word_1_57' title='bbox 183 1089 416 1162; x_wconf 79' lang='grc' dir='ltr'><strong>ἄρνησιν</strong></span> <span class='ocrx_word' id='word_1_58' title='bbox 436 1092 686 1174; x_wconf 81' lang='grc' dir='ltr'>χωρῆσαι</span> <span class='ocrx_word' id='word_1_59' title='bbox 716 1095 810 1147; x_wconf 73' lang='grc' dir='ltr'>καὶ</span> <span class='ocrx_word' id='word_1_60' title='bbox 843 1092 1196 1174; x_wconf 75' lang='grc' dir='ltr'><strong>βλασφημίαν</strong></span> <span class='ocrx_word' id='word_1_61' title='bbox 1236 1096 1346 1149; x_wconf 87' lang='grc' dir='ltr'><strong>τῶν</strong></span> <span class='ocrx_word' id='word_1_62' title='bbox 1383 1097 1521 1174; x_wconf 87' lang='grc' dir='ltr'>θεῶν</span> <span class='ocrx_word' id='word_1_63' title='bbox 1551 1099 1772 1153; x_wconf 80' lang='grc' dir='ltr'>ἀνεπεί-</span> 
     </span>
    </p>
   </div>
   <div class='ocr_carea' id='block_1_11' title="bbox 186 1173 1769 1261">
    <p class='ocr_par' dir='ltr' id='par_1_11' title="bbox 186 1173 1769 1261">
     <span class='ocr_line' id='line_1_11' title="bbox 186 1173 1769 1261; baseline 0.007 -28"><span class='ocrx_word' id='word_1_64' title='bbox 186 1197 358 1246; x_wconf 89' lang='grc' dir='ltr'>σατε;</span> <span class='ocrx_word' id='word_1_65' title='bbox 415 1173 527 1235; x_wconf 78' lang='grc' dir='ltr'>Καὶ</span> <span class='ocrx_word' id='word_1_66' title='bbox 574 1182 625 1235; x_wconf 90' lang='grc' dir='ltr'><strong>οί</strong></span> <span class='ocrx_word' id='word_1_67' title='bbox 685 1184 996 1256; x_wconf 82' lang='grc' dir='ltr'>μάρτυρες⁶</span> <span class='ocrx_word' id='word_1_68' title='bbox 1041 1173 1208 1255; x_wconf 76' lang='grc' dir='ltr'>Ἡμῖν</span> <span class='ocrx_word' id='word_1_69' title='bbox 1275 1189 1397 1259; x_wconf 81' lang='grc' dir='ltr'>μὲν,</span> <span class='ocrx_word' id='word_1_70' title='bbox 1458 1173 1503 1242; x_wconf 81' lang='grc' dir='ltr'><strong>ῶ</strong></span> <span class='ocrx_word' id='word_1_71' title='bbox 1534 1189 1769 1261; x_wconf 81' lang='grc' dir='ltr'>ἔπαρχε,</span> 
     </span>
    </p>
   </div>
   <div class='ocr_carea' id='block_1_12' title="bbox 183 1263 1771 1350">
    <p class='ocr_par' dir='ltr' id='par_1_12' title="bbox 183 1263 1771 1350">
     <span class='ocr_line' id='line_1_12' title="bbox 183 1263 1771 1350; baseline 0.009 -27"><span class='ocrx_word' id='word_1_72' title='bbox 183 1266 360 1338; x_wconf 78' lang='grc' dir='ltr'>εἷπον,</span> <span class='ocrx_word' id='word_1_73' title='bbox 397 1273 549 1327; x_wconf 82' lang='grc' dir='ltr'>οὐδὲν</span> <span class='ocrx_word' id='word_1_74' title='bbox 583 1272 663 1338; x_wconf 86' lang='grc' dir='ltr'><strong>είς</strong></span> <span class='ocrx_word' id='word_1_75' title='bbox 696 1275 1012 1350; x_wconf 80' lang='grc' dir='ltr'>ἀνατροπὴν</span> <span class='ocrx_word' id='word_1_76' title='bbox 1034 1263 1130 1332; x_wconf 85' lang='grc' dir='ltr'><strong>τοῦ</strong></span> <span class='ocrx_word' id='word_1_77' title='bbox 1160 1268 1333 1350; x_wconf 70' lang='grc' dir='ltr'>δήμου</span> <span class='ocrx_word' id='word_1_78' title='bbox 1361 1269 1456 1336; x_wconf 75' lang='grc' dir='ltr'>καὶ</span> <span class='ocrx_word' id='word_1_79' title='bbox 1487 1281 1771 1337; x_wconf 81' lang='grc' dir='ltr'>διάστασιν</span> 
     </span>
    </p>
   </div>
   <div class='ocr_carea' id='block_1_13' title="bbox 183 1355 1773 1451">
    <p class='ocr_par' dir='ltr' id='par_1_13' title="bbox 183 1355 1773 1451">
     <span class='ocr_line' id='line_1_13' title="bbox 183 1355 1773 1451; baseline 0.009 -36"><span class='ocrx_word' id='word_1_80' title='bbox 183 1362 712 1451; x_wconf 78' lang='grc' dir='ltr'>πέπρακται,,ἀλλὰ</span> <span class='ocrx_word' id='word_1_81' title='bbox 746 1355 837 1420; x_wconf 62' lang='grc' dir='ltr'>καὶ</span> <span class='ocrx_word' id='word_1_82' title='bbox 890 1357 1050 1438; x_wconf 58' lang='grc' dir='ltr'><strong>⁴ἡμῶν</strong></span> <span class='ocrx_word' id='word_1_83' title='bbox 1084 1360 1437 1439; x_wconf 77' lang='grc' dir='ltr'>σιωπώντων,</span> <span class='ocrx_word' id='word_1_84' title='bbox 1487 1375 1515 1426; x_wconf 92' lang='grc' dir='ltr'><strong>ὀ</strong></span> <span class='ocrx_word' id='word_1_85' title='bbox 1562 1375 1773 1444; x_wconf 79' lang='grc' dir='ltr'>ἀληθὴς</span> 
     </span>
    </p>
   </div>
   <div class='ocr_carea' id='block_1_14' title="bbox 181 1451 1774 1541">
    <p class='ocr_par' dir='ltr' id='par_1_14' title="bbox 181 1451 1774 1541">
     <span class='ocr_line' id='line_1_14' title="bbox 181 1451 1774 1541; baseline 0.008 -32"><span class='ocrx_word' id='word_1_86' title='bbox 181 1457 375 1520; x_wconf 76' lang='grc' dir='ltr'>αὐτοῖς</span> <span class='ocrx_word' id='word_1_87' title='bbox 409 1455 518 1540; x_wconf 75' lang='grc' dir='ltr'>ἀπό</span> <span class='ocrx_word' id='word_1_88' title='bbox 539 1460 599 1526; x_wconf 77' lang='grc' dir='ltr'><strong>γε</strong></span> <span class='ocrx_word' id='word_1_89' title='bbox 630 1457 733 1541; x_wconf 78' lang='grc' dir='ltr'>τῆς</span> <span class='ocrx_word' id='word_1_90' title='bbox 765 1451 1024 1541; x_wconf 79' lang='grc' dir='ltr'>ἀληθείας</span> <span class='ocrx_word' id='word_1_91' title='bbox 1056 1453 1304 1534; x_wconf 79' lang='grc' dir='ltr'>ἐγνώσθη</span> <span class='ocrx_word' id='word_1_92' title='bbox 1337 1465 1644 1537; x_wconf 76' lang='grc' dir='ltr'>Δεσπότης,</span> <span class='ocrx_word' id='word_1_93' title='bbox 1676 1466 1774 1521; x_wconf 78' lang='grc' dir='ltr'>καὶ</span> 
     </span>
    </p>
   </div>
   <div class='ocr_carea' id='block_1_15' title="bbox 179 1539 1769 1628">
    <p class='ocr_par' dir='ltr' id='par_1_15' title="bbox 179 1539 1769 1628">
     <span class='ocr_line' id='line_1_15' title="bbox 179 1539 1769 1628; baseline 0.011 -32"><span class='ocrx_word' id='word_1_94' title='bbox 179 1545 376 1598; x_wconf 76' lang='grc' dir='ltr'>τοῦτον</span> <span class='ocrx_word' id='word_1_95' title='bbox 425 1546 530 1600; x_wconf 70' lang='grc' dir='ltr'><strong>ὑπὸ</strong></span> <span class='ocrx_word' id='word_1_96' title='bbox 565 1539 802 1621; x_wconf 76' lang='grc' dir='ltr'>μεγάλῃ,</span> <span class='ocrx_word' id='word_1_97' title='bbox 852 1539 947 1619; x_wconf 40' lang='grc' dir='ltr'>ὥς,</span> <span class='ocrx_word' id='word_1_98' title='bbox 974 1553 1071 1606; x_wconf 75' lang='grc' dir='ltr'>καὶ</span> <span class='ocrx_word' id='word_1_99' title='bbox 1107 1554 1270 1618; x_wconf 71' lang='grc' dir='ltr'>αὐτὸς</span> <span class='ocrx_word' id='word_1_100' title='bbox 1301 1550 1482 1620; x_wconf 75' lang='grc' dir='ltr'>οἶσθα,</span> <span class='ocrx_word' id='word_1_101' title='bbox 1513 1545 1580 1628; x_wconf 76' lang='grc' dir='ltr'><strong>τῇ</strong></span> <span class='ocrx_word' id='word_1_102' title='bbox 1618 1559 1769 1628; x_wconf 80' lang='grc' dir='ltr'>φωνῇ</span> 
     </span>
    </p>
   </div>
   <div class='ocr_carea' id='block_1_16' title="bbox 180 1627 1770 1720">
    <p class='ocr_par' dir='ltr' id='par_1_16' title="bbox 180 1627 1770 1720">
     <span class='ocr_line' id='line_1_16' title="bbox 180 1627 1770 1720; baseline 0.009 -31"><span class='ocrx_word' id='word_1_103' title='bbox 180 1635 366 1703; x_wconf 78' lang='grc' dir='ltr'>ζῶντα</span> <span class='ocrx_word' id='word_1_104' title='bbox 400 1627 560 1708; x_wconf 69' lang='grc' dir='ltr'>μόνον</span> <span class='ocrx_word' id='word_1_105' title='bbox 604 1633 740 1693; x_wconf 75' lang='grc' dir='ltr'>Θεὸν</span> <span class='ocrx_word' id='word_1_106' title='bbox 771 1639 1140 1716; x_wconf 81' lang='grc' dir='ltr'>ἀνεκήρυξαν.</span> <span class='ocrx_word' id='word_1_107' title='bbox 1174 1638 1244 1700; x_wconf 78' lang='grc' dir='ltr'><strong>Σὺ</strong></span> <span class='ocrx_word' id='word_1_108' title='bbox 1265 1647 1321 1701; x_wconf 82' lang='grc' dir='ltr'>δὲ</span> <span class='ocrx_word' id='word_1_109' title='bbox 1353 1633 1410 1700; x_wconf 70' lang='grc' dir='ltr'>ετ</span> <span class='ocrx_word' id='word_1_110' title='bbox 1431 1627 1577 1702; x_wconf 79' lang='grc' dir='ltr'>τινα</span> <span class='ocrx_word' id='word_1_111' title='bbox 1589 1627 1770 1720; x_wconf 80' lang='grc' dir='ltr'>βούλει</span> 
     </span>
    </p>
   </div>
   <div class='ocr_carea' id='block_1_17' title="bbox 182 1720 1770 1812">
    <p class='ocr_par' dir='ltr' id='par_1_17' title="bbox 182 1720 1770 1812">
     <span class='ocr_line' id='line_1_17' title="bbox 182 1720 1770 1812; baseline 0.006 -30"><span class='ocrx_word' id='word_1_112' title='bbox 182 1728 279 1782; x_wconf 76' lang='grc' dir='ltr'>καὶ</span> <span class='ocrx_word' id='word_1_113' title='bbox 311 1730 472 1784; x_wconf 82' lang='grc' dir='ltr'>πάλιν</span> <span class='ocrx_word' id='word_1_114' title='bbox 497 1731 628 1802; x_wconf 76' lang='grc' dir='ltr'>ἡμῖν</span> <span class='ocrx_word' id='word_1_115' title='bbox 682 1720 754 1786; x_wconf 88' lang='grc' dir='ltr'><strong>δι’</strong></span> <span class='ocrx_word' id='word_1_116' title='bbox 781 1726 944 1788; x_wconf 71' lang='grc' dir='ltr'>αὐτὸν</span> <span class='ocrx_word' id='word_1_117' title='bbox 995 1736 1267 1809; x_wconf 81' lang='grc' dir='ltr'>τιμωρίαν</span> <span class='ocrx_word' id='word_1_118' title='bbox 1309 1741 1631 1808; x_wconf 74' lang='grc' dir='ltr'><strong>ἐπαγαγεῖν,</strong></span> <span class='ocrx_word' id='word_1_119' title='bbox 1695 1742 1770 1812; x_wconf 80' lang='grc' dir='ltr'>μὴ</span> 
     </span>
    </p>
   </div>
   <div class='ocr_carea' id='block_1_18' title="bbox 182 1819 1772 1902">
    <p class='ocr_par' dir='ltr' id='par_1_18' title="bbox 182 1819 1772 1902">
     <span class='ocr_line' id='line_1_18' title="bbox 182 1819 1772 1902; baseline 0.016 -31"><span class='ocrx_word' id='word_1_120' title='bbox 182 1819 398 1888; x_wconf 80' lang='grc' dir='ltr'>μέλλων</span> <span class='ocrx_word' id='word_1_121' title='bbox 442 1822 689 1891; x_wconf 74' lang='grc' dir='ltr'>ἐπάγαγε</span> <span class='ocrx_word' id='word_1_122' title='bbox 718 1841 734 1859; x_wconf 80' lang='grc' dir='ltr'><strong><em>ο</em></strong></span> <span class='ocrx_word' id='word_1_123' title='bbox 786 1824 1014 1889; x_wconf 76' lang='grc' dir='ltr'>δυνατὸς</span> <span class='ocrx_word' id='word_1_124' title='bbox 1066 1827 1176 1898; x_wconf 76' lang='grc' dir='ltr'>γὰρ</span> <span class='ocrx_word' id='word_1_125' title='bbox 1229 1822 1387 1893; x_wconf 79' lang='grc' dir='ltr'>οὗτος</span> <span class='ocrx_word' id='word_1_126' title='bbox 1457 1830 1550 1884; x_wconf 67' lang='grc' dir='ltr'><strong>κα)⁸</strong></span> <span class='ocrx_word' id='word_1_127' title='bbox 1598 1830 1772 1902; x_wconf 77' lang='grc' dir='ltr'>αὐτῆς</span> 
     </span>
    </p>
   </div>
   <div class='ocr_carea' id='block_1_19' title="bbox 1872 724 3450 799">
    <p class='ocr_par' dir='ltr' id='par_1_19' title="bbox 1872 724 3450 799">
     <span class='ocr_line' id='line_1_19' title="bbox 1872 724 3450 799; baseline -0.005 -15"><span class='ocrx_word' id='word_1_128' title='bbox 1872 745 1995 784; x_wconf 89' lang='lat' dir='ltr'><strong>cum</strong></span> <span class='ocrx_word' id='word_1_129' title='bbox 2028 738 2246 784; x_wconf 82' lang='lat' dir='ltr'><strong>sanctos</strong></span> <span class='ocrx_word' id='word_1_130' title='bbox 2272 731 2324 784; x_wconf 88' lang='lat' dir='ltr'><strong>in</strong></span> <span class='ocrx_word' id='word_1_131' title='bbox 2358 731 2592 785; x_wconf 90' lang='lat' dir='ltr'><strong>medium</strong></span> <span class='ocrx_word' id='word_1_132' title='bbox 2632 729 2971 799; x_wconf 78' lang='lat' dir='ltr'><strong>produxisset</strong></span> <span class='ocrx_word' id='word_1_133' title='bbox 3015 746 3030 784; x_wconf 90' lang='lat'><strong>:</strong></span> <span class='ocrx_word' id='word_1_134' title='bbox 3071 727 3198 791; x_wconf 81' lang='lat' dir='ltr'><strong>Cur,</strong></span> <span class='ocrx_word' id='word_1_135' title='bbox 3238 724 3450 794; x_wconf 87' lang='lat' dir='ltr'><strong>inquit,</strong></span> 
     </span>
    </p>
   </div>
   <div class='ocr_carea' id='block_1_20' title="bbox 1873 817 3450 892">
    <p class='ocr_par' dir='ltr' id='par_1_20' title="bbox 1873 817 3450 892">
     <span class='ocr_line' id='line_1_20' title="bbox 1873 817 3450 892; baseline -0.003 -18"><span class='ocrx_word' id='word_1_136' title='bbox 1873 821 2070 876; x_wconf 78' lang='lat' dir='ltr'><strong>vestris</strong></span> <span class='ocrx_word' id='word_1_137' title='bbox 2093 823 2383 892; x_wconf 66' lang='lat' dir='ltr'><strong>praastigiis</strong></span> <span class='ocrx_word' id='word_1_138' title='bbox 2409 831 2462 876; x_wconf 91' lang='lat' dir='ltr'><strong>et</strong></span> <span class='ocrx_word' id='word_1_139' title='bbox 2494 820 2954 877; x_wconf 71' lang='lat' dir='ltr'><strong>incantationibus</strong></span> <span class='ocrx_word' id='word_1_140' title='bbox 2985 820 3038 874; x_wconf 93' lang='lat' dir='ltr'><strong>in</strong></span> <span class='ocrx_word' id='word_1_141' title='bbox 3070 818 3266 890; x_wconf 87' lang='lat' dir='ltr'><strong>populo</strong></span> <span class='ocrx_word' id='word_1_142' title='bbox 3305 817 3450 871; x_wconf 84' lang='lat' dir='ltr'><strong>sedi-</strong></span> 
     </span>
    </p>
   </div>
   <div class='ocr_carea' id='block_1_21' title="bbox 1874 908 3450 977">
    <p class='ocr_par' dir='ltr' id='par_1_21' title="bbox 1874 908 3450 977">
     <span class='ocr_line' id='line_1_21' title="bbox 1874 908 3450 977; baseline -0.005 -10"><span class='ocrx_word' id='word_1_143' title='bbox 1874 913 2074 968; x_wconf 85' lang='lat' dir='ltr'><strong>tionem</strong></span> <span class='ocrx_word' id='word_1_144' title='bbox 2110 913 2416 977; x_wconf 74' lang='lat' dir='ltr'><strong>excitastis,</strong></span> <span class='ocrx_word' id='word_1_145' title='bbox 2448 923 2502 966; x_wconf 92' lang='lat' dir='ltr'><strong>ut</strong></span> <span class='ocrx_word' id='word_1_146' title='bbox 2535 928 2728 968; x_wconf 87' lang='lat' dir='ltr'><strong>manus</strong></span> <span class='ocrx_word' id='word_1_147' title='bbox 2757 921 2938 966; x_wconf 88' lang='lat' dir='ltr'><strong>autem</strong></span> <span class='ocrx_word' id='word_1_148' title='bbox 2973 912 3025 965; x_wconf 93' lang='lat' dir='ltr'><strong>in</strong></span> <span class='ocrx_word' id='word_1_149' title='bbox 3053 926 3150 964; x_wconf 93' lang='lat' dir='ltr'><strong>nos</strong></span> <span class='ocrx_word' id='word_1_150' title='bbox 3180 908 3450 972; x_wconf 87' lang='lat' dir='ltr'><strong>tollerent,</strong></span> 
     </span>
    </p>
   </div>
   <div class='ocr_carea' id='block_1_22' title="bbox 1872 1000 3453 1072">
    <p class='ocr_par' dir='ltr' id='par_1_22' title="bbox 1872 1000 3453 1072">
     <span class='ocr_line' id='line_1_22' title="bbox 1872 1000 3453 1072; baseline -0.005 -14"><span class='ocrx_word' id='word_1_151' title='bbox 1872 1016 1927 1059; x_wconf 89' lang='lat' dir='ltr'><strong>et</strong></span> <span class='ocrx_word' id='word_1_152' title='bbox 1960 1005 2027 1059; x_wconf 89' lang='lat' dir='ltr'><strong>ad</strong></span> <span class='ocrx_word' id='word_1_153' title='bbox 2070 1006 2199 1059; x_wconf 85' lang='lat' dir='ltr'><strong>deos</strong></span> <span class='ocrx_word' id='word_1_154' title='bbox 2235 1005 2505 1072; x_wconf 80' lang='lat' dir='ltr'><strong>negandos</strong></span> <span class='ocrx_word' id='word_1_155' title='bbox 2535 1013 2590 1057; x_wconf 90' lang='lat' dir='ltr'><strong>et</strong></span> <span class='ocrx_word' id='word_1_156' title='bbox 2624 1001 2926 1057; x_wconf 74' lang='lat' dir='ltr'><strong>maledictis</strong></span> <span class='ocrx_word' id='word_1_157' title='bbox 2955 1000 3301 1055; x_wconf 85' lang='lat' dir='ltr'><strong>insectandos</strong></span> <span class='ocrx_word' id='word_1_158' title='bbox 3329 1014 3453 1068; x_wconf 85' lang='lat' dir='ltr'><strong>pro-</strong></span> 
     </span>
    </p>
   </div>
   <div class='ocr_carea' id='block_1_23' title="bbox 1871 1090 3454 1166">
    <p class='ocr_par' dir='ltr' id='par_1_23' title="bbox 1871 1090 3454 1166">
     <span class='ocr_line' id='line_1_23' title="bbox 1871 1090 3454 1166; baseline -0.007 -14"><span class='ocrx_word' id='word_1_159' title='bbox 1871 1096 2151 1162; x_wconf 84' lang='lat' dir='ltr'><strong>cederent,</strong></span> <span class='ocrx_word' id='word_1_160' title='bbox 2183 1093 2571 1166; x_wconf 87' lang='lat' dir='ltr'><strong>persuasistis?</strong></span> <span class='ocrx_word' id='word_1_161' title='bbox 2599 1093 2865 1163; x_wconf 83' lang='lat' dir='ltr'><strong>Martyres</strong></span> <span class='ocrx_word' id='word_1_162' title='bbox 2891 1107 3041 1153; x_wconf 87' lang='lat' dir='ltr'><strong>vero.</strong></span> <span class='ocrx_word' id='word_1_163' title='bbox 3071 1092 3117 1146; x_wconf 75' lang='grc' dir='ltr'>Α</span> <span class='ocrx_word' id='word_1_164' title='bbox 3149 1092 3303 1146; x_wconf 87' lang='lat' dir='ltr'><strong>nobis</strong></span> <span class='ocrx_word' id='word_1_165' title='bbox 3333 1090 3454 1158; x_wconf 85' lang='lat' dir='ltr'><strong>qui-</strong></span> 
     </span>
    </p>
   </div>
   <div class='ocr_carea' id='block_1_24' title="bbox 1871 1182 3452 1254">
    <p class='ocr_par' dir='ltr' id='par_1_24' title="bbox 1871 1182 3452 1254">
     <span class='ocr_line' id='line_1_24' title="bbox 1871 1182 3452 1254; baseline -0.008 -9"><span class='ocrx_word' id='word_1_166' title='bbox 1871 1189 2017 1253; x_wconf 83' lang='lat' dir='ltr'><strong>dem,</strong></span> <span class='ocrx_word' id='word_1_167' title='bbox 2070 1188 2343 1248; x_wconf 78' lang='lat' dir='ltr'><strong>dixerunt.</strong></span> <span class='ocrx_word' id='word_1_168' title='bbox 2391 1201 2424 1240; x_wconf 81' lang='grc' dir='ltr'><strong>ο</strong></span> <span class='ocrx_word' id='word_1_169' title='bbox 2475 1185 2748 1254; x_wconf 66' lang='lat' dir='ltr'><strong>praefecte,</strong></span> <span class='ocrx_word' id='word_1_170' title='bbox 2789 1182 2922 1238; x_wconf 86' lang='lat' dir='ltr'><strong>nihil</strong></span> <span class='ocrx_word' id='word_1_171' title='bbox 2968 1183 3168 1237; x_wconf 79' lang='lat' dir='ltr'><strong>factum</strong></span> <span class='ocrx_word' id='word_1_172' title='bbox 3208 1189 3308 1242; x_wconf 84' lang='lat' dir='ltr'><strong>est,</strong></span> <span class='ocrx_word' id='word_1_173' title='bbox 3343 1193 3452 1248; x_wconf 87' lang='lat' dir='ltr'><strong>quo</strong></span> 
     </span>
    </p>
   </div>
   <div class='ocr_carea' id='block_1_25' title="bbox 1873 1271 3446 1340">
    <p class='ocr_par' dir='ltr' id='par_1_25' title="bbox 1873 1271 3446 1340">
     <span class='ocr_line' id='line_1_25' title="bbox 1873 1271 3446 1340; baseline -0.007 -4"><span class='ocrx_word' id='word_1_174' title='bbox 1873 1291 2179 1336; x_wconf 82' lang='lat' dir='ltr'><strong>moveretur</strong></span> <span class='ocrx_word' id='word_1_175' title='bbox 2205 1289 2259 1335; x_wconf 90' lang='lat' dir='ltr'><strong>et</strong></span> <span class='ocrx_word' id='word_1_176' title='bbox 2304 1280 2368 1334; x_wconf 89' lang='lat' dir='ltr'><strong>ad</strong></span> <span class='ocrx_word' id='word_1_177' title='bbox 2418 1275 2737 1333; x_wconf 82' lang='lat' dir='ltr'><strong>seditionem</strong></span> <span class='ocrx_word' id='word_1_178' title='bbox 2772 1275 3142 1331; x_wconf 83' lang='lat' dir='ltr'><strong>concitaretur</strong></span> <span class='ocrx_word' id='word_1_179' title='bbox 3171 1271 3398 1340; x_wconf 90' lang='lat' dir='ltr'><strong>populus</strong></span> <span class='ocrx_word' id='word_1_180' title='bbox 3431 1289 3446 1325; x_wconf 89' lang='lat'><strong>:</strong></span> 
     </span>
    </p>
   </div>
   <div class='ocr_carea' id='block_1_26' title="bbox 1872 1360 3453 1436">
    <p class='ocr_par' dir='ltr' id='par_1_26' title="bbox 1872 1360 3453 1436">
     <span class='ocr_line' id='line_1_26' title="bbox 1872 1360 3453 1436; baseline -0.008 -8"><span class='ocrx_word' id='word_1_181' title='bbox 1872 1375 1964 1428; x_wconf 84' lang='lat' dir='ltr'><strong>sed</strong></span> <span class='ocrx_word' id='word_1_182' title='bbox 1997 1372 2080 1428; x_wconf 74' lang='lat' dir='ltr'><strong>Vel</strong></span> <span class='ocrx_word' id='word_1_183' title='bbox 2110 1361 2268 1427; x_wconf 83' lang='lat' dir='ltr'><strong>nobis</strong></span> <span class='ocrx_word' id='word_1_184' title='bbox 2304 1360 2590 1426; x_wconf 78' lang='lat' dir='ltr'><strong>silentibus</strong></span> <span class='ocrx_word' id='word_1_185' title='bbox 2627 1378 2786 1424; x_wconf 78' lang='lat' dir='ltr'><strong>verus</strong></span> <span class='ocrx_word' id='word_1_186' title='bbox 2820 1369 2902 1425; x_wconf 89' lang='lat' dir='ltr'><strong>eis</strong></span> <span class='ocrx_word' id='word_1_187' title='bbox 2945 1373 3008 1422; x_wconf 80' lang='lat' dir='ltr'><strong>ex</strong></span> <span class='ocrx_word' id='word_1_188' title='bbox 3062 1366 3172 1436; x_wconf 88' lang='lat' dir='ltr'><strong>ipsa</strong></span> <span class='ocrx_word' id='word_1_189' title='bbox 3223 1362 3453 1418; x_wconf 79' lang='lat' dir='ltr'><strong>veritate</strong></span> 
     </span>
    </p>
   </div>
   <div class='ocr_carea' id='block_1_27' title="bbox 1871 1453 3451 1536">
    <p class='ocr_par' dir='ltr' id='par_1_27' title="bbox 1871 1453 3451 1536">
     <span class='ocr_line' id='line_1_27' title="bbox 1871 1453 3451 1536; baseline -0.007 -15"><span class='ocrx_word' id='word_1_190' title='bbox 1871 1465 2119 1536; x_wconf 81' lang='lat' dir='ltr'><strong>cOgnitus</strong></span> <span class='ocrx_word' id='word_1_191' title='bbox 2146 1463 2229 1519; x_wconf 87' lang='lat' dir='ltr'><strong>est</strong></span> <span class='ocrx_word' id='word_1_192' title='bbox 2257 1453 2538 1528; x_wconf 82' lang='lat' dir='ltr'><strong>Dominus,</strong></span> <span class='ocrx_word' id='word_1_193' title='bbox 2565 1468 2618 1516; x_wconf 88' lang='lat' dir='ltr'><strong>et</strong></span> <span class='ocrx_word' id='word_1_194' title='bbox 2650 1469 2772 1517; x_wconf 87' lang='lat' dir='ltr'><strong>cum</strong></span> <span class='ocrx_word' id='word_1_195' title='bbox 2807 1474 3024 1529; x_wconf 81' lang='lat' dir='ltr'><strong>magna,</strong></span> <span class='ocrx_word' id='word_1_196' title='bbox 3055 1468 3111 1512; x_wconf 92' lang='lat' dir='ltr'><strong>ut</strong></span> <span class='ocrx_word' id='word_1_197' title='bbox 3143 1457 3256 1526; x_wconf 89' lang='lat' dir='ltr'><strong>ipse</strong></span> <span class='ocrx_word' id='word_1_198' title='bbox 3285 1459 3451 1523; x_wconf 86' lang='lat' dir='ltr'><strong>nosti,</strong></span> 
     </span>
    </p>
   </div>
   <div class='ocr_carea' id='block_1_28' title="bbox 1873 1537 3449 1622">
    <p class='ocr_par' dir='ltr' id='par_1_28' title="bbox 1873 1537 3449 1622">
     <span class='ocr_line' id='line_1_28' title="bbox 1873 1537 3449 1622; baseline -0.005 -12"><span class='ocrx_word' id='word_1_199' title='bbox 1873 1572 2004 1612; x_wconf 91' lang='lat' dir='ltr'><strong>voce</strong></span> <span class='ocrx_word' id='word_1_200' title='bbox 2034 1556 2214 1610; x_wconf 84' lang='lat' dir='ltr'><strong>vivum</strong></span> <span class='ocrx_word' id='word_1_201' title='bbox 2263 1558 2437 1610; x_wconf 85' lang='lat' dir='ltr'><strong>solum</strong></span> <span class='ocrx_word' id='word_1_202' title='bbox 2476 1555 2639 1610; x_wconf 88' lang='lat' dir='ltr'><strong>Deum</strong></span> <span class='ocrx_word' id='word_1_203' title='bbox 2677 1542 3126 1622; x_wconf 63' lang='lat' dir='ltr'><strong>prmdicaverunt.</strong></span> <span class='ocrx_word' id='word_1_204' title='bbox 3163 1537 3242 1602; x_wconf 83' lang='lat' dir='ltr'><strong>Tu</strong></span> <span class='ocrx_word' id='word_1_205' title='bbox 3269 1558 3449 1603; x_wconf 87' lang='lat' dir='ltr'><strong>autent</strong></span> 
     </span>
    </p>
   </div>
   <div class='ocr_carea' id='block_1_29' title="bbox 1872 1639 3449 1716">
    <p class='ocr_par' dir='ltr' id='par_1_29' title="bbox 1872 1639 3449 1716">
     <span class='ocr_line' id='line_1_29' title="bbox 1872 1639 3449 1716; baseline -0.006 -12"><span class='ocrx_word' id='word_1_206' title='bbox 1872 1650 1916 1705; x_wconf 89' lang='lat' dir='ltr'><strong>si</strong></span> <span class='ocrx_word' id='word_1_207' title='bbox 1944 1648 2161 1716; x_wconf 86' lang='lat' dir='ltr'><strong>aliquod</strong></span> <span class='ocrx_word' id='word_1_208' title='bbox 2194 1662 2382 1703; x_wconf 86' lang='lat' dir='ltr'><strong>rursus</strong></span> <span class='ocrx_word' id='word_1_209' title='bbox 2414 1647 2570 1701; x_wconf 89' lang='lat' dir='ltr'><strong>nobis</strong></span> <span class='ocrx_word' id='word_1_210' title='bbox 2599 1644 2734 1700; x_wconf 90' lang='lat' dir='ltr'><strong>velis</strong></span> <span class='ocrx_word' id='word_1_211' title='bbox 2772 1653 2992 1713; x_wconf 82' lang='lat' dir='ltr'><strong>propter</strong></span> <span class='ocrx_word' id='word_1_212' title='bbox 3029 1641 3204 1711; x_wconf 89' lang='lat' dir='ltr'><strong>ipsum</strong></span> <span class='ocrx_word' id='word_1_213' title='bbox 3245 1639 3449 1695; x_wconf 81' lang='lat' dir='ltr'><strong>inferre</strong></span> 
     </span>
    </p>
   </div>
   <div class='ocr_carea' id='block_1_30' title="bbox 1873 1733 3448 1814">
    <p class='ocr_par' dir='ltr' id='par_1_30' title="bbox 1873 1733 3448 1814">
     <span class='ocr_line' id='line_1_30' title="bbox 1873 1733 3448 1814; baseline -0.006 -15"><span class='ocrx_word' id='word_1_214' title='bbox 1873 1742 2220 1814; x_wconf 81' lang='lat' dir='ltr'><strong>supplicium,</strong></span> <span class='ocrx_word' id='word_1_215' title='bbox 2266 1741 2431 1804; x_wconf 67' lang='lat' dir='ltr'><strong>inter,</strong></span> <span class='ocrx_word' id='word_1_216' title='bbox 2468 1755 2572 1795; x_wconf 92' lang='lat' dir='ltr'><strong>non</strong></span> <span class='ocrx_word' id='word_1_217' title='bbox 2608 1737 2886 1802; x_wconf 73' lang='lat' dir='ltr'><strong>diﬂ‘erens;</strong></span> <span class='ocrx_word' id='word_1_218' title='bbox 2927 1744 3101 1804; x_wconf 91' lang='lat' dir='ltr'><strong>potest</strong></span> <span class='ocrx_word' id='word_1_219' title='bbox 3130 1735 3272 1790; x_wconf 90' lang='lat' dir='ltr'><strong>enim</strong></span> <span class='ocrx_word' id='word_1_220' title='bbox 3303 1735 3349 1788; x_wconf 87' lang='lat' dir='ltr'><strong>is</strong></span> <span class='ocrx_word' id='word_1_221' title='bbox 3379 1733 3448 1789; x_wconf 86' lang='lat' dir='ltr'><strong>ab</strong></span> 
     </span>
    </p>
   </div>
   <div class='ocr_carea' id='block_1_31' title="bbox 1873 1827 3444 1904">
    <p class='ocr_par' dir='ltr' id='par_1_31' title="bbox 1873 1827 3444 1904">
     <span class='ocr_line' id='line_1_31' title="bbox 1873 1827 3444 1904; baseline -0.004 -16"><span class='ocrx_word' id='word_1_222' title='bbox 1873 1848 1938 1888; x_wconf 92' lang='lat' dir='ltr'><strong>eo</strong></span> <span class='ocrx_word' id='word_1_223' title='bbox 1983 1849 2198 1904; x_wconf 89' lang='lat' dir='ltr'><strong>quoque</strong></span> <span class='ocrx_word' id='word_1_224' title='bbox 2226 1847 2326 1888; x_wconf 90' lang='lat' dir='ltr'><strong>nos</strong></span> <span class='ocrx_word' id='word_1_225' title='bbox 2355 1831 2622 1898; x_wconf 77' lang='lat' dir='ltr'><strong>liberare,</strong></span> <span class='ocrx_word' id='word_1_226' title='bbox 2655 1842 2707 1884; x_wconf 88' lang='lat' dir='ltr'><strong>et</strong></span> <span class='ocrx_word' id='word_1_227' title='bbox 2748 1845 2776 1883; x_wconf 89' lang='lat' dir='ltr'><strong>a</strong></span> <span class='ocrx_word' id='word_1_228' title='bbox 2810 1827 3005 1882; x_wconf 69' lang='lat' dir='ltr'><strong>vestris</strong></span> <span class='ocrx_word' id='word_1_229' title='bbox 3055 1828 3300 1883; x_wconf 83' lang='lat' dir='ltr'><strong>manibus</strong></span> <span class='ocrx_word' id='word_1_230' title='bbox 3335 1827 3444 1883; x_wconf 87' lang='lat' dir='ltr'><strong>eri-</strong></span> 
     </span>
    </p>
   </div>
   <div class='ocr_carea' id='block_1_32' title="bbox 177 1901 2024 1996">
    <p class='ocr_par' dir='ltr' id='par_1_32' title="bbox 177 1901 2024 1996">
     <span class='ocr_line' id='line_1_32' title="bbox 177 1901 2024 1996; baseline 0.009 -31"><span class='ocrx_word' id='word_1_231' title='bbox 177 1913 332 1982; x_wconf 72' lang='grc' dir='ltr'>ἡμᾶς</span> <span class='ocrx_word' id='word_1_232' title='bbox 396 1901 740 1986; x_wconf 70' lang='grc' dir='ltr'><strong>ἀπαλλάξαι,</strong></span> <span class='ocrx_word' id='word_1_233' title='bbox 797 1907 894 1972; x_wconf 54' lang='lat' dir='ltr'><strong>tat</strong></span> <span class='ocrx_word' id='word_1_234' title='bbox 973 1919 1083 1973; x_wconf 84' lang='grc' dir='ltr'><strong>τῶν</strong></span> <span class='ocrx_word' id='word_1_235' title='bbox 1149 1908 1435 1992; x_wconf 75' lang='grc' dir='ltr'>ὑμετέρων</span> <span class='ocrx_word' id='word_1_236' title='bbox 1496 1901 1771 1989; x_wconf 80' lang='grc' dir='ltr'>ἐξελέσθαι</span> <span class='ocrx_word' id='word_1_237' title='bbox 1800 1986 1843 1996; x_wconf 85' lang='lat'><strong>__</strong></span> <span class='ocrx_word' id='word_1_238' title='bbox 1876 1901 2024 1996; x_wconf 72' lang='lat' dir='ltr'><strong>pere.</strong></span> 
     </span>
    </p>
   </div>
   <div class='ocr_carea' id='block_1_33' title="bbox 175 2019 402 2076">
    <p class='ocr_par' dir='ltr' id='par_1_33' title="bbox 175 2019 402 2076">
     <span class='ocr_line' id='line_1_33' title="bbox 175 2019 402 2076; baseline 0.022 -22"><span class='ocrx_word' id='word_1_239' title='bbox 175 2019 239 2073; x_wconf 87' lang='grc' dir='ltr'><strong>χε</strong></span> <span class='ocrx_word' id='word_1_240' title='bbox 250 2023 263 2055; x_wconf 91' lang='grc' dir='ltr'><strong>ι</strong></span> <span class='ocrx_word' id='word_1_241' title='bbox 269 2021 402 2076; x_wconf 87' lang='grc' dir='ltr'>ρων.</span> 
     </span>
    </p>
   </div>
   <div class='ocr_carea' id='block_1_34' title="bbox 254 2091 1765 2176">
    <p class='ocr_par' dir='ltr' id='par_1_34' title="bbox 254 2091 1765 2176">
     <span class='ocr_line' id='line_1_34' title="bbox 254 2091 1765 2176; baseline 0.01 -28"><span class='ocrx_word' id='word_1_242' title='bbox 254 2093 385 2150; x_wconf 78' lang='grc' dir='ltr'><strong>ΝΑ’.</strong></span> <span class='ocrx_word' id='word_1_243' title='bbox 417 2096 574 2152; x_wconf 80' lang='grc' dir='ltr'>Οὕτω</span> <span class='ocrx_word' id='word_1_244' title='bbox 592 2099 688 2171; x_wconf 80' lang='grc' dir='ltr'><strong>τῆς</strong></span> <span class='ocrx_word' id='word_1_245' title='bbox 712 2100 821 2174; x_wconf 85' lang='grc' dir='ltr'><strong>τῶν</strong></span> <span class='ocrx_word' id='word_1_246' title='bbox 843 2092 1142 2176; x_wconf 63' lang='grc' dir='ltr'>μρτῦρων</span> <span class='ocrx_word' id='word_1_247' title='bbox 1171 2092 1268 2158; x_wconf 60' lang='grc' dir='ltr'>καὶ</span> <span class='ocrx_word' id='word_1_248' title='bbox 1294 2091 1474 2176; x_wconf 63' lang='grc' dir='ltr'>ψυχῆς</span> <span class='ocrx_word' id='word_1_249' title='bbox 1504 2107 1599 2162; x_wconf 73' lang='grc' dir='ltr'><strong>καὶ</strong></span> <span class='ocrx_word' id='word_1_250' title='bbox 1619 2095 1765 2176; x_wconf 75' lang='grc' dir='ltr'>γνῶ-</span> 
     </span>
    </p>
   </div>
   <div class='ocr_carea' id='block_1_35' title="bbox 117 2191 1766 2270">
    <p class='ocr_par' dir='ltr' id='par_1_35' title="bbox 117 2191 1766 2270">
     <span class='ocr_line' id='line_1_35' title="bbox 117 2191 1766 2270; baseline 0.01 -31"><span class='ocrx_word' id='word_1_251' title='bbox 117 2267 119 2270; x_wconf 10' lang='grc'><strong>,</strong></span> <span class='ocrx_word' id='word_1_252' title='bbox 182 2205 290 2257; x_wconf 66' lang='grc' dir='ltr'><strong>μης</strong></span> <span class='ocrx_word' id='word_1_253' title='bbox 312 2191 552 2259; x_wconf 82' lang='grc' dir='ltr'>αίσχρῶς</span> <span class='ocrx_word' id='word_1_254' title='bbox 571 2192 599 2244; x_wconf 82' lang='grc' dir='ltr'><strong>ὀ</strong></span> <span class='ocrx_word' id='word_1_255' title='bbox 642 2193 1000 2265; x_wconf 79' lang='grc' dir='ltr'>Ἀγριππίνος</span> <span class='ocrx_word' id='word_1_256' title='bbox 1029 2194 1340 2266; x_wconf 76' lang='grc' dir='ltr'>ἡττώμενος</span> <span class='ocrx_word' id='word_1_257' title='bbox 1362 2199 1470 2252; x_wconf 90' lang='grc' dir='ltr'><strong>τῶν</strong></span> <span class='ocrx_word' id='word_1_258' title='bbox 1496 2201 1766 2270; x_wconf 86' lang='grc' dir='ltr'>σωμάτων</span> 
     </span>
    </p>
   </div>
   <div class='ocr_carea' id='block_1_36' title="bbox 178 2282 1766 2365">
    <p class='ocr_par' dir='ltr' id='par_1_36' title="bbox 178 2282 1766 2365">
     <span class='ocr_line' id='line_1_36' title="bbox 178 2282 1766 2365; baseline 0.015 -31"><span class='ocrx_word' id='word_1_259' title='bbox 178 2282 452 2353; x_wconf 81' lang='grc' dir='ltr'>κρατῆσαι</span> <span class='ocrx_word' id='word_1_260' title='bbox 478 2283 608 2354; x_wconf 86' lang='grc' dir='ltr'>γοῦν</span> <span class='ocrx_word' id='word_1_261' title='bbox 632 2284 891 2340; x_wconf 76' lang='grc' dir='ltr'>ἔσπευδε·</span> <span class='ocrx_word' id='word_1_262' title='bbox 926 2288 1020 2342; x_wconf 80' lang='grc' dir='ltr'>καὶ</span> <span class='ocrx_word' id='word_1_263' title='bbox 1059 2288 1196 2361; x_wconf 84' lang='grc' dir='ltr'>πρὸς</span> <span class='ocrx_word' id='word_1_264' title='bbox 1225 2291 1292 2361; x_wconf 81' lang='grc' dir='ltr'><strong>τῇ</strong></span> <span class='ocrx_word' id='word_1_265' title='bbox 1325 2291 1437 2345; x_wconf 86' lang='grc' dir='ltr'>ἄνω</span> <span class='ocrx_word' id='word_1_266' title='bbox 1469 2293 1646 2364; x_wconf 69' lang='grc' dir='ltr'>πέτρᾳ</span> <span class='ocrx_word' id='word_1_267' title='bbox 1665 2297 1766 2365; x_wconf 79' lang='grc' dir='ltr'>τῆς</span> 
     </span>
    </p>
   </div>
   <div class='ocr_carea' id='block_1_37' title="bbox 175 2369 1767 2451">
    <p class='ocr_par' dir='ltr' id='par_1_37' title="bbox 175 2369 1767 2451">
     <span class='ocr_line' id='line_1_37' title="bbox 175 2369 1767 2451; baseline 0.007 -24"><span class='ocrx_word' id='word_1_268' title='bbox 175 2374 274 2428; x_wconf 88' lang='grc' dir='ltr'><strong>τοῦ</strong></span> <span class='ocrx_word' id='word_1_269' title='bbox 319 2375 480 2445; x_wconf 77' lang='grc' dir='ltr'>ὄρους</span> <span class='ocrx_word' id='word_1_270' title='bbox 513 2379 754 2450; x_wconf 85' lang='grc' dir='ltr'>κορυφῆς</span> <span class='ocrx_word' id='word_1_271' title='bbox 804 2380 1003 2444; x_wconf 75' lang='grc' dir='ltr'>αὐτοὺς</span> <span class='ocrx_word' id='word_1_272' title='bbox 1060 2369 1372 2446; x_wconf 84' lang='grc' dir='ltr'>ἀποτείνας,</span> <span class='ocrx_word' id='word_1_273' title='bbox 1433 2383 1529 2437; x_wconf 77' lang='grc' dir='ltr'>καὶ</span> <span class='ocrx_word' id='word_1_274' title='bbox 1589 2384 1767 2451; x_wconf 81' lang='grc' dir='ltr'>ξύλοις</span> 
     </span>
    </p>
   </div>
   <div class='ocr_carea' id='block_1_38' title="bbox 179 2462 1764 2550">
    <p class='ocr_par' dir='ltr' id='par_1_38' title="bbox 179 2462 1764 2550">
     <span class='ocr_line' id='line_1_38' title="bbox 179 2462 1764 2550; baseline 0.007 -28"><span class='ocrx_word' id='word_1_275' title='bbox 179 2470 522 2540; x_wconf 83' lang='grc' dir='ltr'>παχυτάτοις</span> <span class='ocrx_word' id='word_1_276' title='bbox 548 2471 616 2526; x_wconf 84' lang='grc' dir='ltr'><strong>τά</strong></span> <span class='ocrx_word' id='word_1_277' title='bbox 646 2489 706 2525; x_wconf 92' lang='grc' dir='ltr'><strong>τε</strong></span> <span class='ocrx_word' id='word_1_278' title='bbox 743 2466 878 2528; x_wconf 86' lang='grc' dir='ltr'>ὀστᾶ</span> <span class='ocrx_word' id='word_1_279' title='bbox 913 2462 1238 2540; x_wconf 84' lang='grc' dir='ltr'>συνθλάσας,</span> <span class='ocrx_word' id='word_1_280' title='bbox 1274 2475 1370 2530; x_wconf 78' lang='grc' dir='ltr'>καὶ</span> <span class='ocrx_word' id='word_1_281' title='bbox 1394 2476 1495 2540; x_wconf 69' lang='grc' dir='ltr'><strong>τὰς</strong></span> <span class='ocrx_word' id='word_1_282' title='bbox 1532 2477 1764 2550; x_wconf 82' lang='grc' dir='ltr'>σάρκας,</span> 
     </span>
    </p>
   </div>
   <div class='ocr_carea' id='block_1_39' title="bbox 177 2560 1765 2639">
    <p class='ocr_par' dir='ltr' id='par_1_39' title="bbox 177 2560 1765 2639">
     <span class='ocr_line' id='line_1_39' title="bbox 177 2560 1765 2639; baseline 0.008 -27"><span class='ocrx_word' id='word_1_283' title='bbox 177 2560 327 2630; x_wconf 80' lang='grc' dir='ltr'>οἴμοι</span> <span class='ocrx_word' id='word_1_284' title='bbox 355 2563 369 2616; x_wconf 87' lang='lat' dir='ltr'><strong>l</strong></span> <span class='ocrx_word' id='word_1_285' title='bbox 398 2562 746 2635; x_wconf 84' lang='grc' dir='ltr'>κατατεμὼν,</span> <span class='ocrx_word' id='word_1_286' title='bbox 795 2565 892 2619; x_wconf 74' lang='grc' dir='ltr'>καὶ</span> <span class='ocrx_word' id='word_1_287' title='bbox 925 2563 1045 2620; x_wconf 79' lang='grc' dir='ltr'>εἶτα</span> <span class='ocrx_word' id='word_1_288' title='bbox 1073 2568 1153 2631; x_wconf 83' lang='grc' dir='ltr'><strong>είς</strong></span> <span class='ocrx_word' id='word_1_289' title='bbox 1197 2569 1436 2634; x_wconf 81' lang='grc' dir='ltr'>σάκκους</span> <span class='ocrx_word' id='word_1_290' title='bbox 1465 2586 1524 2623; x_wconf 87' lang='grc' dir='ltr'><strong>τε</strong></span> <span class='ocrx_word' id='word_1_291' title='bbox 1557 2570 1765 2639; x_wconf 79' lang='grc' dir='ltr'>ἐμϐάλ-</span> 
     </span>
    </p>
   </div>
   <div class='ocr_carea' id='block_1_40' title="bbox 176 2652 1766 2734">
    <p class='ocr_par' dir='ltr' id='par_1_40' title="bbox 176 2652 1766 2734">
     <span class='ocr_line' id='line_1_40' title="bbox 176 2652 1766 2734; baseline 0.007 -29"><span class='ocrx_word' id='word_1_292' title='bbox 176 2652 282 2720; x_wconf 84' lang='grc' dir='ltr'>λει,</span> <span class='ocrx_word' id='word_1_293' title='bbox 317 2655 413 2717; x_wconf 71' lang='grc' dir='ltr'>καὶ</span> <span class='ocrx_word' id='word_1_294' title='bbox 461 2656 645 2721; x_wconf 88' lang='grc' dir='ltr'>λίθους</span> <span class='ocrx_word' id='word_1_295' title='bbox 680 2658 862 2713; x_wconf 84' lang='grc' dir='ltr'>αὐτῶν</span> <span class='ocrx_word' id='word_1_296' title='bbox 915 2658 1148 2732; x_wconf 81' lang='grc' dir='ltr'>ἐκδήσας</span> <span class='ocrx_word' id='word_1_297' title='bbox 1209 2660 1524 2731; x_wconf 86' lang='grc' dir='ltr'>μεγίστους,</span> <span class='ocrx_word' id='word_1_298' title='bbox 1570 2663 1766 2734; x_wconf 85' lang='grc' dir='ltr'>ἀφίησι</span> 
     </span>
    </p>
   </div>
   <div class='ocr_carea' id='block_1_41' title="bbox 180 2746 1764 2826">
    <p class='ocr_par' dir='ltr' id='par_1_41' title="bbox 180 2746 1764 2826">
     <span class='ocr_line' id='line_1_41' title="bbox 180 2746 1764 2826; baseline 0.008 -29"><span class='ocrx_word' id='word_1_299' title='bbox 180 2746 522 2818; x_wconf 80' lang='grc' dir='ltr'>σφοδρότατα</span> <span class='ocrx_word' id='word_1_300' title='bbox 547 2749 690 2804; x_wconf 85' lang='grc' dir='ltr'>κατὰ</span> <span class='ocrx_word' id='word_1_301' title='bbox 709 2753 808 2823; x_wconf 84' lang='grc' dir='ltr'>τῆς</span> <span class='ocrx_word' id='word_1_302' title='bbox 835 2752 1133 2823; x_wconf 81' lang='grc' dir='ltr'>ὑπωρείας.</span> <span class='ocrx_word' id='word_1_303' title='bbox 1165 2753 1285 2806; x_wconf 85' lang='grc' dir='ltr'><strong>Τῶν</strong></span> <span class='ocrx_word' id='word_1_304' title='bbox 1313 2754 1414 2826; x_wconf 82' lang='grc' dir='ltr'>μὲν</span> <span class='ocrx_word' id='word_1_305' title='bbox 1441 2750 1534 2809; x_wconf 83' lang='grc' dir='ltr'><strong>οῦν</strong></span> <span class='ocrx_word' id='word_1_306' title='bbox 1557 2755 1764 2826; x_wconf 77' lang='grc' dir='ltr'>παρόνο</span> 
     </span>
    </p>
   </div>
   <div class='ocr_carea' id='block_1_42' title="bbox 177 2832 1763 2914">
    <p class='ocr_par' dir='ltr' id='par_1_42' title="bbox 177 2832 1763 2914">
     <span class='ocr_line' id='line_1_42' title="bbox 177 2832 1763 2914; baseline 0.006 -24"><span class='ocrx_word' id='word_1_307' title='bbox 177 2855 288 2891; x_wconf 88' lang='grc' dir='ltr'><strong>των</strong></span> <span class='ocrx_word' id='word_1_308' title='bbox 327 2839 505 2904; x_wconf 72' lang='grc' dir='ltr'>οὐδεὶς</span> <span class='ocrx_word' id='word_1_309' title='bbox 529 2836 598 2914; x_wconf 82' lang='grc' dir='ltr'>ἦν</span> <span class='ocrx_word' id='word_1_310' title='bbox 615 2832 675 2905; x_wconf 78' lang='grc' dir='ltr'>ὃς</span> <span class='ocrx_word' id='word_1_311' title='bbox 692 2842 793 2896; x_wconf 79' lang='grc' dir='ltr'>οὐκ</span> <span class='ocrx_word' id='word_1_312' title='bbox 816 2843 1117 2898; x_wconf 81' lang='grc' dir='ltr'>ἐπέπειστο</span> <span class='ocrx_word' id='word_1_313' title='bbox 1138 2843 1342 2908; x_wconf 81' lang='grc' dir='ltr'>εὐθέως</span> <span class='ocrx_word' id='word_1_314' title='bbox 1368 2846 1763 2900; x_wconf 84' lang='grc' dir='ltr'>ἀποθανεῖσθαι</span> 
     </span>
    </p>
   </div>
   <div class='ocr_carea' id='block_1_43' title="bbox 178 2931 1766 3020">
    <p class='ocr_par' dir='ltr' id='par_1_43' title="bbox 178 2931 1766 3020">
     <span class='ocr_line' id='line_1_43' title="bbox 178 2931 1766 3020; baseline 0.008 -39"><span class='ocrx_word' id='word_1_315' title='bbox 178 2931 303 2993; x_wconf 70' lang='grc' dir='ltr'><strong>τοῦς</strong></span> <span class='ocrx_word' id='word_1_316' title='bbox 339 2932 623 3020; x_wconf 79' lang='grc' dir='ltr'>μάρτυρας</span> <span class='ocrx_word' id='word_1_317' title='bbox 651 2934 755 3020; x_wconf 81' lang='grc' dir='ltr'><strong>ὑπὸ</strong></span> <span class='ocrx_word' id='word_1_318' title='bbox 776 2933 876 3003; x_wconf 75' lang='grc' dir='ltr'>τῆς</span> <span class='ocrx_word' id='word_1_319' title='bbox 908 2934 1175 3005; x_wconf 77' lang='grc' dir='ltr'>ὀξυτάτης</span> <span class='ocrx_word' id='word_1_320' title='bbox 1201 2937 1374 3008; x_wconf 77' lang='grc' dir='ltr'>φορᾶς</span> <span class='ocrx_word' id='word_1_321' title='bbox 1413 2937 1632 3009; x_wconf 77' lang='grc' dir='ltr'>ἐκείνης</span> <span class='ocrx_word' id='word_1_322' title='bbox 1651 2937 1766 2993; x_wconf 84' lang='grc' dir='ltr'>δια-</span> 
     </span>
    </p>
   </div>
   <div class='ocr_carea' id='block_1_44' title="bbox 179 3015 1766 3100">
    <p class='ocr_par' dir='ltr' id='par_1_44' title="bbox 179 3015 1766 3100">
     <span class='ocr_line' id='line_1_44' title="bbox 179 3015 1766 3100; baseline 0.009 -28"><span class='ocrx_word' id='word_1_323' title='bbox 179 3015 522 3087; x_wconf 75' lang='grc' dir='ltr'>σπασθέντας</span> <span class='ocrx_word' id='word_1_324' title='bbox 547 3040 562 3055; x_wconf 80' lang='grc'><em>’</em></span> <span class='ocrx_word' id='word_1_325' title='bbox 592 3015 788 3080; x_wconf 74' lang='grc' dir='ltr'>ἐκείνοι</span> <span class='ocrx_word' id='word_1_326' title='bbox 817 3027 876 3080; x_wconf 84' lang='grc' dir='ltr'>δὲ</span> <span class='ocrx_word' id='word_1_327' title='bbox 899 3027 1067 3092; x_wconf 73' lang='grc' dir='ltr'>ὀξέως</span> <span class='ocrx_word' id='word_1_328' title='bbox 1099 3028 1245 3082; x_wconf 73' lang='grc' dir='ltr'>οὕτω</span> <span class='ocrx_word' id='word_1_329' title='bbox 1287 3033 1608 3100; x_wconf 82' lang='grc' dir='ltr'>φερόμενοι,</span> <span class='ocrx_word' id='word_1_330' title='bbox 1642 3031 1766 3086; x_wconf 78' lang='grc' dir='ltr'>οὐδὲ</span> 
     </span>
    </p>
   </div>
   <div class='ocr_carea' id='block_1_45' title="bbox 177 3105 1767 3202">
    <p class='ocr_par' dir='ltr' id='par_1_45' title="bbox 177 3105 1767 3202">
     <span class='ocr_line' id='line_1_45' title="bbox 177 3105 1767 3202; baseline 0.008 -35"><span class='ocrx_word' id='word_1_331' title='bbox 177 3115 315 3202; x_wconf 72' lang='grc' dir='ltr'>πρὸς</span> <span class='ocrx_word' id='word_1_332' title='bbox 343 3117 404 3170; x_wconf 78' lang='grc' dir='ltr'>τὸ</span> <span class='ocrx_word' id='word_1_333' title='bbox 429 3117 537 3202; x_wconf 80' lang='grc' dir='ltr'>τῆς</span> <span class='ocrx_word' id='word_1_334' title='bbox 559 3105 840 3188; x_wconf 77' lang='grc' dir='ltr'>ῦπωρείας</span> <span class='ocrx_word' id='word_1_335' title='bbox 865 3117 1093 3190; x_wconf 76' lang='grc' dir='ltr'>ἔσχατον</span> <span class='ocrx_word' id='word_1_336' title='bbox 1113 3120 1369 3192; x_wconf 76' lang='grc' dir='ltr'>ἔστησαν,</span> <span class='ocrx_word' id='word_1_337' title='bbox 1393 3123 1529 3176; x_wconf 76' lang='grc' dir='ltr'>ἀλλὰ</span> <span class='ocrx_word' id='word_1_338' title='bbox 1550 3123 1646 3178; x_wconf 73' lang='grc' dir='ltr'>καὶ</span> <span class='ocrx_word' id='word_1_339' title='bbox 1669 3124 1767 3178; x_wconf 76' lang='grc' dir='ltr'><strong>αὒ-</strong></span> 
     </span>
    </p>
   </div>
   <div class='ocr_carea' id='block_1_46' title="bbox 174 3199 1765 3294">
    <p class='ocr_par' dir='ltr' id='par_1_46' title="bbox 174 3199 1765 3294">
     <span class='ocr_line' id='line_1_46' title="bbox 174 3199 1765 3294; baseline 0.003 -29"><span class='ocrx_word' id='word_1_340' title='bbox 174 3199 271 3265; x_wconf 79' lang='grc' dir='ltr'>τὸῦ</span> <span class='ocrx_word' id='word_1_341' title='bbox 291 3199 668 3294; x_wconf 80' lang='grc' dir='ltr'>διεκπεσόντες</span> <span class='ocrx_word' id='word_1_342' title='bbox 693 3210 786 3264; x_wconf 88' lang='grc' dir='ltr'><strong>τοῦ</strong></span> <span class='ocrx_word' id='word_1_343' title='bbox 814 3211 1062 3282; x_wconf 77' lang='grc' dir='ltr'>αἰγιαλοῦ</span> <span class='ocrx_word' id='word_1_344' title='bbox 1083 3213 1163 3286; x_wconf 83' lang='grc' dir='ltr'><strong>τῷ</strong></span> <span class='ocrx_word' id='word_1_345' title='bbox 1185 3213 1334 3286; x_wconf 76' lang='grc' dir='ltr'>βυθῷ</span> <span class='ocrx_word' id='word_1_346' title='bbox 1359 3217 1460 3288; x_wconf 73' lang='grc' dir='ltr'>τῆς</span> <span class='ocrx_word' id='word_1_347' title='bbox 1487 3215 1765 3289; x_wconf 74' lang='grc' dir='ltr'>θαλάσσης</span> 
     </span>
    </p>
   </div>
   <div class='ocr_carea' id='block_1_47' title="bbox 174 3302 536 3358">
    <p class='ocr_par' dir='ltr' id='par_1_47' title="bbox 174 3302 536 3358">
     <span class='ocr_line' id='line_1_47' title="bbox 174 3302 536 3358; baseline 0.003 -1"><span class='ocrx_word' id='word_1_348' title='bbox 174 3302 536 3358; x_wconf 80' lang='grc' dir='ltr'>κατώλισθον.</span> 
     </span>
    </p>
   </div>
   <div class='ocr_carea' id='block_1_48' title="bbox 244 3389 1766 3476">
    <p class='ocr_par' dir='ltr' id='par_1_48' title="bbox 244 3389 1766 3476">
     <span class='ocr_line' id='line_1_48' title="bbox 244 3389 1766 3476; baseline 0.019 -27"><span class='ocrx_word' id='word_1_349' title='bbox 244 3395 376 3450; x_wconf 87' lang='grc' dir='ltr'><strong>ΝΒ’.</strong></span> <span class='ocrx_word' id='word_1_350' title='bbox 411 3396 637 3468; x_wconf 82' lang='grc' dir='ltr'>Ἀνδρες</span> <span class='ocrx_word' id='word_1_351' title='bbox 658 3396 750 3451; x_wconf 82' lang='grc' dir='ltr'><strong>οῦν</strong></span> <span class='ocrx_word' id='word_1_352' title='bbox 779 3397 966 3452; x_wconf 78' lang='grc' dir='ltr'>αὐτόθι</span> <span class='ocrx_word' id='word_1_353' title='bbox 1013 3399 1122 3453; x_wconf 86' lang='grc' dir='ltr'><strong>τῶν</strong></span> <span class='ocrx_word' id='word_1_354' title='bbox 1174 3389 1420 3456; x_wconf 77' lang='grc' dir='ltr'>εὔλαδῶν</span> <span class='ocrx_word' id='word_1_355' title='bbox 1477 3404 1570 3457; x_wconf 74' lang='grc' dir='ltr'>ἐπὶ</span> <span class='ocrx_word' id='word_1_356' title='bbox 1594 3403 1766 3476; x_wconf 69' lang='grc' dir='ltr'>-ἄγρᾳ</span> 
     </span>
    </p>
   </div>
   <div class='ocr_carea' id='block_1_49' title="bbox 172 3487 1763 3576">
    <p class='ocr_par' dir='ltr' id='par_1_49' title="bbox 172 3487 1763 3576">
     <span class='ocr_line' id='line_1_49' title="bbox 172 3487 1763 3576; baseline 0.006 -35"><span class='ocrx_word' id='word_1_357' title='bbox 172 3487 338 3576; x_wconf 72' lang='grc' dir='ltr'>δῆθεν</span> <span class='ocrx_word' id='word_1_358' title='bbox 367 3490 477 3543; x_wconf 89' lang='grc' dir='ltr'><strong>τῶν</strong></span> <span class='ocrx_word' id='word_1_359' title='bbox 510 3491 866 3562; x_wconf 86' lang='grc' dir='ltr'>μαρτυρικῶν</span> <span class='ocrx_word' id='word_1_360' title='bbox 887 3492 1159 3563; x_wconf 77' lang='grc' dir='ltr'>λειψάνων</span> <span class='ocrx_word' id='word_1_361' title='bbox 1186 3495 1420 3558; x_wconf 71' lang='grc' dir='ltr'>ἑστῶτες</span> <span class='ocrx_word' id='word_1_362' title='bbox 1444 3495 1763 3568; x_wconf 76' lang='grc' dir='ltr'>ἐτύγχανον,</span> 
     </span>
    </p>
   </div>
   <div class='ocr_carea' id='block_1_50' title="bbox 177 3577 1762 3660">
    <p class='ocr_par' dir='ltr' id='par_1_50' title="bbox 177 3577 1762 3660">
     <span class='ocr_line' id='line_1_50' title="bbox 177 3577 1762 3660; baseline 0.006 -26"><span class='ocrx_word' id='word_1_363' title='bbox 177 3577 248 3634; x_wconf 75' lang='grc' dir='ltr'><strong>ἵν’</strong></span> <span class='ocrx_word' id='word_1_364' title='bbox 286 3581 419 3635; x_wconf 82' lang='grc' dir='ltr'>εἴτι</span> <span class='ocrx_word' id='word_1_365' title='bbox 472 3582 626 3653; x_wconf 81' lang='grc' dir='ltr'>παρὰ</span> <span class='ocrx_word' id='word_1_366' title='bbox 689 3583 790 3654; x_wconf 83' lang='grc' dir='ltr'><strong>τῆς</strong></span> <span class='ocrx_word' id='word_1_367' title='bbox 833 3583 1109 3656; x_wconf 84' lang='grc' dir='ltr'>θαλάσσης</span> <span class='ocrx_word' id='word_1_368' title='bbox 1171 3587 1353 3642; x_wconf 83' lang='grc' dir='ltr'>αὐτῶν</span> <span class='ocrx_word' id='word_1_369' title='bbox 1407 3588 1762 3660; x_wconf 84' lang='grc' dir='ltr'>ἐκϐρασθείη,</span> 
     </span>
    </p>
   </div>
   <div class='ocr_carea' id='block_1_51' title="bbox 174 3673 1763 3751">
    <p class='ocr_par' dir='ltr' id='par_1_51' title="bbox 174 3673 1763 3751">
     <span class='ocr_line' id='line_1_51' title="bbox 174 3673 1763 3751; baseline 0.004 -25"><span class='ocrx_word' id='word_1_370' title='bbox 174 3673 334 3727; x_wconf 84' lang='grc' dir='ltr'>τοῦτο</span> <span class='ocrx_word' id='word_1_371' title='bbox 367 3674 662 3732; x_wconf 80' lang='grc' dir='ltr'>ἀνέλοιντο.</span> <span class='ocrx_word' id='word_1_372' title='bbox 709 3677 827 3748; x_wconf 86' lang='grc' dir='ltr'><strong>Ἐφ’</strong></span> <span class='ocrx_word' id='word_1_373' title='bbox 868 3677 1054 3733; x_wconf 74' lang='grc' dir='ltr'>ἱκανὸν</span> <span class='ocrx_word' id='word_1_374' title='bbox 1086 3679 1267 3733; x_wconf 87' lang='grc' dir='ltr'>τοίνυν</span> <span class='ocrx_word' id='word_1_375' title='bbox 1326 3680 1446 3734; x_wconf 86' lang='grc' dir='ltr'>ἐκεῖ</span> <span class='ocrx_word' id='word_1_376' title='bbox 1485 3680 1763 3751; x_wconf 83' lang='grc' dir='ltr'>παραμεί-</span> 
     </span>
    </p>
   </div>
   <div class='ocr_carea' id='block_1_52' title="bbox 174 3767 1760 3840">
    <p class='ocr_par' dir='ltr' id='par_1_52' title="bbox 174 3767 1760 3840">
     <span class='ocr_line' id='line_1_52' title="bbox 174 3767 1760 3840; baseline 0.004 -21"><span class='ocrx_word' id='word_1_377' title='bbox 174 3783 366 3832; x_wconf 88' lang='grc' dir='ltr'>ναντες</span> <span class='ocrx_word' id='word_1_378' title='bbox 413 3767 582 3838; x_wconf 86' lang='grc' dir='ltr'>ὁρῶσι</span> <span class='ocrx_word' id='word_1_379' title='bbox 614 3767 707 3822; x_wconf 89' lang='grc' dir='ltr'><strong>τοῦ</strong></span> <span class='ocrx_word' id='word_1_380' title='bbox 748 3769 910 3840; x_wconf 83' lang='grc' dir='ltr'>βυθοῦ</span> <span class='ocrx_word' id='word_1_381' title='bbox 937 3772 1062 3837; x_wconf 78' lang='grc' dir='ltr'>τοὺς</span> <span class='ocrx_word' id='word_1_382' title='bbox 1099 3773 1339 3836; x_wconf 85' lang='grc' dir='ltr'>σάκκους</span> <span class='ocrx_word' id='word_1_383' title='bbox 1383 3772 1760 3840; x_wconf 79' lang='grc' dir='ltr'>ἁναδοθὲντας,</span> 
     </span>
    </p>
   </div>
   <div class='ocr_carea' id='block_1_53' title="bbox 176 3860 1762 3931">
    <p class='ocr_par' dir='ltr' id='par_1_53' title="bbox 176 3860 1762 3931">
     <span class='ocr_line' id='line_1_53' title="bbox 176 3860 1762 3931; baseline 0.004 -19"><span class='ocrx_word' id='word_1_384' title='bbox 176 3860 272 3913; x_wconf 65' lang='grc' dir='ltr'>καὶ</span> <span class='ocrx_word' id='word_1_385' title='bbox 302 3861 489 3931; x_wconf 71' lang='grc' dir='ltr'>ἡρέμα</span> <span class='ocrx_word' id='word_1_386' title='bbox 509 3864 622 3925; x_wconf 85' lang='grc' dir='ltr'>τοῖς</span> <span class='ocrx_word' id='word_1_387' title='bbox 647 3861 836 3916; x_wconf 77' lang='grc' dir='ltr'>ὕδασιν</span> <span class='ocrx_word' id='word_1_388' title='bbox 865 3862 1242 3928; x_wconf 75' lang='grc' dir='ltr'>ἐπιπλέοντας.</span> <span class='ocrx_word' id='word_1_389' title='bbox 1270 3863 1428 3929; x_wconf 86' lang='grc' dir='ltr'>Νεὼς</span> <span class='ocrx_word' id='word_1_390' title='bbox 1445 3861 1539 3919; x_wconf 86' lang='grc' dir='ltr'><strong>οὗν</strong></span> <span class='ocrx_word' id='word_1_391' title='bbox 1563 3865 1762 3919; x_wconf 81' lang='grc' dir='ltr'>αὐτίκα</span> 
     </span>
    </p>
   </div>
   <div class='ocr_carea' id='block_1_54' title="bbox 181 3954 1760 4029">
    <p class='ocr_par' dir='ltr' id='par_1_54' title="bbox 181 3954 1760 4029">
     <span class='ocr_line' id='line_1_54' title="bbox 181 3954 1760 4029; baseline 0.004 -23"><span class='ocrx_word' id='word_1_392' title='bbox 181 3954 326 4022; x_wconf 83' lang='grc' dir='ltr'>μάλα</span> <span class='ocrx_word' id='word_1_393' title='bbox 354 3954 667 4020; x_wconf 77' lang='grc' dir='ltr'>ἐπιϐάντες,</span> <span class='ocrx_word' id='word_1_394' title='bbox 695 3957 788 4009; x_wconf 65' lang='grc' dir='ltr'>καὶ</span> <span class='ocrx_word' id='word_1_395' title='bbox 808 3956 1038 4027; x_wconf 87' lang='grc' dir='ltr'>πλησίον</span> <span class='ocrx_word' id='word_1_396' title='bbox 1063 3957 1174 4012; x_wconf 90' lang='grc' dir='ltr'><strong>τῶν</strong></span> <span class='ocrx_word' id='word_1_397' title='bbox 1205 3960 1425 4014; x_wconf 84' lang='grc' dir='ltr'>σάκκων</span> <span class='ocrx_word' id='word_1_398' title='bbox 1454 3958 1760 4029; x_wconf 82' lang='grc' dir='ltr'>γενόμενοι,</span> 
     </span>
    </p>
   </div>
   <div class='ocr_carea' id='block_1_55' title="bbox 177 4042 1762 4122">
    <p class='ocr_par' dir='ltr' id='par_1_55' title="bbox 177 4042 1762 4122">
     <span class='ocr_line' id='line_1_55' title="bbox 177 4042 1762 4122; baseline 0.003 -22"><span class='ocrx_word' id='word_1_399' title='bbox 177 4047 384 4112; x_wconf 81' lang='grc' dir='ltr'>ζῶντας</span> <span class='ocrx_word' id='word_1_400' title='bbox 411 4049 531 4118; x_wconf 80' lang='grc' dir='ltr'>(ὅση</span> <span class='ocrx_word' id='word_1_401' title='bbox 553 4051 669 4115; x_wconf 80' lang='grc' dir='ltr'>σοῦ,</span> <span class='ocrx_word' id='word_1_402' title='bbox 698 4050 901 4121; x_wconf 80' lang='grc' dir='ltr'>Χριστὲ</span> <span class='ocrx_word' id='word_1_403' title='bbox 942 4049 1188 4122; x_wconf 87' lang='grc' dir='ltr'>βασιλεῦ,</span> <span class='ocrx_word' id='word_1_404' title='bbox 1281 4051 1509 4122; x_wconf 77' lang='grc' dir='ltr'>δύναμις</span> <span class='ocrx_word' id='word_1_405' title='bbox 1529 4053 1541 4106; x_wconf 84' lang='grc' dir='ltr'><strong>ί</strong></span> <span class='ocrx_word' id='word_1_406' title='bbox 1565 4053 1581 4120; x_wconf 91' lang='grc'>)</span> <span class='ocrx_word' id='word_1_407' title='bbox 1605 4053 1762 4106; x_wconf 81' lang='grc' dir='ltr'>ἀναι-</span> 
     </span>
    </p>
   </div>
   <div class='ocr_carea' id='block_1_56' title="bbox 171 4139 1761 4224">
    <p class='ocr_par' dir='ltr' id='par_1_56' title="bbox 171 4139 1761 4224">
     <span class='ocr_line' id='line_1_56' title="bbox 171 4139 1761 4224; baseline 0.005 -32"><span class='ocrx_word' id='word_1_408' title='bbox 171 4139 398 4224; x_wconf 75' lang='grc' dir='ltr'>ροῦνται</span> <span class='ocrx_word' id='word_1_409' title='bbox 445 4141 571 4204; x_wconf 81' lang='grc' dir='ltr'>τοὺς</span> <span class='ocrx_word' id='word_1_410' title='bbox 626 4142 936 4213; x_wconf 84' lang='grc' dir='ltr'>μάρτυρας,</span> <span class='ocrx_word' id='word_1_411' title='bbox 978 4143 1113 4213; x_wconf 81' lang='grc' dir='ltr'>μηδὲ</span> <span class='ocrx_word' id='word_1_412' title='bbox 1173 4144 1367 4214; x_wconf 77' lang='grc' dir='ltr'>μικρὸν</span> <span class='ocrx_word' id='word_1_413' title='bbox 1408 4145 1631 4198; x_wconf 79' lang='grc' dir='ltr'>ἐκείνων</span> <span class='ocrx_word' id='word_1_414' title='bbox 1681 4144 1761 4200; x_wconf 73' lang='grc' dir='ltr'>ἔτι</span> 
     </span>
    </p>
   </div>
   <div class='ocr_carea' id='block_1_57' title="bbox 173 4223 1763 4308">
    <p class='ocr_par' dir='ltr' id='par_1_57' title="bbox 173 4223 1763 4308">
     <span class='ocr_line' id='line_1_57' title="bbox 173 4223 1763 4308; baseline 0.003 -21"><span class='ocrx_word' id='word_1_415' title='bbox 173 4233 287 4287; x_wconf 88' lang='grc' dir='ltr'><strong>τῶν</strong></span> <span class='ocrx_word' id='word_1_416' title='bbox 319 4223 545 4306; x_wconf 78' lang='grc' dir='ltr'>πληγῶν</span> <span class='ocrx_word' id='word_1_417' title='bbox 602 4235 687 4304; x_wconf 79' lang='grc' dir='ltr'><strong>ἐφ’</strong></span> <span class='ocrx_word' id='word_1_418' title='bbox 741 4235 952 4290; x_wconf 79' lang='grc' dir='ltr'>ἑαυτῶν</span> <span class='ocrx_word' id='word_1_419' title='bbox 1007 4236 1152 4306; x_wconf 77' lang='grc' dir='ltr'>[χνος</span> <span class='ocrx_word' id='word_1_420' title='bbox 1190 4235 1432 4306; x_wconf 77' lang='grc' dir='ltr'>ἔχοντας.</span> <span class='ocrx_word' id='word_1_421' title='bbox 1489 4237 1679 4308; x_wconf 82' lang='grc' dir='ltr'>Μέσης</span> <span class='ocrx_word' id='word_1_422' title='bbox 1705 4237 1763 4292; x_wconf 82' lang='grc' dir='ltr'><strong>δέ</strong></span> 
     </span>
    </p>
   </div>
   <div class='ocr_carea' id='block_1_58' title="bbox 175 4328 1765 4402">
    <p class='ocr_par' dir='ltr' id='par_1_58' title="bbox 175 4328 1765 4402">
     <span class='ocr_line' id='line_1_58' title="bbox 175 4328 1765 4402; baseline 0.003 -22"><span class='ocrx_word' id='word_1_423' title='bbox 175 4328 373 4392; x_wconf 77' lang='grc' dir='ltr'>νυκτὸς</span> <span class='ocrx_word' id='word_1_424' title='bbox 405 4329 499 4383; x_wconf 81' lang='grc' dir='ltr'>καὶ</span> <span class='ocrx_word' id='word_1_425' title='bbox 526 4328 668 4399; x_wconf 77' lang='grc' dir='ltr'>μέγα</span> <span class='ocrx_word' id='word_1_426' title='bbox 715 4329 842 4394; x_wconf 80' lang='grc' dir='ltr'>τοὺς</span> <span class='ocrx_word' id='word_1_427' title='bbox 873 4329 1060 4396; x_wconf 81' lang='grc' dir='ltr'>ἁγίους</span> <span class='ocrx_word' id='word_1_428' title='bbox 1094 4329 1208 4397; x_wconf 80' lang='grc' dir='ltr'><strong>φῶς</strong></span> <span class='ocrx_word' id='word_1_429' title='bbox 1237 4329 1294 4395; x_wconf 86' lang='grc' dir='ltr'><strong>ἐξ</strong></span> <span class='ocrx_word' id='word_1_430' title='bbox 1342 4329 1573 4400; x_wconf 83' lang='grc' dir='ltr'>οὐρανοῦ</span> <span class='ocrx_word' id='word_1_431' title='bbox 1608 4349 1765 4402; x_wconf 78' lang='grc' dir='ltr'>περι-</span> 
     </span>
    </p>
   </div>
   <div class='ocr_carea' id='block_1_59' title="bbox 176 4421 1757 4494">
    <p class='ocr_par' dir='ltr' id='par_1_59' title="bbox 176 4421 1757 4494">
     <span class='ocr_line' id='line_1_59' title="bbox 176 4421 1757 4494; baseline 0.001 -20"><span class='ocrx_word' id='word_1_432' title='bbox 176 4421 482 4493; x_wconf 65' lang='grc' dir='ltr'>ήστραψεν,</span> <span class='ocrx_word' id='word_1_433' title='bbox 522 4421 742 4491; x_wconf 79' lang='grc' dir='ltr'>ἄγγελοί</span> <span class='ocrx_word' id='word_1_434' title='bbox 769 4439 827 4475; x_wconf 89' lang='grc' dir='ltr'><strong>τε</strong></span> <span class='ocrx_word' id='word_1_435' title='bbox 860 4421 1102 4492; x_wconf 74' lang='grc' dir='ltr'>φανερὰν</span> <span class='ocrx_word' id='word_1_436' title='bbox 1129 4421 1314 4485; x_wconf 70' lang='grc' dir='ltr'>αὒτοίς</span> <span class='ocrx_word' id='word_1_437' title='bbox 1341 4421 1554 4492; x_wconf 81' lang='grc' dir='ltr'>ῶρεξαν</span> <span class='ocrx_word' id='word_1_438' title='bbox 1578 4426 1757 4494; x_wconf 84' lang='grc' dir='ltr'>χεῖρα,</span> 
     </span>
    </p>
   </div>
   <div class='ocr_carea' id='block_1_60' title="bbox 175 4512 1762 4585">
    <p class='ocr_par' dir='ltr' id='par_1_60' title="bbox 175 4512 1762 4585">
     <span class='ocr_line' id='line_1_60' title="bbox 175 4512 1762 4585; baseline 0 -19"><span class='ocrx_word' id='word_1_439' title='bbox 175 4516 272 4566; x_wconf 76' lang='grc' dir='ltr'>καὶ</span> <span class='ocrx_word' id='word_1_440' title='bbox 309 4514 444 4584; x_wconf 76' lang='grc' dir='ltr'>πρὸς</span> <span class='ocrx_word' id='word_1_441' title='bbox 469 4513 568 4582; x_wconf 86' lang='grc' dir='ltr'>τὴν</span> <span class='ocrx_word' id='word_1_442' title='bbox 604 4513 798 4585; x_wconf 80' lang='grc' dir='ltr'>χέρσον</span> <span class='ocrx_word' id='word_1_443' title='bbox 848 4512 1232 4582; x_wconf 84' lang='grc' dir='ltr'>ἐξαγαγόντες,</span> <span class='ocrx_word' id='word_1_444' title='bbox 1268 4514 1474 4584; x_wconf 83' lang='grc' dir='ltr'>τροφῆς</span> <span class='ocrx_word' id='word_1_445' title='bbox 1512 4531 1570 4566; x_wconf 88' lang='grc' dir='ltr'><strong>τε</strong></span> <span class='ocrx_word' id='word_1_446' title='bbox 1630 4531 1762 4584; x_wconf 87' lang='grc' dir='ltr'>μετ-</span> 
     </span>
    </p>
   </div>
   <div class='ocr_carea' id='block_1_61' title="bbox 177 4597 1761 4677">
    <p class='ocr_par' dir='ltr' id='par_1_61' title="bbox 177 4597 1761 4677">
     <span class='ocr_line' id='line_1_61' title="bbox 177 4597 1761 4677; baseline 0.001 -18"><span class='ocrx_word' id='word_1_447' title='bbox 177 4597 388 4662; x_wconf 82' lang='grc' dir='ltr'>έδωκαν</span> <span class='ocrx_word' id='word_1_448' title='bbox 438 4605 728 4676; x_wconf 70' lang='grc' dir='ltr'>οὐρανίας,</span> <span class='ocrx_word' id='word_1_449' title='bbox 786 4607 880 4660; x_wconf 72' lang='grc' dir='ltr'>καὶ</span> <span class='ocrx_word' id='word_1_450' title='bbox 928 4605 1420 4677; x_wconf 72' lang='grc' dir='ltr'>καταϐεϐλημένην</span> <span class='ocrx_word' id='word_1_451' title='bbox 1451 4606 1632 4660; x_wconf 84' lang='grc' dir='ltr'>αὐτῶν</span> <span class='ocrx_word' id='word_1_452' title='bbox 1660 4606 1761 4677; x_wconf 74' lang='grc' dir='ltr'>τὴν</span> 
     </span>
    </p>
   </div>
   <div class='ocr_carea' id='block_1_62' title="bbox 176 4688 1837 4771">
    <p class='ocr_par' dir='ltr' id='par_1_62' title="bbox 176 4688 1837 4771">
     <span class='ocr_line' id='line_1_62' title="bbox 176 4688 1837 4771; baseline 0 -19"><span class='ocrx_word' id='word_1_453' title='bbox 176 4688 411 4764; x_wconf 71' lang='grc' dir='ltr'>δύναμιν</span> <span class='ocrx_word' id='word_1_454' title='bbox 470 4689 578 4752; x_wconf 72' lang='grc' dir='ltr'>ὑπὸ</span> <span class='ocrx_word' id='word_1_455' title='bbox 634 4699 734 4771; x_wconf 74' lang='grc' dir='ltr'><strong>τῆς</strong></span> <span class='ocrx_word' id='word_1_456' title='bbox 791 4699 1077 4770; x_wconf 84' lang='grc' dir='ltr'>συνεχείας</span> <span class='ocrx_word' id='word_1_457' title='bbox 1132 4699 1243 4754; x_wconf 83' lang='grc' dir='ltr'><strong>τῶν</strong></span> <span class='ocrx_word' id='word_1_458' title='bbox 1300 4699 1484 4756; x_wconf 75' lang='grc' dir='ltr'>κακῶν</span> <span class='ocrx_word' id='word_1_459' title='bbox 1528 4699 1762 4771; x_wconf 76' lang='grc' dir='ltr'>ἀνεκτή-</span> <span class='ocrx_word' id='word_1_460' title='bbox 1796 4697 1837 4753; x_wconf 84' lang='grc' dir='ltr'><strong>Ι)</strong></span> 
     </span>
    </p>
   </div>
   <div class='ocr_carea' id='block_1_63' title="bbox 178 4808 366 4846">
    <p class='ocr_par' dir='ltr' id='par_1_63' title="bbox 178 4808 366 4846">
     <span class='ocr_line' id='line_1_63' title="bbox 178 4808 366 4846; baseline -0.011 0"><span class='ocrx_word' id='word_1_461' title='bbox 178 4808 366 4846; x_wconf 83' lang='grc' dir='ltr'>σαντο.</span> 
     </span>
    </p>
   </div>
   <div class='ocr_carea' id='block_1_64' title="bbox 250 4868 1767 4954">
    <p class='ocr_par' dir='ltr' id='par_1_64' title="bbox 250 4868 1767 4954">
     <span class='ocr_line' id='line_1_64' title="bbox 250 4868 1767 4954; baseline 0.002 -20"><span class='ocrx_word' id='word_1_462' title='bbox 250 4879 379 4934; x_wconf 79' lang='lat' dir='ltr'><strong>Nl&quot;.</strong></span> <span class='ocrx_word' id='word_1_463' title='bbox 409 4870 726 4946; x_wconf 74' lang='grc' dir='ltr'>Ἐϊθόῦτως</span> <span class='ocrx_word' id='word_1_464' title='bbox 765 4882 858 4936; x_wconf 79' lang='grc' dir='ltr'>ἐπὶ</span> <span class='ocrx_word' id='word_1_465' title='bbox 890 4881 1067 4954; x_wconf 87' lang='grc' dir='ltr'>μέσης</span> <span class='ocrx_word' id='word_1_466' title='bbox 1112 4883 1163 4936; x_wconf 79' lang='lat' dir='ltr'><strong>0i</strong></span> <span class='ocrx_word' id='word_1_467' title='bbox 1217 4868 1366 4949; x_wconf 67' lang='grc' dir='ltr'>ἅγιοι</span> <span class='ocrx_word' id='word_1_468' title='bbox 1417 4882 1514 4952; x_wconf 77' lang='grc' dir='ltr'>τῆς</span> <span class='ocrx_word' id='word_1_469' title='bbox 1557 4881 1767 4948; x_wconf 85' lang='grc' dir='ltr'>πόλεως</span> 
     </span>
    </p>
   </div>
   <div class='ocr_carea' id='block_1_65' title="bbox 177 4973 1766 5045">
    <p class='ocr_par' dir='ltr' id='par_1_65' title="bbox 177 4973 1766 5045">
     <span class='ocr_line' id='line_1_65' title="bbox 177 4973 1766 5045; baseline 0.001 -17"><span class='ocrx_word' id='word_1_470' title='bbox 177 4973 543 5045; x_wconf 80' lang='grc' dir='ltr'>παρελθόντες</span> <span class='ocrx_word' id='word_1_471' title='bbox 565 4977 680 5038; x_wconf 86' lang='grc' dir='ltr'>τοῖς</span> <span class='ocrx_word' id='word_1_472' title='bbox 709 4991 767 5027; x_wconf 86' lang='grc' dir='ltr'><strong>τε</strong></span> <span class='ocrx_word' id='word_1_473' title='bbox 794 4975 976 5039; x_wconf 77' lang='grc' dir='ltr'>ἄλλοις</span> <span class='ocrx_word' id='word_1_474' title='bbox 1000 4975 1213 5037; x_wconf 77' lang='grc' dir='ltr'>πιστοῖς</span> <span class='ocrx_word' id='word_1_475' title='bbox 1245 4974 1314 5027; x_wconf 78' lang='grc' dir='ltr'>τὰ</span> <span class='ocrx_word' id='word_1_476' title='bbox 1363 4975 1628 5044; x_wconf 82' lang='grc' dir='ltr'>μεγαλεῖα</span> <span class='ocrx_word' id='word_1_477' title='bbox 1670 4975 1766 5030; x_wconf 91' lang='grc' dir='ltr'><strong>τοῦ</strong></span> 
     </span>
    </p>
   </div>
   <div class='ocr_carea' id='block_1_66' title="bbox 172 5059 1766 5139">
    <p class='ocr_par' dir='ltr' id='par_1_66' title="bbox 172 5059 1766 5139">
     <span class='ocr_line' id='line_1_66' title="bbox 172 5059 1766 5139; baseline 0.001 -19"><span class='ocrx_word' id='word_1_478' title='bbox 172 5059 313 5122; x_wconf 68' lang='grc' dir='ltr'>’Θεοῦ</span> <span class='ocrx_word' id='word_1_479' title='bbox 344 5066 652 5136; x_wconf 79' lang='grc' dir='ltr'>διηγοῦντο,</span> <span class='ocrx_word' id='word_1_480' title='bbox 672 5067 765 5120; x_wconf 61' lang='grc' dir='ltr'><strong>καὶ⁸</strong></span> <span class='ocrx_word' id='word_1_481' title='bbox 788 5067 940 5120; x_wconf 79' lang='grc' dir='ltr'>αὐτοὶ</span> <span class='ocrx_word' id='word_1_482' title='bbox 958 5066 1059 5130; x_wconf 78' lang='grc' dir='ltr'>τὰς</span> <span class='ocrx_word' id='word_1_483' title='bbox 1083 5067 1276 5137; x_wconf 85' lang='grc' dir='ltr'>χεῖρας</span> <span class='ocrx_word' id='word_1_484' title='bbox 1302 5067 1382 5130; x_wconf 87' lang='grc' dir='ltr'><strong>είς</strong></span> <span class='ocrx_word' id='word_1_485' title='bbox 1412 5066 1504 5120; x_wconf 75' lang='grc' dir='ltr'>τὸν</span> <span class='ocrx_word' id='word_1_486' title='bbox 1534 5066 1766 5139; x_wconf 78' lang='grc' dir='ltr'>οὐρανὸν</span> 
     </span>
    </p>
   </div>
   <div class='ocr_carea' id='block_1_67' title="bbox 178 5156 1764 5230">
    <p class='ocr_par' dir='ltr' id='par_1_67' title="bbox 178 5156 1764 5230">
     <span class='ocr_line' id='line_1_67' title="bbox 178 5156 1764 5230; baseline -0.001 -16"><span class='ocrx_word' id='word_1_487' title='bbox 178 5160 572 5224; x_wconf 85' lang='grc' dir='ltr'>ἀνατείνοντες,</span> <span class='ocrx_word' id='word_1_488' title='bbox 603 5159 912 5230; x_wconf 68' lang='grc' dir='ltr'>θερμοτέρα.</span> <span class='ocrx_word' id='word_1_489' title='bbox 943 5159 1080 5229; x_wconf 82' lang='grc' dir='ltr'>πρὸς</span> <span class='ocrx_word' id='word_1_490' title='bbox 1120 5158 1282 5213; x_wconf 73' lang='grc' dir='ltr'>αὑτὸν</span> <span class='ocrx_word' id='word_1_491' title='bbox 1305 5156 1534 5229; x_wconf 75' lang='grc' dir='ltr'>ἐχρηντο</span> <span class='ocrx_word' id='word_1_492' title='bbox 1566 5161 1633 5230; x_wconf 79' lang='grc' dir='ltr'>τῇ</span> <span class='ocrx_word' id='word_1_493' title='bbox 1673 5159 1764 5212; x_wconf 79' lang='grc' dir='ltr'>εῦ-</span> 
     </span>
    </p>
   </div>
   <div class='ocr_carea' id='block_1_68' title="bbox 177 5251 1762 5324">
    <p class='ocr_par' dir='ltr' id='par_1_68' title="bbox 177 5251 1762 5324">
     <span class='ocr_line' id='line_1_68' title="bbox 177 5251 1762 5324; baseline 0.001 -19"><span class='ocrx_word' id='word_1_494' title='bbox 177 5254 458 5324; x_wconf 82' lang='grc' dir='ltr'>χαριστίᾳ.</span> <span class='ocrx_word' id='word_1_495' title='bbox 514 5253 798 5323; x_wconf 82' lang='grc' dir='ltr'>Πάρεργον</span> <span class='ocrx_word' id='word_1_496' title='bbox 831 5251 888 5305; x_wconf 80' lang='grc' dir='ltr'>δὲ</span> <span class='ocrx_word' id='word_1_497' title='bbox 945 5252 1133 5315; x_wconf 77' lang='grc' dir='ltr'>αὐτοῖς</span> <span class='ocrx_word' id='word_1_498' title='bbox 1187 5251 1288 5321; x_wconf 80' lang='grc' dir='ltr'>τῆς</span> <span class='ocrx_word' id='word_1_499' title='bbox 1343 5253 1438 5306; x_wconf 78' lang='grc' dir='ltr'>ἐπὶ</span> <span class='ocrx_word' id='word_1_500' title='bbox 1472 5253 1572 5320; x_wconf 83' lang='grc' dir='ltr'>τὴν</span> <span class='ocrx_word' id='word_1_501' title='bbox 1607 5252 1762 5306; x_wconf 84' lang='grc' dir='ltr'>πόλιν</span> 
     </span>
    </p>
   </div>
   <div class='ocr_carea' id='block_1_69' title="bbox 178 5343 1759 5420">
    <p class='ocr_par' dir='ltr' id='par_1_69' title="bbox 178 5343 1759 5420">
     <span class='ocr_line' id='line_1_69' title="bbox 178 5343 1759 5420; baseline -0.002 -18"><span class='ocrx_word' id='word_1_502' title='bbox 178 5348 418 5420; x_wconf 68' lang='grc' dir='ltr'>παρόδου</span> <span class='ocrx_word' id='word_1_503' title='bbox 451 5344 545 5401; x_wconf 80' lang='grc' dir='ltr'>δύο</span> <span class='ocrx_word' id='word_1_504' title='bbox 568 5346 762 5415; x_wconf 76' lang='grc' dir='ltr'>τυφλοὶ</span> <span class='ocrx_word' id='word_1_505' title='bbox 796 5346 950 5416; x_wconf 88' lang='grc' dir='ltr'>παρά</span> <span class='ocrx_word' id='word_1_506' title='bbox 973 5363 1082 5399; x_wconf 89' lang='grc' dir='ltr'>τινι</span> <span class='ocrx_word' id='word_1_507' title='bbox 1116 5343 1354 5410; x_wconf 79' lang='grc' dir='ltr'>ἑστῶτες</span> <span class='ocrx_word' id='word_1_508' title='bbox 1381 5348 1536 5417; x_wconf 77' lang='grc' dir='ltr'>στοᾷ,</span> <span class='ocrx_word' id='word_1_509' title='bbox 1569 5345 1759 5417; x_wconf 76' lang='grc' dir='ltr'>ἕτερός</span> 
     </span>
    </p>
   </div>
   <div class='ocr_carea' id='block_1_70' title="bbox 178 5436 1760 5512">
    <p class='ocr_par' dir='ltr' id='par_1_70' title="bbox 178 5436 1760 5512">
     <span class='ocr_line' id='line_1_70' title="bbox 178 5436 1760 5512; baseline -0.003 -18"><span class='ocrx_word' id='word_1_510' title='bbox 178 5458 238 5494; x_wconf 82' lang='grc' dir='ltr'><strong>τε</strong></span> <span class='ocrx_word' id='word_1_511' title='bbox 260 5440 361 5512; x_wconf 83' lang='grc' dir='ltr'>τὴν</span> <span class='ocrx_word' id='word_1_512' title='bbox 395 5441 552 5510; x_wconf 81' lang='grc' dir='ltr'>χεῖρα</span> <span class='ocrx_word' id='word_1_513' title='bbox 575 5439 1033 5508; x_wconf 82' lang='grc' dir='ltr'>κατεσφιγμένος,</span> <span class='ocrx_word' id='word_1_514' title='bbox 1057 5438 1153 5492; x_wconf 74' lang='grc' dir='ltr'><strong>καὶ</strong></span> <span class='ocrx_word' id='word_1_515' title='bbox 1173 5436 1333 5502; x_wconf 76' lang='grc' dir='ltr'>ἄλλος</span> <span class='ocrx_word' id='word_1_516' title='bbox 1371 5439 1536 5492; x_wconf 83' lang='grc' dir='ltr'>πάλιν</span> <span class='ocrx_word' id='word_1_517' title='bbox 1562 5455 1760 5509; x_wconf 88' lang='grc' dir='ltr'>παρει-</span> 
     </span>
    </p>
   </div>
   <div class='ocr_carea' id='block_1_71' title="bbox 184 5531 1759 5603">
    <p class='ocr_par' dir='ltr' id='par_1_71' title="bbox 184 5531 1759 5603">
     <span class='ocr_line' id='line_1_71' title="bbox 184 5531 1759 5603; baseline 0 -19"><span class='ocrx_word' id='word_1_518' title='bbox 184 5535 360 5603; x_wconf 80' lang='grc' dir='ltr'>μένως</span> <span class='ocrx_word' id='word_1_519' title='bbox 390 5532 529 5601; x_wconf 77' lang='grc' dir='ltr'>ἔχων</span> <span class='ocrx_word' id='word_1_520' title='bbox 589 5531 682 5584; x_wconf 85' lang='grc' dir='ltr'><strong>τοῦ</strong></span> <span class='ocrx_word' id='word_1_521' title='bbox 735 5532 1008 5601; x_wconf 82' lang='grc' dir='ltr'>σώματος.</span> <span class='ocrx_word' id='word_1_522' title='bbox 1042 5531 1152 5586; x_wconf 87' lang='grc' dir='ltr'><strong>τῶν</strong></span> <span class='ocrx_word' id='word_1_523' title='bbox 1207 5533 1498 5603; x_wconf 85' lang='grc' dir='ltr'>μακαρίων</span> <span class='ocrx_word' id='word_1_524' title='bbox 1531 5532 1759 5585; x_wconf 79' lang='grc' dir='ltr'>ἐκείνων</span> 
     </span>
    </p>
   </div>
   <div class='ocr_carea' id='block_1_72' title="bbox 181 5618 1762 5696">
    <p class='ocr_par' dir='ltr' id='par_1_72' title="bbox 181 5618 1762 5696">
     <span class='ocr_line' id='line_1_72' title="bbox 181 5618 1762 5696; baseline -0.001 -18"><span class='ocrx_word' id='word_1_525' title='bbox 181 5626 380 5696; x_wconf 84' lang='grc' dir='ltr'>χειρῶν</span> <span class='ocrx_word' id='word_1_526' title='bbox 402 5623 564 5694; x_wconf 68' lang='grc' dir='ltr'>ψιλὴν</span> <span class='ocrx_word' id='word_1_527' title='bbox 595 5623 692 5695; x_wconf 79' lang='grc' dir='ltr'>τὴν</span> <span class='ocrx_word' id='word_1_528' title='bbox 715 5625 859 5695; x_wconf 81' lang='grc' dir='ltr'>ἁφὴν</span> <span class='ocrx_word' id='word_1_529' title='bbox 895 5625 1100 5680; x_wconf 76' lang='grc' dir='ltr'>ἄπονον</span> <span class='ocrx_word' id='word_1_530' title='bbox 1155 5618 1282 5696; x_wconf 71' lang='grc' dir='ltr'>εὗρε</span> <span class='ocrx_word' id='word_1_531' title='bbox 1343 5625 1639 5696; x_wconf 81' lang='grc' dir='ltr'>θεραπείαν</span> <span class='ocrx_word' id='word_1_532' title='bbox 1667 5625 1762 5677; x_wconf 72' lang='lat' dir='ltr'><strong>xui.</strong></span> 
     </span>
    </p>
   </div>
   <div class='ocr_carea' id='block_1_73' title="bbox 182 5714 1762 5788">
    <p class='ocr_par' dir='ltr' id='par_1_73' title="bbox 182 5714 1762 5788">
     <span class='ocr_line' id='line_1_73' title="bbox 182 5714 1762 5788; baseline -0.002 -18"><span class='ocrx_word' id='word_1_533' title='bbox 182 5716 432 5786; x_wconf 82' lang='grc' dir='ltr'>ἄμισθον.</span> <span class='ocrx_word' id='word_1_534' title='bbox 465 5714 658 5770; x_wconf 80' lang='grc' dir='ltr'>Πολλοί</span> <span class='ocrx_word' id='word_1_535' title='bbox 689 5732 750 5768; x_wconf 83' lang='grc' dir='ltr'><strong>τε</strong></span> <span class='ocrx_word' id='word_1_536' title='bbox 783 5715 933 5770; x_wconf 75' lang='grc' dir='ltr'>ἄλλοι</span> <span class='ocrx_word' id='word_1_537' title='bbox 965 5715 1366 5788; x_wconf 75' lang='grc' dir='ltr'>συῤῥεῦσαντες</span> <span class='ocrx_word' id='word_1_538' title='bbox 1411 5714 1632 5779; x_wconf 86' lang='grc' dir='ltr'>πολλαῖς</span> <span class='ocrx_word' id='word_1_539' title='bbox 1667 5715 1762 5769; x_wconf 70' lang='grc' dir='ltr'><strong>καὶ</strong></span> 
     </span>
    </p>
   </div>
   <div class='ocr_carea' id='block_1_74' title="bbox 181 5807 1761 5880">
    <p class='ocr_par' dir='ltr' id='par_1_74' title="bbox 181 5807 1761 5880">
     <span class='ocr_line' id='line_1_74' title="bbox 181 5807 1761 5880; baseline 0 -20"><span class='ocrx_word' id='word_1_540' title='bbox 181 5808 464 5878; x_wconf 82' lang='grc' dir='ltr'>διαφόροις</span> <span class='ocrx_word' id='word_1_541' title='bbox 491 5808 712 5878; x_wconf 81' lang='grc' dir='ltr'>κάτοχοι</span> <span class='ocrx_word' id='word_1_542' title='bbox 739 5807 917 5872; x_wconf 85' lang='grc' dir='ltr'>νόσοις</span> <span class='ocrx_word' id='word_1_543' title='bbox 949 5809 1048 5879; x_wconf 74' lang='grc' dir='ltr'>τὴν</span> <span class='ocrx_word' id='word_1_544' title='bbox 1086 5809 1258 5880; x_wconf 71' lang='grc' dir='ltr'>αὐτὴν</span> <span class='ocrx_word' id='word_1_545' title='bbox 1311 5808 1541 5869; x_wconf 82' lang='grc' dir='ltr'>ἐκείνοις</span> <span class='ocrx_word' id='word_1_546' title='bbox 1577 5807 1761 5860; x_wconf 84' lang='grc' dir='ltr'>πίστιν</span> 
     </span>
    </p>
   </div>
   <div class='ocr_carea' id='block_1_75' title="bbox 183 5898 1763 5973">
    <p class='ocr_par' dir='ltr' id='par_1_75' title="bbox 183 5898 1763 5973">
     <span class='ocr_line' id='line_1_75' title="bbox 183 5898 1763 5973; baseline 0.001 -23"><span class='ocrx_word' id='word_1_547' title='bbox 183 5898 588 5968; x_wconf 79' lang='grc' dir='ltr'>είσενεγκόντες</span> <span class='ocrx_word' id='word_1_548' title='bbox 613 5901 710 5972; x_wconf 76' lang='grc' dir='ltr'><strong>τῆς</strong></span> <span class='ocrx_word' id='word_1_549' title='bbox 731 5901 903 5972; x_wconf 75' lang='grc' dir='ltr'>αὐτῆς</span> <span class='ocrx_word' id='word_1_550' title='bbox 933 5900 1042 5973; x_wconf 68' lang='grc' dir='ltr'>ἄρα</span> <span class='ocrx_word' id='word_1_551' title='bbox 1069 5901 1161 5956; x_wconf 66' lang='grc' dir='ltr'>καὶ.</span> <span class='ocrx_word' id='word_1_552' title='bbox 1194 5901 1489 5972; x_wconf 73' lang='grc' dir='ltr'>θεραπείας</span> <span class='ocrx_word' id='word_1_553' title='bbox 1521 5899 1763 5954; x_wconf 73' lang='grc' dir='ltr'>ἀπέλαυ-</span> 
     </span>
    </p>
   </div>
   <div class='ocr_carea' id='block_1_76' title="bbox 180 6007 304 6050">
    <p class='ocr_par' dir='ltr' id='par_1_76' title="bbox 180 6007 304 6050">
     <span class='ocr_line' id='line_1_76' title="bbox 180 6007 304 6050; baseline 0.016 -2"><span class='ocrx_word' id='word_1_554' title='bbox 180 6007 304 6050; x_wconf 64' lang='grc' dir='ltr'>σαν.</span> 
     </span>
    </p>
   </div>
   <div class='ocr_carea' id='block_1_77' title="bbox 1799 1986 1848 2046">
    <p class='ocr_par' dir='ltr' id='par_1_77' title="bbox 1799 1986 1848 2046">
     <span class='ocr_line' id='line_1_77' title="bbox 1799 1986 1848 2046; baseline -0.02 0"><span class='ocrx_word' id='word_1_555' title='bbox 1799 1986 1848 2046; x_wconf 83' lang='grc' dir='ltr'><strong>Β</strong></span> 
     </span>
    </p>
   </div>
   <div class='ocr_carea' id='block_1_78' title="bbox 1944 2098 3449 2185">
    <p class='ocr_par' dir='ltr' id='par_1_78' title="bbox 1944 2098 3449 2185">
     <span class='ocr_line' id='line_1_78' title="bbox 1944 2098 3449 2185; baseline -0.003 -18"><span class='ocrx_word' id='word_1_556' title='bbox 1944 2100 2027 2170; x_wconf 82' lang='lat' dir='ltr'><strong>LI.</strong></span> <span class='ocrx_word' id='word_1_557' title='bbox 2069 2112 2162 2169; x_wconf 83' lang='lat' dir='ltr'><strong>Sic</strong></span> <span class='ocrx_word' id='word_1_558' title='bbox 2194 2128 2222 2167; x_wconf 88' lang='lat' dir='ltr'><strong>a</strong></span> <span class='ocrx_word' id='word_1_559' title='bbox 2274 2118 2574 2185; x_wconf 80' lang='lat' dir='ltr'><strong>martyrum</strong></span> <span class='ocrx_word' id='word_1_560' title='bbox 2609 2111 2790 2166; x_wconf 88' lang='lat' dir='ltr'><strong>anima</strong></span> <span class='ocrx_word' id='word_1_561' title='bbox 2845 2108 2898 2166; x_wconf 76' lang='lat' dir='ltr'><strong>e&#39;t</strong></span> <span class='ocrx_word' id='word_1_562' title='bbox 2925 2098 3190 2167; x_wconf 85' lang='lat' dir='ltr'><strong>sententia</strong></span> <span class='ocrx_word' id='word_1_563' title='bbox 3222 2109 3449 2177; x_wconf 84' lang='lat' dir='ltr'><strong>turpiter</strong></span> 
     </span>
    </p>
   </div>
   <div class='ocr_carea' id='block_1_79' title="bbox 1872 2191 3448 2277">
    <p class='ocr_par' dir='ltr' id='par_1_79' title="bbox 1872 2191 3448 2277">
     <span class='ocr_line' id='line_1_79' title="bbox 1872 2191 3448 2277; baseline -0.004 -18"><span class='ocrx_word' id='word_1_564' title='bbox 1872 2205 2044 2260; x_wconf 86' lang='lat' dir='ltr'><strong>victus</strong></span> <span class='ocrx_word' id='word_1_565' title='bbox 2080 2191 2443 2277; x_wconf 66' lang='lat' dir='ltr'><strong>Agrippinus,</strong></span> <span class='ocrx_word' id='word_1_566' title='bbox 2492 2207 2718 2273; x_wconf 85' lang='lat' dir='ltr'><strong>corpora</strong></span> <span class='ocrx_word' id='word_1_567' title='bbox 2766 2191 2955 2259; x_wconf 84' lang='lat' dir='ltr'><strong>saltem</strong></span> <span class='ocrx_word' id='word_1_568' title='bbox 2990 2203 3239 2260; x_wconf 87' lang='lat' dir='ltr'><strong>studebat</strong></span> <span class='ocrx_word' id='word_1_569' title='bbox 3283 2215 3448 2268; x_wconf 86' lang='lat' dir='ltr'><strong>snpe-</strong></span> 
     </span>
    </p>
   </div>
   <div class='ocr_carea' id='block_1_80' title="bbox 1871 2296 3448 2366">
    <p class='ocr_par' dir='ltr' id='par_1_80' title="bbox 1871 2296 3448 2366">
     <span class='ocr_line' id='line_1_80' title="bbox 1871 2296 3448 2366; baseline -0.005 -13"><span class='ocrx_word' id='word_1_570' title='bbox 1871 2312 1994 2353; x_wconf 90' lang='lat' dir='ltr'><strong>rare</strong></span> <span class='ocrx_word' id='word_1_571' title='bbox 2048 2315 2062 2352; x_wconf 90' lang='lat'><strong>:</strong></span> <span class='ocrx_word' id='word_1_572' title='bbox 2094 2313 2323 2366; x_wconf 89' lang='lat' dir='ltr'><strong>cumque</strong></span> <span class='ocrx_word' id='word_1_573' title='bbox 2355 2313 2450 2353; x_wconf 80' lang='lat' dir='ltr'><strong>eos</strong></span> <span class='ocrx_word' id='word_1_574' title='bbox 2496 2297 2822 2352; x_wconf 68' lang='lat' dir='ltr'><strong>eXtentlisseI</strong></span> <span class='ocrx_word' id='word_1_575' title='bbox 2870 2296 2922 2350; x_wconf 91' lang='lat' dir='ltr'><strong>in</strong></span> <span class='ocrx_word' id='word_1_576' title='bbox 2977 2306 3150 2364; x_wconf 86' lang='lat' dir='ltr'><strong>petra.</strong></span> <span class='ocrx_word' id='word_1_577' title='bbox 3184 2310 3303 2364; x_wconf 72' lang='lat' dir='ltr'><strong>qua:</strong></span> <span class='ocrx_word' id='word_1_578' title='bbox 3332 2302 3448 2346; x_wconf 90' lang='lat' dir='ltr'><strong>erat</strong></span> 
     </span>
    </p>
   </div>
   <div class='ocr_carea' id='block_1_81' title="bbox 1870 2385 3448 2458">
    <p class='ocr_par' dir='ltr' id='par_1_81' title="bbox 1870 2385 3448 2458">
     <span class='ocr_line' id='line_1_81' title="bbox 1870 2385 3448 2458; baseline -0.003 -14"><span class='ocrx_word' id='word_1_579' title='bbox 1870 2403 2032 2458; x_wconf 89' lang='lat' dir='ltr'><strong>super</strong></span> <span class='ocrx_word' id='word_1_580' title='bbox 2064 2390 2324 2444; x_wconf 81' lang='lat' dir='ltr'><strong>verticem</strong></span> <span class='ocrx_word' id='word_1_581' title='bbox 2369 2391 2588 2454; x_wconf 89' lang='lat' dir='ltr'><strong>montis,</strong></span> <span class='ocrx_word' id='word_1_582' title='bbox 2642 2399 2696 2444; x_wconf 93' lang='lat' dir='ltr'><strong>ct</strong></span> <span class='ocrx_word' id='word_1_583' title='bbox 2741 2389 3096 2444; x_wconf 86' lang='lat' dir='ltr'><strong>crassissimis</strong></span> <span class='ocrx_word' id='word_1_584' title='bbox 3129 2385 3288 2454; x_wconf 71' lang='lat' dir='ltr'><strong>lignis</strong></span> <span class='ocrx_word' id='word_1_585' title='bbox 3325 2400 3448 2440; x_wconf 81' lang='lat' dir='ltr'><strong>ossa</strong></span> 
     </span>
    </p>
   </div>
   <div class='ocr_carea' id='block_1_82' title="bbox 1869 2469 3447 2550">
    <p class='ocr_par' dir='ltr' id='par_1_82' title="bbox 1869 2469 3447 2550">
     <span class='ocr_line' id='line_1_82' title="bbox 1869 2469 3447 2550; baseline -0.003 -16"><span class='ocrx_word' id='word_1_586' title='bbox 1869 2496 2054 2536; x_wconf 88' lang='lat' dir='ltr'><strong>eorum</strong></span> <span class='ocrx_word' id='word_1_587' title='bbox 2088 2469 2478 2550; x_wconf 76' lang='lat' dir='ltr'><strong>confregisset,</strong></span> <span class='ocrx_word' id='word_1_588' title='bbox 2522 2484 2578 2537; x_wconf 85' lang='lat' dir='ltr'><strong>et</strong></span> <span class='ocrx_word' id='word_1_589' title='bbox 2617 2496 2828 2546; x_wconf 78' lang='lat' dir='ltr'><strong>carnes,</strong></span> <span class='ocrx_word' id='word_1_590' title='bbox 2861 2480 2994 2550; x_wconf 92' lang='lat' dir='ltr'><strong>proh</strong></span> <span class='ocrx_word' id='word_1_591' title='bbox 3027 2479 3200 2540; x_wconf 86' lang='lat' dir='ltr'><strong>dolor.</strong></span> <span class='ocrx_word' id='word_1_592' title='bbox 3232 2477 3447 2532; x_wconf 87' lang='lat' dir='ltr'><strong>consci-</strong></span> 
     </span>
    </p>
   </div>
   <div class='ocr_carea' id='block_1_83' title="bbox 1869 2565 3450 2642">
    <p class='ocr_par' dir='ltr' id='par_1_83' title="bbox 1869 2565 3450 2642">
     <span class='ocr_line' id='line_1_83' title="bbox 1869 2565 3450 2642; baseline -0.005 -13"><span class='ocrx_word' id='word_1_593' title='bbox 1869 2575 2057 2639; x_wconf 88' lang='lat' dir='ltr'><strong>disset,</strong></span> <span class='ocrx_word' id='word_1_594' title='bbox 2091 2575 2285 2630; x_wconf 87' lang='lat' dir='ltr'><strong>deinde</strong></span> <span class='ocrx_word' id='word_1_595' title='bbox 2316 2574 2488 2642; x_wconf 82' lang='lat' dir='ltr'><strong>injicit</strong></span> <span class='ocrx_word' id='word_1_596' title='bbox 2527 2574 2581 2629; x_wconf 93' lang='lat' dir='ltr'><strong>in</strong></span> <span class='ocrx_word' id='word_1_597' title='bbox 2610 2589 2828 2640; x_wconf 87' lang='lat' dir='ltr'><strong>saccos;</strong></span> <span class='ocrx_word' id='word_1_598' title='bbox 2871 2583 2924 2628; x_wconf 90' lang='lat' dir='ltr'><strong>et</strong></span> <span class='ocrx_word' id='word_1_599' title='bbox 2971 2572 3051 2627; x_wconf 89' lang='lat' dir='ltr'><strong>eis</strong></span> <span class='ocrx_word' id='word_1_600' title='bbox 3081 2569 3337 2626; x_wconf 75' lang='lat' dir='ltr'><strong>maximis</strong></span> <span class='ocrx_word' id='word_1_601' title='bbox 3367 2565 3450 2622; x_wconf 52' lang='lat' dir='ltr'><strong>alb</strong></span> 
     </span>
    </p>
   </div>
   <div class='ocr_carea' id='block_1_84' title="bbox 1866 2654 3448 2736">
    <p class='ocr_par' dir='ltr' id='par_1_84' title="bbox 1866 2654 3448 2736">
     <span class='ocr_line' id='line_1_84' title="bbox 1866 2654 3448 2736; baseline -0.005 -16"><span class='ocrx_word' id='word_1_602' title='bbox 1866 2666 2045 2736; x_wconf 79' lang='lat' dir='ltr'><strong>ligatis</strong></span> <span class='ocrx_word' id='word_1_603' title='bbox 2077 2665 2367 2731; x_wconf 82' lang='lat' dir='ltr'><strong>lapidibus,</strong></span> <span class='ocrx_word' id='word_1_604' title='bbox 2397 2680 2494 2734; x_wconf 92' lang='lat' dir='ltr'><strong>per</strong></span> <span class='ocrx_word' id='word_1_605' title='bbox 2522 2654 2690 2720; x_wconf 87' lang='lat' dir='ltr'><strong>latera</strong></span> <span class='ocrx_word' id='word_1_606' title='bbox 2724 2664 2922 2719; x_wconf 89' lang='lat' dir='ltr'><strong>montis</strong></span> <span class='ocrx_word' id='word_1_607' title='bbox 2949 2662 3134 2733; x_wconf 86' lang='lat' dir='ltr'><strong>dejicit</strong></span> <span class='ocrx_word' id='word_1_608' title='bbox 3157 2661 3448 2715; x_wconf 51' lang='lat' dir='ltr'><strong>vehemens-</strong></span> 
     </span>
    </p>
   </div>
   <div class='ocr_carea' id='block_1_85' title="bbox 1867 2750 3448 2827">
    <p class='ocr_par' dir='ltr' id='par_1_85' title="bbox 1867 2750 3448 2827">
     <span class='ocr_line' id='line_1_85' title="bbox 1867 2750 3448 2827; baseline -0.005 -15"><span class='ocrx_word' id='word_1_609' title='bbox 1867 2758 2102 2813; x_wconf 89' lang='lat' dir='ltr'><strong>tissime.</strong></span> <span class='ocrx_word' id='word_1_610' title='bbox 2147 2759 2323 2826; x_wconf 79' lang='lat' dir='ltr'><strong>Atque</strong></span> <span class='ocrx_word' id='word_1_611' title='bbox 2374 2771 2563 2812; x_wconf 88' lang='lat' dir='ltr'><strong>eorum</strong></span> <span class='ocrx_word' id='word_1_612' title='bbox 2593 2757 2834 2827; x_wconf 87' lang='lat' dir='ltr'><strong>quidem,</strong></span> <span class='ocrx_word' id='word_1_613' title='bbox 2869 2755 2958 2824; x_wconf 90' lang='lat' dir='ltr'><strong>qui</strong></span> <span class='ocrx_word' id='word_1_614' title='bbox 2993 2754 3239 2816; x_wconf 86' lang='lat' dir='ltr'><strong>aderant,</strong></span> <span class='ocrx_word' id='word_1_615' title='bbox 3269 2750 3448 2804; x_wconf 85' lang='lat' dir='ltr'><strong>nullus</strong></span> 
     </span>
    </p>
   </div>
   <div class='ocr_carea' id='block_1_86' title="bbox 1866 2844 3448 2920">
    <p class='ocr_par' dir='ltr' id='par_1_86' title="bbox 1866 2844 3448 2920">
     <span class='ocr_line' id='line_1_86' title="bbox 1866 2844 3448 2920; baseline -0.005 -14"><span class='ocrx_word' id='word_1_616' title='bbox 1866 2861 1986 2906; x_wconf 89' lang='lat' dir='ltr'><strong>erat</strong></span> <span class='ocrx_word' id='word_1_617' title='bbox 2033 2849 2120 2906; x_wconf 89' lang='lat' dir='ltr'><strong>cui</strong></span> <span class='ocrx_word' id='word_1_618' title='bbox 2172 2865 2277 2905; x_wconf 93' lang='lat' dir='ltr'><strong>non</strong></span> <span class='ocrx_word' id='word_1_619' title='bbox 2319 2857 2465 2906; x_wconf 88' lang='lat' dir='ltr'><strong>esset</strong></span> <span class='ocrx_word' id='word_1_620' title='bbox 2512 2863 2856 2920; x_wconf 87' lang='lat' dir='ltr'><strong>persuasum,</strong></span> <span class='ocrx_word' id='word_1_621' title='bbox 2917 2847 3099 2902; x_wconf 86' lang='lat' dir='ltr'><strong>statim</strong></span> <span class='ocrx_word' id='word_1_622' title='bbox 3151 2844 3448 2899; x_wconf 90' lang='lat' dir='ltr'><strong>morituros</strong></span> 
     </span>
    </p>
   </div>
   <div class='ocr_carea' id='block_1_87' title="bbox 1868 2937 3447 3015">
    <p class='ocr_par' dir='ltr' id='par_1_87' title="bbox 1868 2937 3447 3015">
     <span class='ocr_line' id='line_1_87' title="bbox 1868 2937 3447 3015; baseline -0.005 -17"><span class='ocrx_word' id='word_1_623' title='bbox 1868 2953 2157 3015; x_wconf 84' lang='lat' dir='ltr'><strong>martyres,</strong></span> <span class='ocrx_word' id='word_1_624' title='bbox 2192 2943 2282 2997; x_wconf 92' lang='lat' dir='ltr'><strong>illo</strong></span> <span class='ocrx_word' id='word_1_625' title='bbox 2311 2940 2785 2998; x_wconf 86' lang='lat' dir='ltr'><strong>vehementissimo</strong></span> <span class='ocrx_word' id='word_1_626' title='bbox 2822 2941 3023 3009; x_wconf 88' lang='lat' dir='ltr'><strong>impetu</strong></span> <span class='ocrx_word' id='word_1_627' title='bbox 3065 2937 3364 3004; x_wconf 82' lang='lat' dir='ltr'><strong>discerptas</strong></span> <span class='ocrx_word' id='word_1_628' title='bbox 3395 2942 3447 2990; x_wconf 84' lang='lat' dir='ltr'><strong>et</strong></span> 
     </span>
    </p>
   </div>
   <div class='ocr_carea' id='block_1_88' title="bbox 1866 3023 3446 3092">
    <p class='ocr_par' dir='ltr' id='par_1_88' title="bbox 1866 3023 3446 3092">
     <span class='ocr_line' id='line_1_88' title="bbox 1866 3023 3446 3092; baseline -0.009 0"><span class='ocrx_word' id='word_1_629' title='bbox 1866 3036 2174 3092; x_wconf 77' lang='lat' dir='ltr'><strong>distractos.</strong></span> <span class='ocrx_word' id='word_1_630' title='bbox 2211 3023 2292 3090; x_wconf 90' lang='lat' dir='ltr'><strong>llli</strong></span> <span class='ocrx_word' id='word_1_631' title='bbox 2339 3041 2516 3088; x_wconf 91' lang='lat' dir='ltr'><strong>autem</strong></span> <span class='ocrx_word' id='word_1_632' title='bbox 2565 3048 2688 3087; x_wconf 90' lang='lat' dir='ltr'><strong>cum</strong></span> <span class='ocrx_word' id='word_1_633' title='bbox 2725 3033 2998 3086; x_wconf 79' lang='lat' dir='ltr'><strong>ferrentur</strong></span> <span class='ocrx_word' id='word_1_634' title='bbox 3035 3037 3141 3082; x_wconf 86' lang='lat' dir='ltr'><strong>tam</strong></span> <span class='ocrx_word' id='word_1_635' title='bbox 3177 3026 3446 3091; x_wconf 87' lang='lat' dir='ltr'><strong>celeriter,</strong></span> 
     </span>
    </p>
   </div>
   <div class='ocr_carea' id='block_1_89' title="bbox 1869 3115 3448 3195">
    <p class='ocr_par' dir='ltr' id='par_1_89' title="bbox 1869 3115 3448 3195">
     <span class='ocr_line' id='line_1_89' title="bbox 1869 3115 3448 3195; baseline -0.008 -13"><span class='ocrx_word' id='word_1_636' title='bbox 1869 3143 1936 3184; x_wconf 84' lang='lat' dir='ltr'><strong>ne</strong></span> <span class='ocrx_word' id='word_1_637' title='bbox 1980 3127 2046 3182; x_wconf 86' lang='lat' dir='ltr'><strong>ad</strong></span> <span class='ocrx_word' id='word_1_638' title='bbox 2096 3134 2400 3181; x_wconf 80' lang='lat' dir='ltr'><strong>extremum</strong></span> <span class='ocrx_word' id='word_1_639' title='bbox 2449 3123 2664 3195; x_wconf 86' lang='lat' dir='ltr'><strong>quidem</strong></span> <span class='ocrx_word' id='word_1_640' title='bbox 2719 3121 2921 3178; x_wconf 90' lang='lat' dir='ltr'><strong>montis</strong></span> <span class='ocrx_word' id='word_1_641' title='bbox 2976 3119 3161 3174; x_wconf 89' lang='lat' dir='ltr'><strong>lateris</strong></span> <span class='ocrx_word' id='word_1_642' title='bbox 3188 3115 3448 3172; x_wconf 77' lang='lat' dir='ltr'><strong>constite-</strong></span> 
     </span>
    </p>
   </div>
   <div class='ocr_carea' id='block_1_90' title="bbox 1871 3210 3447 3288">
    <p class='ocr_par' dir='ltr' id='par_1_90' title="bbox 1871 3210 3447 3288">
     <span class='ocr_line' id='line_1_90' title="bbox 1871 3210 3447 3288; baseline -0.006 -14"><span class='ocrx_word' id='word_1_643' title='bbox 1871 3229 1994 3274; x_wconf 90' lang='lat' dir='ltr'><strong>runt</strong></span> <span class='ocrx_word' id='word_1_644' title='bbox 2029 3238 2044 3275; x_wconf 89' lang='lat'><strong>:</strong></span> <span class='ocrx_word' id='word_1_645' title='bbox 2076 3219 2170 3274; x_wconf 89' lang='lat' dir='ltr'><strong>sed</strong></span> <span class='ocrx_word' id='word_1_646' title='bbox 2199 3234 2321 3274; x_wconf 88' lang='lat' dir='ltr'><strong>cum</strong></span> <span class='ocrx_word' id='word_1_647' title='bbox 2354 3218 2422 3273; x_wconf 89' lang='lat' dir='ltr'><strong>ab</strong></span> <span class='ocrx_word' id='word_1_648' title='bbox 2460 3217 2575 3288; x_wconf 89' lang='lat' dir='ltr'><strong>ipso</strong></span> <span class='ocrx_word' id='word_1_649' title='bbox 2608 3231 2824 3288; x_wconf 88' lang='lat' dir='ltr'><strong>quoque</strong></span> <span class='ocrx_word' id='word_1_650' title='bbox 2861 3216 3046 3271; x_wconf 88' lang='lat' dir='ltr'><strong>littore</strong></span> <span class='ocrx_word' id='word_1_651' title='bbox 3084 3210 3447 3275; x_wconf 86' lang='lat' dir='ltr'><strong>decidissent,</strong></span> 
     </span>
    </p>
   </div>
   <div class='ocr_carea' id='block_1_91' title="bbox 1871 3309 2884 3381">
    <p class='ocr_par' dir='ltr' id='par_1_91' title="bbox 1871 3309 2884 3381">
     <span class='ocr_line' id='line_1_91' title="bbox 1871 3309 2884 3381; baseline -0.005 -13"><span class='ocrx_word' id='word_1_652' title='bbox 1871 3311 2062 3381; x_wconf 82' lang='lat' dir='ltr'><strong>dilapsi</strong></span> <span class='ocrx_word' id='word_1_653' title='bbox 2096 3321 2223 3366; x_wconf 89' lang='lat' dir='ltr'><strong>sunt</strong></span> <span class='ocrx_word' id='word_1_654' title='bbox 2251 3310 2302 3365; x_wconf 92' lang='lat' dir='ltr'><strong>in</strong></span> <span class='ocrx_word' id='word_1_655' title='bbox 2337 3309 2659 3380; x_wconf 89' lang='lat' dir='ltr'><strong>prolundum</strong></span> <span class='ocrx_word' id='word_1_656' title='bbox 2693 3309 2884 3364; x_wconf 90' lang='lat' dir='ltr'><strong>maris.</strong></span> 
     </span>
    </p>
   </div>
   <div class='ocr_carea' id='block_1_92' title="bbox 1938 3388 3447 3474">
    <p class='ocr_par' dir='ltr' id='par_1_92' title="bbox 1938 3388 3447 3474">
     <span class='ocr_line' id='line_1_92' title="bbox 1938 3388 3447 3474; baseline -0.004 -16"><span class='ocrx_word' id='word_1_657' title='bbox 1938 3403 2049 3458; x_wconf 66' lang='grc' dir='ltr'>ιιι.</span> <span class='ocrx_word' id='word_1_658' title='bbox 2092 3400 2212 3458; x_wconf 86' lang='lat' dir='ltr'><strong>lllic</strong></span> <span class='ocrx_word' id='word_1_659' title='bbox 2241 3403 2427 3474; x_wconf 81' lang='lat' dir='ltr'><strong>itaque</strong></span> <span class='ocrx_word' id='word_1_660' title='bbox 2476 3403 2690 3457; x_wconf 84' lang='lat' dir='ltr'><strong>stabant</strong></span> <span class='ocrx_word' id='word_1_661' title='bbox 2739 3418 2803 3457; x_wconf 82' lang='lat' dir='ltr'><strong>ex</strong></span> <span class='ocrx_word' id='word_1_662' title='bbox 2834 3401 2934 3472; x_wconf 90' lang='lat' dir='ltr'><strong>piis</strong></span> <span class='ocrx_word' id='word_1_663' title='bbox 2967 3388 3173 3470; x_wconf 79' lang='lat' dir='ltr'><strong>aliquot</strong></span> <span class='ocrx_word' id='word_1_664' title='bbox 3200 3399 3266 3454; x_wconf 89' lang='lat' dir='ltr'><strong>ad</strong></span> <span class='ocrx_word' id='word_1_665' title='bbox 3299 3413 3447 3453; x_wconf 57' lang='lat' dir='ltr'><strong>mare</strong></span> 
     </span>
    </p>
   </div>
   <div class='ocr_carea' id='block_1_93' title="bbox 1865 3493 3446 3568">
    <p class='ocr_par' dir='ltr' id='par_1_93' title="bbox 1865 3493 3446 3568">
     <span class='ocr_line' id='line_1_93' title="bbox 1865 3493 3446 3568; baseline -0.001 -18"><span class='ocrx_word' id='word_1_666' title='bbox 1865 3505 2044 3568; x_wconf 87' lang='lat' dir='ltr'><strong>tyrum</strong></span> <span class='ocrx_word' id='word_1_667' title='bbox 2094 3497 2368 3552; x_wconf 80' lang='lat' dir='ltr'><strong>venandas</strong></span> <span class='ocrx_word' id='word_1_668' title='bbox 2418 3495 2695 3566; x_wconf 83' lang='lat' dir='ltr'><strong>reliquias,</strong></span> <span class='ocrx_word' id='word_1_669' title='bbox 2747 3504 2806 3549; x_wconf 91' lang='lat' dir='ltr'><strong>ut</strong></span> <span class='ocrx_word' id='word_1_670' title='bbox 2853 3493 2900 3550; x_wconf 84' lang='lat' dir='ltr'><strong>si</strong></span> <span class='ocrx_word' id='word_1_671' title='bbox 2949 3509 3016 3549; x_wconf 82' lang='lat' dir='ltr'><strong>ex</strong></span> <span class='ocrx_word' id='word_1_672' title='bbox 3061 3493 3141 3548; x_wconf 86' lang='lat' dir='ltr'><strong>eis</strong></span> <span class='ocrx_word' id='word_1_673' title='bbox 3173 3493 3374 3563; x_wconf 89' lang='lat' dir='ltr'><strong>aliquid</strong></span> <span class='ocrx_word' id='word_1_674' title='bbox 3413 3508 3446 3548; x_wconf 75' lang='grc' dir='ltr'><strong>ιι</strong></span> 
     </span>
    </p>
   </div>
   <div class='ocr_carea' id='block_1_94' title="bbox 1866 3585 3448 3662">
    <p class='ocr_par' dir='ltr' id='par_1_94' title="bbox 1866 3585 3448 3662">
     <span class='ocr_line' id='line_1_94' title="bbox 1866 3585 3448 3662; baseline -0.003 -15"><span class='ocrx_word' id='word_1_675' title='bbox 1866 3591 2004 3647; x_wconf 89' lang='lat' dir='ltr'><strong>mari</strong></span> <span class='ocrx_word' id='word_1_676' title='bbox 2038 3591 2348 3662; x_wconf 84' lang='lat' dir='ltr'><strong>ejiceretur,</strong></span> <span class='ocrx_word' id='word_1_677' title='bbox 2392 3591 2446 3646; x_wconf 87' lang='lat' dir='ltr'><strong>id</strong></span> <span class='ocrx_word' id='word_1_678' title='bbox 2493 3589 2762 3646; x_wconf 87' lang='lat' dir='ltr'><strong>tollerent.</strong></span> <span class='ocrx_word' id='word_1_679' title='bbox 2798 3587 2933 3644; x_wconf 86' lang='lat' dir='ltr'><strong>Cum</strong></span> <span class='ocrx_word' id='word_1_680' title='bbox 2980 3588 3090 3643; x_wconf 90' lang='lat' dir='ltr'><strong>illic</strong></span> <span class='ocrx_word' id='word_1_681' title='bbox 3138 3602 3268 3655; x_wconf 83' lang='lat' dir='ltr'><strong>ergo</strong></span> <span class='ocrx_word' id='word_1_682' title='bbox 3313 3585 3448 3642; x_wconf 89' lang='lat' dir='ltr'><strong>satis</strong></span> 
     </span>
    </p>
   </div>
   <div class='ocr_carea' id='block_1_95' title="bbox 1864 3678 3449 3755">
    <p class='ocr_par' dir='ltr' id='par_1_95' title="bbox 1864 3678 3449 3755">
     <span class='ocr_line' id='line_1_95' title="bbox 1864 3678 3449 3755; baseline -0.004 -16"><span class='ocrx_word' id='word_1_683' title='bbox 1864 3685 1954 3740; x_wconf 87' lang='lat' dir='ltr'><strong>diu</strong></span> <span class='ocrx_word' id='word_1_684' title='bbox 1989 3684 2451 3755; x_wconf 83' lang='lat' dir='ltr'><strong>permansissent,</strong></span> <span class='ocrx_word' id='word_1_685' title='bbox 2502 3683 2684 3737; x_wconf 90' lang='lat' dir='ltr'><strong>vident</strong></span> <span class='ocrx_word' id='word_1_686' title='bbox 2727 3695 2916 3737; x_wconf 82' lang='lat' dir='ltr'><strong>saccos</strong></span> <span class='ocrx_word' id='word_1_687' title='bbox 2949 3695 2980 3735; x_wconf 91' lang='lat' dir='ltr'><strong>e</strong></span> <span class='ocrx_word' id='word_1_688' title='bbox 3030 3678 3297 3749; x_wconf 81' lang='lat' dir='ltr'><strong>profundo</strong></span> <span class='ocrx_word' id='word_1_689' title='bbox 3326 3684 3449 3733; x_wconf 85' lang='lat' dir='ltr'><strong>red-</strong></span> 
     </span>
    </p>
   </div>
   <div class='ocr_carea' id='block_1_96' title="bbox 1863 3770 3446 3844">
    <p class='ocr_par' dir='ltr' id='par_1_96' title="bbox 1863 3770 3446 3844">
     <span class='ocr_line' id='line_1_96' title="bbox 1863 3770 3446 3844; baseline -0.006 -12"><span class='ocrx_word' id='word_1_690' title='bbox 1863 3777 2026 3842; x_wconf 86' lang='lat' dir='ltr'><strong>ditos,</strong></span> <span class='ocrx_word' id='word_1_691' title='bbox 2057 3785 2113 3832; x_wconf 83' lang='lat' dir='ltr'><strong>et</strong></span> <span class='ocrx_word' id='word_1_692' title='bbox 2135 3776 2338 3832; x_wconf 83' lang='lat' dir='ltr'><strong>sensim</strong></span> <span class='ocrx_word' id='word_1_693' title='bbox 2371 3773 2528 3844; x_wconf 89' lang='lat' dir='ltr'><strong>aquis</strong></span> <span class='ocrx_word' id='word_1_694' title='bbox 2556 3781 2992 3843; x_wconf 87' lang='lat' dir='ltr'><strong>supernatantes.</strong></span> <span class='ocrx_word' id='word_1_695' title='bbox 3018 3770 3152 3828; x_wconf 88' lang='lat' dir='ltr'><strong>Cum</strong></span> <span class='ocrx_word' id='word_1_696' title='bbox 3186 3785 3316 3842; x_wconf 76' lang='lat' dir='ltr'><strong>ergo</strong></span> <span class='ocrx_word' id='word_1_697' title='bbox 3349 3785 3446 3824; x_wconf 88' lang='lat' dir='ltr'><strong>na-</strong></span> 
     </span>
    </p>
   </div>
   <div class='ocr_carea' id='block_1_97' title="bbox 1862 3863 3442 3936">
    <p class='ocr_par' dir='ltr' id='par_1_97' title="bbox 1862 3863 3442 3936">
     <span class='ocr_line' id='line_1_97' title="bbox 1862 3863 3442 3936; baseline -0.007 -10"><span class='ocrx_word' id='word_1_698' title='bbox 1862 3885 1982 3926; x_wconf 90' lang='lat' dir='ltr'><strong>vem</strong></span> <span class='ocrx_word' id='word_1_699' title='bbox 2008 3867 2405 3932; x_wconf 77' lang='lat' dir='ltr'><strong>ascendissent,</strong></span> <span class='ocrx_word' id='word_1_700' title='bbox 2429 3875 2480 3922; x_wconf 91' lang='lat' dir='ltr'><strong>et</strong></span> <span class='ocrx_word' id='word_1_701' title='bbox 2504 3879 2670 3936; x_wconf 87' lang='lat' dir='ltr'><strong>prope</strong></span> <span class='ocrx_word' id='word_1_702' title='bbox 2699 3879 2887 3920; x_wconf 91' lang='lat' dir='ltr'><strong>saccos</strong></span> <span class='ocrx_word' id='word_1_703' title='bbox 2912 3863 3161 3924; x_wconf 81' lang='lat' dir='ltr'><strong>fuissent.</strong></span> <span class='ocrx_word' id='word_1_704' title='bbox 3198 3863 3442 3917; x_wconf 83' lang='lat' dir='ltr'><strong>viventes</strong></span> 
     </span>
    </p>
   </div>
   <div class='ocr_carea' id='block_1_98' title="bbox 1865 3955 3444 4034">
    <p class='ocr_par' dir='ltr' id='par_1_98' title="bbox 1865 3955 3444 4034">
     <span class='ocr_line' id='line_1_98' title="bbox 1865 3955 3444 4034; baseline -0.008 -15"><span class='ocrx_word' id='word_1_705' title='bbox 1865 3968 1919 4034; x_wconf 89' lang='grc' dir='ltr'>(ο</span> <span class='ocrx_word' id='word_1_706' title='bbox 1947 3972 2059 4027; x_wconf 90' lang='lat' dir='ltr'><strong>tua,</strong></span> <span class='ocrx_word' id='word_1_707' title='bbox 2092 3960 2306 4017; x_wconf 87' lang='lat' dir='ltr'><strong>Christe</strong></span> <span class='ocrx_word' id='word_1_708' title='bbox 2333 3976 2454 4025; x_wconf 72' lang='lat' dir='ltr'><strong>rex,</strong></span> <span class='ocrx_word' id='word_1_709' title='bbox 2501 3957 2741 4030; x_wconf 88' lang='lat' dir='ltr'><strong>potentia</strong></span> <span class='ocrx_word' id='word_1_710' title='bbox 2761 3959 2801 4027; x_wconf 75' lang='grc' dir='ltr'>ί)</span> <span class='ocrx_word' id='word_1_711' title='bbox 2824 3967 3091 4029; x_wconf 88' lang='lat' dir='ltr'><strong>martyres</strong></span> <span class='ocrx_word' id='word_1_712' title='bbox 3121 3955 3444 4025; x_wconf 88' lang='lat' dir='ltr'><strong>suscipiunt,</strong></span> 
     </span>
    </p>
   </div>
   <div class='ocr_carea' id='block_1_99' title="bbox 1867 4047 3444 4124">
    <p class='ocr_par' dir='ltr' id='par_1_99' title="bbox 1867 4047 3444 4124">
     <span class='ocr_line' id='line_1_99' title="bbox 1867 4047 3444 4124; baseline -0.006 -15"><span class='ocrx_word' id='word_1_713' title='bbox 1867 4071 1932 4109; x_wconf 88' lang='lat' dir='ltr'><strong>ne</strong></span> <span class='ocrx_word' id='word_1_714' title='bbox 1979 4069 2207 4124; x_wconf 84' lang='lat' dir='ltr'><strong>parvum</strong></span> <span class='ocrx_word' id='word_1_715' title='bbox 2260 4053 2476 4122; x_wconf 89' lang='lat' dir='ltr'><strong>quidem</strong></span> <span class='ocrx_word' id='word_1_716' title='bbox 2538 4052 2757 4107; x_wconf 88' lang='lat' dir='ltr'><strong>illarum</strong></span> <span class='ocrx_word' id='word_1_717' title='bbox 2819 4049 3098 4120; x_wconf 83' lang='lat' dir='ltr'><strong>plagarum</strong></span> <span class='ocrx_word' id='word_1_718' title='bbox 3155 4047 3444 4117; x_wconf 80' lang='lat' dir='ltr'><strong>vestigium</strong></span> 
     </span>
    </p>
   </div>
   <div class='ocr_carea' id='block_1_100' title="bbox 1866 4141 3445 4207">
    <p class='ocr_par' dir='ltr' id='par_1_100' title="bbox 1866 4141 3445 4207">
     <span class='ocr_line' id='line_1_100' title="bbox 1866 4141 3445 4207; baseline -0.006 -8"><span class='ocrx_word' id='word_1_719' title='bbox 1866 4145 2042 4200; x_wconf 87' lang='lat' dir='ltr'><strong>adlmc</strong></span> <span class='ocrx_word' id='word_1_720' title='bbox 2088 4143 2142 4199; x_wconf 91' lang='lat' dir='ltr'><strong>in</strong></span> <span class='ocrx_word' id='word_1_721' title='bbox 2175 4158 2236 4200; x_wconf 86' lang='lat' dir='ltr'><strong>se</strong></span> <span class='ocrx_word' id='word_1_722' title='bbox 2284 4143 2567 4200; x_wconf 85' lang='lat' dir='ltr'><strong>habentes.</strong></span> <span class='ocrx_word' id='word_1_723' title='bbox 2606 4141 2779 4198; x_wconf 82' lang='lat' dir='ltr'><strong>Media</strong></span> <span class='ocrx_word' id='word_1_724' title='bbox 2831 4153 3013 4195; x_wconf 88' lang='lat' dir='ltr'><strong>autem</strong></span> <span class='ocrx_word' id='word_1_725' title='bbox 3049 4148 3206 4194; x_wconf 89' lang='lat' dir='ltr'><strong>nocte</strong></span> <span class='ocrx_word' id='word_1_726' title='bbox 3255 4153 3445 4207; x_wconf 74' lang='lat' dir='ltr'><strong>magna</strong></span> 
     </span>
    </p>
   </div>
   <div class='ocr_carea' id='block_1_101' title="bbox 1865 4229 3448 4307">
    <p class='ocr_par' dir='ltr' id='par_1_101' title="bbox 1865 4229 3448 4307">
     <span class='ocr_line' id='line_1_101' title="bbox 1865 4229 3448 4307; baseline -0.003 -17"><span class='ocrx_word' id='word_1_727' title='bbox 1865 4253 2081 4307; x_wconf 86' lang='lat' dir='ltr'><strong>quoque</strong></span> <span class='ocrx_word' id='word_1_728' title='bbox 2128 4236 2218 4290; x_wconf 74' lang='lat' dir='ltr'><strong>lux</strong></span> <span class='ocrx_word' id='word_1_729' title='bbox 2281 4247 2501 4291; x_wconf 88' lang='lat' dir='ltr'><strong>sanctos</strong></span> <span class='ocrx_word' id='word_1_730' title='bbox 2543 4249 2575 4288; x_wconf 90' lang='lat' dir='ltr'><strong>e</strong></span> <span class='ocrx_word' id='word_1_731' title='bbox 2631 4233 2772 4289; x_wconf 66' lang='lat' dir='ltr'><strong>caelo</strong></span> <span class='ocrx_word' id='word_1_732' title='bbox 2819 4229 3214 4296; x_wconf 80' lang='lat' dir='ltr'><strong>circumfulsit;</strong></span> <span class='ocrx_word' id='word_1_733' title='bbox 3265 4237 3321 4284; x_wconf 89' lang='lat' dir='ltr'><strong>et</strong></span> <span class='ocrx_word' id='word_1_734' title='bbox 3351 4245 3448 4285; x_wconf 81' lang='lat' dir='ltr'><strong>an-</strong></span> 
     </span>
    </p>
   </div>
   <div class='ocr_carea' id='block_1_102' title="bbox 1863 4324 3445 4398">
    <p class='ocr_par' dir='ltr' id='par_1_102' title="bbox 1863 4324 3445 4398">
     <span class='ocr_line' id='line_1_102' title="bbox 1863 4324 3445 4398; baseline -0.005 -16"><span class='ocrx_word' id='word_1_735' title='bbox 1863 4328 1967 4398; x_wconf 78' lang='lat' dir='ltr'><strong>geli</strong></span> <span class='ocrx_word' id='word_1_736' title='bbox 1995 4337 2178 4396; x_wconf 86' lang='lat' dir='ltr'><strong>aperte</strong></span> <span class='ocrx_word' id='word_1_737' title='bbox 2205 4342 2422 4380; x_wconf 90' lang='lat' dir='ltr'><strong>manum</strong></span> <span class='ocrx_word' id='word_1_738' title='bbox 2468 4325 2548 4380; x_wconf 92' lang='lat' dir='ltr'><strong>eis</strong></span> <span class='ocrx_word' id='word_1_739' title='bbox 2577 4326 2876 4395; x_wconf 74' lang='lat' dir='ltr'><strong>praebuere,</strong></span> <span class='ocrx_word' id='word_1_740' title='bbox 2909 4333 2966 4378; x_wconf 91' lang='lat' dir='ltr'><strong>et</strong></span> <span class='ocrx_word' id='word_1_741' title='bbox 2998 4338 3118 4376; x_wconf 90' lang='lat' dir='ltr'><strong>cum</strong></span> <span class='ocrx_word' id='word_1_742' title='bbox 3153 4324 3204 4375; x_wconf 94' lang='lat' dir='ltr'><strong>in</strong></span> <span class='ocrx_word' id='word_1_743' title='bbox 3245 4327 3445 4375; x_wconf 86' lang='lat' dir='ltr'><strong>terram</strong></span> 
     </span>
    </p>
   </div>
   <div class='ocr_carea' id='block_1_103' title="bbox 1864 4415 3447 4484">
    <p class='ocr_par' dir='ltr' id='par_1_103' title="bbox 1864 4415 3447 4484">
     <span class='ocr_line' id='line_1_103' title="bbox 1864 4415 3447 4484; baseline -0.004 -10"><span class='ocrx_word' id='word_1_744' title='bbox 1864 4418 2198 4484; x_wconf 77' lang='lat' dir='ltr'><strong>eduxissent,</strong></span> <span class='ocrx_word' id='word_1_745' title='bbox 2241 4432 2335 4472; x_wconf 87' lang='lat' dir='ltr'><strong>eos</strong></span> <span class='ocrx_word' id='word_1_746' title='bbox 2366 4417 2577 4473; x_wconf 69' lang='lat' dir='ltr'><strong>caelesti</strong></span> <span class='ocrx_word' id='word_1_747' title='bbox 2611 4418 2870 4472; x_wconf 84' lang='lat' dir='ltr'><strong>alimento</strong></span> <span class='ocrx_word' id='word_1_748' title='bbox 2896 4415 3294 4484; x_wconf 86' lang='lat' dir='ltr'><strong>impertierunt,</strong></span> <span class='ocrx_word' id='word_1_749' title='bbox 3329 4429 3447 4468; x_wconf 87' lang='lat' dir='ltr'><strong>ma-</strong></span> 
     </span>
    </p>
   </div>
   <div class='ocr_carea' id='block_1_104' title="bbox 1864 4508 3445 4581">
    <p class='ocr_par' dir='ltr' id='par_1_104' title="bbox 1864 4508 3445 4581">
     <span class='ocr_line' id='line_1_104' title="bbox 1864 4508 3445 4581; baseline 0.001 -17"><span class='ocrx_word' id='word_1_750' title='bbox 1864 4511 2039 4581; x_wconf 88' lang='lat' dir='ltr'><strong>lisque</strong></span> <span class='ocrx_word' id='word_1_751' title='bbox 2066 4510 2298 4568; x_wconf 86' lang='lat' dir='ltr'><strong>assiduis</strong></span> <span class='ocrx_word' id='word_1_752' title='bbox 2349 4509 2611 4579; x_wconf 84' lang='lat' dir='ltr'><strong>dejcctam</strong></span> <span class='ocrx_word' id='word_1_753' title='bbox 2671 4524 2862 4564; x_wconf 84' lang='lat' dir='ltr'><strong>eorum</strong></span> <span class='ocrx_word' id='word_1_754' title='bbox 2925 4508 3180 4564; x_wconf 87' lang='lat' dir='ltr'><strong>virtutem</strong></span> <span class='ocrx_word' id='word_1_755' title='bbox 3229 4520 3445 4565; x_wconf 79' lang='lat' dir='ltr'><strong>recrea-</strong></span> 
     </span>
    </p>
   </div>
   <div class='ocr_carea' id='block_1_105' title="bbox 1865 4613 2012 4660">
    <p class='ocr_par' dir='ltr' id='par_1_105' title="bbox 1865 4613 2012 4660">
     <span class='ocr_line' id='line_1_105' title="bbox 1865 4613 2012 4660; baseline 0 0"><span class='ocrx_word' id='word_1_756' title='bbox 1865 4613 2012 4660; x_wconf 82' lang='lat' dir='ltr'><strong>runt.</strong></span> 
     </span>
    </p>
   </div>
   <div class='ocr_carea' id='block_1_106' title="bbox 1937 4885 3449 4946">
    <p class='ocr_par' dir='ltr' id='par_1_106' title="bbox 1937 4885 3449 4946">
     <span class='ocr_line' id='line_1_106' title="bbox 1937 4885 3449 4946; baseline -0.001 -2"><span class='ocrx_word' id='word_1_757' title='bbox 1937 4889 2074 4946; x_wconf 80' lang='lat' dir='ltr'><strong>LIII.</strong></span> <span class='ocrx_word' id='word_1_758' title='bbox 2118 4889 2320 4946; x_wconf 89' lang='lat' dir='ltr'><strong>Deinde</strong></span> <span class='ocrx_word' id='word_1_759' title='bbox 2356 4904 2475 4944; x_wconf 92' lang='lat' dir='ltr'><strong>cum</strong></span> <span class='ocrx_word' id='word_1_760' title='bbox 2508 4887 2588 4944; x_wconf 91' lang='lat' dir='ltr'><strong>sic</strong></span> <span class='ocrx_word' id='word_1_761' title='bbox 2615 4887 2790 4943; x_wconf 90' lang='lat' dir='ltr'><strong>sancti</strong></span> <span class='ocrx_word' id='word_1_762' title='bbox 2827 4887 2881 4942; x_wconf 81' lang='lat' dir='ltr'><strong>in</strong></span> <span class='ocrx_word' id='word_1_763' title='bbox 2915 4885 3147 4942; x_wconf 85' lang='lat' dir='ltr'><strong>mediam</strong></span> <span class='ocrx_word' id='word_1_764' title='bbox 3185 4885 3449 4943; x_wconf 83' lang='lat' dir='ltr'><strong>accessis-</strong></span> 
     </span>
    </p>
   </div>
   <div class='ocr_carea' id='block_1_107' title="bbox 1864 4980 3445 5050">
    <p class='ocr_par' dir='ltr' id='par_1_107' title="bbox 1864 4980 3445 5050">
     <span class='ocr_line' id='line_1_107' title="bbox 1864 4980 3445 5050; baseline -0.003 -11"><span class='ocrx_word' id='word_1_765' title='bbox 1864 4985 2302 5050; x_wconf 86' lang='lat' dir='ltr'><strong>sentcivitatem,</strong></span> <span class='ocrx_word' id='word_1_766' title='bbox 2333 4991 2387 5038; x_wconf 88' lang='lat' dir='ltr'><strong>et</strong></span> <span class='ocrx_word' id='word_1_767' title='bbox 2405 4982 2526 5038; x_wconf 84' lang='lat' dir='ltr'><strong>aliis</strong></span> <span class='ocrx_word' id='word_1_768' title='bbox 2552 4981 2756 5037; x_wconf 86' lang='lat' dir='ltr'><strong>sanctis</strong></span> <span class='ocrx_word' id='word_1_769' title='bbox 2779 4981 2870 5036; x_wconf 87' lang='lat' dir='ltr'><strong>Dei</strong></span> <span class='ocrx_word' id='word_1_770' title='bbox 2901 4980 3192 5036; x_wconf 90' lang='lat' dir='ltr'><strong>narrabant</strong></span> <span class='ocrx_word' id='word_1_771' title='bbox 3219 4995 3445 5050; x_wconf 78' lang='lat' dir='ltr'><strong>magna-</strong></span> 
     </span>
    </p>
   </div>
   <div class='ocr_carea' id='block_1_108' title="bbox 1865 5073 3450 5148">
    <p class='ocr_par' dir='ltr' id='par_1_108' title="bbox 1865 5073 3450 5148">
     <span class='ocr_line' id='line_1_108' title="bbox 1865 5073 3450 5148; baseline -0.002 -16"><span class='ocrx_word' id='word_1_772' title='bbox 1865 5079 1958 5143; x_wconf 88' lang='lat' dir='ltr'><strong>lia,</strong></span> <span class='ocrx_word' id='word_1_773' title='bbox 1991 5088 2047 5132; x_wconf 91' lang='lat' dir='ltr'><strong>et</strong></span> <span class='ocrx_word' id='word_1_774' title='bbox 2081 5077 2182 5148; x_wconf 90' lang='lat' dir='ltr'><strong>ipsi</strong></span> <span class='ocrx_word' id='word_1_775' title='bbox 2217 5091 2408 5130; x_wconf 89' lang='lat' dir='ltr'><strong>manus</strong></span> <span class='ocrx_word' id='word_1_776' title='bbox 2455 5075 2509 5130; x_wconf 89' lang='lat' dir='ltr'><strong>in</strong></span> <span class='ocrx_word' id='word_1_777' title='bbox 2555 5075 2722 5131; x_wconf 62' lang='lat' dir='ltr'><strong>caelos</strong></span> <span class='ocrx_word' id='word_1_778' title='bbox 2759 5073 3106 5140; x_wconf 82' lang='lat' dir='ltr'><strong>extollentes,</strong></span> <span class='ocrx_word' id='word_1_779' title='bbox 3153 5074 3202 5128; x_wconf 91' lang='lat' dir='ltr'><strong>ei</strong></span> <span class='ocrx_word' id='word_1_780' title='bbox 3246 5074 3450 5144; x_wconf 75' lang='lat' dir='ltr'><strong>gratias</strong></span> 
     </span>
    </p>
   </div>
   <div class='ocr_carea' id='block_1_109' title="bbox 1863 5166 3447 5243">
    <p class='ocr_par' dir='ltr' id='par_1_109' title="bbox 1863 5166 3447 5243">
     <span class='ocr_line' id='line_1_109' title="bbox 1863 5166 3447 5243; baseline -0.004 -17"><span class='ocrx_word' id='word_1_781' title='bbox 1863 5179 2094 5243; x_wconf 78' lang='lat' dir='ltr'><strong>egerunt</strong></span> <span class='ocrx_word' id='word_1_782' title='bbox 2138 5169 2538 5226; x_wconf 88' lang='lat' dir='ltr'><strong>vehementius.</strong></span> <span class='ocrx_word' id='word_1_783' title='bbox 2589 5167 2791 5222; x_wconf 87' lang='lat' dir='ltr'><strong>Eorum</strong></span> <span class='ocrx_word' id='word_1_784' title='bbox 2845 5177 3024 5221; x_wconf 84' lang='lat' dir='ltr'><strong>autem</strong></span> <span class='ocrx_word' id='word_1_785' title='bbox 3081 5167 3132 5221; x_wconf 90' lang='lat' dir='ltr'><strong>in</strong></span> <span class='ocrx_word' id='word_1_786' title='bbox 3173 5166 3447 5221; x_wconf 86' lang='lat' dir='ltr'><strong>civitatem</strong></span> 
     </span>
    </p>
   </div>
   <div class='ocr_carea' id='block_1_110' title="bbox 1866 5256 3448 5326">
    <p class='ocr_par' dir='ltr' id='par_1_110' title="bbox 1866 5256 3448 5326">
     <span class='ocr_line' id='line_1_110' title="bbox 1866 5256 3448 5326; baseline -0.004 -10"><span class='ocrx_word' id='word_1_787' title='bbox 1866 5265 2129 5316; x_wconf 86' lang='lat' dir='ltr'><strong>adventus</strong></span> <span class='ocrx_word' id='word_1_788' title='bbox 2179 5259 2424 5315; x_wconf 88' lang='lat' dir='ltr'><strong>accessio</strong></span> <span class='ocrx_word' id='word_1_789' title='bbox 2473 5259 2526 5313; x_wconf 91' lang='lat' dir='ltr'><strong>in</strong></span> <span class='ocrx_word' id='word_1_790' title='bbox 2560 5260 2812 5324; x_wconf 88' lang='lat' dir='ltr'><strong>transitu,</strong></span> <span class='ocrx_word' id='word_1_791' title='bbox 2841 5257 3056 5312; x_wconf 79' lang='lat' dir='ltr'><strong>fuerunt</strong></span> <span class='ocrx_word' id='word_1_792' title='bbox 3087 5258 3192 5312; x_wconf 87' lang='lat' dir='ltr'><strong>duo</strong></span> <span class='ocrx_word' id='word_1_793' title='bbox 3227 5256 3448 5326; x_wconf 86' lang='lat' dir='ltr'><strong>quidam</strong></span> 
     </span>
    </p>
   </div>
   <div class='ocr_carea' id='block_1_111' title="bbox 1867 5347 3452 5420">
    <p class='ocr_par' dir='ltr' id='par_1_111' title="bbox 1867 5347 3452 5420">
     <span class='ocr_line' id='line_1_111' title="bbox 1867 5347 3452 5420; baseline -0.004 -14"><span class='ocrx_word' id='word_1_794' title='bbox 1867 5353 2016 5416; x_wconf 65' lang='lat' dir='ltr'><strong>caeci,</strong></span> <span class='ocrx_word' id='word_1_795' title='bbox 2049 5361 2258 5408; x_wconf 86' lang='lat' dir='ltr'><strong>stantes</strong></span> <span class='ocrx_word' id='word_1_796' title='bbox 2285 5351 2336 5405; x_wconf 93' lang='lat' dir='ltr'><strong>in</strong></span> <span class='ocrx_word' id='word_1_797' title='bbox 2367 5351 2597 5420; x_wconf 88' lang='lat' dir='ltr'><strong>quadam</strong></span> <span class='ocrx_word' id='word_1_798' title='bbox 2635 5351 2872 5419; x_wconf 89' lang='lat' dir='ltr'><strong>porticu,</strong></span> <span class='ocrx_word' id='word_1_799' title='bbox 2901 5356 2956 5403; x_wconf 91' lang='lat' dir='ltr'><strong>et</strong></span> <span class='ocrx_word' id='word_1_800' title='bbox 2985 5347 3146 5412; x_wconf 88' lang='lat' dir='ltr'><strong>alius,</strong></span> <span class='ocrx_word' id='word_1_801' title='bbox 3178 5349 3262 5402; x_wconf 81' lang='lat' dir='ltr'><strong>cui</strong></span> <span class='ocrx_word' id='word_1_802' title='bbox 3292 5356 3452 5401; x_wconf 72' lang='lat' dir='ltr'><strong>erant</strong></span> 
     </span>
    </p>
   </div>
   <div class='ocr_carea' id='block_1_112' title="bbox 1872 5435 3447 5512">
    <p class='ocr_par' dir='ltr' id='par_1_112' title="bbox 1872 5435 3447 5512">
     <span class='ocr_line' id='line_1_112' title="bbox 1872 5435 3447 5512; baseline -0.006 -16"><span class='ocrx_word' id='word_1_803' title='bbox 1872 5459 2065 5498; x_wconf 46' lang='lat' dir='ltr'><strong>n‘ianus</strong></span> <span class='ocrx_word' id='word_1_804' title='bbox 2097 5443 2428 5512; x_wconf 69' lang='lat' dir='ltr'><strong>torpefactae,</strong></span> <span class='ocrx_word' id='word_1_805' title='bbox 2463 5450 2516 5496; x_wconf 88' lang='lat' dir='ltr'><strong>et</strong></span> <span class='ocrx_word' id='word_1_806' title='bbox 2565 5439 2703 5494; x_wconf 88' lang='lat' dir='ltr'><strong>alius</strong></span> <span class='ocrx_word' id='word_1_807' title='bbox 2747 5454 2959 5504; x_wconf 87' lang='lat' dir='ltr'><strong>rursus,</strong></span> <span class='ocrx_word' id='word_1_808' title='bbox 2999 5439 3086 5494; x_wconf 87' lang='lat' dir='ltr'><strong>cui</strong></span> <span class='ocrx_word' id='word_1_809' title='bbox 3127 5451 3324 5506; x_wconf 88' lang='lat' dir='ltr'><strong>corpus</strong></span> <span class='ocrx_word' id='word_1_810' title='bbox 3367 5435 3447 5488; x_wconf 84' lang='lat' dir='ltr'><strong>la-</strong></span> 
     </span>
    </p>
   </div>
   <div class='ocr_carea' id='block_1_113' title="bbox 1871 5532 3444 5606">
    <p class='ocr_par' dir='ltr' id='par_1_113' title="bbox 1871 5532 3444 5606">
     <span class='ocr_line' id='line_1_113' title="bbox 1871 5532 3444 5606; baseline -0.007 -15"><span class='ocrx_word' id='word_1_811' title='bbox 1871 5537 2098 5591; x_wconf 82' lang='lat' dir='ltr'><strong>borabat</strong></span> <span class='ocrx_word' id='word_1_812' title='bbox 2127 5535 2384 5606; x_wconf 86' lang='lat' dir='ltr'><strong>paralysi,</strong></span> <span class='ocrx_word' id='word_1_813' title='bbox 2417 5535 2510 5604; x_wconf 90' lang='lat' dir='ltr'><strong>qui</strong></span> <span class='ocrx_word' id='word_1_814' title='bbox 2537 5549 2604 5590; x_wconf 84' lang='lat' dir='ltr'><strong>ex</strong></span> <span class='ocrx_word' id='word_1_815' title='bbox 2631 5533 2912 5589; x_wconf 83' lang='lat' dir='ltr'><strong>beatarum</strong></span> <span class='ocrx_word' id='word_1_816' title='bbox 2944 5532 3156 5587; x_wconf 88' lang='lat' dir='ltr'><strong>illarum</strong></span> <span class='ocrx_word' id='word_1_817' title='bbox 3190 5542 3444 5583; x_wconf 90' lang='lat' dir='ltr'><strong>manumn</strong></span> 
     </span>
    </p>
   </div>
   <div class='ocr_carea' id='block_1_114' title="bbox 1871 5623 3446 5693">
    <p class='ocr_par' dir='ltr' id='par_1_114' title="bbox 1871 5623 3446 5693">
     <span class='ocr_line' id='line_1_114' title="bbox 1871 5623 3446 5693; baseline -0.008 -11"><span class='ocrx_word' id='word_1_818' title='bbox 1871 5627 1985 5682; x_wconf 87' lang='lat' dir='ltr'><strong>solo</strong></span> <span class='ocrx_word' id='word_1_819' title='bbox 2028 5634 2304 5693; x_wconf 88' lang='lat' dir='ltr'><strong>contactu,</strong></span> <span class='ocrx_word' id='word_1_820' title='bbox 2353 5627 2471 5681; x_wconf 88' lang='lat' dir='ltr'><strong>sine</strong></span> <span class='ocrx_word' id='word_1_821' title='bbox 2529 5626 2716 5680; x_wconf 87' lang='lat' dir='ltr'><strong>labore</strong></span> <span class='ocrx_word' id='word_1_822' title='bbox 2752 5634 2805 5680; x_wconf 91' lang='lat' dir='ltr'><strong>et</strong></span> <span class='ocrx_word' id='word_1_823' title='bbox 2844 5623 3446 5678; x_wconf 81' lang='lat' dir='ltr'><strong>mercedeinvenerunt</strong></span> 
     </span>
    </p>
   </div>
   <div class='ocr_carea' id='block_1_115' title="bbox 1869 5708 3443 5788">
    <p class='ocr_par' dir='ltr' id='par_1_115' title="bbox 1869 5708 3443 5788">
     <span class='ocr_line' id='line_1_115' title="bbox 1869 5708 3443 5788; baseline -0.005 -16"><span class='ocrx_word' id='word_1_824' title='bbox 1869 5720 2222 5773; x_wconf 86' lang='lat' dir='ltr'><strong>curationem.</strong></span> <span class='ocrx_word' id='word_1_825' title='bbox 2269 5717 2418 5773; x_wconf 77' lang='lat' dir='ltr'><strong>Multi</strong></span> <span class='ocrx_word' id='word_1_826' title='bbox 2475 5732 2692 5788; x_wconf 86' lang='lat' dir='ltr'><strong>quoque</strong></span> <span class='ocrx_word' id='word_1_827' title='bbox 2733 5716 2847 5779; x_wconf 87' lang='lat' dir='ltr'><strong>alii,</strong></span> <span class='ocrx_word' id='word_1_828' title='bbox 2900 5715 2991 5785; x_wconf 88' lang='lat' dir='ltr'><strong>qui</strong></span> <span class='ocrx_word' id='word_1_829' title='bbox 3042 5713 3209 5768; x_wconf 86' lang='lat' dir='ltr'><strong>variis</strong></span> <span class='ocrx_word' id='word_1_830' title='bbox 3241 5708 3443 5764; x_wconf 84' lang='lat' dir='ltr'><strong>morbis</strong></span> 
     </span>
    </p>
   </div>
   <div class='ocr_carea' id='block_1_116' title="bbox 1871 5802 3436 5873">
    <p class='ocr_par' dir='ltr' id='par_1_116' title="bbox 1871 5802 3436 5873">
     <span class='ocr_line' id='line_1_116' title="bbox 1871 5802 3436 5873; baseline -0.006 -8"><span class='ocrx_word' id='word_1_831' title='bbox 1871 5811 2222 5873; x_wconf 80' lang='lat' dir='ltr'><strong>laborabant,</strong></span> <span class='ocrx_word' id='word_1_832' title='bbox 2269 5826 2394 5866; x_wconf 91' lang='lat' dir='ltr'><strong>cum</strong></span> <span class='ocrx_word' id='word_1_833' title='bbox 2447 5811 2514 5864; x_wconf 88' lang='lat' dir='ltr'><strong>ad</strong></span> <span class='ocrx_word' id='word_1_834' title='bbox 2562 5825 2686 5864; x_wconf 90' lang='lat' dir='ltr'><strong>eum</strong></span> <span class='ocrx_word' id='word_1_835' title='bbox 2740 5807 3145 5871; x_wconf 83' lang='lat' dir='ltr'><strong>conﬂuxissent,</strong></span> <span class='ocrx_word' id='word_1_836' title='bbox 3193 5802 3436 5860; x_wconf 85' lang='lat' dir='ltr'><strong>eamdem</strong></span> 
     </span>
    </p>
   </div>
   <div class='ocr_carea' id='block_1_117' title="bbox 1869 5901 3444 5974">
    <p class='ocr_par' dir='ltr' id='par_1_117' title="bbox 1869 5901 3444 5974">
     <span class='ocr_line' id='line_1_117' title="bbox 1869 5901 3444 5974; baseline -0.005 -17"><span class='ocrx_word' id='word_1_837' title='bbox 1869 5923 2030 5974; x_wconf 82' lang='lat' dir='ltr'><strong>quam</strong></span> <span class='ocrx_word' id='word_1_838' title='bbox 2064 5905 2136 5960; x_wconf 94' lang='lat' dir='ltr'><strong>illi</strong></span> <span class='ocrx_word' id='word_1_839' title='bbox 2168 5905 2324 5959; x_wconf 89' lang='lat' dir='ltr'><strong>tidem</strong></span> <span class='ocrx_word' id='word_1_840' title='bbox 2370 5903 2680 5971; x_wconf 79' lang='lat' dir='ltr'><strong>aﬂercntcs,</strong></span> <span class='ocrx_word' id='word_1_841' title='bbox 2718 5901 2962 5957; x_wconf 85' lang='lat' dir='ltr'><strong>eamdem</strong></span> <span class='ocrx_word' id='word_1_842' title='bbox 3007 5913 3220 5970; x_wconf 85' lang='lat' dir='ltr'><strong>quoque</strong></span> <span class='ocrx_word' id='word_1_843' title='bbox 3250 5911 3444 5952; x_wconf 59' lang='lat' dir='ltr'><strong>censes</strong></span> 
     </span>
    </p>
   </div>
   <div class='ocr_carea' id='block_1_118' title="bbox 1865 5997 2545 6056">
    <p class='ocr_par' dir='ltr' id='par_1_118' title="bbox 1865 5997 2545 6056">
     <span class='ocr_line' id='line_1_118' title="bbox 1865 5997 2545 6056; baseline -0.006 -1"><span class='ocrx_word' id='word_1_844' title='bbox 1865 6001 1976 6056; x_wconf 80' lang='lat' dir='ltr'><strong>cuti</strong></span> <span class='ocrx_word' id='word_1_845' title='bbox 2006 5999 2160 6055; x_wconf 70' lang='lat' dir='ltr'><strong>luere</strong></span> <span class='ocrx_word' id='word_1_846' title='bbox 2188 5997 2545 6055; x_wconf 77' lang='lat' dir='ltr'><strong>curationem.</strong></span> 
     </span>
    </p>
   </div>
  </div>
