  <div class='ocr_page' id='page_1' title='image "/cluster/home/n/w/nwhite01/storage/ocr_20150623/114/hvd.32044019208123/443.png"; bbox 0 0 3832 6460; ppageno 0'>
   <div class='ocr_carea' id='block_1_1' title="bbox 1513 374 1584 384">
    <p class='ocr_par' dir='ltr' id='par_1_1' title="bbox 1513 374 1584 384">
     <span class='ocr_line' id='line_1_1' title="bbox 1513 374 1584 384; baseline 0 0"><span class='ocrx_word' id='word_1_1' title='bbox 1513 374 1552 384; x_wconf 63' lang='lat' dir='ltr'><strong>\p</strong></span> <span class='ocrx_word' id='word_1_2' title='bbox 1575 375 1584 378; x_wconf 87' lang='lat'><em>-</em></span> 
     </span>
    </p>
   </div>
   <div class='ocr_carea' id='block_1_2' title="bbox 423 476 531 542">
    <p class='ocr_par' dir='ltr' id='par_1_2' title="bbox 423 476 531 542">
     <span class='ocr_line' id='line_1_2' title="bbox 423 476 531 542; baseline 0.056 -6"><span class='ocrx_word' id='word_1_3' title='bbox 423 476 531 542; x_wconf 83' lang='grc'><strong>859</strong></span> 
     </span>
    </p>
   </div>
   <div class='ocr_carea' id='block_1_3' title="bbox 1613 479 2403 544">
    <p class='ocr_par' dir='ltr' id='par_1_3' title="bbox 1613 479 2403 544">
     <span class='ocr_line' id='line_1_3' title="bbox 1613 479 2403 544; baseline 0.001 -3"><span class='ocrx_word' id='word_1_4' title='bbox 1613 479 1898 542; x_wconf 83' lang='lat' dir='ltr'><strong>MENSIS</strong></span> <span class='ocrx_word' id='word_1_5' title='bbox 1951 480 2403 544; x_wconf 77' lang='lat' dir='ltr'><strong>JANUARIUS.</strong></span> 
     </span>
    </p>
   </div>
   <div class='ocr_carea' id='block_1_4' title="bbox 3549 478 3649 541">
    <p class='ocr_par' dir='ltr' id='par_1_4' title="bbox 3549 478 3649 541">
     <span class='ocr_line' id='line_1_4' title="bbox 3549 478 3649 541; baseline 0.01 -1"><span class='ocrx_word' id='word_1_6' title='bbox 3549 478 3649 541; x_wconf 75' lang='lat'><strong>860</strong></span> 
     </span>
    </p>
   </div>
   <div class='ocr_carea' id='block_1_5' title="bbox 1865 701 2219 760">
    <p class='ocr_par' dir='ltr' id='par_1_5' title="bbox 1865 701 2219 760">
     <span class='ocr_line' id='line_1_5' title="bbox 1865 701 2219 760; baseline 0.003 -1"><span class='ocrx_word' id='word_1_7' title='bbox 1865 701 2092 759; x_wconf 82' lang='lat' dir='ltr'><strong>CAPUT</strong></span> <span class='ocrx_word' id='word_1_8' title='bbox 2132 703 2219 760; x_wconf 78' lang='lat' dir='ltr'><strong>IX.</strong></span> 
     </span>
    </p>
   </div>
   <div class='ocr_carea' id='block_1_6' title="bbox 1065 906 2956 985">
    <p class='ocr_par' dir='ltr' id='par_1_6' title="bbox 1065 906 2956 985">
     <span class='ocr_line' id='line_1_6' title="bbox 1065 906 2956 985; baseline -0.001 -19"><span class='ocrx_word' id='word_1_9' title='bbox 1065 908 1287 985; x_wconf 71' lang='lat' dir='ltr'><strong>Ancyrae</strong></span> <span class='ocrx_word' id='word_1_10' title='bbox 1315 928 1498 966; x_wconf 72' lang='lat' dir='ltr'><strong>rursus</strong></span> <span class='ocrx_word' id='word_1_11' title='bbox 1521 911 1740 964; x_wconf 85' lang='lat' dir='ltr'><strong>tolerata</strong></span> <span class='ocrx_word' id='word_1_12' title='bbox 1761 915 2042 965; x_wconf 81' lang='lat' dir='ltr'><strong>tormenta.</strong></span> <span class='ocrx_word' id='word_1_13' title='bbox 2067 906 2253 975; x_wconf 81' lang='lat' dir='ltr'><strong>Pueri,</strong></span> <span class='ocrx_word' id='word_1_14' title='bbox 2279 906 2390 978; x_wconf 78' lang='lat' dir='ltr'><strong>ejus</strong></span> <span class='ocrx_word' id='word_1_15' title='bbox 2419 906 2640 973; x_wconf 80' lang='lat' dir='ltr'><strong>alumni,</strong></span> <span class='ocrx_word' id='word_1_16' title='bbox 2676 917 2956 978; x_wconf 69' lang='lat' dir='ltr'><strong>martyres.</strong></span> 
     </span>
    </p>
   </div>
   <div class='ocr_carea' id='block_1_7' title="bbox 491 1090 1994 1171">
    <p class='ocr_par' dir='ltr' id='par_1_7' title="bbox 491 1094 1988 1171">
     <span class='ocr_line' id='line_1_7' title="bbox 491 1094 1988 1171; baseline -0.005 -15"><span class='ocrx_word' id='word_1_17' title='bbox 491 1099 625 1156; x_wconf 81' lang='lat' dir='ltr'><strong>LIV.</strong></span> <span class='ocrx_word' id='word_1_18' title='bbox 661 1096 800 1154; x_wconf 87' lang='lat' dir='ltr'><strong>Cum</strong></span> <span class='ocrx_word' id='word_1_19' title='bbox 825 1112 954 1171; x_wconf 87' lang='lat' dir='ltr'><strong>ergo</strong></span> <span class='ocrx_word' id='word_1_20' title='bbox 977 1097 1093 1154; x_wconf 78' lang='lat' dir='ltr'><strong>btec</strong></span> <span class='ocrx_word' id='word_1_21' title='bbox 1121 1112 1337 1168; x_wconf 90' lang='lat' dir='ltr'><strong>quoque</strong></span> <span class='ocrx_word' id='word_1_22' title='bbox 1382 1097 1656 1153; x_wconf 88' lang='lat' dir='ltr'><strong>didicisset</strong></span> <span class='ocrx_word' id='word_1_23' title='bbox 1684 1094 1988 1166; x_wconf 67' lang='lat' dir='ltr'><strong>praefectus.</strong></span> 
     </span>
    </p>
   </div>
   <div class='ocr_carea' id='block_1_8' title="bbox 2103 1090 3654 1171">
    <p class='ocr_par' dir='ltr' id='par_1_8' title="bbox 2166 1090 3654 1170">
     <span class='ocr_line' id='line_1_8' title="bbox 2166 1090 3654 1170; baseline 0.003 -25"><span class='ocrx_word' id='word_1_24' title='bbox 2166 1090 2291 1146; x_wconf 79' lang='lat' dir='ltr'><strong>NA&#39;.</strong></span> <span class='ocrx_word' id='word_1_25' title='bbox 2317 1091 2522 1146; x_wconf 85' lang='grc' dir='ltr'>Μαθὼν</span> <span class='ocrx_word' id='word_1_26' title='bbox 2547 1091 2733 1147; x_wconf 79' lang='grc' dir='ltr'><strong>τοίνυν</strong></span> <span class='ocrx_word' id='word_1_27' title='bbox 2756 1091 2851 1148; x_wconf 76' lang='grc' dir='ltr'><strong>καὶ</strong></span> <span class='ocrx_word' id='word_1_28' title='bbox 2878 1090 3050 1146; x_wconf 82' lang='grc' dir='ltr'>ταῦτα</span> <span class='ocrx_word' id='word_1_29' title='bbox 3079 1093 3108 1147; x_wconf 85' lang='grc' dir='ltr'><strong>ό</strong></span> <span class='ocrx_word' id='word_1_30' title='bbox 3133 1091 3373 1166; x_wconf 72' lang='grc' dir='ltr'>ἔπαρχος</span> <span class='ocrx_word' id='word_1_31' title='bbox 3398 1094 3494 1149; x_wconf 74' lang='grc' dir='ltr'><strong>καὶ</strong></span> <span class='ocrx_word' id='word_1_32' title='bbox 3527 1093 3654 1170; x_wconf 63' lang='grc' dir='ltr'>αὐτῇ</span> 
     </span>
    </p>
   </div>
   <div class='ocr_carea' id='block_1_9' title="bbox 419 1185 1989 1263">
    <p class='ocr_par' dir='ltr' id='par_1_9' title="bbox 419 1185 1989 1263">
     <span class='ocr_line' id='line_1_9' title="bbox 419 1185 1989 1263; baseline -0.004 -15"><span class='ocrx_word' id='word_1_33' title='bbox 419 1201 473 1248; x_wconf 88' lang='lat' dir='ltr'><strong>et</strong></span> <span class='ocrx_word' id='word_1_34' title='bbox 505 1192 616 1263; x_wconf 83' lang='lat' dir='ltr'><strong>ipsa</strong></span> <span class='ocrx_word' id='word_1_35' title='bbox 652 1191 989 1263; x_wconf 77' lang='lat' dir='ltr'><strong>cognovisset</strong></span> <span class='ocrx_word' id='word_1_36' title='bbox 1035 1190 1367 1260; x_wconf 73' lang='lat' dir='ltr'><strong>experientia</strong></span> <span class='ocrx_word' id='word_1_37' title='bbox 1392 1232 1406 1252; x_wconf 87' lang='lat'>.</span> <span class='ocrx_word' id='word_1_38' title='bbox 1432 1204 1491 1243; x_wconf 89' lang='lat' dir='ltr'><strong>se</strong></span> <span class='ocrx_word' id='word_1_39' title='bbox 1535 1205 1640 1246; x_wconf 88' lang='lat' dir='ltr'><strong>non</strong></span> <span class='ocrx_word' id='word_1_40' title='bbox 1667 1187 1826 1243; x_wconf 91' lang='lat' dir='ltr'><strong>modo</strong></span> <span class='ocrx_word' id='word_1_41' title='bbox 1853 1185 1989 1241; x_wconf 83' lang='lat' dir='ltr'><strong>nihil</strong></span> 
     </span>
    </p>
   </div>
   <div class='ocr_carea' id='block_1_10' title="bbox 419 1279 1991 1354">
    <p class='ocr_par' dir='ltr' id='par_1_10' title="bbox 419 1279 1991 1354">
     <span class='ocr_line' id='line_1_10' title="bbox 419 1279 1991 1354; baseline -0.002 -18"><span class='ocrx_word' id='word_1_42' title='bbox 419 1285 687 1354; x_wconf 77' lang='lat' dir='ltr'><strong>prolicere</strong></span> <span class='ocrx_word' id='word_1_43' title='bbox 733 1284 855 1337; x_wconf 92' lang='lat' dir='ltr'><strong>dum</strong></span> <span class='ocrx_word' id='word_1_44' title='bbox 889 1282 1100 1352; x_wconf 88' lang='lat' dir='ltr'><strong>puniret</strong></span> <span class='ocrx_word' id='word_1_45' title='bbox 1131 1292 1416 1354; x_wconf 77' lang='lat' dir='ltr'><strong>martyres,</strong></span> <span class='ocrx_word' id='word_1_46' title='bbox 1473 1281 1567 1336; x_wconf 91' lang='lat' dir='ltr'><strong>sed</strong></span> <span class='ocrx_word' id='word_1_47' title='bbox 1613 1293 1762 1335; x_wconf 77' lang='lat' dir='ltr'><strong>suam</strong></span> <span class='ocrx_word' id='word_1_48' title='bbox 1814 1279 1991 1348; x_wconf 82' lang='lat' dir='ltr'><strong>potius</strong></span> 
     </span>
    </p>
   </div>
   <div class='ocr_carea' id='block_1_11' title="bbox 419 1370 1990 1446">
    <p class='ocr_par' dir='ltr' id='par_1_11' title="bbox 419 1370 1990 1446">
     <span class='ocr_line' id='line_1_11' title="bbox 419 1370 1990 1446; baseline -0.001 -18"><span class='ocrx_word' id='word_1_49' title='bbox 419 1375 616 1429; x_wconf 66' lang='lat' dir='ltr'><strong>lmdere</strong></span> <span class='ocrx_word' id='word_1_50' title='bbox 646 1373 987 1446; x_wconf 86' lang='lat' dir='ltr'><strong>religionem,</strong></span> <span class='ocrx_word' id='word_1_51' title='bbox 1017 1381 1074 1428; x_wconf 91' lang='lat' dir='ltr'><strong>ut</strong></span> <span class='ocrx_word' id='word_1_52' title='bbox 1106 1374 1195 1443; x_wconf 89' lang='lat' dir='ltr'><strong>qui</strong></span> <span class='ocrx_word' id='word_1_53' title='bbox 1241 1373 1437 1427; x_wconf 86' lang='lat' dir='ltr'><strong>multos</strong></span> <span class='ocrx_word' id='word_1_54' title='bbox 1483 1373 1691 1427; x_wconf 89' lang='lat' dir='ltr'><strong>videret</strong></span> <span class='ocrx_word' id='word_1_55' title='bbox 1717 1385 1782 1426; x_wconf 78' lang='lat' dir='ltr'><strong>ex</strong></span> <span class='ocrx_word' id='word_1_56' title='bbox 1811 1370 1990 1442; x_wconf 86' lang='lat' dir='ltr'><strong>genti-</strong></span> 
     </span>
    </p>
   </div>
   <div class='ocr_carea' id='block_1_12' title="bbox 418 1463 1990 1538">
    <p class='ocr_par' dir='ltr' id='par_1_12' title="bbox 418 1463 1990 1538">
     <span class='ocr_line' id='line_1_12' title="bbox 418 1463 1990 1538; baseline -0.001 -17"><span class='ocrx_word' id='word_1_57' title='bbox 418 1467 580 1531; x_wconf 90' lang='lat' dir='ltr'><strong>libus,</strong></span> <span class='ocrx_word' id='word_1_58' title='bbox 628 1467 692 1522; x_wconf 88' lang='lat' dir='ltr'><strong>iis</strong></span> <span class='ocrx_word' id='word_1_59' title='bbox 740 1481 859 1538; x_wconf 65' lang='lat' dir='ltr'><strong>quae</strong></span> <span class='ocrx_word' id='word_1_60' title='bbox 909 1477 1102 1533; x_wconf 70' lang='lat' dir='ltr'><strong>prmter</strong></span> <span class='ocrx_word' id='word_1_61' title='bbox 1149 1465 1454 1534; x_wconf 71' lang='lat' dir='ltr'><strong>Opinionem</strong></span> <span class='ocrx_word' id='word_1_62' title='bbox 1490 1466 1557 1520; x_wconf 88' lang='lat' dir='ltr'><strong>ab</strong></span> <span class='ocrx_word' id='word_1_63' title='bbox 1608 1463 1740 1534; x_wconf 86' lang='lat' dir='ltr'><strong>ipsis</strong></span> <span class='ocrx_word' id='word_1_64' title='bbox 1793 1464 1990 1520; x_wconf 73' lang='lat' dir='ltr'><strong>flebant</strong></span> 
     </span>
    </p>
   </div>
   <div class='ocr_carea' id='block_1_13' title="bbox 421 1556 1992 1628">
    <p class='ocr_par' dir='ltr' id='par_1_13' title="bbox 421 1556 1992 1628">
     <span class='ocr_line' id='line_1_13' title="bbox 421 1556 1992 1628; baseline -0.003 -14"><span class='ocrx_word' id='word_1_65' title='bbox 421 1560 718 1622; x_wconf 87' lang='lat' dir='ltr'><strong>miraculis,</strong></span> <span class='ocrx_word' id='word_1_66' title='bbox 756 1558 1088 1628; x_wconf 82' lang='lat' dir='ltr'><strong>transfugere</strong></span> <span class='ocrx_word' id='word_1_67' title='bbox 1132 1559 1196 1612; x_wconf 87' lang='lat' dir='ltr'><strong>ad</strong></span> <span class='ocrx_word' id='word_1_68' title='bbox 1231 1558 1482 1626; x_wconf 73' lang='lat' dir='ltr'><strong>pietatem</strong></span> <span class='ocrx_word' id='word_1_69' title='bbox 1504 1567 1522 1624; x_wconf 84' lang='lat'><strong>‘;</strong></span> <span class='ocrx_word' id='word_1_70' title='bbox 1550 1572 1653 1611; x_wconf 90' lang='lat' dir='ltr'><strong>non</strong></span> <span class='ocrx_word' id='word_1_71' title='bbox 1687 1556 1849 1612; x_wconf 88' lang='lat' dir='ltr'><strong>audet</strong></span> <span class='ocrx_word' id='word_1_72' title='bbox 1873 1557 1992 1626; x_wconf 90' lang='lat' dir='ltr'><strong>qni-</strong></span> 
     </span>
    </p>
   </div>
   <div class='ocr_carea' id='block_1_14' title="bbox 421 1650 1990 1723">
    <p class='ocr_par' dir='ltr' id='par_1_14' title="bbox 421 1650 1990 1723">
     <span class='ocr_line' id='line_1_14' title="bbox 421 1650 1990 1723; baseline -0.003 -13"><span class='ocrx_word' id='word_1_73' title='bbox 421 1655 538 1710; x_wconf 82' lang='lat' dir='ltr'><strong>dem</strong></span> <span class='ocrx_word' id='word_1_74' title='bbox 589 1653 698 1723; x_wconf 83' lang='lat' dir='ltr'><strong>ipse</strong></span> <span class='ocrx_word' id='word_1_75' title='bbox 732 1653 962 1721; x_wconf 80' lang='lat' dir='ltr'><strong>amplius</strong></span> <span class='ocrx_word' id='word_1_76' title='bbox 1007 1661 1281 1706; x_wconf 75' lang='lat' dir='ltr'><strong>certamen</strong></span> <span class='ocrx_word' id='word_1_77' title='bbox 1324 1651 1621 1720; x_wconf 83' lang='lat' dir='ltr'><strong>suscipere,</strong></span> <span class='ocrx_word' id='word_1_78' title='bbox 1669 1651 1761 1704; x_wconf 85' lang='lat' dir='ltr'><strong>sed</strong></span> <span class='ocrx_word' id='word_1_79' title='bbox 1795 1650 1860 1704; x_wconf 89' lang='lat' dir='ltr'><strong>de</strong></span> <span class='ocrx_word' id='word_1_80' title='bbox 1911 1651 1990 1707; x_wconf 87' lang='lat' dir='ltr'><strong>eis</strong></span> 
     </span>
    </p>
   </div>
   <div class='ocr_carea' id='block_1_15' title="bbox 421 1741 1988 1812">
    <p class='ocr_par' dir='ltr' id='par_1_15' title="bbox 421 1741 1988 1812">
     <span class='ocr_line' id='line_1_15' title="bbox 421 1741 1988 1812; baseline -0.001 -14"><span class='ocrx_word' id='word_1_81' title='bbox 421 1747 486 1800; x_wconf 86' lang='lat' dir='ltr'><strong>ad</strong></span> <span class='ocrx_word' id='word_1_82' title='bbox 519 1745 902 1800; x_wconf 74' lang='lat' dir='ltr'><strong>Maximianum</strong></span> <span class='ocrx_word' id='word_1_83' title='bbox 942 1744 1105 1799; x_wconf 81' lang='lat' dir='ltr'><strong>refert</strong></span> <span class='ocrx_word' id='word_1_84' title='bbox 1146 1743 1549 1812; x_wconf 78' lang='lat' dir='ltr'><strong>imperatorem,</strong></span> <span class='ocrx_word' id='word_1_85' title='bbox 1607 1744 1696 1812; x_wconf 91' lang='lat' dir='ltr'><strong>qui</strong></span> <span class='ocrx_word' id='word_1_86' title='bbox 1735 1741 1920 1811; x_wconf 89' lang='lat' dir='ltr'><strong>procul</strong></span> <span class='ocrx_word' id='word_1_87' title='bbox 1960 1757 1988 1796; x_wconf 89' lang='lat' dir='ltr'><strong>a</strong></span> 
     </span>
    </p>
   </div>
   <div class='ocr_carea' id='block_1_16' title="bbox 418 1834 1989 1904">
    <p class='ocr_par' dir='ltr' id='par_1_16' title="bbox 418 1834 1989 1904">
     <span class='ocr_line' id='line_1_16' title="bbox 418 1834 1989 1904; baseline -0.003 -12"><span class='ocrx_word' id='word_1_88' title='bbox 418 1837 732 1892; x_wconf 84' lang='lat' dir='ltr'><strong>Nicomedia</strong></span> <span class='ocrx_word' id='word_1_89' title='bbox 773 1852 893 1890; x_wconf 89' lang='lat' dir='ltr'><strong>cum</strong></span> <span class='ocrx_word' id='word_1_90' title='bbox 933 1846 1044 1890; x_wconf 92' lang='lat' dir='ltr'><strong>toto</strong></span> <span class='ocrx_word' id='word_1_91' title='bbox 1085 1836 1400 1890; x_wconf 81' lang='lat' dir='ltr'><strong>versabalur</strong></span> <span class='ocrx_word' id='word_1_92' title='bbox 1446 1834 1727 1892; x_wconf 83' lang='lat' dir='ltr'><strong>exercitu:</strong></span> <span class='ocrx_word' id='word_1_93' title='bbox 1760 1847 1989 1904; x_wconf 89' lang='lat' dir='ltr'><strong>cumque</strong></span> 
     </span>
    </p>
   </div>
   <div class='ocr_carea' id='block_1_17' title="bbox 421 1924 1991 1998">
    <p class='ocr_par' dir='ltr' id='par_1_17' title="bbox 421 1924 1991 1998">
     <span class='ocr_line' id='line_1_17' title="bbox 421 1924 1991 1998; baseline -0.003 -15"><span class='ocrx_word' id='word_1_94' title='bbox 421 1930 522 1983; x_wconf 87' lang='lat' dir='ltr'><strong>alia</strong></span> <span class='ocrx_word' id='word_1_95' title='bbox 553 1928 860 1998; x_wconf 76' lang='lat' dir='ltr'><strong>singulatim</strong></span> <span class='ocrx_word' id='word_1_96' title='bbox 903 1926 1201 1992; x_wconf 89' lang='lat' dir='ltr'><strong>retulisset,</strong></span> <span class='ocrx_word' id='word_1_97' title='bbox 1231 1936 1286 1981; x_wconf 89' lang='lat' dir='ltr'><strong>et</strong></span> <span class='ocrx_word' id='word_1_98' title='bbox 1332 1924 1472 1994; x_wconf 88' lang='lat' dir='ltr'><strong>quod</strong></span> <span class='ocrx_word' id='word_1_99' title='bbox 1518 1925 1620 1979; x_wconf 89' lang='lat' dir='ltr'><strong>orti</strong></span> <span class='ocrx_word' id='word_1_100' title='bbox 1660 1924 1873 1992; x_wconf 91' lang='lat' dir='ltr'><strong>quidem</strong></span> <span class='ocrx_word' id='word_1_101' title='bbox 1905 1939 1991 1979; x_wconf 86' lang='lat' dir='ltr'><strong>es—</strong></span> 
     </span>
    </p>
   </div>
   <div class='ocr_carea' id='block_1_18' title="bbox 421 2013 1988 2088">
    <p class='ocr_par' dir='ltr' id='par_1_18' title="bbox 421 2013 1988 2088">
     <span class='ocr_line' id='line_1_18' title="bbox 421 2013 1988 2088; baseline -0.004 -16"><span class='ocrx_word' id='word_1_102' title='bbox 421 2028 541 2074; x_wconf 77' lang='lat' dir='ltr'><strong>sent</strong></span> <span class='ocrx_word' id='word_1_103' title='bbox 569 2019 622 2073; x_wconf 91' lang='lat' dir='ltr'><strong>in</strong></span> <span class='ocrx_word' id='word_1_104' title='bbox 653 2019 868 2088; x_wconf 79' lang='lat' dir='ltr'><strong>regione</strong></span> <span class='ocrx_word' id='word_1_105' title='bbox 902 2013 1235 2078; x_wconf 79' lang='lat' dir='ltr'><strong>Galatarum,</strong></span> <span class='ocrx_word' id='word_1_106' title='bbox 1263 2015 1432 2083; x_wconf 89' lang='lat' dir='ltr'><strong>patria</strong></span> <span class='ocrx_word' id='word_1_107' title='bbox 1465 2025 1643 2068; x_wconf 89' lang='lat' dir='ltr'><strong>autem</strong></span> <span class='ocrx_word' id='word_1_108' title='bbox 1671 2013 1988 2084; x_wconf 84' lang='lat' dir='ltr'><strong>Ancyrano-</strong></span> 
     </span>
    </p>
   </div>
   <div class='ocr_carea' id='block_1_19' title="bbox 423 2109 1984 2184">
    <p class='ocr_par' dir='ltr' id='par_1_19' title="bbox 423 2109 1984 2184">
     <span class='ocr_line' id='line_1_19' title="bbox 423 2109 1984 2184; baseline -0.004 -13"><span class='ocrx_word' id='word_1_109' title='bbox 423 2133 581 2184; x_wconf 90' lang='lat' dir='ltr'><strong>rum;</strong></span> <span class='ocrx_word' id='word_1_110' title='bbox 633 2131 752 2170; x_wconf 88' lang='lat' dir='ltr'><strong>cum</strong></span> <span class='ocrx_word' id='word_1_111' title='bbox 807 2130 900 2170; x_wconf 88' lang='lat' dir='ltr'><strong>eas</strong></span> <span class='ocrx_word' id='word_1_112' title='bbox 943 2112 1237 2182; x_wconf 86' lang='lat' dir='ltr'><strong>accepisset</strong></span> <span class='ocrx_word' id='word_1_113' title='bbox 1258 2111 1647 2174; x_wconf 82' lang='lat' dir='ltr'><strong>Maximianus,</strong></span> <span class='ocrx_word' id='word_1_114' title='bbox 1687 2118 1740 2165; x_wconf 93' lang='lat' dir='ltr'><strong>et</strong></span> <span class='ocrx_word' id='word_1_115' title='bbox 1769 2109 1984 2180; x_wconf 85' lang='lat' dir='ltr'><strong>legisset</strong></span> 
     </span>
    </p>
   </div>
   <div class='ocr_carea' id='block_1_20' title="bbox 420 2200 1989 2277">
    <p class='ocr_par' dir='ltr' id='par_1_20' title="bbox 420 2200 1989 2277">
     <span class='ocr_line' id='line_1_20' title="bbox 420 2200 1989 2277; baseline -0.005 -15"><span class='ocrx_word' id='word_1_116' title='bbox 420 2224 483 2262; x_wconf 89' lang='lat' dir='ltr'><strong>ea</strong></span> <span class='ocrx_word' id='word_1_117' title='bbox 527 2223 645 2277; x_wconf 70' lang='lat' dir='ltr'><strong>qua:</strong></span> <span class='ocrx_word' id='word_1_118' title='bbox 675 2205 1108 2271; x_wconf 83' lang='lat' dir='ltr'><strong>continebantur,</strong></span> <span class='ocrx_word' id='word_1_119' title='bbox 1152 2219 1273 2258; x_wconf 88' lang='lat' dir='ltr'><strong>cum</strong></span> <span class='ocrx_word' id='word_1_120' title='bbox 1305 2215 1520 2257; x_wconf 86' lang='lat' dir='ltr'><strong>veretur</strong></span> <span class='ocrx_word' id='word_1_121' title='bbox 1565 2217 1754 2257; x_wconf 88' lang='lat' dir='ltr'><strong>rursus</strong></span> <span class='ocrx_word' id='word_1_122' title='bbox 1783 2200 1989 2256; x_wconf 74' lang='lat' dir='ltr'><strong>exami-</strong></span> 
     </span>
    </p>
   </div>
   <div class='ocr_carea' id='block_1_21' title="bbox 423 2291 1984 2366">
    <p class='ocr_par' dir='ltr' id='par_1_21' title="bbox 423 2291 1984 2366">
     <span class='ocr_line' id='line_1_21' title="bbox 423 2291 1984 2366; baseline -0.004 -13"><span class='ocrx_word' id='word_1_123' title='bbox 423 2314 590 2359; x_wconf 85' lang='lat' dir='ltr'><strong>nare,</strong></span> <span class='ocrx_word' id='word_1_124' title='bbox 622 2298 724 2352; x_wconf 91' lang='lat' dir='ltr'><strong>boc</strong></span> <span class='ocrx_word' id='word_1_125' title='bbox 765 2306 1024 2366; x_wconf 67' lang='lat' dir='ltr'><strong>pra-textu</strong></span> <span class='ocrx_word' id='word_1_126' title='bbox 1064 2309 1175 2350; x_wconf 90' lang='lat' dir='ltr'><strong>rem</strong></span> <span class='ocrx_word' id='word_1_127' title='bbox 1208 2293 1391 2348; x_wconf 87' lang='lat' dir='ltr'><strong>volens</strong></span> <span class='ocrx_word' id='word_1_128' title='bbox 1430 2293 1652 2346; x_wconf 88' lang='lat' dir='ltr'><strong>evitare.</strong></span> <span class='ocrx_word' id='word_1_129' title='bbox 1703 2291 1833 2348; x_wconf 85' lang='lat' dir='ltr'><strong>Nam</strong></span> <span class='ocrx_word' id='word_1_130' title='bbox 1865 2309 1984 2348; x_wconf 89' lang='lat' dir='ltr'><strong>cum</strong></span> 
     </span>
    </p>
   </div>
   <div class='ocr_carea' id='block_1_22' title="bbox 422 2381 1987 2458">
    <p class='ocr_par' dir='ltr' id='par_1_22' title="bbox 422 2381 1987 2458">
     <span class='ocr_line' id='line_1_22' title="bbox 422 2381 1987 2458; baseline -0.003 -18"><span class='ocrx_word' id='word_1_131' title='bbox 422 2404 516 2442; x_wconf 79' lang='lat' dir='ltr'><strong>eos</strong></span> <span class='ocrx_word' id='word_1_132' title='bbox 559 2387 786 2458; x_wconf 60' lang='lat' dir='ltr'><strong>Ancyrae</strong></span> <span class='ocrx_word' id='word_1_133' title='bbox 823 2400 944 2440; x_wconf 90' lang='lat' dir='ltr'><strong>esse</strong></span> <span class='ocrx_word' id='word_1_134' title='bbox 987 2394 1136 2440; x_wconf 84' lang='lat' dir='ltr'><strong>ortos</strong></span> <span class='ocrx_word' id='word_1_135' title='bbox 1181 2383 1374 2438; x_wconf 68' lang='lat' dir='ltr'><strong>litterae</strong></span> <span class='ocrx_word' id='word_1_136' title='bbox 1421 2381 1822 2452; x_wconf 82' lang='lat' dir='ltr'><strong>signiﬁcarent,</strong></span> <span class='ocrx_word' id='word_1_137' title='bbox 1862 2383 1987 2438; x_wconf 88' lang='lat' dir='ltr'><strong>illuc</strong></span> 
     </span>
    </p>
   </div>
   <div class='ocr_carea' id='block_1_23' title="bbox 2098 1180 3656 1256">
    <p class='ocr_par' dir='ltr' id='par_1_23' title="bbox 2098 1180 3656 1256">
     <span class='ocr_line' id='line_1_23' title="bbox 2098 1180 3656 1256; baseline 0.003 -22"><span class='ocrx_word' id='word_1_138' title='bbox 2098 1180 2270 1254; x_wconf 76' lang='grc' dir='ltr'>πείρᾳ</span> <span class='ocrx_word' id='word_1_139' title='bbox 2317 1183 2482 1250; x_wconf 75' lang='grc' dir='ltr'>γνοὺς</span> <span class='ocrx_word' id='word_1_140' title='bbox 2527 1181 2604 1247; x_wconf 88' lang='grc' dir='ltr'><strong>ὼς</strong></span> <span class='ocrx_word' id='word_1_141' title='bbox 2652 1183 2761 1253; x_wconf 81' lang='grc' dir='ltr'><strong>ἀρα</strong></span> <span class='ocrx_word' id='word_1_142' title='bbox 2787 1182 2939 1236; x_wconf 85' lang='grc' dir='ltr'>οὐδὲν</span> <span class='ocrx_word' id='word_1_143' title='bbox 2967 1181 3174 1250; x_wconf 83' lang='grc' dir='ltr'><strong>ὀνίνησι</strong></span> <span class='ocrx_word' id='word_1_144' title='bbox 3222 1189 3349 1248; x_wconf 82' lang='grc' dir='ltr'>τοὺς</span> <span class='ocrx_word' id='word_1_145' title='bbox 3382 1185 3656 1256; x_wconf 78' lang='grc' dir='ltr'>μάρτυρας</span> 
     </span>
    </p>
   </div>
   <div class='ocr_carea' id='block_1_24' title="bbox 2097 1272 3658 1348">
    <p class='ocr_par' dir='ltr' id='par_1_24' title="bbox 2097 1272 3658 1348">
     <span class='ocr_line' id='line_1_24' title="bbox 2097 1272 3658 1348; baseline -0.001 -19"><span class='ocrx_word' id='word_1_146' title='bbox 2097 1273 2526 1347; x_wconf 85' lang='grc' dir='ltr'>τιμωρούμενος,</span> <span class='ocrx_word' id='word_1_147' title='bbox 2556 1274 2650 1328; x_wconf 73' lang='grc' dir='ltr'>καὶ</span> <span class='ocrx_word' id='word_1_148' title='bbox 2679 1272 2858 1345; x_wconf 86' lang='grc' dir='ltr'>ἐαυτῷ</span> <span class='ocrx_word' id='word_1_149' title='bbox 2883 1275 3083 1344; x_wconf 81' lang='grc' dir='ltr'>μᾶλλον</span> <span class='ocrx_word' id='word_1_150' title='bbox 3103 1275 3197 1329; x_wconf 72' lang='grc' dir='ltr'><strong>καὶ</strong></span> <span class='ocrx_word' id='word_1_151' title='bbox 3219 1278 3284 1348; x_wconf 79' lang='grc' dir='ltr'><strong>τῇ</strong></span> <span class='ocrx_word' id='word_1_152' title='bbox 3311 1275 3510 1331; x_wconf 77' lang='grc' dir='ltr'>ἐαυτοῦ</span> <span class='ocrx_word' id='word_1_153' title='bbox 3536 1277 3658 1348; x_wconf 82' lang='grc' dir='ltr'>θρη-</span> 
     </span>
    </p>
   </div>
   <div class='ocr_carea' id='block_1_25' title="bbox 2100 1359 3658 1440">
    <p class='ocr_par' dir='ltr' id='par_1_25' title="bbox 2100 1359 3658 1440">
     <span class='ocr_line' id='line_1_25' title="bbox 2100 1359 3658 1440; baseline 0 -19"><span class='ocrx_word' id='word_1_154' title='bbox 2100 1366 2258 1438; x_wconf 81' lang='grc' dir='ltr'>σκείᾳ</span> <span class='ocrx_word' id='word_1_155' title='bbox 2307 1365 2648 1438; x_wconf 78' lang='grc' dir='ltr'><strong>λυμαίνεται,</strong></span> <span class='ocrx_word' id='word_1_156' title='bbox 2712 1359 2802 1420; x_wconf 77' lang='grc' dir='ltr'><strong>οἷα</strong></span> <span class='ocrx_word' id='word_1_157' title='bbox 2832 1366 3062 1430; x_wconf 81' lang='grc' dir='ltr'>πολλοὺς</span> <span class='ocrx_word' id='word_1_158' title='bbox 3110 1368 3204 1421; x_wconf 75' lang='grc' dir='ltr'><strong>καὶ</strong></span> <span class='ocrx_word' id='word_1_159' title='bbox 3231 1366 3342 1421; x_wconf 57' lang='grc' dir='ltr'>τῶν</span> <span class='ocrx_word' id='word_1_160' title='bbox 3399 1369 3658 1440; x_wconf 78' lang='grc' dir='ltr'>Ἐλλήνων</span> 
     </span>
    </p>
   </div>
   <div class='ocr_carea' id='block_1_26' title="bbox 2096 1458 3661 1531">
    <p class='ocr_par' dir='ltr' id='par_1_26' title="bbox 2096 1458 3661 1531">
     <span class='ocr_line' id='line_1_26' title="bbox 2096 1458 3661 1531; baseline 0.001 -19"><span class='ocrx_word' id='word_1_161' title='bbox 2096 1461 2236 1531; x_wconf 81' lang='grc' dir='ltr'>ὁρῶν</span> <span class='ocrx_word' id='word_1_162' title='bbox 2267 1462 2379 1524; x_wconf 84' lang='grc' dir='ltr'>τοῖς</span> <span class='ocrx_word' id='word_1_163' title='bbox 2415 1458 2735 1530; x_wconf 76' lang='grc' dir='ltr'><strong>παραδόξως</strong></span> <span class='ocrx_word' id='word_1_164' title='bbox 2755 1459 3102 1529; x_wconf 82' lang='grc' dir='ltr'><strong>τελουμένοις</strong></span> <span class='ocrx_word' id='word_1_165' title='bbox 3131 1459 3223 1514; x_wconf 81' lang='grc' dir='ltr'><strong>ὕπ’</strong></span> <span class='ocrx_word' id='word_1_166' title='bbox 3252 1460 3430 1514; x_wconf 77' lang='grc' dir='ltr'>αὐτῶν</span> <span class='ocrx_word' id='word_1_167' title='bbox 3455 1458 3661 1528; x_wconf 71' lang='grc' dir='ltr'>θαύμα-</span> 
     </span>
    </p>
   </div>
   <div class='ocr_carea' id='block_1_27' title="bbox 2099 1551 3657 1623">
    <p class='ocr_par' dir='ltr' id='par_1_27' title="bbox 2099 1551 3657 1623">
     <span class='ocr_line' id='line_1_27' title="bbox 2099 1551 3657 1623; baseline 0 -17"><span class='ocrx_word' id='word_1_168' title='bbox 2099 1569 2183 1606; x_wconf 86' lang='grc' dir='ltr'><strong>σιν</strong></span> <span class='ocrx_word' id='word_1_169' title='bbox 2221 1551 2657 1623; x_wconf 77' lang='grc' dir='ltr'>αὐτομολοῦντας</span> <span class='ocrx_word' id='word_1_170' title='bbox 2691 1551 2828 1621; x_wconf 82' lang='grc' dir='ltr'>πρδς</span> <span class='ocrx_word' id='word_1_171' title='bbox 2877 1553 2977 1613; x_wconf 76' lang='grc' dir='ltr'>τὴν</span> <span class='ocrx_word' id='word_1_172' title='bbox 3030 1552 3332 1616; x_wconf 76' lang='grc' dir='ltr'>εὐσέϐειαν,</span> <span class='ocrx_word' id='word_1_173' title='bbox 3363 1552 3531 1615; x_wconf 74' lang='grc' dir='ltr'>αὐτὸς</span> <span class='ocrx_word' id='word_1_174' title='bbox 3573 1552 3657 1623; x_wconf 83' lang='grc' dir='ltr'><strong>μέν</strong></span> 
     </span>
    </p>
   </div>
   <div class='ocr_carea' id='block_1_28' title="bbox 2094 1639 3659 1712">
    <p class='ocr_par' dir='ltr' id='par_1_28' title="bbox 2094 1639 3659 1712">
     <span class='ocr_line' id='line_1_28' title="bbox 2094 1639 3659 1712; baseline 0 -18"><span class='ocrx_word' id='word_1_175' title='bbox 2094 1641 2193 1695; x_wconf 75' lang='grc' dir='ltr'><strong>οὐκ</strong></span> <span class='ocrx_word' id='word_1_176' title='bbox 2218 1641 2298 1696; x_wconf 72' lang='grc' dir='ltr'>ἔτι</span> <span class='ocrx_word' id='word_1_177' title='bbox 2330 1640 2515 1695; x_wconf 79' lang='grc' dir='ltr'>λοιπὸν</span> <span class='ocrx_word' id='word_1_178' title='bbox 2547 1640 2638 1694; x_wconf 79' lang='grc' dir='ltr'>τὸν</span> <span class='ocrx_word' id='word_1_179' title='bbox 2666 1639 2855 1708; x_wconf 84' lang='grc' dir='ltr'>ἀγῶνα</span> <span class='ocrx_word' id='word_1_180' title='bbox 2900 1639 3113 1712; x_wconf 78' lang='grc' dir='ltr'>θαρρεῖ,</span> <span class='ocrx_word' id='word_1_181' title='bbox 3137 1639 3471 1711; x_wconf 81' lang='grc' dir='ltr'>Μαξιμιανῷ</span> <span class='ocrx_word' id='word_1_182' title='bbox 3503 1640 3561 1693; x_wconf 86' lang='grc' dir='ltr'>δὲ</span> <span class='ocrx_word' id='word_1_183' title='bbox 3590 1639 3659 1707; x_wconf 85' lang='grc' dir='ltr'>τῷ</span> 
     </span>
    </p>
   </div>
   <div class='ocr_carea' id='block_1_29' title="bbox 2099 1731 3661 1804">
    <p class='ocr_par' dir='ltr' id='par_1_29' title="bbox 2099 1731 3661 1804">
     <span class='ocr_line' id='line_1_29' title="bbox 2099 1731 3661 1804; baseline 0.001 -19"><span class='ocrx_word' id='word_1_184' title='bbox 2099 1734 2319 1804; x_wconf 81' lang='grc' dir='ltr'>μεγάλῳ</span> <span class='ocrx_word' id='word_1_185' title='bbox 2353 1732 2561 1803; x_wconf 84' lang='grc' dir='ltr'>βασιλεῖ</span> <span class='ocrx_word' id='word_1_186' title='bbox 2588 1731 2656 1784; x_wconf 83' lang='grc' dir='ltr'><strong>τά</strong></span> <span class='ocrx_word' id='word_1_187' title='bbox 2695 1733 2818 1785; x_wconf 82' lang='grc' dir='ltr'>κατ’</span> <span class='ocrx_word' id='word_1_188' title='bbox 2853 1732 3052 1796; x_wconf 81' lang='grc' dir='ltr'>αὐτοὺς</span> <span class='ocrx_word' id='word_1_189' title='bbox 3107 1733 3392 1803; x_wconf 80' lang='grc' dir='ltr'>ἀναφέρει,</span> <span class='ocrx_word' id='word_1_190' title='bbox 3451 1735 3661 1803; x_wconf 73' lang='grc' dir='ltr'>μακράν</span> 
     </span>
    </p>
   </div>
   <div class='ocr_carea' id='block_1_30' title="bbox 2096 1823 3659 1896">
    <p class='ocr_par' dir='ltr' id='par_1_30' title="bbox 2096 1823 3659 1896">
     <span class='ocr_line' id='line_1_30' title="bbox 2096 1823 3659 1896; baseline 0 -19"><span class='ocrx_word' id='word_1_191' title='bbox 2096 1842 2197 1877; x_wconf 81' lang='grc' dir='ltr'><strong>που</strong></span> <span class='ocrx_word' id='word_1_192' title='bbox 2227 1824 2596 1895; x_wconf 81' lang='grc' dir='ltr'>Νικομηδείας</span> <span class='ocrx_word' id='word_1_193' title='bbox 2622 1823 2757 1894; x_wconf 79' lang='grc' dir='ltr'>ὁμοῦ</span> <span class='ocrx_word' id='word_1_194' title='bbox 2781 1823 2860 1894; x_wconf 80' lang='grc' dir='ltr'>τῷ</span> <span class='ocrx_word' id='word_1_195' title='bbox 2882 1823 3048 1878; x_wconf 74' lang='grc' dir='ltr'>παντὶ</span> <span class='ocrx_word' id='word_1_196' title='bbox 3074 1824 3286 1895; x_wconf 86' lang='grc' dir='ltr'>στρατῷ</span> <span class='ocrx_word' id='word_1_197' title='bbox 3315 1825 3659 1896; x_wconf 88' lang='grc' dir='ltr'>διατρίϐοντι·</span> 
     </span>
    </p>
   </div>
   <div class='ocr_carea' id='block_1_31' title="bbox 2093 1915 3660 1989">
    <p class='ocr_par' dir='ltr' id='par_1_31' title="bbox 2093 1915 3660 1989">
     <span class='ocr_line' id='line_1_31' title="bbox 2093 1915 3660 1989; baseline 0.001 -19"><span class='ocrx_word' id='word_1_198' title='bbox 2093 1916 2262 1970; x_wconf 77' lang='grc' dir='ltr'>τᾶλλα</span> <span class='ocrx_word' id='word_1_199' title='bbox 2292 1932 2350 1968; x_wconf 89' lang='grc' dir='ltr'><strong>τε</strong></span> <span class='ocrx_word' id='word_1_200' title='bbox 2387 1916 2526 1970; x_wconf 81' lang='grc' dir='ltr'>κατὰ</span> <span class='ocrx_word' id='word_1_201' title='bbox 2559 1917 2728 1989; x_wconf 83' lang='grc' dir='ltr'>μέρος</span> <span class='ocrx_word' id='word_1_202' title='bbox 2756 1915 3065 1983; x_wconf 83' lang='grc' dir='ltr'>διεξελθὼν,</span> <span class='ocrx_word' id='word_1_203' title='bbox 3098 1917 3193 1970; x_wconf 81' lang='grc' dir='ltr'><strong>καὶ</strong></span> <span class='ocrx_word' id='word_1_204' title='bbox 3222 1917 3303 1971; x_wconf 85' lang='grc' dir='ltr'>ὅτι</span> <span class='ocrx_word' id='word_1_205' title='bbox 3346 1915 3533 1987; x_wconf 83' lang='grc' dir='ltr'>χώρας</span> <span class='ocrx_word' id='word_1_206' title='bbox 3574 1917 3660 1987; x_wconf 84' lang='grc' dir='ltr'>μὲν</span> 
     </span>
    </p>
   </div>
   <div class='ocr_carea' id='block_1_32' title="bbox 2092 2007 3662 2080">
    <p class='ocr_par' dir='ltr' id='par_1_32' title="bbox 2092 2007 3662 2080">
     <span class='ocr_line' id='line_1_32' title="bbox 2092 2007 3662 2080; baseline 0.001 -19"><span class='ocrx_word' id='word_1_207' title='bbox 2092 2007 2194 2078; x_wconf 84' lang='grc' dir='ltr'>τῆς</span> <span class='ocrx_word' id='word_1_208' title='bbox 2219 2007 2326 2061; x_wconf 85' lang='grc' dir='ltr'><strong>τῶν</strong></span> <span class='ocrx_word' id='word_1_209' title='bbox 2359 2007 2633 2074; x_wconf 86' lang='grc' dir='ltr'>Γαλατῶν,</span> <span class='ocrx_word' id='word_1_210' title='bbox 2667 2009 2926 2080; x_wconf 79' lang='grc' dir='ltr'>πατρίδος</span> <span class='ocrx_word' id='word_1_211' title='bbox 2949 2010 3008 2062; x_wconf 84' lang='grc' dir='ltr'>δὲ</span> <span class='ocrx_word' id='word_1_212' title='bbox 3039 2011 3140 2080; x_wconf 81' lang='grc' dir='ltr'>τῆς</span> <span class='ocrx_word' id='word_1_213' title='bbox 3180 2007 3536 2080; x_wconf 79' lang='grc' dir='ltr'>’Δγκυρανῶν</span> <span class='ocrx_word' id='word_1_214' title='bbox 3562 2008 3662 2079; x_wconf 82' lang='grc' dir='ltr'><strong>ὦρ-</strong></span> 
     </span>
    </p>
   </div>
   <div class='ocr_carea' id='block_1_33' title="bbox 2097 2097 3660 2174">
    <p class='ocr_par' dir='ltr' id='par_1_33' title="bbox 2097 2097 3660 2174">
     <span class='ocr_line' id='line_1_33' title="bbox 2097 2097 3660 2174; baseline 0.001 -22"><span class='ocrx_word' id='word_1_215' title='bbox 2097 2117 2315 2172; x_wconf 80' lang='grc' dir='ltr'>μηνται.</span> <span class='ocrx_word' id='word_1_216' title='bbox 2367 2100 2668 2171; x_wconf 80' lang='grc' dir='ltr'>Δεξάμενος</span> <span class='ocrx_word' id='word_1_217' title='bbox 2701 2097 2796 2156; x_wconf 77' lang='grc' dir='ltr'>οὖν</span> <span class='ocrx_word' id='word_1_218' title='bbox 2825 2101 2897 2156; x_wconf 78' lang='grc' dir='ltr'><strong>τὰ</strong></span> <span class='ocrx_word' id='word_1_219' title='bbox 2930 2103 3238 2174; x_wconf 81' lang='grc' dir='ltr'>γράμματα</span> <span class='ocrx_word' id='word_1_220' title='bbox 3271 2103 3299 2154; x_wconf 83' lang='grc' dir='ltr'>ὁ</span> <span class='ocrx_word' id='word_1_221' title='bbox 3327 2101 3660 2169; x_wconf 81' lang='grc' dir='ltr'>Μαξιμιανδς</span> 
     </span>
    </p>
   </div>
   <div class='ocr_carea' id='block_1_34' title="bbox 2094 2188 3660 2264">
    <p class='ocr_par' dir='ltr' id='par_1_34' title="bbox 2094 2188 3660 2264">
     <span class='ocr_line' id='line_1_34' title="bbox 2094 2188 3660 2264; baseline 0 -20"><span class='ocrx_word' id='word_1_222' title='bbox 2094 2191 2188 2244; x_wconf 76' lang='grc' dir='ltr'><strong>καὶ</strong></span> <span class='ocrx_word' id='word_1_223' title='bbox 2213 2190 2282 2243; x_wconf 82' lang='grc' dir='ltr'>τὰ</span> <span class='ocrx_word' id='word_1_224' title='bbox 2305 2191 2600 2261; x_wconf 83' lang='grc' dir='ltr'>ἐγκείμενα</span> <span class='ocrx_word' id='word_1_225' title='bbox 2632 2191 2897 2258; x_wconf 81' lang='grc' dir='ltr'>ἐπελθὼν,</span> <span class='ocrx_word' id='word_1_226' title='bbox 2932 2188 3088 2256; x_wconf 79' lang='grc' dir='ltr'>αὖθις</span> <span class='ocrx_word' id='word_1_227' title='bbox 3112 2193 3264 2246; x_wconf 81' lang='grc' dir='ltr'>ὀκνεῖ</span> <span class='ocrx_word' id='word_1_228' title='bbox 3281 2191 3379 2264; x_wconf 79' lang='grc' dir='ltr'>τὴν</span> <span class='ocrx_word' id='word_1_229' title='bbox 3403 2192 3660 2259; x_wconf 77' lang='grc' dir='ltr'>ἐξέτασιν,</span> 
     </span>
    </p>
   </div>
   <div class='ocr_carea' id='block_1_35' title="bbox 2093 2281 3662 2357">
    <p class='ocr_par' dir='ltr' id='par_1_35' title="bbox 2093 2281 3662 2357">
     <span class='ocr_line' id='line_1_35' title="bbox 2093 2281 3662 2357; baseline 0.001 -21"><span class='ocrx_word' id='word_1_230' title='bbox 2093 2281 2263 2356; x_wconf 74' lang='grc' dir='ltr'>ταύτῃ</span> <span class='ocrx_word' id='word_1_231' title='bbox 2315 2301 2397 2336; x_wconf 87' lang='grc' dir='ltr'><strong>τοι</strong></span> <span class='ocrx_word' id='word_1_232' title='bbox 2453 2286 2547 2338; x_wconf 74' lang='grc' dir='ltr'><strong>καὶ</strong></span> <span class='ocrx_word' id='word_1_233' title='bbox 2617 2285 2840 2356; x_wconf 80' lang='grc' dir='ltr'>ἀφορμῇ</span> <span class='ocrx_word' id='word_1_234' title='bbox 2909 2284 3072 2339; x_wconf 85' lang='grc' dir='ltr'>πάλιν</span> <span class='ocrx_word' id='word_1_235' title='bbox 3132 2285 3476 2357; x_wconf 79' lang='grc' dir='ltr'>εὑπροσώπῳ</span> <span class='ocrx_word' id='word_1_236' title='bbox 3521 2303 3662 2357; x_wconf 84' lang='grc' dir='ltr'>περι-</span> 
     </span>
    </p>
   </div>
   <div class='ocr_carea' id='block_1_36' title="bbox 2095 2376 3661 2448">
    <p class='ocr_par' dir='ltr' id='par_1_36' title="bbox 2095 2376 3661 2448">
     <span class='ocr_line' id='line_1_36' title="bbox 2095 2376 3661 2448; baseline 0.001 -20"><span class='ocrx_word' id='word_1_237' title='bbox 2095 2376 2296 2429; x_wconf 82' lang='grc' dir='ltr'>στεῖλαι</span> <span class='ocrx_word' id='word_1_238' title='bbox 2317 2377 2377 2429; x_wconf 84' lang='grc' dir='ltr'>τὸ</span> <span class='ocrx_word' id='word_1_239' title='bbox 2407 2378 2641 2447; x_wconf 76' lang='grc' dir='ltr'>πρᾶγμα</span> <span class='ocrx_word' id='word_1_240' title='bbox 2666 2377 3008 2448; x_wconf 79' lang='grc' dir='ltr'>βουλόμενος.</span> <span class='ocrx_word' id='word_1_241' title='bbox 3050 2378 3202 2430; x_wconf 73' lang='grc' dir='ltr'>Ἐπεὶ</span> <span class='ocrx_word' id='word_1_242' title='bbox 3223 2378 3316 2430; x_wconf 76' lang='grc' dir='ltr'>καὶ</span> <span class='ocrx_word' id='word_1_243' title='bbox 3342 2377 3444 2447; x_wconf 83' lang='grc' dir='ltr'>τῆς</span> <span class='ocrx_word' id='word_1_244' title='bbox 3469 2379 3661 2445; x_wconf 77' lang='grc' dir='ltr'>Ἄγκυ-</span> 
     </span>
    </p>
   </div>
   <div class='ocr_carea' id='block_1_37' title="bbox 423 2466 1994 2546">
    <p class='ocr_par' dir='ltr' id='par_1_37' title="bbox 423 2475 1992 2546">
     <span class='ocr_line' id='line_1_37' title="bbox 423 2475 1992 2546; baseline -0.003 -12"><span class='ocrx_word' id='word_1_245' title='bbox 423 2489 643 2534; x_wconf 86' lang='lat' dir='ltr'><strong>sanctos</strong></span> <span class='ocrx_word' id='word_1_246' title='bbox 689 2478 754 2533; x_wconf 93' lang='lat' dir='ltr'><strong>ad</strong></span> <span class='ocrx_word' id='word_1_247' title='bbox 809 2476 1094 2546; x_wconf 89' lang='lat' dir='ltr'><strong>quemdam</strong></span> <span class='ocrx_word' id='word_1_248' title='bbox 1142 2480 1331 2530; x_wconf 87' lang='lat' dir='ltr'><strong>ducem</strong></span> <span class='ocrx_word' id='word_1_249' title='bbox 1375 2475 1727 2539; x_wconf 85' lang='lat' dir='ltr'><strong>transmittit,</strong></span> <span class='ocrx_word' id='word_1_250' title='bbox 1775 2476 1992 2530; x_wconf 89' lang='lat' dir='ltr'><strong>nomine</strong></span> 
     </span>
    </p>
   </div>
   <div class='ocr_carea' id='block_1_38' title="bbox 2103 2466 3662 2546">
    <p class='ocr_par' dir='ltr' id='par_1_38' title="bbox 2103 2467 3662 2542">
     <span class='ocr_line' id='line_1_38' title="bbox 2103 2467 3662 2542; baseline 0.001 -22"><span class='ocrx_word' id='word_1_251' title='bbox 2103 2467 2272 2537; x_wconf 85' lang='grc' dir='ltr'>ρανῶν</span> <span class='ocrx_word' id='word_1_252' title='bbox 2307 2467 2598 2538; x_wconf 79' lang='grc' dir='ltr'>ὡρμῆσθαι</span> <span class='ocrx_word' id='word_1_253' title='bbox 2620 2469 2818 2533; x_wconf 70' lang='grc' dir='ltr'>αὐτοὺς</span> <span class='ocrx_word' id='word_1_254' title='bbox 2839 2469 3024 2541; x_wconf 79' lang='grc' dir='ltr'>ἐδήλου</span> <span class='ocrx_word' id='word_1_255' title='bbox 3047 2469 3116 2522; x_wconf 81' lang='grc' dir='ltr'>τὰ</span> <span class='ocrx_word' id='word_1_256' title='bbox 3147 2471 3475 2542; x_wconf 85' lang='grc' dir='ltr'>γράμματα,</span> <span class='ocrx_word' id='word_1_257' title='bbox 3498 2472 3662 2524; x_wconf 80' lang='grc' dir='ltr'>ἐκεῖσε</span> 
     </span>
    </p>
   </div>
   <div class='ocr_carea' id='block_1_39' title="bbox 423 2567 1992 2640">
    <p class='ocr_par' dir='ltr' id='par_1_39' title="bbox 423 2567 1992 2640">
     <span class='ocr_line' id='line_1_39' title="bbox 423 2567 1992 2640; baseline -0.001 -13"><span class='ocrx_word' id='word_1_258' title='bbox 423 2573 718 2634; x_wconf 80' lang='lat' dir='ltr'><strong>Curicium,</strong></span> <span class='ocrx_word' id='word_1_259' title='bbox 751 2572 940 2626; x_wconf 88' lang='lat' dir='ltr'><strong>dicens</strong></span> <span class='ocrx_word' id='word_1_260' title='bbox 974 2587 988 2625; x_wconf 90' lang='lat'><strong>:</strong></span> <span class='ocrx_word' id='word_1_261' title='bbox 1024 2567 1260 2638; x_wconf 67' lang='lat' dir='ltr'><strong>Equum</strong></span> <span class='ocrx_word' id='word_1_262' title='bbox 1295 2576 1399 2636; x_wconf 86' lang='lat' dir='ltr'><strong>est,</strong></span> <span class='ocrx_word' id='word_1_263' title='bbox 1430 2579 1487 2623; x_wconf 92' lang='lat' dir='ltr'><strong>ut</strong></span> <span class='ocrx_word' id='word_1_264' title='bbox 1515 2583 1636 2640; x_wconf 64' lang='lat' dir='ltr'><strong>quae</strong></span> <span class='ocrx_word' id='word_1_265' title='bbox 1660 2569 1867 2640; x_wconf 80' lang='lat' dir='ltr'><strong>genuit,</strong></span> <span class='ocrx_word' id='word_1_266' title='bbox 1899 2584 1992 2625; x_wconf 89' lang='lat' dir='ltr'><strong>eos</strong></span> 
     </span>
    </p>
   </div>
   <div class='ocr_carea' id='block_1_40' title="bbox 424 2661 1310 2732">
    <p class='ocr_par' dir='ltr' id='par_1_40' title="bbox 424 2661 1310 2732">
     <span class='ocr_line' id='line_1_40' title="bbox 424 2661 1310 2732; baseline -0.003 -14"><span class='ocrx_word' id='word_1_267' title='bbox 424 2674 478 2718; x_wconf 83' lang='lat' dir='ltr'><strong>ct</strong></span> <span class='ocrx_word' id='word_1_268' title='bbox 513 2665 724 2730; x_wconf 73' lang='lat' dir='ltr'><strong>habent,</strong></span> <span class='ocrx_word' id='word_1_269' title='bbox 757 2673 811 2718; x_wconf 86' lang='lat' dir='ltr'><strong>et</strong></span> <span class='ocrx_word' id='word_1_270' title='bbox 840 2661 979 2728; x_wconf 81' lang='lat' dir='ltr'><strong>alat,</strong></span> <span class='ocrx_word' id='word_1_271' title='bbox 1016 2670 1070 2716; x_wconf 86' lang='lat' dir='ltr'><strong>et</strong></span> <span class='ocrx_word' id='word_1_272' title='bbox 1103 2661 1310 2732; x_wconf 83' lang='lat' dir='ltr'><strong>puniat.</strong></span> 
     </span>
    </p>
   </div>
   <div class='ocr_carea' id='block_1_41' title="bbox 494 2835 1993 2908">
    <p class='ocr_par' dir='ltr' id='par_1_41' title="bbox 494 2835 1993 2908">
     <span class='ocr_line' id='line_1_41' title="bbox 494 2835 1993 2908; baseline -0.004 -11"><span class='ocrx_word' id='word_1_273' title='bbox 494 2843 604 2904; x_wconf 80' lang='lat' dir='ltr'><strong>LV.</strong></span> <span class='ocrx_word' id='word_1_274' title='bbox 649 2840 883 2896; x_wconf 88' lang='lat' dir='ltr'><strong>Tantum</strong></span> <span class='ocrx_word' id='word_1_275' title='bbox 919 2838 1137 2894; x_wconf 77' lang='lat' dir='ltr'><strong>solertia</strong></span> <span class='ocrx_word' id='word_1_276' title='bbox 1178 2846 1230 2894; x_wconf 88' lang='lat' dir='ltr'><strong>et</strong></span> <span class='ocrx_word' id='word_1_277' title='bbox 1265 2835 1531 2908; x_wconf 85' lang='lat' dir='ltr'><strong>sapientia</strong></span> <span class='ocrx_word' id='word_1_278' title='bbox 1572 2846 1627 2893; x_wconf 91' lang='lat' dir='ltr'><strong>et</strong></span> <span class='ocrx_word' id='word_1_279' title='bbox 1648 2835 1993 2908; x_wconf 83' lang='lat' dir='ltr'><strong>excogitandi</strong></span> 
     </span>
    </p>
   </div>
   <div class='ocr_carea' id='block_1_42' title="bbox 428 2927 1993 3001">
    <p class='ocr_par' dir='ltr' id='par_1_42' title="bbox 428 2927 1993 3001">
     <span class='ocr_line' id='line_1_42' title="bbox 428 2927 1993 3001; baseline -0.003 -13"><span class='ocrx_word' id='word_1_280' title='bbox 428 2934 686 2990; x_wconf 75' lang='lat' dir='ltr'><strong>facilitate</strong></span> <span class='ocrx_word' id='word_1_281' title='bbox 715 2932 854 2986; x_wconf 87' lang='lat' dir='ltr'><strong>valet</strong></span> <span class='ocrx_word' id='word_1_282' title='bbox 889 2930 981 2986; x_wconf 87' lang='lat' dir='ltr'><strong>Dei</strong></span> <span class='ocrx_word' id='word_1_283' title='bbox 1024 2929 1363 3001; x_wconf 82' lang='lat' dir='ltr'><strong>providentia</strong></span> <span class='ocrx_word' id='word_1_284' title='bbox 1388 2967 1406 2994; x_wconf 93' lang='lat'><strong>,</strong></span> <span class='ocrx_word' id='word_1_285' title='bbox 1433 2937 1486 2982; x_wconf 92' lang='lat' dir='ltr'><strong>et</strong></span> <span class='ocrx_word' id='word_1_286' title='bbox 1521 2928 1574 2982; x_wconf 90' lang='lat' dir='ltr'><strong>in</strong></span> <span class='ocrx_word' id='word_1_287' title='bbox 1611 2929 1772 2983; x_wconf 85' lang='lat' dir='ltr'><strong>rebus</strong></span> <span class='ocrx_word' id='word_1_288' title='bbox 1816 2927 1993 2984; x_wconf 84' lang='lat' dir='ltr'><strong>dubiis</strong></span> 
     </span>
    </p>
   </div>
   <div class='ocr_carea' id='block_1_43' title="bbox 423 3021 1990 3088">
    <p class='ocr_par' dir='ltr' id='par_1_43' title="bbox 423 3021 1990 3088">
     <span class='ocr_line' id='line_1_43' title="bbox 423 3021 1990 3088; baseline -0.004 -8"><span class='ocrx_word' id='word_1_289' title='bbox 423 3027 627 3080; x_wconf 80' lang='lat' dir='ltr'><strong>exitum</strong></span> <span class='ocrx_word' id='word_1_290' title='bbox 656 3033 762 3078; x_wconf 82' lang='lat' dir='ltr'><strong>tam</strong></span> <span class='ocrx_word' id='word_1_291' title='bbox 804 3022 961 3077; x_wconf 78' lang='lat' dir='ltr'><strong>facile</strong></span> <span class='ocrx_word' id='word_1_292' title='bbox 994 3022 1220 3086; x_wconf 88' lang='lat' dir='ltr'><strong>invenit,</strong></span> <span class='ocrx_word' id='word_1_293' title='bbox 1257 3029 1310 3076; x_wconf 92' lang='lat' dir='ltr'><strong>et</strong></span> <span class='ocrx_word' id='word_1_294' title='bbox 1348 3021 1621 3084; x_wconf 87' lang='lat' dir='ltr'><strong>Clemens,</strong></span> <span class='ocrx_word' id='word_1_295' title='bbox 1651 3021 1740 3088; x_wconf 90' lang='lat' dir='ltr'><strong>qui</strong></span> <span class='ocrx_word' id='word_1_296' title='bbox 1785 3029 1990 3074; x_wconf 84' lang='lat' dir='ltr'><strong>tantum</strong></span> 
     </span>
    </p>
   </div>
   <div class='ocr_carea' id='block_1_44' title="bbox 428 3111 1995 3181">
    <p class='ocr_par' dir='ltr' id='par_1_44' title="bbox 428 3111 1995 3181">
     <span class='ocr_line' id='line_1_44' title="bbox 428 3111 1995 3181; baseline -0.004 -10"><span class='ocrx_word' id='word_1_297' title='bbox 428 3127 585 3171; x_wconf 67' lang='lat' dir='ltr'><strong>terra:</strong></span> <span class='ocrx_word' id='word_1_298' title='bbox 623 3124 677 3169; x_wconf 87' lang='lat' dir='ltr'><strong>ct</strong></span> <span class='ocrx_word' id='word_1_299' title='bbox 708 3115 876 3168; x_wconf 89' lang='lat' dir='ltr'><strong>maris</strong></span> <span class='ocrx_word' id='word_1_300' title='bbox 906 3114 1135 3176; x_wconf 86' lang='lat' dir='ltr'><strong>obierat,</strong></span> <span class='ocrx_word' id='word_1_301' title='bbox 1163 3122 1216 3168; x_wconf 90' lang='lat' dir='ltr'><strong>et</strong></span> <span class='ocrx_word' id='word_1_302' title='bbox 1249 3112 1450 3166; x_wconf 89' lang='lat' dir='ltr'><strong>tamdiu</strong></span> <span class='ocrx_word' id='word_1_303' title='bbox 1482 3113 1655 3166; x_wconf 79' lang='lat' dir='ltr'><strong>fuerat</strong></span> <span class='ocrx_word' id='word_1_304' title='bbox 1682 3111 1995 3181; x_wconf 87' lang='lat' dir='ltr'><strong>peregrina-</strong></span> 
     </span>
    </p>
   </div>
   <div class='ocr_carea' id='block_1_45' title="bbox 424 3202 1990 3276">
    <p class='ocr_par' dir='ltr' id='par_1_45' title="bbox 424 3202 1990 3276">
     <span class='ocr_line' id='line_1_45' title="bbox 424 3202 1990 3276; baseline -0.003 -14"><span class='ocrx_word' id='word_1_305' title='bbox 424 3215 533 3274; x_wconf 73' lang='lat' dir='ltr'><strong>tus,</strong></span> <span class='ocrx_word' id='word_1_306' title='bbox 555 3209 606 3262; x_wconf 91' lang='lat' dir='ltr'><strong>in</strong></span> <span class='ocrx_word' id='word_1_307' title='bbox 635 3206 1005 3262; x_wconf 82' lang='lat' dir='ltr'><strong>charissimam</strong></span> <span class='ocrx_word' id='word_1_308' title='bbox 1026 3216 1078 3260; x_wconf 92' lang='lat' dir='ltr'><strong>et</strong></span> <span class='ocrx_word' id='word_1_309' title='bbox 1100 3205 1570 3276; x_wconf 86' lang='lat' dir='ltr'><strong>jucundissimam,</strong></span> <span class='ocrx_word' id='word_1_310' title='bbox 1591 3205 1732 3258; x_wconf 89' lang='lat' dir='ltr'><strong>sicut</strong></span> <span class='ocrx_word' id='word_1_311' title='bbox 1749 3202 1990 3272; x_wconf 89' lang='lat' dir='ltr'><strong>optabat,</strong></span> 
     </span>
    </p>
   </div>
   <div class='ocr_carea' id='block_1_46' title="bbox 425 3298 1995 3373">
    <p class='ocr_par' dir='ltr' id='par_1_46' title="bbox 425 3298 1995 3373">
     <span class='ocr_line' id='line_1_46' title="bbox 425 3298 1995 3373; baseline -0.002 -18"><span class='ocrx_word' id='word_1_312' title='bbox 425 3303 653 3373; x_wconf 89' lang='lat' dir='ltr'><strong>patriam</strong></span> <span class='ocrx_word' id='word_1_313' title='bbox 679 3301 990 3357; x_wconf 78' lang='lat' dir='ltr'><strong>revertitur.</strong></span> <span class='ocrx_word' id='word_1_314' title='bbox 1022 3299 1194 3366; x_wconf 84' lang='lat' dir='ltr'><strong>Quam</strong></span> <span class='ocrx_word' id='word_1_315' title='bbox 1222 3315 1341 3354; x_wconf 90' lang='lat' dir='ltr'><strong>cum</strong></span> <span class='ocrx_word' id='word_1_316' title='bbox 1373 3299 1496 3354; x_wconf 68' lang='lat' dir='ltr'><strong>laeto</strong></span> <span class='ocrx_word' id='word_1_317' title='bbox 1533 3307 1588 3353; x_wconf 91' lang='lat' dir='ltr'><strong>et</strong></span> <span class='ocrx_word' id='word_1_318' title='bbox 1615 3298 1782 3353; x_wconf 89' lang='lat' dir='ltr'><strong>alacri</strong></span> <span class='ocrx_word' id='word_1_319' title='bbox 1815 3300 1995 3353; x_wconf 87' lang='lat' dir='ltr'><strong>animo</strong></span> 
     </span>
    </p>
   </div>
   <div class='ocr_carea' id='block_1_47' title="bbox 425 3390 1995 3465">
    <p class='ocr_par' dir='ltr' id='par_1_47' title="bbox 425 3390 1995 3465">
     <span class='ocr_line' id='line_1_47' title="bbox 425 3390 1995 3465; baseline 0 -17"><span class='ocrx_word' id='word_1_320' title='bbox 425 3402 570 3448; x_wconf 84' lang='lat' dir='ltr'><strong>esset</strong></span> <span class='ocrx_word' id='word_1_321' title='bbox 620 3393 893 3465; x_wconf 84' lang='lat' dir='ltr'><strong>ingressus</strong></span> <span class='ocrx_word' id='word_1_322' title='bbox 931 3411 946 3448; x_wconf 87' lang='lat'><strong>:</strong></span> <span class='ocrx_word' id='word_1_323' title='bbox 987 3391 1169 3448; x_wconf 86' lang='lat' dir='ltr'><strong>Gloria</strong></span> <span class='ocrx_word' id='word_1_324' title='bbox 1205 3391 1321 3458; x_wconf 83' lang='lat' dir='ltr'><strong>tibi,</strong></span> <span class='ocrx_word' id='word_1_325' title='bbox 1361 3391 1588 3446; x_wconf 89' lang='lat' dir='ltr'><strong>Domine</strong></span> <span class='ocrx_word' id='word_1_326' title='bbox 1617 3390 1745 3447; x_wconf 84' lang='lat' dir='ltr'><strong>Jcsu</strong></span> <span class='ocrx_word' id='word_1_327' title='bbox 1777 3391 1995 3448; x_wconf 78' lang='lat' dir='ltr'><strong>ChriSte</strong></span> 
     </span>
    </p>
   </div>
   <div class='ocr_carea' id='block_1_48' title="bbox 428 3483 1995 3555">
    <p class='ocr_par' dir='ltr' id='par_1_48' title="bbox 428 3483 1995 3555">
     <span class='ocr_line' id='line_1_48' title="bbox 428 3483 1995 3555; baseline -0.004 -13"><span class='ocrx_word' id='word_1_328' title='bbox 428 3487 603 3551; x_wconf 84' lang='lat' dir='ltr'><strong>Deus,</strong></span> <span class='ocrx_word' id='word_1_329' title='bbox 634 3486 883 3552; x_wconf 87' lang='lat' dir='ltr'><strong>dicebat,</strong></span> <span class='ocrx_word' id='word_1_330' title='bbox 927 3487 1068 3555; x_wconf 89' lang='lat' dir='ltr'><strong>quod</strong></span> <span class='ocrx_word' id='word_1_331' title='bbox 1105 3499 1256 3540; x_wconf 87' lang='lat' dir='ltr'><strong>meas</strong></span> <span class='ocrx_word' id='word_1_332' title='bbox 1293 3498 1482 3554; x_wconf 86' lang='lat' dir='ltr'><strong>preces</strong></span> <span class='ocrx_word' id='word_1_333' title='bbox 1517 3483 1822 3539; x_wconf 83' lang='lat' dir='ltr'><strong>exaudieris</strong></span> <span class='ocrx_word' id='word_1_334' title='bbox 1844 3523 1859 3550; x_wconf 97' lang='lat'><strong>,</strong></span> <span class='ocrx_word' id='word_1_335' title='bbox 1894 3498 1995 3553; x_wconf 87' lang='lat' dir='ltr'><strong>pa-</strong></span> 
     </span>
    </p>
   </div>
   <div class='ocr_carea' id='block_1_49' title="bbox 425 3574 1992 3647">
    <p class='ocr_par' dir='ltr' id='par_1_49' title="bbox 425 3574 1992 3647">
     <span class='ocr_line' id='line_1_49' title="bbox 425 3574 1992 3647; baseline -0.003 -15"><span class='ocrx_word' id='word_1_336' title='bbox 425 3579 649 3647; x_wconf 64' lang='lat' dir='ltr'><strong>triaeque</strong></span> <span class='ocrx_word' id='word_1_337' title='bbox 697 3587 751 3633; x_wconf 90' lang='lat' dir='ltr'><strong>et</strong></span> <span class='ocrx_word' id='word_1_338' title='bbox 799 3593 1039 3631; x_wconf 90' lang='lat' dir='ltr'><strong>meorum</strong></span> <span class='ocrx_word' id='word_1_339' title='bbox 1090 3575 1354 3646; x_wconf 84' lang='lat' dir='ltr'><strong>majorum</strong></span> <span class='ocrx_word' id='word_1_340' title='bbox 1415 3574 1677 3645; x_wconf 86' lang='lat' dir='ltr'><strong>sepulcris</strong></span> <span class='ocrx_word' id='word_1_341' title='bbox 1734 3589 1822 3629; x_wconf 89' lang='lat' dir='ltr'><strong>me</strong></span> <span class='ocrx_word' id='word_1_342' title='bbox 1869 3589 1992 3630; x_wconf 89' lang='lat' dir='ltr'><strong>cum</strong></span> 
     </span>
    </p>
   </div>
   <div class='ocr_carea' id='block_1_50' title="bbox 419 3667 1990 3738">
    <p class='ocr_par' dir='ltr' id='par_1_50' title="bbox 419 3667 1990 3738">
     <span class='ocr_line' id='line_1_50' title="bbox 419 3667 1990 3738; baseline -0.003 -16"><span class='ocrx_word' id='word_1_343' title='bbox 419 3670 652 3738; x_wconf 71' lang='lat' dir='ltr'><strong>pulchra</strong></span> <span class='ocrx_word' id='word_1_344' title='bbox 685 3670 984 3725; x_wconf 89' lang='lat' dir='ltr'><strong>reddideris</strong></span> <span class='ocrx_word' id='word_1_345' title='bbox 1013 3670 1344 3732; x_wconf 88' lang='lat' dir='ltr'><strong>accessione,</strong></span> <span class='ocrx_word' id='word_1_346' title='bbox 1372 3682 1493 3722; x_wconf 90' lang='lat' dir='ltr'><strong>cum</strong></span> <span class='ocrx_word' id='word_1_347' title='bbox 1539 3667 1708 3733; x_wconf 87' lang='lat' dir='ltr'><strong>socio,</strong></span> <span class='ocrx_word' id='word_1_348' title='bbox 1748 3667 1990 3737; x_wconf 88' lang='lat' dir='ltr'><strong>inquam,</strong></span> 
     </span>
    </p>
   </div>
   <div class='ocr_carea' id='block_1_51' title="bbox 420 3756 1994 3829">
    <p class='ocr_par' dir='ltr' id='par_1_51' title="bbox 420 3756 1994 3829">
     <span class='ocr_line' id='line_1_51' title="bbox 420 3756 1994 3829; baseline -0.003 -14"><span class='ocrx_word' id='word_1_349' title='bbox 420 3761 744 3815; x_wconf 71' lang='lat' dir='ltr'><strong>certaminis</strong></span> <span class='ocrx_word' id='word_1_350' title='bbox 787 3759 1158 3829; x_wconf 82' lang='lat' dir='ltr'><strong>Agatbangelo</strong></span> <span class='ocrx_word' id='word_1_351' title='bbox 1205 3775 1219 3812; x_wconf 90' lang='lat'><strong>:</strong></span> <span class='ocrx_word' id='word_1_352' title='bbox 1255 3769 1316 3814; x_wconf 91' lang='lat' dir='ltr'><strong>ut</strong></span> <span class='ocrx_word' id='word_1_353' title='bbox 1358 3759 1446 3813; x_wconf 87' lang='lat' dir='ltr'><strong>ubi</strong></span> <span class='ocrx_word' id='word_1_354' title='bbox 1495 3768 1655 3813; x_wconf 84' lang='lat' dir='ltr'><strong>natus</strong></span> <span class='ocrx_word' id='word_1_355' title='bbox 1681 3773 1799 3812; x_wconf 89' lang='lat' dir='ltr'><strong>sum</strong></span> <span class='ocrx_word' id='word_1_356' title='bbox 1826 3798 1842 3823; x_wconf 95' lang='lat'><strong>,</strong></span> <span class='ocrx_word' id='word_1_357' title='bbox 1888 3756 1994 3811; x_wconf 90' lang='lat' dir='ltr'><strong>illic</strong></span> 
     </span>
    </p>
   </div>
   <div class='ocr_carea' id='block_1_52' title="bbox 425 3849 1996 3920">
    <p class='ocr_par' dir='ltr' id='par_1_52' title="bbox 425 3849 1996 3920">
     <span class='ocr_line' id='line_1_52' title="bbox 425 3849 1996 3920; baseline -0.001 -16"><span class='ocrx_word' id='word_1_358' title='bbox 425 3852 592 3905; x_wconf 76' lang='lat' dir='ltr'><strong>etiam</strong></span> <span class='ocrx_word' id='word_1_359' title='bbox 625 3852 904 3907; x_wconf 84' lang='lat' dir='ltr'><strong>decedam.</strong></span> <span class='ocrx_word' id='word_1_360' title='bbox 933 3851 1134 3906; x_wconf 89' lang='lat' dir='ltr'><strong>Deinde</strong></span> <span class='ocrx_word' id='word_1_361' title='bbox 1193 3851 1260 3905; x_wconf 89' lang='lat' dir='ltr'><strong>ad</strong></span> <span class='ocrx_word' id='word_1_362' title='bbox 1297 3849 1574 3915; x_wconf 69' lang='lat' dir='ltr'><strong>(im-icium</strong></span> <span class='ocrx_word' id='word_1_363' title='bbox 1617 3850 1996 3920; x_wconf 75' lang='lat' dir='ltr'><strong>prtcsidentem</strong></span> 
     </span>
    </p>
   </div>
   <div class='ocr_carea' id='block_1_53' title="bbox 427 3939 1997 4011">
    <p class='ocr_par' dir='ltr' id='par_1_53' title="bbox 427 3939 1997 4011">
     <span class='ocr_line' id='line_1_53' title="bbox 427 3939 1997 4011; baseline -0.001 -17"><span class='ocrx_word' id='word_1_364' title='bbox 427 3943 483 3995; x_wconf 88' lang='lat' dir='ltr'><strong>in</strong></span> <span class='ocrx_word' id='word_1_365' title='bbox 515 3943 744 4010; x_wconf 88' lang='lat' dir='ltr'><strong>quodam</strong></span> <span class='ocrx_word' id='word_1_366' title='bbox 797 3941 955 4007; x_wconf 91' lang='lat' dir='ltr'><strong>loco,</strong></span> <span class='ocrx_word' id='word_1_367' title='bbox 991 3943 1082 4011; x_wconf 85' lang='lat' dir='ltr'><strong>qui</strong></span> <span class='ocrx_word' id='word_1_368' title='bbox 1123 3942 1415 3996; x_wconf 81' lang='lat' dir='ltr'><strong>vocabatur</strong></span> <span class='ocrx_word' id='word_1_369' title='bbox 1461 3941 1725 4010; x_wconf 80' lang='lat' dir='ltr'><strong>Cryptos,</strong></span> <span class='ocrx_word' id='word_1_370' title='bbox 1771 3939 1824 3994; x_wconf 88' lang='lat' dir='ltr'><strong>id</strong></span> <span class='ocrx_word' id='word_1_371' title='bbox 1871 3948 1997 4006; x_wconf 90' lang='lat' dir='ltr'><strong>est,</strong></span> 
     </span>
    </p>
   </div>
   <div class='ocr_carea' id='block_1_54' title="bbox 423 4029 1999 4102">
    <p class='ocr_par' dir='ltr' id='par_1_54' title="bbox 423 4029 1999 4102">
     <span class='ocr_line' id='line_1_54' title="bbox 423 4029 1999 4102; baseline 0 -18"><span class='ocrx_word' id='word_1_372' title='bbox 423 4031 708 4096; x_wconf 78' lang='lat' dir='ltr'><strong>Oct-ultus,</strong></span> <span class='ocrx_word' id='word_1_373' title='bbox 746 4031 835 4086; x_wconf 86' lang='lat' dir='ltr'><strong>ubi</strong></span> <span class='ocrx_word' id='word_1_374' title='bbox 855 4032 1022 4086; x_wconf 82' lang='lat' dir='ltr'><strong>etiam</strong></span> <span class='ocrx_word' id='word_1_375' title='bbox 1056 4047 1223 4101; x_wconf 80' lang='lat' dir='ltr'><strong>parva</strong></span> <span class='ocrx_word' id='word_1_376' title='bbox 1252 4032 1496 4102; x_wconf 66' lang='lat' dir='ltr'><strong>quaedam</strong></span> <span class='ocrx_word' id='word_1_377' title='bbox 1527 4030 1794 4086; x_wconf 64' lang='lat' dir='ltr'><strong>aediﬁcata</strong></span> <span class='ocrx_word' id='word_1_378' title='bbox 1816 4029 1999 4085; x_wconf 75' lang='lat' dir='ltr'><strong>fuerat</strong></span> 
     </span>
    </p>
   </div>
   <div class='ocr_carea' id='block_1_55' title="bbox 425 4121 1998 4193">
    <p class='ocr_par' dir='ltr' id='par_1_55' title="bbox 425 4121 1998 4193">
     <span class='ocr_line' id='line_1_55' title="bbox 425 4121 1998 4193; baseline 0.001 -17"><span class='ocrx_word' id='word_1_379' title='bbox 425 4121 664 4176; x_wconf 80' lang='lat' dir='ltr'><strong>ecclesia</strong></span> <span class='ocrx_word' id='word_1_380' title='bbox 687 4163 700 4188; x_wconf 92' lang='lat'><strong>,</strong></span> <span class='ocrx_word' id='word_1_381' title='bbox 733 4123 832 4177; x_wconf 93' lang='lat' dir='ltr'><strong>viri</strong></span> <span class='ocrx_word' id='word_1_382' title='bbox 879 4124 1149 4187; x_wconf 83' lang='lat' dir='ltr'><strong>sistuntur</strong></span> <span class='ocrx_word' id='word_1_383' title='bbox 1183 4123 1407 4193; x_wconf 76' lang='lat' dir='ltr'><strong>egregii.</strong></span> <span class='ocrx_word' id='word_1_384' title='bbox 1445 4122 1537 4176; x_wconf 87' lang='lat' dir='ltr'><strong>llle</strong></span> <span class='ocrx_word' id='word_1_385' title='bbox 1578 4129 1758 4177; x_wconf 87' lang='lat' dir='ltr'><strong>autem</strong></span> <span class='ocrx_word' id='word_1_386' title='bbox 1790 4136 1998 4177; x_wconf 84' lang='lat' dir='ltr'><strong>conaus</strong></span> 
     </span>
    </p>
   </div>
   <div class='ocr_carea' id='block_1_56' title="bbox 425 4213 2001 4285">
    <p class='ocr_par' dir='ltr' id='par_1_56' title="bbox 425 4213 2001 4285">
     <span class='ocr_line' id='line_1_56' title="bbox 425 4213 2001 4285; baseline 0 -18"><span class='ocrx_word' id='word_1_387' title='bbox 425 4228 526 4267; x_wconf 84' lang='lat' dir='ltr'><strong>eos</strong></span> <span class='ocrx_word' id='word_1_388' title='bbox 556 4214 840 4278; x_wconf 80' lang='lat' dir='ltr'><strong>inducere,</strong></span> <span class='ocrx_word' id='word_1_389' title='bbox 869 4223 924 4269; x_wconf 90' lang='lat' dir='ltr'><strong>et</strong></span> <span class='ocrx_word' id='word_1_390' title='bbox 951 4213 1021 4268; x_wconf 88' lang='lat' dir='ltr'><strong>ad</strong></span> <span class='ocrx_word' id='word_1_391' title='bbox 1061 4229 1121 4270; x_wconf 85' lang='lat' dir='ltr'><strong>se</strong></span> <span class='ocrx_word' id='word_1_392' title='bbox 1160 4214 1410 4284; x_wconf 89' lang='lat' dir='ltr'><strong>pellicere</strong></span> <span class='ocrx_word' id='word_1_393' title='bbox 1441 4214 1640 4285; x_wconf 76' lang='lat' dir='ltr'><strong>ingenii</strong></span> <span class='ocrx_word' id='word_1_394' title='bbox 1674 4215 1922 4269; x_wconf 88' lang='lat' dir='ltr'><strong>acumine</strong></span> <span class='ocrx_word' id='word_1_395' title='bbox 1945 4223 2001 4268; x_wconf 89' lang='lat' dir='ltr'><strong>et</strong></span> 
     </span>
    </p>
   </div>
   <div class='ocr_carea' id='block_1_57' title="bbox 430 4305 1995 4376">
    <p class='ocr_par' dir='ltr' id='par_1_57' title="bbox 430 4305 1995 4376">
     <span class='ocr_line' id='line_1_57' title="bbox 430 4305 1995 4376; baseline 0 -16"><span class='ocrx_word' id='word_1_396' title='bbox 430 4305 691 4370; x_wconf 85' lang='lat' dir='ltr'><strong>solertia,</strong></span> <span class='ocrx_word' id='word_1_397' title='bbox 729 4319 823 4360; x_wconf 88' lang='lat' dir='ltr'><strong>eos</strong></span> <span class='ocrx_word' id='word_1_398' title='bbox 850 4305 921 4360; x_wconf 87' lang='lat' dir='ltr'><strong>ita</strong></span> <span class='ocrx_word' id='word_1_399' title='bbox 954 4316 1036 4361; x_wconf 89' lang='lat' dir='ltr'><strong>est</strong></span> <span class='ocrx_word' id='word_1_400' title='bbox 1067 4307 1334 4361; x_wconf 86' lang='lat' dir='ltr'><strong>allocutus</strong></span> <span class='ocrx_word' id='word_1_401' title='bbox 1363 4307 1543 4361; x_wconf 86' lang='lat' dir='ltr'><strong>statim</strong></span> <span class='ocrx_word' id='word_1_402' title='bbox 1586 4305 1640 4361; x_wconf 92' lang='lat' dir='ltr'><strong>in</strong></span> <span class='ocrx_word' id='word_1_403' title='bbox 1676 4306 1938 4376; x_wconf 90' lang='lat' dir='ltr'><strong>principio</strong></span> <span class='ocrx_word' id='word_1_404' title='bbox 1980 4324 1995 4360; x_wconf 86' lang='lat'><strong>:</strong></span> 
     </span>
    </p>
   </div>
   <div class='ocr_carea' id='block_1_58' title="bbox 497 4395 1998 4463">
    <p class='ocr_par' dir='ltr' id='par_1_58' title="bbox 497 4395 1998 4463">
     <span class='ocr_line' id='line_1_58' title="bbox 497 4395 1998 4463; baseline -0.002 -11"><span class='ocrx_word' id='word_1_405' title='bbox 497 4395 635 4452; x_wconf 76' lang='lat' dir='ltr'><strong>LVI.</strong></span> <span class='ocrx_word' id='word_1_406' title='bbox 681 4395 816 4452; x_wconf 87' lang='lat' dir='ltr'><strong>Cum</strong></span> <span class='ocrx_word' id='word_1_407' title='bbox 844 4407 1114 4463; x_wconf 81' lang='lat' dir='ltr'><strong>accurate,</strong></span> <span class='ocrx_word' id='word_1_408' title='bbox 1151 4412 1182 4451; x_wconf 93' lang='grc' dir='ltr'><strong>ο</strong></span> <span class='ocrx_word' id='word_1_409' title='bbox 1221 4397 1344 4463; x_wconf 87' lang='lat' dir='ltr'><strong>viri,</strong></span> <span class='ocrx_word' id='word_1_410' title='bbox 1385 4398 1452 4452; x_wconf 92' lang='lat' dir='ltr'><strong>de</strong></span> <span class='ocrx_word' id='word_1_411' title='bbox 1491 4397 1643 4452; x_wconf 83' lang='lat' dir='ltr'><strong>vobis</strong></span> <span class='ocrx_word' id='word_1_412' title='bbox 1675 4399 1998 4463; x_wconf 88' lang='lat' dir='ltr'><strong>didicerim,</strong></span> 
     </span>
    </p>
   </div>
   <div class='ocr_carea' id='block_1_59' title="bbox 424 4489 1996 4560">
    <p class='ocr_par' dir='ltr' id='par_1_59' title="bbox 424 4489 1996 4560">
     <span class='ocr_line' id='line_1_59' title="bbox 424 4489 1996 4560; baseline -0.002 -14"><span class='ocrx_word' id='word_1_413' title='bbox 424 4500 480 4547; x_wconf 69' lang='grc' dir='ltr'><strong>σεε</strong></span> <span class='ocrx_word' id='word_1_414' title='bbox 508 4497 772 4560; x_wconf 80' lang='lat' dir='ltr'><strong>quantum</strong></span> <span class='ocrx_word' id='word_1_415' title='bbox 804 4499 961 4544; x_wconf 72' lang='lat' dir='ltr'><strong>terra:</strong></span> <span class='ocrx_word' id='word_1_416' title='bbox 989 4489 1252 4554; x_wconf 85' lang='lat' dir='ltr'><strong>obieritis,</strong></span> <span class='ocrx_word' id='word_1_417' title='bbox 1280 4501 1333 4546; x_wconf 92' lang='lat' dir='ltr'><strong>et</strong></span> <span class='ocrx_word' id='word_1_418' title='bbox 1365 4501 1516 4560; x_wconf 90' lang='lat' dir='ltr'><strong>quot,</strong></span> <span class='ocrx_word' id='word_1_419' title='bbox 1553 4499 1608 4547; x_wconf 90' lang='lat' dir='ltr'><strong>et</strong></span> <span class='ocrx_word' id='word_1_420' title='bbox 1636 4499 1834 4559; x_wconf 84' lang='lat' dir='ltr'><strong>quanta</strong></span> <span class='ocrx_word' id='word_1_421' title='bbox 1865 4491 1996 4544; x_wconf 87' lang='lat' dir='ltr'><strong>sub-</strong></span> 
     </span>
    </p>
   </div>
   <div class='ocr_carea' id='block_1_60' title="bbox 425 4581 1996 4652">
    <p class='ocr_par' dir='ltr' id='par_1_60' title="bbox 425 4581 1996 4652">
     <span class='ocr_line' id='line_1_60' title="bbox 425 4581 1996 4652; baseline -0.002 -15"><span class='ocrx_word' id='word_1_422' title='bbox 425 4581 605 4637; x_wconf 76' lang='lat' dir='ltr'><strong>ieritis</strong></span> <span class='ocrx_word' id='word_1_423' title='bbox 643 4581 904 4651; x_wconf 85' lang='lat' dir='ltr'><strong>pericula,</strong></span> <span class='ocrx_word' id='word_1_424' title='bbox 927 4591 981 4636; x_wconf 91' lang='lat' dir='ltr'><strong>et</strong></span> <span class='ocrx_word' id='word_1_425' title='bbox 1009 4591 1140 4652; x_wconf 92' lang='lat' dir='ltr'><strong>quot</strong></span> <span class='ocrx_word' id='word_1_426' title='bbox 1169 4583 1359 4636; x_wconf 84' lang='lat' dir='ltr'><strong>mortis</strong></span> <span class='ocrx_word' id='word_1_427' title='bbox 1388 4596 1584 4651; x_wconf 85' lang='lat' dir='ltr'><strong>genera</strong></span> <span class='ocrx_word' id='word_1_428' title='bbox 1607 4581 1762 4637; x_wconf 80' lang='lat' dir='ltr'><strong>vobis</strong></span> <span class='ocrx_word' id='word_1_429' title='bbox 1791 4581 1996 4636; x_wconf 79' lang='lat' dir='ltr'><strong>intenta</strong></span> 
     </span>
    </p>
   </div>
   <div class='ocr_carea' id='block_1_61' title="bbox 421 4672 1996 4743">
    <p class='ocr_par' dir='ltr' id='par_1_61' title="bbox 421 4672 1996 4743">
     <span class='ocr_line' id='line_1_61' title="bbox 421 4672 1996 4743; baseline -0.001 -15"><span class='ocrx_word' id='word_1_430' title='bbox 421 4672 751 4743; x_wconf 68' lang='lat' dir='ltr'><strong>&#39;eﬂ‘ugeritis,</strong></span> <span class='ocrx_word' id='word_1_431' title='bbox 784 4672 901 4740; x_wconf 84' lang='lat' dir='ltr'><strong>ipse</strong></span> <span class='ocrx_word' id='word_1_432' title='bbox 931 4688 1150 4743; x_wconf 86' lang='lat' dir='ltr'><strong>quoque</strong></span> <span class='ocrx_word' id='word_1_433' title='bbox 1172 4673 1353 4726; x_wconf 90' lang='lat' dir='ltr'><strong>animo</strong></span> <span class='ocrx_word' id='word_1_434' title='bbox 1376 4672 1600 4738; x_wconf 84' lang='lat' dir='ltr'><strong>allicior,</strong></span> <span class='ocrx_word' id='word_1_435' title='bbox 1627 4682 1682 4727; x_wconf 88' lang='lat' dir='ltr'><strong>et</strong></span> <span class='ocrx_word' id='word_1_436' title='bbox 1705 4672 1788 4726; x_wconf 86' lang='lat' dir='ltr'><strong>vel</strong></span> <span class='ocrx_word' id='word_1_437' title='bbox 1809 4687 1996 4726; x_wconf 85' lang='lat' dir='ltr'><strong>eorum</strong></span> 
     </span>
    </p>
   </div>
   <div class='ocr_carea' id='block_1_62' title="bbox 421 4764 2000 4835">
    <p class='ocr_par' dir='ltr' id='par_1_62' title="bbox 421 4764 2000 4835">
     <span class='ocr_line' id='line_1_62' title="bbox 421 4764 2000 4835; baseline -0.003 -16"><span class='ocrx_word' id='word_1_438' title='bbox 421 4765 545 4819; x_wconf 70' lang='lat' dir='ltr'><strong>sola</strong></span> <span class='ocrx_word' id='word_1_439' title='bbox 596 4765 816 4835; x_wconf 81' lang='lat' dir='ltr'><strong>frangor</strong></span> <span class='ocrx_word' id='word_1_440' title='bbox 862 4765 1168 4832; x_wconf 89' lang='lat' dir='ltr'><strong>auditione,</strong></span> <span class='ocrx_word' id='word_1_441' title='bbox 1217 4774 1271 4820; x_wconf 89' lang='lat' dir='ltr'><strong>et</strong></span> <span class='ocrx_word' id='word_1_442' title='bbox 1311 4764 1517 4819; x_wconf 80' lang='lat' dir='ltr'><strong>eilicior</strong></span> <span class='ocrx_word' id='word_1_443' title='bbox 1544 4765 1700 4820; x_wconf 85' lang='lat' dir='ltr'><strong>vobis</strong></span> <span class='ocrx_word' id='word_1_444' title='bbox 1740 4766 2000 4832; x_wconf 78' lang='lat' dir='ltr'><strong>quodam-</strong></span> 
     </span>
    </p>
   </div>
   <div class='ocr_carea' id='block_1_63' title="bbox 349 4855 2000 4925">
    <p class='ocr_par' dir='ltr' id='par_1_63' title="bbox 349 4855 2000 4925">
     <span class='ocr_line' id='line_1_63' title="bbox 349 4855 2000 4925; baseline 0.004 -20"><span class='ocrx_word' id='word_1_445' title='bbox 349 4895 359 4905; x_wconf 90' lang='lat'><strong>.</strong></span> <span class='ocrx_word' id='word_1_446' title='bbox 427 4859 593 4910; x_wconf 82' lang='lat' dir='ltr'><strong>modo</strong></span> <span class='ocrx_word' id='word_1_447' title='bbox 622 4858 803 4911; x_wconf 88' lang='lat' dir='ltr'><strong>socius</strong></span> <span class='ocrx_word' id='word_1_448' title='bbox 831 4855 1204 4910; x_wconf 87' lang='lat' dir='ltr'><strong>calamitatum</strong></span> <span class='ocrx_word' id='word_1_449' title='bbox 1235 4873 1250 4910; x_wconf 88' lang='lat'><strong>:</strong></span> <span class='ocrx_word' id='word_1_450' title='bbox 1293 4865 1346 4912; x_wconf 93' lang='lat' dir='ltr'><strong>et</strong></span> <span class='ocrx_word' id='word_1_451' title='bbox 1387 4857 1506 4911; x_wconf 90' lang='lat' dir='ltr'><strong>ideo</strong></span> <span class='ocrx_word' id='word_1_452' title='bbox 1533 4855 1622 4909; x_wconf 84' lang='lat' dir='ltr'><strong>illa</strong></span> <span class='ocrx_word' id='word_1_453' title='bbox 1654 4857 2000 4925; x_wconf 80' lang='lat' dir='ltr'><strong>magistratus</strong></span> 
     </span>
    </p>
   </div>
   <div class='ocr_carea' id='block_1_64' title="bbox 423 4945 2000 5016">
    <p class='ocr_par' dir='ltr' id='par_1_64' title="bbox 423 4945 2000 5016">
     <span class='ocr_line' id='line_1_64' title="bbox 423 4945 2000 5016; baseline 0.001 -16"><span class='ocrx_word' id='word_1_454' title='bbox 423 4947 670 5014; x_wconf 85' lang='lat' dir='ltr'><strong>deposita</strong></span> <span class='ocrx_word' id='word_1_455' title='bbox 713 4947 1041 5009; x_wconf 87' lang='lat' dir='ltr'><strong>severitate,</strong></span> <span class='ocrx_word' id='word_1_456' title='bbox 1073 4954 1181 5000; x_wconf 89' lang='lat' dir='ltr'><strong>tam</strong></span> <span class='ocrx_word' id='word_1_457' title='bbox 1221 4947 1450 5016; x_wconf 87' lang='lat' dir='ltr'><strong>benigne</strong></span> <span class='ocrx_word' id='word_1_458' title='bbox 1489 4945 1762 5002; x_wconf 89' lang='lat' dir='ltr'><strong>vobiscum</strong></span> <span class='ocrx_word' id='word_1_459' title='bbox 1798 4955 1850 5000; x_wconf 87' lang='lat' dir='ltr'><strong>et</strong></span> <span class='ocrx_word' id='word_1_460' title='bbox 1887 4948 2000 5015; x_wconf 82' lang='lat' dir='ltr'><strong>pla-</strong></span> 
     </span>
    </p>
   </div>
   <div class='ocr_carea' id='block_1_65' title="bbox 420 5034 2002 5106">
    <p class='ocr_par' dir='ltr' id='par_1_65' title="bbox 420 5034 2002 5106">
     <span class='ocr_line' id='line_1_65' title="bbox 420 5034 2002 5106; baseline 0 -14"><span class='ocrx_word' id='word_1_461' title='bbox 420 5038 548 5092; x_wconf 71' lang='lat' dir='ltr'><strong>cide</strong></span> <span class='ocrx_word' id='word_1_462' title='bbox 599 5035 896 5106; x_wconf 90' lang='lat' dir='ltr'><strong>colloquor.</strong></span> <span class='ocrx_word' id='word_1_463' title='bbox 932 5034 1147 5091; x_wconf 83' lang='lat' dir='ltr'><strong>Videris</strong></span> <span class='ocrx_word' id='word_1_464' title='bbox 1179 5038 1320 5091; x_wconf 89' lang='lat' dir='ltr'><strong>enim</strong></span> <span class='ocrx_word' id='word_1_465' title='bbox 1359 5037 1484 5091; x_wconf 88' lang='lat' dir='ltr'><strong>mibi</strong></span> <span class='ocrx_word' id='word_1_466' title='bbox 1532 5037 1790 5102; x_wconf 85' lang='lat' dir='ltr'><strong>omnino,</strong></span> <span class='ocrx_word' id='word_1_467' title='bbox 1819 5055 1852 5093; x_wconf 92' lang='lat' dir='ltr'><strong>o</strong></span> <span class='ocrx_word' id='word_1_468' title='bbox 1877 5037 2002 5094; x_wconf 89' lang='lat' dir='ltr'><strong>Cle-</strong></span> 
     </span>
    </p>
   </div>
   <div class='ocr_carea' id='block_1_66' title="bbox 2087 2559 3663 2634">
    <p class='ocr_par' dir='ltr' id='par_1_66' title="bbox 2087 2559 3663 2634">
     <span class='ocr_line' id='line_1_66' title="bbox 2087 2559 3663 2634; baseline 0.002 -22"><span class='ocrx_word' id='word_1_469' title='bbox 2087 2559 2220 2622; x_wconf 77' lang='grc' dir='ltr'>,τοὺς</span> <span class='ocrx_word' id='word_1_470' title='bbox 2257 2561 2444 2628; x_wconf 74' lang='grc' dir='ltr'>ἁγίους</span> <span class='ocrx_word' id='word_1_471' title='bbox 2471 2561 2608 2632; x_wconf 69' lang='grc' dir='ltr'>πρὸς</span> <span class='ocrx_word' id='word_1_472' title='bbox 2640 2562 2882 2633; x_wconf 81' lang='grc' dir='ltr'>ἡγεμόνα</span> <span class='ocrx_word' id='word_1_473' title='bbox 2911 2561 3032 2615; x_wconf 84' lang='grc' dir='ltr'><strong>τινά</strong></span> <span class='ocrx_word' id='word_1_474' title='bbox 3062 2562 3356 2634; x_wconf 85' lang='grc' dir='ltr'>Κουρίκιον</span> <span class='ocrx_word' id='word_1_475' title='bbox 3381 2562 3663 2634; x_wconf 79' lang='grc' dir='ltr'>παραπέμ-</span> 
     </span>
    </p>
   </div>
   <div class='ocr_carea' id='block_1_67' title="bbox 1985 2649 3664 2726">
    <p class='ocr_par' dir='ltr' id='par_1_67' title="bbox 1985 2649 3664 2726">
     <span class='ocr_line' id='line_1_67' title="bbox 1985 2649 3664 2726; baseline 0.008 -28"><span class='ocrx_word' id='word_1_476' title='bbox 1985 2695 1987 2698; x_wconf 85' lang='grc'>.</span> <span class='ocrx_word' id='word_1_477' title='bbox 2097 2661 2188 2703; x_wconf 84' lang='grc' dir='ltr'><strong>πει</strong></span> <span class='ocrx_word' id='word_1_478' title='bbox 2217 2649 2386 2714; x_wconf 77' lang='grc' dir='ltr'>οὕτως</span> <span class='ocrx_word' id='word_1_479' title='bbox 2411 2651 2583 2705; x_wconf 81' lang='grc' dir='ltr'>είπὼν</span> <span class='ocrx_word' id='word_1_480' title='bbox 2602 2667 2616 2681; x_wconf 88' lang='grc'><strong>·</strong></span> <span class='ocrx_word' id='word_1_481' title='bbox 2645 2653 2755 2723; x_wconf 80' lang='grc' dir='ltr'><strong>Τὴν</strong></span> <span class='ocrx_word' id='word_1_482' title='bbox 2777 2653 3190 2726; x_wconf 80' lang='grc' dir='ltr'>γεννησαμένην</span> <span class='ocrx_word' id='word_1_483' title='bbox 3216 2653 3363 2726; x_wconf 72' lang='grc' dir='ltr'>ἔχειν</span> <span class='ocrx_word' id='word_1_484' title='bbox 3391 2672 3452 2710; x_wconf 86' lang='grc' dir='ltr'><strong>τε</strong></span> <span class='ocrx_word' id='word_1_485' title='bbox 3477 2655 3664 2721; x_wconf 79' lang='grc' dir='ltr'>αὐτοὺς</span> 
     </span>
    </p>
   </div>
   <div class='ocr_carea' id='block_1_68' title="bbox 2097 2739 3251 2813">
    <p class='ocr_par' dir='ltr' id='par_1_68' title="bbox 2097 2739 3251 2813">
     <span class='ocr_line' id='line_1_68' title="bbox 2097 2739 3251 2813; baseline 0.007 -23"><span class='ocrx_word' id='word_1_486' title='bbox 2097 2739 2191 2791; x_wconf 73' lang='grc' dir='ltr'><strong>καὶ</strong></span> <span class='ocrx_word' id='word_1_487' title='bbox 2223 2739 2468 2810; x_wconf 80' lang='grc' dir='ltr'>τρέφειν,</span> <span class='ocrx_word' id='word_1_488' title='bbox 2500 2741 2594 2794; x_wconf 75' lang='grc' dir='ltr'><strong>καὶ</strong></span> <span class='ocrx_word' id='word_1_489' title='bbox 2627 2743 2988 2813; x_wconf 87' lang='grc' dir='ltr'>τιμωρεῖσθαι</span> <span class='ocrx_word' id='word_1_490' title='bbox 3019 2743 3251 2798; x_wconf 88' lang='grc' dir='ltr'>δίκαιον.</span> 
     </span>
    </p>
   </div>
   <div class='ocr_carea' id='block_1_69' title="bbox 2167 2829 3663 2908">
    <p class='ocr_par' dir='ltr' id='par_1_69' title="bbox 2167 2829 3663 2908">
     <span class='ocr_line' id='line_1_69' title="bbox 2167 2829 3663 2908; baseline 0.005 -24"><span class='ocrx_word' id='word_1_491' title='bbox 2167 2831 2295 2886; x_wconf 85' lang='lat' dir='ltr'><strong>NE’.</strong></span> <span class='ocrx_word' id='word_1_492' title='bbox 2330 2829 2517 2896; x_wconf 75' lang='grc' dir='ltr'>Οὕτως</span> <span class='ocrx_word' id='word_1_493' title='bbox 2570 2834 2882 2904; x_wconf 82' lang='grc' dir='ltr'>εὐμήχανός</span> <span class='ocrx_word' id='word_1_494' title='bbox 2935 2851 2995 2888; x_wconf 91' lang='grc' dir='ltr'><strong>τε</strong></span> <span class='ocrx_word' id='word_1_495' title='bbox 3031 2838 3124 2889; x_wconf 75' lang='grc' dir='ltr'><strong>καὶ</strong></span> <span class='ocrx_word' id='word_1_496' title='bbox 3181 2835 3318 2908; x_wconf 82' lang='grc' dir='ltr'>σοφὴ</span> <span class='ocrx_word' id='word_1_497' title='bbox 3360 2839 3455 2891; x_wconf 64' lang='grc' dir='ltr'>καὶ</span> <span class='ocrx_word' id='word_1_498' title='bbox 3480 2839 3538 2892; x_wconf 85' lang='grc' dir='ltr'><strong>ἐν</strong></span> <span class='ocrx_word' id='word_1_499' title='bbox 3564 2839 3663 2901; x_wconf 74' lang='grc' dir='ltr'>τοῖς</span> 
     </span>
    </p>
   </div>
   <div class='ocr_carea' id='block_1_70' title="bbox 2096 2923 3663 3001">
    <p class='ocr_par' dir='ltr' id='par_1_70' title="bbox 2096 2923 3663 3001">
     <span class='ocr_line' id='line_1_70' title="bbox 2096 2923 3663 3001; baseline 0.004 -26"><span class='ocrx_word' id='word_1_500' title='bbox 2096 2923 2322 2995; x_wconf 78' lang='grc' dir='ltr'>ἀπόροις</span> <span class='ocrx_word' id='word_1_501' title='bbox 2347 2923 2578 2996; x_wconf 77' lang='grc' dir='ltr'>εὔπορος</span> <span class='ocrx_word' id='word_1_502' title='bbox 2604 2929 2636 2996; x_wconf 80' lang='grc' dir='ltr'>ἡ</span> <span class='ocrx_word' id='word_1_503' title='bbox 2667 2925 2758 2978; x_wconf 83' lang='grc' dir='ltr'>τοῦ</span> <span class='ocrx_word' id='word_1_504' title='bbox 2783 2925 2916 2980; x_wconf 84' lang='grc' dir='ltr'>Θεοῦ</span> <span class='ocrx_word' id='word_1_505' title='bbox 2942 2927 3190 2998; x_wconf 86' lang='grc' dir='ltr'>πρόνοια,</span> <span class='ocrx_word' id='word_1_506' title='bbox 3221 2929 3316 2982; x_wconf 70' lang='grc' dir='ltr'><strong>καὶ</strong></span> <span class='ocrx_word' id='word_1_507' title='bbox 3343 2931 3372 2983; x_wconf 84' lang='grc' dir='ltr'>ὁ</span> <span class='ocrx_word' id='word_1_508' title='bbox 3402 2929 3663 3001; x_wconf 77' lang='grc' dir='ltr'>τοσαύτην</span> 
     </span>
    </p>
   </div>
   <div class='ocr_carea' id='block_1_71' title="bbox 2098 3011 3664 3090">
    <p class='ocr_par' dir='ltr' id='par_1_71' title="bbox 2098 3011 3664 3090">
     <span class='ocr_line' id='line_1_71' title="bbox 2098 3011 3664 3090; baseline 0.006 -25"><span class='ocrx_word' id='word_1_509' title='bbox 2098 3011 2340 3067; x_wconf 83' lang='grc' dir='ltr'>ἐπελθὼν</span> <span class='ocrx_word' id='word_1_510' title='bbox 2371 3013 2474 3084; x_wconf 83' lang='grc' dir='ltr'>γῆν</span> <span class='ocrx_word' id='word_1_511' title='bbox 2504 3031 2564 3067; x_wconf 82' lang='grc' dir='ltr'><strong>τε</strong></span> <span class='ocrx_word' id='word_1_512' title='bbox 2588 3015 2680 3067; x_wconf 72' lang='grc' dir='ltr'><strong>καὶ</strong></span> <span class='ocrx_word' id='word_1_513' title='bbox 2718 3013 2995 3071; x_wconf 82' lang='grc' dir='ltr'>θάλασσαν</span> <span class='ocrx_word' id='word_1_514' title='bbox 3019 3017 3271 3089; x_wconf 80' lang='grc' dir='ltr'>Κλήμης,</span> <span class='ocrx_word' id='word_1_515' title='bbox 3295 3020 3391 3073; x_wconf 82' lang='grc' dir='ltr'><strong>καὶ</strong></span> <span class='ocrx_word' id='word_1_516' title='bbox 3414 3020 3664 3090; x_wconf 75' lang='grc' dir='ltr'>τηλικαύο</span> 
     </span>
    </p>
   </div>
   <div class='ocr_carea' id='block_1_72' title="bbox 2094 3105 3661 3180">
    <p class='ocr_par' dir='ltr' id='par_1_72' title="bbox 2094 3105 3661 3180">
     <span class='ocr_line' id='line_1_72' title="bbox 2094 3105 3661 3180; baseline 0.007 -24"><span class='ocrx_word' id='word_1_517' title='bbox 2094 3121 2194 3175; x_wconf 88' lang='grc' dir='ltr'><strong>της</strong></span> <span class='ocrx_word' id='word_1_518' title='bbox 2220 3105 2531 3176; x_wconf 80' lang='grc' dir='ltr'>ἀποδημίας</span> <span class='ocrx_word' id='word_1_519' title='bbox 2557 3107 2927 3178; x_wconf 79' lang='grc' dir='ltr'>στειλάμενος,</span> <span class='ocrx_word' id='word_1_520' title='bbox 2958 3110 3056 3176; x_wconf 80' lang='grc' dir='ltr'>τὴν</span> <span class='ocrx_word' id='word_1_521' title='bbox 3099 3112 3258 3180; x_wconf 82' lang='grc' dir='ltr'>φίλην</span> <span class='ocrx_word' id='word_1_522' title='bbox 3315 3113 3472 3177; x_wconf 76' lang='grc' dir='ltr'>αὖθις</span> <span class='ocrx_word' id='word_1_523' title='bbox 3503 3113 3661 3168; x_wconf 79' lang='grc' dir='ltr'>καθά·-</span> 
     </span>
    </p>
   </div>
   <div class='ocr_carea' id='block_1_73' title="bbox 2097 3193 3658 3271">
    <p class='ocr_par' dir='ltr' id='par_1_73' title="bbox 2097 3193 3658 3271">
     <span class='ocr_line' id='line_1_73' title="bbox 2097 3193 3658 3271; baseline 0.006 -25"><span class='ocrx_word' id='word_1_524' title='bbox 2097 3210 2205 3265; x_wconf 88' lang='grc' dir='ltr'><strong>περ</strong></span> <span class='ocrx_word' id='word_1_525' title='bbox 2224 3193 2421 3266; x_wconf 77' lang='grc' dir='ltr'>ηὔχετο</span> <span class='ocrx_word' id='word_1_526' title='bbox 2445 3196 2540 3248; x_wconf 79' lang='grc' dir='ltr'><strong>καὶ</strong></span> <span class='ocrx_word' id='word_1_527' title='bbox 2561 3196 2785 3266; x_wconf 79' lang='grc' dir='ltr'>ἡδίστην</span> <span class='ocrx_word' id='word_1_528' title='bbox 2807 3197 3179 3268; x_wconf 84' lang='grc' dir='ltr'>ἀπολαμϐάνει</span> <span class='ocrx_word' id='word_1_529' title='bbox 3206 3201 3458 3271; x_wconf 84' lang='grc' dir='ltr'>πατρίδα.</span> <span class='ocrx_word' id='word_1_530' title='bbox 3485 3197 3587 3265; x_wconf 75' lang='grc' dir='ltr'><strong>’Ἦς</strong></span> <span class='ocrx_word' id='word_1_531' title='bbox 3605 3203 3658 3271; x_wconf 81' lang='grc' dir='ltr'>δή</span> 
     </span>
    </p>
   </div>
   <div class='ocr_carea' id='block_1_74' title="bbox 2098 3288 3658 3364">
    <p class='ocr_par' dir='ltr' id='par_1_74' title="bbox 2098 3288 3658 3364">
     <span class='ocr_line' id='line_1_74' title="bbox 2098 3288 3658 3364; baseline 0.004 -24"><span class='ocrx_word' id='word_1_532' title='bbox 2098 3303 2199 3340; x_wconf 89' lang='grc' dir='ltr'><strong>που</strong></span> <span class='ocrx_word' id='word_1_533' title='bbox 2240 3288 2334 3344; x_wconf 73' lang='grc' dir='ltr'><strong>καὶ</strong></span> <span class='ocrx_word' id='word_1_534' title='bbox 2363 3288 2459 3342; x_wconf 85' lang='grc' dir='ltr'>σὺν</span> <span class='ocrx_word' id='word_1_535' title='bbox 2485 3289 2646 3361; x_wconf 80' lang='grc' dir='ltr'>ἡδονῇ</span> <span class='ocrx_word' id='word_1_536' title='bbox 2671 3289 2868 3354; x_wconf 74' lang='grc' dir='ltr'>ἐπιϐὰς</span> <span class='ocrx_word' id='word_1_537' title='bbox 2893 3289 2996 3345; x_wconf 68' lang='grc' dir='ltr'><strong>καὶ</strong></span> <span class='ocrx_word' id='word_1_538' title='bbox 3023 3291 3358 3364; x_wconf 76' lang='grc' dir='ltr'>φαιδρότητι,</span> <span class='ocrx_word' id='word_1_539' title='bbox 3408 3293 3543 3362; x_wconf 77' lang='grc' dir='ltr'>Δόξα</span> <span class='ocrx_word' id='word_1_540' title='bbox 3568 3311 3658 3360; x_wconf 83' lang='grc' dir='ltr'>σοι,</span> 
     </span>
    </p>
   </div>
   <div class='ocr_carea' id='block_1_75' title="bbox 2097 3379 3658 3455">
    <p class='ocr_par' dir='ltr' id='par_1_75' title="bbox 2097 3379 3658 3455">
     <span class='ocr_line' id='line_1_75' title="bbox 2097 3379 3658 3455; baseline 0.005 -22"><span class='ocrx_word' id='word_1_541' title='bbox 2097 3379 2273 3451; x_wconf 75' lang='grc' dir='ltr'>Κύριε</span> <span class='ocrx_word' id='word_1_542' title='bbox 2321 3381 2498 3452; x_wconf 83' lang='grc' dir='ltr'><strong>Ἰησοῦ</strong></span> <span class='ocrx_word' id='word_1_543' title='bbox 2556 3383 2762 3454; x_wconf 83' lang='grc' dir='ltr'>Χριστέ</span> <span class='ocrx_word' id='word_1_544' title='bbox 2793 3386 2822 3438; x_wconf 89' lang='grc' dir='ltr'><strong>ό</strong></span> <span class='ocrx_word' id='word_1_545' title='bbox 2853 3384 3008 3448; x_wconf 84' lang='grc' dir='ltr'>Θεὸς,</span> <span class='ocrx_word' id='word_1_546' title='bbox 3053 3385 3257 3455; x_wconf 80' lang='grc' dir='ltr'>ἔλεγεν,</span> <span class='ocrx_word' id='word_1_547' title='bbox 3310 3387 3429 3440; x_wconf 84' lang='grc' dir='ltr'>ἀνθ’</span> <span class='ocrx_word' id='word_1_548' title='bbox 3457 3381 3531 3442; x_wconf 82' lang='grc' dir='ltr'>ὧν</span> <span class='ocrx_word' id='word_1_549' title='bbox 3567 3389 3658 3441; x_wconf 82' lang='grc' dir='ltr'>είσ·</span> 
     </span>
    </p>
   </div>
   <div class='ocr_carea' id='block_1_76' title="bbox 2099 3473 3661 3551">
    <p class='ocr_par' dir='ltr' id='par_1_76' title="bbox 2099 3473 3661 3551">
     <span class='ocr_line' id='line_1_76' title="bbox 2099 3473 3661 3551; baseline 0.004 -26"><span class='ocrx_word' id='word_1_550' title='bbox 2099 3474 2342 3545; x_wconf 86' lang='grc' dir='ltr'>ήκουσας</span> <span class='ocrx_word' id='word_1_551' title='bbox 2371 3473 2471 3543; x_wconf 83' lang='grc' dir='ltr'>τῆς</span> <span class='ocrx_word' id='word_1_552' title='bbox 2501 3475 2811 3546; x_wconf 82' lang='grc' dir='ltr'>προσευχῆς</span> <span class='ocrx_word' id='word_1_553' title='bbox 2845 3493 2973 3546; x_wconf 89' lang='grc' dir='ltr'>μου,</span> <span class='ocrx_word' id='word_1_554' title='bbox 3015 3477 3108 3530; x_wconf 74' lang='grc' dir='ltr'><strong>καὶ</strong></span> <span class='ocrx_word' id='word_1_555' title='bbox 3144 3480 3210 3548; x_wconf 77' lang='grc' dir='ltr'>τῇ</span> <span class='ocrx_word' id='word_1_556' title='bbox 3237 3493 3297 3530; x_wconf 89' lang='grc' dir='ltr'><strong>τε</strong></span> <span class='ocrx_word' id='word_1_557' title='bbox 3327 3478 3546 3551; x_wconf 81' lang='grc' dir='ltr'>πατρίδι</span> <span class='ocrx_word' id='word_1_558' title='bbox 3579 3478 3661 3533; x_wconf 69' lang='grc' dir='ltr'>καί</span> 
     </span>
    </p>
   </div>
   <div class='ocr_carea' id='block_1_77' title="bbox 2096 3571 3659 3646">
    <p class='ocr_par' dir='ltr' id='par_1_77' title="bbox 2096 3571 3659 3646">
     <span class='ocr_line' id='line_1_77' title="bbox 2096 3571 3659 3646; baseline 0.003 -23"><span class='ocrx_word' id='word_1_559' title='bbox 2096 3573 2212 3635; x_wconf 85' lang='grc' dir='ltr'>τοῖς</span> <span class='ocrx_word' id='word_1_560' title='bbox 2233 3571 2580 3642; x_wconf 81' lang='grc' dir='ltr'>προγονικοῖς</span> <span class='ocrx_word' id='word_1_561' title='bbox 2603 3587 2670 3641; x_wconf 88' lang='grc' dir='ltr'><strong>με</strong></span> <span class='ocrx_word' id='word_1_562' title='bbox 2707 3571 2898 3638; x_wconf 83' lang='grc' dir='ltr'>τάφοις</span> <span class='ocrx_word' id='word_1_563' title='bbox 2948 3573 3088 3642; x_wconf 79' lang='grc' dir='ltr'><strong>μετά</strong></span> <span class='ocrx_word' id='word_1_564' title='bbox 3108 3572 3280 3641; x_wconf 80' lang='grc' dir='ltr'>καλῆς</span> <span class='ocrx_word' id='word_1_565' title='bbox 3309 3573 3408 3644; x_wconf 82' lang='grc' dir='ltr'>τῆς</span> <span class='ocrx_word' id='word_1_566' title='bbox 3434 3574 3659 3646; x_wconf 83' lang='grc' dir='ltr'>προσθή-</span> 
     </span>
    </p>
   </div>
   <div class='ocr_carea' id='block_1_78' title="bbox 2097 3660 3656 3734">
    <p class='ocr_par' dir='ltr' id='par_1_78' title="bbox 2097 3660 3656 3734">
     <span class='ocr_line' id='line_1_78' title="bbox 2097 3660 3656 3734; baseline 0.003 -18"><span class='ocrx_word' id='word_1_567' title='bbox 2097 3677 2201 3732; x_wconf 75' lang='grc' dir='ltr'><strong>κης</strong></span> <span class='ocrx_word' id='word_1_568' title='bbox 2229 3663 2326 3715; x_wconf 76' lang='grc' dir='ltr'>τοῦ</span> <span class='ocrx_word' id='word_1_569' title='bbox 2359 3660 2642 3728; x_wconf 84' lang='grc' dir='ltr'>συνάθλου,</span> <span class='ocrx_word' id='word_1_570' title='bbox 2691 3663 2854 3734; x_wconf 83' lang='grc' dir='ltr'>φημὶ,</span> <span class='ocrx_word' id='word_1_571' title='bbox 2895 3665 3300 3734; x_wconf 82' lang='grc' dir='ltr'>Ἀγαθαγγέλου</span> <span class='ocrx_word' id='word_1_572' title='bbox 3360 3667 3656 3732; x_wconf 79' lang='grc' dir='ltr'>ἀπέδωκας,</span> 
     </span>
    </p>
   </div>
   <div class='ocr_carea' id='block_1_79' title="bbox 2100 3753 3663 3830">
    <p class='ocr_par' dir='ltr' id='par_1_79' title="bbox 2100 3753 3663 3830">
     <span class='ocr_line' id='line_1_79' title="bbox 2100 3753 3663 3830; baseline 0.004 -24"><span class='ocrx_word' id='word_1_573' title='bbox 2100 3753 2166 3806; x_wconf 82' lang='grc' dir='ltr'><strong>ἵν’</strong></span> <span class='ocrx_word' id='word_1_574' title='bbox 2193 3754 2326 3807; x_wconf 85' lang='grc' dir='ltr'>ὅπου</span> <span class='ocrx_word' id='word_1_575' title='bbox 2354 3754 2454 3824; x_wconf 82' lang='grc' dir='ltr'>τὴν</span> <span class='ocrx_word' id='word_1_576' title='bbox 2496 3756 2754 3827; x_wconf 77' lang='grc' dir='ltr'>γέννησιν</span> <span class='ocrx_word' id='word_1_577' title='bbox 2787 3755 2964 3826; x_wconf 76' lang='grc' dir='ltr'>ἔσχον,</span> <span class='ocrx_word' id='word_1_578' title='bbox 3009 3756 3104 3810; x_wconf 76' lang='grc' dir='ltr'><strong>καὶ</strong></span> <span class='ocrx_word' id='word_1_579' title='bbox 3129 3757 3226 3828; x_wconf 79' lang='grc' dir='ltr'>τὴν</span> <span class='ocrx_word' id='word_1_580' title='bbox 3277 3759 3534 3830; x_wconf 79' lang='grc' dir='ltr'>τελευτὴν</span> <span class='ocrx_word' id='word_1_581' title='bbox 3561 3761 3663 3812; x_wconf 84' lang='grc' dir='ltr'>ἐκεί</span> 
     </span>
    </p>
   </div>
   <div class='ocr_carea' id='block_1_80' title="bbox 2103 3839 3662 3918">
    <p class='ocr_par' dir='ltr' id='par_1_80' title="bbox 2103 3839 3662 3918">
     <span class='ocr_line' id='line_1_80' title="bbox 2103 3839 3662 3918; baseline 0.002 -22"><span class='ocrx_word' id='word_1_582' title='bbox 2103 3843 2362 3914; x_wconf 78' lang='grc' dir='ltr'>δέξωμαι.</span> <span class='ocrx_word' id='word_1_583' title='bbox 2400 3839 2532 3897; x_wconf 77' lang='grc' dir='ltr'>Εἶτα</span> <span class='ocrx_word' id='word_1_584' title='bbox 2565 3843 2960 3914; x_wconf 84' lang='grc' dir='ltr'>προκαθίσαντι</span> <span class='ocrx_word' id='word_1_585' title='bbox 3013 3845 3089 3914; x_wconf 85' lang='grc' dir='ltr'>τῷ</span> <span class='ocrx_word' id='word_1_586' title='bbox 3125 3846 3399 3918; x_wconf 82' lang='grc' dir='ltr'>Κουρικίῳ</span> <span class='ocrx_word' id='word_1_587' title='bbox 3452 3852 3508 3901; x_wconf 87' lang='grc' dir='ltr'><strong>ἐν</strong></span> <span class='ocrx_word' id='word_1_588' title='bbox 3529 3851 3662 3918; x_wconf 78' lang='grc' dir='ltr'>τόπῳ</span> 
     </span>
    </p>
   </div>
   <div class='ocr_carea' id='block_1_81' title="bbox 2104 3934 3660 4011">
    <p class='ocr_par' dir='ltr' id='par_1_81' title="bbox 2104 3934 3660 4011">
     <span class='ocr_line' id='line_1_81' title="bbox 2104 3934 3660 4011; baseline 0.003 -22"><span class='ocrx_word' id='word_1_589' title='bbox 2104 3936 2212 3989; x_wconf 75' lang='grc' dir='ltr'>τινὶ</span> <span class='ocrx_word' id='word_1_590' title='bbox 2237 3935 2294 3999; x_wconf 84' lang='grc' dir='ltr'>ὃς</span> <span class='ocrx_word' id='word_1_591' title='bbox 2315 3934 2560 3989; x_wconf 72' lang='grc' dir='ltr'>ἐκαλεῖτο</span> <span class='ocrx_word' id='word_1_592' title='bbox 2590 3936 2866 4006; x_wconf 82' lang='grc' dir='ltr'>Κρυπτὺς,</span> <span class='ocrx_word' id='word_1_593' title='bbox 2895 3934 3024 3990; x_wconf 76' lang='grc' dir='ltr'>ἔνθα</span> <span class='ocrx_word' id='word_1_594' title='bbox 3045 3953 3128 4000; x_wconf 89' lang='grc' dir='ltr'><strong>τις</strong></span> <span class='ocrx_word' id='word_1_595' title='bbox 3150 3940 3244 3991; x_wconf 76' lang='grc' dir='ltr'><strong>καὶ</strong></span> <span class='ocrx_word' id='word_1_596' title='bbox 3276 3941 3448 4010; x_wconf 84' lang='grc' dir='ltr'>μικρά</span> <span class='ocrx_word' id='word_1_597' title='bbox 3476 3940 3660 4011; x_wconf 80' lang='grc' dir='ltr'>ᾠκοδό-</span> 
     </span>
    </p>
   </div>
   <div class='ocr_carea' id='block_1_82' title="bbox 2110 4028 3662 4098">
    <p class='ocr_par' dir='ltr' id='par_1_82' title="bbox 2110 4028 3662 4098">
     <span class='ocr_line' id='line_1_82' title="bbox 2110 4028 3662 4098; baseline 0.004 -18"><span class='ocrx_word' id='word_1_598' title='bbox 2110 4044 2250 4097; x_wconf 89' lang='grc' dir='ltr'>μητο</span> <span class='ocrx_word' id='word_1_599' title='bbox 2305 4028 2595 4098; x_wconf 79' lang='grc' dir='ltr'>ἐκκλησία,</span> <span class='ocrx_word' id='word_1_600' title='bbox 2633 4029 2684 4081; x_wconf 74' lang='grc' dir='ltr'>οἱ</span> <span class='ocrx_word' id='word_1_601' title='bbox 2733 4029 2968 4095; x_wconf 88' lang='grc' dir='ltr'>γενναῖοι</span> <span class='ocrx_word' id='word_1_602' title='bbox 3029 4028 3414 4098; x_wconf 85' lang='grc' dir='ltr'>παρίστανται.</span> <span class='ocrx_word' id='word_1_603' title='bbox 3475 4034 3568 4094; x_wconf 84' lang='grc' dir='ltr'>⁸ος</span> <span class='ocrx_word' id='word_1_604' title='bbox 3614 4031 3662 4085; x_wconf 81' lang='grc' dir='ltr'><strong>δέ</strong></span> 
     </span>
    </p>
   </div>
   <div class='ocr_carea' id='block_1_83' title="bbox 2106 4118 3662 4195">
    <p class='ocr_par' dir='ltr' id='par_1_83' title="bbox 2106 4118 3662 4195">
     <span class='ocr_line' id='line_1_83' title="bbox 2106 4118 3662 4195; baseline 0.003 -24"><span class='ocrx_word' id='word_1_605' title='bbox 2106 4119 2480 4186; x_wconf 75' lang='grc' dir='ltr'>ἐπαγαγέσθαι</span> <span class='ocrx_word' id='word_1_606' title='bbox 2518 4118 2713 4181; x_wconf 81' lang='grc' dir='ltr'>αὐτοὺς</span> <span class='ocrx_word' id='word_1_607' title='bbox 2741 4119 2834 4172; x_wconf 78' lang='grc' dir='ltr'>καὶ</span> <span class='ocrx_word' id='word_1_608' title='bbox 2864 4119 3166 4190; x_wconf 80' lang='grc' dir='ltr'>ὕποκλέψαι</span> <span class='ocrx_word' id='word_1_609' title='bbox 3207 4123 3493 4195; x_wconf 79' lang='grc' dir='ltr'>περιουσίᾳ</span> <span class='ocrx_word' id='word_1_610' title='bbox 3519 4123 3662 4192; x_wconf 76' lang='grc' dir='ltr'>δῆθεν</span> 
     </span>
    </p>
   </div>
   <div class='ocr_carea' id='block_1_84' title="bbox 2105 4208 3663 4285">
    <p class='ocr_par' dir='ltr' id='par_1_84' title="bbox 2105 4208 3663 4285">
     <span class='ocr_line' id='line_1_84' title="bbox 2105 4208 3663 4285; baseline 0.004 -23"><span class='ocrx_word' id='word_1_611' title='bbox 2105 4208 2384 4277; x_wconf 85' lang='grc' dir='ltr'>ἀγχινοίας</span> <span class='ocrx_word' id='word_1_612' title='bbox 2412 4209 2769 4280; x_wconf 61' lang='grc' dir='ltr'>πειρώμενος,</span> <span class='ocrx_word' id='word_1_613' title='bbox 2793 4208 3017 4263; x_wconf 81' lang='grc' dir='ltr'>τοιαῦτα</span> <span class='ocrx_word' id='word_1_614' title='bbox 3041 4212 3098 4264; x_wconf 81' lang='grc' dir='ltr'><strong>ἐν</strong></span> <span class='ocrx_word' id='word_1_615' title='bbox 3118 4214 3422 4284; x_wconf 83' lang='grc' dir='ltr'>προοιμίοις</span> <span class='ocrx_word' id='word_1_616' title='bbox 3443 4215 3522 4271; x_wconf 67' lang='grc' dir='ltr'>ἔτι</span> <span class='ocrx_word' id='word_1_617' title='bbox 3541 4215 3663 4285; x_wconf 76' lang='grc' dir='ltr'>πρὸς</span> 
     </span>
    </p>
   </div>
   <div class='ocr_carea' id='block_1_85' title="bbox 2106 4300 2614 4368">
    <p class='ocr_par' dir='ltr' id='par_1_85' title="bbox 2106 4300 2614 4368">
     <span class='ocr_line' id='line_1_85' title="bbox 2106 4300 2614 4368; baseline -0.002 -13"><span class='ocrx_word' id='word_1_618' title='bbox 2106 4302 2304 4363; x_wconf 81' lang='grc' dir='ltr'>αὐτοὺς</span> <span class='ocrx_word' id='word_1_619' title='bbox 2323 4300 2614 4368; x_wconf 81' lang='grc' dir='ltr'>διελέγετοο</span> 
     </span>
    </p>
   </div>
   <div class='ocr_carea' id='block_1_86' title="bbox 2177 4387 3661 4468">
    <p class='ocr_par' dir='ltr' id='par_1_86' title="bbox 2177 4387 3661 4468">
     <span class='ocr_line' id='line_1_86' title="bbox 2177 4387 3661 4468; baseline 0.003 -23"><span class='ocrx_word' id='word_1_620' title='bbox 2177 4391 2317 4459; x_wconf 70' lang='grc' dir='ltr'><strong>Νςῖν.</strong></span> <span class='ocrx_word' id='word_1_621' title='bbox 2355 4392 2560 4448; x_wconf 83' lang='grc' dir='ltr'>Μαθὼν</span> <span class='ocrx_word' id='word_1_622' title='bbox 2591 4393 2854 4466; x_wconf 85' lang='grc' dir='ltr'>ἀκριϐῶς,</span> <span class='ocrx_word' id='word_1_623' title='bbox 2883 4387 2929 4448; x_wconf 76' lang='grc' dir='ltr'>ὦ</span> <span class='ocrx_word' id='word_1_624' title='bbox 2961 4395 3168 4465; x_wconf 74' lang='grc' dir='ltr'>ἄνδρες,</span> <span class='ocrx_word' id='word_1_625' title='bbox 3227 4396 3298 4450; x_wconf 79' lang='grc' dir='ltr'><strong>τὰ</strong></span> <span class='ocrx_word' id='word_1_626' title='bbox 3348 4398 3472 4452; x_wconf 83' lang='grc' dir='ltr'>καθ’</span> <span class='ocrx_word' id='word_1_627' title='bbox 3514 4397 3661 4468; x_wconf 78' lang='grc' dir='ltr'>ὑμᾶς,</span> 
     </span>
    </p>
   </div>
   <div class='ocr_carea' id='block_1_87' title="bbox 2105 4484 3663 4560">
    <p class='ocr_par' dir='ltr' id='par_1_87' title="bbox 2105 4484 3663 4560">
     <span class='ocr_line' id='line_1_87' title="bbox 2105 4484 3663 4560; baseline 0.003 -23"><span class='ocrx_word' id='word_1_628' title='bbox 2105 4486 2236 4556; x_wconf 83' lang='grc' dir='ltr'>ὅσην</span> <span class='ocrx_word' id='word_1_629' title='bbox 2264 4501 2323 4537; x_wconf 89' lang='grc' dir='ltr'><strong>τε</strong></span> <span class='ocrx_word' id='word_1_630' title='bbox 2347 4484 2667 4556; x_wconf 81' lang='grc' dir='ltr'>περιήλθετε</span> <span class='ocrx_word' id='word_1_631' title='bbox 2705 4487 2832 4558; x_wconf 80' lang='grc' dir='ltr'>γῆν,</span> <span class='ocrx_word' id='word_1_632' title='bbox 2858 4489 3017 4552; x_wconf 84' lang='grc' dir='ltr'>ὅσους</span> <span class='ocrx_word' id='word_1_633' title='bbox 3045 4506 3104 4542; x_wconf 90' lang='grc' dir='ltr'><strong>τε</strong></span> <span class='ocrx_word' id='word_1_634' title='bbox 3136 4489 3466 4560; x_wconf 79' lang='grc' dir='ltr'>ὑπεμείνατε</span> <span class='ocrx_word' id='word_1_635' title='bbox 3496 4487 3663 4544; x_wconf 80' lang='grc' dir='ltr'>κινδύ-</span> 
     </span>
    </p>
   </div>
   <div class='ocr_carea' id='block_1_88' title="bbox 2107 4575 3664 4650">
    <p class='ocr_par' dir='ltr' id='par_1_88' title="bbox 2107 4575 3664 4650">
     <span class='ocr_line' id='line_1_88' title="bbox 2107 4575 3664 4650; baseline 0.003 -22"><span class='ocrx_word' id='word_1_636' title='bbox 2107 4592 2249 4641; x_wconf 87' lang='grc' dir='ltr'>νους,</span> <span class='ocrx_word' id='word_1_637' title='bbox 2282 4576 2377 4629; x_wconf 77' lang='grc' dir='ltr'><strong>καὶ</strong></span> <span class='ocrx_word' id='word_1_638' title='bbox 2403 4575 2602 4646; x_wconf 77' lang='grc' dir='ltr'>ἡλίκας</span> <span class='ocrx_word' id='word_1_639' title='bbox 2624 4577 2871 4632; x_wconf 83' lang='grc' dir='ltr'>θανάτων</span> <span class='ocrx_word' id='word_1_640' title='bbox 2897 4580 3193 4648; x_wconf 76' lang='grc' dir='ltr'>ἐπαγωγὰς</span> <span class='ocrx_word' id='word_1_641' title='bbox 3237 4581 3545 4650; x_wconf 81' lang='grc' dir='ltr'>διεφύγετε,</span> <span class='ocrx_word' id='word_1_642' title='bbox 3575 4578 3664 4632; x_wconf 81' lang='grc' dir='ltr'>πά-</span> 
     </span>
    </p>
   </div>
   <div class='ocr_carea' id='block_1_89' title="bbox 2109 4668 3664 4745">
    <p class='ocr_par' dir='ltr' id='par_1_89' title="bbox 2109 4668 3664 4745">
     <span class='ocr_line' id='line_1_89' title="bbox 2109 4668 3664 4745; baseline 0.005 -25"><span class='ocrx_word' id='word_1_643' title='bbox 2109 4686 2220 4739; x_wconf 84' lang='grc' dir='ltr'><strong>σχω</strong></span> <span class='ocrx_word' id='word_1_644' title='bbox 2249 4668 2343 4723; x_wconf 77' lang='grc' dir='ltr'><strong>καὶ</strong></span> <span class='ocrx_word' id='word_1_645' title='bbox 2383 4669 2548 4733; x_wconf 78' lang='grc' dir='ltr'>αὐτὸς</span> <span class='ocrx_word' id='word_1_646' title='bbox 2596 4668 2694 4740; x_wconf 80' lang='grc' dir='ltr'><strong>τὴν</strong></span> <span class='ocrx_word' id='word_1_647' title='bbox 2739 4671 2942 4743; x_wconf 80' lang='grc' dir='ltr'>ψυχὴν,</span> <span class='ocrx_word' id='word_1_648' title='bbox 3000 4673 3097 4726; x_wconf 71' lang='grc' dir='ltr'><strong>καὶ</strong></span> <span class='ocrx_word' id='word_1_649' title='bbox 3125 4674 3263 4745; x_wconf 79' lang='grc' dir='ltr'>πρὸς</span> <span class='ocrx_word' id='word_1_650' title='bbox 3291 4675 3464 4744; x_wconf 77' lang='grc' dir='ltr'>αὐτὴν</span> <span class='ocrx_word' id='word_1_651' title='bbox 3512 4672 3664 4743; x_wconf 79' lang='grc' dir='ltr'>μόνην</span> 
     </span>
    </p>
   </div>
   <div class='ocr_carea' id='block_1_90' title="bbox 2107 4760 3664 4837">
    <p class='ocr_par' dir='ltr' id='par_1_90' title="bbox 2107 4760 3664 4837">
     <span class='ocr_line' id='line_1_90' title="bbox 2107 4760 3664 4837; baseline 0 -22"><span class='ocrx_word' id='word_1_652' title='bbox 2107 4760 2468 4832; x_wconf 78' lang='grc' dir='ltr'>κατακλῶμαι</span> <span class='ocrx_word' id='word_1_653' title='bbox 2495 4761 2594 4832; x_wconf 74' lang='grc' dir='ltr'>τὴν</span> <span class='ocrx_word' id='word_1_654' title='bbox 2625 4763 2814 4832; x_wconf 80' lang='grc' dir='ltr'>ἀκοὴν,</span> <span class='ocrx_word' id='word_1_655' title='bbox 2838 4765 2932 4818; x_wconf 62' lang='grc' dir='ltr'><strong>καὶ</strong></span> <span class='ocrx_word' id='word_1_656' title='bbox 2952 4767 3114 4818; x_wconf 81' lang='grc' dir='ltr'>οἱονεὶ</span> <span class='ocrx_word' id='word_1_657' title='bbox 3137 4767 3392 4829; x_wconf 81' lang='grc' dir='ltr'>κοινωνὸς</span> <span class='ocrx_word' id='word_1_658' title='bbox 3427 4767 3552 4837; x_wconf 80' lang='grc' dir='ltr'>ὑμῖν</span> <span class='ocrx_word' id='word_1_659' title='bbox 3570 4765 3664 4818; x_wconf 81' lang='grc' dir='ltr'>τῶν</span> 
     </span>
    </p>
   </div>
   <div class='ocr_carea' id='block_1_91' title="bbox 2107 4851 3662 4928">
    <p class='ocr_par' dir='ltr' id='par_1_91' title="bbox 2107 4851 3662 4928">
     <span class='ocr_line' id='line_1_91' title="bbox 2107 4851 3662 4928; baseline 0.003 -22"><span class='ocrx_word' id='word_1_660' title='bbox 2107 4851 2402 4926; x_wconf 84' lang='grc' dir='ltr'>συμφορῶν</span> <span class='ocrx_word' id='word_1_661' title='bbox 2440 4853 2664 4923; x_wconf 81' lang='grc' dir='ltr'>γίνομαι</span> <span class='ocrx_word' id='word_1_662' title='bbox 2682 4869 2697 4885; x_wconf 77' lang='grc' dir='ltr'><strong><em>ο</em></strong></span> <span class='ocrx_word' id='word_1_663' title='bbox 2727 4854 2817 4908; x_wconf 82' lang='grc' dir='ltr'><strong>διὰ</strong></span> <span class='ocrx_word' id='word_1_664' title='bbox 2836 4855 2992 4909; x_wconf 80' lang='grc' dir='ltr'>τοῦτο</span> <span class='ocrx_word' id='word_1_665' title='bbox 3017 4857 3114 4910; x_wconf 81' lang='grc' dir='ltr'><strong>καὶ</strong></span> <span class='ocrx_word' id='word_1_666' title='bbox 3141 4859 3464 4928; x_wconf 73' lang='grc' dir='ltr'>ἀρχοντικὺν</span> <span class='ocrx_word' id='word_1_667' title='bbox 3504 4859 3662 4912; x_wconf 84' lang='grc' dir='ltr'>πάντα</span> 
     </span>
    </p>
   </div>
   <div class='ocr_carea' id='block_1_92' title="bbox 2105 4945 3662 5022">
    <p class='ocr_par' dir='ltr' id='par_1_92' title="bbox 2105 4945 3662 5022">
     <span class='ocr_line' id='line_1_92' title="bbox 2105 4945 3662 5022; baseline 0.003 -23"><span class='ocrx_word' id='word_1_668' title='bbox 2105 4947 2269 5013; x_wconf 74' lang='grc' dir='ltr'>ὄγκον</span> <span class='ocrx_word' id='word_1_669' title='bbox 2317 4945 2607 5000; x_wconf 86' lang='grc' dir='ltr'>ἀποϐαλὼν</span> <span class='ocrx_word' id='word_1_670' title='bbox 2655 4945 2828 5010; x_wconf 77' lang='grc' dir='ltr'>οὕτως</span> <span class='ocrx_word' id='word_1_671' title='bbox 2859 4948 3036 5019; x_wconf 77' lang='grc' dir='ltr'>ἠπίως</span> <span class='ocrx_word' id='word_1_672' title='bbox 3097 4951 3226 5019; x_wconf 81' lang='grc' dir='ltr'>ὑμῖν</span> <span class='ocrx_word' id='word_1_673' title='bbox 3270 4953 3365 5004; x_wconf 78' lang='grc' dir='ltr'><strong>καὶ</strong></span> <span class='ocrx_word' id='word_1_674' title='bbox 3397 4950 3662 5022; x_wconf 80' lang='grc' dir='ltr'>προσηνῶς</span> 
     </span>
    </p>
   </div>
   <div class='ocr_carea' id='block_1_93' title="bbox 2103 5035 3662 5112">
    <p class='ocr_par' dir='ltr' id='par_1_93' title="bbox 2103 5035 3662 5112">
     <span class='ocr_line' id='line_1_93' title="bbox 2103 5035 3662 5112; baseline 0.003 -22"><span class='ocrx_word' id='word_1_675' title='bbox 2103 5038 2440 5108; x_wconf 81' lang='grc' dir='ltr'>διαλέγομαι.</span> <span class='ocrx_word' id='word_1_676' title='bbox 2468 5039 2654 5098; x_wconf 83' lang='grc' dir='ltr'>Δοκεῖς</span> <span class='ocrx_word' id='word_1_677' title='bbox 2677 5055 2768 5108; x_wconf 84' lang='grc' dir='ltr'><strong>μοι</strong></span> <span class='ocrx_word' id='word_1_678' title='bbox 2792 5039 2901 5110; x_wconf 82' lang='grc' dir='ltr'>γὰρ</span> <span class='ocrx_word' id='word_1_679' title='bbox 2931 5041 3170 5104; x_wconf 85' lang='grc' dir='ltr'>πάντως,</span> <span class='ocrx_word' id='word_1_680' title='bbox 3189 5035 3236 5094; x_wconf 83' lang='grc' dir='ltr'><strong>ὧ</strong></span> <span class='ocrx_word' id='word_1_681' title='bbox 3262 5042 3662 5112; x_wconf 80' lang='grc' dir='ltr'>θαυμασιώτατε</span> 
     </span>
    </p>
   </div>
   <div class='ocr_carea' id='block_1_94' title="bbox 421 5126 1994 5224">
    <p class='ocr_par' dir='ltr' id='par_1_94' title="bbox 421 5126 1994 5198">
     <span class='ocr_line' id='line_1_94' title="bbox 421 5126 1994 5198; baseline 0.001 -15"><span class='ocrx_word' id='word_1_682' title='bbox 421 5142 582 5183; x_wconf 59' lang='lat' dir='ltr'><strong>«nens</strong></span> <span class='ocrx_word' id='word_1_683' title='bbox 609 5129 841 5182; x_wconf 75' lang='lat' dir='ltr'><strong>maxime</strong></span> <span class='ocrx_word' id='word_1_684' title='bbox 866 5137 918 5180; x_wconf 92' lang='lat' dir='ltr'><strong>et</strong></span> <span class='ocrx_word' id='word_1_685' title='bbox 944 5126 1298 5189; x_wconf 85' lang='lat' dir='ltr'><strong>admirabilis.</strong></span> <span class='ocrx_word' id='word_1_686' title='bbox 1330 5142 1396 5183; x_wconf 90' lang='lat' dir='ltr'><strong>eo</strong></span> <span class='ocrx_word' id='word_1_687' title='bbox 1415 5127 1559 5196; x_wconf 89' lang='lat' dir='ltr'><strong>quod</strong></span> <span class='ocrx_word' id='word_1_688' title='bbox 1609 5141 1677 5182; x_wconf 77' lang='lat' dir='ltr'><strong>ex</strong></span> <span class='ocrx_word' id='word_1_689' title='bbox 1722 5129 1827 5183; x_wconf 85' lang='lat' dir='ltr'><strong>hac</strong></span> <span class='ocrx_word' id='word_1_690' title='bbox 1863 5146 1994 5198; x_wconf 66' lang='lat' dir='ltr'><strong>pra:-</strong></span> 
     </span>
    </p>
   </div>
   <div class='ocr_carea' id='block_1_95' title="bbox 2103 5126 3663 5224">
    <p class='ocr_par' dir='ltr' id='par_1_95' title="bbox 2106 5127 3663 5202">
     <span class='ocr_line' id='line_1_95' title="bbox 2106 5127 3663 5202; baseline 0.003 -20"><span class='ocrx_word' id='word_1_691' title='bbox 2106 5128 2221 5199; x_wconf 83' lang='grc' dir='ltr'><strong>Κλή</strong></span> <span class='ocrx_word' id='word_1_692' title='bbox 2232 5146 2328 5200; x_wconf 89' lang='grc' dir='ltr'><strong>μη,</strong></span> <span class='ocrx_word' id='word_1_693' title='bbox 2363 5128 2441 5200; x_wconf 82' lang='grc' dir='ltr'>τῷ</span> <span class='ocrx_word' id='word_1_694' title='bbox 2469 5127 2569 5198; x_wconf 81' lang='grc' dir='ltr'>τῆς</span> <span class='ocrx_word' id='word_1_695' title='bbox 2594 5129 2824 5200; x_wconf 88' lang='grc' dir='ltr'>ἀρίστης</span> <span class='ocrx_word' id='word_1_696' title='bbox 2867 5133 3074 5202; x_wconf 82' lang='grc' dir='ltr'>ταύτης</span> <span class='ocrx_word' id='word_1_697' title='bbox 3101 5131 3264 5202; x_wconf 78' lang='grc' dir='ltr'>φῦναι</span> <span class='ocrx_word' id='word_1_698' title='bbox 3289 5135 3516 5202; x_wconf 84' lang='grc' dir='ltr'>πόλεως,</span> <span class='ocrx_word' id='word_1_699' title='bbox 3548 5151 3663 5202; x_wconf 79' lang='grc' dir='ltr'>τραο</span> 
     </span>
    </p>
   </div>
   <div class='ocr_carea' id='block_1_96' title="bbox 424 5218 1994 5298">
    <p class='ocr_par' dir='ltr' id='par_1_96' title="bbox 424 5218 1994 5288">
     <span class='ocr_line' id='line_1_96' title="bbox 424 5218 1994 5288; baseline 0 -14"><span class='ocrx_word' id='word_1_700' title='bbox 424 5219 770 5274; x_wconf 79' lang='lat' dir='ltr'><strong>stantissima</strong></span> <span class='ocrx_word' id='word_1_701' title='bbox 801 5227 958 5273; x_wconf 86' lang='lat' dir='ltr'><strong>natus</strong></span> <span class='ocrx_word' id='word_1_702' title='bbox 995 5218 1070 5273; x_wconf 89' lang='lat' dir='ltr'><strong>sis</strong></span> <span class='ocrx_word' id='word_1_703' title='bbox 1097 5220 1350 5282; x_wconf 70' lang='lat' dir='ltr'><strong>civitate,</strong></span> <span class='ocrx_word' id='word_1_704' title='bbox 1387 5219 1438 5272; x_wconf 90' lang='lat' dir='ltr'><strong>in</strong></span> <span class='ocrx_word' id='word_1_705' title='bbox 1473 5233 1644 5288; x_wconf 90' lang='lat' dir='ltr'><strong>eaque</strong></span> <span class='ocrx_word' id='word_1_706' title='bbox 1669 5221 1904 5275; x_wconf 87' lang='lat' dir='ltr'><strong>creveris</strong></span> <span class='ocrx_word' id='word_1_707' title='bbox 1941 5227 1994 5274; x_wconf 87' lang='lat' dir='ltr'><strong>et</strong></span> 
     </span>
    </p>
   </div>
   <div class='ocr_carea' id='block_1_97' title="bbox 2103 5218 3660 5298">
    <p class='ocr_par' dir='ltr' id='par_1_97' title="bbox 2104 5221 3660 5298">
     <span class='ocr_line' id='line_1_97' title="bbox 2104 5221 3660 5298; baseline 0.003 -23"><span class='ocrx_word' id='word_1_708' title='bbox 2104 5221 2268 5290; x_wconf 81' lang='grc' dir='ltr'>φῆναί</span> <span class='ocrx_word' id='word_1_709' title='bbox 2303 5239 2362 5276; x_wconf 92' lang='grc' dir='ltr'><strong>τε</strong></span> <span class='ocrx_word' id='word_1_710' title='bbox 2390 5223 2450 5275; x_wconf 86' lang='grc' dir='ltr'><strong>ἐν</strong></span> <span class='ocrx_word' id='word_1_711' title='bbox 2475 5223 2635 5294; x_wconf 76' lang='grc' dir='ltr'>αὐτῇ,</span> <span class='ocrx_word' id='word_1_712' title='bbox 2669 5223 2765 5276; x_wconf 83' lang='grc' dir='ltr'><strong>καὶ</strong></span> <span class='ocrx_word' id='word_1_713' title='bbox 2813 5223 3115 5294; x_wconf 79' lang='grc' dir='ltr'>αὐξηθῆναι</span> <span class='ocrx_word' id='word_1_714' title='bbox 3164 5228 3260 5280; x_wconf 79' lang='grc' dir='ltr'><strong>καὶ</strong></span> <span class='ocrx_word' id='word_1_715' title='bbox 3303 5227 3660 5298; x_wconf 76' lang='grc' dir='ltr'>παιδευθῆναι,</span> 
     </span>
    </p>
   </div>
   <div class='ocr_carea' id='block_1_98' title="bbox 418 5306 1994 5379">
    <p class='ocr_par' dir='ltr' id='par_1_98' title="bbox 418 5306 1994 5379">
     <span class='ocr_line' id='line_1_98' title="bbox 418 5306 1994 5379; baseline 0 -15"><span class='ocrx_word' id='word_1_716' title='bbox 418 5311 620 5364; x_wconf 72' lang='grc' dir='ltr'>ιιίοοιυε</span> <span class='ocrx_word' id='word_1_717' title='bbox 647 5309 726 5362; x_wconf 76' lang='lat' dir='ltr'><strong>sis</strong></span> <span class='ocrx_word' id='word_1_718' title='bbox 768 5319 825 5362; x_wconf 93' lang='lat' dir='ltr'><strong>et</strong></span> <span class='ocrx_word' id='word_1_719' title='bbox 869 5306 1135 5364; x_wconf 84' lang='lat' dir='ltr'><strong>educatus</strong></span> <span class='ocrx_word' id='word_1_720' title='bbox 1158 5347 1174 5372; x_wconf 91' lang='lat'><strong>,</strong></span> <span class='ocrx_word' id='word_1_721' title='bbox 1199 5321 1263 5363; x_wconf 86' lang='lat' dir='ltr'><strong>ea</strong></span> <span class='ocrx_word' id='word_1_722' title='bbox 1296 5309 1362 5362; x_wconf 90' lang='lat' dir='ltr'><strong>de</strong></span> <span class='ocrx_word' id='word_1_723' title='bbox 1394 5322 1560 5362; x_wconf 87' lang='lat' dir='ltr'><strong>causa</strong></span> <span class='ocrx_word' id='word_1_724' title='bbox 1611 5323 1680 5364; x_wconf 87' lang='lat' dir='ltr'><strong>ne</strong></span> <span class='ocrx_word' id='word_1_725' title='bbox 1711 5309 1828 5374; x_wconf 87' lang='lat' dir='ltr'><strong>pius</strong></span> <span class='ocrx_word' id='word_1_726' title='bbox 1870 5310 1994 5379; x_wconf 87' lang='lat' dir='ltr'><strong>qui-</strong></span> 
     </span>
    </p>
   </div>
   <div class='ocr_carea' id='block_1_99' title="bbox 427 5397 1995 5466">
    <p class='ocr_par' dir='ltr' id='par_1_99' title="bbox 427 5397 1995 5466">
     <span class='ocr_line' id='line_1_99' title="bbox 427 5397 1995 5466; baseline 0.001 -13"><span class='ocrx_word' id='word_1_727' title='bbox 427 5401 546 5454; x_wconf 87' lang='lat' dir='ltr'><strong>dem</strong></span> <span class='ocrx_word' id='word_1_728' title='bbox 586 5398 642 5454; x_wconf 90' lang='lat' dir='ltr'><strong>in</strong></span> <span class='ocrx_word' id='word_1_729' title='bbox 672 5399 807 5455; x_wconf 85' lang='lat' dir='ltr'><strong>deos</strong></span> <span class='ocrx_word' id='word_1_730' title='bbox 837 5401 889 5454; x_wconf 90' lang='lat' dir='ltr'><strong>in</strong></span> <span class='ocrx_word' id='word_1_731' title='bbox 937 5399 1041 5453; x_wconf 83' lang='lat' dir='ltr'><strong>alia</strong></span> <span class='ocrx_word' id='word_1_732' title='bbox 1093 5399 1260 5454; x_wconf 87' lang='lat' dir='ltr'><strong>videri</strong></span> <span class='ocrx_word' id='word_1_733' title='bbox 1309 5397 1548 5452; x_wconf 89' lang='lat' dir='ltr'><strong>voluisse</strong></span> <span class='ocrx_word' id='word_1_734' title='bbox 1596 5398 1852 5466; x_wconf 89' lang='lat' dir='ltr'><strong>civitate,</strong></span> <span class='ocrx_word' id='word_1_735' title='bbox 1885 5398 1995 5454; x_wconf 89' lang='lat' dir='ltr'><strong>nisi</strong></span> 
     </span>
    </p>
   </div>
   <div class='ocr_carea' id='block_1_100' title="bbox 422 5489 1999 5564">
    <p class='ocr_par' dir='ltr' id='par_1_100' title="bbox 422 5489 1999 5564">
     <span class='ocr_line' id='line_1_100' title="bbox 422 5489 1999 5564; baseline -0.001 -16"><span class='ocrx_word' id='word_1_736' title='bbox 422 5492 579 5564; x_wconf 82' lang='lat' dir='ltr'><strong>prius</strong></span> <span class='ocrx_word' id='word_1_737' title='bbox 601 5493 658 5548; x_wconf 84' lang='lat' dir='ltr'><strong>in</strong></span> <span class='ocrx_word' id='word_1_738' title='bbox 695 5503 840 5548; x_wconf 88' lang='lat' dir='ltr'><strong>tuam</strong></span> <span class='ocrx_word' id='word_1_739' title='bbox 865 5493 1126 5549; x_wconf 74' lang='lat' dir='ltr'><strong>rediisses</strong></span> <span class='ocrx_word' id='word_1_740' title='bbox 1156 5491 1386 5562; x_wconf 87' lang='lat' dir='ltr'><strong>patriam</strong></span> <span class='ocrx_word' id='word_1_741' title='bbox 1413 5529 1429 5554; x_wconf 92' lang='lat'><strong>,</strong></span> <span class='ocrx_word' id='word_1_742' title='bbox 1465 5503 1561 5559; x_wconf 90' lang='lat' dir='ltr'><strong>pro</strong></span> <span class='ocrx_word' id='word_1_743' title='bbox 1597 5489 1724 5557; x_wconf 76' lang='lat' dir='ltr'><strong>alia,</strong></span> <span class='ocrx_word' id='word_1_744' title='bbox 1762 5499 1819 5544; x_wconf 91' lang='lat' dir='ltr'><strong>ut</strong></span> <span class='ocrx_word' id='word_1_745' title='bbox 1848 5491 1999 5547; x_wconf 85' lang='lat' dir='ltr'><strong>vide-</strong></span> 
     </span>
    </p>
   </div>
   <div class='ocr_carea' id='block_1_101' title="bbox 423 5581 2002 5650">
    <p class='ocr_par' dir='ltr' id='par_1_101' title="bbox 423 5581 2002 5650">
     <span class='ocr_line' id='line_1_101' title="bbox 423 5581 2002 5650; baseline 0.001 -11"><span class='ocrx_word' id='word_1_746' title='bbox 423 5593 540 5650; x_wconf 81' lang='lat' dir='ltr'><strong>tur,</strong></span> <span class='ocrx_word' id='word_1_747' title='bbox 592 5589 1028 5643; x_wconf 71' lang='lat' dir='ltr'><strong>reo-utteratione</strong></span> <span class='ocrx_word' id='word_1_748' title='bbox 1076 5586 1180 5640; x_wconf 82' lang='lat' dir='ltr'><strong>hoc</strong></span> <span class='ocrx_word' id='word_1_749' title='bbox 1226 5583 1300 5639; x_wconf 93' lang='lat' dir='ltr'><strong>illi</strong></span> <span class='ocrx_word' id='word_1_750' title='bbox 1343 5596 1654 5638; x_wconf 79' lang='lat' dir='ltr'><strong>reservans.</strong></span> <span class='ocrx_word' id='word_1_751' title='bbox 1703 5581 1840 5636; x_wconf 88' lang='lat' dir='ltr'><strong>Sunt</strong></span> <span class='ocrx_word' id='word_1_752' title='bbox 1873 5597 2002 5648; x_wconf 72' lang='lat' dir='ltr'><strong>ergo</strong></span> 
     </span>
    </p>
   </div>
   <div class='ocr_carea' id='block_1_102' title="bbox 432 5673 2004 5745">
    <p class='ocr_par' dir='ltr' id='par_1_102' title="bbox 432 5673 2004 5745">
     <span class='ocr_line' id='line_1_102' title="bbox 432 5673 2004 5745; baseline -0.001 -15"><span class='ocrx_word' id='word_1_753' title='bbox 432 5691 576 5732; x_wconf 84' lang='lat' dir='ltr'><strong>nunc</strong></span> <span class='ocrx_word' id='word_1_754' title='bbox 611 5693 640 5730; x_wconf 86' lang='lat' dir='ltr'><strong>a</strong></span> <span class='ocrx_word' id='word_1_755' title='bbox 693 5691 742 5734; x_wconf 78' lang='lat' dir='ltr'><strong>lc</strong></span> <span class='ocrx_word' id='word_1_756' title='bbox 786 5679 991 5735; x_wconf 84' lang='lat' dir='ltr'><strong>civitati</strong></span> <span class='ocrx_word' id='word_1_757' title='bbox 1021 5687 1078 5734; x_wconf 87' lang='lat' dir='ltr'><strong>et</strong></span> <span class='ocrx_word' id='word_1_758' title='bbox 1112 5677 1270 5732; x_wconf 88' lang='lat' dir='ltr'><strong>nobis</strong></span> <span class='ocrx_word' id='word_1_759' title='bbox 1299 5673 1523 5745; x_wconf 61' lang='lat' dir='ltr'><strong>agendae</strong></span> <span class='ocrx_word' id='word_1_760' title='bbox 1552 5675 1760 5742; x_wconf 65' lang='lat' dir='ltr'><strong>gratiae.</strong></span> <span class='ocrx_word' id='word_1_761' title='bbox 1800 5673 1877 5729; x_wconf 85' lang='lat' dir='ltr'><strong>Te</strong></span> <span class='ocrx_word' id='word_1_762' title='bbox 1905 5690 2004 5729; x_wconf 86' lang='lat' dir='ltr'><strong>au-</strong></span> 
     </span>
    </p>
   </div>
   <div class='ocr_carea' id='block_1_103' title="bbox 434 5765 2002 5841">
    <p class='ocr_par' dir='ltr' id='par_1_103' title="bbox 434 5765 2002 5841">
     <span class='ocr_line' id='line_1_103' title="bbox 434 5765 2002 5841; baseline 0 -19"><span class='ocrx_word' id='word_1_763' title='bbox 434 5779 542 5824; x_wconf 80' lang='lat' dir='ltr'><strong>tem</strong></span> <span class='ocrx_word' id='word_1_764' title='bbox 573 5783 938 5841; x_wconf 80' lang='lat' dir='ltr'><strong>consequatur</strong></span> <span class='ocrx_word' id='word_1_765' title='bbox 989 5769 1285 5840; x_wconf 68' lang='lat' dir='ltr'><strong>praeclarus</strong></span> <span class='ocrx_word' id='word_1_766' title='bbox 1328 5779 1544 5833; x_wconf 83' lang='lat' dir='ltr'><strong>quoque</strong></span> <span class='ocrx_word' id='word_1_767' title='bbox 1583 5765 2002 5835; x_wconf 75' lang='lat' dir='ltr'><strong>Agatbangelus.</strong></span> 
     </span>
    </p>
   </div>
   <div class='ocr_carea' id='block_1_104' title="bbox 405 5857 2000 5935">
    <p class='ocr_par' dir='ltr' id='par_1_104' title="bbox 405 5857 2000 5935">
     <span class='ocr_line' id='line_1_104' title="bbox 405 5857 2000 5935; baseline -0.008 -12"><span class='ocrx_word' id='word_1_768' title='bbox 405 5861 611 5923; x_wconf 77' lang='lat' dir='ltr'><strong>Nolite</strong></span> <span class='ocrx_word' id='word_1_769' title='bbox 655 5881 788 5935; x_wconf 75' lang='lat' dir='ltr'><strong>ergo</strong></span> <span class='ocrx_word' id='word_1_770' title='bbox 816 5865 1055 5930; x_wconf 80' lang='lat' dir='ltr'><strong>dill‘erre,</strong></span> <span class='ocrx_word' id='word_1_771' title='bbox 1096 5867 1192 5920; x_wconf 80' lang='lat' dir='ltr'><strong>sed</strong></span> <span class='ocrx_word' id='word_1_772' title='bbox 1225 5861 1330 5916; x_wconf 88' lang='lat' dir='ltr'><strong>diis</strong></span> <span class='ocrx_word' id='word_1_773' title='bbox 1375 5861 1443 5914; x_wconf 89' lang='lat' dir='ltr'><strong>de</strong></span> <span class='ocrx_word' id='word_1_774' title='bbox 1482 5872 1632 5912; x_wconf 90' lang='lat' dir='ltr'><strong>more</strong></span> <span class='ocrx_word' id='word_1_775' title='bbox 1676 5857 2000 5912; x_wconf 81' lang='lat' dir='ltr'><strong>sacriﬁcate.</strong></span> 
     </span>
    </p>
   </div>
   <div class='ocr_carea' id='block_1_105' title="bbox 429 5948 2008 6028">
    <p class='ocr_par' dir='ltr' id='par_1_105' title="bbox 429 5948 2008 6028">
     <span class='ocr_line' id='line_1_105' title="bbox 429 5948 2008 6028; baseline -0.003 -18"><span class='ocrx_word' id='word_1_776' title='bbox 429 5957 616 6014; x_wconf 60' lang='lat' dir='ltr'><strong>Sancti</strong></span> <span class='ocrx_word' id='word_1_777' title='bbox 652 5974 780 6015; x_wconf 65' lang='lat' dir='ltr'><strong>vero</strong></span> <span class='ocrx_word' id='word_1_778' title='bbox 813 5979 826 6016; x_wconf 88' lang='lat'><strong>:</strong></span> <span class='ocrx_word' id='word_1_779' title='bbox 863 5958 1175 6028; x_wconf 85' lang='lat' dir='ltr'><strong>Quomodo,</strong></span> <span class='ocrx_word' id='word_1_780' title='bbox 1206 5955 1485 6020; x_wconf 73' lang='lat' dir='ltr'><strong>dixerunt,</strong></span> <span class='ocrx_word' id='word_1_781' title='bbox 1539 5949 1704 6006; x_wconf 76' lang='lat' dir='ltr'><strong>fueris</strong></span> <span class='ocrx_word' id='word_1_782' title='bbox 1739 5948 1889 6004; x_wconf 87' lang='lat' dir='ltr'><strong>nobis</strong></span> <span class='ocrx_word' id='word_1_783' title='bbox 1919 5964 2008 6005; x_wconf 81' lang='lat' dir='ltr'><strong>so-</strong></span> 
     </span>
    </p>
   </div>
   <div class='ocr_carea' id='block_1_106' title="bbox 2101 5313 3666 5391">
    <p class='ocr_par' dir='ltr' id='par_1_106' title="bbox 2101 5313 3666 5391">
     <span class='ocr_line' id='line_1_106' title="bbox 2101 5313 3666 5391; baseline 0.007 -25"><span class='ocrx_word' id='word_1_784' title='bbox 2101 5313 2290 5368; x_wconf 85' lang='grc' dir='ltr'>τούτου</span> <span class='ocrx_word' id='word_1_785' title='bbox 2314 5313 2470 5386; x_wconf 77' lang='grc' dir='ltr'>χάριν</span> <span class='ocrx_word' id='word_1_786' title='bbox 2504 5315 2637 5385; x_wconf 84' lang='grc' dir='ltr'><strong>μηδέ</strong></span> <span class='ocrx_word' id='word_1_787' title='bbox 2670 5313 2896 5385; x_wconf 86' lang='grc' dir='ltr'>θελῆσαι</span> <span class='ocrx_word' id='word_1_788' title='bbox 2929 5317 3076 5382; x_wconf 84' lang='grc' dir='ltr'>δσιος</span> <span class='ocrx_word' id='word_1_789' title='bbox 3108 5317 3178 5371; x_wconf 82' lang='grc' dir='ltr'>τὰ</span> <span class='ocrx_word' id='word_1_790' title='bbox 3222 5322 3354 5391; x_wconf 78' lang='grc' dir='ltr'>περὶ</span> <span class='ocrx_word' id='word_1_791' title='bbox 3381 5321 3507 5384; x_wconf 77' lang='grc' dir='ltr'>τοὺς</span> <span class='ocrx_word' id='word_1_792' title='bbox 3527 5319 3666 5377; x_wconf 70' lang='grc' dir='ltr'>θεοὺς</span> 
     </span>
    </p>
   </div>
   <div class='ocr_carea' id='block_1_107' title="bbox 2105 5401 3664 5480">
    <p class='ocr_par' dir='ltr' id='par_1_107' title="bbox 2105 5401 3664 5480">
     <span class='ocr_line' id='line_1_107' title="bbox 2105 5401 3664 5480; baseline 0.003 -23"><span class='ocrx_word' id='word_1_793' title='bbox 2105 5407 2162 5458; x_wconf 86' lang='grc' dir='ltr'><strong>ἐν</strong></span> <span class='ocrx_word' id='word_1_794' title='bbox 2192 5401 2358 5479; x_wconf 65' lang='grc' dir='ltr'>ἑτέρᾳ</span> <span class='ocrx_word' id='word_1_795' title='bbox 2423 5406 2769 5475; x_wconf 76' lang='grc' dir='ltr'>ἀναφανῆναι</span> <span class='ocrx_word' id='word_1_796' title='bbox 2799 5410 2892 5478; x_wconf 77' lang='grc' dir='ltr'>γῇ,</span> <span class='ocrx_word' id='word_1_797' title='bbox 2948 5409 2996 5460; x_wconf 88' lang='grc' dir='ltr'><strong>εί</strong></span> <span class='ocrx_word' id='word_1_798' title='bbox 3055 5411 3131 5480; x_wconf 84' lang='grc' dir='ltr'>μὴ</span> <span class='ocrx_word' id='word_1_799' title='bbox 3170 5411 3282 5480; x_wconf 77' lang='grc' dir='ltr'>ἄρα</span> <span class='ocrx_word' id='word_1_800' title='bbox 3318 5411 3424 5480; x_wconf 84' lang='grc' dir='ltr'>τῆς</span> <span class='ocrx_word' id='word_1_801' title='bbox 3477 5409 3664 5470; x_wconf 71' lang='grc' dir='ltr'>οἰκείας</span> 
     </span>
    </p>
   </div>
   <div class='ocr_carea' id='block_1_108' title="bbox 2103 5496 3666 5574">
    <p class='ocr_par' dir='ltr' id='par_1_108' title="bbox 2103 5496 3666 5574">
     <span class='ocr_line' id='line_1_108' title="bbox 2103 5496 3666 5574; baseline 0.002 -24"><span class='ocrx_word' id='word_1_802' title='bbox 2103 5497 2298 5568; x_wconf 76' lang='grc' dir='ltr'>ἐπιϐῇς</span> <span class='ocrx_word' id='word_1_803' title='bbox 2328 5498 2510 5565; x_wconf 79' lang='grc' dir='ltr'>πάλιν,</span> <span class='ocrx_word' id='word_1_804' title='bbox 2539 5496 2655 5551; x_wconf 84' lang='grc' dir='ltr'>ἀντ’</span> <span class='ocrx_word' id='word_1_805' title='bbox 2695 5498 2882 5567; x_wconf 79' lang='grc' dir='ltr'>ἄλλης,</span> <span class='ocrx_word' id='word_1_806' title='bbox 2912 5499 2987 5562; x_wconf 87' lang='grc' dir='ltr'><strong>ὼς</strong></span> <span class='ocrx_word' id='word_1_807' title='bbox 3009 5500 3207 5572; x_wconf 74' lang='grc' dir='ltr'>ἔοικεν,</span> <span class='ocrx_word' id='word_1_808' title='bbox 3240 5503 3496 5574; x_wconf 84' lang='grc' dir='ltr'>ἀμοιϐῆς.</span> <span class='ocrx_word' id='word_1_809' title='bbox 3525 5502 3666 5556; x_wconf 81' lang='grc' dir='ltr'>τοῦτο</span> 
     </span>
    </p>
   </div>
   <div class='ocr_carea' id='block_1_109' title="bbox 2104 5588 3663 5668">
    <p class='ocr_par' dir='ltr' id='par_1_109' title="bbox 2104 5588 3663 5668">
     <span class='ocr_line' id='line_1_109' title="bbox 2104 5588 3663 5668; baseline 0.003 -28"><span class='ocrx_word' id='word_1_810' title='bbox 2104 5590 2171 5658; x_wconf 82' lang='grc' dir='ltr'>τῇ</span> <span class='ocrx_word' id='word_1_811' title='bbox 2199 5588 2418 5657; x_wconf 82' lang='grc' dir='ltr'>πατρίδι</span> <span class='ocrx_word' id='word_1_812' title='bbox 2444 5590 2861 5658; x_wconf 83' lang='grc' dir='ltr'>ταμιευόμενος.</span> <span class='ocrx_word' id='word_1_813' title='bbox 2899 5592 3042 5661; x_wconf 83' lang='grc' dir='ltr'>Ὦρα</span> <span class='ocrx_word' id='word_1_814' title='bbox 3086 5592 3216 5661; x_wconf 82' lang='grc' dir='ltr'>γοῦν</span> <span class='ocrx_word' id='word_1_815' title='bbox 3243 5611 3327 5648; x_wconf 89' lang='grc' dir='ltr'><strong>σοι</strong></span> <span class='ocrx_word' id='word_1_816' title='bbox 3355 5597 3580 5668; x_wconf 81' lang='grc' dir='ltr'>χάριτας</span> <span class='ocrx_word' id='word_1_817' title='bbox 3606 5595 3663 5661; x_wconf 76' lang='grc' dir='ltr'>τῇ</span> 
     </span>
    </p>
   </div>
   <div class='ocr_carea' id='block_1_110' title="bbox 2104 5679 3666 5750">
    <p class='ocr_par' dir='ltr' id='par_1_110' title="bbox 2104 5679 3666 5750">
     <span class='ocr_line' id='line_1_110' title="bbox 2104 5679 3666 5750; baseline 0.004 -19"><span class='ocrx_word' id='word_1_818' title='bbox 2104 5697 2166 5732; x_wconf 84' lang='grc' dir='ltr'><strong>τε</strong></span> <span class='ocrx_word' id='word_1_819' title='bbox 2200 5679 2352 5734; x_wconf 88' lang='grc' dir='ltr'>πόλει</span> <span class='ocrx_word' id='word_1_820' title='bbox 2375 5679 2474 5734; x_wconf 77' lang='grc' dir='ltr'><strong>καὶ</strong></span> <span class='ocrx_word' id='word_1_821' title='bbox 2499 5682 2632 5750; x_wconf 80' lang='grc' dir='ltr'>ἡμῖν</span> <span class='ocrx_word' id='word_1_822' title='bbox 2656 5682 2972 5738; x_wconf 84' lang='grc' dir='ltr'>ἀποδοῦναι.</span> <span class='ocrx_word' id='word_1_823' title='bbox 2999 5686 3322 5741; x_wconf 84' lang='grc' dir='ltr'>Συνεπέσθω</span> <span class='ocrx_word' id='word_1_824' title='bbox 3346 5689 3400 5741; x_wconf 84' lang='grc' dir='ltr'>δέ</span> <span class='ocrx_word' id='word_1_825' title='bbox 3431 5687 3513 5742; x_wconf 81' lang='grc' dir='ltr'>σὸι</span> <span class='ocrx_word' id='word_1_826' title='bbox 3532 5687 3618 5741; x_wconf 81' lang='grc' dir='ltr'><strong>καὶ</strong></span> <span class='ocrx_word' id='word_1_827' title='bbox 3641 5686 3666 5738; x_wconf 83' lang='grc' dir='ltr'><strong>ό</strong></span> 
     </span>
    </p>
   </div>
   <div class='ocr_carea' id='block_1_111' title="bbox 2109 5771 3668 5847">
    <p class='ocr_par' dir='ltr' id='par_1_111' title="bbox 2109 5771 3668 5847">
     <span class='ocr_line' id='line_1_111' title="bbox 2109 5771 3668 5847; baseline 0.004 -23"><span class='ocrx_word' id='word_1_828' title='bbox 2109 5771 2274 5835; x_wconf 78' lang='grc' dir='ltr'>καλὸς</span> <span class='ocrx_word' id='word_1_829' title='bbox 2319 5771 2750 5842; x_wconf 74' lang='grc' dir='ltr'>Ἀγαθάγγελοςο</span> <span class='ocrx_word' id='word_1_830' title='bbox 2792 5774 2868 5846; x_wconf 77' lang='grc' dir='ltr'>μὴ</span> <span class='ocrx_word' id='word_1_831' title='bbox 2896 5772 2991 5829; x_wconf 77' lang='grc' dir='ltr'>οὖν</span> <span class='ocrx_word' id='word_1_832' title='bbox 3045 5777 3290 5847; x_wconf 81' lang='grc' dir='ltr'>μέλλετε,</span> <span class='ocrx_word' id='word_1_833' title='bbox 3341 5780 3482 5834; x_wconf 80' lang='grc' dir='ltr'><strong>ἀλλά</strong></span> <span class='ocrx_word' id='word_1_834' title='bbox 3527 5779 3668 5834; x_wconf 67' lang='grc' dir='ltr'>θύετε</span> 
     </span>
    </p>
   </div>
   <div class='ocr_carea' id='block_1_112' title="bbox 2113 5861 3670 5942">
    <p class='ocr_par' dir='ltr' id='par_1_112' title="bbox 2113 5861 3670 5942">
     <span class='ocr_line' id='line_1_112' title="bbox 2113 5861 3670 5942; baseline 0.005 -29"><span class='ocrx_word' id='word_1_835' title='bbox 2113 5861 2256 5923; x_wconf 84' lang='grc' dir='ltr'>θεοῖς</span> <span class='ocrx_word' id='word_1_836' title='bbox 2303 5863 2370 5916; x_wconf 82' lang='grc' dir='ltr'>τὰ</span> <span class='ocrx_word' id='word_1_837' title='bbox 2418 5864 2800 5934; x_wconf 80' lang='grc' dir='ltr'>νενομισμένα.</span> <span class='ocrx_word' id='word_1_838' title='bbox 2861 5868 2924 5919; x_wconf 91' lang='grc' dir='ltr'><strong>Οί</strong></span> <span class='ocrx_word' id='word_1_839' title='bbox 2956 5867 3014 5920; x_wconf 78' lang='grc' dir='ltr'>δὲ</span> <span class='ocrx_word' id='word_1_840' title='bbox 3061 5869 3231 5937; x_wconf 76' lang='grc' dir='ltr'>ἅγιοι,</span> <span class='ocrx_word' id='word_1_841' title='bbox 3286 5870 3410 5935; x_wconf 81' lang='grc' dir='ltr'>Πῶς</span> <span class='ocrx_word' id='word_1_842' title='bbox 3441 5871 3498 5924; x_wconf 80' lang='grc' dir='ltr'><strong>δέ</strong></span> <span class='ocrx_word' id='word_1_843' title='bbox 3552 5872 3670 5942; x_wconf 71' lang='grc' dir='ltr'>ἡμῖν</span> 
     </span>
    </p>
   </div>
   <div class='ocr_carea' id='block_1_113' title="bbox 2114 5954 3668 6035">
    <p class='ocr_par' dir='ltr' id='par_1_113' title="bbox 2114 5954 3668 6035">
     <span class='ocr_line' id='line_1_113' title="bbox 2114 5954 3668 6035; baseline 0.008 -29"><span class='ocrx_word' id='word_1_844' title='bbox 2114 5955 2370 6021; x_wconf 80' lang='grc' dir='ltr'>κοινωνὸς</span> <span class='ocrx_word' id='word_1_845' title='bbox 2411 5955 2499 6025; x_wconf 78' lang='grc' dir='ltr'>ἂν,</span> <span class='ocrx_word' id='word_1_846' title='bbox 2554 5954 2730 6025; x_wconf 73' lang='grc' dir='ltr'>εἷπον,</span> <span class='ocrx_word' id='word_1_847' title='bbox 2773 5958 2883 6014; x_wconf 85' lang='grc' dir='ltr'><strong>τῶν</strong></span> <span class='ocrx_word' id='word_1_848' title='bbox 2914 5959 3148 6030; x_wconf 68' lang='grc' dir='ltr'>θλίψεων</span> <span class='ocrx_word' id='word_1_849' title='bbox 3176 5960 3375 6031; x_wconf 77' lang='grc' dir='ltr'>γένοιο,</span> <span class='ocrx_word' id='word_1_850' title='bbox 3408 5960 3488 6030; x_wconf 78' lang='grc' dir='ltr'>οἷς</span> <span class='ocrx_word' id='word_1_851' title='bbox 3521 5960 3668 6035; x_wconf 70' lang='grc' dir='ltr'>ἠδονῆ</span> 
     </span>
    </p>
   </div>
  </div>
