3832 6482
170 503 285 568 861

1207 486 1389 561 ‘t‘t‘TA
1425 487 1487 559 s.
1523 486 1956 560 CLEMENTIS
1993 488 2416 565 ANCYRA‘NI.

3343 492 3452 555 δεῖ

171 619 380 692 μᾶλλον
407 619 463 670 αἱ
491 616 738 671 τοιαῦται
783 613 993 685 θλίψεις
1041 612 1184 678 είσί;
1233 612 1515 682 Χαίρομεν
1540 612 1649 682 γὰρ
1680 608 1769 664 ἐπὶ

1881 611 1996 668 cius
2018 610 2392 678 alllictlunum,
2423 613 2618 686 quibus
2647 620 2774 669 aunt
2807 608 3065 682 voluptati
3095 606 3459 664 alllictiont-s?

164 715 286 776 τοῖς
314 710 609 782 παθήμασι
630 708 862 773 τούτοις,
896 709 993 761 καὶ
1021 703 1300 775 τοσοῦτον,
1326 704 1438 775 ὅσῳ
1474 703 1569 756 καὶ
1592 700 1765 767 πάθος

172 804 382 878 μᾶλλον
408 802 502 857 καὶ
537 801 827 871 συμφορὰν
862 803 926 852 τὸ
957 798 1035 870 μὴ
1066 799 1295 851 τοιαῦτα
1331 795 1525 849 παθεῖν
1554 794 1767 864 λογιζό-

177 914 345 969 μενα,
372 894 566 967 ῶσπερ
591 892 686 971 καὶ
715 890 943 963 διηνεκῆ
986 888 1152 943 πάλιν
1182 888 1592 960 μακαριότητα,
1615 889 1663 941 εί
1707 888 1765 941 ὲν

172 993 245 1062 τῇ
281 986 535 1060 παρούσῃ
569 984 665 1040 τοῦ
722 979 966 1056 Χριστοῦ
1013 980 1199 1034 πίστει
1245 980 1343 1034 καὶ
1385 981 1453 1052 τῇ
1504 977 1770 1052 ὁμολογίᾳ

169 1084 350 1155 ταύτῃ
378 1077 782 1149 τελειωθῶμεν.
815 1076 879 1130 El
907 1074 966 1128 δὲ
991 1071 1074 1127 Et:
1094 1073 1203 1146 χρὴ
1235 1072 1333 1128 καὶ
1357 1072 1638 1127 κοινωνεῖν
1672 1071 1768 1126 ἁλ-

166 1174 355 1249 λήλοις
397 1172 513 1228 τῶν
535 1167 859 1242 συμφορῶν,
911 1167 1062 1239 ἡμᾶς
1095 1165 1176 1219 δεῖ
1202 1164 1405 1237 μᾶλλον
1428 1163 1537 1219 τῶν
1564 1163 1767 1236 ὑμετέ-

172 1285 284 1339 ρων
306 1264 619 1337 λαμϐάνειν
654 1259 865 1327 κακῶν,
895 1257 950 1313 οἱ
976 1274 1037 1327 γε
1066 1260 1159 1312 τὸν
1181 1250 1358 1329 άληθῆ
1391 1256 1528 1312 Θεὸν
1560 1256 1768 1328 άγνοή-

168 1375 369 1422 σαντες
392 1355 635 1429 είδώῂις
654 1351 1023 1425 ἀναισθήτοις,
1052 1349 1153 1421 φεῦ
1178 1351 1193 1406 !
1222 1350 1316 1404 καὶ
1341 1350 1545 1420 κωφοῖς
1569 1347 1770 1414 ἀθλίως

170 1447 561 1522 προστίθεσοε.

240 1539 374 1595 ΝΖ’.
409 1537 551 1610 Πρὸς
577 1536 756 1595 ταῦτα
781 1534 971 1600 δεινῶς
997 1533 1357 1606 ὲκθηριωθεὶς
1384 1534 1413 1588 6
1444 1530 1767 1604 Κουρίκιος,

178 1632 432 1702 Ἐπειδὴ⁹
468 1630 626 1701 φησὶ,
664 1628 882 1701 μοίρας,
937 1626 1014 1691 ὡς
1064 1626 1266 1692 ἔοικεν,
1313 1624 1439 1679 ἐστὶ
1499 1624 1771 1695 πονηρᾶς.

168 1728 269 1780 καὶ
298 1724 521 1796 χαίρετε
559 1722 790 1794 μᾶλλον,
823 1721 899 1785 ὡς
929 1720 1071 1790 δρῶ,
1099 1718 1528 1792 τιμωρούμενοι,
1556 1717 1668 1787 ἐγὼ
1702 1716 1772 1772 τά

170 1817 315 1870 κατᾶ
342 1814 574 1885 γνώμην
600 1813 730 1882 ὑμῖν
756 1811 1057 1882 φιλοτίμως
1106 1809 1355 1879 παρέξω.
1401 1808 1632 1880 Σίδηρον
1678 1805 1772 1862 οὖν

171 1905 507 1979 ἐκπυρώσας
537 1903 681 1958 οὕτω
700 1903 970 1975 σφοδρῶς,
1001 1901 1077 1967 ὡς
1110 1900 1208 1957 καὶ
1235 1901 1540 1972 σπινθῆρας
1568 1917 1774 1954 παντα-

171 1996 332 2066 χόθεν
390 1994 562 2065 πυρὸς
595 1994 840 2062 ἀφιέναι,
906 1995 1026 2058 ταῖς
1055 1991 1150 2046 τοῦ
1185 1991 1423 2064 μεγάλου
1456 1992 1772 2062 Κλήμεντος

174 2087 473 2141 ὑποϐάλλει
507 2085 847 2157 μασχάλαις⁹
872 2080 993 2138 εἶτα
1025 2084 1122 2143 καὶ
1145 2086 1265 2146 ταῖς
1300 2084 1566 2155 πλευραῖς
1590 2085 1774 2155 ἀσφα-

171 2181 285 2242 λῶς
312 2180 439 2242 τοὺς
462 2177 719 2247 ἀγκῶνας
752 2176 1157 2248 ὲγκαταδήσας,
1195 2176 1285 2232 ἵνα
1312 2176 1406 2231 καὶ
1436 2175 1776 2250 πικροτέρας

175 2270 504 2341 αἰσθάνηται
561 2269 663 2340 τῆς
722 2269 939 2342 ὀδύνης,
984 2270 1142 2335 ξύλον
1196 2287 1255 2323 τε
1295 2271 1563 2343 ίσόμηκες
1620 2270 1776 2342 ἀνδρὶ

175 2364 324 2419 κατὰ
350 2363 455 2434 γῆς
479 2360 736 2432 πηγνύει,
766 2362 861 2416 καὶ¹
891 2363 980 2416 τὸν
1015 2362 1309 2433 Κλήμεντά
1339 2362 1523 2437 δρθιον
1546 2365 1604 2416 ὲν
1625 2364 1777 2436 αὐτῷ

176 2459 547 2531 καταδεθῆναι
581 2458 796 2512 κελεύει
817 2475 831 2488 ο
854 2459 948 2512 τὸν
988 2458 1391 2528 Ἀγαθάγγελον
1413 2459 1473 2514 δὲ
1511 2461 1777 2531 μετεωρί-

179 2571 304 2617 σας,
366 2553 462 2605 καὶ
508 2550 735 2623 δημίους
798 2550 1065 2605 πάντοθεν
1123 2554 1483 2623 περιστήσας,
1534 2550 1776 2620 πλευρὰς

177 2639 350 2695 αὐτοῦ
378 2642 475 2694 καὶ
503 2642 718 2712 κνήμας
749 2641 1060 2708 κατέξαινε.
1105 2642 1330 2708 Μεταξὺ
1375 2642 1435 2696 δὲ
1463 2641 1557 2697 καὶ
1585 2641 1777 2715 ῶσπερ

176 2733 562 2803 ἐπιχλευάζων
589 2734 640 2786 εί
681 2733 1095 2787 ἐπαισθάνοιντο
1120 2734 1230 2786 τῶν
1261 2732 1542 2789 κολάσεων
1577 2732 1780 2806 διηρώ-

175 2843 270 2880 τα.
324 2825 465 2897 Πρὸς
492 2826 551 2880 ὃν
574 2827 603 2879 6
639 2825 813 2897 μέγας
846 2825 1080 2898 Κλήμης
1128 2826 1191 2879 τὸ
1241 2825 1336 2880 τοῦ
1386 2826 1604 2883 Παύλου
1634 2827 1778 2882 κατὰ

177 2915 379 2988 καιρὸν
404 2914 741 3000 ἁπεκρίνατο
760 2956 778 2984 ,
812 2917 978 2970 Ὅσον
999 2917 1029 2969 6
1072 2915 1274 2984 ἔξωθεν
1301 2916 1459 2990 ήμῶν
1488 2915 1778 2989 ἄνθρωπος

175 3008 472 3080 φθείρεται
497 3048 514 3074 ,
544 3008 741 3078 λέγων,
766 3006 1021 3063 τοσοῦτον
1050 3011 1079 3064 6
1114 3009 1326 3064 ἔνδοθεν
1361 3011 1775 3068 ἀνακαινοῦται.

187 3104 252 3159 Ὁ
276 3103 505 3176 ἡγεμὼν
532 3099 627 3161 οὖν
654 3105 751 3178 τὴν
773 3106 984 3161 ἐκείνου
1014 3107 1115 3179 τῆς
1142 3106 1443 3179 καρτερίας
1469 3107 1778 3181 ὑπερϐολὴν

171 3197 458 3270 ’ὑπερϐολῇ
489 3199 651 3252 πάλιν
679 3197 957 3252 κολάσεων
1009 3199 1235 3270 νικῆσαι
1294 3198 1646 3270 φιλονεικῶν,
1683 3200 1778 3255 καὶ

1868 702 2141 759 Laetamur
2165 705 2309 760 enim
2335 705 2421 760 bis
2443 702 2906 774 perpessionibus,
2935 708 2990 755 et
3011 713 3077 756 eo
3097 698 3285 770 magis,
3313 697 3454 767 quod

1870 812 1976 852 non
2013 796 2139 851 talia
2168 796 2300 867 pati,
2347 796 2754 868 perpessionem
2791 806 2911 849 esse
2939 790 3189 846 ducimus
3218 796 3272 844 ct
3310 788 3452 842 calas

1871 890 2151 959 mitatem;
2192 890 2336 947 sicut
2366 890 2533 945 etiam
2575 895 2891 959 perpetuam
2937 898 3128 940 rursus
3156 881 3454 939 beatitudi-

1870 999 2027 1049 nem,
2057 984 2103 1041 si
2136 983 2190 1039 in
2219 982 2471 1054 praesenti
2502 980 2708 1037 Christi
2753 978 2858 1035 [ide
2891 986 2948 1034 et
2978 978 3032 1033 in
3065 976 3171 1032 hac
3198 988 3457 1031 consum«

1872 1091 2086 1133 memur
2113 1076 2482 1134 confessionet
2514 1073 2671 1144 Quod
2703 1074 2748 1129 si
2781 1079 2994 1142 oportet
3027 1084 3127 1125 nos
3158 1081 3282 1123 esse
3313 1066 3459 1122 inter

1870 1186 1973 1228 nos
2028 1173 2211 1228 socios
2263 1169 2677 1235 calamitatum,
2727 1171 2947 1236 Oportet
2997 1169 3100 1220 nos
3152 1163 3455 1215 vestrorum

1872 1262 2138 1318 malorum
2179 1261 2361 1334 potius
2402 1259 2654 1317 misereri
2680 1261 2709 1324 ,'
2733 1259 2826 1330 qui
2858 1269 3051 1311 verum
3098 1251 3267 1308 Deum
3304 1250 3458 1322 igno-

1874 1366 2091 1425 rantes,
2132 1354 2279 1412 nullo
2307 1369 2471 1413 sensu
2502 1352 2743 1426 praeditis
2802 1348 2979 1421 (prob
3025 1344 3259 1415 dolor!)
3294 1342 3463 1398 simu-

1872 1446 2036 1502 lacris
2065 1458 2116 1502 et
2150 1435 2331 1503 surdis
2364 1446 2564 1502 misere
2589 1442 2721 1499 estis
2753 1439 2943 1497 dediti.

1946 1537 2107 1595 LVll.
2137 1541 2234 1597 His
2257 1540 2495 1611 graviter
2534 1536 2791 1593 elleratns
2829 1531 3078 1589 Curicius
3111 1546 3126 1584 :
3154 1527 3459 1597 Quoniam,

1878 1633 2077 1704 inquit,
2133 1643 2194 1688 ut
2225 1631 2458 1697 videtur,
2514 1632 2780 1685 malarum
2823 1627 2961 1683 estis
2994 1620 3254 1695 partium,
3294 1629 3370 1683 et,
3403 1625 3462 1671 ut

1874 1730 2118 1795 videtur,
2171 1724 2428 1781 lzetamini
2463 1724 2589 1779 dum
2617 1719 2937 1777 cruciamini
2966 1758 2981 1781 ,
3030 1731 3129 1787 ego
3168 1727 3288 1784 quae
3335 1718 3462 1766 sunt

1876 1818 2028 1874 vobis
2081 1816 2275 1883 cordi,
2355 1812 2609 1885 praebebo
2661 1808 2957 1865 liberaliter
3026 1816 3082 1861 et
3142 1801 3458 1872 magniﬁce.

1874 1912 2010 1967 Cum
2039 1911 2222 1981 itaque
2253 1906 2439 1962 statim
2471 1904 2672 1960 ferrum
2714 1903 3068 1956 vehementer
3099 1894 3461 1958 accendisset,

1877 2014 1936 2059 ut
1969 2002 2130 2056 etiam
2164 2000 2303 2072 ignis
2359 1996 2625 2053 scintillas
2675 1995 3034 2063 nndequaque
3081 1988 3374 2051 emitteret,
3410 1983 3467 2040 id

1876 2096 2094 2165 subiicit
2128 2093 2307 2146 axillis
2358 2089 2539 2160 magni
2593 2085 2894 2143 Clementis
2935 2102 2949 2139 :
3001 2090 3057 2138 et
3088 2080 3285 2136 deinde
3337 2092 3464 2134 cum

1876 2187 2138 2245 lateribus
2164 2184 2322 2239 ulnas
2358 2181 2575 2236 fortiter
2620 2178 2934 2247 alligasset,
2967 2183 3028 2229 ut
3064 2172 3304 2228 dolorem
3338 2184 3465 2224 sen-

1876 2281 2005 2336 tiret
2064 2277 2439 2341 acerbiorem,
2487 2272 2691 2343 lignttm
2733 2265 3105 2339 magnitudine
3152 2262 3201 2318 ei
3256 2259 3467 2331 aequale

1877 2373 1992 2441 ﬁgit
2018 2372 2069 2425 in
2095 2378 2297 2423 terram
2332 2384 2347 2421 :
2382 2377 2432 2419 et
2460 2363 2796 2419 Clementem
2825 2358 3042 2429 quidem
3066 2355 3219 2426 jubet
3254 2364 3463 2407 rectum

1880 2467 1933 2519 in
1967 2480 2033 2518 eo
2064 2461 2274 2532 alligari
2313 2477 2327 2514 :
2357 2470 2479 2512 Clllll
2505 2453 2935 2526 Agathangelntn
2968 2459 3150 2503 autem
3177 2445 3466 2502 sublimem

1878 2555 2229 2619 sustulisset,
2269 2564 2323 2606 et
2361 2549 2584 2605 lictores
2638 2548 2784 2602 Circa
2837 2559 2962 2598 eum
3016 2540 3161 2596 omni
3210 2554 3276 2594 ex
3313 2544 3469 2607 parte

1878 2648 2190 2712 statuisset,
2242 2658 2431 2699 eorum
2483 2641 2653 2695 latera
2692 2647 2748 2694 et
2797 2635 2958 2691 tibias
2993 2633 3155 2689 simul
3201 2630 3466 2685 caedebat.

1878 2741 2099 2798 Interim
2140 2740 2320 2794 autem
2350 2751 2445 2790 eos
2480 2733 2647 2787 veluti
2680 2731 3046 2792 subsannans,
3101 2726 3471 2793 interrogabat

1880 2854 1948 2893 an
1994 2834 2265 2891 sentirent
2313 2828 2601 2901 supplicia.
2648 2824 2748 2881 Cui
2786 2836 3013 2893 magnus
3046 2821 3298 2876 Clemens
3334 2816 3466 2871 illud

1878 2928 2080 2989 Pauli“
2137 2926 2192 2981 in
2237 2933 2483 2993 tempore
2528 2917 2807 2989 respondit
2840 2935 2854 2972 :
2886 2913 3159 2983 Quantum
3209 2918 3468 2966 externus

1885 3024 2047 3080 homo
2078 3028 2268 3075 noster
2297 3013 2692 3084 corrumpitur,
2733 3009 2946 3074 dicens,
2984 3010 3191 3059 tantum
3225 3002 3469 3056 internus

1881 3122 2195 3169 renovatur.
2239 3107 2357 3163 Dux
2407 3106 2588 3177 itaque
2631 3116 2900 3159 summam
2947 3099 3090 3155 illius
3124 3093 3467 3153 tolerantiam

1831 3244 1847 3273 ,
1882 3204 2218 3258 contendens
2246 3212 2438 3254 rursus
2466 3194 2696 3255 summis
2726 3205 2984 3264 superare
3014 3187 3318 3258 suppliciis,
3356 3183 3471 3239 fer-

176 3288 410 3359 σιδηρᾶν
438 3288 876 3359 περικεφαλαίαν
904 3287 981 3353 ὡς
1004 3289 1132 3359 ἐνῆν
1172 3288 1405 3361 μάλιστα
1426 3290 1769 3364 ὲκπυρὼσαςι,

1886 3310 2034 3353 ream
2068 3308 2289 3365 quoque
2326 3290 2557 3364 galeam,
2587 3303 2711 3344 cum
2745 3301 2865 3343 eam
2894 3293 3155 3356 quantum
3203 3278 3471 3352 potuisset

176 3380 277 3434 ἐπὶ
309 3380 410 3451 τήν
440 3380 685 3452 κεφαλὴν
741 3381 926 3455 φέρων
975 3381 1068 3437 τοῦ
1106 3384 1385 3455 μάρτυρος
1419 3384 1772 3455 κατατίθησι,

175 3475 274 3527 καὶ
303 3473 516 3538 καπνὸς
539 3472 640 3544 μὲν
663 3474 866 3529 αὐτίκα
891 3472 983 3529 διά
1007 3472 1102 3529 τοῦ
1132 3473 1428 3546 στόματος,
1447 3475 1561 3530 τῶν
1589 3476 1775 3548 ῥινῶν,

175 3564 292 3618 τῶν
322 3563 480 3620 ῶτων
503 3565 805 3636 ἐπέμπετο.
843 3565 991 3623 Balli:
1019 3567 1286 3632 στενάξας
1315 3569 1524 3634 ἐκεῖνος
1558 3568 1659 3623 καὶ
1684 3567 1778 3624 τδν

175 3657 313 3711 Θεὸν
350 3656 806 3728 ἐπιϐοησάμενος,
844 3659 919 3717 Τὸ
949 3659 1118 3733 ὕδωρ,
1177 3656 1326 3727 εἷπε,
1364 3661 1426 3715 τὸ
1456 3658 1589 3729 ζῶν,
1614 3663 1643 3717 6
1673 3661 1777 3733 τῆς

177 3748 464 3822 σωτηρίας
527 3749 685 3820 ἡμῶν
742 3751 936 3815 ὑετὸς,
971 3751 1136 3816 αύτδς
1198 3753 1491 3823 ὲπίσταξόν
1530 3772 1624 3827 μοι
1671 3755 1777 3828 τὴν

173 3843 369 3914 δρόσον
405 3842 508 3914 τὴν
540 3842 696 3917 παρὰ
733 3843 850 3900 σοῦ.
890 3845 1191 3918 Ἐξήγαγες
1216 3847 1363 3919 ἡμᾶς
1398 3846 1460 3903 τὸ
1487 3848 1619 3922 πρὶν
1652 3848 1780 3904 66w-

173 3951 295 4002 τος,
325 3935 564 4005 ἐξάγαγε
594 3937 691 3991 καὶ
724 3936 823 3993 νῦν
850 3939 914 3992 ἐκ
942 3939 1118 4010 πυρὸς
1143 3941 1225 4004 είς
1249 3940 1556 4015 ἀναψυχήν.
1589 3942 1779 4000 Ταῦτα

175 4022 355 4094 εἶπεν,
408 4027 505 4082 καὶ
560 4028 702 4084 κατὰ
741 4029 939 4100 μικρὸν
985 4030 1197 4103 ψυχρόν
1250 4049 1311 4086 τε
1358 4032 1421 4088 τὸ
1472 4035 1779 4107 μηχάνημα

176 4121 357 4174 ἐκεῖνο
412 4120 673 4193 κατέστη,
734 4121 829 4176 καὶ
868 4123 922 4177 at
969 4123 1060 4178 τὸν
1105 4122 1511 4198 ’Δγαθάγγελον
1563 4128 1778 4195 ξέοντες

178 4210 596 4282 ἀπηγόρευσαν.
633 4212 812 4283 Ὅπερ
841 4211 934 4268 οὖν
969 4213 1148 4295 ἰδόντα
1173 4215 1266 4270 τὸν
1293 4216 1539 4288 ἡγεμόνα
1572 4216 1776 4289 τρόμος

174 4312 240 4356 τε
263 4306 363 4357 σὺν
392 4301 654 4374 ἐκπλήξει
679 4306 943 4376 κατέσχε,
974 4308 1070 4362 καὶ
1093 4308 1221 4371 τοὺς
1245 4307 1435 4379 ἁγίους
1464 4309 1777 4378 ἀπάγεσθαι

179 4395 320 4466 πρὸς
348 4395 409 4447 τὸ
439 4395 816 4468 δεσμωτήριον
850 4397 1014 4460 εὐθὺς
1063 4399 1345 4467 ἐκέλευσε,
1400 4399 1502 4473 τὴν
1538 4386 1778 4474 ἀπορίαν

179 4488 239 4537 ἐν
273 4485 625 4558 προσχήματι
651 4490 998 4558 συμπαθείας
1021 4488 1390 4560 διαλυόμενος.

254 4576 397 4633 NH’.
436 4578 500 4633 Ἦ
531 4578 714 4649 μέντοι
740 4580 880 4653 σοφὴ
909 4580 1101 4653 Σοφία,
1126 4585 1160 4656 ή
1184 4583 1278 4639 καὶ
1296 4584 1501 4657 μήτηρ,
1530 4576 1606 4649 ῶς
1629 4585 1660 4639 6
1685 4578 1777 4639 λό-

1881 3386 2261 3453 accendisset,
2305 3382 2489 3440 ferens
2525 3379 2709 3452 posuit
2753 3392 2915 3447 supra
2950 3386 3113 3445 caput
3160 3371 3419 3444 martyris
3451 3387 3465 3423 :

1880 3489 1935 3537 et
1987 3478 2171 3536 statim
2214 3476 2396 3533 fumus
2445 3472 2665 3547 quidem
2726 3468 3047 3525 mittebatur
3098 3480 3193 3537 per
3229 3479 3323 3529 os,
3372 3477 3471 3531 per

1883 3585 2083 3635 nares,
2132 3584 2233 3642 per
2281 3580 2465 3625 aures.
2514 3564 2651 3620 Cum
2681 3561 2770 3616 ille
2798 3569 2981 3614 autem
3020 3553 3282 3628 profunde
3323 3553 3472 3621 inge-

1878 3663 2143 3726 muisset,
2188 3668 2243 3717 et
2274 3661 2441 3716 Deum
2489 3658 2796 3713 invocasset
2826 3668 2841 3707 :
2878 3650 2923 3707 0
2959 3663 3098 3719 aqua
3122 3688 3136 3713 ,
3178 3645 3468 3716 inquiens,

1880 3746 2025 3819 viva,
2067 3751 2246 3808 imber
2284 3759 2489 3809 nostra:
2534 3746 2748 3810 salutis,
2799 3743 2936 3809 ipse,
2972 3738 3168 3807 inquit,
3201 3743 3351 3791 tuum
3385 3736 3471 3789 in-

1881 3844 2023 3903 stilla
2081 3843 2218 3900 mihi
2277 3855 2482 3898 rorem.
2546 3834 2658 3894 Nos
2720 3834 2937 3906 quidem
2994 3832 3144 3904 prius
3202 3844 3267 3884 ex
3327 3842 3469 3897 aqua

1881 3936 2142 4004 eduxisti,
2175 3947 2233 3994 et
2273 3949 2420 3991 nunc
2445 3924 2509 3990 ex
2538 3931 2662 4003 igne
2686 3930 2823 3985 edtrc
2851 3925 2903 3982 in
2946 3922 3307 3992 refrigerium.
3342 3920 3472 3976 Hzrc

1882 4031 2051 4094 dixit,
2097 4038 2151 4084 et
2178 4026 2442 4099 paulatim
2497 4023 2692 4095 frigida
2726 4021 2898 4075 evasit
2947 4017 3035 4073 illa
3087 4015 3378 4077 machina,
3414 4018 3472 4069 et

1882 4121 2080 4179 del'essi
2124 4128 2283 4185 sunt,
2326 4117 2419 4190 qui
2470 4117 2649 4187 ipsum
2685 4114 2965 4170 czedebant
3011 4106 3468 4181 Agathangelum.

1880 4214 2035 4283 Quod
2071 4212 2292 4285 quidem
2344 4225 2466 4266 cum
2507 4208 2614 4264 dux
2651 4207 2897 4270 vidisset,
2932 4217 3057 4259 eum
3105 4199 3306 4257 invasit
3354 4208 3469 4253 tre-

1883 4322 2007 4364 mor
2039 4315 2095 4362 et
2125 4302 2459 4369 admiratio;
2490 4310 2544 4357 et
2585 4299 2770 4355 statim
2806 4295 2972 4368 jussit
3017 4303 3238 4348 sanctos
3274 4289 3469 4346 abduci

1882 4402 1936 4457 in
1971 4413 2282 4463 carcerem,
2321 4395 2562 4466 inopiam
2602 4390 2813 4448 consilii
2851 4397 3039 4459 legens
3072 4394 3334 4457 praetextu
3369 4382 3472 4437 mi-

1877 4492 2216 4550 ‘seri‘cordite.
2358 4474 2363 4479 ’

1948 4580 2136 4639 ῙΝὶΙΙ.
2169 4579 2402 4652 Sapiens
2433 4587 2614 4633 autem
2652 4572 2876 4646 Sophia,
2910 4586 3062 4642 quae,
3100 4579 3160 4626 ut
3195 4568 3467 4633 diximus,

178 4678 278 4738 γος
321 4669 535 4739 φθάσας
556 4671 813 4743 ἐδήλωσε,
848 4675 943 4728 καὶ
970 4675 1343 4745 παιδαγωγὸς,
1376 4677 1470 4730 καὶ
1493 4676 1674 4732 πάντα
1696 4677 1769 4750 τῷ

1886 4672 2003 4742 ejus
2031 4682 2153 4727 erat
2181 4680 2237 4726 et
2274 4679 2449 4724 mater
2484 4677 2537 4721 et
2564 4663 2903 4726 institutrix,
2937 4670 2992 4716 et
3024 4661 3165 4715 bono
3200 4658 3467 4713 Clementi

181 4762 338 4850 καλῷ
366 4762 651 4834 Κλήμεντι
679 4765 971 4839 γενομένη,
1004 4768 1092 4823 διὰ
1126 4768 1320 4840 χρόνου
1345 4767 1536 4824 τοῦτον
1567 4769 1774 4839 ίδοῢσα,

177 4853 327 4908 οὕτω
357 4871 419 4907 τε
454 4855 596 4924 μετά
648 4854 744 4909 τοῦ
803 4857 1013 4930 κόσμου
1043 4860 1143 4930 τῆς
1174 4859 1470 4929 ὁμολογίας
1500 4861 1597 4914 καὶ⁸
1625 4860 1771 4932 λαμ-

179 4947 331 5016 πρᾶς
365 4945 734 5000 ἐπανελθόντα
782 4948 884 5019 τῆς
928 4947 1025 5002 τοῦ
1073 4949 1376 5021 μαρτυρίου
1429 4942 1648 5020 στολῆς,
1681 4950 1776 5006 καὶ

184 5036 353 5091 πάλιν
384 5038 819 5109 ἐπιφανέστερον
845 5042 904 5093 ὲν
920 5041 988 5111 τῇ
1020 5041 1241 5112 πατρίδι
1261 5044 1328 5113 τῇ
1355 5042 1650 5118 προσθήκῃ
1669 5044 1779 5097 τῶν

181 5126 450 5181 κινδύνων
477 5129 772 5199 γενόμενον
801 5132 1007 5203 μεστήν
1027 5147 1089 5185 τε
1113 5127 1264 5202 εἶχεν
1287 5133 1487 5206 ἡδονῆς
1509 5135 1609 5203 τὴν
1638 5152 1780 5208 καρ-

172 5221 326 5284 δίαν,
358 5220 455 5274 καὶ
484 5222 793 5293 προσεδόκα
823 5223 950 5279 ὅσον
981 5223 1197 5279 οὐδέπω
1236 5228 1775 5300 καταπεμπομένους

179 5312 394 5368 ἄνωθεν
418 5313 516 5368 καὶ
539 5315 669 5379 τοὺς
703 5315 1003 5386 στεφάνους
1036 5317 1189 5374 ίδεῐν.
1214 5318 1429 5384 Νυκτὸς
1450 5319 1509 5373 δὲ
1541 5319 1679 5393 πρὸς
1708 5320 1771 5374 τὸ

179 5406 561 5479 δεσμωτήριον
594 5398 907 5480 ἀφικομένη
956 5410 1055 5466 καὶ
1101 5410 1183 5484 τῷ
1235 5412 1517 5484 Κλήμεντι
1551 5412 1628 5475 ὡς
1655 5407 1772 5484 εἶχε

181 5498 568 5571 περιχυθεῖσα,
596 5502 691 5554 καὶ
718 5501 914 5574 ἡδονῆς
943 5503 1031 5559 ἐπ’
1050 5502 1205 5576 αὐτῷ
1239 5504 1449 5573 δάκρυα
1496 5505 1771 5560 καταστά-

177 5593 375 5659 ζουσα,
397 5592 463 5648 τὸ
489 5595 687 5667 στόμα,
711 5597 811 5662 τὰς
838 5600 1050 5668 χεῖρας,
1081 5597 1210 5661 τοὺς
1233 5598 1564 5669 ὀφθαλμοὺς,
1588 5599 1770 5655 πάντα

174 5686 400 5775 ,ἐκείνου
451 5687 691 5760 γνησίως
740 5691 1022 5762 κατεφίλει
1071 5689 1143 5747 τά
1178 5692 1338 5765 μέλη.
1374 5691 1609 5747 Ἔπειτα
1652 5691 1773 5758 πῶς

170 5779 396 5836 ἱκεῖθεν
448 5780 695 5848 πλεύσοι,
741 5783 889 5841 τίσιν
918 5785 1274 5857 παραδοθείη,
1302 5786 1426 5842 τίνα
1467 5785 1538 5842 τά
1567 5783 1771 5858 μεταξὺ

240 5962 275 5993 “⁶
295 5959 351 6020 ιι
378 5961 508 6022 εστ»
532 5977 616 6034 tv,
649 5964 735 6022 16s

1891 4764 2084 4821 effecta
2125 4771 2245 4819 erat
2271 4760 2461 4817 onmia
2483 4802 2499 4826 ,
2540 4773 2661 4813 cum
2697 4765 2815 4825 post
2848 4753 3069 4824 longum
3102 4761 3314 4821 tempus
3342 4763 3466 4802 eum

1885 4857 2112 4914 vidisset
2151 4855 2233 4911 sic
2290 4852 2521 4909 rediisse
2563 4864 2686 4905 cum
2733 4854 2929 4902 ornatu
2981 4841 3375 4908 confessionis,
3416 4849 3471 4896 et

1880 4948 2166 5020 splendida
2196 4945 2336 5002 stola
2371 4941 2620 5017 martyrii
2648 4981 2665 5008 ,
2698 4949 2754 4997 et
2788 4954 2978 4994 rursus
3011 4937 3065 4993 in
3121 4937 3297 5006 patria
3342 4950 3475 4989 eva-

1882 5044 2021 5099 sisse
2079 5039 2366 5096 clariorem
2416 5034 2733 5091 accessione
2780 5030 3183 5100 periculorum,
3230 5028 3468 5083 habebat

1880 5150 1975 5193 cor
2017 5134 2240 5206 plenum
2288 5130 2503 5194 latitia,
2541 5136 2598 5182 et
2642 5124 2897 5197 sperabat
2942 5138 3003 5178 se
3052 5136 3177 5177 mox
3229 5121 3467 5175 visuram

1884 5244 2154 5296 coronas,
2197 5242 2317 5298 qua:
2375 5226 2611 5294 desuper
2645 5221 3011 5276 mitterentur.
3065 5216 3236 5272 Noctu
3289 5228 3466 5271 autem

1876 5324 2101 5379 veniens
2130 5323 2188 5377 in
2210 5332 2491 5376 carcerem
2513 5356 2529 5381 ,
2558 5312 2842 5385 complexa
2869 5310 3204 5369 Clementem
3227 5349 3242 5372 ,
3275 5319 3328 5363 et
3361 5323 3469 5376 pne

1880 5413 2078 5484 gaudio
2137 5412 2191 5468 in
2239 5424 2364 5468 eum
2406 5408 2667 5465 emitteos
2716 5404 3027 5476 lacrymas,
3086 5416 3188 5467 os,
3238 5413 3466 5461 manus,

1881 5506 2099 5573 oculos,
2128 5515 2185 5563 et
2237 5501 2418 5560 omnia
2450 5500 2683 5571 denique
2715 5497 2863 5553 illius
2917 5494 3162 5552 membra
3210 5505 3470 5564 germane

1880 5610 1937 5657 et
1988 5598 2231 5657 suaviter
2264 5591 2703 5652 deosculabatur.
2748 5588 2954 5646 Deinde
2998 5585 3269 5657 quomodo
3322 5580 3471 5635 illine

1878 5690 2239 5765 navigaverit,
2270 5687 2598 5760 quibusnam
2639 5682 2869 5740 traditus
2903 5680 3096 5748 luerit,
3129 5686 3187 5734 et
3210 5684 3465 5747 quaenam

1869 5784 2096 5844 intorim
2136 5779 2492 5846 sustinuerit,
2535 5786 2592 5835 et
2624 5772 3080 5848 quemadmodum
3117 5779 3269 5828 tanto
3322 5778 3468 5824 tem-
