3832 6466
427 496 536 557 863

1666 500 1947 561 MENSIS
1975 500 2431 562 JANUARlUS.

3559 500 3654 566 εει

429 623 558 679 pore
589 606 943 663 decertaverit
964 649 980 674 ,
1017 616 1072 662 et
1098 607 1347 678 quisnam
1371 607 1473 671 sit,
1510 607 1600 678 qni
1635 623 1756 664 cum
1789 625 1856 664 eo
1889 610 1985 665 sub

2092 610 2396 680 ύπομείνοι,
2457 610 2604 673 ὅπως
2637 627 2695 663 τε
2749 609 2842 665 τδν
2889 609 3140 664 τοσοῦτον
3167 610 3419 682 ἀθλήσειε
3452 613 3654 682 χρόνον,

429 699 530 754 hoc
551 697 686 753 duce
713 697 1094 760 decertaverit,
1125 707 1178 753 et
1213 713 1333 752 eum
1379 713 1444 754 eo
1481 714 1669 754 rursus
1701 710 1786 754 est
1821 700 1994 754 inclu-

425 805 554 856 sus,
601 789 811 860 singula
863 795 1048 860 aperte
1096 789 1469 862 interrogavit.
1524 790 1815 862 Postquam
1865 809 1996 848 vero

425 896 654 952 magnus
703 879 954 937 Clemens
1004 882 1312 952 singulatim
1355 883 1573 948 omnia,
1619 884 1891 953 quomodo
1938 899 1996 940 se

425 973 720 1040 baberent,
755 975 1034 1042 exposuit,
1073 988 1192 1029 cum
1247 987 1433 1028 eorum
1486 975 1831 1031 abstersisset
1865 990 1992 1031 san-

424 1066 671 1135 guinem,
702 1075 756 1122 et
791 1067 1006 1122 mundis
1041 1066 1224 1122 linteis
1255 1067 1562 1122 mundasset
1610 1066 1831 1122 vulnera
1854 1107 1870 1132 ,
1911 1067 1993 1124 eis

423 1159 644 1228 apponit
673 1157 950 1222 alimenta,
979 1159 1178 1228 quibus
1208 1160 1411 1215 sciebat
1433 1158 1763 1216 Clementem
1797 1161 1990 1218 nutriri

425 1255 493 1310 ab
527 1255 742 1308 ineunte
777 1262 954 1308 aetate.

494 1363 630 1420 LIX.
669 1363 803 1418 Cum
836 1363 1054 1418 interim
1082 1372 1262 1419 autem
1286 1363 1682 1419 considerasset
1719 1363 1988 1433 Curicius,

422 1457 564 1527 quod
622 1455 761 1510 nihil
812 1457 880 1510 ab
921 1469 986 1510 eo
1041 1458 1223 1524 posset
1260 1454 1522 1525 ejusmodi
1573 1445 1867 1528 excogitari
1921 1458 1989 1513 ad

421 1540 770 1617 supplicium,
819 1555 876 1600 ut
914 1546 1154 1600 virorum
1204 1555 1405 1600 tantam
1435 1556 1714 1616 superaret
1757 1546 1991 1603 toleran-

421 1641 583 1702 tiam,
616 1639 820 1694 vicario
845 1632 1079 1703 cuidam,
1110 1639 1194 1692 cui
1251 1649 1378 1694 tunc
1429 1637 1818 1695 Amesenorum
1862 1639 1986 1695 data

418 1745 537 1788 erat
571 1734 968 1790 administratio
996 1734 1151 1804 (erat
1179 1743 1359 1789 autem
1393 1733 1440 1788 ei
1473 1749 1666 1790 nmnen
1691 1734 1986 1806 Domitius)

420 1826 486 1880 de
512 1825 591 1880 eis
620 1825 840 1879 mandat
862 1826 1247 1893 cognitionem.
1272 1824 1406 1881 Cum
1431 1841 1556 1880 vero
1579 1826 1644 1880 ad
1672 1843 1791 1880 eum
1816 1826 1983 1881 dedu-

2096 703 2190 756 καὶ
2231 702 2314 766 τίς
2371 703 2400 754 ὁ
2429 702 2524 756 καὶ⁵
2559 701 2897 774 συναθλήσας
2958 702 3052 756 ἐπὶ
3087 701 3183 756 τοῦ
3216 701 3486 772 ἡγεμόνος
3519 705 3659 774 αὐτῷ

2095 796 2190 850 καὶ
2219 797 2335 867 μετ’
2358 794 2523 850 αὐτοῦ
2551 795 2714 850 πάλιν
2746 794 3222 864 ἐγκεκλεισμένος,
3248 795 3455 848 ἕκαστα
3482 797 3656 865 σαφῶς

2095 885 2372 956 ἀνηρώτα.
2416 885 2566 939 Ἐπεὶ
2593 885 2650 938 δέ
2671 887 2700 939 δ
2728 885 2900 956 μέγας
2933 887 3165 955 Κλήμης
3183 885 3330 950 ὅπως
3352 883 3468 956 εἶχε
3493 888 3654 940 πάντα

2093 975 2237 1031 κατὰ
2265 975 2426 1045 μέρος
2458 975 2810 1045 ἀπήγγειλεν,
2847 975 3181 1044 ἀποψήσααα
3200 977 3406 1029 τούτων
3422 976 3485 1030 τδ
3506 971 3653 1046 αἷμα,

2094 1067 2186 1122 καὶ
2215 1066 2483 1138 καθαραῖς
2510 1066 2580 1120 τὰ
2610 1064 2903 1136 τραύματα
2931 1065 3164 1120 σινδόσιν
3198 1066 3517 1136 ἐκμάξασα,
3542 1085 3657 1138 τρο-

2093 1158 2200 1228 φὰς
2222 1160 2405 1222 αὐτοῖς
2433 1157 2797 1229 παρατίθησιν
2826 1152 2915 1222 αἷς
2945 1160 3010 1213 ἐκ
3037 1158 3228 1223 παιδος
3250 1159 3342 1214 τὸν
3372 1160 3658 1231 Κλήμεντα

2090 1247 2208 1320 ¹ᾔδει
2231 1246 2587 1320 τρεφόμενον.

2160 1351 2286 1409 ΝΘ¹.
2339 1352 2428 1406 Ἐν
2453 1351 2626 1425 τούτῳ
2682 1352 2742 1407 δέ
2800 1353 3139 1425 σκεψάμενος
3177 1355 3205 1409 6
3241 1353 3559 1426 Κουρίκιος,
3591 1352 3660 1422 ὥς

2090 1447 2199 1518 ἀρα
2227 1447 2381 1502 οὐδὲν
2429 1447 2582 1520 αύτῷ
2613 1449 2933 1521 τηλικοῦτον
2967 1451 3285 1523 ἐπινοηθείη
3318 1452 3456 1522 πρὸς
3489 1469 3657 1524 τιμωο

2091 1537 2234 1608 ρίαν,
2255 1537 2396 1592 ὥστε
2418 1541 2714 1612 καρτερίας
2735 1541 2943 1612 ἀνδρῶν
2965 1542 3236 1615 τοσαύτης
3259 1545 3518 1616 περιγενέ
3529 1545 3659 1608 σθαι.

2090 1626 2322 1699 βικαρίῳ
2350 1629 2461 1683 τινὶ
2505 1631 2604 1704 τὴν
2665 1633 2977 1704 ’Δμισηνῶν
3023 1636 3201 1707 ἀρχὴν
3249 1635 3314 1690 τὸ
3368 1636 3661 1708 τηνικαῦτα

2086 1718 2322 1775 διέποντι
2350 1723 2627 1794 (Δομέτιος
2655 1725 2804 1797 αύτῷ
2825 1726 3014 1798 ὄνομα)
3057 1729 3125 1782 τὰ
3169 1729 3310 1784 κατά
3330 1730 3458 1793 τοὺς
3481 1730 3660 1798 ἀγίους

2087 1811 2424 1883 ἀνατίθησιν.
2464 1815 2779 1887 ’Λγομὲνοις
2800 1817 2858 1870 δέ
2891 1821 3003 1880 τοῖς
3035 1819 3273 1890 μάρτυσι
3305 1820 3443 1892 πρὸς
3478 1821 3654 1886 αὐτὸν,

417 1927 671 1972 cerentur
700 1928 962 1989 martyres
982 1958 996 1981 ,
1029 1933 1148 1989 quae
1182 1918 1410 1972 lilioruin
1444 1927 1536 1973 aut
1566 1929 1859 1990 martyrum
1889 1935 1985 1991 po-

2092 1902 2122 1973 η
2155 1875 2428 1972 φιλόπαις,
2454 1905 2488 1976 ἡ
2519 1875 2856 1978 φιλόμαρτυς
2895 1875 3094 1980 μᾶλλον
3117 1875 3217 1964 οὐκ
3241 1875 3401 1982 ἔσχεν
3421 1875 3660 1965 ’ἀπολειιζ

415 2010 523 2065 tius
554 2024 740 2064 amore
771 2010 1074 2075 tenebatur,
1109 2010 1176 2063 ah
1204 2009 1284 2064 eis
1313 2010 1502 2066 abesse
1531 2027 1634 2065 non
1667 2012 1859 2077 potuit,
1893 2012 1985 2067 sed

419 2113 671 2171 prompto
708 2108 763 2156 ct
811 2099 974 2154 alacri
1013 2099 1192 2156 animo
1235 2103 1565 2171 sequebatur
1617 2115 1738 2158 eum
1773 2105 1840 2160 iis
1896 2108 1986 2175 qui

417 2191 485 2246 ab
530 2205 592 2245 ea
643 2184 947 2253 alebantur,
1004 2191 1224 2260 pueris;
1260 2207 1396 2262 quos
1445 2190 1685 2263 quidem,
1734 2204 1792 2248 ut
1839 2196 1990 2266 prius

417 2279 652 2332 diximus
672 2319 688 2345 ,
727 2280 773 2333 ei
804 2279 1056 2333 Clemens
1086 2278 1374 2336 asciverat.

487 2387 600 2442 LX.
630 2387 766 2442 Cum
798 2396 974 2442 autem
1001 2387 1066 2442 ad
1100 2385 1482 2444 Maximianum
1513 2391 1695 2446 statim
1730 2401 1873 2448 esset
1897 2406 1988 2450 re-

415 2477 580 2532 latum
615 2475 679 2533 de
705 2469 922 2548 pueris,
949 2475 1105 2547 jubet
1129 2486 1216 2544 ut,
1257 2477 1302 2533 si
1335 2477 1601 2532 voluerint
1633 2480 1848 2550 quidem
1879 2481 1989 2537 dis—

414 2566 604 2621 cedere
641 2581 670 2620 a
721 2565 994 2621 Clemente
1016 2604 1032 2628 ,
1064 2566 1144 2620 eis
1175 2566 1454 2633 permittat
1485 2568 1701 2622 domum
1755 2571 1934 2625 redire
1969 2587 1985 2624 :

413 2657 497 2713 sin
556 2671 686 2712 vero
716 2656 784 2710 ah
830 2670 898 2711 eo
923 2670 1030 2710 non
1086 2655 1242 2711 facile
1277 2659 1567 2726 recedant,
1607 2667 1666 2713 ut
1695 2673 1790 2712 eos
1823 2660 1986 2715 morti

413 2749 592 2805 dedat.
625 2749 756 2806 Cum
789 2749 902 2805 haec
931 2764 1060 2819 ergo
1082 2748 1136 2803 in
1163 2763 1355 2818 pueros
1383 2749 1489 2804 lata
1514 2759 1663 2806 esset
1693 2753 1982 2818 sententia,

411 2857 510 2898 eos
565 2840 1036 2910 apprehendentes
1087 2839 1316 2907 milites,
1371 2841 1708 2896 conabantur
1757 2856 1850 2896 eos
1889 2858 1988 2913 per

417 2935 526 2990 vim
564 2935 795 2990 avellere
826 2949 858 2988 a
886 2941 1142 3004 martyre.
1176 2931 1310 2988 Cum
1341 2931 1410 2986 ab
1437 2948 1502 2988 eo
1536 2942 1716 2988 autem
1752 2934 1984 3005 disjungi

411 3043 520 3083 non
552 3027 880 3082 sustinerent
900 3067 916 3093 ,
959 3024 1108 3094 ipsos
1140 3039 1200 3080 se
1235 3023 1386 3078 humi
1428 3020 1764 3092 dejicie’ntes,
1785 3036 1837 3080 et
1867 3041 1987 3080 am-

412 3121 582 3176 babus
611 3119 863 3174 manibus
890 3116 1054 3189 pedes
1075 3116 1219 3171 illius
1249 3116 1672 3186 amplecte‘nte's,
1701 3134 1804 3173 non
1834 3121 1984 3189 prius

2089 1993 2288 2066 φθῆναι
2342 1997 2529 2065 Σοφία,
2560 1996 2695 2052 ἀλλὰ
2749 1999 3045 2071 προθύμως
3079 2001 3218 2072 μετά
3245 2002 3356 2056 τῶν
3404 2002 3500 2057 ὑπ’
3531 2003 3658 2074 αὐτῇ

2086 2085 2433 2156 τρεφομένων
2453 2087 2738 2156 ἠκολούθει
2767 2089 3017 2154 παιδίων,
3043 2091 3186 2164 ἀπερ
3211 2091 3348 2163 αὑτῇ
3383 2092 3658 2163 πρότερον,

2085 2175 2160 2242 ὡς
2183 2175 2428 2248 ἐφθημεν
2451 2178 2715 2245 εἰπόντες,
2742 2182 2771 2234 ό
2807 2179 3038 2253 Κλήμης
3071 2183 3485 2255 εἰσεποιήσατο.

2161 2365 2239 2425 ε’.
2284 2369 2595 2442 Ἀνενεχθέν
2617 2371 2673 2427 δέ
2699 2375 2948 2446 περὶτῶν
2975 2376 3184 2432 παίδων
3211 2377 3373 2444 εὐθὺς
3394 2381 3657 2454 Μαξιμια·

2086 2461 2185 2532 νῷ,
2227 2462 2440 2518 κελεύει
2463 2464 2602 2520 ὥστε
2629 2468 2678 2520 εί
2715 2468 2814 2539 μέν
2847 2469 3183 2540 ἀποσχέσθαι
3203 2471 3525 2545 Κλήμεντος
3550 2476 3657 2530 ἐθε-

2085 2553 2328 2626 λήσειαν,
2357 2559 2713 2630 παραχωρεῖν
2741 2560 2944 2626 αὐτοὺς
2989 2563 3169 2617 οἴκαδε
3193 2565 3584 2638 ἀναστρέφειν,
3612 2570 3657 2622 εί

2085 2647 2140 2701 δὲ
2164 2647 2356 2702 τούτου
2390 2649 2465 2721 μὴ
2491 2650 2732 2721 εὐχερῶς
2761 2653 3105 2725 ἀπόσχοιντο,
3137 2655 3353 2730 θανάτῳ
3379 2659 3657 2731 παραδιδό·

2086 2757 2195 2794 ναι.
2229 2739 2448 2810 Ταύτης
2474 2742 2765 2814 τοιγαροῦν
2793 2746 2936 2799 κατὰ
2965 2747 3076 2800 τῶν
3112 2749 3320 2803 παίδων
3351 2752 3450 2822 τῆς
3481 2751 3652 2822 ψήφου

2085 2829 2354 2906 δοθείσης,
2409 2836 2704 2909 ἁπτόμενοι
2747 2838 2952 2894 τούτων
2981 2841 3031 2895 οί
3085 2844 3436 2915 στρατιῶται,
3481 2845 3654 2914 βιαίως

2086 2926 2340 3000 ἀποσπᾷν
2371 2929 2512 2983 αύτά
2566 2929 2662 2984 τοῦ
2698 2931 2973 3004 μάρτυρος
3004 2936 3309 3006 ἐπειρῶντο
3329 2954 3343 2968 ·
3385 2937 3454 2990 τά
3483 2936 3537 2991 δέ
3567 2940 3657 3010 οὐχ

2088 3016 2430 3087 ὑπομένοντα
2481 3018 2579 3092 τὴν
2615 3020 2910 3089 διάζευξιν,
2964 3023 3222 3096 ῥίπτοντα
3273 3026 3445 3080 ἑαυτὰ
3470 3029 3652 3100 χαμαὶ,

2087 3111 2181 3164 καὶ
2209 3109 2400 3182 χερσὶν
2445 3113 2786 3187 ἀμφοτέραις
2845 3116 2972 3179 τοὺς
3023 3117 3233 3173 ἐκείνου
3270 3121 3654 3192 περιϐάλλοντα

413 3209 772 3274 dimiserunt,
820 3222 982 3276 quam
1033 3208 1404 3278 unusquisque
1448 3217 1637 3264 eorum
1679 3223 1810 3265 ense
1859 3210 1980 3266 vita:

2093 3201 2259 3267 πόδας
2305 3203 2367 3257 οὐ
2414 3205 2682 3277 πρότερον
2725 3207 2984 3278 μεθίεσαν
3031 3209 3138 3276 ἕως
3169 3211 3268 3283 τὴν
3327 3212 3418 3268 διὰ
3479 3213 3654 3283 ξίφους

415 3303 572 3356 linem
625 3301 932 3370 acceperit,
987 3311 1111 3354 cum
1165 3300 1526 3355 constantiam
1557 3309 1611 3356 et
1639 3300 1982 3370 prudentiam

413 3405 574 3463 supra
606 3401 816 3449 aetatem
845 3393 1230 3456 ostendissent,
1259 3401 1311 3446 et
1345 3402 1527 3462 aperte
1560 3403 1976 3460 monstrassent,

418 3486 716 3556 perfectum
755 3485 858 3542 hoc
885 3486 1080 3540 donum
1119 3485 1469 3542 descendisse
1502 3485 1735 3556 desuper
1767 3501 1796 3540 a
1827 3484 1986 3543 Patre

409 3575 698 3645 luminum,
722 3578 846 3634 boni
877 3575 1043 3632 animi
1077 3583 1131 3631 et
1159 3577 1391 3633 instituti
1419 3577 1983 3634 muniﬁcentissimam

409 3673 932 3728 remunerationem.
979 3671 1156 3741 Atque
1195 3670 1349 3726 locus
1378 3671 1616 3741 quidem,
1658 3671 1742 3726 cui
1791 3685 1988 3743 puero-

417 3780 534 3818 rum
558 3777 784 3835 corpora
808 3771 954 3817 sorte
977 3757 1312 3834 obtigerunt,
1338 3761 1712 3832 appellabatur
1731 3762 1982 3834 Campus.

412 3845 508 3908 Pia
543 3855 720 3908 autem
769 3848 976 3922 Sophia
1002 3891 1018 3917 ,
1049 3862 1266 3922 propter
1309 3861 1576 3908 summam
1607 3869 1759 3910 suam
1803 3853 1856 3909 in
1888 3868 1985 3909 eos

414 3943 884 4010 benevolentiam,
931 3935 1153 4012 gerebat
1201 3942 1366 3998 etiam
1412 3956 1596 3997 curam
1647 3950 1983 3998 mortuorum

413 4050 733 4101 corporum,
783 4049 884 4090 nec
916 4049 977 4089 se
1008 4034 1226 4104 dignum
1274 4049 1396 4090 esse
1427 4034 1808 4102 existimabat,
1843 4035 1888 4092 si
1918 4049 1983 4090 ea

416 4123 564 4177 humi
619 4122 828 4179 videret
873 4125 1154 4195 iacentia;
1215 4127 1306 4182 sed
1365 4125 1449 4182 vel
1501 4125 1668 4181 invita
1722 4141 1752 4182 a
1791 4143 1985 4197 magno

415 4211 696 4269 Clemente
725 4212 990 4281 disiuncta
1025 4223 1106 4268 est
1129 4223 1185 4269 et
1217 4215 1400 4271 divino
1437 4215 1830 4288 Agathangeio,
1862 4232 1984 4272 cum

412 4303 495 4360 eis
541 4304 690 4375 prius
724 4304 842 4359 vale
890 4305 1147 4373 fecisset,
1197 4316 1253 4361 et
1295 4307 1520 4362 dixisset
1569 4307 1714 4378 quod
1744 4307 1791 4365 si
1844 4308 1985 4364 Deus

413 4397 590 4464 daret,
626 4398 692 4452 ad
725 4412 819 4453 eos
850 4414 1034 4454 rursus
1066 4399 1287 4456 rediret.
1336 4400 1699 4468 Quamobrem
1738 4417 1860 4456 cum
1895 4401 1984 4456 illa

411 4507 701 4562 puerorum
753 4509 978 4564 corpora
1031 4496 1281 4553 manibus
1332 4500 1534 4556 sanctis
1589 4509 1778 4556 sancte
1820 4501 1984 4558 humo

403 4586 656 4655 texisset,
689 4585 779 4642 illa
811 4587 1029 4657 quidem
1057 4587 1181 4644 laeta
1211 4589 1430 4646 domum
1461 4600 1543 4647 est
1572 4606 1812 4650 reversa.

2087 3295 2318 3351 ἕκαστον
2342 3297 2523 3354 αὐτῶν
2543 3298 2754 3370 ἐδέχετο
2775 3302 3054 3374 τελευτὴν,
3076 3302 3326 3358 ἔνστασιν
3347 3306 3442 3359 καὶ
3465 3307 3654 3377 φρένας

2086 3387 2228 3458 ύπέρ
2277 3388 2498 3460 ἠλικίαν
2546 3390 2955 3462 ἐπιδειξάμενα,
2993 3395 3089 3448 καὶ
3125 3395 3368 3466 ἀκριϐῶς
3415 3395 3654 3464 δείξαντα

2084 3473 2313 3547 δώρημα
2337 3475 2498 3530 τοῦτο
2552 3477 2760 3533 τέλειον
2805 3481 2870 3533 ἐκ
2918 3480 3018 3535 τοῦ
3078 3482 3295 3553 Πατρδς
3325 3483 3438 3537 τῶν
3473 3483 3655 3553 φώτων

2084 3566 2290 3621 ἀνωθεν
2308 3568 2635 3641 καταϐῆναι,
2659 3571 3033 3643 προαιρέσεως
3063 3574 3276 3646 ἀγαθῆς
3319 3577 3416 3630 καὶ
3442 3575 3654 3649 γνώμης

2085 3661 2354 3716 ἀντίδοσιν
2383 3662 2828 3736 φιλοτιμοτάτην.
2855 3665 2921 3720 '0
2954 3667 3052 3737 μὲν
3076 3663 3170 3722 οὖν
3189 3669 3353 3733 τόπος
3375 3669 3435 3732 ὃς
3465 3670 3532 3724 τὰ
3553 3670 3653 3723 τῶν

2086 3752 2292 3807 παίδων
2329 3754 2619 3830 ἐκληρώθη
2653 3757 2904 3828 σώματα,
2939 3761 3173 3830 Κάμπος
3207 3762 3476 3818 ἐκαλεῖτο.
3516 3765 3576 3818 Ἦ
3601 3763 3651 3816 δέ

2086 3845 2340 3920 θεοφιλὴς
2364 3847 2535 3918 Σοφία
2562 3852 2627 3922 τῇ
2653 3851 2755 3921 τῆς
2783 3852 2910 3922 περὶ
2933 3853 3071 3906 αύτά
3094 3855 3480 3926 φιλοστοργίας
3500 3859 3653 3926 ὑπερ·

2085 3937 2239 4010 ϐολῇ,
2273 3940 2370 3994 καὶ
2423 3942 2633 4013 νεκρῶν
2694 3943 2921 4015 ἐκήδετο
2964 3944 3075 3998 τῶν
3123 3948 3412 4013 σωμάτων.
3447 3949 3538 4002 καὶ
3564 3947 3652 4000 ούκ

2055 4028 2236 4096 ἀξιον
2275 4029 2450 4102 αὐτῆς
2498 4031 2779 4102 ἐλογίσατο
2825 4035 3090 4107 περιιδεῖν
3148 4037 3285 4090 αύτά
3321 4039 3547 4107 κείμενα
3575 4038 3650 4092 ἐπ’

2087 4120 2345 4192 ἐδάφους·
2379 4122 2516 4178 ἀλλὰ
2551 4125 2644 4178 καὶ
2674 4126 2882 4181 ἄκουσα
2906 4128 3000 4182 τοῦ
3043 4145 3101 4182 τε
3133 4129 3373 4199 μεγάλου
3410 4131 3650 4201 Κλήμεν-

2085 4232 2174 4280 τος
2198 4215 2294 4271 καὶ
2321 4215 2415 4271 τοῦ
2443 4217 2589 4272 θείου
2633 4218 3037 4288 Ἀγαθαγγέλου
3063 4219 3358 4285 διίσταται,
3391 4221 3648 4285 συνταξα-

2088 4306 2228 4378 μένη
2279 4307 2542 4381 πρότερον
2601 4311 2783 4374 αὐτοῖς
2814 4313 2908 4364 καὶ
2965 4313 3220 4377 εἰποῦσα,
3263 4315 3339 4378 ὼς
3386 4317 3494 4387 ἀρα
3526 4313 3649 4370 Θεοῦ

2084 4399 2317 4464 διδόντος
2343 4401 2504 4455 πάλιν
2528 4403 2725 4468 αὐτοὺς
2745 4403 3084 4475 ἀπολήψεται
3107 4425 3119 4438 ·
3150 4406 3271 4460 ὅθεν
3299 4408 3395 4461 καὶ
3425 4409 3490 4461 τὰ
3522 4425 3651 4479 μαρ-

2086 4493 2286 4563 τυρικά
2334 4495 2446 4548 τῶν
2486 4496 2693 4550 παίδων
2752 4497 2936 4551 ἐκεῖνα
2994 4499 3219 4570 σώματα
3255 4501 3442 4572 χερσὶν
3490 4501 3650 4562 ὁσίαις

2012 4574 2057 4631 Ι)
2084 4586 2248 4650 ὁσίως
2271 4588 2338 4658 τῇ
2361 4589 2430 4660 γῇ
2456 4590 2877 4662 κατακρύψασα,
2909 4591 2942 4664 η
2977 4591 3079 4662 μὲν
3110 4591 3294 4646 οἴκαδε
3323 4591 3445 4664 μεθ’
3474 4591 3649 4664 ἡδονῆς

2091 4675 2380 4748 ἐπανήκει.

1925 4878 2152 4937 CAPUT
2193 4877 2259 4937 Χ.

1032 5082 1314 5140 Cruciatus
1345 5086 1515 5142 Amisi
1552 5087 1713 5143 illati.
1756 5087 1861 5146 SS.
1901 5089 2224 5163 Phengontis
2271 5103 2319 5149 et
2368 5091 2606 5164 Eucarpi
2647 5098 2984 5168 martyrium.

483 5290 618 5349 LX1.
645 5293 908 5366 Martyres
938 5310 1068 5352 vero
1095 5310 1214 5352 eum
1252 5299 1320 5356 ad
1358 5300 1752 5358 Amesenorum
1793 5318 1982 5374 perve-

412 5385 618 5440 nissent
656 5386 931 5442 civitatem
954 5426 970 5453 ,
999 5395 1054 5443 et
1092 5403 1266 5460 genua
1303 5389 1359 5446 in
1408 5401 1608 5448 terram
1649 5395 1979 5465 aliquamdiu

408 5475 715 5543 inclinant,
753 5486 810 5533 et
843 5493 965 5534 cum
1017 5490 1077 5535 ut
1118 5481 1261 5538 Deus
1309 5483 1390 5539 eis
1428 5500 1615 5541 rursus
1663 5488 1877 5544 adesset
1915 5491 1982 5546 ad

407 5568 688 5632 auxilium,
728 5585 849 5625 eum
881 5571 1074 5628 calidis
1099 5573 1444 5632 invocasscnt
1468 5578 1744 5649 iacryniis,
1779 5597 1807 5634 a
1838 5581 1980 5636 mili-

407 5660 554 5716 tibus
626 5665 971 5718 adducuntur
1037 5668 1105 5720 ad
1179 5665 1497 5724 Domitium.
1556 5671 1661 5724 Sed
1710 5671 1803 5726 ille
1856 5686 1978 5727 cum

398 5759 562 5804 esset
601 5760 898 5821 occupatus
948 5753 999 5810 in
1031 5757 1410 5813 examinandis
1456 5756 1576 5812 aliis
1617 5756 1983 5823 Christianis,

2154 5309 2274 5364 EA'.
2301 5307 2364 5362 Ol
2396 5306 2674 5380 μάρτυρες
2695 5305 2752 5361 δέ
2775 5306 2874 5379 τὴν
2917 5309 3224 5380 Ἀμισηνῶν
3253 5311 3409 5368 πόλιν
3431 5315 3652 5371 καταλα·

2085 5397 2291 5463 ϐόντες,
2327 5398 2396 5451 τά
2422 5413 2482 5451 τε
2514 5397 2716 5466 γόνατα
2745 5397 2827 5462 είς
2871 5399 2972 5468 γῆν
3002 5399 3265 5464 κλίνουσι,
3295 5404 3390 5457 καὶ
3424 5405 3514 5458 τδν
3533 5405 3655 5458 Θεὺν

2086 5487 2432 5558 παραστῆναι
2461 5489 2555 5541 καὶ
2594 5487 2756 5543 πάλιν
2805 5491 2888 5551 είς
2938 5496 3256 5562 συμμαχίαν
3311 5495 3498 5559 αὐτοῖς
3528 5493 3655 5565 μετά

2087 5577 2305 5650 θερμῶν
2334 5580 2443 5633 τῶν
2475 5580 2728 5650 δακρύων
2757 5583 3202 5652 ἐγκαλεσάμενοι,
3226 5585 3402 5650 οὕτως
3434 5589 3536 5642 ὑπὸ
3555 5586 3653 5640 τῶν

2087 5671 2436 5740 στρατιωτῶν
2482 5672 2559 5743 τῷ
2597 5673 2828 5746 βικαρίῳ
2861 5678 3250 5747 προσάγονται.
3292 5680 3435 5734 Ἀλλ’
3459 5682 3653 5740 ἐκεῖνος

2087 5760 2218 5830 περὶ
2273 5761 2467 5834 ἑτέραν
2495 5763 2798 5832 τηνικαῦτα
2833 5767 3180 5836 Χριστιανῶν
3208 5769 3459 5833 ἐξέτασιν
3501 5772 3653 5838 ἀσχο-

411 5855 507 5896 eos
536 5840 589 5896 in
621 5843 762 5898 diem
793 5857 1108 5916 sequentem
1142 5860 1385 5906 reservat
1425 5849 1591 5906 certis
1630 5851 1985 5908 tribunalibus

2092 5852 2370 5922 λούμενος,
2404 5857 2484 5920 είς
2515 5855 2616 5926 τὴν
2645 5856 2773 5927 ἐξῆς
2799 5859 2995 5924 αὖτοὺς
3055 5861 3150 5915 ἐπὶ
3203 5861 3531 5934 ὡρισμένοις
3561 5859 3650 5914 καὶ

404 5943 466 5986 ct
499 5933 796 6004 supplicuis,
847 5939 1032 5996 dicens
1079 5958 1182 5998 non
1223 5957 1342 5999 esse
1386 5942 1696 6007 honestum,
1728 5952 1783 5997 ut
1814 5943 1878 5998 dc
1909 5946 1985 6000 eis

2092 5947 2293 6018 βήματι
2353 5952 2442 6004 καὶ
2491 5950 2740 6004 κολάσεσι
2803 5955 3142 6026 ταμιεύεται,
3199 5955 3274 6028 μὴ
3315 5933 3475 6012 καλὸν
3523 5951 3646 6009 εἶναι
