3832 6490
160 248 276 315 865

1213 262 1389 324 VITA
1429 264 1489 325 S.
1533 264 1966 329 CLEMENTIS
2009 268 2412 333 ANCYRANI.

3347 280 3458 346 866

160 373 353 444 φήσας
385 373 662 446 πάρεργον
686 373 873 430 θέσθαι
898 375 966 432 τά
1000 379 1120 434 κατ’
1146 377 1366 449 αὐτούς.
1387 383 1715 454 Παρίσταντι

1886 388 2241 457 cognitionem
2295 389 2422 448 aliis
2451 388 2794 464 adjungeret.
2847 395 2928 449 Ad
2960 407 3079 450 eum
3118 411 3249 469 ergo
3293 399 3467 456 addu-

155 467 356 521 τοίνυν
384 467 536 540 αὑτῷ
563 470 643 535 είς
667 469 765 542 τὴν
804 471 1071 529 ἐπιοῦσαν
1106 475 1247 545 μετά
1273 476 1451 548 ψυχῆς
1489 480 1765 550 ἀτρέπτου

153 560 262 612 καὶ
293 563 550 630 γενναίου
594 569 968 636 φρονήματος,
1016 568 1272 623 τοσοῦτον
1323 573 1623 642 ἀπέχοντες
1671 571 1765 627 τοῦ

155 653 444 720 παθόντας
469 674 522 710 τι
554 657 665 710 τῶν
693 657 990 715 ἐπωδύνων
1032 662 1303 729 ἐνδοῦναι,
1351 667 1446 719 καὶ
1473 666 1766 738 προδοσίαν

154 745 460 819 ὑπομεῖναι
483 750 582 819 τῆς
608 752 919 818 εὐσεϐείας,
952 754 1097 810 ὥστε
1147 759 1246 813 καὶ
1296 759 1466 812 αὑτὸν
1499 761 1764 831 μεταπεί-

153 839 278 892 θειν
303 843 332 895 6
363 842 541 912 μέγας
577 845 814 917 Κλήμης
863 849 1146 921 ἐπεχείρει
1178 851 1272 905 τὸν
1306 852 1592 924 δικαστὴν,
1630 854 1764 928 περὶ

149 933 268 987 τῶν
320 935 626 1005 μελλόντων
659 939 882 1007 ἀγαθῶν
909 942 1181 998 διδάσκων
1213 947 1310 999 καὶ
1344 950 1446 1018 τῆς
1484 947 1759 1005 ἀθανάτου

150 1023 330 1096 ζωῆς,
387 1028 423 1083 ἃ
474 1031 602 1094 τοὺς
653 1031 743 1086 διὰ
772 1035 1015 1106 Χριστὸν
1044 1037 1239 1092 παθεῖν
1270 1057 1325 1095 τι
1354 1042 1760 1114 προελομένους

151 1120 462 1192 ἐκδέχεται,
511 1127 590 1178 Δι’
620 1124 680 1180 ὃν
727 1127 822 1180 καὶ
874 1131 1060 1200 ἡμεῖς.
1093 1131 1288 1202 λέγων,
1333 1136 1433 1200 τὰς
1472 1139 1758 1210 παρούσας

151 1213 412 1277 κολάσεις
442 1217 564 1286 μεθ’
603 1217 801 1290 ἡδονῆς
845 1221 1194 1294 ὑπομένομεν
1221 1242 1236 1258 ο
1273 1229 1368 1282 καὶ
1417 1229 1625 1286 τούτων
1672 1233 1755 1287 ἔτι

150 1306 333 1361 πλείω
394 1309 666 1366 νουθετῶν
719 1314 883 1367 αὑτὸν
919 1317 1018 1371 καὶ
1069 1319 1370 1389 ὑποτιθεὶς,
1422 1326 1517 1378 καλ
1550 1325 1755 1398 πολλῆς

147 1398 326 1451 αὑτοῦ
365 1399 435 1454 τὰ
460 1395 576 1454 ὦτα
609 1401 702 1457 καὶ
743 1403 970 1477 ἡδίστης
987 1407 1348 1476 διδασκαλίας
1388 1395 1748 1488 ἀποπληρῶν,

146 1489 226 1550 ὠς
265 1491 365 1546 καὶ
389 1493 553 1548 αὑτὸν
588 1497 781 1569 ἡδονῆς
809 1499 1233 1573 ὑποπλησθέντα
1276 1505 1368 1560 τὸν
1402 1506 1752 1578 Ἀγαθάγγε-

147 1580 242 1635 λον
277 1589 466 1640 πεσεῖν
495 1605 554 1640 τε
585 1589 724 1659 πρὸς
770 1595 900 1656 τοὺς
951 1594 1120 1658 πόδας
1148 1597 1340 1664 αὑτοῦ,
1372 1594 1492 1654 εἶτα
1537 1602 1749 1658 ἐκεῖθεν

146 1675 464 1733 ἀναστάντα
484 1683 806 1752 περιϐαλεῖν
830 1685 1018 1754 αὑτὸν,
1037 1690 1132 1744 καὶ
1158 1691 1219 1744 τὸ
1237 1691 1334 1763 ἡδὺ
1365 1693 1543 1749 ἐκεῖνο
1571 1696 1746 1770 στόμα

145 1768 376 1842 θερμῶς
412 1777 874 1846 περιπτύξασθαι.

217 1901 348 1994 Ξβν.
394 1902 538 1957 Ἀλλ’
563 1904 592 1958 6
617 1905 875 1978 Δομέτιος
901 1908 1021 1974 ὄνος
1045 1905 1114 1984 ῆν
1144 1912 1244 1985 τῆς
1273 1914 1367 1971 τοῦ
1392 1917 1552 1986 λόγου
1578 1919 1748 1994 λύρας

142 1991 386 2056 ἁκούων,
414 1994 535 2048 οὐδὲ
563 1994 717 2066 ὀλίγα
740 1998 850 2052 τῶν
877 2002 1185 2073 είρημένων
1202 2004 1296 2058 ὑπ’
1326 2009 1490 2064 αὑτοῦ
1517 1991 1742 2082 συνιεὶς,

143 2085 269 2150 ὅλος
296 2087 354 2140 δὲ
389 2091 454 2160 τῇ
492 2090 670 2165 πλάνῃ
730 2093 961 2166 κάτοχος
1008 2095 1106 2160 ὢν,
1134 2097 1422 2164 ὁπλίζεται
1459 2106 1601 2160 κατά
1633 2109 1744 2162 τῶν

146 2183 448 2249 μαρτύρων
498 2183 856 2252 μεταπείσειν
912 2185 1109 2252 αὐτοὺς
1145 2189 1258 2242 ἀπὸ
1317 2191 1420 2262 τῆς
1454 2195 1738 2263 εὐσεϐείας

139 2272 413 2344 οίόμενος.
456 2275 675 2346 Ἀμέλει
703 2279 797 2331 καὶ
819 2278 1088 2351 διίστησιν
1111 2283 1312 2348 αὐτοὺς
1340 2286 1435 2340 ἀπ’
1464 2288 1736 2359 ἀλλήλων,

143 2363 232 2418 ἵνα
266 2366 363 2419 καὶ
393 2367 812 2441 ἀσθενεστέροις
843 2375 1029 2440 αὐτοῖς
1065 2376 1241 2444 οὕτως
1289 2384 1597 2453 περιτύχοι,
1645 2386 1740 2438 καὶ

140 2457 268 2527 ἄγει
299 2460 424 2513 καθ’
446 2460 541 2514 ἕνα
573 2462 712 2535 πρὸς
747 2463 846 2536 τὴν
871 2466 1143 2534 ἐξέτασιν.
1210 2470 1354 2526 Ἀλλ’
1384 2473 1595 2543 ἐγίνετο
1632 2478 1740 2530 πᾶν

138 2549 477 2606 τούναντίον.
553 2554 882 2620 Διαστάντες
929 2557 1039 2630 γὰρ
1097 2563 1430 2633 σωματικῶς
1482 2565 1621 2632 ὅλως
1660 2568 1740 2640 τῷ

139 2643 422 2714 πνεύματι
455 2646 844 2720 συνεδέθησαν,
878 2651 974 2706 καὶ
1007 2651 1108 2716 τὰς
1150 2655 1288 2726 πρὸς
1315 2655 1584 2727 ἀλλήλους
1613 2675 1738 2714 συν-

140 2734 318 2806 θήκας
343 2740 438 2793 καὶ
471 2739 569 2814 τὴν
620 2743 916 2812 ὁμολογίαν
956 2746 1289 2816 αἰδούμενοι,
1323 2753 1735 2824 γενναιοτέρους

135 2830 317 2899 οὕτως
351 2833 578 2895 ἑαυτοὺς
609 2837 1055 2906 παρεσκεύασαν,
1092 2839 1192 2910 τὴν
1216 2840 1311 2894 ὑπ’
1337 2842 1584 2913 ἀλλήλων
1627 2861 1736 2898 πα·-

137 2925 372 3000 ράθηξιν
408 2926 540 2998 παρ’
573 2929 770 2984 ἐαυτοῦ
797 2931 1103 3002 λαμϐάνειν
1144 2932 1390 2990 σπεύδων
1413 2936 1696 3012 ἑκάτερος.

213 3210 336 3270 ΞΡ.
377 3208 441 3268 ’0
473 3213 654 3270 τοίνυν
677 3216 882 3289 ἄνομος
912 3219 1175 3294 δικαστὴς
1226 3222 1436 3288 ἐκεῖνος
1473 3222 1731 3292 κολάζειν

135 3303 202 3358 ἐκ
231 3307 538 3377 προοιμίων
563 3312 989 3383 προειρημένος,
1028 3312 1234 3369 λάκκον
1262 3315 1482 3371 τιτάνου
1506 3317 1730 3391 πληρώ-

137 3413 240 3462 σας
272 3397 332 3451 δν
360 3398 594 3468 σύνηθες
647 3402 913 3458 ἄσϐεστον
938 3406 1248 3477 ὀνομάζειν,
1279 3409 1337 3462 ἐν
1369 3407 1520 3481 αύτῷ
1558 3429 1726 3465 κατα-

134 3489 375 3562 χὼννυσι
428 3493 559 3558 τοὺς
609 3495 823 3564 ἁγίους.
888 3497 1120 3553 Ἔπειτα
1150 3501 1207 3554 δὲ
1255 3503 1352 3556 καὶ
1387 3503 1728 3574 στρατιώτας
1794 3569 1799 3575 _

133 3585 323 3649 αὐτοῖς
378 3588 685 3661 ἐπιστήσας
744 3591 1006 3660 ἀσφαλῶς
1071 3593 1370 3662 φυλάττειν
1424 3598 1725 3652 ἐκειλευσεο

137 3679 324 3747 μήπου
350 3679 692 3749 Χριστιανοὶ,
714 3684 900 3754 φησιν,
920 3684 1116 3750 αὐτοὺς
1134 3687 1328 3751 νυκτὸς
1345 3689 1722 3760 ἀποκλέψωσι.

132 3771 244 3826 Καὶ
276 3771 508 3830 τοιαῦτα
551 3775 652 3845 μὲν
678 3776 707 3828 6
748 3778 981 3845 μάταιος
1031 3779 1262 3845 ἐκεῖνος,
1327 3781 1421 3836 καὶ
1473 3782 1726 3854 ματαίοις

131 3863 304 3929 ὅντως
358 3865 674 3938 ἐπιχειρῶν,
715 3863 826 3922 οἶδε
860 3871 888 3924 6
919 3870 1070 3935 Θεός.
1120 3872 1334 3946 Ὥσπερ
1369 3875 1479 3945 γάρ
1550 3877 1583 3946 ἡ
1622 3876 1724 3932 κά-

135 3970 287 4024 μινος
331 3956 495 4011 πάλαι
540 3958 666 4022 τοὺς
719 3961 870 4030 τρεῖς
926 3961 1306 4036 ὑποδεξαμένη
1370 3965 1567 4030 παῖδας
1623 3967 1724 4021 οὑκ

133 4046 428 4118 ἐλύπησεν,
462 4050 523 4103 ού
560 4051 1014 4124 παρηνώχλησεν,
1050 4055 1139 4110 ἴνα
1170 4055 1230 4110 τὸ
1263 4056 1364 4125 τῆς
1399 4056 1552 4122 θείας
1584 4059 1723 4114 εἴπω

133 4138 378 4212 Γραφῆς,
404 4143 463 4194 οὑ
486 4142 648 4214 τρίχα
699 4143 870 4216 μόνην
893 4145 1075 4200 αὑτῶν
1118 4147 1456 4220 ἐλυμήνατο,
1490 4149 1634 4205 οὕτω
1658 4150 1722 4226 δὴ

131 4237 224 4287 καὶ
252 4237 347 4288 ἐπὶ
379 4235 587 4290 τούτων
627 4237 807 4291 αὐτῶν
839 4238 1070 4306 ἐγίνετο.
1107 4242 1382 4314 Δευτέρας
1412 4243 1524 4315 γὰρ
1571 4243 1722 4316 ὥρας

131 4326 290 4396 ἐντῷ
319 4327 522 4399 τιτάνῳ
568 4328 858 4399 βληθέντες
889 4333 1021 4405 παρ’
1063 4333 1193 4404 ὃλην
1244 4335 1462 4408 ἡμέραν
1509 4337 1721 4411 (Παρα-

133 4421 302 4492 σκευὴ
351 4421 409 4474 δὲ
465 4417 554 4494 ἦν)
583 4423 817 4488 ἀπαθεῖς
876 4424 1050 4481 κακοῦ
1082 4425 1175 4481 τὸν
1221 4427 1356 4481 Θεὸν
1411 4430 1716 4500 ὑμνοῦντες

133 4513 493 4585 εἱστήκεσαν·
524 4515 763 4585 ἑσπέρας
791 4517 847 4571 δὲ
893 4519 989 4571 καὶ
1023 4519 1139 4590 φῶς
1170 4521 1354 4584 αὑτοῖς
1381 4520 1588 4575 ἀνωθεν
1625 4523 1718 4595 ἐρο

135 4605 302 4675 ῥάγη,
335 4608 432 4660 καὶ
468 4607 558 4662 διὰ
582 4613 767 4678 πάσης
805 4611 1004 4676 αὑτοὺς
1032 4612 1226 4676 νυκτὸς
1256 4613 1659 4687 περιέλαμπεν.

196 4733 316 4795 ΞΔ⁶.
334 4737 700 4810 Ἢκολούθησε
724 4738 800 4811 τῷ
828 4738 1070 4811 θαύματι
1101 4742 1195 4795 καὶ
1217 4742 1428 4814 καρπός
1450 4759 1462 4773 ·
1492 4741 1586 4796 δύο
1609 4743 1719 4814 γὰρ

129 4831 234 4884 τῶν
252 4835 339 4886 ἐπ’
365 4833 552 4895 αὐτοῖς
578 4834 931 4905 τεταγμένων
974 4835 1346 4906 στρατιωτῶν,
1375 4835 1475 4906 τὴν
1499 4836 1721 4908 λαμπη-

128 4925 256 4978 δόνα
312 4926 408 4982 καὶ
469 4925 573 4997 τῆν
638 4927 978 4999 φαιδρότητα
1035 4927 1198 4998 τήνδε
1251 4926 1717 4995 καταπλαγέντες,

129 5015 358 5086 ἄσμενοί
380 5033 441 5070 τε
467 5019 533 5088 τῇ
567 5016 820 5088 ἀσϐέστῳ
852 5016 1302 5088 ἐμπεπηδήκασι,
1334 5016 1430 5070 καὶ
1454 5016 1720 5087 Χριστια-

129 5107 272 5174 νοὺς,
295 5109 370 5174 ὡς
407 5105 576 5180 εἶχον,
600 5109 831 5173 ἑαυτοὺς
863 5109 1248 5181 ὡμολόγησαν.
1284 5110 1446 5180 ’Δρτι
1485 5109 1543 5166 δὲ
1577 5107 1717 5178 ὴμέ-

134 5218 232 5272 ρας
281 5201 715 5275 ὑποφαινούσης,
746 5200 1003 5256 τεθνάναι
1037 5201 1138 5273 ῆδη
1169 5201 1367 5264 αὐτοὺς
1391 5199 1712 5273 προσδοκῶν

129 5295 158 5347 6
183 5295 247 5368 τῇ
281 5294 572 5368 δυσσεϐείςι
606 5295 798 5367 νεκρὸς
831 5292 1100 5367 βικάριος,
1135 5293 1471 5366 ἐκϐληθῆναι
1503 5292 1720 5347 τούτων

129 5386 200 5440 τά
234 5389 464 5459 σώματα
494 5387 587 5441 τοῦ
617 5387 824 5444 λάκκου
876 5386 1111 5443 κελεύει.
1167 5387 1279 5440 Καὶ
1321 5386 1721 5458 προσελθόντες

131 5482 179 5533 οἱ
209 5480 316 5553 τὴνι
333 5480 582 5553 φυλακὴν
620 5481 797 5536 αὐτῶν
827 5481 1241 5548 πιστευθέντες,
1271 5479 1473 5553 δρῶσιν
1507 5479 1715 5545 αὐτούς

132 5586 188 5628 τε
225 5571 320 5626 καὶ
347 5572 476 5636 τοὺς
501 5573 985 5648 αὐτομολήσαντας
1017 5574 1204 5640 αὑτοῖς
1231 5571 1575 5647 στρατιώτας
1614 5569 1713 5632 οὐ·

201 5749 217 5777 τ
261 5749 392 5808 Dan.
426 5766 508 5811 tu,

1871 493 2075 540 cuntur
2105 483 2196 540 die
2217 485 2468 556 sequenti
2492 499 2615 542 cum
2641 503 2910 558 generoso
2941 497 2994 544 et
3019 491 3236 546 excelso
3258 492 3466 560 animo,

1870 581 1926 630 et
1957 577 2048 646 qui
2073 587 2192 632 erat
2214 593 2410 648 expers
2431 579 2612 636 omnis
2643 580 2896 649 timoris;
2926 583 3015 652 qui
3053 593 3260 639 tmtum
3283 586 3462 654 abest,

1867 675 1930 723 ut
1964 667 2013 724 si
2057 669 2187 738 quid
2232 685 2396 740 grave
2430 682 2779 740 paterentur,
2815 677 3071 730 cederent
3114 686 3167 731 et
3204 677 3460 746 pietatem

1867 761 2186 832 proderent,
2212 775 2268 817 ut
2289 764 2456 819 etiam
2484 765 2659 835 ipsum
2693 767 2931 837 judicem
2959 785 3190 840 magnus
3212 769 3463 828 Clemens

1863 862 2092 910 conatus
2130 854 2201 909 sit
2234 856 2286 909 in
2323 871 2474 910 suam
2512 858 2802 916 traducere
2854 863 3216 926 sententiam,
3255 862 3461 918 docens

1863 946 1931 1002 de
1951 945 2107 1001 bonis
2133 947 2326 1004 futuris
2347 957 2401 1002 et
2426 949 2492 1004 de
2516 949 2621 1004 vita
2645 951 2964 1016 immortali,
2985 968 3106 1022 qua:
3137 963 3459 1023 cXSpectnnt

1862 1041 1952 1109 qui
1991 1041 2099 1110 pati
2137 1052 2357 1112 propter
2402 1038 2684 1096 Christum
2735 1044 3142 1100 constituerunt
3185 1064 3198 1102 :
3235 1045 3462 1116 Pl‘OplCI‘

1860 1148 2022 1202 quem
2074 1149 2173 1189 nos
2215 1149 2431 1204 quoque
2475 1135 2807 1204 praesentia,
2866 1136 3123 1203 dicebat,
3191 1141 3458 1208 supplicia

1867 1223 2119 1281 lubenter
2151 1228 2522 1298 sustinemus;
2551 1238 2608 1285 et
2639 1229 2817 1284 adhuc
2853 1229 2938 1284 his
2975 1229 3158 1300 plures
3188 1233 3458 1301 adjiciens

1857 1317 2281 1380 admonitiones,
2305 1330 2360 1375 et
2387 1319 2504 1388 ejus
2530 1336 2692 1377 aures
2717 1322 2952 1392 implens
2983 1323 3229 1378 doctrina
3253 1329 3452 1393 jucun-

1855 1409 2103 1473 dissima,
2128 1411 2264 1465 adeo
2299 1421 2355 1466 ut
2387 1412 2501 1480 ipse
2526 1428 2749 1484 quoque
2773 1414 3179 1485 Agathangelus
3213 1420 3454 1488 repletus

1854 1503 2134 1573 voluptate
2161 1545 2176 1570 ,
2213 1505 2510 1573 prociderit
2551 1507 2615 1559 ad
2665 1505 2786 1574 ejus
2818 1507 3018 1577 pedes,
3053 1518 3256 1564 etcum
3306 1511 3454 1567 illinc

1852 1594 2048 1650 deinde
2074 1597 2426 1664 surrexisset,
2445 1611 2570 1651 eum
2590 1596 2664 1653 sit
2686 1598 3022 1672 complexus,
3048 1608 3100 1656 et
3123 1617 3290 1658 suave
3317 1605 3450 1662 illud

1849 1702 1911 1742 os
1939 1687 2196 1744 ardenter
2225 1689 2588 1753 deosculatus.

1920 1903 2080 1960 LXII.
2114 1903 2221 1962 Sed
2254 1905 2622 1972 Domitius,ut
2652 1915 2737 1964 est
2776 1906 2831 1962 in
2864 1907 3307 1978 proverbio,erat
3340 1909 3449 1964 nsi-

1849 2013 1954 2052 ntts
1984 1998 2052 2053 ad
2109 1999 2279 2070 lyram
2321 1999 2375 2056 in
2430 1998 2704 2054 audiendo
2755 2008 2854 2056 :et
2891 2015 2993 2055 nec
3018 2016 3190 2070 pauca
3222 2001 3444 2071 quidem

1847 2087 2185 2160 intelhgebat
2221 2105 2284 2144 ex
2329 2088 2411 2144 eis
2474 2104 2598 2159 qua:
2643 2090 2713 2148 ab
2761 2103 2827 2145 eo
2869 2090 3012 2146 dicta
3060 2090 3321 2157 fuerant,
3350 2095 3444 2148 sed

1847 2196 1970 2235 cum
1999 2182 2068 2237 ab
2094 2197 2284 2238 errore
2324 2192 2468 2239 totus
2496 2182 2855 2248 detineretur,
2886 2197 3040 2237 arma
3078 2184 3225 2252 capit
3253 2194 3443 2243 contra

1847 2288 2148 2344 martyres,
2181 2274 2502 2330 existimans
2534 2272 2656 2334 fore
2699 2283 2757 2328 ut
2791 2288 2885 2329 eos
2916 2288 2947 2329 a
2991 2273 3193 2343 pietate
3254 2275 3444 2331 tradu-

1843 2374 2010 2419 ceret.
2040 2363 2204 2422 Certe
2244 2375 2299 2421 et
2324 2381 2421 2422 eos
2453 2382 2482 2420 a
2527 2381 2588 2422 se
2617 2366 2851 2423 invicem
2912 2376 3152 2434 separat,
3199 2379 3253 2420 ιιι
3279 2371 3440 2424 etiam

1842 2456 1923 2512 sic
1954 2455 2009 2512 in
2049 2471 2143 2513 eos
2179 2457 2446 2514 incideret
2473 2459 2890 2524 imbecilliores,
2923 2470 2978 2514 et
2999 2449 3254 2530 singulos
3288 2476 3439 2516 seor-

1841 2563 1961 2605 sum
2014 2549 2164 2605 ducit
2207 2550 2276 2606 ad
2313 2552 2801 2609 exatninationem.
2859 2549 2966 2606 Sed
3029 2562 3201 2607 totum
3260 2553 3442 2607 evenit

1839 2642 2200 2699 contrarium.
2260 2641 2398 2698 Nam
2451 2659 2573 2699 cum
2631 2644 2890 2715 disjuncti
2950 2655 3132 2701 essent
3187 2661 3437 2716 corpore,

1839 2742 1998 2789 erant
2039 2735 2262 2789 omnino
2311 2734 2548 2806 colligati
2589 2735 2824 2806 spiritu,
2857 2746 2910 2789 et
2958 2746 3271 2792 reverentcs
3321 2751 3436 2805 eas,

1837 2843 1959 2898 qua:
2003 2835 2162 2885 erant
2197 2828 2339 2884 inter
2376 2843 2437 2884 se
2472 2829 2703 2886 invicem
2737 2827 2920 2894 factm,
2953 2834 3343 2885 conventiones
3383 2841 3437 2883 et

1838 2917 2279 2985 confessionem,
2324 2919 2404 2974 sic
2452 2920 2663 2986 seipsos
2713 2917 3013 2974 effecerunt
3050 2921 3222 2988 magis
3269 2934 3434 2990 gene-

1837 3013 1945 3068 rosi
1975 3021 2030 3068 et
2065 3011 2238 3083 magis
2271 3011 2471 3067 excelsi
2531 3012 2736 3077 animi,
2773 3027 2892 3068 eam
2946 3026 3066 3083 qua:
3135 3023 3254 3067 erat
3303 3028 3333 3067 a
3373 3027 3434 3070 se

1759 3121 1803 3182 ο
1837 3104 2066 3161 invicem
2093 3145 2108 3172 ,
2140 3103 2517 3161 incitationem
2561 3118 2591 3158 a
2616 3119 2674 3160 se
2704 3105 3046 3160 contendens
3078 3115 3306 3176 uterque
3337 3121 3432 3160 ac-

1837 3198 2037 3268 cipere.

1905 3307 2090 3364 LXIII.
2143 3308 2342 3379 Impius
2375 3324 2506 3381 ergo
2534 3309 2620 3365 ille
2649 3308 2838 3380 judex,
2871 3325 2992 3366 eum
3033 3327 3124 3366 eos
3157 3311 3226 3367 ab
3278 3312 3434 3369 initio

1834 3405 2028 3472 punire
2056 3403 2360 3466 statuisset,
2403 3405 2642 3457 cisterna
2670 3406 2907 3473 quadam
2959 3404 3108 3460 calce
3169 3405 3386 3476 impleta
3415 3447 3431 3474 ,

1834 3506 2051 3550 sanctos
2087 3497 2136 3548 iu
2169 3494 2287 3568 ipsa
2315 3495 2540 3550 defodit.
2573 3494 2776 3552 Deinde
2799 3511 2923 3556 cum
2955 3512 3123 3568 prOpe
3146 3502 3426 3554 statuisset

1832 3590 2055 3652 milites,
2084 3588 2252 3658 jussit
2277 3598 2334 3642 ιιι
2356 3603 2452 3644 eos
2481 3590 2770 3661 diligenter
2796 3602 3082 3646 servarent
3115 3608 3130 3650 ι
3155 3590 3232 3646 Ne
3260 3591 3424 3658 forte,

1831 3682 2041 3750 inquit,
2083 3680 2380 3735 Christiani
2437 3696 2536 3738 eos
2586 3690 2747 3737 noctu
2801 3682 3162 3741 sulfurentur.
3205 3683 3270 3736 Et
3311 3684 3428 3742 haec

1828 3773 2046 3844 quidem
2084 3772 2176 3828 ille
2216 3773 2454 3839 stultus,
2489 3783 2542 3828 et
2594 3787 2723 3829 vere
2769 3774 2936 3830 stulta
2974 3777 3331 3846 aggrediens,
3369 3788 3426 3832 ut

1829 3865 1978 3921 novit
2014 3863 2180 3921 Deus.
2216 3864 2500 3932 Quomodo
2528 3865 2674 3920 enim
2708 3864 2936 3935 ἴοι-ηπ,
2967 3883 3090 3938 qua:
3144 3869 3274 3924 olim
3314 3881 3424 3926 tres

1825 3958 2062 4028 suscepit
2087 3973 2286 4028 pueros
2314 3958 2334 3990 "
2355 3999 2373 4030 ,
2411 3959 2560 4014 nullo
2599 3974 2695 4016 eos
2752 3958 2942 4022 dolore
2971 3975 3074 4018 nec
3107 3961 3214 4018 ulla
3245 3960 3426 4024 aﬂecit

1826 4052 2104 4116 molestia,
2142 4064 2198 4108 et
2251 4063 2310 4108 ut
2345 4052 2520 4110 dicam
2570 4068 2696 4110 cum
2753 4053 2940 4112 divina
2987 4053 3317 4126 Scriptura,
3355 4072 3424 4111 ne

1825 4159 1994 4199 unum
2045 4144 2264 4220 quidem
2289 4159 2477 4204 eorum
2512 4143 2680 4219 pilum
2720 4143 2895 4214 laesit;
2929 4145 3000 4200 ita
3030 4145 3194 4209 etiam
3233 4148 3285 4202 in
3338 4148 3424 4212 bis

1823 4235 2030 4293 factum
2061 4247 2169 4299 est,
2207 4236 2340 4291 Nam
2373 4252 2497 4297 cum
2545 4238 2677 4292 hora
2709 4240 2944 4302 secunda
2967 4238 3104 4312 jacti
3151 4252 3330 4296 essent
3367 4241 3420 4305 in

1823 4330 2051 4395 enicem,
2093 4341 2207 4385 toto
2236 4329 2326 4384 die
2371 4328 2523 4403 (erat
2550 4340 2730 4385 autem
2769 4330 3114 4403 Parasceve)
3147 4342 3423 4394 steterunt

1821 4422 1972 4478 nullo
2009 4422 2149 4477 malo
2185 4420 2390 4490 affecti,
2437 4420 2607 4480 Deum
2649 4422 2956 4483 laudantes.
3016 4420 3257 4496 Vespere
3293 4441 3421 4487 vero

1827 4525 1881 4571 et
1909 4514 2000 4570 lux
2032 4515 2112 4571 eis
2139 4515 2373 4585 desuper
2427 4513 2694 4583 emicuit,
2748 4523 2805 4570 et
2852 4530 2950 4587 per
2997 4524 3163 4571 totam
3205 4530 3419 4579 noctem

1829 4623 1924 4665 eos
1955 4606 2339 4664 circumfulsit.

1896 4735 2080 4790 LXIV.
2103 4734 2422 4792 Miraculum
2442 4743 2621 4792 autem
2645 4734 2858 4792 fructus
2881 4750 3100 4808 quoque
3123 4746 3204 4792 est
3222 4752 3417 4794 censeo

1824 4840 2001 4885 cutus.
2048 4825 2165 4882 Duo
2207 4827 2351 4883 enim
2393 4844 2460 4882 ex
2498 4828 2802 4893 militibus,
2834 4829 3032 4899 quibus
3075 4840 3190 4886 erat
3221 4845 3414 4886 eorum

1825 4916 2152 4973 demandata
2203 4918 2485 4986 custodia,
2539 4919 2687 4976 hunc
2729 4921 3071 4990 splendorem
3125 4921 3310 4977 mirati
3358 4930 3417 4978 et

1823 5007 1965 5065 hanc
2000 5010 2361 5079 alacritatem,
2389 5021 2445 5068 et
2468 5011 2724 5071 lubenter
2751 5014 2806 5069 in
2837 5014 3045 5071 calcem
3081 5016 3413 5084 insilierunt,

1819 5111 1875 5156 et
1905 5101 2243 5160 Christianos
2271 5117 2331 5160 se
2375 5118 2498 5162 esse
2526 5103 2765 5162 confessi
2791 5115 2939 5162 sunt.
2969 5105 3106 5164 Cum
3140 5123 3271 5164 vero
3295 5108 3412 5178 jam

1821 5195 1937 5251 dies
1969 5205 2282 5267 appareret,
2315 5211 2412 5254 eos
2456 5212 2586 5255 esse
2614 5208 2860 5256 mortuos
2905 5200 3227 5256 existimans
3257 5201 3412 5256 vica-

1823 5289 1962 5354 rius,
1991 5288 2086 5360 qui
2117 5297 2239 5346 erat
2268 5288 2547 5360 impietate
2581 5299 2854 5359 mortuus,
2880 5291 3037 5363 jubet
3065 5306 3254 5347 eorum
3287 5307 3412 5346 coro

1821 5395 1952 5452 pora
1984 5380 2109 5452 ejici
2141 5393 2173 5436 e
2203 5379 2463 5439 cisterna.
2494 5379 2563 5436 Et
2589 5396 2710 5438 cum
2752 5382 3117 5439 accessissent
3148 5382 3186 5438 ii
3211 5381 3412 5451 quibus

1816 5482 1934 5529 erat
1966 5487 2154 5529 eorum
2203 5471 2498 5531 commissa
2529 5475 2802 5544 custodia,
2837 5474 3025 5532 vident
3058 5489 3175 5540 eos,
3217 5485 3271 5529 et
3308 5474 3411 5532 Ini-.-

1815 5567 1942 5628 lites
1974 5566 2065 5640 qui
2109 5567 2176 5626 ad
2222 5581 2319 5625 eos
2369 5567 2799 5644 transfugerant,
2829 5568 2966 5627 nihil
2993 5569 3214 5642 quidem
3244 5580 3416 5625 ttt‘tn'e.
