3832 6462
405 284 507 347 ἱϐἹ
1629 266 1916 332 MENSIS
1952 261 2412 328 JANUARIUS.
3581 250 3686 314 868

389 394 752 460 sustinuisse;
792 391 886 446 sed
920 390 1124 446 habere
1155 385 1393 446 divinam
1429 381 1720 452 quamdam
1757 379 1902 452 grati

2168 391 2178 425 ι
2239 371 2340 444 μὲν
2391 369 2500 426 ἀπὸ
2533 368 2635 440 τῆς
2688 369 2954 424 ἀσϐέστου
3013 367 3252 441 χαλεπὸν
3314 364 3681 428 ὑποστάντας.

388 488 439 541 in
475 500 572 540 suo
595 483 745 537 vultu
770 480 1226 543 clliorescentem,
1252 485 1308 533 et
1329 491 1358 532 e
1389 473 1527 530 facie
1551 471 1762 527 dulcem
1788 486 1894 540 qtte

2172 461 2248 515 ἴαν
2270 461 2330 516 δέ
2365 477 2491 515 τινα
2528 460 2690 532 χάριν
2725 459 3073 516 ἐπανθοῦσαν
3127 458 3311 514 αὑτῶν
3339 459 3464 521 ταῖς
3495 456 3685 526 ὕψεσιν

391 579 514 632 dam
547 577 755 630 radium
802 574 1074 630 emittere.
1111 572 1245 628 Cum
1276 584 1370 626 eos
1403 583 1532 639 ergo
1563 581 1594 621 e
1628 566 1862 620 cisterna
1891 579 1904 618 ι

2173 572 2342 620 ιντας,
2403 553 2501 610 καὶ
2534 555 2732 608 ἀκτῖνα
2761 554 2856 608 τοῦ
2921 553 3216 626 προσώπου
3247 549 3373 604 τινὰ
3418 550 3686 620 γλυκεῖαν

392 668 707 726 traxissent,
754 666 819 719 de
879 663 1148 718 militibus
1194 661 1402 716 vicario
1447 658 1764 713 renuntiant
1797 655 1905 727 (er.-

2170 647 2452 718 αφιέντας.
2518 647 2948 719 Ἀνιμησάμενοι
3004 647 3188 700 τοίνυν
3224 643 3424 706 αὐτοὺς
3476 644 3542 695 ἐκ
3591 640 3683 696 τοῦ

391 771 569 816 autem
617 775 802 814 eorum
857 758 1076 813 nomina
1124 755 1381 826 Phengon
1439 763 1494 807 et
1556 749 1897 820 Eucarpus),

2168 758 2296 796 κκου
2333 740 2413 811 τῷ
2455 739 2690 812 βικαρίῳ
2723 739 2853 811 περὶ
2885 739 2994 794 τῶν
3018 735 3369 808 στρατιωτῶν
3394 734 3681 803 ἀπαγγέλ-

393 856 483 909 itlu
531 855 758 925 jubente
806 852 1059 924 protinus
1106 850 1258 906 fuere
1309 846 1560 905 cruciﬁxi
1595 847 1741 901 clara
1773 857 1906 914 quoq

2168 851 2240 889 »σι
2299 834 2545 906 (Φέγγων
2601 829 2671 908 ἦν
2694 834 2878 896 αὑτοῖς
2926 832 3022 886 καὶ
3053 830 3347 900 Εῦκαρπος
3379 829 3450 882 τά
3481 829 3681 897 ὀνόμαιι

395 947 492 1016 ipsi
521 947 640 1002 luce
681 944 1046 1001 confessionis
1091 943 1354 998 habentes
1403 940 1590 996 oculos
1631 938 1908 994 illuminat.

2167 931 2202 999 >.
2234 930 2490 985 κάκείνου
2520 927 2951 1001 προστάξαντος,
2977 925 3140 989 εὑθὺς
3171 921 3680 986 ἀνεσκολοπίζοντο,

394 1043 581 1112 etjam
618 1039 1124 1096 remunerationum
1165 1036 1410 1094 fruentes
1439 1032 1700 1107 praemiis.

2171 1021 2336 1094 μπρῷ
2379 1021 2475 1076 καὶ
2503 1019 2662 1076 αὑτοὶ
2698 1023 2799 1092 τῆς
2835 1017 3132 1089 ὁμολογίας
3181 1016 3378 1088 φέγγει
3403 1014 3504 1078 τὰς
3538 1013 3684 1083 δψςες

2097 1115 2591 1188 περιλαμπόμενοι,
2655 1115 2749 1171 καὶ
2811 1113 3080 1186 προοίμια
3133 1112 3237 1183 ἤδη
3295 1109 3408 1164 τῶν
3439 1109 3686 1179 ἀμοισῶο

2094 1204 2492 1276 καρπούμενοι.
3699 1179 3708 1222 ³

474 1353 636 1410 LXV.
673 1355 924 1410 Clemens
942 1369 1071 1407 vero
1103 1361 1158 1407 et
1180 1348 1580 1421 Agathangelus
1611 1347 1785 1402 adhuc
1809 1363 1987 1400 euri-ir-

2173 1352 2280 1406 EE’.
2304 1353 2536 1424 Κλήμης
2565 1351 2752 1423 μέντοι
2785 1352 2879 1407 καὶ⁵
2911 1351 3318 1420 ’Δγαθάγγελος
3346 1351 3429 1405 ἐτι
3468 1352 3564 1406 τὸν
3594 1352 3686 1404 τοῦ

399 1452 527 1505 bant
564 1452 614 1504 in
643 1449 819 1504 stadio
843 1445 1114 1518 martyrii.
1149 1442 1399 1500 Vicarius
1429 1455 1611 1496 autem
1638 1440 1892 1495 studebat

2179 1445 2405 1516 ρτυρίου
2432 1444 2656 1499 δίαυλον
2683 1444 2904 1515 ἔτρεχον
2925 1461 2940 1477 ο
2969 1447 2997 1497 6
3028 1443 3276 1515 βικάριος
3293 1443 3351 1498 δέ
3368 1444 3464 1497 καὶ
3489 1443 3687 1505 αὑτοὺς

398 1557 616 1614 quoque
656 1541 819 1595 vitam
858 1547 1184 1609 praesentem
1233 1537 1506 1600 adimere,
1537 1543 1597 1588 ut
1634 1533 1724 1604 qui
1766 1546 1866 1587 nec

2175 1537 2324 1592 ιτευδε
2353 1539 2452 1608 τῆς
2484 1537 2767 1609 παρούσης
2797 1537 2943 1609 ζωῆς
2989 1535 3377 1606 ὑπεξαγαγεῖν,
3425 1531 3517 1590 οἷα
3551 1538 3688 1607 μήτε

400 1641 554 1690 deret
584 1649 676 1690 eos
713 1632 1028 1704 persuaderi
1064 1631 1333 1686 bonorum
1373 1625 1847 1698 promissionibus,
1892 1640 1913 1678 ι

2174 1633 2319 1688 αθῶν
2359 1635 2714 1703 ἐπαγγελίαις
2744 1634 3106 1706 πειθομένους
3137 1633 3299 1704 ὀρῶν,
3326 1633 3467 1704 μήτε
3498 1632 3687 1688 κακῶν

399 1727 623 1781 omnino
667 1724 932 1779 malorum
973 1722 1172 1778 cedere
1221 1718 1545 1785 iusultibus,
1592 1717 1774 1788 plures
1815 1714 1912 1770 adh

2178 1728 2418 1796 αγωγαῖς
2465 1727 2604 1791 ὅλως
2651 1728 2922 1791 εἴκοντας,
2971 1726 3192 1792 πλείους
3240 1727 3426 1792 αὑτοῖς
3480 1725 3565 1780 ἐτι
3599 1727 3691 1780 καὶ

402 1819 776 1888 ιιταεριιιι-ἰοτεε
837 1815 1025 1870 volens
1068 1815 1150 1870 eis
1197 1828 1429 1868 coronas
1479 1812 1719 1868 contexi.
1789 1810 1915 1865 Dehi

2173 1818 2511 1890 μπροτέρους
2543 1818 2818 1891 πλακῆναι
2849 1821 2980 1882 τοὺς
3010 1821 3311 1887 στεφάνους
3338 1818 3686 1889 βουλόμενος.

409 1922 558 1966 certe
610 1910 852 1965 vicarius
895 1907 1057 1978 jussxt
1117 1907 1224 1961 duo
1282 1905 1395 1960 lora
1447 1903 1692 1960 exscindi
1723 1916 1788 1958 ex
1828 1911 1922 1972 ter;

2173 1913 2298 1968 νθεν
2362 1913 2544 1966 τοίνυν
2606 1913 2702 1964 καὶ
2750 1909 2844 1965 δύο
2891 1909 2992 1980 μὲν
3042 1911 3274 1977 ίμάντας
3303 1910 3414 1964 τῶν
3452 1911 3686 1964 ἑκάστου

401 2005 832 2074 uniuscujusque
865 2017 880 2056 :
919 2000 1112 2056 deinde
1151 2009 1331 2054 autem
1376 2001 1523 2068 ipsos
1556 2012 1773 2070 quoque
1805 1997 1914 2050 verl

2178 2023 2283 2058 των
2308 2005 2337 2058 6
2365 2004 2613 2077 βικάριος
2640 2003 3003 2072 διεκκοπῆναι
3028 2001 3260 2063 κελεύει.
3292 2002 3484 2056 ἔπειτα
3510 2002 3569 2055 δὲ
3598 2000 3691 2061 καὶ

404 2101 511 2153 rari
541 2097 708 2167 virgis
759 2103 871 2150 toto
920 2107 1151 2162 corpore
1191 2091 1693 2148 vehementissime.
1726 2087 1804 2142 Illi
1832 2101 1917 2141 vet

2177 2097 2323 2161 σδοις
2371 2096 2572 2159 αὑτοὺς
2601 2095 2721 2150 ὅλον
2773 2095 2836 2151 τὸ
2867 2095 3028 2165 σῶμα
3072 2094 3456 2167 σφοδροτάτως
3488 2093 3688 2146 τύπτε-

402 2206 526 2245 cum
559 2188 724 2242 etiam
758 2187 839 2241 eis
879 2199 1072 2239 carnes
1123 2183 1567 2248 conciderentur,
1608 2188 1664 2235 et
1704 2193 1827 2234 ossa
1866 2193 1915 2232 ε(

2174 2208 2246 2252 αι.
2281 2191 2345 2244 Ol
2375 2190 2431 2244 δὲ
2457 2189 2552 2243 καὶ
2581 2189 2682 2252 τὰς
2713 2187 2923 2258 σάρκας
2948 2188 3296 2260 τεμνόμενοι,
3329 2190 3425 2241 καὶ
3455 2187 3524 2239 τὰ
3559 2185 3687 2241 ὀστᾶ

408 2289 738 2343 tererentur,
774 2276 988 2331 fortiter
1015 2285 1196 2328 tamen
1226 2283 1282 2326 et
1311 2281 1629 2327 constanter
1655 2268 1921 2326 sustineba

2175 2283 2540 2354 ντριὸόμενοι,
2579 2282 2730 2352 ὅμως
2769 2282 3056 2353 καρτερῶς
3095 2280 3164 2334 τὰ
3196 2281 3443 2352 παρόντα
3477 2283 3576 2334 καὶ
3600 2279 3688 2332 εὑ-

403 2371 716 2443 prasentia,
773 2378 1030 2437 tanquam
1084 2365 1149 2420 ad
1197 2364 1555 2434 impatibilem
1601 2363 1713 2434 jam
1761 2363 1916 2417 tradu

2176 2391 2269 2437 θως
2299 2374 2600 2444 ὑπέμενον,
2623 2371 2814 2444 ὥσπερ
2839 2372 2940 2443 ήδη
2976 2372 3113 2442 πρὸς
3160 2371 3258 2442 τὴν
3290 2370 3477 2441 ἀπαθῆ
3531 2387 3689 2440 μεταη

404 2475 679 2526 naturam,
713 2471 768 2515 et
813 2460 1012 2514 nullam
1054 2457 1352 2513 sentientes
1385 2456 1766 2511 necessitatem
1803 2470 1917 2523 cor]

2175 2483 2320 2536 μενοι
2355 2459 2541 2535 φύσιν,
2575 2466 2671 2518 καὶ
2731 2464 3002 2535 μηδεμιᾶς
3030 2463 3281 2533 ἀνάγκης
3310 2461 3407 2516 τοῦ
3441 2458 3688 2530 σώματος

408 2557 508 2610 ris.
555 2552 861 2610 Pru-clarus
905 2563 1088 2606 autem
1123 2551 1378 2607 Clemens
1412 2549 1546 2604 tales
1579 2563 1797 2620 quoque
1835 2563 1921 2602 vet

2177 2556 2507 2627 τθανόμενοι.
2570 2556 2634 2610 '0
2664 2556 2721 2608 δὲ
2753 2557 3004 2624 γενναῖος
3062 2555 3298 2625 Κλήμης
3354 2553 3450 2606 καὶ
3509 2552 3690 2622 φωνὰς

407 2649 472 2702 ad
502 2648 667 2704 Deum
701 2647 1044 2716 loquebatur,
1067 2645 1282 2700 dicens:
1313 2643 1542 2699 Domine
1588 2641 1731 2706 Jesu,
1759 2639 1920 2698 Chris

2175 2649 2239 2713 ὼς
2270 2650 2361 2703 τὸν
2418 2649 2552 2704 Θεὸν
2603 2648 2859 2712 τοιαύτας
2907 2647 3243 2717 ἐφθέγγετο·
3291 2644 3466 2716 Κύριε
3517 2641 3688 2714 Ἰησοῦ

405 2743 494 2809 qui
531 2740 793 2810 quidquid
846 2740 1050 2809 spirat,
1097 2752 1128 2791 e
1165 2737 1275 2793 luto
1326 2737 1561 2808 propriis
1598 2733 1898 2790 fabricatus

2178 2740 2328 2807 νιστέ,
2358 2739 2556 2808 λέγων,
2611 2741 2640 2794 6
2668 2741 2852 2792 πᾶσαν
2878 2741 2942 2792 ἐκ
2974 2738 3147 2808 πηλοῦ
3201 2737 3373 2810 πνοὴν
3401 2737 3593 2808 χερσῖν
3619 2739 3691 2790 ot-

408 2834 678 2894 manibus.
723 2841 779 2885 et
823 2830 1026 2884 bomiui
1077 2844 1275 2884 nervos
1322 2837 1378 2883 et
1427 2841 1552 2882 ossa
1588 2834 1642 2880 et
1671 2825 1832 2880 aliam
1869 2839 1921 2879 et

2176 2834 2282 2898 ίαις
2328 2834 2768 2905 δημιουργήσας,
2827 2833 2920 2886 καὶ
2951 2832 3119 2904 νεῦρα
3171 2831 3254 2902 τῷ
3283 2832 3562 2902 ἀνθρώπῳ
3601 2831 3689 2884 καὶ

407 2926 650 2980 struxisti
686 2923 937 2992 ﬁguram,
971 2921 1064 2991 qui
1087 2921 1251 2976 etiam
1277 2933 1379 2974 nos
1405 2934 1548 2987 saepe
1585 2919 1848 2973 contritos
1870 2931 1920 2971 Ct

2177 2928 2234 2986 τᾶ
2263 2928 2358 2981 καὶ
2401 2927 2500 3000 τὴν
2529 2927 2698 2998 ἀλλην
2728 2927 3146 2989 κατασκευάσας
3197 2925 3513 2990 διάπλασιν,
3550 2927 3579 2978 6
3603 2926 3690 2978 καὶ

408 3017 662 3082 ﬁrmasti,
712 3027 767 3071 et
824 3016 1172 3070 concidentes
1223 3013 1522 3079 stabiliisti,
1575 3011 1911 3081 amictusque

2174 3020 2494 3092 ντρισέντας
2527 3020 2794 3084 πολλάκις
2826 3021 2974 3091 ἡμᾶς
3002 3018 3346 3092 ἐπιρρώσας,
3395 3022 3488 3072 καὶ
3521 3036 3687 3074 κατα·

410 3118 709 3178 prostratos
755 3106 1003 3169 erexisti,
1047 3105 1164 3172 ipse
1207 3118 1328 3158 ossa
1375 3117 1592 3181 quoque
1642 3112 1826 3156 nostra
1859 3116 1923 3153 nu

2178 3129 2406 3177 πτοντας
2424 3113 2817 3184 ὑποστηρίξας,
2845 3114 2939 3168 καὶ
2966 3112 3288 3183 ἀνορθώσας
3317 3114 3691 3185 κατεῤῥαγμέ·

413 3202 646 3254 contrita
677 3197 843 3268 erige,
890 3206 944 3252 et
970 3207 1056 3250 tua
1087 3196 1248 3265 imple
1295 3193 1681 3277 exsultatione,
1718 3190 1833 3262 Ipse
1855 3207 1919 3246 en

2180 3223 2248 3269 ac,
2277 3206 2439 3269 αὑτὸς
2463 3207 2559 3268 καὶ
2587 3207 2655 3260 τά
2685 3206 3046 3278 συντριϐέντα
3072 3205 3229 3277 ἡμῶν
3252 3206 3389 3259 ὀστᾶ
3413 3203 3508 3259 νῦν
3537 3206 3693 3277 ἀνόρ-

413 3307 494 3357 cs,
529 3307 561 3344 ο
598 3306 686 3344 rex
747 3291 972 3354 invicte,
1021 3289 1194 3359 quiin
1245 3289 1399 3342 nobis
1449 3288 1552 3342 hoc
1589 3295 1862 3342 certamen
1912 3305 1926 3339 ι

2181 3316 2286 3354 ισον
2316 3299 2546 3370 καὶτῆς
2601 3303 2701 3371 σῆς
2755 3299 3132 3368 ἀγαλλιάσεως
3183 3300 3494 3372 ἐμπλησονο
3536 3301 3694 3363 αὑτὸς

414 3396 593 3439 certas
625 3401 638 3438 :
680 3392 738 3438 ut
780 3400 875 3455 per
905 3390 1145 3438 nostram
1185 3380 1612 3436 imbecillitatem
1643 3388 1731 3434 tua
1767 3389 1922 3450 apert

2187 3409 2218 3464 ρ
2251 3387 2322 3456 εἷ,
2359 3391 2585 3462 ἀνίκητε
2621 3391 2865 3462 βασιλεῦ,
2899 3394 2928 3446 6
2978 3393 3036 3445 ἐν
3066 3394 3200 3464 ἡμῖν
3223 3393 3314 3445 τὸν
3349 3393 3548 3460 ἀγῶνα
3579 3392 3696 3446 τοῦφ

414 3477 733 3533 ostendatur
763 3477 1028 3548 potentia.
1071 3475 1352 3542 Quomodo
1378 3473 1525 3528 enim
1553 3476 1655 3530 hoc
1684 3488 1904 3542 corpus,

2182 3500 2202 3536 ν
2231 3482 2655 3554 ἀγωνιζόμενος,
2713 3482 2853 3540 ὥστε
2905 3485 3000 3542 καὶ
3059 3487 3405 3554 σαφεστέραν
3455 3483 3544 3537 διά
3601 3483 3695 3554 τῆς

414 3573 558 3642 quod
591 3571 742 3625 cadit
776 3571 1047 3634 interitus,
1087 3569 1220 3622 tales
1255 3567 1447 3622 vicerit
1481 3564 1902 3637 perpessiones?

2176 3576 2390 3648 ιετέρας
2417 3575 2704 3639 ἀσθενείας
2727 3577 2829 3648 τὴν
2867 3576 2968 3654 σὴν
3014 3577 3389 3649 ἐπιδειχθῆναι
3426 3577 3656 3648 δύναμιν
3677 3592 3689 3607 ·

419 3677 649 3735 magnus
677 3663 926 3719 Clemens
955 3677 1075 3718 cum
1105 3661 1217 3718 Deo
1242 3660 1588 3730 loquebatur,

2180 3669 2236 3721 si.
2279 3668 2398 3733 πῶς
2454 3669 2521 3722 ἂν
2569 3669 2632 3722 τὸ
2663 3669 2904 3740 φθαρτὸν
2961 3669 3122 3725 τοῦτο
3161 3670 3320 3742 σῶμα
3360 3669 3693 3742 τηλικούτων

2113 3759 2464 3834 περιεγένετο
2520 3761 2902 3830 παθημάτωνς
2951 3759 3139 3816 Ταῦτα
3171 3764 3200 3814 6
3256 3762 3432 3832 μέγας
3469 3763 3698 3835 Κλήμης

2111 3852 2192 3930 τῷ
2221 3852 2344 3924 Θεῷ
2369 3851 2666 3921 διελέγετο.

495 3968 679 4024 LXVI.
725 3969 972 4024 Vicarius
1007 3976 1186 4023 autem
1215 3969 1407 4023 videns
1437 3982 1534 4024 eos
1566 3981 1827 4041 superare
1875 3983 2008 4039 pra:-

2184 3981 2320 4052 se".
2353 3983 2463 4037 Καὶ
2499 3984 2528 4038 6
2583 3982 2828 4055 βικάριος
2862 3984 3148 4056 κρείττους
3198 3985 3399 4050 αὑτοὺς
3449 3985 3544 4039 καὶ
3583 3983 3690 4039 τῶν

425 4062 622 4129 sentia,
645 4061 712 4116 ad
745 4061 909 4116 alium
940 4061 1159 4120 modum
1194 4061 1463 4132 processit
1489 4061 1741 4132 supplicii
1773 4080 1786 4117 :
1812 4071 1865 4118 et
1887 4077 1938 4116 ct

2182 4076 2402 4147 ιρόντων
2433 4075 2576 4147 ὁρῶν
2612 4077 2751 4148 πρὸς
2780 4077 2970 4148 ἕτερόν
3020 4094 3144 4132 τινα
3183 4079 3458 4151 τιμωρίας
3500 4079 3695 4150 τρόπον

431 4155 569 4212 duos
626 4153 833 4210 ferreos
891 4152 1287 4215 candefecisset
1338 4155 1619 4226 grabatos,
1675 4154 1806 4210 facit
1855 4164 1908 4208 ut

2179 4168 2336 4241 ώριι,
2395 4167 2491 4222 καὶ
2542 4167 2636 4222 δύο
2678 4167 2934 4240 σιδηροῦς
2965 4167 3295 4240 ἐκπυρὼσας
3335 4170 3692 4242 κραεὸάτρυς,

427 4245 601 4303 altero
651 4260 838 4301 eorum
889 4245 1032 4302 alter
1083 4247 1386 4302 recumbat.
1425 4247 1565 4303 Cum
1609 4262 1736 4304 vero
1785 4247 1940 4302 multt

2215 4259 2465 4334 ἐκατέρῳ
2489 4259 2702 4314 τούτων
2735 4259 2999 4332 ἑκάτερον
3028 4263 3328 4318 ἀνακλίνσι.
3358 4262 3613 4325 κάτωθεν
3641 4261 3696 4316 δὲ

428 4338 572 4417 ignis
603 4336 831 4394 inferius
859 4338 1272 4405 substravisset,
1305 4339 1486 4395 oleum
1520 4351 1576 4395 et
1621 4340 1800 4412 ignem
1835 4348 1889 4395 et
1929 4355 1941 4412 ι

2184 4353 2231 4426 ip
2269 4352 2503 4423 ἄφθονον
2535 4351 2923 4425 ὑποστρώσας,
2957 4352 3138 4408 ἔλαιόν
3166 4371 3228 4415 τε
3254 4356 3350 4409 καὶ
3377 4355 3576 4408 πίσσαν
3604 4354 3697 4408 καὶ

427 4445 545 4490 cem
579 4441 636 4488 et
665 4433 898 4504 sulphur
945 4432 1202 4496 infundit.
1239 4431 1376 4490 Cum
1423 4433 1621 4490 multus
1649 4449 1796 4507 ergo,
1841 4443 1900 4488 ut
1932 4450 1940 4486 ι

2186 4447 2264 4499 ῖον
2296 4443 2505 4499 ἀνωθεν
2531 4443 2764 4516 ἐπιχέοι.
2797 4445 3024 4508 Καπνοῦ
3051 4447 3253 4510 τοίνυν,
3272 4447 3349 4512 ὡς
3378 4448 3540 4516 ιίκδς,
3570 4445 3699 4500 πολ-

427 4535 880 4594 conseutaneum,
923 4524 1108 4583 fumus
1150 4537 1204 4581 et
1248 4524 1464 4582 ﬂamma
1511 4527 1709 4583 sublati
1742 4538 1924 4582 essent

2187 4537 2216 4592 ῦ
2253 4539 2350 4593 καὶ
2381 4535 2578 4608 φλογὸς
2619 4537 2852 4592 ἐπιπολὺ
2883 4538 2976 4592 τοῦ
3009 4539 3174 4611 ἀέρος
3202 4539 3499 4612 ἀρθέντων,
3524 4541 3574 4595 οί
3598 4539 3698 4609 μὲν

429 4632 684 4689 magnam
725 4627 936 4688 partem
971 4617 1156 4708 .aeris,
1185 4617 1218 4672 ii
1260 4617 1479 4688 quidem
1508 4617 1600 4688 qui
1643 4616 1942 4674 circumsisi

2183 4630 2518 4703 ιριεστῶτες,
2561 4629 2700 4687 ἀλλὰ
2730 4631 2826 4685 καὶ
2852 4631 3016 4694 αὐτὸς
3052 4633 3151 4685 σὺν
3191 4633 3379 4708 αὐτοῖς
3421 4635 3450 4686 6
3499 4633 3696 4704 ἄρχων,

430 4709 586 4773 bant,
623 4710 921 4780 quinetiam
957 4709 1072 4780 ipse
1101 4723 1318 4781 quoque
1369 4724 1491 4764 cum
1525 4710 1606 4764 eis
1643 4711 1943 4780 magistratu

2183 4739 2261 4801 rep
2284 4719 2355 4799 ἦν
2384 4723 2479 4777 καὶ
2507 4721 2586 4793 τῷ
2621 4723 2913 4794 πράγματι
2945 4723 3043 4788 καὶ
3071 4727 3137 4795 τῇ
3179 4723 3341 4805 φύσει
3395 4723 3696 4788 ἀκόλουθον,

432 4800 488 4862 id
515 4805 658 4874 quod
707 4811 829 4858 erat
875 4803 952 4858 rei
995 4811 1050 4859 et
1077 4811 1286 4858 natura:
1329 4816 1688 4876 consequens,
1724 4802 1945 4856 credeba

2189 4800 2381 4870 θνάναι
2435 4815 2637 4879 πάντες
2664 4817 2975 4882 ἐπίστευον,
3024 4800 3318 4888 Ἐσήμαινε
3357 4817 3534 4872 δὲκαὶ
3584 4819 3697 4882 τοῖς

430 4909 625 4950 omnes
649 4903 870 4948 sanctos
889 4908 1010 4949 esse
1037 4906 1302 4951 mortuos.
1327 4894 1679 4964 Signiﬁcabat
1705 4904 1884 4949 autem
1903 4893 1943 4964 jt

2181 4907 2340 4977 ιμίοις
2369 4908 2398 4960 6
2427 4905 2674 4978 βικάριος
2705 4907 2828 4988 ήδη,
2867 4908 3169 4974 σόέσαντας
3203 4910 3308 4980 τὴν
3338 4912 3519 4981 πυρὰν
3545 4909 3694 4981 ῥίψαι

433 4985 719 5047 lictoribus
759 5001 976 5054 quoque
1004 4987 1264 5055 vicarius,
1305 4995 1366 5040 ut
1399 5002 1528 5055 rogo
1562 4986 1856 5050 exstincto,
1895 4999 1946 5040 ct

2182 5000 2271 5054 ιτά
2295 4999 2395 5056 τοῦ
2429 4998 2680 5070 ποταμοῦ
2711 4985 2820 5054 τῶν
2868 5001 3042 5070 ἁγίων
3089 5001 3159 5056 τὰ
3194 5000 3427 5072 σώματα
3448 5017 3465 5032 ο
3493 5002 3606 5064 τοὺς
3637 4999 3695 5063 δὲ

437 5092 568 5145 pora
624 5085 936 5133 sanctorum
969 5076 1221 5148 iacerent
1253 5079 1307 5135 in
1343 5077 1590 5134 ﬂuvium.
1621 5079 1728 5134 Eos
1765 5093 1896 5133 vero
1929 5079 1944 5132 i

2180 5107 2194 5144 ρ
2236 5092 2344 5162 ἀρα
2369 5089 2553 5146 λαϐὼν
2578 5089 2749 5165 ὕπνος
2789 5109 2874 5157 τις
2907 5093 3113 5160 γλυκὺς
3139 5093 3235 5148 καὶ
3253 5096 3576 5168 ἀπόρρητος,
3603 5095 3693 5145 ἐπὶ

437 5181 654 5227 vaserat
690 5171 910 5242 quidem
961 5171 1132 5229 dulcis
1163 5188 1390 5230 somnus
1413 5182 1467 5228 et
1500 5173 1928 5244 inexplicabilis;

2180 5182 2204 5254 ιλ
2233 5181 2388 5255 ὕπνῳ
2427 5183 2486 5237 δὲ
2508 5185 2602 5239 καὶ
2632 5185 2755 5257 δψις
2780 5185 2990 5255 ἐφοίτα.
3033 5183 3101 5240 Ἦ
3128 5186 3185 5240 δὲ
3223 5187 3349 5257 δψις
3387 5189 3541 5251 αὑτὸς
3573 5180 3636 5258 ἦν
3663 5185 3693 5239 6

436 5277 631 5323 somno
673 5274 854 5321 utem
902 5264 1041 5322 visio
1079 5280 1295 5336 quoque
1347 5266 1662 5322 accedebat.
1691 5265 1846 5325 Visio
1891 5282 1949 5322 ve

2179 5275 2475 5347 γωνοθέτης
2501 5278 2740 5347 Χριστὸς
2769 5278 2909 5348 μετά
2941 5280 3206 5349 στρατιᾶς
3235 5280 3482 5350 ἀγγέλων
3505 5284 3692 5349 ἐπιφαι-

438 5365 558 5411 erat
605 5355 720 5427 ipse
771 5358 1103 5428 agonetheta
1153 5358 1426 5425 Christus,
1475 5360 1568 5430 qui
1613 5374 1735 5416 cum
1776 5362 1951 5416 exerci

2185 5369 2266 5435 λς,
2297 5370 2412 5436 καὶ,
2449 5369 2543 5441 Μὴ
2569 5369 2848 5440 φοϐεῖσθε,
2901 5370 3072 5425 εἰπών
3094 5388 3107 5402 ·
3140 5371 3254 5441 ἐγὼ
3299 5374 3412 5445 γάρ
3445 5377 3552 5446 είμι
3581 5370 3698 5444 μεθ’

439 5449 755 5521 angelorum
805 5453 1084 5522 apparuit,
1132 5463 1189 5510 et
1238 5454 1374 5510 dixit
1406 5470 1422 5510 :
1456 5453 1632 5511 Nolite
1675 5455 1886 5520 timere,
1921 5473 1950 5509 e

2178 5461 2305 5531 μῶν.
2337 5461 2570 5517 Ἐκεῖνοι
2593 5463 2693 5534 μέν
2725 5461 2820 5518 οὖν
2848 5462 2944 5518 τοῦ
2969 5462 3114 5519 θείου
3157 5467 3351 5527 τούτου
3391 5467 3552 5522 ῦπνου
3599 5467 3691 5520 ἀνα

436 5543 583 5595 enim
629 5556 748 5596 sum
784 5544 1061 5600 vobiscum
1085 5546 1128 5602 ⁸.
1165 5547 1241 5602 Illi
1277 5559 1406 5618 ergo
1449 5561 1569 5604 cum
1600 5548 1666 5604 ab
1705 5547 1806 5606 hoc
1836 5549 1945 5606 divi

2182 5554 2454 5624 νεγκόντις
2484 5555 2734 5625 ἀλλήλοις
2750 5557 3060 5612 ἐκοινοῦντο
3089 5559 3190 5629 τὴν
3213 5561 3431 5634 ὄράσιν,
3463 5559 3695 5640 καθάπερ

513 5718 535 5752 ³
555 5719 750 5778 Matth.
788 5741 980 5787 xxvm.
