3832 6508
203 292 299 355 869
1207 284 1389 347 VITA
1423 284 1484 346 S.
1526 283 1959 346 CLEMENTIS
1999 282 2406 346 ANCYRANI.
3327 283 3436 349 870

203 407 254 460 ὲν
295 399 478 455 εὐώδει
509 398 616 472 πόᾳ
646 397 742 453 καὶ
770 397 1011 470 μαλακῇ,
1046 395 1162 454 ἀλλ’
1189 398 1288 454 οὐκ
1321 400 1378 453 ἐν
1424 399 1586 470 φλογὶ
1618 400 1760 475 μέσῃ

1868 414 2056 454 somno
2086 405 2270 455 essent
2297 395 2686 469 expergefacti,
2719 396 3194 453 communicabant
3221 396 3322 455 sibi
3354 398 3436 451 in-

1868 491 2040 546 vicem
2090 493 2372 553 visionem,
2410 500 2665 560 umquam
2705 490 2756 544 in
2789 490 2956 545 herba
3001 490 3148 548 molli
3175 498 3230 545 et
3255 488 3437 544 odori-

1869 579 2004 648 fera,
2037 597 2140 637 non
2177 583 2230 635 in
2260 580 2432 637 media
2459 591 2637 640 autem
2666 581 2902 647 flamma,
2937 581 3196 652 jacentes.

205 495 456 565 κείμενοι.

1637 733 1866 792 CAPUT
1919 735 2014 792 XI.

1262 964 1407 1036 Ignis
1435 966 1852 1021 cruciamentum
1889 964 2045 1020 Tarsi
2076 974 2402 1034 superatum.

263 1193 376 1248 EZ’.
407 1189 666 1260 Δομέτιος
702 1189 759 1244 δὲ
807 1189 1126 1259 παραδόξως
1168 1188 1310 1248 οὕτω
1347 1189 1436 1241 καὶ
1466 1187 1560 1241 τοῦ
1590 1187 1758 1259 πυρὸς

1941 1187 2155 1245 LXVII.
2177 1187 2311 1244 Cum
2331 1203 2426 1244 eos
2441 1203 2569 1244 vero
2585 1189 2849 1246 Domitius
2868 1192 3093 1248 vidisset
3108 1195 3180 1251 ita
3199 1197 3434 1253 admira-

199 1285 353 1340 αὑτοῦ
385 1283 843 1354 περιγενομένους
875 1279 1018 1345 ίδὼν,
1048 1280 1138 1334 καὶ
1177 1281 1251 1350 μὴ
1282 1280 1420 1350 ἔχων
1445 1281 1472 1332 ὃ
1493 1297 1545 1332 τι
1575 1277 1758 1331 λοιπὸν

1868 1279 2042 1334 biliter
2075 1289 2129 1334 et
2155 1290 2349 1349 prreter
2377 1282 2687 1352 opinionem
2714 1283 2891 1352 ignem
2923 1289 3302 1355 superavisse,
3335 1307 3434 1346 nec

199 1380 369 1439 αὐτοῖς
418 1377 703 1447 χρήσαιτο,
758 1373 911 1445 παρὰ
957 1372 1300 1444 Μαξιμιανδν
1345 1369 1502 1434 αὖθις
1562 1369 1759 1432 αὐτοὺς

1868 1371 2029 1425 sciret
2056 1371 2308 1442 deinceps
2336 1375 2590 1444 quidnam
2621 1374 2700 1430 eis
2743 1375 2966 1442 faceret,
2996 1380 3222 1434 remittit
3247 1396 3340 1436 eos
3368 1382 3433 1435 ad

198 1465 498 1534 ἀναπέμπει
557 1467 622 1518 ἐκ
654 1463 867 1536 Ταρσοῦ
929 1461 1232 1532 τηνικαῦτα
1281 1461 1416 1534 πρὸς
1472 1461 1756 1530 Ἀγκυραν

1868 1458 2280 1528 Maximianum,
2351 1463 2442 1534 qui
2515 1475 2640 1520 tunc
2713 1482 2776 1521 ex
2837 1467 3008 1522 Tarso
3067 1472 3436 1525 revertebatur

197 1556 615 1626 ἀναστρέφοντα.
648 1557 710 1608 Οί
739 1555 880 1624 ἅγιοι
904 1555 1083 1608 τοίνυν
1109 1553 1213 1606 ὑπὸ
1238 1551 1595 1622 στρατιώταις
1623 1548 1759 1620 μετὰ

1868 1553 2149 1624 Ancyram.
2176 1554 2308 1609 Cum
2335 1557 2506 1611 sancti
2539 1573 2666 1628 ergo
2699 1559 2799 1612 sub
2825 1560 3083 1614 militibus
3107 1577 3225 1614 cum
3253 1563 3435 1617 multis

198 1649 398 1703 πολλῶν
455 1650 547 1702 καὶ
582 1649 755 1703 ἄλλων
794 1646 1136 1719 Χριστιανῶν
1197 1645 1467 1716 ἁψάμενοι
1505 1643 1605 1712 τῆς
1659 1657 1755 1694 πο-

1868 1657 2076 1713 quoque
2119 1645 2239 1700 aliis
2269 1645 2592 1704 Christianis
2646 1657 2828 1706 essent
2879 1653 2981 1705 iter
3009 1653 3258 1721 ingressi,
3297 1670 3435 1722 quo-

199 1743 356 1813 ρείας,
385 1741 571 1813 ἐπειδὴ
604 1740 683 1812 τῷ
711 1757 768 1795 τε
803 1740 902 1810 τῆς
925 1740 1046 1793 ὁδοῦ
1081 1739 1246 1810 μήκει
1272 1739 1339 1792 τὰ
1391 1735 1620 1806 σώματα
1652 1751 1754 1787 πε-

1868 1737 2006 1789 niam
2035 1748 2087 1792 et
2118 1739 2217 1794 vite
2265 1739 2594 1812 longitudine
2642 1744 2849 1800 defessa
2895 1755 3057 1801 erant
3096 1761 3345 1818 corpora,
3377 1757 3434 1803 et

197 1835 514 1902 πονήκεσαν,
548 1834 722 1896 ἄλλως
747 1849 806 1886 τε
857 1831 913 1885 δὲ
945 1832 1040 1884 καὶ
1082 1832 1114 1900 ἡ
1142 1830 1255 1894 ὁδὸς
1289 1831 1355 1900 ῆν
1383 1826 1609 1898 ἔμελλον
1641 1825 1754 1879 δια-

1868 1829 2057 1900 alioqui
2092 1831 2196 1896 via,
2231 1850 2335 1904 qua
2373 1843 2528 1889 erant
2558 1837 2858 1904 transituri,
2884 1849 2999 1892 erat
3021 1841 3306 1895 admodum
3335 1842 3430 1894 de-

196 1926 414 1990 ϐαίνειν,
443 1926 648 1996 ἔρημος
686 1923 916 1978 ἐπιπολὺ
943 1918 1078 1976 οὖσα
1105 1925 1197 1975 καὶ
1227 1920 1466 1991 ἀτεχνῶς
1505 1917 1754 1988 ἄνυδρος,

195 2019 266 2080 είς
291 2017 383 2083 ὀξὺ
416 2017 568 2087 δίψος
603 2017 798 2078 αὐτοὺς
824 2014 1107 2084 ἀνέφλεγε.
1170 2011 1356 2081 Τούτῳ
1390 2010 1446 2064 δὲ
1473 2010 1624 2079 αύτῷ
1662 2007 1756 2061 καὶ

193 2111 310 2171 τοὺς
333 2107 754 2177 ὁδοιποροῦντας
781 2105 969 2169 δεινῶς
1019 2104 1373 2174 πιεζομένους
1398 2101 1634 2172 δρῶντες
1662 2100 1756 2154 καὶ⁸

193 2202 305 2254 ὅσον
327 2200 482 2255 οὔπω
510 2199 881 2262 ἐκλείποντας,
909 2201 986 2262 είς
1017 2196 1184 2268 εὐχὴν
1212 2195 1349 2266 μετά
1375 2195 1482 2249 τῶν
1509 2194 1756 2264 γονάτων

192 2296 281 2348 καὶ
337 2295 508 2366 αὐτὴν
571 2293 850 2355 κλίναντες
899 2291 996 2362 τὴν
1050 2289 1314 2360 καρδίαν,
1369 2287 1540 2356 Κύριε
1578 2284 1756 2356 Ἰησοῦ

193 2386 408 2460 Χριστὲ,
437 2388 464 2439 ὁ
494 2387 624 2450 Θεὸς
652 2384 834 2456 ήμῶν,
869 2381 1041 2449 εἷπον,
1075 2385 1104 2436 ὁ
1134 2383 1226 2435 καλ⁵
1269 2381 1542 2452 Θαλάσσης
1591 2379 1757 2433 ὕδατα

195 2480 450 2550 πρότερον
477 2477 609 2531 ὡσεὶ
638 2480 816 2547 τεῖχος
843 2475 1083 2544 παγῆναι
1109 2474 1357 2539 ποιήσας,
1390 2475 1483 2526 καὶ
1520 2471 1664 2542 ὕδωρ
1691 2473 1754 2523 ἐκ

195 2573 390 2642 πέτρας
418 2571 577 2623 πάλιν
606 2566 912 2637 ἐξαγαγὼν,
943 2566 1103 2630 αὐτὸς
1133 2563 1422 2634 ἐπίϐλεψον
1448 2566 1541 2617 καὶ
1558 2562 1654 2616 νῦν
1675 2560 1757 2629 ἐφ’

192 2665 352 2735 ἡμᾶς,
397 2661 707 2732 ἐπίϐλεψον,
759 2658 1008 2730 βασιλεῦ’
1053 2657 1444 2726 διαπέςρλεκται
1469 2655 1578 2726 γὰρ
1609 2657 1760 2726 ίσχυ-

195 2757 296 2828 ρῶς
329 2757 362 2827 ή
388 2755 534 2828 ψυχὴ
563 2753 740 2826 ήμῶν,
779 2753 874 2807 καὶ
895 2752 1164 2823 τρέχομεν
1197 2753 1254 2804 ὲν
1283 2748 1424 2820 δίψει
1477 2748 1757 2819 καύματος

193 2849 246 2900 ιι
269 2847 483 2918 ἀνύδρῳ
507 2862 522 2880 ·
559 2845 651 2898 σοῦ
693 2845 750 2899 δὲ
782 2844 1130 2915 βουλομένου,
1177 2842 1392 2906 πάντως
1417 2843 1511 2896 καὶ
1545 2840 1688 2912 ὕδωρ
1717 2842 1752 2913 ἡ

192 2941 279 3009 γῆ,
303 2941 400 2993 καὶ
439 2935 505 2992 αὖ
531 2938 690 2990 πάλιν
718 2936 790 3008 γῆ
821 2937 880 2988 τὸ
913 2935 1056 3007 ὓδωρ
1085 2936 1392 3005 γενήσεται.
1418 2931 1606 2988 Ταῦτα
1638 2933 1757 2986 ἐλε-

192 3031 280 3098 γὲν
309 3046 396 3096 τε,
425 3029 518 3081 καὶ
539 3027 718 3098 θερμά
744 3028 956 3097 δάκρυα
996 3025 1104 3081 τῶν
1127 3023 1419 3094 ὀφθαλμῶν
1455 3025 1745 3096 ἀπέρρεον.

195 3118 652 3190 Προσευξαμένων
709 3118 840 3187 γοῦν
891 3119 984 3170 καὶ
1038 3119 1117 3180 είς
1149 3117 1240 3170 τὸν
1273 3114 1500 3186 ούρανδν
1556 3113 1758 3177 εὐθέως

1863 1929 2001 1974 serta
2045 1932 2098 1974 et
2130 1923 2287 1991 plane
2337 1939 2489 1994 aquae
2526 1941 2738 1996 expers,
2765 1927 2882 1982 sitis
2912 1945 3007 1985 eos
3042 1931 3232 1985 urebat
3271 1931 3429 1985 vehe-

1862 2015 2218 2071 mentissime.
2273 2015 2347 2070 Ea
2400 2035 2520 2074 cum
2563 2020 2809 2076 viderent
2841 2024 3078 2094 graviter
3104 2026 3273 2093 premi
3314 2040 3429 2090 eos,

1863 2106 1952 2176 qui
1985 2121 2090 2160 una
2118 2109 2220 2161 iter
2248 2108 2707 2179 ingrediebantur,
2733 2121 2784 2166 et
2814 2128 2936 2166 mox
2964 2127 3084 2167 esse
3105 2115 3430 2183 defecturos,

1863 2201 1928 2253 ad
1953 2215 2141 2268 pret-es
2170 2216 2290 2255 cum
2325 2203 2550 2268 genibus
2592 2204 2765 2272 ipsum
2796 2219 2888 2258 cor
2924 2221 3138 2276 quoque
3171 2208 3435 2263 inclinan-

1867 2300 1986 2347 tes:
2020 2291 2241 2346 Domine
2281 2292 2404 2348 Jesu
2459 2294 2700 2360 Christe,
2743 2297 2883 2350 Deus
2918 2309 3117 2364 noster,
3161 2299 3432 2358 dicebant.

1864 2384 2136 2453 quietiam
2166 2385 2314 2455 prius
2338 2401 2510 2456 aquas
2536 2387 2701 2442 maris
2727 2397 2980 2457 tanquam
3013 2405 3223 2444 murum
3252 2393 3434 2447 (irinas

1863 2475 2083 2531 eﬂ'ecisti
2111 2487 2164 2532 et
2205 2479 2447 2542 stabiles,
2478 2491 2531 2534 et
2562 2496 2758 2550 aquam
2799 2495 2986 2536 rursus
3016 2481 3248 2536 etluaisli
3282 2497 3312 2535 e
3344 2499 3436 2552 pc-

1865 2577 1978 2635 tra;
2008 2568 2124 2638 ipse
2167 2585 2308 2624 nunc
2337 2585 2550 2641 quoque
2589 2586 2752 2641 super
2791 2587 2889 2627 nos
2929 2574 3168 2642 respice,
3205 2577 3433 2642 respice,

1864 2659 2106 2731 inquam,
2159 2679 2252 2717 rex
2292 2680 2305 2716 :
2345 2664 2498 2718 valde
2531 2666 2675 2719 enim
2733 2667 2883 2720 ardet
2915 2666 3095 2721 nostra
3145 2668 3343 2734 anima,
3380 2678 3447 2722 et'

1867 2754 2130 2807 currimus
2181 2753 2234 2807 in
2279 2756 2369 2808 siti
2399 2766 2561 2810 aestus
2597 2755 2648 2810 in
2690 2757 2808 2812 loco
2838 2759 2928 2828 qui
2979 2767 3062 2812 est
3105 2759 3224 2812 sine
3255 2760 3432 2828 aquis.

1868 2841 1944 2898 Te
1971 2855 2149 2899 autem
2180 2847 2410 2912 volente,
2455 2848 2675 2902 omnino
2706 2857 2760 2903 et
2793 2860 2931 2903 terra
2973 2865 3127 2919 aqua,
3162 2860 3216 2904 et
3247 2866 3434 2907 rursus

1864 2950 2002 3004 aqua
2040 2945 2181 2989 terra
2221 2935 2332 2990 (iet.
2363 2935 2484 2991 "auc
2513 2946 2566 2991 et
2593 2939 2863 3004 dicebant,
2893 2952 2945 2994 et
2970 2939 3155 2994 calida:
3183 2940 3435 3011 lacryma:

1865 3029 1944 3080 eis
1974 3026 2212 3082 ﬂuebant
2240 3045 2304 3080 ex
2337 3030 2526 3083 oculis.
2558 3028 2690 3084 Cum
2717 3032 2898 3101 itaque
2925 3045 3195 3094 orassent,
3227 3041 3280 3086 et
3305 3045 3436 3102 pro-

1871 3121 2013 3174 tinus
2057 3121 2109 3173 in
2154 3121 2350 3175 coelum
2409 3124 2804 3192 suspexissent,
2841 3140 3032 3192 purum
3078 3125 3344 3194 quoddam
3381 3130 3437 3179 et

194 3212 431 3276 ἰδόντων,
460 3209 698 3283 καθαρόν
725 3226 775 3263 τι
797 3209 947 3279 νᾶμα
973 3209 1068 3261 καὶ
1093 3205 1285 3271 δίειδὲς
1311 3206 1412 3276 τῆς
1437 3206 1606 3276 ξηρᾶς
1631 3207 1761 3260 ὲκεί-

1868 3215 2208 3279 perspicuum
2267 3213 2525 3268 ﬂuentum
2570 3231 2636 3270 ex
2684 3216 2769 3270 illa
2799 3217 2947 3271 arida
2975 3227 3026 3271 et
3067 3218 3266 3272 inculta
3293 3227 3435 3271 terra

191 3323 281 3375 νης
311 3304 410 3359 καὶ
448 3305 722 3376 ἀνημέρου
753 3305 856 3374 γῆς
883 3301 1188 3357 ἀναδίδοται
1211 3317 1224 3332 ο
1254 3293 1316 3354 οὗ
1341 3302 1432 3354 καὶ
1460 3299 1672 3363 πιόντες
1697 3299 1758 3352 τὸ

191 3397 374 3464 πιέζον
414 3398 609 3461 αὐτοὺς
638 3397 702 3451 τὸ
725 3396 876 3465 δίψος
898 3395 1210 3466 ἐκοίμισαν.

257 3487 382 3544 EH’.
411 3487 524 3557 Τῆς
558 3489 746 3558 φήμης
777 3481 873 3540 οὖν
905 3488 999 3540 καὶ
1028 3487 1141 3548 τοῖς
1190 3483 1376 3555 πόρρω
1429 3479 1762 3550 διαδοθείσης

193 3585 483 3656 συνέρρεον
534 3585 671 3652 πρὸς
718 3581 916 3642 αὐτοὺς
967 3581 1018 3633 oi.
1081 3578 1370 3648 περίοικοι,
1419 3579 1511 3632 καὶ
1543 3575 1676 3631 πολύ
1706 3591 1760 3626 τι

192 3680 393 3748 πλῆθος
412 3679 595 3740 αὐτοῖς
619 3675 830 3737 πολλοῖς
848 3674 942 3726 καὶ
965 3670 1230 3733 ποικίλοις
1261 3671 1489 3722 πάθεσιν
1516 3669 1765 3738 ἐνοχλου-

193 3773 368 3842 μένων
413 3772 736 3840 προσήγετο.
784 3765 992 3835 Ἀλλ’ή
1047 3762 1154 3816 τῶν
1186 3763 1387 3833 χειρῶν
1439 3761 1550 3830 ἁφὴ
1604 3760 1762 3829 μόνον

190 3864 410 3934 ἑκάστῳ
465 3861 560 3915 τοῦ
619 3860 822 3922 πάθους
871 3857 1081 3925 ἐγίνετο
1125 3854 1434 3924 φάρμακον.
1479 3853 1536 3906 '0
1585 3851 1762 3905 τοίνυν

193 3953 615 4026 μακαριώτατος
658 3951 886 4021 Κλήμης
918 3947 1027 4020 (ἐπ’
1061 3947 1224 4000 αὐτὸν
1256 3947 1366 4017 γάρ
1420 3945 1579 4017 μόνον
1607 3940 1764 4011 αὖθις

190 4048 468 4116 τὸνλόγον
521 4043 978 4112 ἐπαναγάγωμεν)
1017 4039 1161 4095 οὕτω
1209 4040 1440 4110 πάσχειν
1483 4037 1640 4107 eatea
1676 4037 1764 4090 διὰ

189 4138 449 4210 Χριστὸν,
473 4134 613 4189 ὥστε
649 4133 784 4206 μηδὲ
813 4132 1140 4204 ὀλιγωθῆναι
1170 4133 1291 4193 ταῖς
1320 4131 1617 4199 τιμωρίαις
1669 4127 1762 4182 τὸν

189 4231 384 4305 χρόνον
409 4227 558 4298 αὐτῷ
587 4227 686 4298 τῆς
721 4225 866 4295 ζωῆς
918 4221 1134 4293 ηὔχετο,
1158 4223 1293 4276 ἀλλά
1321 4219 1411 4275 διὰ
1443 4220 1631 4283 τέλους
1656 4235 1764 4272 πα-

190 4321 501 4394 ραταθῆναι
549 4319 618 4372 τὰ
652 4319 989 4386 σκάμματα,
1037 4315 1283 4366 Δέσποτα
1328 4312 1520 4383 Κύριε,
1569 4311 1764 4380 λέγων,

192 4415 323 4483 μόνα
388 4410 609 4491 βασιλεῦ
629 4408 737 4462 τῶν
767 4403 998 4470 αἰώνων,
1037 4405 1112 4476 μὴ
1135 4405 1416 4476 ἀναγάγῃς
1447 4421 1513 4475 με
1545 4407 1602 4458 ἐν
1636 4403 1766 4475 ήμίο

1865 3307 2150 3357 emittitur.
2182 3305 2255 3364 Ex
2284 3325 2387 3375 quo
2413 3325 2532 3360 cum
2562 3309 2845 3374 bibissent,
2878 3325 2995 3364 eam
3027 3326 3148 3381 quae
3178 3326 3271 3366 eos
3314 3327 3439 3382 pre-

1862 3399 2042 3455 mebat
2075 3399 2219 3451 sitim
2251 3402 2529 3454 sedarunt.

1931 3484 2166 3540 LXVIII.
2192 3487 2326 3540 Cum
2362 3487 2520 3558 lmjns
2549 3499 2724 3542 autem
2763 3489 2840 3544 rei
2870 3487 3010 3545 fama
3033 3490 3192 3546 etiam
3220 3495 3287 3547 ad
3318 3507 3430 3561 eos,

1863 3580 1951 3645 qui
1993 3579 2180 3648 procul
2209 3587 2366 3632 erant
2405 3579 2616 3642 remoti,
2648 3581 2996 3650 pervasisset,
3030 3585 3095 3637 ad
3129 3586 3275 3652 ipsos
3305 3600 3434 3639 con-

1861 3668 2098 3724 ﬂuebant
2130 3669 2218 3737 qui
2253 3668 2605 3724 circumcirca
2642 3670 2976 3739 habitabant,
3025 3683 3078 3728 et
3109 3690 3300 3742 magna
3338 3676 3436 3729 ho.-

1863 3760 2068 3815 minum
2096 3760 2406 3826 multitudo,
2439 3761 2531 3831 qui
2561 3761 2740 3816 multis
2764 3772 2820 3818 et
2849 3763 3012 3818 variis
3046 3765 3249 3820 tnorbis
3279 3780 3435 3819 vexa-

1862 3852 2080 3917 bantur,
2112 3852 2178 3906 ad
2212 3867 2306 3907 eos
2344 3851 2732 3906 adducebatur.
2786 3853 3038 3909 Ilanuum
3077 3864 3254 3908 autem
3287 3856 3433 3912 solus

1863 3954 2145 4001 contactus
2189 3943 2291 3999 fuit
2355 3944 2646 4014 unicuique
2719 3944 2890 3999 morbi
2960 3946 3430 4004 medicamentum.

1863 4039 2212 4093 Beatissimus
2251 4051 2380 4106 ergo
2425 4034 2677 4092 Clemens
2724 4036 2827 4107 (ad
2867 4037 3040 4108 ipsum
3073 4039 3216 4091 enim
3259 4039 3432 4092 solum

1864 4148 2056 4186 rursus
2105 4129 2400 4186 revertitur
2448 4129 2658 4200 oratio)
2715 4139 2934 4199 propter
2985 4129 3262 4186 Christum
3322 4130 3435 4201 pati

1863 4223 1999 4277 adeo
2022 4222 2254 4284 sitiebat,
2289 4231 2344 4276 ut
2374 4234 2470 4275 nec
2500 4220 2623 4274 vita:
2641 4221 2858 4290 quidem
2879 4235 2990 4279 suae
3023 4231 3230 4292 tempus
3255 4231 3436 4282 oraret

1867 4314 2034 4368 minui
2084 4313 2381 4384 suppliciis,
2417 4313 2512 4367 sed
2557 4312 2673 4381 ejus
2709 4324 2860 4384 septa
2889 4315 3106 4369 extendi
3137 4325 3420 4385 perpetuo:

1865 4406 2111 4470 Domine,
2135 4407 2342 4470 dicens,
2366 4406 2457 4477 qui
2488 4419 2547 4458 es
2571 4404 2720 4460 solus
2764 4420 2860 4461 rex
2887 4407 3228 4472 saeculorum,
3253 4422 3322 4464 ne
3349 4419 3435 4467 me

193 4521 273 4558 σει
302 4503 421 4557 τῶν
449 4499 673 4573 ἡμερῶν
706 4516 829 4570 μου,
858 4499 971 4561 τοῖς
1004 4497 1387 4567 καθημερινοῐέ
1415 4495 1624 4560 τούτοις
1651 4511 1761 4550 κιν-

1868 4498 2155 4553 abduxeris
2199 4497 2254 4556 in
2299 4498 2522 4552 dimidio
2549 4495 2761 4552 dierum
2813 4511 3082 4565 ineorum,
3134 4499 3217 4552 his
3255 4498 3435 4570 quoti.

189 4595 368 4660 δύνοις
397 4560 884 4662 ἀπαγορεύσαντα·
905 4560 1041 4644 ἀλλὰ
1069 4560 1354 4660 παράσχου
1382 4603 1472 4659 μοι
1496 4587 1572 4657 τῷ
1587 4587 1761 4660 ἁμαρε

1868 4591 2043 4646 dianis
2071 4590 2340 4645 defessum
2385 4589 2642 4658 periculis
2671 4589 2804 4644 :sed
2851 4560 3092 4660 praebeas
3127 4560 3289 4648 mihi-
3311 4603 3435 4658 pec.

187 4688 347 4758 τωλῷ
375 4685 510 4757 παρ’
539 4684 668 4755 ὃλην
709 4699 808 4754 μου
837 4681 936 4751 τὴν
966 4681 1112 4750 ζωὴν
1142 4679 1286 4748 ὑπὲρ
1311 4676 1404 4731 τοῦ
1432 4677 1527 4732 σοῦ
1560 4677 1768 4748 ὀνόμα-

186 4797 276 4842 τος
304 4779 410 4832 καὶ
433 4776 531 4848 τῆς
563 4775 660 4846 σῆς
693 4771 982 4844 ὁμολογίας
1015 4771 1196 4826 πάντα
1227 4769 1442 4833 παθεῖν,
1483 4767 1576 4824 καὶ
1629 4765 1770 4823 αὐτά

189 4891 273 4926 σοι
303 4869 620 4926 καταθῦσαι
667 4867 735 4920 τὸ.
765 4864 926 4938 μέλη,
959 4863 1035 4928 ὡς
1065 4863 1132 4917 ἂν
1156 4863 1310 4933 ,μετά
1345 4859 1588 4924 πλείονος
1625 4860 1768 4914 ἀπο-

185 4965 341 5020 λάϐω
369 4962 536 5018 πάλιν
573 4958 713 5014 αὐτὰ
759 4957 860 5028 τῆς
887 4954 1297 5028 λαμπρότητος.
1329 4952 1512 5007 Ταῦτα
1542 4950 1678 5023 ὁμοῦ
1707 4967 1768 5005 τε

188 5058 421 5130 ηῠξατο,
452 5055 546 5108 καὶ
583 5051 762 5122 φωνῆς
791 5048 998 5104 ἄνωθεν
1025 5047 1227 5109 εὐθέως
1257 5044 1474 5100 ἀκούειν
1502 5043 1662 5114 ἐῴκει
1685 5058 1698 5072 ·
1733 5045 1766 5113 η

188 5151 348 5220 φωνὴ
380 5147 442 5201 δὲ
469 5141 537 5216 ἦν
555 5163 568 5176 ο
596 5145 776 5214 ’Ἀπερ
807 5143 1016 5215 ᾐτήσω,
1051 5140 1271 5212 Κλήμη,
1299 5137 1394 5192 νῦν
1427 5136 1633 5190 δέδοταί
1659 5151 1765 5188 σοι.

191 5244 382 5315 Ἰσχυε
431 5241 528 5296 καλ⁸
573 5235 896 5309 ἐνδυναμοῦ,
923 5235 1016 5290 καὶ
1044 5235 1135 5288 τὸν
1163 5233 1364 5304 δρόμον
1389 5231 1559 5293 ὅντως
1605 5226 1766 5297 τρέχε

185 5339 278 5395 τὸν
304 5341 414 5410 τῆς
463 5335 741 5408 ἀθλήσεως
763 5349 777 5362 ·
808 5334 837 5386 ὁ
868 5332 976 5394 πᾶς
1006 5329 1115 5399 γάρ
1145 5344 1230 5381 σοι
1257 5327 1353 5398 τῆς
1380 5324 1526 5394 ζωῆς
1554 5322 1767 5377 ὑπόλοι-

188 5452 291 5497 πος
317 5432 537 5504 χρόνος,
593 5428 732 5498 μετά
762 5443 825 5494 γε
846 5425 952 5480 τῶν
981 5425 1083 5497 ήδη
1109 5425 1174 5494 τῇ
1213 5421 1439 5492 ἀθλήσει
1473 5419 1766 5490 διηνυσμέ-

194 5549 300 5585 νων
328 5532 416 5595 είς
448 5527 595 5584 ὀκτὼ
639 5530 734 5585 καὶ
761 5527 964 5584 εἴκοσιν
990 5525 1085 5599 ἐτη
1113 5523 1190 5596 τῷ
1225 5521 1508 5597 μαρτυρίῳ
1530 5517 1768 5589 ἀριθμη-

189 5620 446 5692 θήσεται.

1866 4681 2034 4736 calori
2066 4696 2159 4751 per
2179 4689 2343 4735 totam
2374 4694 2492 4734 eam
2538 4681 2701 4734 vitam
2741 4680 2920 4735 omnia
2949 4680 3056 4748 pati
3089 4693 3184 4752 pro
3215 4689 3308 4732 tuo
3337 4693 3435 4732 no.

1865 4772 2013 4829 mine
2059 4781 2114 4826 et
2159 4781 2247 4826 tua
2277 4770 2641 4835 confessione,
2673 4780 2727 4825 et
2773 4770 2857 4828 vel
2905 4771 3016 4838 ipsa
3067 4769 3160 4824 tibi
3189 4771 3431 4830 membra

1866 4862 2205 4928 sacriﬁcare,
2265 4872 2322 4915 ut
2375 4877 2437 4916 ea
2494 4876 2682 4916 rursus
2734 4861 2996 4930 accipiam
3056 4876 3179 4915 cum
3235 4862 3434 4932 majori

1867 4957 2172 5030 splendore.
2207 4955 2330 5011 Ha’c
2353 4955 2513 5009 simul
2545 4970 2606 5008 ac
2629 4964 2882 5024 precatus
2910 4963 3016 5014 est,
3045 4957 3193 5009 visus
3227 4963 3308 5010 est
3331 4956 3437 5018 sib:

1872 5065 2060 5104 vocem
2085 5050 2268 5103 audire
2291 5062 2357 5101 ex
2386 5047 2515 5112 alto,
2552 5046 2814 5100 dicentem
2846 5063 2859 5099 :
2889 5045 3019 5112 Quae
3049 5047 3270 5114 petiisti,
3316 5045 3438 5101 Cle.

1873 5156 2050 5208 mens,
2090 5155 2153 5196 ea
2185 5156 2324 5195 nunc
2351 5139 2444 5194 tibi
2491 5138 2616 5193 data
2656 5149 2799 5193 sunt.
2830 5136 2905 5192 Te
2937 5137 3156 5191 fortiter
3198 5151 3344 5206 gere,
3383 5147 3439 5201 es

1874 5242 1992 5288 tnas
2023 5231 2166 5285 vires
2189 5229 2470 5294 conllrma,
2496 5239 2552 5284 et
2585 5228 2898 5284 certaminis
2925 5241 3143 5282 cursum
3180 5237 3436 5283 constano

1875 5336 1956 5382 ter
1997 5324 2224 5380 conﬁce.
2269 5321 2590 5379 Universum
2626 5322 2770 5376 enim
2808 5321 2950 5390 quod
2980 5319 3075 5378 tibi
3120 5329 3289 5375 restat
3316 5319 3440 5376 vitat

1874 5428 2109 5488 tempus,
2158 5431 2279 5472 cum
2332 5416 2421 5480 iis,
2489 5429 2607 5483 quae
2664 5414 2916 5467 certando
2965 5413 3078 5482 jam
3123 5428 3150 5466 a
3217 5422 3267 5465 te
3314 5417 3441 5470 sunt

1882 5521 2101 5585 peracta
2123 5551 2139 5579 ,
2159 5509 2529 5567 numerabitur
2561 5507 2628 5563 ad
2661 5507 2843 5582 viginti
2873 5516 2928 5561 et
2951 5517 3072 5561 octo
3099 5520 3266 5561 annos
3299 5517 3442 5557 mar-

1880 5606 2028 5677 tyrii.
