3832 6528
186 447 292 516 955

1417 441 1698 518 MENSIS
1731 456 2194 521 nummus.

3323 456 3430 521 856

185 545 326 619 'rnris
372 565 607 618 tenebrae
640 566 809 635 usque
847 565 982 621 adeo
1011 570 1207 622 crassa.I
1251 582 1372 624 eum
1417 567 1752 632 detinebant,

1871 571 1955 628 τοῦ
1988 571 2246 626 καθίκετο
2279 570 2352 634 ὡς
2410 559 2544 640 μηδέ
2579 571 2816 650 συνεῖναι
2859 568 3033 624 ταῦτα
3063 567 3261 630 ίδόντα,
3297 567 3428 638 μηδὲ

187 659 244 705 ιιι
285 654 383 709 nec
423 659 546 709 cum
593 670 653 710 ea
701 656 914 725 quidem
967 659 1211 725 vidisset,
1269 658 1612 728 intelligeret,
1653 674 1752 714 nec

183 739 479 800 bestiarum
513 745 705 800 saltem
746 754 1082 804 revereretur
1115 749 1257 804 illam
1292 766 1452 823 supra
1500 757 1750 805 naturam

183 837 556 893 mutationem.
588 837 802 897 Sanctis
832 849 1008 896 autem
1046 857 1107 895 ea
1143 857 1229 898 res
1257 843 1356 897 fuit
1391 858 1551 897 causa
1582 842 1750 896 Deum

181 927 549 996 gloriﬁcandl,
618 937 672 985 'et
728 935 943 989 erantés
1006 935 1304 990 dicebant:
1375 935 1558 990 Gloria
1614 933 1748 999 tibi,

181 1020 418 1086 Christe,
443 1023 586 1092 “quad
622 1023 747 1078 rem
786 1041 998 1096 quoque
1025 1028 1135 1082 sint
1160 1043 1257 1082 nos
1286 1015 1671 1082 admirabiliter
1697 1033 1748 1082 et

178 1124 378 1184 praeter
397 1114 709 1183 Opinionem
745 1119 1006 1183 re'veritrc,
1034 1129 1088 1174 et
1110 1121 1439 1174 conﬁrmasti
1467 1135 1586 1189 quae
1604 1120 1747 1176 dicta

176 1213 305 1260 sunt
326 1205 422 1276 per
460 1207 609 1261 tuhm
645 1205 912 1264 Dani‘elem
941 1211 1258 1281 prophetam
1290 1213 1332 1268 '.
1358 1198 1496 1266 Ecce
1532 1211 1673 1265 enim
1697 1219 1752 1265 et

177 1298 363 1354 leones
389 1310 443 1354 et
468 1301 648 1354 multa:
676 1301 937 1358 immanes
975 1301 1099 1359 lerzc
1127 1305 1180 1358 in
1204 1319 1301 1360 nos
1323 1313 1447 1359 sunt
1471 1303 1747 1367 immissae,

176 1388 273 1443 sed
323 1398 376 1443 tu
410 1390 632 1445 omnino
663 1384 810 1445 luisti
861 1391 1160 1459 nobiscum,
1188 1394 1276 1464 qui
1311 1404 1372 1449 es
1412 1393 1572 1448 etiam
1605 1378 1748 1446 ﬁcus

179 1478 436 1538 Danielis.

247 1603 478 1662 XLVIII.
520 1608 721 1664 Deinde
767 1624 892 1666 vere
941 1611 1168 1682 agrestis
1216 1610 1564 1682 Agrippinus,
1624 1625 1747 1675 eum

175 1691 331 1760 hihil,
384 1705 441 1752 ut
481 1698 630 1773 prius
664 1698 934 1767 diximus,
979 1710 1125 1756 esset
1163 1709 1433 1767 mutatus;
1471 1701 1563 1754 sed
1595 1698 1747 1769 ejus,

175 1788 316 1854 quod
357 1789 744 1846 admirabiliter
774 1791 1030 1848 fecissent
1082 1793 1289 1857 bestiae,
1323 1803 1374 1848 et
1413 1803 1608 1864 praeter
1633 1793 1751 1864 Opi-

173 1878 411 1942 nionem,
453 1895 636 1936 earnm
682 1884 1146 1938 mansuetudinem
1193 1883 1417 1939 dixisset
1456 1899 1575 1939 esse
1614 1899 1746 1938 cau-

177 1919 411 1942 ...-..-...,
453 1919 636 1936 cum...
682 1919 1146 1938 ......,οι.υ...ι....υ...
1193 1919 1417 1939 υιδιιῡδυι
1456 1919 1575 1939 esse
1614 1919 1746 1938 ιιι..-

175 1972 484 2042 sam,jnbet
512 1973 732 2028 subulas
765 1974 922 2030 valde
960 1976 1254 2031 candentes
1305 1976 1383 2029 eis
1412 1990 1508 2046 per
1543 1975 1750 2030 medios
1782 1919 1830 2007 ἒ

176 2065 461 2134 utriusque
497 2081 687 2122 manus
738 2069 970 2138 digitos,
1022 2069 1088 2123 ad
1177 2069 1322 2138 ipsas
1375 2082 1547 2138 usque
1595 2068 1750 2122 ulnas

181 2154 352 2224 inﬁgi.
383 2153 564 2225 Atque
595 2156 698 2210 illa:
735 2158 975 2225 quidem,
1014 2169 1074 2211 ut
1116 2157 1205 2211 ille
1233 2157 1503 2228 jusserat,
1537 2155 1753 2212 athletis

180 2246 410 2312 adactae,
455 2247 670 2302 theatro
721 2249 972 2303 acerbum
1021 2248 1300 2319 prmbnere
1349 2249 1750 2321 spectaculum,

179 2345 240 2391 ut
268 2339 418 2415 multi
447 2352 514 2393 ne
543 2322 714 2394 libere
745 2339 960 2416 quidem
993 2341 1192 2397 intueri
1226 2350 1469 2411 possent,
1504 2343 1597 2398 sed
1625 2356 1753 2412 pro-

179 2426 304 2506 pter
333 2429 606 2485 tristitiam
638 2431 793 2507 ejus,
828 2432 970 2502 quod
1015 2434 1360 2500 cernebatur,
1403 2433 1654 2488 humanis
1699 2440 1754 2488 et

181 2520 538 2576 clementibus
568 2523 928 2597 conniverent
970 2524 1160 2592 oculis,
1194 2525 1438 2582 elIeccre.
1476 2525 1608 2580 Cum
1645 2527 1756 2595 pri-

183 2627 328 2665 nmm
372 2611 513 2666 enim
558 2611 759 2668 ferrum
808 2629 1004 2671 carnes
1045 2617 1332 2688 attigisset,
1381 2617 1484 2672 illae
1537 2618 1750 2688 quidem

181 2700 346 2757 'Veluti
381 2703 667 2772 quemdam
699 2704 929 2776 primum
961 2721 1174 2777 gravem
1230 2708 1444 2763 sibilum
1487 2709 1751 2773 emisere;

181 2794 377 2850 deinde
394 2810 664 2866 purpurea
689 2799 933 2868 quaedam
962 2799 1230 2871 pinguedo
1253 2801 1403 2857 illinc
1423 2801 1757 2856 descendens

181 2888 308 2940 lcum
341 2885 624 2956 sanguine,
655 2887 938 2944 videbatur
969 2891 1074 2944 vim
1112 2891 1248 2962 ignis
1272 2891 1640 2961 exstinguere,
1673 2891 1758 2944 ni-

191 2979 432 3048 ‘doreque
452 2989 506 3034 et
525 2978 673 3034 fumo
698 2981 953 3051 implebat
974 2997 1176 3040 aerem.
1211 2981 1385 3053 Atque
1414 2983 1488 3038 illi
1519 2984 1758 3053 quidem,

183 3071 278 3140 qui
317 3073 559 3136 aderant,
590 3071 707 3143 ejus
744 3073 884 3141 quod
921 3073 1081 3130 ﬁebat
1109 3091 1250 3146 aegre
1285 3077 1520 3132 ferentes
1550 3075 1762 3131 acerbi-

184 3154 378 3229 tatem,
403 3175 455 3217 et
484 3163 654 3218 animi
678 3165 1145 3234 perturbationem
1170 3178 1355 3237 aperte
1380 3169 1757 3233 ostendebant,

1851 665 1968 718 τῶν
1997 661 2180 735 θηρῶν
2206 663 2336 732 γοῦν
2367 662 2684 733 αίδεσθῆναι
2730 663 2830 732 τὴν
2861 661 3003 732 ύὲιέρ
3032 660 3194 729 φύσιν
3216 659 3430 730 ἐκείνην

1850 759 1948 827 τῆς
1985 757 2200 826 φύσεως
2259 754 2582 826 μεταϐολήν.
2636 751 2765 817 Τοῖς
2813 752 2992 821 ἁγίοις
3043 751 3101 806 δέ
3155 750 3431 822 πρόφασις

1851 850 2048 918 γέγονε
2103 847 2204 916 τῆς
2259 847 2338 909 εἰς
2387 845 2519 898 Θεὸν
2553 843 2863 911 δοξολογίας
2915 842 2975 894 τὸ
3031 843 3286 911 πρᾶγμα,
3337 838 3429 893 καὶ

1852 939 2316 1012 προσευχόμενοι,
2355 937 2492 1004 Δόξα
2546 953 2652 1000 σοι,
2707 932 2934 1006 Χριστὲ,
2964 931 3173 999 ἐλεγον,
3222 930 3306 983 ὅτι
3337 927 3429 982 καὶ

1852 1018 2023 1102 θῆρες
2045 1032 2193 1101 ἡμᾶς
2215 1028 2529 1099 παραδόξως
2557 1024 2878 1097 ᾐδέσθησαν,
2913 1022 3009 1077 καὶ
3050 1021 3137 1076 διὰ
3180 1019 3291 1073 τῶν
3325 1035 3424 1072 τας

1852 1123 2060 1177 πεινῶν
2077 1125 2109 1192 ἡ
2120 1122 2236 1190 μῶν
2262 1120 2331 1174 τὰ
2358 1119 2499 1174 κατὰ
2536 1118 2627 1171 τὸν
2656 1117 2746 1170 σὺν
2770 1118 3056 1186 προφήτην
3079 1111 3280 1182 Δανιὴλ
3307 1111 3427 1164 ἐπι-

1852 1215 2048 1271 στώσω
2073 1234 2086 1247 ο
2126 1215 2234 1268 ίδοὺ
2261 1215 2367 1283 γὰρ
2412 1196 2507 1266 καλ
2537 1211 2751 1275 λέοντες
2781 1209 2901 1265 καθ’
2930 1211 2963 1279 ἡ
2973 1207 3090 1277 μῶν
3122 1209 3218 1260 καὶ
3258 1203 3427 1258 πολλά

1848 1310 1958 1361 τῶν
2026 1305 2317 1378 ἀνημέρων
2365 1291 2562 1373 ἀφείθη
2609 1288 2836 1374 θηρίων,
2891 1298 3026 1353 ἀλλὰ
3103 1297 3169 1352 σὺ
3211 1296 3426 1358 πάντως

1848 1380 1916 1469 ἧς
1943 1397 2066 1469 μεθ’
2083 1396 2242 1468 ἡμῶν
2271 1398 2302 1450 ό
2323 1395 2418 1450 καὶ⁸
2443 1394 2536 1450 τοῦ
2565 1393 2762 1464 Δανιὴλ
2781 1380 2934 1455 Θεόςε

1924 1622 2062 1674 MH’.
2101 1617 2233 1672 Εἶτα
2255 1617 2283 1671 ό
2334 1617 2522 1686 ἄγριος
2569 1613 2801 1684 τάληθὲς
2847 1611 3206 1682 Ἀγριππῖνος
3250 1605 3425 1668 οὐδὲν,

1852 1709 2198 1779 ὥσπερέφθη
2207 1721 2306 1779 μεν
2341 1707 2606 1772 εἰπόντες,
2647 1701 2967 1776 μεταϐαλὼν
2988 1742 3005 1768 ,
3041 1700 3178 1754 ἀλλὰ
3200 1699 3297 1770 τῆς
3321 1699 3429 1749 τῶν

1857 1800 2041 1871 θηρῶν
2065 1799 2524 1871 παραῡοευποιίας
2547 1797 2624 1850 τδ-
2641 1794 2928 1868 χειρόηθες
2946 1792 3127 1848 αὐτῶν
3158 1791 3251 1844 καὶ
3277 1787 3429 1840 τιθα-

1859 1894 1948 1948 σὸν
1989 1893 2164 1947 αἴτιον
2187 1889 2444 1958 γενέσθαι
2476 1888 2876 1959 φθεγξάμενος,
2932 1885 3146 1939 κελεύει
3199 1879 3430 1942 σούσλας

1861 1983 2098 2056 ἰσχυρῶς
2124 1983 2265 2050 ἄγαν
2288 1983 2426 2035 ἐκπυ
2437 1981 2698 2053 ρωθείσας
2724 1980 2816 2034 διὰ
2844 1978 3008 2051 μέσον
3029 1977 3214 2038 αὐτοῖς
3243 1970 3432 2026 ἐκατέ-

1859 2078 1958 2145 ρας
2005 2074 2186 2145 χειρὸς
2233 2072 2344 2127 τῶν
2400 2071 2679 2126 δακτύλων
2717 2071 2879 2141 ἄχρις
2939 2066 3205 2137 ἀγκώνων
3257 2061 3432 2116 αὐτῶν

1855 2168 2190 2239 ἐμπαρῆναι.
2211 2157 2380 2218 Αῧται
2411 2165 2509 2236 μὲν
2531 2163 2644 2230 οὖν,
2667 2163 2742 2226 ὼς
2769 2164 2976 2223 ἐκεῖνος
3002 2158 3308 2220 ἐκέλευσεν,
3339 2155 3434 2207 ἐπ-

1856 2261 2160 2332 ενεχθεῖσαι
2195 2260 2309 2321 τοῖς
2341 2258 2628 2328 ἀθληταῖς,
2664 2256 2870 2326 πικράν
2897 2261 3021 2308 τινα
3044 2250 3327 2322 διατριϐὴν
3357 2245 3434 2317 τῷ

1859 2353 2070 2423 θεάτρῳ
2094 2352 2377 2422 παρεῖχον,
2409 2348 2637 2410 πολλοὺς
2671 2347 2727 2400 δέ
2759 2346 2892 2416 μηδέ
2914 2345 3050 2416 ὁρᾷν
3087 2341 3432 2411 ἐλευθερίωςς

1859 2444 2246 2513 ἀλλ’ἐπιμύειν
2277 2440 2355 2511 τῷ
2399 2437 2711 2510 σκυθρωπῷ
2740 2435 2833 2490 τοῦ
2861 2436 3133 2506 θεάματος
3171 2432 3280 2486 τῶν
3313 2430 3434 2504 φιλ-

1859 2533 2162 2608 ανθρώπων
2185 2530 2482 2602 ὀφθαλμῶν
2515 2527 2951 2600 παρεσκεύαζον.
2987 2524 3293 2596 Ἀψαμένου
3327 2522 3436 2593 γὰρ

1859 2629 2022 2691 εὐθὺς
2044 2627 2154 2682 τῶν
2185 2625 2402 2696 σαρκῶν
2431 2622 2525 2676 τοῦ
2556 2622 2797 2691 σιδήρου,
2832 2617 3002 2673 δεινὸν
3031 2615 3130 2687 μὲν
3162 2617 3346 2668 ἐκεῖνα
3371 2612 3438 2667 τὰ

1860 2716 2054 2787 πρῶτα
2097 2712 2364 2784 συριγμὸν
2418 2710 2608 2780 ῶσπερ
2662 2709 2932 2780 ἠφίεσανο
2984 2702 3104 2760 εἶτα
3131 2703 3439 2774 πορφύρεός

1859 2826 1945 2872 τις
1973 2807 2184 2861 ἐκεῖθεν
2209 2803 2413 2875 πιμελὴ
2443 2803 2540 2856 σὺν
2565 2803 2758 2873 αἵματι
2782 2800 3048 2855 κατιοῦσα
3077 2795 3356 2852 σόεννύειν
3377 2797 3436 2849 τὰ

1859 2899 1957 2955 τοῦ
1983 2899 2156 2971 πυρός
2207 2894 2370 2968 ἐῴκει
2403 2895 2502 2966 τὴν
2535 2893 2788 2964 δύναμιν,
2846 2891 2942 2944 καὶ
2977 2891 3208 2961 κνίσσης
3243 2886 3440 2958 μεστὸν

1863 2993 1956 3048 καὶ
1978 2989 2188 3045 καπνοῦ
2232 2989 2323 3042 τὸν
2379 2987 2518 3058 ἀέρα
2561 2985 2756 3040 ἐποίει.
2795 2985 2860 3038 Οί
2898 2983 2994 3054 μὲν
3028 2979 3123 3036 οὖν
3176 2980 3439 3050 παρόντες

1863 3083 2142 3155 δυσχερῶς
2180 3080 2397 3151 ἔχοντες
2439 3079 2575 3150 πρὸς
2606 3081 2705 3149 τὴν
2737 3077 2966 3148 πικρίαν
3011 3075 3104 3128 τοῦ
3132 3071 3439 3142 γινομένου,

1865 3175 1961 3228 καὶ
2004 3172 2237 3244 φανερὸν
2280 3171 2499 3226 ἐποίουν
2549 3170 2608 3223 τδ
2649 3168 2843 3232 πάθος,
2881 3166 2976 3220 καὶ
3015 3165 3285 3234 ἆφεθῆναι
3316 3160 3441 3224 τοὺς

184 3260 246 3307 ‘et
277 3265 334 3310 ut
361 3255 461 3308 viri
496 3253 916 3322 dimitterentur,
949 3258 1273 3314 clamabant.
1311 3261 1637 3331 Agrippinus
1665 3277 1760 3314 au-

1871 3264 2064 3336 ἄνδρας
2093 3263 2282 3317 ἐϐόων.
2324 3262 2384 3316 '0
2415 3261 2766 3332 ’Λγριππῖνος
2791 3258 2850 3312 δέ
2880 3255 3214 3328 περιφλεγὴς
3243 3250 3442 3350 μᾷλλυν

187 3340 300 3400 ’tem
351 3345 522 3417 magis
586 3352 870 3416 accensus,
921 3358 976 3405 et
1029 3361 1247 3421 propter
1290 3350 1525 3407 furorem
1591 3351 1763 3421 impos

1871 3357 1963 3413 καὶ
1995 3356 2214 3430 ἔκφρων
2245 3357 2314 3426 τῇ
2343 3353 2513 3426 μανία
2542 3353 2852 3422 γενόμενος,
2907 3349 3002 3403 καὶ
3041 3347 3208 3408 ἄλλας
3234 3342 3444 3400 κελεύει

188 3436 415 3500 amntis.
440 3439 590 3505 jubet
617 3439 751 3495 alias
788 3439 1032 3505 subulas,
1080 3449 1136 3496 et
1165 3442 1310 3512 ipsas
1343 3455 1558 3514 quoque
1598 3443 1764 3498 vehe-

199 3539 404 3588 menter
452 3546 740 3602 acccnsss,
787 3533 887 3588 sub
918 3548 1106 3588 eorum
1149 3535 1328 3590 axillis
1359 3550 1527 3604 usque
1569 3534 1637 3590 ad
1666 3537 1767 3590 hu-

191 3629 376 3680 tneros
427 3624 668 3696 transﬁgi
706 3622 894 3695 :quod
946 3624 1160 3696 qtu'dem
1210 3624 1290 3680 eis
1339 3641 1550 3696 quoque
1599 3627 1769 3695 magis

191 3716 350 3772 auxit
375 3716 637 3784 dolorem,
663 3726 719 3773 et
760 3717 840 3772 cis
892 3731 1107 3774 sensum
1142 3714 1298 3788 longe
1341 3717 1567 3773 immisit
1597 3718 1771 3772 acrio-

197 3825 311 3865 Telll
323 3850 336 3864 .

272 3928 459 3996 XLlX.
517 3940 754 4012 Populus
786 3940 967 4012 itaque
1011 3942 1120 3997 'tion
1151 3940 1330 3997 ferens
1374 3947 1480 3997 tam
1525 3937 1774 3998 inhuma-

194 4036 327 4088 'nut‘n
358 4033 748 4103 spectaculum,
794 4035 888 4088 sed
941 4034 1136 4103 partim
1161 4034 1376 4104 quidem
1409 4035 1646 4105 gratuler
1694 4033 1772 4089 le-

196 4124 326 4180 ‘ren’s
381 4125 730 4194 magistratus
787 4124 1090 4189 saevitiam,
1137 4126 1338 4193 purtim
1396 4128 1573 4180 autem
1627 4123 1768 4192 judi-

194 4230 333 4273 cans
371 4216 693 4274 admirabile
739 4217 790 4273 id
841 4219 984 4286 quod
1039 4218 1238 4272 factum
1271 4215 1468 4283 l'tterat,
1517 4215 1777 4288 Quemad-

200 4311 421 4364 modum
478 4315 744 4380 martyres
801 4312 966 4365 tantis
1011 4310 1313 4364 restiteri'nt
1370 4305 1690 4375 iiisult;bus,
1723 4311 1778 4365 e‘t

197 4400 310 4458 hon
339 4411 442 4457 una
471 4411 592 4456 cum
623 4403 702 4458 eis
725 4403 973 4472 prounus
994 4417 1214 4473 quoque
1243 4401 1454 4457 animas
1471 4403 1774 4470 emiserint,

201 4499 448 4580 iecerunt
479 4496 694 4567 quidem
737 4497 976 4567 undique
1020 4497 1223 4568 lapides
1265 4497 1319 4552 in
1357 4496 1773 4567 magistratum:

205 4587 449 4658 Magnus,
471 4601 673 4654 autem,
695 4598 778 4643 est
806 4589 945 4644 Deus
978 4589 1438 4654 Christianorum,
1457 4604 1589 4646 voce
1614 4604 1774 4658 quam

202 4678 495 4750 potin-runt
559 4679 862 4736 clarissima
917 4675 1307 4736 clamaverunt.
1357 4678 1497 4736 ’Cum
1554 4689 1781 4751 magnus

205 4777 410 4843 itaque,
444 4783 502 4826 ut
527 4782 610 4828 est
652 4777 1074 4828 coiiscnta‘neum
1095 4815 1110 4841 ,
1143 4776 1364 4830 exortus
1402 4783 1548 4830 esset
1578 4765 1783 4828 tantul-

204 4869 316 4930 “tus,
348 4875 397 4918 et
428 4865 710 4935 prmfectns
734 4880 844 4920 sua:
867 4865 1023 4920 saluti
1057 4867 1179 4937 fuga
1206 4865 1584 4932 consuluisset,
1614 4866 1784 4924 libere

202 4967 265 5010 ἰιι
319 4972 509 5012 secure
543 4959 811 5028 't'nart‘yres
878 4959 930 5012 in
973 4964 1206 5014 montem
1257 4959 1540 5030 Pyramida
1592 4975 1783 5018 ascen-

203 5051 426 5114 ‘dernnt,
460 5050 512 5104 in
552 5049 660 5116 quo
698 5057 761 5104 'et
787 5050 1054 5104 sac’rilicia
1091 5051 1287 5104 ﬁebant
1318 5068 1344 5104 a
1374 5044 1683 5122 gentilibus,
1729 5062 1783 5110 et

204 5144 432 5194 deorum
473 5137 611 5212 apud
661 5152 755 5197 eos
809 5141 1102 5214 insignium
1148 5141 1560 5198 occultabantur
1607 5146 1778 5200 simu-

205 5230 376 5288 lncra.

283 5343 346 5399 L.
391 5343 496 5398 Sed
539 5341 611 5396 'ne
645 5342 724 5397 sic
766 5343 980 5412 quidem
1014 5342 1173 5398 irasci
1209 5341 1365 5398 desiit
1407 5344 1776 5420 Agrippiuus:

205 5436 309 5490 ’sed
341 5450 460 5487 cum
485 5449 581 5504 per
601 5450 726 5490 suos
748 5434 1003 5491 satellites
1026 5436 1118 5490 eos
1135 5434 1330 5490 multos
1358 5436 1472 5490 dies
1492 5435 1783 5503 diligenter

207 5525 542 5592 ‘qumsiissct,
593 5525 679 5579 vix
710 5513 924 5580 tandem
975 5525 1176 5580 invenit
1217 5526 1433 5580 sanctos
1479 5543 1493 5578 :
1547 5536 1600 5580 et
1660 5542 1781 5582 cum

205 5615 464 5687 ‘scqucnti
509 5615 597 5671 die
624 5615 873 5686 iussisset
925 5631 1021 5686 per
1054 5631 1354 5688 praeconem
1404 5617 1697 5674 Convenire
1732 5617 1784 5672 in

209 5704 454 5762 \‘nontem
480 5721 668 5762 omnes
693 5707 784 5778 qui
814 5720 968 5767 erant
995 5709 1188 5766 initiati
1219 5710 1319 5767 diis
1350 5719 1404 5767 et
1431 5705 1782 5776 dazmonibus,

276 5863 306 5914 δ’
331 5883 546 5954 (latim,
575 5891 775 5944 01sz

1870 3448 2099 3512 σούὸλας
2137 3447 2279 3500 πάνυ
2336 3444 2544 3516 σφόδρα
2580 3443 2676 3496 καὶ
2705 3441 2875 3500 αὑτὰς
2926 3438 3275 3511 πυρωθείσας
3298 3476 3316 3501 ,
3343 3433 3446 3490 ὑπὸ

1867 3543 1985 3606 ταῖς
2013 3539 2313 3612 μασχάλαις
2347 3536 2527 3592 αὐτῶν
2560 3536 2689 3606 ἄχρι
2712 3534 2806 3588 καὶ
2834 3533 3000 3604 ὤμων
3023 3530 3384 3602 διαπαρῆναιο
3417 3523 3447 3579 1

1867 3635 1934 3707 δὴ
1965 3631 2061 3688 καὶ
2087 3631 2287 3702 μᾶλλον
2305 3630 2489 3691 αὐτοῖς
2511 3628 2756 3680 ἐπέτεινε
2779 3625 2876 3697 τῆν
2907 3623 3120 3694 όδύνην,
3151 3621 3246 3676 καὶ
3267 3617 3447 3691 πολλῷ

1869 3724 2205 3798 δριμυτέραν
2239 3721 2400 3794 ἐνῆκε
2428 3719 2529 3793 τὴν
2563 3718 2836 3792 αἴσθησιν.

1943 3940 2079 3998 ΜΘ¹.
2122 3941 2180 3997 Ὀ
2205 3943 2375 4014 δῆμος
2402 3939 2584 3995 τοίνυν
2612 3939 2977 4010 ἀπάνθρωπον
3013 3925 3136 4009 ὄψιν
3163 3923 3265 3991 ούκ
3293 3936 3443 4002 ἐνεγ-

1873 4035 2082 4101 κόντες,
2117 4033 2254 4088 ἀλλὰ
2285 4034 2446 4087 τοῦτο
2474 4032 2575 4103 μέν
2605 4031 2742 4101 πρὸς
2765 4032 2862 4101 τὴν
2893 4029 3197 4099 ἀγριότητα
3224 4025 3318 4079 τοῦ
3348 4026 3444 4094 ἄρ·

1873 4141 2063 4196 κοντος
2081 4123 2509 4196 χαλεπήναντες,
2539 4119 2702 4176 τοῦτο
2742 4121 2798 4174 δέ
2847 4121 2939 4173 καὶ
2988 4117 3266 4186 θαύματος
3299 4113 3446 4178 ἄξιον

1876 4214 2016 4273 εἶναι.
2055 4217 2120 4272 τὸ
2142 4217 2366 4287 γεγονὸς
2397 4219 2711 4288 κρίναντες,
2738 4213 2884 4276 ὅπως
2922 4213 2970 4265 οἱ
3006 4209 3281 4281 μάρτυρες
3313 4206 3446 4278 πρὸς

1875 4306 2208 4378 τηλικαύτας
2237 4307 2496 4378 ἀντέσχον
2517 4303 2838 4374 ἐπαγωγὰς,
2874 4302 2965 4356 καὶ
2993 4301 3069 4372 μὴ
3101 4297 3446 4369 συναπέρρἠ

1878 4402 1974 4468 ξαν
2007 4401 2201 4465 αὐταῖς
2230 4399 2431 4464 εὐθέως
2454 4401 2549 4453 καὶ
2575 4399 2674 4462 τὰς
2697 4397 2906 4469 ψυχὰς,
2937 4395 3076 4462 προς
3105 4391 3201 4462 μὲν
3230 4391 3320 4444 τὸν
3349 4389 3447 4460 ἆρ-

1876 4510 2041 4566 χοντα
2065 4491 2247 4556 λίθους
2284 4489 2617 4559 πανταχόθεν
2649 4489 2868 4559 ἀφῆκαν
2887 4501 2902 4517 ⁶
2934 4486 3165 4554 Μέγαςό
3189 4481 3322 4544 Θεδς
3346 4479 3451 4534 τῶν

1879 4580 2245 4655 Χριστιανῶν,
2293 4579 2560 4651 λαμπρῶς
2602 4578 2677 4642 ὡς
2710 4577 2856 4648 εἶχον
2900 4576 3155 4646 ἐϐόησαν.
3209 4570 3450 4642 Θορύϐου

1882 4675 2194 4750 τοιγαροῦν,
2251 4673 2326 4739 ὡς
2383 4672 2550 4738 εἰκὸς,
2607 4670 2802 4725 πολλοῦ
2855 4667 3170 4739 γενομένου,
3226 4659 3450 4719 καὶτοῦ

1880 4771 2123 4840 ἐπάρχου
2184 4767 2331 4836 φυγῇ
2379 4763 2479 4835 τὴν
2520 4763 2793 4833 σωτηρίαν
2848 4758 3258 4822 πιστεύσαντος,
3315 4751 3454 4810 κατὰ.

1880 4861 2080 4930 πολλὴν
2110 4859 2161 4913 οι
2185 4858 2462 4930 μάρτυρες
2497 4855 2678 4910 ἄδειαν
2699 4854 2793 4907 ἐπὶ
2823 4853 2924 4924 τὴν
2953 4851 3208 4922 Πύραμιν
3241 4847 3304 4903 τδ
3329 4847 3451 4918 ὅρος

1878 4954 2128 5027 ἀνῆλθον,
2153 4953 2211 5006 ἐν
2238 4946 2283 5021 ᾧ
2318 4951 2389 5006 τά
2418 4967 2478 5004 τε
2511 4950 2618 5003 τῶν
2650 4947 2849 5002 θυσιῶν
2894 4948 3006 5009 τοῖς
3042 4942 3298 5014 Ἕλλησιν
3343 4943 3454 4994 ἐτε-

1879 5047 2045 5112 λεῖτο,
2073 5043 2300 5100 καὶτῶν
2329 5043 2461 5117 παρ’
2513 5041 2695 5104 αὑτοῖς
2726 5039 3016 5110 ἐπισήμων
3074 5035 3212 5090 θεῶν
3261 5031 3452 5088 εἴδωλα

1885 5138 2321 5195 κατεκούπτετο.

1959 5335 2044 5398 N'.
2083 5339 2158 5394 Ού
2195 5337 2304 5411 μὴν
2333 5337 2454 5392 ούδέ
2487 5323 2659 5400 οὕτως
2689 5335 2758 5390 τὰ
2785 5334 2880 5388 τοῦ
2921 5333 3092 5405 θυμοῦ
3113 5331 3192 5404 τῷ
3237 5331 3455 5402 Ἀγριῆυ

1890 5434 2029 5505 πίνῳ
2052 5431 2324 5502 ύπέληγεν
2346 5446 2364 5464 ο
2416 5429 2529 5484 ἀλλ’
2555 5419 2790 5499 ἐπιμελῆ
2836 5425 2926 5480 διὰ
2957 5427 3054 5496 τῆς
3085 5419 3457 5493 ὑπηρετουμέ-

1891 5544 1988 5599 νης
2018 5512 2168 5596 αύτῷ
2205 5523 2411 5589 τάξεως
2434 5523 2526 5578 ἐπὶ
2553 5521 2754 5585 πολλὰς
2788 5520 3002 5592 ἡμέρας
3038 5516 3267 5588 ζήτησιν
3301 5531 3458 5584 ποιη-

1897 5620 2152 5691 σάμενος,
2184 5618 2430 5690 εὑρίσκει
2472 5616 2627 5686 μόλις
2652 5614 2782 5668 ποτὲ
2821 5614 2946 5675 τοὺς
2971 5612 3178 5679 ἁγίους,
3211 5608 3307 5662 καὶ
3335 5620 3455 5661 συν-

1893 5698 2122 5780 δραμεῖν
2174 5709 2382 5772 πάντας
2433 5709 2511 5771 είς
2545 5705 2643 5778 τὴν
2672 5706 2798 5778 ἑξῆς
2840 5705 2952 5758 ὅσοι
2995 5703 3136 5768 θεοῖς
3183 5698 3457 5774 ἐτελοῦντο
