3832 6484
180 508 282 573 857

1201 497 1378 573 ‘vrra
1419 510 1480 573 ες
1520 507 1953 572 CLEMENTlS
1989 496 2403 569 ANCYRANI.

3320 497 3434 563 858

182 624 276 678 καὶ
304 621 558 695 δαίμοσιν
580 625 676 679 ἐπὶ
700 614 761 680 τδ
783 615 906 697 ὄρος
932 627 1196 699 κηρύξας,
1222 629 1309 698 ἐφ’
1339 627 1544 700 ὑψηλοῦ
1574 628 1759 682 κάκεῖ·

1869 628 1983 697 ipse
2029 642 2243 697 quoque
2289 628 2343 682 in
2383 643 2452 684 eo
2498 626 2753 697 praesidet
2803 624 2857 681 lu
2888 622 3001 678 alto
3048 617 3305 677 tribunali
3344 627 3446 674 :et

177 731 268 780 νος
321 715 383 770 ὲν
442 716 594 788 αὐτῷ
649 717 976 789 προκαθίξει
1029 719 1127 774 τοῦ
1178 720 1443 791 βήματος,
1495 720 1590 774 καὶ
1631 722 1761 785 τοὺς

179 807 367 876 άγίους
391 808 473 873 είς
501 809 663 881 μέσον
692 807 1057 880 παραγαγὼν,
1098 809 1165 866 Τί
1194 812 1258 883 δή
1295 829 1446 878 ποτε,
1480 812 1608 881 ἔφη,
1639 814 1762 877 ταῖς

179 897 478 968 ὑμετέραις
531 900 895 969 μαγγανείαις
945 901 1265 974 διεστήσατε
1313 902 1413 973 μὲν
1468 902 1528 958 τὸ
1557 902 1763 974 πλῆθος

177 990 275 1044 ἀπ’
329 990 597 1062 ἀλλήλων,
655 995 848 1063 χεῖρας
885 980 943 1047 δὲ
969 979 1092 1047 καθδ
1131 994 1289 1065 ἡμῶν
1311 991 1443 1066 ἆραι
1483 996 1578 1050 καὶ
1624 995 1764 1065 πρὸς

175 1082 406 1156 ἄρνησιν
425 1084 675 1170 χωρῆσαι
704 1086 799 1139 καὶ
832 1083 1186 1170 βλασφημίαν
1226 1086 1336 1140 τῶν
1372 1087 1762 1170 θεῶνξάνεπεί·

179 1191 348 1240 σατε;
403 1162 517 1229 Καὶ
563 1174 615 1228 οί
673 1176 986 1249 μάρτυρες·
1030 1164 1197 1246 Ἡμῖν
1263 1179 1387 1250 μὲν,
1447 1162 1759 1252 ῶέπαρχε,

175 1260 351 1331 εἷπον,
385 1265 538 1320 οὐδὲν
571 1263 653 1330 είς
685 1267 1001 1342 ἀνατροπὴν
1023 1254 1120 1323 τοῧ
1149 1258 1322 1340 δῆμον
1351 1257 1445 1326 καὶ
1476 1271 1762 1328 διάστασιν

176 1354 702 1443 πέπρακται,,,άλλᾶ
734 1346 827 1413 καὶ
879 1348 1039 1430 ἡμῶν
1072 1360 1427 1429 σιωπώντων,
1476 1364 1505 1417 ὀ
1551 1364 1763 1435 ἀληθὴς

175 1449 366 1512 αὐτοῖς
399 1446 508 1535 ἀπό
529 1451 590 1519 γε
619 1449 723 1537 τῆς
754 1443 1013 1537 ἀληθείας
1045 1443 1296 1526 ἒγνώάθη
1327 1454 1635 1537 Δεσπότης,
1666 1455 1764 1511 καὶ

174 1538 367 1591 τοῦτον
414 1533 520 1592 ὑπο
555 1533 792 1612 μεγάλῃ,
841 1533 937 1611 ὥς⁸
964 1543 1060 1597 καὶ
1095 1544 1260 1609 αὐτὸς
1280 1540 1473 1611 οἶσθα,
1503 1536 1571 1619 τῇ
1608 1549 1760 1619 φωνῇ

175 1627 355 1697 ζῶντα
390 1620 550 1700 μόνον
594 1624 730 1685 Θεὸν
760 1622 1130 1707 άνεκήρυξαν.
1163 1628 1235 1691 Σὺ
1254 1636 1312 1692 δὲ
1342 1624 1401 1691 εί
1421 1645 1547 1692 τινα
1579 1638 1760 1710 βούλει

175 1720 270 1775 καὶ
302 1722 462 1777 πάλιν
487 1723 619 1794 ἡμῖν
673 1711 745 1778 δι’
771 1716 934 1780 αὕτόν
984 1727 1258 1800 τιμωρίαν
1299 1731 1623 1799 ἐπαγαγεῖν,
1685 1731 1761 1802 μὴ

176 1812 389 1882 μέλλων
432 1814 680 1883 ιπάγαγε
708 1833 725 1851 ο
775 1815 1005 1880 δυνατὸς
1056 1818 1167 1890 γὰρ
1219 1812 1379 1885 οὗτος
1447 1821 1541 1874 καὶ
1588 1820 1763 1892 αὐτῆς

171 1905 322 1975 ἡμᾶς
385 1893 731 1978 ἀπαλλάξαι,
787 1897 885 1963 καὶ
963 1909 1074 1965 τῶν
1140 1899 1426 1982 ὖμετέρων
1486 1912 1762 1979 ἐξελέσθαι

167 1996 392 2068 χειρῶν.

245 2085 376 2142 NA'.
407 2088 566 2145 Οὕτω
583 2090 679 2162 τῆς
703 2091 812 2167 τῶν
834 2082 1012 2166 μαρτό
1023 2111 1134 2167 ρων
1162 2082 1258 2149 καὶ
1285 2081 1465 2167 ᾦυχῆς
1494 2097 1591 2152 καὶ
1609 2084 1756 2167 γνῶ-

108 2259 113 2265 ,
175 2197 281 2250 pr;
302 2183 543 2251 αἰσχρῶς
562 2182 591 2235 ὀ
633 2183 991 2256 ’Δγριππῖνος
1020 2185 1332 2258 ἡττώμενος
1353 2189 1461 2242 τῶν
1486 2190 1757 2261 σωμάτων

171 2274 443 2346 κρατῆσαι
469 2275 601 2346 γοῦν
623 2276 883 2332 ἔσπευδεο
917 2278 1012 2332 καὶ
1050 2278 1189 2352 πρὸς
1216 2281 1283 2352 τῇ
1315 2281 1429 2336 ἄνω
1459 2282 1637 2354 πέτρᾳ
1656 2286 1757 2355 τῆς

168 2366 267 2420 τοῦ
310 2366 471 2438 ὅρους
504 2369 746 2442 κορυφῆς
795 2371 995 2435 αὐτοὺς
1051 2358 1364 2436 ἀποτείνας,
1424 2373 1520 2427 καὶ
1580 2374 1759 2442 ξύλοις

171 2462 513 2533 παχυτάτοις
539 2455 609 2518 τά
638 2480 699 2517 τε
735 2456 871 2518 ὀστᾶ
904 2452 1230 2531 συνθλάσας,
1265 2465 1361 2521 καὶ
1385 2465 1487 2529 τὰς
1523 2467 1756 2539 σάρκας,

168 2552 320 2624 οἴμοι
347 2555 362 2608 ί
391 2554 739 2626 κατατεμὼν,
787 2555 884 2611 καὶ
917 2553 1038 2612 εἶτα
1065 2558 1146 2622 είς
1189 2558 1428 2624 σάκκους
1456 2575 1515 2613 τε
1548 2559 1757 2629 ἐμϐάλ-

169 2644 276 2714 λει,
311 2647 407 2710 καὶ
454 2647 638 2713 λίθους
673 2648 855 2704 αὐτῶν
907 2649 1140 2723 ἐκδήσας
1200 2650 1516 2722 μεγίστους,
1562 2652 1758 2723 ἀφίησι

172 2738 514 2811 σφοδρότατα
538 2740 684 2796 κατᾶ
701 2743 801 2815 τῆς
827 2742 1126 2814 ὑπωρείας.
1157 2743 1278 2797 Τῶν
1304 2743 1407 2817 μὲν
1433 2739 1527 2800 οὖν
1549 2744 1757 2816 παρόν-

169 2848 283 2885 των
321 2831 498 2896 οὐδεὶς
520 2827 591 2905 ἦν
608 2822 669 2896 δς
684 2833 786 2887 οὐκ
808 2833 1110 2889 ἐπέπειστο
1130 2833 1334 2899 εὐθέως
1360 2836 1756 2891 ἀποθανεῖσθαι

170 2923 297 2986 τοὺς
332 2924 616 2995 μάρτυρας
643 2924 748 2979 ὑπὸ
768 2924 869 2994 τῆς
900 2925 1169 2996 ὀξυτάτης
1194 2927 1367 2999 φορᾶς
1406 2928 1626 3000 ἐκείνης
1643 2928 1759 2983 δια-

171 3004 554 3079 σπασθένταςο
584 3005 781 3072 ἐκεῖνοι
809 3009 869 3071 δὲ
892 3018 1061 3084 ὀξέως
1091 3017 1239 3074 οὕτω
1280 3022 1601 3091 φερόμενοι,
1634 3021 1759 3076 οὐδὲ

168 3107 310 3194 πρὸς
336 3109 399 3162 τὸ
422 3109 529 3194 τῆς.
550 3098 833 3181 ὀπωρείας
858 3096 1086 3181 ἔσχατον
1106 3110 1363 3183 ἔστησαν,
1385 3113 1522 3167 ἀλλὰ
1542 3113 1640 3169 καὶ
1662 3113 1760 3168 αὖ-

165 3191 265 3259 τοῦ
285 3191 661 3287 διεκπεσόντες
686 3201 780 3257 τοῦ
807 3202 1056 3274 αἰγιαλοῦ
1076 3203 1157 3277 τῷ
1178 3203 1327 3277 βοθῷ
1352 3207 1453 3278 τῆς
1480 3204 1759 3279 θαλάσσης

165 3294 529 3351 κατὼλισθον.

238 3386 370 3443 NB”.
405 3388 630 3460 Ἄνδρες
651 3387 744 3444 οὖν
772 3388 961 3444 αὐτόθι
1006 3389 1117 3444 τῶν
1167 3378 1414 3446 εὐλαδῶν
1469 3393 1564 3447 ὀπὶ
1586 3392 1760 3466 νάγμα

163 3479 333 3570 δῆθεν
361 3482 471 3536 τῶν
503 3482 860 3554 μαρτυρικῶν
880 3482 1153 3555 λειψάνων
1180 3485 1414 3548 ἑστῶτες
1437 3484 1756 3558 ἐτύγχανον,

168 3570 243 3628 ἵν’
280 3573 413 3628 εἴτι
466 3574 620 3646 παρὰ
683 3575 785 3646 τῆς
826 3574 1103 3647 θαλάσσης
1164 3576 1347 3632 αὐτῶν
1401 3577 1756 3650 ὲκδρασθείη,

164 3665 329 3720 τοῦτο
361 3666 657 3724 άνὲλοιντο.
702 3668 821 3740 Ἐφ’
861 3668 1049 3724 ικανόν
1079 3668 1262 3723 τοίνυν
1319 3670 1440 3724 ἐκεῖ
1479 3669 1757 3741 παραμεί-

164 3776 361 3824 ναντες
407 3758 576 3831 ὁρῶσι
608 3758 702 3814 τοῦ
742 3760 905 3831 βυθοῦ
930 3762 1057 3828 τοὺς
1093 3763 1334 3827 σάκκους
1377 3762 1755 3830 άναδοθέντας,

166 3853 266 3907 καὶ
296 3853 398 3922 ὴρὲ
407 3871 484 3923 μα
503 3855 617 3917 τοῖς
640 3852 831 3908 ὕδασιν
858 3852 1237 3918 ἐπιπλέοντας.
1264 3852 1423 3919 Νεὼς
1439 3850 1533 3909 οὖν
1557 3854 1758 3909 αὐτίκα

168 3946 321 4016 μάλα
347 3946 663 4012 ἐπιϐάντες,
689 3948 783 4001 καὶ⁹
802 3946 1033 4019 πλησίον
1057 3946 1168 4002 τῶν
1199 3949 1421 4004 σάκκων
1448 3948 1755 4019 γενόμενοι,

165 4033 380 4105 ζῶντας
406 4040 526 4111 (ὅση
547 4042 664 4107 σοῦ,
692 4041 896 4113 Χριστὲ
935 4039 1183 4113 βασιλεῦ,
1211 4042 1243 4112 ἡ
1274 4040 1505 4111 δύναμις
1524 4042 1537 4096 !
1559 4042 1577 4109 )
1599 4041 1757 4096 ἀναι-

159 4132 393 4221 ροῦνται
439 4133 566 4197 τοὺς
620 4133 930 4204 μάρτυρας,
971 4132 1108 4204 μηδὲ
1167 4133 1362 4204 μικρὸν
1402 4133 1627 4187 ἐκείνων
1676 4133 1756 4189 ἔτι

161 4225 280 4281 τῶν
313 4225 540 4298 πληγῶν
596 4226 682 4296 ιφ’
735 4225 946 4282 ἑαυτῶν
1000 4225 1147 4297 ἴχνος
1184 4225 1428 4296 ἔχοντας.
1485 4225 1675 4297 Μέσης
1700 4226 1759 4281 δὲ

162 4320 368 4385 νυκτὸς
400 4320 494 4375 καὶ
521 4319 664 4391 μέγα
709 4320 838 4385 τοὺς
868 4319 1055 4388 ἁγίους
1088 4319 1203 4388 φῶς
1232 4318 1291 4386 ἐξ
1337 4318 1570 4390 οὐρανοῦ
1603 4336 1761 4391 περι-

162 4413 477 4487 ήστραψεν,
516 4412 737 4483 ἄγγελοί
763 4430 823 4467 τε
854 4412 1098 4483 φανερὰν
1124 4412 1310 4476 αὐτοῖς
1336 4410 1549 4482 ῶρεξαν
1573 4415 1753 4485 χεῖρα,

161 4509 263 4561 καὶ
301 4506 440 4577 πρὸς
464 4504 564 4574 τὴν
598 4504 794 4576 χέρσον
843 4503 1227 4573 ἐξαγαγόντες,
1262 4503 1470 4574 τροφῆς
1507 4520 1567 4556 τε
1626 4520 1758 4574 μετ-

162 4590 383 4656 έδωκαν
434 4596 724 4668 οὐρανίας,
781 4598 876 4651 καὶ
924 4595 1415 4668 ηταὸεὸλημένην
1445 4595 1628 4650 αὐτῶν
1655 4595 1757 4666 τὴν

161 4681 407 4757 δύναμιν
463 4679 573 4744 ὑπὸ
629 4691 729 4763 τῆς
787 4690 1073 4761 συνεχείας
1127 4689 1238 4744 τῶν
1295 4687 1481 4746 κακῶν
1524 4688 1759 4761 ἀνεκτή·
1792 4687 1834 4743 D

162 4801 362 4841 σαντο.

238 4871 375 4929 Nl".
404 4858 722 4939 Εἴθ’ὤτως
760 4873 855 4928 ἐπὶ
886 4872 1063 4945 μέσης
1108 4873 1159 4928 ot
1212 4859 1362 4941 ἅγιοι
1411 4872 1510 4944 τῆς
1552 4871 1765 4938 πόλεως

162 4965 538 5038 παρελθόντες
559 4969 675 5030 τοῖς
704 4983 763 5020 τε
790 4965 973 5030 ἄλλοις
996 4966 1209 5029 πιστοῖς
1240 4965 1310 5018 τὰ
1358 4965 1625 5036 μεγαλεῖα
1666 4964 1763 5020 τοῦ

156 5052 309 5125 Θεοῦ
338 5057 648 5128 διηγοῦντο,
667 5058 762 5112 καὶ
783 5058 938 5112 αὐτοὶ
954 5057 1055 5121 τὰς
1080 5058 1272 5129 χεῖρας
1297 5058 1379 5121 εἰς
1407 5057 1499 5112 τὸν
1528 5056 1763 5130 οὐρανὸν

161 5151 569 5216 ἀνατείνοντες,
599 5151 909 5222 θερμοτέρα
940 5149 1077 5220 πρὸς
1116 5148 1279 5204 αὑτὸν
1301 5146 1529 5219 ἔχρηντο
1548 5151 1630 5221 ,τῇ
1669 5148 1761 5202 εὐ-

160 5245 456 5320 χαριστίᾳ.
510 5244 795 5315 Πάρεργον
827 5243 885 5297 δὲ
942 5242 1130 5306 αὐτοῖς
1182 5240 1284 5312 τῆς
1338 5242 1435 5297 ἐπὶ
1467 5243 1567 5310 τὴν
1603 5242 1761 5297 πόλιν

160 5340 416 5415 παρόδου
447 5335 543 5393 δῦο
564 5336 760 5407 τυφλοὶ
792 5337 948 5408 παρά
970 5353 1079 5390 τινι
1113 5334 1349 5400 ἑστῶτες
1376 5337 1531 5406 στοᾷ,
1564 5334 1757 5408 ἕτερός

159 5453 225 5490 τε
249 5432 358 5505 τὴν
392 5432 550 5502 χεῖρα
572 5429 1030 5500 κατεσφιγμένος,
1054 5428 1151 5483 καὶ
1169 5426 1329 5491 ἄλλος
1366 5428 1533 5482 πάλιν
1558 5444 1758 5499 παρει-

165 5529 357 5599 μένως
386 5523 526 5593 ἔχων
585 5522 679 5593 τοῦ
731 5522 1005 5592 σώματος,
1039 5521 1148 5577 τῶν
1202 5521 1494 5592 μακαρίων
1527 5522 1757 5576 ἐκείνων

162 5617 378 5691 χειρῶν
399 5614 561 5686 ψιλὴν
591 5614 689 5687 τὴν
711 5615 857 5686 ἁφὴν
892 5614 1097 5670 ἄπονον
1150 5606 1278 5685 εὗρε
1338 5614 1638 5686 θεραπείαν
1664 5615 1760 5668 καὶ

163 5708 430 5781 ἄμισθον.
462 5705 656 5762 Πολλοί
686 5723 747 5761 τε
780 5705 930 5762 ἄλλοι
961 5705 1363 5778 συρρεύσαντες
1408 5705 1630 5770 πολλαῖς
1664 5705 1761 5759 καὶ

162 5802 461 5873 διαφόροις
487 5800 710 5871 κάτοχοι
736 5798 914 5863 νόσοις
946 5799 1045 5870 τὴν
1083 5798 1256 5871 αὐτὴν
1308 5798 1540 5861 ἐκείνοις
1575 5798 1760 5851 πίστιν

164 5891 585 5962 είσενεγκόντες
608 5892 706 5965 τῆς
728 5891 901 5963 αὐτῆς
930 5890 1039 5964 ἄρα
1066 5890 1158 5948 καὶ
1190 5890 1488 5961 θεραπείας
1518 5890 1763 5945 ἀπέλαυ-

160 6004 299 6045 ’σενι

1789 1975 1838 2035 Β

1860 734 1984 775 cum
2016 727 2234 774 sanctos
2260 719 2312 773 in
2346 720 2581 774 medium
2621 716 2961 788 produxisset
3004 733 3020 772 :
3059 714 3188 778 Cur,
3226 711 3439 781 inquit,

1861 810 2060 866 vestris
2081 811 2372 882 praestigiis
2397 820 2452 866 et
2483 808 2944 866 incantationibus
2974 807 3028 862 in
3059 804 3255 877 populo
3293 804 3440 858 sedi-

1862 903 2063 959 tionem
2098 902 2404 966 excitastis,
2436 912 2492 956 ut
2524 915 2717 956 manus
2745 909 2927 954 autem
2961 899 3015 952 in
3042 912 3139 952 nos
3169 894 3439 959 tollerent,

1861 1005 1916 1049 et
1948 992 2016 1048 ad
2058 995 2189 1049 deos
2222 983 2495 1062 negandos
2525 1001 2580 1046 et
2613 986 2915 1046 maledictis
2943 986 3291 1043 insectattdos
3317 1000 3443 1056 pro-

1860 1085 2139 1151 cederent,
2171 1081 2561 1155 persuasistis?
2589 1081 2855 1152 Martyres
2879 1094 3031 1141 vero.
3060 1079 3107 1134 Α
3138 1079 3294 1134 nobis
3322 1077 3444 1146 qui-

1860 1179 2006 1243 dem,
2058 1177 2332 1237 diser-unt.
2380 1189 2414 1230 0
2464 1173 2738 1243 praefecte,
2778 1170 2911 1227 nihil
2957 1170 3159 1225 factum
3197 1176 3299 1228 est,
3332 1180 3441 1235 quo

1862 1279 2168 1328 moveretur
2194 1278 2248 1324 et
2292 1268 2359 1323 ad
2408 1263 2727 1322 seditionem
2762 1263 3133 1319 concitaretur
3160 1257 3388 1327 p0pulus
3420 1275 3436 1312 :

1861 1364 1954 1418 sed
1986 1361 2069 1418 vel
2099 1349 2257 1417 nobis
2293 1350 2581 1415 silentibus
2616 1364 2777 1413 Verus
2809 1355 2892 1413 eis
2934 1359 2998 1409 ex
3051 1353 3164 1422 ipsa
3214 1349 3444 1405 veritate

1861 1455 2109 1526 cognitus
2135 1451 2219 1509 est
2247 1440 2529 1518 Dominus,
2555 1457 2608 1505 et
2640 1456 2763 1506 cu‘m
2796 1460 3016 1517 magna,
3045 1454 3102 1499 ut
3133 1443 3248 1526 ipse
3275 1445 3442 1510 nosti,

1863 1523 1994 1602 voce
2024 1546 2203 1601 vivum
2252 1546 2427 1599 solum
2465 1543 2630 1599 Deum
2667 1528 3117 1610 prmdicaverunt.
3154 1523 3233 1590 Tu
3260 1544 3441 1590 autent

1862 1639 1906 1694 si
1935 1637 2150 1705 aliquod
2183 1651 2372 1692 rursus
2403 1634 2561 1690 nobis
2589 1631 2724 1688 velis
2761 1640 2983 1701 propter
3019 1628 3195 1699 ipsum
3236 1626 3440 1683 inferre

1863 1731 2210 1803 supplicium,
2255 1729 2421 1793 inter,
2457 1743 2562 1784 non
2598 1723 2877 1790 diﬂ‘erens;
2918 1732 3092 1793 potest
3120 1721 3263 1778 enim
3293 1721 3340 1776 is
3370 1720 3438 1776 ab

1863 1837 1928 1878 eo
1972 1836 2187 1893 quoque
2216 1834 2316 1877 nos
2344 1819 2612 1887 liberare,
2645 1829 2698 1873 et
2738 1832 2767 1871 a
2801 1814 2997 1870 vestris
3045 1814 3292 1870 manibus
3325 1814 3435 1870 eri-

1866 1928 2014 1986 pere.

1934 2087 2018 2159 ιι.
2059 2101 2154 2188 Sic
2184 2116 2214 2157 a
2264 2107 2565 2174 martyrum
2600 2099 2783 2157 anima
2818 2096 2890 2187 ἐὶ
2917 2085 3183 2155 sententia
3214 2095 3441 2165 turpiter

1818 2260 1823 2265 ι
1863 2194 2035 2251 victus
2070 2180 2434 2267 Agrippinus,
2482 2204 2710 2263 corpora
2757 2179 2947 2247 saltem
2982 2189 3232 2247 studebat
3275 2202 3439 2254 supe-

1861 2301 1986 2343 rare
2038 2304 2053 2342 :
2085 2302 2315 2356 cumque
2345 2302 2441 2343 eos
2487 2285 2814 2341 estemlisset
2861 2284 2914 2338 in
2968 2293 3143 2353 petra,
3176 2296 3295 2352 qua:
3323 2288 3441 2333 erat

1861 2393 2024 2448 super
2055 2379 2316 2434 verticem
2359 2379 2580 2444 montis,
2633 2387 2688 2433 et
2731 2376 3089 2433 crassissimis
3120 2373 3281 2442 lignis
3317 2387 3440 2428 ossa

1860 2486 2047 2526 eorum
2079 2458 2471 2540 confregisset,
2513 2477 2569 2527 et
2607 2484 2820 2535 carnes,
2852 2467 2986 2539 prob
3019 2466 3193 2527 dolor.
3225 2463 3440 2519 consci-

1861 2564 2050 2630 disset,
2082 2565 2277 2620 deinde
2308 2563 2481 2632 injicit
2518 2563 2573 2619 in
2601 2577 2820 2630 saccos;
2863 2570 2916 2618 et
2962 2560 3043 2615 eis
3073 2555 3330 2613 maximis
3359 2551 3442 2607 ala

1857 2655 2037 2726 ligatis
2069 2654 2359 2721 lapidibus,
2389 2670 2486 2723 per
2513 2643 2682 2710 latera
2716 2652 2914 2708 montis
2940 2649 3126 2721 dejiclt
3150 2647 3440 2702 vehemeua

1859 2747 2095 2803 tissime.
2138 2748 2316 2816 Atque
2366 2760 2555 2802 eorum
2585 2745 2826 2816 quidem,
2860 2742 2951 2812 qui
2985 2741 3232 2803 aderant,
3261 2736 3440 2792 nullus

1858 2850 1979 2896 erat
2025 2838 2113 2895 cui
2164 2853 2269 2893 non
2312 2845 2458 2894 esset
2504 2851 2848 2908 persuasum,
2909 2834 3092 2891 statim
3143 2832 3440 2887 morituros

1860 2942 2149 3005 martyres,
2184 2930 2274 2986 illo
2303 2928 2778 2986 vehementissimo
2814 2928 3016 2998 impetu
3057 2925 3357 2993 discerptus
3388 2929 3441 2977 et

1858 3025 2167 3082 distractos.
2203 3011 2285 3078 llli
2332 3029 2509 3077 autem
2558 3035 2681 3076 cum
2717 3020 2991 3075 ferrentur
3027 3025 3134 3071 tam
3169 3013 3439 3078 celeriter,

1862 3132 1930 3174 ne
1972 3116 2040 3172 ad
2088 3123 2393 3171 extremum
2442 3111 2659 3185 quidem
2712 3108 2914 3165 montis
2969 3105 3154 3163 lateris
3180 3102 3441 3159 constiteo

1863 3218 1987 3264 runt
2021 3227 2037 3265 :
2068 3208 2163 3264 sed
2192 3223 2314 3264 cum
2347 3207 2414 3262 ab
2453 3205 2568 3277 ipso
2601 3218 2817 3277 quoque
2853 3203 3039 3259 littore
3076 3197 3440 3261 decidissent,

1863 3300 2056 3370 dilapsi
2089 3310 2216 3356 sunt
2244 3299 2295 3355 in
2329 3297 2653 3370 prolundum
2686 3296 2877 3353 maris.

1931 3392 2043 3448 ιιι.
2085 3389 2207 3448 lllic
2234 3391 2420 3463 itaque
2469 3391 2684 3446 stabant
2731 3405 2797 3445 ex
2827 3388 2928 3460 piis
2959 3375 3166 3458 aliquot
3193 3385 3260 3441 ad
3292 3399 3441 3440 mars

1857 3494 2038 3558 tyrum
2087 3485 2361 3542 venandas
2410 3483 2689 3554 reliquias.
2740 3491 2800 3537 ut
2846 3481 2894 3538 si
2942 3496 3010 3536 ex
3054 3480 3134 3535 eis
3165 3479 3368 3550 aliquid
3406 3495 3440 3535 ιι

1859 3580 1997 3636 mari
2031 3580 2342 3651 ejiceretur,
2385 3580 2441 3635 id
2486 3567 2756 3635 tollerent.
2791 3573 2926 3632 Cum
2973 3575 3083 3630 illic
3130 3589 3261 3643 ergo
3305 3572 3442 3629 satis

1858 3674 1948 3730 diu
1982 3672 2445 3744 permansissent,
2495 3671 2678 3726 vident
2719 3683 2909 3726 saccos
2942 3683 2975 3723 e
3023 3665 3290 3738 profundo
3319 3671 3443 3721 rett-

1857 3766 2020 3831 ditos.
2051 3774 2107 3822 et
2129 3764 2332 3822 sensim
2365 3762 2522 3833 aquis
2550 3767 2987 3832 supernatantes.
3011 3758 3146 3815 Cum
3179 3772 3309 3830 ergo
3341 3771 3440 3811 na-

1856 3873 1976 3915 vem
2002 3856 2400 3922 ascendissent,
2422 3864 2475 3912 et
2498 3867 2664 3925 prope
2692 3867 2880 3909 saccos
2905 3851 3156 3913 fuissent,
3192 3850 3437 3905 viventes

1859 3957 1914 4024 (ο
1941 3960 2054 4017 tua,
2085 3948 2301 4006 Christe
2327 3964 2449 4014 res,
2494 3946 2795 4020 potentia!)
2817 3934 3085 4017 martyres
3115 3941 3439 4012 suscipiunt,

1861 4059 1927 4098 ne
1973 4057 2202 4113 parvum
2255 4041 2471 4111 quidem
2532 4040 2752 4096 illarum
2813 4037 3093 4109 plagarum
3150 4033 3438 4105 vestigium

1861 4133 2037 4188 adhuc
2082 4131 2137 4188 in
2170 4146 2231 4188 se
2278 4131 2561 4189 habentes.
2600 4129 2773 4186 Media
2825 4140 3008 4184 autem
3043 4135 3201 4182 nocte
3247 4140 3439 4195 magna

1860 4240 2076 4296 quoque
2122 4224 2215 4279 lux
2276 4236 2496 4280 sanctos
2538 4237 2570 4277 e
2625 4221 2767 4278 coelo
2813 4217 3209 4285 circumfulsit;
3259 4224 3315 4273 et
3344 4232 3442 4273 an-

1858 4316 1963 4387 geli
1989 4325 2175 4385 aperte
2201 4330 2419 4369 manum
2463 4313 2544 4368 eis
2571 4314 2871 4384 praebuere,
2903 4321 2962 4366 et
2992 4325 3114 4364 cum
3147 4311 3200 4363 in
3238 4314 3440 4363 terram

1859 4406 2195 4474 eduxissent,
2237 4421 2332 4461 eos
2361 4404 2573 4462 caelesti
2606 4405 2865 4460 alimento
2891 4402 3289 4473 impertierunl,
3322 4415 3442 4454 ma-

1859 4499 2037 4570 lisque
2062 4499 2296 4557 assiduis
2345 4497 2606 4568 dejectam
2666 4511 2857 4552 eorum
2920 4495 3175 4551 virtutem
3223 4506 3440 4551 recrea-

1861 4602 2010 4651 runt.

1933 4879 2072 4936 LIII.
2115 4877 2317 4935 Deinde
2352 4891 2472 4932 cum
2504 4874 2585 4932 sic
2611 4874 2786 4930 sancti
2823 4874 2878 4930 in
2910 4872 3144 4929 mediam
3182 4872 3445 4930 accessis-

1862 4984 1985 5030 sent
2000 4974 2299 5039 civitatem,
2329 4978 2384 5027 et
2401 4969 2524 5026 aliis
2549 4968 2752 5025 sanctis
2774 4968 2866 5024 Dei
2896 4966 3189 5024 narrabant
3215 4981 3442 5037 magna-

1862 5068 1956 5133 lia,
1989 5077 2045 5122 et
2077 5065 2179 5138 ipsi
2213 5078 2405 5119 manus
2452 5063 2507 5118 in
2552 5062 2718 5119 caelos
2754 5060 3102 5127 extollentes,
3150 5060 3199 5116 ei
3242 5060 3447 5132 gratias

1861 5169 2092 5233 egerunt
2134 5157 2536 5215 vehementius.
2585 5154 2788 5210 Eorum
2840 5164 3021 5210 autem
3077 5154 3129 5209 in
3169 5153 3443 5208 civitatem

1864 5254 2127 5306 adventus
2175 5247 2421 5304 accessio
2470 5246 2524 5301 in
2557 5247 2809 5312 transitu,
2837 5244 3053 5299 fuerunt
3083 5244 3189 5300 duo
3224 5242 3445 5313 quidam

1865 5342 2015 5405 caeci.
2047 5349 2256 5397 stantes
2281 5340 2334 5394 in
2364 5338 2595 5408 quadam
2632 5338 2869 5408 porticu,
2897 5343 2952 5390 et
2982 5335 3143 5400 alius,
3175 5336 3258 5390 cui
3288 5342 3449 5388 erant

1869 5446 2063 5487 manus
2094 5431 2426 5500 torpeiactae,
2460 5438 2515 5485 et
2562 5427 2701 5482 alius
2743 5440 2956 5492 rursus,
2996 5425 3083 5481 cui
3123 5438 3321 5492 corpus
3363 5421 3444 5476 Ia-

1868 5526 2097 5581 borabat
2124 5523 2382 5594 paralysi,
2414 5524 2507 5593 qui
2533 5537 2602 5578 ex
2628 5521 2909 5577 beatarum
2940 5519 3153 5574 illarum
3186 5529 3442 5570 manuum

1869 5616 1984 5673 solo
2026 5622 2302 5682 contactu,
2351 5615 2469 5669 sine
2526 5614 2713 5669 labore
2749 5621 2804 5668 et
2841 5612 3103 5666 mercede
3124 5610 3444 5661 invenerunt

1866 5708 2222 5763 curationem.
2266 5704 2417 5761 Multi
2472 5720 2690 5777 quoque
2728 5704 2845 5767 alii,
2897 5701 2989 5773 qui
3039 5699 3206 5755 variis
3238 5694 3441 5751 morbis

1868 5799 2222 5861 laborabant,
2266 5813 2392 5854 cum
2445 5799 2512 5853 ad
2560 5812 2684 5853 eum
2736 5794 3143 5858 conﬂuxissent,
3190 5788 3435 5846 eamdem

1867 5911 2029 5963 quam
2062 5893 2135 5949 illi
2167 5892 2323 5949 iidem
2368 5890 2679 5960 allerentes,
2715 5888 2961 5946 eamdem
3004 5899 3218 5958 quoque
3247 5897 3442 5940 conse-

1862 5989 1975 6046 cuti
2003 5987 2161 6044 l‘ucrc
2187 5985 2545 6044 curationem.
