3832 6466
1515 375 1552 385 ε,
1575 376 1582 379 .

422 478 530 544 859

1613 480 1898 542 MENSIS
1951 481 2403 544 JANUABIUS.

3551 478 3648 542 860

1866 701 2092 760 CAPUT
2131 704 2219 760 IX.

1065 911 1287 987 Ancyra:
1315 929 1498 968 rursus
1522 912 1740 966 tolerata
1762 917 2042 966 tormenta.
2068 907 2253 975 Pueri,
2278 906 2390 978 ejus
2419 905 2640 972 alumni,
2676 916 2957 978 martyres.

491 1101 625 1158 LIV.
662 1099 800 1156 Cum
825 1115 954 1172 ergo
977 1099 1093 1156 haec
1121 1114 1337 1170 quoque
1383 1099 1657 1155 didicisset
1685 1095 1988 1167 praefectus.

2166 1090 2291 1147 NA'.
2317 1090 2522 1146 Μαθὼν
2547 1091 2733 1147 τοίνυν
2756 1090 2852 1148 καὶ
2879 1089 3051 1146 ταῦτα
3080 1092 3109 1146 ὁ
3134 1090 3376 1166 ἔπαρχος
3400 1093 3497 1148 καὶ
3529 1093 3654 1169 αὐτῇ

419 1203 474 1251 et
505 1193 616 1265 ipsa
652 1193 990 1266 cognovisset
1036 1192 1368 1262 experientia
1393 1234 1407 1253 .
1432 1205 1492 1245 se
1536 1205 1641 1247 non
1668 1189 1827 1244 modo
1855 1187 1990 1242 nihil

419 1288 687 1357 prolicere
733 1287 856 1339 dum
891 1284 1101 1353 puniret
1132 1293 1416 1355 martyres,
1474 1282 1568 1337 sed
1614 1293 1764 1336 suam
1815 1279 1992 1348 patins

420 1377 617 1431 laedere
647 1375 988 1448 religionem,
1018 1385 1075 1430 ut
1107 1375 1196 1445 qui
1241 1375 1438 1429 mullos
1484 1374 1692 1428 videret
1719 1386 1783 1427 ex
1812 1371 1990 1443 genti-

419 1470 580 1534 libus,
627 1469 692 1524 iis
741 1485 861 1541 qua:
910 1478 1103 1536 praeter
1150 1467 1455 1536 opinionem
1491 1467 1558 1520 ab
1609 1464 1741 1535 ipsis
1793 1465 1991 1520 fiebant

422 1562 719 1624 miraculis,
757 1560 1089 1630 transfugere
1133 1560 1198 1613 ad
1233 1559 1522 1628 pietatem;
1551 1573 1654 1612 non
1688 1557 1851 1612 audet
1874 1557 1992 1627 qui-

421 1658 540 1713 dem
589 1655 700 1726 ipse
734 1655 964 1724 amplius
1008 1663 1283 1708 certamen
1326 1653 1622 1720 suscipere,
1671 1651 1762 1705 sed
1797 1651 1862 1704 de
1911 1651 1990 1707 eis

423 1751 487 1803 ad
520 1747 903 1802 Maximianum
943 1746 1106 1800 refert
1148 1745 1550 1813 imperatorem,
1608 1745 1698 1812 qui
1737 1742 1920 1812 procul
1961 1758 1990 1797 a

420 1839 735 1895 Nicomedia
774 1855 894 1892 cum
934 1849 1045 1892 toto
1086 1837 1401 1892 versabatur
1447 1835 1729 1893 exercitu:
1761 1847 1990 1904 cumque

422 1932 524 1986 alia
554 1930 862 2000 singulatim
904 1927 1202 1992 retulisset,
1232 1937 1288 1982 et
1333 1925 1474 1996 quod
1520 1925 1622 1980 orti
1662 1925 1874 1994 quidem
1906 1939 1992 1980 es-

423 2030 542 2076 sent
570 2022 624 2075 in
655 2020 870 2090 regione
903 2016 1236 2080 Galatarum,
1264 2015 1434 2085 patria
1466 2026 1645 2069 autem
1673 2014 1990 2085 Ancyrano-

425 2135 582 2186 rum;
634 2133 754 2172 cum
809 2131 902 2172 eas
945 2114 1238 2184 accepisset
1261 2111 1649 2175 Maximianus,
1690 2119 1742 2166 et
1771 2110 1986 2180 legisset

422 2227 485 2265 ca
528 2226 647 2280 quae
677 2207 1110 2272 continebantur,
1153 2220 1275 2260 eum
1307 2216 1523 2258 veretur
1566 2217 1756 2258 rursus
1784 2201 1991 2257 exami-

426 2316 592 2362 nare.
623 2300 726 2354 hoc
767 2307 1026 2368 pra-textu
1067 2311 1176 2352 rem
1209 2295 1394 2350 volens
1432 2295 1654 2348 evitare.
1705 2293 1835 2349 Nam
1867 2309 1985 2348 cum

425 2407 518 2444 eos
561 2389 788 2460 Ancyrae
826 2402 946 2442 esse
989 2395 1138 2442 ortos
1183 2384 1376 2439 litterae
1423 2383 1824 2454 signiﬁcarent,
1865 2384 1989 2438 illuc

2099 1180 2270 1254 πείρᾳ
2317 1183 2482 1251 γνοὺς
2527 1180 2604 1246 ὡς
2653 1183 2761 1252 ἀρα
2788 1182 2940 1236 οὐδὲν
2968 1180 3176 1250 ὀνίνησι
3223 1189 3351 1248 τούς
3384 1185 3655 1255 μάρτυρας

2097 1273 2526 1348 τιμωρούμενος,
2556 1274 2650 1328 καὶ
2679 1272 2860 1344 ἐαυτῷ
2884 1275 3084 1342 μᾶλλον
3105 1275 3199 1329 καὶ
3220 1278 3286 1347 τῇ
3313 1275 3512 1330 ἑαυτοῦ
3538 1277 3657 1348 θρη-

2101 1367 2259 1438 σκείᾳ
2307 1365 2649 1437 λυμαίνεται,
2713 1359 2802 1419 οἷα
2833 1365 3062 1430 πολλοὺς
3112 1367 3206 1420 καὶ
3233 1365 3343 1420 τω»
3400 1368 3658 1439 Ἑλλήνων

2097 1461 2236 1530 ὀρῶν
2268 1462 2380 1524 τοῖς
2416 1457 2736 1529 παραδόξως
2755 1458 3103 1528 τελουμένοις
3133 1458 3225 1514 ὐπ’
3254 1459 3431 1513 αὐτῶν
3459 1458 3660 1528 θαύμα-

2100 1569 2183 1606 σιν
2222 1551 2658 1623 αὐτομολοῦντας
2692 1550 2829 1620 πρὸς
2878 1552 2978 1612 τὴν
3031 1551 3334 1616 εὐσέϐειαν,
3366 1552 3533 1614 αὐτὸς
3573 1551 3658 1622 μὲν

2095 1641 2194 1695 οὐκ
2219 1641 2298 1695 ἔτι
2331 1640 2516 1694 λοιπὸν
2548 1639 2638 1693 τὸν
2667 1639 2857 1708 ἀγῶνα
2901 1639 3115 1712 θαρρεῖ,
3139 1638 3474 1710 Μαξιμιανῷ
3505 1639 3561 1693 δὲ
3590 1639 3659 1707 τῷ

2101 1733 2320 1804 μεγάλῳ
2353 1732 2562 1803 βασιλεῖ
2589 1730 2657 1784 τά
2696 1733 2819 1784 κατ’
2854 1731 3054 1795 αὐτοὺς
3109 1732 3393 1802 ἀναφέρει,
3453 1735 3661 1802 μακράν

2098 1842 2198 1877 που
2227 1824 2597 1895 Νικομηδείας
2623 1821 2758 1894 ὁμοῦ
2783 1821 2861 1893 τῷ
2883 1821 3050 1877 παντὶ
3076 1823 3288 1895 στρατῷ
3316 1824 3660 1896 διατρίϐοντιο

2094 1916 2264 1971 τᾶλλα
2293 1933 2352 1968 τε
2388 1916 2527 1970 κατά
2561 1917 2729 1989 μέρος
2757 1914 3066 1984 διεξελθὼν,
3099 1917 3196 1970 καὶ
3223 1917 3305 1970 ὅτι
3348 1915 3532 1987 χώρας
3574 1917 3662 1988 μὲν

2093 2008 2195 2078 τῆς
2219 2007 2327 2061 τῶν
2360 2007 2634 2073 Γαλατῶν,
2657 1992 2928 2080 ’πατρίδος
2951 2010 3010 2062 δὲ
3041 2011 3142 2079 τῆς
3181 2007 3536 2080 ’Δγκυρανῶν
3562 2007 3664 2079 ὦρ-

2099 2117 2316 2172 μηνται.
2368 2100 2670 2171 Δεξάμενος
2702 2097 2798 2156 οῦν
2827 2101 2899 2156 τὰ
2932 2102 3239 2174 γράμματα
3272 2103 3301 2154 6
3329 2102 3662 2170 Μαξιμιανὸς

2095 2191 2190 2244 καὶ
2215 2191 2284 2244 τὰ
2306 2191 2602 2260 ἐγκείμενοι
2633 2190 2899 2258 ἐπελθὼν,
2934 2188 3091 2256 αὖθις
3114 2193 3266 2246 ὀκνεῖ
3282 2191 3382 2264 τὴν
3404 2193 3662 2260 ἐξέτασιν,

2095 2282 2264 2357 ταύτῃ
2317 2300 2398 2337 τοι
2455 2285 2549 2337 καὶ
2619 2285 2842 2356 ἀφορμῇ
2910 2284 3074 2339 πάλιν
3134 2285 3479 2358 εὐπροσώπῳ
3522 2304 3664 2358 περιι

2097 2377 2296 2429 στεῖλαι
2319 2376 2378 2429 τὸ
2407 2378 2644 2447 πρᾶγμα
2668 2377 3011 2448 βουλόμενος.
3053 2378 3205 2431 Ἐπεὶ
3225 2379 3318 2431 καὶ
3345 2377 3446 2447 τῆς
3472 2379 3662 2445 ’Δγκυ-

425 2491 645 2537 sanctos
691 2480 756 2535 ad
811 2478 1096 2548 quemdam
1144 2482 1333 2532 dueem
1377 2475 1730 2539 transmittit,
1777 2477 1994 2531 nomine

2106 2467 2274 2538 ρανῶν
2309 2468 2600 2539 ὡρμῆσθαι
2622 2469 2820 2533 αὐτοὺς
2841 2469 3028 2541 ἐδήλου
3049 2469 3118 2522 τὰ
3149 2471 3477 2542 γράμματα,
3500 2472 3664 2524 ἐκεῖσε

427 2575 721 2637 Curicium,
754 2574 942 2628 dicens
977 2589 990 2626 :
1027 2569 1262 2640 Equum
1298 2577 1401 2638 est,
1432 2581 1490 2624 ut
1518 2584 1638 2640 qua:
1663 2569 1869 2641 genuit,
1901 2584 1995 2625 eos

427 2676 482 2721 ct
517 2668 727 2732 habeat,
760 2675 814 2720 et
843 2663 982 2730 alat,
1019 2671 1072 2717 et
1105 2661 1312 2734 puniat.

497 2845 608 2906 LV.
653 2842 886 2898 Tantum
922 2840 1140 2896 solertia
1181 2848 1233 2895 et
1267 2837 1534 2909 sapientia
1575 2847 1630 2895 et
1653 2835 1996 2908 excogitandi

432 2937 689 2992 facilitate
719 2934 857 2989 valet
891 2931 984 2987 Dei
1027 2930 1366 3002 providentia
1392 2969 1408 2995 ,
1437 2938 1489 2983 et
1524 2929 1578 2984 in
1614 2931 1774 2984 rebus
1819 2928 1995 2984 dubiis

427 3028 631 3082 exitum
659 3035 766 3079 tam
807 3023 964 3079 facile
997 3024 1224 3089 invenit,
1259 3031 1313 3077 et
1351 3021 1624 3085 Clemens,
1653 3022 1743 3089 qui
1787 3029 1994 3074 tantum

432 3130 590 3173 terrae
627 3127 681 3171 ct
711 3117 879 3170 maris
910 3115 1138 3178 obierat,
1166 3123 1220 3169 et
1252 3113 1453 3168 tamdiu
1485 3114 1658 3168 fuerat
1685 3111 1998 3182 peregrina-

428 3218 537 3276 tus,
559 3211 610 3264 in
639 3208 1008 3264 charissimam
1029 3217 1082 3261 et
1104 3205 1573 3277 iucundissimam,
1595 3206 1734 3259 sicut
1752 3203 1993 3272 optabat,

430 3305 658 3374 patriam
683 3303 994 3358 revertitur.
1026 3301 1196 3368 Quam
1225 3317 1344 3355 cum
1377 3300 1500 3355 laeto
1537 3307 1592 3354 et
1619 3299 1784 3354 alacri
1818 3300 1998 3354 animo

430 3403 574 3450 esset
624 3395 897 3466 ingressus
935 3412 950 3450 :
991 3393 1173 3449 Gloria
1208 3393 1325 3459 tibi,
1365 3392 1591 3446 Domine
1620 3390 1748 3448 Jcsu
1781 3392 1998 3449 Christe

433 3488 608 3552 Deus,
639 3487 887 3552 dicebat,
931 3488 1072 3556 quod
1109 3500 1260 3542 meas
1297 3499 1486 3554 preces
1521 3484 1825 3540 exaudieris
1847 3524 1862 3550 ,
1898 3499 1998 3554 pa-

430 3581 655 3648 triaeque
702 3588 756 3634 et
803 3594 1043 3632 meorum
1094 3577 1358 3648 majorum
1419 3575 1680 3646 sepulcris
1738 3590 1825 3630 me
1873 3589 1995 3630 cum

425 3671 656 3739 pulchra
689 3671 989 3726 reddideris
1017 3671 1349 3734 accessione,
1375 3684 1496 3724 cum
1543 3667 1712 3734 socio,
1752 3667 1994 3737 inquam,

431 3763 749 3817 certaminis
791 3761 1162 3830 Agatltangelo
1209 3777 1224 3813 :
1259 3770 1320 3815 ut
1362 3761 1450 3814 ubi
1499 3769 1659 3813 natus
1685 3773 1803 3813 sum
1831 3798 1846 3822 ,
1891 3757 1997 3811 illic

429 3854 596 3907 etiam
630 3853 909 3908 decedam.
937 3853 1139 3907 Deinde
1197 3853 1264 3906 ad
1301 3851 1577 3916 Cui-icium
1622 3849 2000 3920 prmsideutem

431 3945 487 3998 in
519 3945 749 4012 quodam
803 3943 960 4008 loco,
996 3943 1086 4012 qui
1128 3943 1418 3998 vocabatur
1464 3941 1729 4011 Cryptos,
1775 3939 1828 3994 id
1876 3947 2002 4006 est,

437 4032 713 4098 Oet-ultus,
751 4033 839 4088 ubi
859 4033 1027 4088 etiam
1060 4048 1228 4102 parva
1257 4033 1500 4102 quaedam
1531 4030 1798 4086 mdiﬁcata
1822 4029 2004 4085 fuerat

435 4123 668 4178 ecclesia
691 4165 704 4190 ,
737 4125 837 4178 viri
884 4126 1154 4188 sistuntur
1187 4124 1412 4195 egregii.
1448 4122 1541 4177 Ille
1582 4129 1764 4178 autem
1795 4135 2003 4176 conans

429 4231 531 4270 eos
560 4215 845 4282 inducere,
875 4226 929 4272 et
954 4215 1025 4271 ad
1066 4232 1126 4273 se
1164 4216 1414 4287 pellicere
1445 4215 1645 4286 ingenii
1679 4215 1927 4269 acumine
1950 4223 2006 4268 et

435 4307 696 4373 solertia,
734 4323 828 4363 eos
855 4308 925 4364 ita
957 4319 1040 4365 est
1071 4311 1338 4364 allocutus
1367 4307 1548 4363 statim
1591 4305 1645 4360 in
1681 4306 1943 4375 principio
1985 4324 2000 4359 :

503 4398 640 4454 LVI.
687 4399 821 4455 Cum
849 4410 1117 4467 accurate,
1154 4415 1186 4454 ο
1225 4399 1348 4465 viri,
1389 4399 1456 4454 de
1496 4398 1648 4453 vobis
1680 4398 2002 4463 didicerim,

429 4503 486 4548 et
513 4500 777 4563 quantum
809 4502 964 4548 terra:
992 4494 1256 4558 obieritis,
1284 4503 1337 4549 et
1369 4501 1521 4562 quot,
1559 4499 1614 4547 et
1642 4499 1840 4560 quanta
1870 4491 2000 4544 sub-

431 4583 610 4639 ieritis
649 4583 908 4655 pericula,
931 4595 986 4640 et
1013 4597 1144 4656 quot
1171 4586 1364 4641 mortis
1392 4597 1591 4654 genera
1614 4582 1769 4638 vobis
1797 4582 1999 4636 intenta

427 4674 756 4746 'etl‘ugeritis,
790 4675 905 4745 ipse
935 4693 1153 4747 quoque
1175 4677 1357 4731 animo
1380 4674 1606 4740 alliciar,
1633 4683 1688 4727 et
1711 4673 1794 4727 vel
1815 4687 2000 4727 eorum

427 4769 550 4822 sola
601 4769 821 4839 frangor
866 4770 1172 4836 auditione,
1221 4778 1275 4824 et
1314 4767 1523 4822 eilicior
1551 4765 1705 4821 vobis
1745 4767 2005 4834 quodam-

355 4898 366 4907 .
433 4862 598 4914 modo
628 4863 807 4916 socius
835 4861 1207 4915 calamitatum
1239 4876 1254 4913 :
1297 4868 1352 4915 et
1391 4859 1512 4914 ideo
1539 4857 1628 4910 illa
1660 4859 2004 4926 magistratus

429 4951 675 5018 deposita
718 4953 1009 5005 severitate
1031 4993 1044 5014 ,
1077 4959 1186 5004 tam
1225 4949 1456 5018 benigne
1495 4947 1767 5004 vobiscum
1803 4958 1856 5003 ct
1892 4950 2004 5018 pla-

428 5041 554 5096 cide
604 5040 900 5111 colloquor.
937 5039 1150 5096 Videris
1183 5041 1326 5094 enim
1364 5040 1490 5093 mihi
1539 5039 1795 5105 omnino,
1824 5057 1858 5096 o
1882 5040 2008 5097 Cle-

2090 2559 2221 2622 ,τοὺς
2259 2561 2446 2628 ἁγίους
2473 2562 2610 2632 πρὸς
2642 2562 2885 2632 ἡγεμόνα
2913 2561 3034 2615 τινὰ
3064 2562 3358 2633 Κουρίκιον
3384 2563 3665 2634 παραπέμι

2099 2662 2191 2703 πει
2219 2648 2388 2714 οὕτως
2413 2651 2585 2705 εἰπών
2605 2667 2618 2681 ·
2647 2653 2757 2722 Τὴν
2779 2653 3193 2726 γεννησαμένην
3219 2653 3366 2726 ἔχειν
3393 2673 3455 2710 τε
3480 2655 3665 2722 αὐτοὺς

2099 2740 2194 2792 καὶ
2225 2739 2470 2810 τρέφειν,
2503 2740 2596 2794 καὶ
2630 2743 2991 2814 τιμωρεῖσθαι
3022 2744 3253 2798 δίκαιον.

2170 2832 2297 2885 NE'.
2332 2831 2519 2896 Οὕτως
2573 2833 2884 2904 εὐμήχανός
2938 2852 2998 2888 τε
3034 2838 3126 2888 καὶ
3183 2835 3320 2908 σοφὴ
3363 2839 3458 2892 καὶ
3483 2839 3541 2892 ἐν
3565 2839 3664 2902 τοῖς

2099 2923 2324 2996 ἀπόροις
2349 2923 2581 2995 εὔπορος
2606 2928 2639 2995 ἠ
2669 2925 2762 2979 τοῦ
2785 2925 2920 2980 Θεοῦ
2945 2927 3193 2999 πρόνοια,
3223 2929 3318 2982 καὶ
3345 2931 3375 2983 6
3404 2930 3663 3001 τοσαύτην

2100 3011 2343 3067 ἐπελθὼν
2373 3013 2477 3084 γῆν
2507 3031 2566 3067 τε
2591 3015 2683 3068 καὶ
2721 3013 2998 3072 Θάλασσαν
3021 3018 3274 3090 Κλήμης,
3297 3021 3393 3074 καὶ
3416 3020 3665 3090 τηλικαύ-

2097 3121 2197 3175 της
2221 3105 2534 3177 ἀποδημίας
2561 3107 2930 3179 στειλάμενος,
2961 3111 3060 3177 τὴν
3101 3113 3261 3181 φίλην
3318 3113 3475 3179 αὖθις
3506 3115 3664 3169 καθά-

2100 3210 2207 3266 περ
2227 3193 2424 3266 ηὔχετο
2448 3197 2542 3248 καὶ
2563 3196 2788 3267 ἡδίστην
2811 3197 3182 3268 ἀπολαμϐάνει
3209 3203 3461 3272 πατρίδα.
3488 3199 3591 3266 Ἥς
3607 3203 3662 3273 δή

2100 3304 2201 3340 που
2242 3287 2337 3344 καὶ¹
2365 3288 2462 3343 σὺν
2487 3289 2650 3362 ἡδονῇ
2675 3290 2871 3355 ἐπιϐὰς
2898 3290 2999 3346 καὶ
3027 3292 3361 3364 φαιδρότητι,
3410 3294 3546 3363 Δόξα
3571 3313 3662 3362 σοι,

2100 3380 2275 3452 Κύριε
2323 3381 2500 3453 Ἰησοῦ
2559 3384 2766 3454 Χριστέ
2798 3387 2826 3438 6
2857 3385 3012 3449 Θεὸς,
3057 3387 3260 3456 ἔλεγεν,
3314 3388 3431 3441 ἀνθ’
3460 3383 3534 3443 ὧν
3569 3391 3663 3442 είσ-

2101 3475 2344 3546 ⁴ἡκουσας
2374 3474 2474 3544 τῆς
2503 3476 2815 3547 προσευχῆς
2849 3494 2977 3547 μου,
3018 3478 3111 3530 καὶ
3147 3481 3213 3549 τῇ
3240 3494 3300 3530 τε
3330 3479 3548 3551 πατρίδι
3581 3479 3666 3534 καὶ

2099 3574 2214 3636 τοῖς
2235 3573 2583 3643 προγονικοῖς
2606 3588 2674 3643 με
2710 3572 2902 3640 τάφοις
2953 3574 3091 3643 μετά
3112 3573 3283 3642 καλῆς
3313 3575 3411 3645 τῆς
3435 3575 3663 3647 προσθή-

2099 3679 2204 3733 κης
2231 3664 2328 3717 τοῦ
2361 3662 2646 3729 συνάθλου,
2695 3665 2858 3736 φημὶ,
2899 3666 3303 3734 ’Δγαθαγγέλου
3364 3668 3660 3734 ἀπέδωκας,

2103 3755 2169 3808 ἵν’
2195 3755 2329 3808 ὅπου
2357 3756 2457 3826 τὴν
2499 3757 2757 3827 γέννησιν
2791 3756 2968 3827 ἔσχον,
3013 3757 3108 3810 καὶ
3133 3757 3230 3828 την
3280 3760 3534 3830 τελευτὴν
3561 3763 3666 3814 ἐκεῖ

2107 3843 2364 3915 δέξωμαι.
2403 3841 2535 3898 Εἶτα
2569 3843 2963 3916 προκαθίσαντι
3017 3845 3094 3916 τῷ
3129 3847 3402 3918 Κουρικίῳ
3453 3853 3508 3902 ἐν
3527 3851 3664 3920 τόπῳ

2108 3937 2215 3989 τινὶ
2239 3937 2298 4000 ὃς
2318 3936 2563 3990 ἐκαλεῖτο
2593 3937 2869 4006 Κρυπτὺς,
2899 3935 3028 3991 ἔνθα
3049 3954 3134 4000 τις
3154 3941 3248 3992 καὶ
3279 3942 3449 4011 μικρά
3476 3940 3664 4012 ᾠκοδό-

2114 4044 2253 4097 μητο
2309 4029 2598 4098 ἐκκλησία,
2636 4030 2688 4082 οί
2737 4031 2972 4096 γενναῖοι
3033 4029 3418 4099 παρίστανται.
3477 4034 3566 4095 Ὃς
3609 4033 3667 4087 δὲ

2110 4120 2484 4188 ἐπαγαγέσθαι
2521 4119 2717 4183 αὐτοὺς
2745 4120 2839 4173 καὶ
2867 4120 3170 4191 ὑποκλέψαι
3211 4123 3494 4196 περιουσίᾳ
3519 4123 3666 4192 δῆθεν

2109 4209 2387 4278 ἀγχινοίας
2415 4210 2773 4281 πειρώμενος,
2798 4209 3021 4264 τοιαῦτα
3045 4213 3102 4265 ἐν
3123 4215 3424 4284 προοιμίοις
3445 4215 3520 4270 ετι
3539 4215 3666 4286 πρὸς

2109 4303 2308 4364 αὐτοὺς
2327 4301 2617 4370 διελέγετοι

2179 4392 2322 4460 NCT.
2359 4394 2563 4450 Μαθὼν
2594 4394 2859 4467 ἀκριϐῶς,
2887 4388 2934 4450 ὦ
2965 4396 3173 4466 ἄνδρες,
3231 4398 3302 4452 τὰ
3351 4399 3473 4453 καθ’
3513 4398 3663 4468 ill-15;,

2109 4487 2240 4558 ὅσην
2267 4503 2327 4539 τε
2351 4486 2671 4558 περιήλθετε
2709 4489 2836 4560 γῆν,
2862 4491 3021 4554 ὅσους
3049 4507 3108 4544 τε
3141 4491 3466 4562 ὑπεμείνατε
3497 4490 3666 4545 κινδύ-

2111 4593 2253 4642 νους,
2285 4578 2381 4631 καὶ
2407 4577 2606 4648 ἡλίκας
2627 4579 2875 4635 θανάτων
2901 4582 3198 4650 ἐπαγωγὰς
3242 4583 3544 4653 διεφύγετε,
3572 4579 3666 4633 πά-

2113 4687 2224 4740 σχω
2253 4671 2347 4724 καὶ
2387 4671 2552 4736 αὐτὸς
2599 4671 2698 4743 τὴν
2743 4673 2946 4745 ψυχὴν,
3003 4675 3268 4748 καὶπρὸς
3297 4677 3466 4746 αὐτὴν
3512 4674 3665 4745 μόνην

2111 4763 2472 4834 κατακλῶμαι
2499 4765 2598 4835 τὴν
2629 4765 2819 4836 ἀκοὴν,
2842 4768 2936 4820 καὶ
2956 4769 3119 4821 οίονεὶ
3142 4770 3396 4833 κοινωνὸς
3431 4770 3551 4840 ὐμίν
3569 4767 3663 4820 τῶν

2111 4854 2406 4929 συμφορῶν
2443 4856 2668 4926 γίνομαι
2687 4873 2702 4888 ο
2732 4857 2821 4911 διὰ
2841 4859 2997 4912 τοῦτο
3022 4861 3118 4913 καὶ
3145 4862 3467 4932 ἀρχοντικὺν
3505 4861 3660 4914 πάντα

2109 4949 2272 5018 ὄγκον
2321 4948 2612 5003 ἀποϐαλὼν
2660 4949 2832 5013 οὕτως
2864 4951 3040 5022 ἠπίως
3101 4953 3230 5023 ὑμῖν
3273 4957 3370 5008 καὶ
3402 4953 3660 5026 προσηνῶς

2109 5041 2444 5111 διαλέγομαι.
2473 5043 2658 5104 Δοκεῖς
2681 5059 2773 5112 μοι
2796 5043 2906 5115 γὰρ
2936 5044 3175 5107 πάντως,
3194 5038 3240 5097 ὦ
3266 5046 3658 5116 θαυμασιώτατε

429 5147 588 5186 mens
615 5133 847 5186 maxime
871 5142 924 5186 et
949 5129 1303 5192 admirabilis,
1335 5144 1402 5186 eo
1421 5129 1565 5199 quod
1615 5145 1682 5185 ex
1727 5133 1832 5186 hac
1868 5149 1997 5200 prae-

2111 5131 2332 5204 Κλήμη,
2368 5133 2445 5204 τῷ
2473 5132 2573 5202 τῆς
2598 5133 2829 5204 ἀρίστης
2871 5136 3078 5206 ταύτης
3105 5135 3268 5206 φῦναι
3294 5139 3518 5204 πόλεως,
3547 5154 3660 5206 spa-

432 5223 775 5278 stantissima
807 5232 964 5278 natus
1000 5223 1074 5278 sis
1102 5224 1356 5285 civitate,
1391 5222 1443 5275 in
1478 5236 1648 5291 eaque
1674 5223 1911 5277 creveris
1946 5231 1997 5277 et

2109 5224 2273 5292 φῆναί
2307 5242 2366 5278 τε
2394 5227 2454 5278 ἐν
2480 5226 2639 5297 αὐτῇ,
2675 5227 2769 5279 καὶ
2817 5226 3120 5298 αὐξηθῆναι
3169 5231 3264 5284 καὶ
3308 5230 3656 5301 παιδευθῆναι,

425 5314 626 5368 doctus
654 5312 733 5366 sis
775 5322 832 5366 et
875 5311 1140 5368 educatus
1163 5351 1178 5376 ,
1203 5326 1268 5367 ea
1301 5312 1367 5366 de
1399 5325 1564 5367 causa
1615 5327 1684 5367 ne
1715 5312 1834 5377 pius
1875 5312 2000 5382 qui-

435 5406 554 5459 dem
593 5402 649 5458 in
680 5403 896 5458 deosin
945 5403 1048 5456 alia
1099 5403 1265 5458 videri
1314 5401 1552 5457 voluisse
1601 5402 1857 5470 civitate,
1890 5400 2000 5456 nisi

429 5498 586 5570 prius
608 5497 666 5553 in
703 5507 848 5550 tuam
873 5496 1133 5551 rediisses
1161 5495 1391 5565 patriam
1417 5534 1433 5560 .
1468 5509 1565 5566 pro
1601 5494 1728 5563 alia,
1767 5504 1824 5550 ut
1854 5495 2004 5550 vide-

435 5598 546 5656 tur,
599 5591 1037 5644 ren-uaeratione
1083 5588 1187 5643 hoc
1232 5588 1306 5644 illi
1348 5601 1658 5644 reservans.
1707 5587 1845 5643 Sunt
1879 5601 2008 5652 ergo

438 5697 584 5738 nunc
620 5697 649 5735 a
703 5695 752 5737 te
795 5680 1001 5737 civitati
1029 5688 1088 5736 et
1119 5681 1276 5736 nobis
1305 5680 1526 5750 agenda:
1555 5682 1764 5750 gratim.
1804 5678 1882 5734 Te
1910 5695 2010 5734 au-

442 5785 550 5830 tem
581 5784 948 5843 consequatur
999 5772 1292 5842 praeclarus
1334 5787 1548 5840 quoque
1586 5771 2007 5842 Agathangelus.

442 5867 619 5924 Nolite
662 5884 796 5938 ergo
824 5867 1062 5934 dill‘erre,
1103 5871 1198 5924 sed
1231 5867 1335 5922 diis
1380 5868 1446 5921 de
1486 5880 1636 5920 more
1680 5865 2006 5920 sacriﬁcate.

437 5963 624 6019 Sancti
660 5979 787 6020 vero
820 5983 834 6021 :
870 5962 1182 6033 Quomodo,
1212 5961 1489 6029 dixerunt,
1542 5958 1708 6016 fueris
1742 5957 1894 6013 nobis
1923 5971 2012 6013 so-

2106 5315 2296 5369 τούτου
2319 5315 2476 5388 χάριν
2509 5317 2642 5387 μηδέ
2675 5317 2900 5388 θελῆσαι
2933 5321 3082 5385 ὅσιος
3113 5321 3184 5375 τὰ
3227 5326 3359 5395 περὶ
3387 5324 3510 5388 τούς
3529 5323 3661 5380 θεοὺς

2109 5409 2168 5459 ὲν
2197 5402 2363 5480 ἒτέρᾳ
2427 5409 2774 5478 ἀναφανῆναι
2803 5413 2897 5480 γῇ,
2953 5413 3001 5464 εί
3061 5415 3136 5483 μὴ
3175 5415 3286 5484 ἄρα
3323 5416 3429 5484 τῆς
3481 5413 3661 5472 οίκείας

2109 5499 2303 5570 ἐπιϐῇς
2333 5500 2515 5568 πάλιν,
2546 5499 2661 5554 ἀντ’
2700 5500 2887 5570 ἄλλης,
2916 5503 2992 5565 ὡς
3014 5503 3212 5574 ἔοικεν,
3246 5508 3499 5578 ἀμοιϐῆς,
3527 5505 3662 5560 τοῦτο

2110 5592 2178 5660 τῇ
2206 5590 2423 5660 πατρίδι
2449 5593 2866 5661 ταμιευόμενος.
2903 5595 3046 5664 Ὦρα
3092 5595 3221 5664 γοῦν
3248 5614 3332 5651 σοι
3359 5599 3582 5671 χάριτας
3607 5595 3659 5662 τῇ

2110 5699 2172 5735 τε
2207 5682 2357 5736 πόλει
2381 5683 2479 5738 καὶ
2505 5685 2636 5753 ἡμῖν
2661 5685 2978 5741 ἀποδοῦναι.
3005 5689 3327 5744 Συνεπέσθω
3350 5691 3407 5744 δέ
3436 5689 3515 5744 σόι
3534 5687 3662 5743 καὶὸ

2113 5774 2280 5838 καλὸς
2325 5774 2755 5846 Ἀγαθάγγελος·
2797 5778 2872 5850 μὴ
2901 5775 2996 5832 οὐν
3050 5779 3294 5850 μέλλετε,
3349 5783 3484 5837 ἀλλά
3527 5781 3662 5836 θύετε

2119 5867 2262 5928 θεοῖς
2309 5866 2377 5920 τὰ
2426 5868 2806 5938 νενομισμένα.
2867 5871 2930 5922 Ol
2961 5870 3019 5923 δὲ
3067 5871 3235 5940 ἅγιοι,
3290 5873 3415 5938 Πῶς
3445 5875 3500 5928 δὲ
3551 5873 3663 5943 ημῖν

2120 5959 2377 6025 κοινωνὸς
2419 5960 2504 6029 ἂν,
2559 5957 2734 6029 εἷπον,
2779 5963 2888 6018 τῶν
2919 5962 3153 6034 θλίψεων
3181 5964 3380 6034 γένοιο,
3413 5963 3490 6032 οἷς
3521 5961 3662 6037 ἠδονῆ
