3832 6472
162 505 270 570 861

1192 484 1375 559 ΫΙἸἋ
1411 486 1473 557 S.
1508 482 1942 556 CLEMENTIS
1979 484 2401 559 ANCYRANI.

3329 482 3438 546 8332

162 621 365 694 μᾶλλον
393 621 449 673 αἱ
477 617 725 672 τοιαῦται
769 604 981 685 θλίψεις
1028 610 1171 678 είσί;
1220 610 1501 680 Χαίρομεν
1526 610 1635 680 γάρ
1667 606 1760 661 ἐπὶ

1875 609 1983 665 eius
2004 606 2378 674 aﬂlietlonum,
2409 607 2604 682 quibus
2632 613 2760 664 sunt
2793 600 3051 675 voluptati
3081 598 3445 657 alliietionrs?

156 717 273 778 τοῖς
300 712 596 784 παθήμασι
616 708 849 773 τούτοις,
883 708 980 761 καὶ
1008 702 1288 772 τοσοῦτον,
1312 702 1424 773 ὅσῳ
1461 701 1556 755 καλ⁸
1578 698 1752 765 πάθος

162 774 369 880 μᾶλλον
395 774 489 858 κᾶι
524 801 814 873 συμφορὰν
848 803 913 852 τὸ
944 797 1022 870 μὴ
1053 798 1282 850 τοιαῦτα
1318 793 1512 848 παθεῖν
1541 774 1753 863 λογιζόέ

165 915 333 972 μενα,
361 895 553 968 ὥσπερ
578 893 673 949 καὶ
702 890 930 964 διηνεκῆ
973 887 1139 943 πάλιν
1172 886 1579 959 μακαριότητα,
1603 887 1650 938 εί
1694 886 1753 938 ἐν

161 995 233 1064 τῇ
269 987 523 1061 παρούσῃ
557 985 652 1040 τοῦ
710 979 953 1057 Χριστοῦ
1000 979 1186 1034 πίστει
1233 979 1331 1033 καὶ
1373 980 1441 1050 τῇ
1493 975 1757 1049 ὁμολογίᾳ

158 1085 339 1157 ταύτῃ
366 1078 769 1149 τελειωθῶμεν.
803 1076 867 1130 Ei
895 1074 954 1128 δὲ
979 1071 1062 1127 ἔτι
1082 1072 1192 1145 χρὴ
1224 1072 1321 1127 καὶ
1345 1071 1626 1125 κοινωνεῖν
1660 1069 1756 1124 ἀλ-

155 1177 344 1251 λήλοις
385 1173 501 1229 τῶν
524 1168 847 1243 συμφορῶν,
899 1167 1050 1239 ἡμᾶς
1083 1165 1165 1219 δεῖ
1190 1164 1393 1251 μᾶλλον
1417 1162 1525 1217 τῶν
1552 1161 1755 1235 ὑμαί·-

163 1250 273 1340 ρων
301 1265 607 1339 λαμϐάνειν
643 1259 854 1327 κακῶν,
883 1257 940 1313 οί
964 1274 1025 1327 γε
1054 1258 1148 1311 τὸν
1169 1250 1347 1328 ἀληθῆ
1381 1254 1517 1310 Θεὸν
1549 1254 1756 1325 ἀγνοή-

160 1377 357 1423 σαντες
381 1356 623 1429 εἰδώνις
643 1352 1012 1424 ἀναισθήτοις,
1041 1348 1142 1420 φεῦ
1168 1350 1183 1404 l
1211 1349 1305 1403 καὶ
1330 1348 1534 1418 κωφοῖς
1558 1345 1758 1410 ἀθλίως

162 1447 551 1524 προστίθεσθε.

232 1539 363 1596 ΝΖ.
399 1538 542 1611 Πρὸς
567 1535 745 1595 ταῦτα
771 1534 961 1598 δεινῶς
987 1530 1347 1604 ὲκθηριωθεὶς
1373 1532 1403 1585 6
1433 1527 1756 1601 Kouplxtog,

172 1633 421 1703 Ἐπειδὴ,
458 1630 617 1702 φησὶ,
654 1628 872 1700 μοίρας,
927 1625 1003 1690 ὡς
1054 1625 1256 1689 ἔοικεν,
1303 1621 1429 1677 ὲστὲ
1489 1621 1760 1691 πονηρᾶς,

160 1729 259 1782 καὶ
288 1724 511 1798 χαίρετε
549 1722 781 1794 μᾶλλον,
813 1720 888 1784 ὡς
920 1719 1062 1789 ὁρῶ,
1089 1715 1518 1790 τιμωρούμενοι,
1546 1713 1658 1784 ἐγὼ
1692 1712 1763 1769 τὰ

163 1818 306 1872 κατὰ
333 1814 564 1885 γνώμην
591 1813 721 1882 ὑμῖν
747 1810 1047 1881 φιλοτίμως
1096 1806 1345 1876 παρέξω.
1392 1805 1622 1877 Σίδηρον
1668 1801 1763 1858 οὖν

164 1906 497 1980 ἐκπυρὼσας
527 1901 672 1958 οὕτω
691 1902 962 1974 σφοδρῶς,
992 1900 1068 1965 ὡς
1101 1899 1198 1955 καὶ
1226 1899 1531 1970 σπινθῆρας
1560 1913 1765 1951 παντα-

164 1998 324 2068 χόθεν
381 1994 553 2065 πυρὸς
586 1994 832 2061 ἀφιέναι,
897 1993 1017 2056 ταῖς
1047 1989 1141 2044 τοῦ
1176 1989 1414 2061 μεγάλου
1447 1990 1764 2060 Κλήμεντος

166 2088 465 2143 ὑποϐάλλει
498 2084 839 2157 μασχάλαις’
864 2079 985 2138 εἶτα
1016 2083 1114 2139 καὶ
1137 2085 1257 2145 ταῖς
1292 2082 1558 2153 πλευραῖς
1582 2083 1766 2152 ἀσφα-

165 2182 277 2244 λῶς
304 2181 430 2243 τοὺς
453 2177 710 2248 άγκῶνας
745 2176 1149 2246 ὲγκαταδήσας,
1188 2175 1277 2230 ίνα
1303 2174 1399 2229 καὶ⁵
1429 2172 1769 2247 πικροτέρας

167 2272 497 2342 αἰσθάνηται
554 2270 655 2340 τῆς
714 2269 931 2341 ὀδύνης,
977 2269 1135 2334 ξύλον
1188 2286 1248 2322 τε
1288 2269 1555 2340 ἰσόμηκες
1613 2267 1769 2339 ἀνδρὶ

169 2365 317 2421 κατὰ
342 2364 448 2435 γῆς
471 2361 728 2433 πηγνύει,
758 2362 854 2416 καὶ
883 2362 973 2416 τὸν
1007 2362 1302 2432 Κλήμεντά
1332 2360 1517 2434 όρθιον
1539 2362 1597 2414 ὲν
1619 2361 1770 2432 αύτῷ

170 2460 540 2533 καταδεθῆναι
574 2458 824 2513 κελεύει·
847 2458 941 2512 τὸν
982 2457 1384 2527 Ἀγαθάγγελον
1407 2457 1466 2512 δὲ
1505 2458 1771 2528 μετεωρί-

173 2573 297 2619 σας,
358 2554 455 2607 καὶ
501 2551 729 2623 δημίους
791 2549 1058 2604 πάντοθεν
1117 2552 1477 2622 περιστήσας,
1528 2547 1769 2617 πλευρὰς

171 2641 342 2697 αὑτοῦ
371 2643 469 2695 καὶ
497 2643 711 2712 κνήμας
743 2640 1054 2708 κατέξαινε.
1098 2640 1324 2707 Μεταξὺ
1368 2640 1429 2693 δὲ
1457 2638 1551 2694 καὶ
1580 2639 1770 2711 ὥσπερ

171 2734 556 2805 ἐπιχλευάζων
582 2735 633 2787 εἰ
676 2733 1089 2787 ἐπαισθάνοιντο
1114 2732 1223 2785 τῶν
1255 2730 1537 2787 κολάσεων
1571 2730 1774 2802 διηρώ-

171 2844 265 2882 τα.
318 2826 459 2899 Πρδς
487 2826 597 2881 δνό
634 2825 807 2898 μέγας
840 2825 1075 2897 Κλήμης
1122 2824 1186 2878 τὸ
1235 2823 1330 2879 τοῦ
1380 2823 1599 2881 Παύλου
1628 2824 1772 2879 κατὰ

172 2916 372 2990 καιρὸν
399 2914 736 3000 ἁπεκρίνατο
755 2956 773 2984 ,
807 2917 972 2969 Ὅσον
994 2916 1024 2968 6
1067 2914 1269 2982 ἔξωθεν
1296 2913 1454 2987 ήμῶν
1483 2912 1773 2986 ἄνθρωπος

171 3010 466 3082 φθείρεται
491 3049 508 3075 ,
539 3008 737 3078 λέγων,
761 3006 1016 3062 τοσοῦτον
1045 3010 1074 3063 6
1109 3007 1321 3062 ἔνδοθεν
1357 3008 1769 3065 ἀνακαινοῦται.

178 3106 247 3193 Ὀ
272 3104 500 3178 ἡγεμὼν
527 3100 622 3162 οὖν
650 3106 747 3178 τήν
768 3107 979 3160 ἐκείνου
1010 3107 1110 3178 τῆς
1137 3104 1438 3178 καρτερίας
1465 3104 1774 3177 ὑπερϐολὴν

173 3199 453 3271 ὑπερϐολῇ
484 3199 646 3253 πάλιν
674 3197 953 3252 κολάσεων
1005 3198 1231 3268 νικῆσαι
1290 3196 1643 3268 φιλονεικῶν,
1679 3196 1773 3252 καὶ

1855 699 2128 756 Latatnur
2152 701 2296 756 enim
2321 701 2407 756 his
2429 695 2892 770 perpessionibus,
2921 701 2976 748 et
2998 706 3064 749 eo
3083 690 3272 762 magis,
3299 688 3441 758 quod

1857 809 1964 849 non
2000 792 2126 848 talia
2155 792 2287 863 pati,
2334 791 2741 863 perpessionem
2778 800 2898 842 esse
2924 783 3176 841 ducimus
3205 788 3259 837 et
3297 779 3439 833 calas

1859 887 2138 954 tuitatem;
2180 886 2323 943 sicut
2353 886 2520 941 etiam
2562 890 2878 955 perpetuam
2923 891 3116 934 rursus
3142 872 3441 931 beatitudi-

1858 996 2015 1046 nem,
2045 981 2092 1038 si
2124 979 2178 1035 in
2207 978 2459 1050 praesenti
2490 974 2696 1032 Christi
2740 972 2844 1028 fide
2879 979 2935 1027 et
2964 972 3019 1026 in
3052 969 3158 1025 hac
3185 979 3444 1023 consum-

1860 1087 2074 1129 memur
2101 1071 2470 1129 confessiones
2502 1068 2660 1138 Quod
2691 1068 2736 1123 si
2769 1072 2981 1136 oportet
3014 1076 3114 1118 nos
3145 1073 3269 1115 esse
3301 1058 3446 1114 inter

1858 1182 1961 1225 nos
2016 1169 2200 1224 socios
2251 1163 2665 1229 calamitatum,
2715 1164 2935 1229 oportet
2984 1161 3088 1213 nos
3139 1155 3443 1207 vestrorum

1861 1258 2127 1314 malorum
2168 1257 2350 1329 pntius
2391 1253 2642 1312 misereri
2668 1255 2697 1318 ,‘
2721 1252 2815 1323 qui
2846 1262 3039 1304 verum
3086 1244 3256 1299 Deum
3292 1242 3446 1314 igno-

1862 1362 2080 1420 rantes,
2121 1350 2268 1407 nullo
2297 1364 2460 1408 sensu
2491 1346 2731 1420 praeditis
2791 1341 2967 1415 (proh
3014 1335 3248 1407 dolor!)
3282 1334 3451 1390 simu-

1862 1443 2025 1499 lacris
2055 1454 2106 1498 et
2139 1430 2320 1498 surdis
2354 1441 2553 1497 misere
2578 1436 2710 1493 estis
2741 1433 2932 1491 dediti.

1935 1533 2096 1591 LVll.
2127 1536 2224 1592 His
2247 1535 2485 1606 graviter
2523 1530 2780 1587 elleratus
2818 1524 3068 1582 Curicius
3100 1538 3115 1576 :
3143 1519 3448 1589 Quoniam,

1868 1629 2067 1700 inquit,
2123 1639 2184 1683 ut
2215 1626 2448 1691 videtur,
2504 1627 2770 1679 malarum
2812 1620 2950 1676 estis
2983 1613 3243 1688 partium,
3283 1620 3359 1674 et,
3392 1616 3452 1663 ut

1864 1726 2109 1790 videtur,
2161 1718 2418 1776 laetamini
2453 1719 2579 1774 dum
2607 1711 2926 1770 cruciamini
2956 1751 2971 1773 ,
3019 1723 3119 1779 ego
3158 1719 3278 1777 quae
3325 1710 3452 1757 sunt

1867 1814 2018 1870 vobis
2072 1812 2266 1878 cordi,
2346 1806 2599 1880 praebebo
2651 1802 2947 1859 liberaliter
3016 1809 3071 1854 et
3133 1793 3448 1864 magniﬁce.

1866 1908 2002 1963 Cum
2031 1907 2213 1976 itaque
2245 1901 2430 1957 statim
2462 1898 2663 1954 ferrum
2704 1896 3059 1950 vehementer
3089 1885 3451 1949 accendisset,

1869 2011 1928 2056 ιιι
1961 1975 2294 2068 ειὶιιιιιίίειιίε
2351 1990 2616 2047 scintillas
2666 1988 3025 2057 nndequaque
3072 1980 3364 2043 emitteret,
3401 1975 3457 2032 id

1868 2092 2085 2162 subjicit
2119 2088 2298 2142 axillis
2349 2083 2531 2155 magni
2584 2078 2885 2137 Clementis
2926 2095 2940 2132 :
2992 2082 3048 2130 et
3080 2072 3276 2128 deinde
3328 2083 3455 2125 cum

1869 2184 2130 2242 lateribus
2155 2180 2313 2234 ulnas
2349 2175 2566 2231 fortiter
2610 2171 2925 2240 alligasset,
2959 2176 3019 2221 ut
3055 2163 3295 2220 dolorem
3329 2175 3457 2215 seu-

1868 2277 1997 2332 tiret
2056 2272 2431 2335 acerbiorem,
2479 2266 2683 2338 lignttm
2724 2257 3097 2333 magnitudine
3144 2254 3193 2310 ei
3248 2250 3459 2323 aequale

1870 2369 1984 2437 ligit
2010 2368 2061 2420 in
2088 2373 2289 2418 terram
2324 2379 2339 2415 :
2375 2371 2424 2413 et
2453 2357 2788 2413 Clementem
2817 2351 3034 2422 quidem
3058 2347 3211 2419 jubet
3246 2355 3455 2399 rectum

1873 2464 1926 2516 in
1959 2476 2025 2514 eo
2056 2455 2267 2527 alligari
2306 2471 2320 2508 :
2350 2465 2472 2507 cum
2497 2446 2928 2520 Agatbangelnm
2960 2452 3142 2497 autem
3169 2437 3458 2494 sublimem

1871 2550 2222 2615 sustulisset,
2262 2559 2317 2601 et
2355 2544 2577 2599 lictores
2631 2542 2776 2596 circa
2830 2551 2954 2591 eum
3008 2531 3154 2588 omni
3203 2546 3268 2585 ex
3305 2535 3462 2599 parte

1871 2643 2183 2708 statuisset,
2235 2653 2425 2694 eorum
2477 2636 2646 2690 latera
2685 2641 2741 2688 et
2790 2628 2950 2685 tibias
2986 2624 3148 2682 simul
3194 2621 3459 2677 credebat.

1872 2737 2092 2794 lnteritn
2133 2735 2314 2790 autem
2345 2746 2439 2785 eos
2473 2728 2640 2781 veluti
2673 2725 3039 2785 subsannans,
3094 2717 3465 2785 interrogabat

1874 2850 1942 2889 an
1987 2830 2259 2887 sentirent
2307 2822 2595 2895 supplicia.
2642 2817 2741 2874 Cui
2780 2829 3006 2885 magnus
3040 2813 3292 2869 Clemens
3328 2808 3461 2863 illud

1872 2925 2026 2985 Pauli
2053 2923 2074 2955 ⁶
2130 2921 2187 2977 in
2231 2928 2477 2988 tempore
2523 2910 2801 2982 respondit
2834 2928 2848 2965 :
2880 2906 3152 2976 Quantum
3202 2910 3462 2958 externus

1879 3020 2041 3076 homo
2072 3023 2262 3071 noster
2292 3006 2687 3078 corrumpitur,
2727 3002 2941 3067 dicens,
2978 3003 3185 3051 tantum
3219 2994 3463 3048 internus

1876 3117 2189 3165 renovatur.
2234 3102 2352 3158 Dux
2401 3100 2583 3171 itaque
2625 3109 2895 3152 summam
2942 3091 3085 3147 illius
3119 3085 3462 3145 tolerantiam

1826 3241 1841 3268 ,
1877 3199 2214 3254 contendens
2241 3206 2432 3249 rursus
2460 3187 2692 3249 summis
2721 3197 2980 3256 superare
3010 3179 3313 3250 suppliciis,
3352 3174 3465 3231 ier-

174 3290 406 3360 σιδηρᾶν
435 3270 872 3360 περικεφαλαίαν
900 3287 977 3352 ὡς
1000 3288 1128 3357 ἐνῆν
1168 3287 1401 3359 μάλιστα
1422 3286 1761 3360 ἐῖκττυρώσαςοῐ

1881 3306 2030 3348 ream
2063 3302 2284 3361 quoque
2322 3284 2552 3357 galeam,
2582 3296 2706 3336 cum
2741 3294 2861 3336 eam
2889 3285 3151 3348 quantum
3199 3270 3466 3343 potuisset

174 3381 274 3436 tat
306 3381 406 3452 τὴν
434 3381 681 3453 κεφαλὴν
738 3380 922 3454 φέρων
971 3380 1064 3436 τοῦ
1103 3382 1382 3453 μάρτυρος
1415 3380 1768 3451 κατατίθησι,

172 3477 271 3529 καὶ
301 3474 512 3539 καπνὸς
535 3472 636 3545 μὲν
660 3473 863 3528 αὐτίκα
888 3471 980 3529 διὰ
1003 3470 1098 3527 τοῦ
1128 3472 1424 3544 στόματος,
1443 3472 1557 3527 τῶν
1586 3472 1771 3545 ῥινῶν.

172 3567 290 3620 τῶν
319 3566 476 3621 ὤτων
500 3566 802 3649 ἐπέμπετο.
839 3564 989 3622 Βαθὺ
1016 3565 1283 3630 στενάξας
1311 3567 1521 3631 ἐκεῖνος
1555 3563 1657 3621 καὶ
1681 3564 1774 3621 τδν

172 3660 311 3713 Θεὸν
348 3658 804 3730 ὲπιϐοησάμενος,
842 3659 917 3717 Τὸ
946 3658 1115 3731 ὕδωρ,
1174 3654 1323 3725 εἶπε,
1361 3658 1423 3713 τὸ
1453 3656 1586 3726 ζῶν,
1611 3660 1639 3714 ὁ
1670 3657 1774 3730 τῆς

175 3750 462 3823 σωτηρίας
524 3750 683 3821 ήμῶν
739 3750 934 3815 ὑετὸς,
969 3750 1133 3814 αὐτὸς
1195 3751 1488 3821 ἑπίσταξόν
1528 3770 1621 3825 μοι
1668 3752 1774 3826 τὴν

171 3845 366 3916 δρόσον
405 3844 505 3914 τὴν
537 3843 694 3917 παρὰ
730 3841 848 3900 σοῦ.
887 3845 1189 3916 Ἐξήγαγες
1214 3845 1361 3917 ἡμᾶς
1395 3844 1457 3901 τὸ
1484 3846 1617 3919 πρὶν
1650 3845 1778 3901 ὓδαδ

170 3954 293 4004 τος,
323 3936 562 4006 ἐξάγαγε
593 3937 689 3992 καὶ
722 3936 820 3992 νῦν
848 3938 913 3991 ὲκ
941 3937 1117 4009 πυρὸς
1141 3939 1223 4002 είς
1247 3937 1553 4012 ἀναψυχήν.
1586 3939 1776 3997 Ταῦτα

172 4025 354 4094 εἶπεν,
407 4028 502 4084 καὶ
558 4029 701 4083 κατὰ
740 4028 937 4099 μικρὸν
984 4028 1195 4101 ψυχρόν
1248 4047 1309 4084 τε
1357 4030 1419 4086 τὸ
1470 4032 1777 4104 μηχάνημα

172 4123 357 4176 ἐκεῖνο
412 4120 672 4194 κατέστη.
732 4121 828 4176 καὶ
867 4122 921 4177 at
969 4123 1060 4177 τὸν
1104 4121 1510 4195 ’Δγαθάγγελον
1562 4124 1776 4191 ξέοντες

174 4210 596 4283 ἀπηγόρευσαν.
632 4212 811 4283 Ὅπερ
840 4210 933 4266 οὖν
968 4212 1147 4267 ίδόντα
1172 4212 1264 4268 τὸν
1292 4212 1538 4285 ἡγεμόνα
1570 4212 1775 4285 τρόμος

170 4314 236 4359 τε
261 4307 363 4359 σὺν
392 4302 653 4375 ἐκπλήξει
678 4306 943 4375 κατέσχε,
974 4306 1069 4361 καὶ
1092 4306 1219 4369 τοὺς
1244 4304 1434 4376 ἁγίους
1463 4306 1776 4375 ἀπάγεσθαι

174 4397 319 4469 πρὸς
346 4396 409 4449 τὸ
439 4396 816 4468 δεσμωτήριον
850 4395 1013 4459 εὐθὺς
1063 4397 1344 4466 ἐκέλευσε,
1399 4397 1501 4472 τὴν
1538 4382 1777 4470 ἀπορίαν

174 4491 234 4541 ὲν
272 4487 625 4559 προσλήματι
651 4489 998 4558 συμπαθείας
1021 4486 1390 4559 διαλυόμενος.

252 4578 397 4635 NH‘.
436 4580 500 4634 Ἠ
531 4579 714 4651 μέντοι
741 4580 881 4653 copi)
909 4580 1102 4652 Σοφία,
1126 4584 1161 4654 ή
1185 4582 1278 4638 καὶ
1295 4582 1502 4655 μήτηρ,
1530 4574 1607 4646 ὦς
1629 4581 1660 4636 6
1684 4579 1777 4635 λό-

172 4680 278 4742 γος
320 4671 534 4742 φθάσας
556 4672 813 4744 ἐδήλωσε,
849 4674 944 4728 καὶ
971 4674 1343 4744 παιδαγωγὸς,
1376 4675 1470 4728 καὶ
1494 4673 1675 4730 πάντα
1696 4674 1779 4746 τῷ

177 4765 338 4836 καλῷ
367 4765 652 4836 Κλήμεντι
679 4765 972 4839 γενομένη,
1005 4768 1094 4821 διὰ
1127 4767 1320 4839 χρόνου
1346 4765 1536 4822 τοῦτον
1568 4766 1775 4836 ἰδοῦσα,

174 4857 326 4911 οὓτω
358 4873 419 4909 τε
454 4857 597 4927 μετὰ
648 4855 745 4911 τοῦ
804 4857 1015 4930 κόσμου
1045 4859 1145 4929 τῆς
1176 4857 1471 4927 ὁμολογίας
1502 4858 1598 4912 καὶ¹
1625 4857 1772 4930 λαμ-

178 4949 331 5019 πρᾶς
366 4947 735 5001 ἐπανελθόντα
783 4948 885 5019 τῆς
930 4947 1027 5002 τοῦ
1075 4947 1378 5020 μαρτυρίου
1431 4940 1649 5018 στολῆς,
1682 4948 1777 5003 καὶ

183 5039 353 5095 πάλιν
384 5039 820 5110 ὲπιςςανέστερον
846 5043 906 5094 ὲν
922 5041 990 5111 τῇ
1022 5039 1244 5111 πατρίδι
1263 5042 1330 5110 τῇ
1357 5040 1652 5114 προσθήκῃ
1670 5040 1780 5094 τῶν

182 5129 451 5184 κινδύνων
478 5131 774 5200 γενόμενον
803 5132 1009 5203 μεστήν
1029 5147 1091 5185 τε
1116 5126 1267 5201 εἶχεν
1289 5131 1489 5204 ⁴ιιδονῆς
1511 5132 1611 5201 τὴν
1640 5149 1782 5205 καρ-

180 5224 327 5287 δίαν,
360 5222 457 5277 καὶ
486 5223 795 5295 προσεδόκα
825 5224 953 5279 ὅσον
984 5223 1200 5278 οιίίδέπω
1238 5225 1777 5297 καταπεμπομένους

179 5315 396 5371 ἄνωθεν
420 5315 518 5370 καὶ
541 5315 671 5381 τοὺς
706 5316 1006 5387 στεφάνους
1039 5317 1192 5374 ἰδεῖν.
1217 5316 1431 5382 Νυκτὸς
1453 5317 1511 5370 δὲ
1543 5316 1681 5389 πρὸς
1710 5317 1773 5371 τὸ

178 5410 564 5481 δεσμωτήριον
596 5402 910 5481 ἀφικομένη
960 5410 1058 5466 καὶ
1104 5409 1187 5482 τῷ
1237 5411 1521 5482 Κλήμεντι
1554 5409 1630 5472 ὡς
1658 5404 1774 5480 εἶχε

180 5500 571 5573 περιχυθεῖσα,
599 5503 695 5556 καὶ
721 5503 917 5575 ήδονῆς
946 5503 1034 5558 ἐπ’
1054 5501 1209 5575 αὐτῷ
1242 5502 1452 5571 δάκρυα
1500 5501 1773 5556 καταστάο

175 5596 379 5662 ζουσα,
400 5594 466 5650 τὸ
491 5597 691 5668 στόμα,
714 5597 814 5662 τάς
841 5600 1054 5669 χεῖρας,
1085 5595 1213 5660 τοὺς
1236 5595 1568 5668 ὀφθαλμοὺς,
1591 5595 1773 5651 πάντα

172 5688 403 5779 ἐκείνου
454 5688 695 5762 γνησίως
743 5690 1026 5762 κατεφίλει
1074 5688 1147 5747 τὰ
1183 5690 1341 5763 μέλη.
1378 5688 1613 5744 Ἔπειτα
1655 5688 1776 5754 πῶς

167 5783 399 5839 ἰκετθεν
451 5782 699 5849 πλεύσοι,
744 5784 893 5841 τίσιν
921 5784 1278 5856 παραδοθείη,
1306 5784 1430 5840 τίνα
1471 5782 1543 5839 τά
1571 5779 1775 5854 μεταξὺ

243 5965 279 5996 ’⁸
300 5961 357 6022 ιι
382 5963 512 6024 εσυ.
537 5978 620 6035 tv,
653 5964 739 6022 ίϐκ

1877 3381 2256 3447 accendisset,
2301 3376 2485 3433 ferens
2521 3373 2705 3446 posuit
2749 3384 2910 3440 supra
2946 3378 3109 3436 caput
3157 3362 3460 3434 martyris:

1876 3484 1932 3533 et
1983 3472 2167 3531 statim
2210 3471 2392 3527 fumus
2440 3465 2662 3539 quidem
2722 3461 3043 3518 mittebatur
3095 3471 3190 3529 per
3226 3471 3319 3520 os,
3367 3468 3467 3522 per

1880 3580 2078 3630 nares,
2128 3579 2229 3637 per
2277 3574 2461 3618 aures.
2509 3557 2646 3613 Cum
2677 3554 2767 3609 ille
2794 3562 2979 3607 autem
3016 3545 3279 3620 profunde
3319 3544 3466 3611 inge-

1874 3658 2140 3721 muisset,
2184 3663 2239 3711 et
2269 3655 2438 3711 Deum
2485 3652 2793 3706 invocasset
2823 3661 2837 3700 :
2874 3643 2919 3700 0
2956 3656 3095 3713 aqua
3118 3680 3133 3704 ,
3175 3636 3463 3707 inquiens,

1876 3744 2023 3815 vlva,
2064 3745 2243 3803 imber
2280 3753 2485 3801 nostra:
2531 3739 2745 3803 salutis,
2796 3736 2933 3803 ipse,
2969 3730 3165 3800 inquit,
3198 3736 3347 3783 tuum
3381 3727 3467 3780 in-

1878 3839 2021 3899 stilla
2079 3837 2215 3894 mihi
2273 3850 2478 3892 rorem.
2543 3828 2655 3888 Nos
2718 3827 2935 3899 quidem
2991 3825 3141 3896 prius
3199 3836 3264 3876 ex
3324 3833 3465 3888 aqua

1879 3932 2139 4000 rduxisti,
2173 3941 2230 3989 et
2271 3943 2417 3985 nunc
2442 3942 2507 3984 ex
2536 3925 2660 3997 igne
2683 3923 2821 3981 ednc
2849 3918 2901 3975 in
2944 3914 3305 3983 refrigerium.
3339 3911 3468 3967 Haec

1879 4027 2048 4091 dixit,
2094 4034 2148 4080 et
2176 4020 2439 4095 paulatim
2494 4012 2689 4088 frigida
2723 4013 2896 4067 evasit
2944 4009 3032 4065 illa
3085 4006 3376 4069 machina,
3412 4010 3469 4059 et

1880 4118 2077 4176 defessi
2122 4124 2281 4180 sunt,
2324 4112 2416 4185 qui
2469 4111 2646 4181 ipsum
2683 4107 2964 4163 caedebant
3009 4097 3464 4173 Agatbangelum.

1879 4210 2033 4279 Quod
2070 4208 2290 4281 quidem
2342 4219 2465 4261 cum
2504 4202 2612 4258 dux
2649 4200 2896 4262 vidisset,
2930 4209 3056 4251 eum
3104 4191 3305 4249 invasit
3353 4199 3467 4244 tre-

1882 4317 2006 4359 mor
2037 4280 2099 4357 et
2124 4297 2456 4363 admiratio;
2487 4305 2543 4350 et
2583 4292 2768 4349 statim
2805 4288 2971 4361 jussit
3015 4295 3237 4339 sanctos
3273 4280 3466 4337 abduci

1881 4398 1935 4453 in
1971 4408 2281 4457 carcerem,
2320 4388 2561 4460 inopiam
2600 4384 2812 4442 consilii
2850 4390 3038 4452 tegens
3071 4385 3333 4449 praetextu
3368 4373 3471 4428 mi-

1877 4487 2215 4546 ‘seri‘cordiae.
2356 4468 2359 4473 ’

1948 4574 2136 4635 ἶΝὶΙΙ.
2169 4574 2400 4647 Sapiens
2432 4581 2614 4627 autem
2651 4566 2875 4639 Suphia,
2909 4578 3062 4634 quae,
3100 4571 3160 4617 ut
3195 4558 3467 4623 diximus,

1809 4661 1855 4723 Ι)
1886 4669 2003 4738 ejus
2031 4677 2153 4722 erat
2181 4675 2236 4721 et
2274 4673 2449 4719 mater
2483 4671 2537 4715 et
2563 4656 2903 4719 institutrix,
2936 4661 2991 4709 et
3024 4653 3166 4707 bono
3201 4648 3467 4704 Clementi

1891 4760 2084 4817 effecta
2125 4766 2245 4815 erat
2271 4754 2461 4812 omnia
2483 4796 2499 4820 ,
2540 4767 2662 4807 cum
2697 4758 2815 4820 post
2848 4746 3070 4817 longum
3103 4753 3315 4812 tempus
3342 4754 3466 4793 οιιιιι

1885 4854 2113 4910 vidisset
2151 4851 2232 4906 sic
2290 4847 2522 4904 rediisse
2563 4859 2686 4900 cum
2733 4848 2929 4896 ornatu
2981 4833 3376 4899 confessionis,
3416 4840 3472 4887 et

1880 4944 2167 5016 Splendida
2197 4940 2337 4997 stola
2371 4936 2621 5012 martyrii
2649 4975 2666 5003 ,
2699 4944 2754 4991 et
2789 4947 2979 4988 rursus
3011 4931 3066 4985 in
3122 4929 3298 4999 patria
3344 4942 3476 4981 eva-

1883 5040 2022 5096 sisse
2080 5035 2367 5092 clariorem
2418 5028 2734 5085 accessione
2780 5023 3184 5094 periculorum,
3232 5020 3469 5075 habebat

1881 5147 1976 5190 cor
2018 5130 2241 5202 plenum
2289 5124 2504 5188 laetitia,
2542 5130 2599 5177 et
2643 5118 2898 5191 sperabat
2943 5131 3005 5172 se
3054 5129 3180 5170 mox
3231 5113 3468 5166 visuram

1885 5240 2156 5291 coronas,
2199 5236 2319 5292 qua
2378 5219 2612 5288 desuper
2647 5215 3014 5270 mitterentur.
3068 5209 3238 5264 Noctu
3290 5220 3469 5263 autem

1878 5320 2103 5376 veniens
2132 5319 2190 5373 in
2212 5326 2493 5371 carcerem
2516 5350 2531 5375 ,
2561 5306 2845 5379 complexa
2872 5304 3207 5362 Clementem
3229 5341 3244 5364 ,
3277 5311 3331 5354 et
3363 5314 3471 5368 pne

1883 5410 2080 5481 gaudio
2139 5408 2193 5464 in
2242 5420 2366 5464 eum
2409 5402 2670 5460 emittens
2718 5398 3029 5470 lacrymas,
3088 5409 3191 5459 os,
3240 5406 3469 5454 manus,

1883 5503 2102 5569 oculos,
2131 5510 2187 5559 et
2239 5497 2421 5557 omnia
2453 5496 2687 5566 denique
2718 5492 2867 5548 illius
2920 5487 3164 5546 membra
3213 5498 3473 5556 germane

1883 5606 1940 5653 et
1992 5594 2234 5651 suaviter
2267 5587 2707 5648 deosculabatur.
2752 5582 2958 5641 Deinde
3001 5577 3273 5651 quoniodo
3326 5573 3475 5629 illinc

1881 5686 2243 5762 navigaverit,
2274 5684 2602 5756 quibusnam
2642 5677 2873 5735 traditus
2907 5674 3100 5742 fuerit,
3133 5680 3190 5727 et
3214 5678 3469 5740 quamam

1873 5781 2101 5841 interim
2141 5776 2496 5845 sustinuerit,
2540 5782 2596 5832 et
2628 5767 3084 5844 quemadmodum
3121 5772 3273 5822 tanto
3327 5772 3472 5818 tem-
