3832 6466
418 499 528 560 863

1657 500 1938 562 MENSIS
1966 499 2423 562 JANUARIUS.

3557 495 3661 562 Sbl

421 626 551 682 pore
581 609 934 665 «lt-certaverit
955 650 971 676 ,
1009 617 1063 664 et
1089 608 1338 679 quisnam
1361 608 1464 672 sit,
1501 608 1592 678 qui
1626 623 1747 665 cum
1781 625 1848 664 eo
1880 609 1981 664 sub

2088 609 2388 679 ὑπομείνοι,
2448 609 2596 672 ὅπως
2629 625 2687 662 τε
2742 607 2834 662 τὸν
2882 607 3132 662 τοσοῦτον
3159 607 3412 680 ἀθλήσειε
3446 609 3660 679 χρόνον,

421 702 522 758 hoc
544 700 677 755 duce
705 699 1086 761 decertaverit,
1117 707 1170 754 et
1203 714 1324 753 cum
1370 714 1435 754 eo
1473 715 1660 754 rursus
1693 709 1776 754 est
1812 700 1986 754 inclu-

418 808 546 858 sus,
592 791 803 862 singula
855 797 1040 863 aperte
1088 791 1460 862 interrogavit.
1515 791 1807 863 Postquam
1856 808 1988 848 vero

417 899 646 955 magnus
695 882 945 940 Clemens
996 883 1304 953 singulatim
1347 884 1565 949 omnia,
1610 885 1882 953 quomodo
1929 898 1988 940 se

417 976 712 1042 baberent,
747 977 1026 1044 exposuit,
1065 989 1184 1030 cum
1239 987 1425 1029 eorum
1477 975 1823 1031 abstersisset
1857 989 1984 1030 san-

417 1069 664 1138 guinem,
695 1077 748 1124 et
783 1069 998 1124 mundis
1033 1068 1216 1124 linteis
1246 1069 1555 1122 mandasset
1602 1066 1823 1122 vulnera
1846 1108 1862 1132 ,
1903 1067 1985 1124 eis

417 1161 637 1230 apponit
666 1159 942 1223 alimenta,
972 1161 1170 1230 quibus
1200 1161 1404 1216 sciebat
1426 1159 1756 1216 Clementem
1789 1161 1981 1217 nutriri

417 1258 486 1313 ab
520 1257 736 1311 ineunte
771 1264 946 1310 aatate.

487 1365 624 1422 LlX.
662 1365 796 1420 Cum
829 1365 1046 1420 interim
1075 1373 1254 1420 autem
1278 1363 1674 1420 considerasset
1711 1364 1980 1433 Curicius,

415 1460 557 1530 quod
616 1457 754 1512 nihil
806 1459 873 1512 ab
915 1471 979 1511 eo
1034 1459 1215 1524 posset
1253 1455 1515 1526 ejusmodi
1567 1446 1860 1528 excogitari
1913 1458 1981 1513 ad

414 1544 763 1620 supplicium,
813 1556 870 1602 ut
908 1548 1147 1602 virorum
1197 1557 1398 1601 tantam
1429 1556 1708 1617 superaret
1749 1546 1984 1603 toleran-

415 1644 577 1704 tiam,
610 1640 814 1696 vicario
839 1633 1072 1705 cuidam,
1104 1640 1187 1693 cui
1245 1650 1371 1695 tunc
1423 1638 1812 1695 Amesenorum
1855 1640 1980 1695 data

411 1747 530 1791 erat
565 1735 962 1792 administratio
989 1735 1146 1806 (erat
1173 1745 1352 1791 autem
1387 1734 1434 1789 ei
1467 1750 1660 1790 nomen
1685 1734 1979 1805 Domitius)

414 1829 480 1884 de
505 1828 585 1882 eis
613 1827 834 1882 mandat
856 1827 1240 1894 cognitionem.
1266 1825 1400 1882 Cum
1425 1842 1550 1880 vero
1573 1826 1638 1880 ad
1667 1843 1785 1881 eum
1810 1827 1976 1882 dedu-

411 1929 665 1974 cerentur
694 1929 991 1990 martyres,
1023 1935 1142 1991 quae
1176 1919 1404 1974 ﬁliorum
1438 1928 1530 1974 aut
1560 1929 1854 1990 martyrum
1884 1935 1982 1991 po-

409 2013 518 2068 tius
549 2026 734 2066 amore
765 2012 1068 2076 tenebatur,
1103 2011 1170 2064 ab
1199 2011 1277 2066 eis
1306 2011 1496 2067 abesse
1525 2027 1628 2065 non
1661 2013 1854 2078 potuit,
1887 2011 1979 2066 sed

413 2115 666 2174 prompto
703 2110 757 2157 et
806 2101 969 2156 alacri
1008 2101 1186 2158 animo
1229 2104 1559 2172 sequebatur
1611 2116 1733 2158 cum
1767 2105 1834 2160 iis
1891 2107 1980 2175 qui

412 2195 480 2249 ab
524 2208 586 2248 ea
637 2185 942 2256 alebantur,
998 2193 1219 2262 pueris;
1255 2208 1391 2264 quos
1440 2191 1679 2264 quidem,
1729 2204 1787 2248 ut
1834 2196 1984 2266 prius

412 2283 646 2336 diximus
667 2321 682 2348 ,
721 2282 768 2335 ei
800 2281 1051 2335 Clemens
1081 2279 1368 2337 asciverat.

482 2390 594 2445 LX.
624 2389 760 2445 Cum
793 2399 970 2444 autem
996 2388 1060 2444 ad
1095 2386 1477 2445 Maximiannm
1508 2392 1690 2447 statim
1724 2401 1868 2449 esset
1892 2406 1983 2450 re-

410 2481 574 2536 latum
609 2477 673 2536 de
700 2478 880 2551 pueris
900 2517 917 2542 ,
945 2477 1100 2548 jubet
1125 2487 1212 2545 ut,
1252 2478 1297 2534 si
1330 2477 1595 2533 voluerint
1627 2481 1844 2551 quidem
1874 2481 1984 2537 dis-

409 2569 600 2624 cedere
635 2583 664 2622 ιι
715 2567 990 2623 Clemente
1011 2606 1028 2630 ,
1059 2567 1140 2622 eis
1171 2567 1449 2634 permittat
1481 2569 1696 2623 domum
1749 2571 1929 2626 redire
1964 2588 1980 2624 :

409 2659 493 2715 sin
551 2673 681 2714 vero
711 2658 779 2712 ab
825 2672 894 2713 eo
919 2671 1026 2712 non
1081 2656 1238 2712 facile
1273 2659 1562 2726 recedant,
1603 2667 1662 2713 ut
1690 2673 1785 2712 eos
1818 2659 1980 2715 morti

409 2751 587 2807 dedat.
621 2751 752 2808 Cum
785 2751 898 2806 haec
927 2765 1056 2820 ergo
1078 2750 1132 2804 in
1159 2764 1350 2819 pueros
1378 2750 1485 2804 lata
1510 2759 1658 2806 esset
1689 2753 1978 2818 sententia,

409 2859 506 2900 eos
561 2843 1032 2912 apprehendentes
1083 2839 1312 2908 milites,
1367 2842 1704 2895 conabantur
1752 2856 1846 2896 eos
1885 2858 1983 2913 per

414 2938 523 2993 vim
560 2937 790 2991 avellere
821 2951 853 2990 a
881 2943 1138 3005 martyre.
1172 2931 1307 2988 Cum
1338 2931 1406 2986 ab
1433 2949 1498 2988 eo
1532 2943 1711 2987 autem
1748 2933 1980 3004 disjungi

408 3045 516 3086 non
549 3029 912 3095 sustinerent,
955 3025 1104 3095 ipsos
1137 3039 1196 3081 se
1231 3024 1382 3079 humi
1424 3020 1760 3093 dejicientes,
1780 3035 1834 3081 et
1863 3041 1983 3079 am-

409 3123 579 3179 babus
607 3121 860 3176 manibus
887 3119 1051 3190 pedes
1072 3117 1216 3172 illius
1245 3117 1669 3187 amplectente‘s,
1697 3134 1800 3173 non
1831 3122 1980 3189 prius

2087 702 2182 756 καὶ
2222 701 2306 765 τίς
2363 702 2392 753 ό
2421 701 2516 754 καὶ
2551 699 2890 772 συναθλήσας
2951 699 3045 753 ἐπὶ
3079 698 3175 753 τοῦ
3209 698 3480 769 ἡγεμόνος
3512 701 3666 771 αύτῷ

2087 795 2182 849 καὶ
2211 795 2327 866 μετ’
2350 793 2515 848 αὐτοῦ
2542 793 2706 849 πάλιν
2739 791 3214 862 ιγκεκλεισμένος,
3241 793 3449 846 ἕκαστα
3475 793 3662 862 σαφῶς

2087 884 2363 956 ἀνηρώτα.
2408 883 2558 938 Ἐπεὶ
2585 884 2642 937 δὲ
2663 885 2692 938 ό
2721 883 2893 953 μέγας
2925 884 3157 952 Κλήμης
3175 883 3323 947 ὅπως
3345 881 3464 953 εἶχε
3485 885 3661 937 πάντα

2085 975 2229 1030 κατά
2257 975 2419 1044 μέρος
2450 973 2803 1043 ἀπήγγειλεν,
2839 973 3174 1041 ἀποψήσασα
3193 973 3399 1026 τούτων
3415 973 3478 1026 τδ
3498 968 3660 1042 αἷμα,

2087 1066 2178 1121 καὶ
2207 1065 2476 1136 καθαραῖς
2503 1064 2573 1118 τὰ
2603 1063 2896 1134 τραύματα
2923 1063 3157 1118 σινδόσιν
3192 1062 3509 1134 ικμάξασα,
3537 1081 3663 1135 τρο-

2085 1157 2192 1226 φὰς
2215 1159 2398 1220 αὐτοῖς
2426 1156 2790 1228 παρατίθησιν
2819 1151 2907 1220 αίς
2939 1158 3004 1211 εκ
3030 1156 3221 1220 παιδος
3243 1157 3335 1210 τὸν
3366 1157 3664 1228 Κλήμεντα

2083 1247 2200 1319 ᾔδει
2223 1244 2580 1318 τρεφόμενον.

2153 1350 2280 1408 ΝΘ’.
2332 1351 2421 1405 Ἐν
2445 1349 2619 1423 τούτῳ
2674 1349 2736 1405 δι
2793 1350 3132 1422 σκεψάμενος
3170 1353 3199 1406 ό
3235 1350 3556 1424 κωρίκιος,
3591 1348 3665 1420 ὥς

2083 1447 2192 1518 ἄρα
2219 1446 2374 1500 οὐδὲν
2423 1445 2574 1518 αύτῷ
2606 1447 2926 1519 τηλικοῦτον
2961 1449 3278 1520 ἐπινοηθείη
3311 1449 3450 1520 πρὸς
3483 1467 3662 1521 τιμω-

2084 1537 2228 1607 ρίαν,
2249 1537 2389 1592 ὥστε
2411 1539 2707 1610 καρτερίας
2728 1538 2937 1610 ἀνδρῶν
2959 1539 3229 1612 τοσαύτης
3253 1542 3510 1612 περιγενέ
3521 1542 3663 1605 σθαι.

2083 1625 2316 1698 βικαρίῳ
2344 1627 2454 1682 τινὶ
2498 1630 2597 1702 τήν
2659 1631 2970 1702 ’Δμισηνῶν
3017 1633 3195 1705 ἀρχὴν
3243 1633 3308 1688 τὸ
3362 1633 3665 1706 τηνικαῦτα

2079 1717 2316 1774 διέποντι
2344 1721 2621 1793 (Δομέτιος
2648 1723 2798 1795 αύτῷ
2819 1724 3008 1796 ὄνομα)
3051 1726 3120 1779 τὰ
3163 1727 3305 1781 κατά
3325 1727 3452 1790 τοὺς
3474 1727 3664 1794 ἀγίους

2081 1811 2418 1882 ἀνατίθησιν.
2458 1814 2773 1885 Ἀγομένοις
2795 1815 2852 1868 δὲ
2885 1819 2997 1878 τοῖς
3030 1817 3268 1888 μάρτυσι
3299 1818 3438 1889 πρὸς
3471 1818 3659 1883 αὐτὸν,

2016 1874 2056 1929 Β
2083 1902 2116 1972 ή
2148 1874 2422 1972 φιλόπαις,
2447 1905 2482 1975 ή
2513 1874 2850 1976 ιριλόμαρτυς
2890 1874 3089 1978 μᾶλλον
3111 1874 3212 1962 οὐκ
3235 1874 3395 1979 ἔσχεν
3415 1874 3665 1962 ⁷ἀπολειζ

2083 1992 2282 2065 φθῆναι
2336 1995 2523 2064 Σοφία,
2554 1995 2689 2050 ἀλλά
2744 1997 3040 2069 προθύμως
3073 1999 3212 2070 μετά
3239 2000 3351 2053 τῶν
3398 2000 3493 2054 ὑπ’
3525 2000 3664 2071 αὐτῇ

2080 2084 2428 2155 τρεφομένων
2447 2085 2733 2155 ἠκολούθει
2762 2087 3012 2152 παιδίων,
3038 2089 3181 2162 ἀπερ
3206 2088 3343 2162 αὑτῇ
3377 2089 3662 2161 πρότερον,

2080 2175 2154 2241 ὥς
2178 2174 2423 2248 ἔφθημεν
2445 2177 2710 2244 εἰπόντες,
2737 2181 2766 2233 ὁ
2802 2177 3034 2251 Κλήμης
3067 2181 3478 2253 εἰσεποιήσατο.

2157 2364 2234 2424 E‘.
2279 2369 2590 2441 Ἀνενεχθὶν
2612 2370 2668 2426 δὲ
2694 2373 2944 2444 περὶτῶν
2971 2374 3180 2430 παίδων
3207 2375 3368 2442 εὐθὺς
3388 2379 3660 2451 Μαξιμια-

2081 2461 2180 2532 νῷ,
2221 2461 2434 2516 κελεύει
2457 2463 2598 2519 ὥστε
2624 2467 2674 2518 εί
2711 2467 2810 2538 μὲν
2843 2467 3179 2539 ἀποσχέσθαι
3199 2469 3518 2543 Κλήμεντος
3545 2473 3660 2528 ἑθε-

2080 2553 2323 2625 λήσειαν,
2352 2559 2708 2630 παραχωρεῖν
2737 2558 2940 2625 αὐτοὺς
2985 2561 3165 2615 οῐκαδε
3189 2563 3582 2636 ἀναστρέφειν,
3613 2568 3659 2619 εί

2081 2646 2136 2701 δὲ
2159 2647 2351 2701 τούτου
2385 2648 2460 2720 μὴ
2486 2649 2727 2720 εὐχερῶς
2757 2651 3101 2724 ἀπόσχοιντο,
3133 2653 3349 2728 θανάτῳ
3375 2657 3661 2729 παραδιδό-

2081 2757 2191 2794 ναι.
2224 2738 2444 2810 Ταύτης
2469 2741 2761 2813 τοιγαροῦν
2788 2744 2932 2797 κατά
2960 2745 3072 2799 τῶν
3108 2746 3316 2801 παίδων
3347 2749 3446 2819 τῆς
3477 2749 3655 2820 ψήφου

2081 2829 2350 2904 δοθείσης,
2404 2835 2700 2908 ἁπτόμενοι
2743 2837 2949 2893 τούτων
2977 2839 3027 2894 oi
3081 2842 3431 2913 στρατιῶται,
3477 2843 3659 2911 βιαίως

2081 2925 2336 2999 ἀποσπᾷν
2367 2927 2508 2982 αύτά
2562 2928 2658 2982 τοῦ
2693 2930 2969 3003 μάρτυρος
3001 2934 3305 3004 ἐπειρῶντο
3325 2952 3339 2966 ·
3381 2935 3450 2988 τά
3479 2934 3534 2989 δὲ
3566 2939 3662 3009 οὐχ

2084 3015 2426 3086 ὑπομένοντα
2476 3017 2576 3090 τὴν
2612 3020 2907 3087 διάζευξιν,
2960 3022 3219 3095 ῥίπτοντα
3270 3025 3440 3078 ἑαυτά
3466 3028 3656 3098 χαμαὶ,

2083 3111 2177 3164 καὶ
2205 3109 2396 3181 χερσιν
2441 3112 2782 3186 ἀμφοτέραις
2843 3115 2969 3178 τοὺς
3019 3115 3230 3171 ἐκείνου
3267 3119 3659 3190 περιϐάλλοντα

409 3212 768 3275 dimiserunt,
817 3223 978 3278 quam
1030 3209 1400 3279 unusquisque
1444 3217 1634 3264 eorum
1676 3223 1806 3265 ense
1856 3210 1977 3266 vita:

2090 3201 2255 3266 πόδας
2301 3202 2363 3256 ού
2411 3203 2678 3276 πρότερον
2721 3205 2982 3276 μεθίεσαν
3027 3208 3135 3274 ἕως
3165 3210 3265 3281 τήν
3323 3211 3412 3266 διὰ
3475 3212 3658 3282 ξίφους

412 3305 569 3358 linem
623 3302 928 3372 acceperit,
984 3313 1108 3356 cum
1162 3301 1522 3356 constantiam
1553 3309 1608 3357 et
1637 3300 1979 3371 prudentiam

410 3407 571 3465 supra
603 3403 814 3449 mtatem
843 3393 1227 3458 ostendissent,
1255 3402 1308 3448 et
1342 3403 1524 3463 aperte
1557 3403 1974 3460 monstrassent,

415 3487 715 3558 perlectum
753 3487 856 3544 hoc
882 3487 1079 3542 donum
1117 3486 1467 3542 descendisse
1500 3486 1732 3556 desuper
1763 3501 1792 3539 a
1823 3483 1983 3543 Patre

408 3576 696 3646 luminum,
720 3579 844 3635 boni
875 3577 1041 3633 animi
1075 3583 1130 3632 et
1156 3577 1389 3634 instituti
1417 3577 1980 3634 muniﬁcentissimam

408 3675 930 3730 remunerationem.
977 3672 1154 3742 Atque
1193 3671 1347 3726 locus
1376 3671 1614 3741 quidem,
1655 3671 1739 3726 cui
1787 3685 1986 3743 puero-

415 3782 532 3821 rum
556 3778 782 3837 corpora
807 3773 952 3818 sorte
975 3757 1310 3834 obtigerunt,
1336 3761 1709 3832 appellabatur
1728 3762 1979 3834 Campus.

411 3849 506 3910 Pia
541 3857 718 3910 autem
767 3849 976 3924 Sophia
1001 3892 1017 3918 ,
1048 3863 1264 3924 propter
1308 3863 1576 3908 summam
1605 3869 1756 3910 suam
1800 3852 1854 3908 in
1885 3868 1983 3909 eos

412 3945 883 4012 benevolentiam,
929 3937 1152 4013 gerebat
1199 3943 1364 3999 etiam
1410 3955 1595 3997 curam
1646 3949 1981 3998 mortuorum

411 4051 731 4103 corporum,
782 4051 882 4092 nec
915 4049 976 4090 se
1007 4035 1225 4104 dignum
1272 4049 1394 4090 esse
1425 4033 1806 4101 existimabat,
1841 4033 1886 4092 si
1917 4048 1982 4089 ea

414 4125 562 4179 humi
618 4124 827 4180 videret
871 4126 1153 4196 iacentia;
1214 4127 1306 4182 sed
1364 4125 1448 4181 vel
1500 4125 1668 4180 invita
1721 4141 1750 4181 a
1790 4142 1984 4196 magno

414 4213 694 4271 Clemente
724 4213 989 4283 disiuncta
1023 4224 1184 4271 estet
1216 4215 1398 4272 divino
1436 4215 1829 4287 Agatbangelo,
1860 4231 1983 4272 cum

411 4306 494 4363 eis
540 4307 689 4377 prius
722 4306 841 4361 vale
889 4307 1146 4374 fecisset,
1197 4316 1252 4362 et
1295 4307 1520 4362 dixisset
1569 4307 1713 4377 quod
1743 4305 1789 4364 si
1842 4307 1984 4364 Deus

412 4401 590 4467 daret,
625 4401 691 4454 ad
724 4414 818 4456 eos
849 4416 1033 4456 rursus
1065 4401 1287 4456 rediret.
1336 4400 1698 4468 Quamobrem
1737 4415 1859 4455 cum
1895 4400 1984 4456 illa

411 4510 701 4566 puerorum
752 4511 978 4567 corpora
1031 4497 1282 4554 manibus
1333 4500 1534 4556 sanctis
1589 4509 1778 4556 sancte
1819 4501 1983 4558 humo

404 4589 656 4658 texisset,
690 4588 779 4645 illa
810 4589 1030 4660 quidem
1057 4588 1181 4646 laeta
1211 4589 1429 4646 domum
1461 4600 1543 4648 est
1572 4607 1811 4650 reversa.

2083 3295 2315 3350 ἕκαστον
2338 3297 2520 3353 αὐτῶν
2539 3297 2751 3370 ἐδέχετο
2772 3301 3050 3373 τελευτήν,
3073 3301 3322 3357 ἔνστασιν
3343 3305 3438 3358 καὶ
3461 3305 3658 3375 φρένας

2083 3387 2224 3457 ὑπὲρ
2274 3388 2495 3460 ήλικίαν
2543 3389 2952 3462 ἑπιδειξάμενα,
2990 3394 3086 3446 καὶ
3122 3393 3364 3464 ἀκριϐῶς
3410 3394 3658 3462 δείξαντα

2081 3472 2310 3546 δώρημα
2334 3475 2496 3530 τοῦτο
2549 3477 2756 3533 τέλειον
2801 3480 2867 3532 ἐκ
2915 3479 3014 3534 τοῦ
3076 3481 3292 3552 Πατρδς
3322 3483 3433 3536 τῶν
3470 3483 3658 3552 eam

2081 3565 2287 3620 ἀνωθεν
2305 3568 2632 3640 καταϐῆναι,
2655 3569 3030 3643 προαιρέσεως
3060 3573 3274 3645 ἀγαθῆς
3316 3575 3411 3629 καὶ
3437 3574 3659 3647 γνώμης

2083 3660 2351 3715 ἀντίδοσιν
2381 3662 2825 3735 φιλοτιμοτάτην.
2852 3665 2919 3719 '0
2951 3666 3050 3736 μὲν
3075 3663 3168 3721 οὖν
3187 3667 3350 3731 τόπος
3372 3667 3430 3732 ὃς
3461 3669 3530 3723 τὰ
3553 3669 3658 3723 τῶν

2084 3752 2290 3806 παίδων
2327 3754 2616 3830 ικληρὼθη
2651 3756 2902 3828 σώματα,
2935 3759 3170 3830 Κάμπος
3206 3761 3473 3817 ἐκαλεῖτο.
3513 3763 3576 3817 Ἦ
3603 3762 3655 3816 δὲ

2084 3845 2338 3919 θεοφιλής
2361 3846 2533 3918 Σοφία
2560 3851 2625 3922 τῇ
2650 3850 2752 3921 τῆς
2781 3851 2908 3922 περὶ
2931 3851 3069 3905 αύτά
3092 3854 3477 3925 φιλοστοργίας
3497 3858 3657 3926 ύπερο

2084 3935 2238 4009 ϐολῇ,
2272 3940 2368 3994 καὶ
2421 3941 2631 4012 νεκρῶν
2691 3943 2918 4015 ἑκήδετο
2962 3943 3073 3997 τῶν
3121 3947 3408 4012 σωμάτων.
3443 3948 3537 4001 καὶ
3563 3947 3656 4000 οὐκ

2039 4027 2234 4096 .-ἀξιον
2273 4029 2448 4102 αὐτῆς
2497 4031 2777 4101 ἐλογίσατο
2823 4035 3088 4107 περιιδεῖν
3147 4036 3284 4090 αὐτὰ
3319 4038 3544 4106 κείμενα
3573 4038 3655 4091 ἐπ’

2085 4121 2344 4193 ἐδάφους·
2377 4123 2514 4177 ἀλλά
2549 4125 2642 4178 καὶ
2672 4126 2880 4181 ἄκουσα
2904 4128 2998 4182 τοῦ
3041 4145 3100 4181 τε
3132 4128 3371 4199 μεγάλου
3407 4131 3654 4200 Κλήμεν-

2084 4233 2173 4281 τος
2195 4216 2292 4271 καὶ⁵
2319 4215 2413 4271 τοῦ
2441 4217 2588 4272 θείου
2632 4218 3035 4288 Ἀγαθαγγέλου
3060 4219 3356 4285 διίσταται,
3390 4220 3650 4284 συνταξα-

2088 4306 2227 4378 μένη
2277 4307 2540 4381 πρότερον
2599 4311 2782 4374 αὐτοῖς
2813 4313 2907 4364 καί⁸
2964 4313 3218 4377 είποῦσα,
3261 4315 3337 4378 ὡς
3383 4316 3490 4387 ἀρα
3521 4312 3653 4368 Θεοῦ

2084 4399 2314 4465 διδόντος
2340 4401 2503 4456 πάλιν
2527 4403 2724 4468 αὐτοὺς
2744 4403 3083 4475 ἀπολήψεται
3106 4425 3118 4438 ο
3149 4406 3270 4460 ὅθεν
3297 4408 3392 4461 καὶ
3421 4409 3486 4461 τὰ
3516 4425 3656 4479 μαρ-

2085 4493 2284 4563 τυρικά
2331 4495 2444 4548 τῶν
2484 4496 2692 4550 παίδων
2750 4497 2936 4552 ἐκεῖνα
2993 4499 3219 4570 σώματα
3254 4501 3440 4571 χερσὶν
3485 4500 3654 4563 ὁσίαις

2012 4575 2057 4632 Ι)
2083 4587 2246 4650 ὁσίως
2270 4589 2336 4659 τῇ
2358 4590 2428 4660 γῇ
2455 4590 2876 4662 κατακρύψασα,
2907 4592 2941 4664 ή
2977 4591 3078 4663 μὲν
3110 4591 3294 4646 οἴκαδε
3322 4591 3442 4664 μεθ’
3470 4589 3652 4663 ἡδονῆς

2090 4675 2378 4749 ἐπανήκει.

1925 4879 2150 4938 CAPUT
2192 4878 2258 4938 X.

1031 5087 1313 5144 Cruciatus
1345 5088 1515 5146 Amisi
1553 5089 1714 5146 illati.
1757 5089 1860 5149 SS.
1901 5090 2223 5164 Phengoutis
2271 5103 2319 5150 et
2367 5091 2606 5165 Euca‘rpi
2646 5099 2984 5169 martyrium.

485 5294 620 5352 LXi.
647 5296 908 5369 Martyres
939 5313 1068 5355 vero
1095 5315 1214 5356 cum
1251 5303 1318 5360 ad
1357 5305 1752 5364 Amesenorum
1793 5322 1981 5378 perve-

415 5387 620 5443 nissent
658 5389 971 5457 civitatem,
1000 5399 1055 5447 et
1092 5408 1266 5464 genua
1303 5394 1358 5452 in
1409 5407 1608 5454 terram
1648 5400 1979 5468 aliquamdiu

411 5478 716 5546 inclinant,
755 5489 812 5537 et
844 5497 966 5538 cum
1019 5495 1078 5540 ut
1119 5485 1262 5544 Deus
1309 5490 1391 5546 eis
1429 5506 1614 5546 rursus
1663 5492 1877 5548 adesset
1915 5494 1982 5548 ad

409 5572 690 5637 auxilium,
730 5589 852 5630 cum
883 5575 1076 5633 calidis
1101 5578 1443 5637 invocasscnt
1469 5583 1744 5654 lacrymis,
1778 5601 1806 5638 a
1838 5585 1980 5640 mili-

410 5663 558 5720 tibus
629 5669 974 5724 adducuntur
1041 5673 1107 5724 ad
1181 5671 1498 5730 Domitium.
1555 5676 1661 5730 Sed
1711 5676 1803 5731 ille
1856 5691 1978 5731 cum

401 5762 565 5809 esset
604 5765 901 5826 occupatus
951 5759 1002 5814 in
1035 5761 1410 5817 examinandis
1457 5761 1576 5817 aliis
1617 5762 1983 5826 Christianis,

2153 5310 2275 5365 EA'.
2301 5309 2365 5364 Ol
2396 5307 2674 5382 μάρτυρες
2694 5307 2752 5363 δὲ
2775 5307 2874 5380 τὴν
2917 5310 3224 5381 Ἀμισηνῶν
3252 5312 3408 5368 πόλιν
3429 5314 3640 5370 καταλα·

2085 5399 2292 5465 ϐόντες,
2327 5400 2396 5452 τά
2423 5415 2482 5453 τε
2515 5399 2716 5468 γόνατα
2745 5400 2827 5464 είς
2871 5400 2972 5470 γῆν
3002 5401 3265 5466 κλίνουσι,
3295 5405 3389 5458 καὶ
3422 5405 3510 5458 τὸν
3529 5404 3642 5456 Θεδν

2087 5489 2432 5560 παραστῆναι
2462 5491 2555 5542 καὶ
2594 5489 2756 5546 πάλιν
2805 5493 2887 5554 είς
2938 5497 3256 5564 συμμαχίαν
3311 5495 3495 5560 αὐτοῖς
3524 5492 3644 5565 μετά

2087 5581 2306 5652 θερμῶν
2334 5582 2444 5635 τῶν
2476 5582 2728 5653 δακρύων
2757 5585 3202 5654 ἑγκαλεσάμενοι,
3226 5585 3401 5650 οὕτως
3433 5589 3532 5643 ύπδ
3551 5585 3642 5640 τῶν

2087 5673 2437 5743 στρατιωτῶν
2483 5675 2560 5747 τῷ
2598 5675 2828 5748 βικαρίῳ
2862 5680 3250 5748 προσάγονται.
3292 5681 3434 5734 Ἀλλ’
3458 5682 3642 5739 ἐκεῖνος

2087 5763 2218 5832 περὶ
2274 5764 2468 5837 ἑτέραν
2496 5765 2798 5835 τηνικαῦτα
2834 5769 3180 5837 Χριστιανῶν
3208 5769 3457 5835 ἐξέτασιν
3498 5773 3642 5837 ἀσχο-

411 5860 509 5903 eos
537 5845 591 5902 in
623 5847 765 5904 diem
795 5861 1112 5922 sequentem
1146 5864 1386 5910 reservat
1425 5856 1591 5911 certis
1630 5856 1981 5912 tribunalibus

2089 5855 2371 5926 λούμενος,
2405 5860 2484 5922 είς
2516 5857 2616 5929 τήν
2645 5857 2774 5929 ἑξῆς
2799 5860 2995 5925 αὐτοὺς
3054 5863 3150 5916 ἐπὶ
3204 5862 3527 5935 ὡρισμένοις
3558 5858 3639 5914 καὶ

405 5950 467 5993 et
501 5939 798 6012 supplicris,
849 5945 1034 6002 dicens
1082 5962 1184 6002 non
1225 5961 1344 6003 esse
1387 5947 1695 6014 honestum,
1727 5958 1782 6004 ut
1813 5948 1878 6004 de
1909 5950 1981 6006 eis

2093 5951 2295 6023 βήματι
2354 5955 2443 6006 καὶ
2491 5952 2741 6006 κολάσεσι
2804 5955 3143 6027 ταμιεύεται,
3199 5955 3273 6028 μὴ
3315 5957 3472 6012 καλὸν
3519 5951 3636 6008 εἶναι
