3832 6460
419 279 434 336 2
456 276 521 339 67
1643 265 1929 330 MENSIS
1966 260 2425 327 JANUARIUS.
3597 256 3696 321 868

403 386 765 454 sustinuisse;
806 384 900 439 sed
933 384 1138 440 habere
1169 380 1406 441 divinam
1443 378 1733 448 quamdam
1770 377 1916 450 grati:

2178 391 2192 427 ρ
2252 371 2354 444 μὲν
2403 370 2513 426 ἀπὸ
2545 370 2648 442 τῆς
2701 371 2968 427 ἀσόέστου
3026 371 3266 444 χαλεπὸν
3327 371 3691 435 ὑποστάντας,

401 480 452 532 in
488 492 585 532 suo
609 476 759 530 vultu
783 473 1240 538 t’ﬂlorescentem,
1265 481 1320 529 et
1342 487 1372 528 e
1403 470 1540 527 faeie
1564 468 1774 524 dulcem
1801 483 1906 538 que

2181 461 2260 515 ίαν
2283 461 2341 516 δέ
2377 478 2504 516 τινα
2541 461 2702 535 χάριν
2739 463 3086 519 ἐπανθοῦσαν
3141 463 3324 519 αὐτῶν
3352 465 3478 527 ταῖς
3509 462 3694 532 ὕψεσιν

405 570 527 624 dam
559 570 767 623 radium
815 568 1086 624 emittere.
1123 567 1258 622 Cum
1289 580 1384 622 eos
1416 580 1544 636 ergo
1576 579 1607 618 e
1641 563 1874 618 cisterna
1903 578 1918 616 t

2182 572 2353 620 ›ντας,
2415 554 2512 611 καὶ
2546 557 2744 610 ἀκτῖνα
2773 557 2868 611 τοῦ
2933 556 3229 629 προσώπου
3259 555 3388 610 τινὰ
3431 556 3695 626 γλυκεῖαν

404 660 720 720 traxissent,
766 659 832 712 de
891 657 1160 713 militibus
1206 657 1414 711 vicario
1459 655 1776 710 renuntiant
1809 653 1917 726 (eri

2178 647 2463 718 αφιέντας.
2530 649 2960 721 ’Λνιμησάμενοι
3016 651 3201 704 τοίνυν
3236 648 3438 710 αὐτοὺς
3490 650 3556 702 ἐκ
3605 647 3691 704 τοῦ

404 763 581 808 autem
628 768 814 807 eorum
869 753 1088 807 nomina
1136 751 1392 822 Phengon
1451 760 1505 804 et
1567 747 1908 819 Eucarpus),

2176 758 2307 795 κκου
2344 741 2424 811 τῷ
2467 739 2700 814 βικαρίῳ
2734 742 2865 814 περὶ
2897 742 3006 796 τῶν
3030 741 3382 813 στρατιωτῶν
3407 741 3689 810 ἀπαγγέλ-

404 848 495 902 illo
543 847 770 918 jubente
817 847 1071 917 protinus
1118 845 1270 901 fuere
1320 843 1572 901 cruciﬁxi
1607 844 1752 898 clara
1784 855 1917 912 quoq

2176 851 2251 888 Jd’t
2310 834 2556 907 (Φέγγων
2612 831 2682 912 ἦν
2705 836 2889 900 αὐτοῖς
2937 836 3033 890 καὶ
3065 834 3359 905 Εὕκαρπος
3392 835 3462 888 τά
3494 835 3689 903 ὀνόμασι

406 939 504 1008 ipsi
532 940 651 994 luce
692 937 1057 995 confessionis
1101 938 1364 994 habentes
1413 936 1600 992 oculos
1641 935 1919 990 illuminati

2174 929 2212 1000 ),
2244 930 2500 985 κάκείνου
2530 930 2961 1002 προστάξαντος,
2988 929 3151 994 εὐθὺς
3183 927 3687 993 ἀνεσκολοπίζοντο,

405 1035 592 1104 etjam
629 1033 1135 1090 remunerationum
1175 1031 1420 1093 fruentes
1449 1029 1710 1104 praemiis.
1851 1049 1854 1052 ’

2178 1021 2345 1094 μπρῷ
2389 1023 2484 1077 καὶ
2513 1021 2671 1078 αὐτοὶ
2708 1025 2809 1094 τῆς
2845 1021 3143 1094 ὁμολογίας
3191 1021 3390 1094 φέγγει
3415 1020 3514 1084 τὰς
3549 1020 3691 1090 ὄψεις

2105 1115 2600 1188 περιλαμπόμενοι,
2664 1117 2758 1174 καὶ
2820 1117 3091 1189 προοίμια
3143 1116 3246 1188 ήδη
3305 1116 3419 1170 τῶν
3450 1115 3692 1186 ἀμοιόὡ·

2101 1204 2501 1278 καρπούμενοι.
3705 1185 3714 1230 Ι

482 1346 644 1402 LXV.
681 1347 933 1404 Clemens
951 1363 1080 1402 vero
1113 1355 1167 1402 et
1189 1344 1589 1416 Agathangelus
1619 1345 1793 1399 adhuc
1817 1361 1995 1398 curre.

2178 1352 2288 1407 EE'.
2311 1354 2544 1426 Κλήμης
2573 1353 2760 1426 μέντοι
2793 1356 2887 1410 καὶ
2920 1355 3327 1424 ’Δγαθάγγελος
3356 1357 3439 1412 ἔτι
3477 1359 3574 1412 τὸν
3604 1359 3691 1414 τοῦ

408 1443 536 1496 bunt
573 1445 623 1496 in
652 1442 827 1497 stadio
852 1440 1121 1512 martyrii.
1158 1437 1407 1495 Vicarius
1437 1450 1620 1493 autem
1645 1438 1900 1493 studebat

2179 1445 2412 1516 ,ρτυρίου
2440 1446 2664 1502 δίαυλον
2690 1447 2912 1518 ἔτρεχον
2934 1465 2948 1480 ο
2977 1451 3005 1500 ό
3036 1448 3284 1519 βικάριος
3302 1448 3360 1503 δὲ
3377 1451 3473 1502 καὶ
3499 1449 3692 1512 αὐτοὺς

406 1548 625 1606 qunque
665 1533 827 1588 vitam
866 1541 1192 1603 praesentem
1241 1532 1513 1598 adimere,
1545 1541 1605 1585 ut
1641 1530 1732 1600 qui
1773 1545 1873 1585 nec

2179 1538 2331 1592 πευδε
2361 1540 2459 1610 τῆς
2491 1540 2774 1611 παρούσης
2805 1541 2951 1612 ζωῆς
2997 1540 3385 1612 ὑπεξαγαγεῖν,
3433 1538 3525 1597 οἷα
3559 1545 3692 1614 μήτε

408 1633 561 1681 deret
591 1642 684 1682 eos
721 1626 1035 1697 persuaderi
1072 1625 1340 1680 bonorum
1379 1623 1854 1694 promissionibus,
1899 1639 1921 1677 n

2178 1633 2326 1688 αθῶν
2365 1637 2721 1704 ἐπαγγελίαις
2751 1638 3114 1709 πειθομένους
3144 1638 3306 1709 ὁρῶν,
3333 1639 3475 1710 μήτε
3505 1639 3691 1694 κακῶν

407 1719 630 1773 munitio
675 1717 939 1772 malorum
981 1716 1179 1772 cedere
1228 1715 1552 1782 insultibus,
1599 1715 1780 1785 plures
1821 1713 1920 1768 adh

2181 1729 2424 1797 αγωγαῖς
2471 1729 2610 1793 ὅλως
2657 1729 2928 1795 εἴκοντας,
2978 1731 3200 1796 πλείους
3247 1732 3432 1798 αὐτοῖς
3488 1732 3574 1788 ἔτι
3608 1734 3694 1788 καὶ

408 1811 783 1880 praeclariores
844 1809 1032 1864 volens
1075 1809 1156 1864 eis
1204 1823 1436 1865 coronas
1485 1809 1724 1864 contexi.
1795 1809 1921 1863 Delii

2176 1819 2517 1891 μπροτέρους
2548 1821 2824 1894 πλακῆναι
2856 1824 2986 1886 τοὺς
3016 1825 3318 1892 στεφάνους
3344 1825 3689 1896 βουλόμενος.

415 1913 565 1958 certe
616 1903 858 1957 vicarius
901 1900 1063 1972 jussit
1123 1901 1231 1956 duo
1289 1899 1400 1956 lora
1453 1901 1697 1957 exscindi
1729 1913 1794 1955 ex
1834 1909 1928 1971 ter;

2177 1913 2304 1968 νθεν
2367 1914 2550 1968 τοίνυν
2611 1916 2707 1967 καὶ
2755 1913 2850 1968 δύο
2897 1913 2998 1984 μέν
3047 1916 3280 1982 ίμάντας
3309 1916 3418 1970 τῶν
3458 1918 3689 1970 ἑκάστου

407 1997 838 2068 uniuscujusque
871 2011 886 2050 :
924 1994 1118 2050 deinde
1156 2004 1337 2050 autem
1381 1996 1528 2063 ipsos
1561 2009 1778 2067 quoque
1811 1996 1920 2049 verl

2181 2023 2288 2059 των
2313 2006 2342 2059 ὁ
2370 2005 2618 2077 βικάριος
2645 2005 3009 2077 διεκκοπῆναι
3034 2007 3266 2069 κελεύει.
3297 2008 3490 2062 ἔπειτα
3514 2009 3574 2062 δὲ
3605 2008 3694 2067 καὶ

409 2092 516 2144 rari
546 2089 712 2159 virgis
765 2096 876 2142 toto
925 2101 1156 2156 corpore
1196 2085 1697 2144 vehementissime.
1731 2085 1810 2140 Illi
1837 2099 1922 2139 vel

2181 2097 2327 2162 ὃδοις
2375 2098 2576 2161 αὐτοὺς
2605 2097 2726 2152 ὅλον
2778 2098 2841 2153 τὸ
2872 2098 3032 2169 σῶμα
3077 2099 3460 2172 σφοδροτάτως
3493 2100 3690 2154 τύπτε-

407 2197 530 2236 eum
564 2181 729 2235 etiam
763 2180 843 2234 eis
883 2192 1076 2232 carnes
1128 2177 1571 2245 conciderentur,
1613 2185 1668 2232 et
1708 2191 1832 2231 ossa
1870 2191 1920 2230 C(

2177 2208 2250 2253 αι,
2285 2191 2349 2245 Ol
2379 2191 2434 2244 δὲ
2461 2191 2556 2244 καὶ
2585 2191 2686 2254 τὰς
2718 2190 2928 2261 σάρκας
2953 2192 3300 2264 τεμνόμενοι,
3333 2196 3428 2247 καὶ
3458 2193 3528 2246 τὰ
3563 2192 3690 2249 ὀστᾶ

413 2281 742 2335 tererentur,
778 2269 992 2324 fortiter
1019 2279 1200 2322 tamen
1230 2279 1286 2322 et
1315 2277 1633 2322 constanter
1660 2265 1926 2323 sustineba

2177 2283 2543 2354 ντριόόμενοι,
2583 2283 2734 2355 ὅμως
2772 2286 3060 2357 καρτερῶς
3099 2284 3168 2339 τά
3200 2286 3446 2357 παρόντα
3481 2290 3580 2340 καὶ
3605 2287 3690 2339 εὖ·

407 2363 720 2434 ρταεθιιιία,
775 2370 1033 2430 tanquam
1088 2359 1153 2414 ad
1200 2359 1558 2429 impatibilem
1603 2359 1716 2430 jam
1765 2361 1920 2414 tradu

2177 2392 2272 2437 νως
2302 2375 2602 2445 ὑπέμενον,
2626 2373 2818 2447 ὥσπερ
2843 2375 2944 2446 ἤδη
2979 2375 3116 2446 πρὸς
3163 2376 3262 2448 τὴν
3293 2376 3480 2447 ἀπαθῆ
3534 2394 3690 2446 μεταη

408 2467 682 2519 naturam,
716 2463 771 2508 et
815 2453 1015 2506 nullam
1057 2452 1354 2509 sentientes
1389 2453 1769 2508 necessitatem
1806 2468 1921 2521 cori

2176 2483 2323 2535 μενοι
2358 2461 2544 2536 φύσιν,
2578 2469 2674 2522 καὶ⁸
2733 2468 3005 2538 μηδεμιᾶς
3033 2467 3284 2539 ἀνάγκης
3314 2467 3409 2521 τοῦ
3443 2464 3689 2537 σώματος

411 2547 511 2602 ris.
558 2543 863 2601 Pra-clarus
907 2557 1090 2600 autem
1127 2545 1382 2602 Clemens
1415 2545 1548 2601 tales
1582 2559 1800 2616 quoque
1837 2561 1924 2600 vet

2178 2556 2510 2628 τθανόμενοι.
2573 2557 2636 2612 '0
2667 2559 2723 2612 δὲ
2755 2560 3006 2628 γενναῖος
3065 2559 3301 2630 Κλήμης
3357 2559 3452 2612 καὶ
3510 2559 3691 2629 φωνὰς

409 2640 474 2693 ad
505 2639 670 2696 Deum
703 2639 1046 2708 loquebatur,
1070 2639 1284 2694 dicens:
1315 2639 1544 2694 Domine
1590 2638 1734 2702 Jesu;
1761 2637 1922 2695 Chris

2175 2649 2242 2714 ιδς
2272 2651 2363 2703 τὸν
2420 2649 2554 2705 Θεὸν
2605 2651 2861 2715 τοιαύτας
2909 2651 3246 2721 satisﬁat-0'
3294 2651 3468 2722 Κύριε
3519 2650 3688 2722 Ἰησοῦ

408 2734 496 2800 qui
534 2731 795 2801 quidquid
847 2733 1052 2801 spirat,
1099 2746 1130 2785 e
1166 2731 1277 2788 luto
1327 2732 1562 2802 propriis
1600 2730 1900 2787 fabricatus

2178 2741 2330 2808 ιιστὲ,
2359 2741 2558 2810 λέγων,
2612 2742 2641 2796 ό
2669 2743 2853 2796 πᾶσαν
2879 2744 2943 2795 ἐκ
2975 2743 3149 2812 πηλοῦ
3203 2743 3374 2816 πνοὴν
3403 2745 3596 2815 χερσὶν
3621 2747 3691 2797 ol—

410 2825 680 2886 ntanibus,
725 2833 780 2877 et
824 2823 1028 2877 homini
1079 2838 1276 2878 nervos
1323 2833 1380 2878 et
1429 2837 1553 2878 ossa
1590 2831 1644 2877 et
1673 2823 1833 2877 aliant
1871 2837 1923 2877 cc

2176 2835 2284 2898 ίαις
2329 2835 2769 2907 δημιουργήσας,
2828 2837 2921 2889 καὶ
2951 2836 3120 2908 νεῦρα
3173 2836 3256 2908 τῷ
3284 2839 3564 2910 ἀνθρώπῳ
3602 2838 3689 2892 καὶ

409 2917 651 2970 struxisti
687 2915 938 2984 figuram,
973 2915 1251 2984 quietiam
1278 2929 1380 2970 nos
1406 2930 1549 2984 smpe
1585 2916 1850 2969 contritos
1871 2929 1922 2969 ct

2175 2928 2235 2980 τᾶ
2264 2929 2358 2981 καὶ
2401 2928 2500 3003 την
2529 2929 2698 3000 ἀλλην
2728 2931 3148 2994 κατασκευάσας
3199 2931 3513 2998 διάπλασιν,
3550 2935 3579 2985 ὁ
3604 2933 3688 2985 καὶ

409 3008 662 3075 ﬁrmasti,
713 3019 767 3063 et
824 3010 1172 3063 concidentes
1223 3008 1521 3075 stabitiisti,
1575 3007 1911 3080 amictusque

2174 3020 2494 3092 ντριϐἐντας
2527 3022 2793 3086 πολλάκις
2825 3024 2975 3094 ἡμᾶς
3002 3023 3346 3097 ἐπιρρώσας,
3395 3029 3489 3079 καὶ
3522 3043 3685 3080 κατα-

410 3109 709 3169 prostratos
756 3099 1003 3162 erexisti,
1046 3100 1164 3167 ipse
1207 3114 1328 3153 ossa
1374 3114 1592 3178 quoque
1642 3109 1826 3154 nostra
1858 3114 1923 3151 un

2175 3129 2406 3178 πτοντας
2423 3115 2816 3186 ὑποστηρίξας,
2844 3117 2939 3171 καὶ
2965 3117 3288 3187 ἀνορθώσας
3317 3121 3688 3192 κατερῤαγμί-

413 3193 646 3244 contrita
676 3190 843 3261 erige,
889 3200 943 3244 et
969 3200 1056 3244 tua
1087 3190 1248 3260 imple
1294 3189 1680 3253 exsultatione,
1717 3187 1832 3259 Ipse
1854 3205 1918 3244 cn

2178 3222 2248 3269 λς,
2277 3207 2438 3270 αὐτὸς
2462 3209 2558 3268 καὶ
2586 3211 2654 3262 τά
2685 3209 3045 3281 συντριϐέντα
3072 3210 3229 3282 ἡμῶν
3251 3212 3389 3265 ὀστᾶ
3537 3187 3691 3285 ἀνόρ-

412 3297 493 3349 cs,
528 3298 560 3336 ο
598 3297 685 3336 rex
747 3285 972 3347 invicte,
1020 3283 1109 3353 qui
1143 3284 1193 3336 in
1244 3284 1398 3338 nobis
1448 3284 1550 3338 hoc
1588 3292 1861 3340 certamen
1911 3304 1925 3337 t

2178 3316 2285 3354 »σον
2315 3300 2544 3372 καὶτῆς
2599 3305 2700 3374 σῆς
2753 3303 3132 3372 ἀγαλλιάσεως
3182 3306 3494 3378 ἔμπλησον·
3535 3283 3691 3370 αὕτδς

413 3387 592 3430 certas
624 3393 637 3430 :
679 3384 737 3430 ut
779 3392 874 3448 per
904 3385 1143 3432 nostram
1184 3376 1610 3435 imbecillitatem
1641 3387 1730 3432 tua
1765 3386 1926 3448 aperti

2185 3408 2215 3463 ρ
2249 3387 2320 3456 si,
2357 3392 2582 3464 ἀνίκητε
2619 3394 2863 3465 βασιλεῦ,
2897 3397 2926 3449 ὁ
2976 3397 3035 3450 ἐν
3065 3398 3199 3470 ἡμῖν
3221 3398 3312 3451 τὸν
3347 3376 3546 3466 ἀγῶνα
3576 3399 3692 3453 109-.-

413 3469 731 3525 Ostendatur
762 3471 1026 3540 potentia.
1069 3470 1350 3537 Quomodo
1376 3469 1522 3524 enim
1551 3472 1653 3526 hoc
1682 3486 1902 3540 corpus,

2178 3483 2652 3556 νάγωνιζόμενος,
2711 3485 2851 3542 ὥστε
2903 3490 2998 3546 καὶ
3056 3492 3402 3560 σαφεστέραν
3453 3490 3542 3544 διὰ
3597 3490 3691 3562 τῆς

412 3565 557 3632 quod
589 3564 740 3617 cadit
773 3564 1045 3628 interitus,
1085 3563 1218 3618 tales
1253 3563 1444 3619 vicerit
1479 3562 1900 3633 perpessiones?

2172 3577 2387 3647 ιετέρας
2413 3577 2700 3642 ἀσθενείας
2724 3580 2826 3652 τὴν
2864 3580 2966 3656 σὴν
3011 3582 3386 3654 ἐπιδειχθῆναι
3423 3561 3685 3656 δύναμιν·

417 3669 647 3726 tnagnus
675 3655 924 3711 Clemens
951 3671 1072 3711 cum
1102 3656 1214 3714 Deo
1239 3656 1584 3726 loquebatur,

2175 3669 2232 3722 rei.
2276 3669 2394 3734 πῶς
2451 3670 2518 3724 ἂν
2567 3671 2629 3724 τὸ
2660 3655 2927 3743 φθαρτὸν
2958 3673 3118 3729 τοῦτο
3157 3676 3317 3747 σῶμα
3357 3655 3688 3749 τηλικούτων

2110 3759 2460 3834 περιεγένετο
2517 3763 2898 3833 παθημάτωνς
2948 3764 3135 3821 Ταῦτα
3167 3770 3196 3820 ό
3253 3768 3428 3838 μέγας
3465 3769 3692 3844 Κλήμης

2107 3851 2188 3928 τῷ
2217 3852 2339 3924 Θεῷ
2365 3853 2662 3923 διελέγετο.

489 3959 674 4017 LXVI.
723 3960 968 4017 Vicarius
1004 3971 1182 4018 autem
1211 3964 1402 4019 videns
1433 3978 1528 4021 eos
1561 3978 1824 4037 superare
1871 3980 2002 4036 prm-

2179 3980 2314 4052 ΞΕΓ.
2347 3984 2458 4038 Καὶ
2494 3985 2523 4038 ό
2577 3983 2824 4058 βικάριος
2857 3988 3144 4059 κρείττους
3194 3989 3395 4055 αὐτοὺς
3444 3992 3540 4045 καὶ
3579 3991 3682 4046 τῶν

420 4055 618 4121 sentia,
639 4053 707 4109 ad
739 4053 905 4110 alium
936 4056 1154 4114 modum
1189 4057 1458 4127 processit
1484 4058 1737 4129 supplicii
1769 4077 1782 4114 :
1808 4069 1860 4115 et
1883 4074 1933 4114 ct

2174 4075 2397 4145 ιρόντων
2427 4053 2588 4148 δρῶν-
2607 4053 2745 4150 πρὸς
2774 4053 2964 4152 ἔτερ-όν
3015 4053 3139 4137 τινα
3179 4053 3453 4156 τιμωρίας
3495 4086 3687 4156 τρόπον

426 4147 564 4204 duos
621 4145 828 4203 ferreos
887 4147 1282 4210 candefecisset
1333 4151 1613 4222 grabatos,
1670 4151 1801 4206 facit
1849 4161 1903 4206 ut

2172 4167 2329 4240 φρει,
2389 4145 2485 4222 καλ
2535 4168 2629 4224 δύο
2651 4145 2928 4243 -σιδηροῦς
2959 4145 3290 4245 ἐκπυρώσιας
3328 4145 3685 4246 κραὸὄάτους.

421 4236 595 4294 altero
645 4252 833 4293 eorum
885 4239 1026 4296 alter
1077 4243 1380 4298 recumbat.
1419 4243 1558 4299 Cum
1603 4259 1730 4300 vero
1779 4244 1934 4299 multt

2208 4236 2458 4336 ἐκατὲρφ
2483 4261 2695 4317 τούτων
2729 4236 2993 4336 ῇκάτερον
3021 4236 3321 4322 ἀνακλίνενι.
3352 4236 3603 4330 Ιξάτωθεν

421 4329 566 4408 ignis
597 4329 825 4387 inferius
854 4331 1266 4400 substravisset,
1299 4335 1478 4391 oleum
1514 4346 1569 4391 et
1614 4335 1794 4408 ignem
1828 4344 1883 4391 et
1923 4352 1934 4409 ι

2176 4351 2224 4424 ip
2261 4329 2496 4423 ἄφθονον
2529 4329 2915 4428 ὑποστρώσας,
2951 4357 3131 4420 ἔλαιόν
3159 4376 3221 4414 τε
3247 4361 3343 4415 καὶ
3371 4329 3566 4414 πίσσαν
3595 4329 3689 4414 καί

420 4436 539 4482 cem
573 4433 630 4480 et
659 4426 892 4497 sulphur
939 4426 1196 4490 infundit,
1233 4427 1368 4485 Cum
1415 4429 1614 4486 multus
1642 4445 1789 4503 ergo.
1834 4441 1893 4485 ut
1925 4448 1933 4482 ‹

2179 4445 2256 4498 ἴον
2289 4443 2498 4500 ἀνωθεν
2523 4426 2757 4519 ἐπιχέει.
2789 4449 3016 4512 Καπνοῦ
3043 4452 3245 4516 τοίνυν,
3264 4453 3342 4518 ὡς
3371 4454 3532 4526 εἰκὸς,
3561 4453 3692 4507 πολ-

419 4528 873 4588 consentaneum,
917 4518 1101 4578 fumus
1143 4532 1197 4576 et
1241 4519 1456 4578 ﬂamma
1503 4523 1702 4579 sublati
1734 4534 1918 4578 essent

2179 4536 2208 4591 ῦ
2245 4539 2341 4593 καὶ
2373 4537 2570 4609 φλογὸς
2610 4541 2844 4596 ἐπιπολὺ
2875 4542 2968 4596 τοῦ
3001 4543 3166 4616 ἀέρος
3193 4545 3490 4618 ἀρθέντων,
3515 4518 3563 4602 el
3587 4546 3689 4616 μὲν

422 4624 677 4681 magnam
719 4621 928 4682 partem
985 4611 1149 4680 aeris,
1177 4612 1210 4667 ii
1252 4613 1471 4683 quidem
1500 4613 1592 4684 qui
1636 4613 1935 4670 circumsisi

2174 4631 2509 4702 εριεστῶτες,
2552 4632 2691 4687 ἀλλὰ
2721 4634 2818 4688 καὶ
2843 4635 3007 4697 αὐτὸς
3043 4611 3142 4690 σῦν
3181 4611 3371 4716 αὕτοῖς
3413 4642 3441 4693 ό
3476 4611 3687 4712 τάρχιυν,

423 4701 578 4766 bant,
615 4703 914 4772 quinetiam
949 4692 1064 4774 ipse
1093 4719 1309 4776 quoque
1360 4719 1482 4760 cum
1517 4705 1598 4759 eis
1634 4706 1936 4775 magistratu

2173 4692 2252 4800 τερ
2275 4719 2346 4802 ἦν
2375 4692 2577 4795 καὶ⁷
2612 4725 2904 4798 πράγματι
2937 4692 3033 4793 καὶ
3061 4731 3128 4800 τῇ
3169 4692 3366 4811 φύσειἸ
3386 4692 3686 4796 ἀκόλουῆθονί

424 4791 480 4852 id
505 4797 650 4865 quod
699 4805 821 4850 erat
868 4797 944 4851 rei
987 4805 1042 4852 et
1069 4806 1276 4853 natura:
1321 4811 1680 4871 consequens,
1715 4799 1937 4853 credeba

2181 4791 2372 4871 θνάναι
2425 4791 2627 4880 πάντες
2654 4791 2985 4886 ἐπίστευον,
3014 4791 3310 4893 Ἐσηρίαινε
3348 4824 3405 4878 δὲ
3436 4828 3523 4878 καὶ
3572 4791 3687 4890 τοῖς

422 4899 616 4940 omnes
641 4895 861 4941 sanctos
881 4902 1001 4942 esse
1029 4901 1292 4946 mortuos.
1318 4889 1670 4960 Signiﬁcabat
1696 4900 1874 4946 autem
1893 4891 1935 4962 jt

2170 4907 2329 4976 ιμίοις
2359 4909 2388 4961 δ
2416 4907 2665 4979 βικάριος
2695 4909 2818 4990 ήδη,
2857 4889 3161 4979 σϐέσαντας
3193 4916 3298 4985 τὴν
3328 4919 3508 4988 πυρὰν
3533 4916 3683 4988 ῥίψαι

425 4976 710 5038 lictoribus
751 4994 966 5048 quoque
995 4981 1255 5048 vicarius,
1295 4990 1356 5036 ut
1389 4997 1519 5050 rogo
1552 4983 1845 5046 exstincto,
1885 4997 1938 5038 cc

2170 5000 2261 5053 ιιτά
2285 5000 2384 5061 τοῦ
2417 5001 2670 5072 ποταμοῦ
2701 5002 2810 5058 τῶν
2857 5004 3032 5073 ἁγίων
3079 5007 3148 5061 τὰ
3184 5006 3417 5078 σώματα
3438 5024 3454 5039 ο
3483 5009 3592 5070 τοὺς
3629 5008 3683 5070 δὲ

427 5083 559 5137 pora
615 5077 926 5127 sanctorum
959 5071 1211 5141 iacerent
1243 5073 1297 5127 in
1332 5071 1579 5129 ﬂuvium.
1611 5075 1718 5130 Eos
1755 5091 1885 5131 vero
1918 5077 1932 5131 i

2169 5106 2183 5144 ρ
2226 5091 2333 5162 ἄρα
2359 5091 2542 5149 λαθὼν
2567 5091 2738 5169 ὕπνος
2778 5113 2864 5160 τις
2896 5071 3102 5164 γλυκὺς
3128 5099 3224 5154 καὶ
3243 5071 3564 5176 ἀπόρρητος,
3591 5103 3682 5154 ἐπὶ

426 5173 643 5218 vaserat
680 5164 900 5234 quidem
950 5165 1122 5222 dulcis
1153 5181 1380 5222 somnus
1403 5176 1457 5222 et
1489 5169 1916 5240 inexplicabilis;

2168 5182 2193 5253 ᾖ
2222 5181 2376 5255 ὕπνῳ
2415 5185 2590 5241 δὲκαὶ
2619 5165 2744 5259 δψις
2769 5189 2980 5258 ἐφοίτα.
3021 5189 3090 5245 Ἦ
3117 5192 3175 5245 δὲ
3212 5164 3625 5266 remeandi:
3653 5194 3681 5248 ὀ

425 5269 620 5315 somno
661 5266 843 5312 autem
891 5257 1030 5314 visio
1068 5272 1284 5329 quoque
1335 5261 1651 5318 accedebat.
1680 5262 1834 5322 Visio
1879 5280 1938 5321 ve

2167 5275 2462 5348 γωνοθὲτης
2489 5257 2728 5349 Χριστδς
2757 5283 2898 5353 μετά
2931 5286 3196 5354 στρατιᾶς
3223 5257 3470 5356 ἀγγέλων
3494 5257 3680 5357 tutata.-

427 5357 547 5404 erat
593 5348 708 5419 ipse
759 5351 1092 5421 agonetheta
1142 5352 1414 5420 Christus,
1463 5355 1556 5426 qui
1601 5371 1723 5412 cum
1764 5361 1940 5415 exerci

2172 5369 2254 5435 ιὶς,
2285 5371 2400 5437 καὶ,
2435 5348 2836 5443 Μὴνφοδεῖσθε,
2889 5348 3060 5431 είπῶν
3082 5394 3095 5408 ·
3128 5348 3242 5447 ἐγὼ
3270 5348 3399 5452 ’γάρ
3433 5385 3540 5454 είμι
3568 5348 3685 5452 μεθ’

427 5441 742 5513 angelorum
792 5446 1073 5516 apparuit,
1120 5455 1177 5503 et
1225 5449 1409 5505 dixit:
1443 5449 1620 5508 Nolite
1662 5451 1873 5519 timere,
1909 5471 1938 5508 e

2165 5461 2292 5531 μῶν.
2325 5462 2556 5518 Ἐκεῖνοι
2580 5466 2681 5538 μὲν
2712 5465 2808 5522 οῦν
2836 5467 2932 5523 τοῦ
2957 5468 3102 5524 θείου
3144 5473 3338 5535 τούτου
3379 5473 3540 5530 ὕπνου
3586 5475 3678 5527 ἁν-

423 5535 570 5587 enim
616 5548 735 5589 sum
770 5538 1048 5594 vobiscum
1072 5539 1115 5596 ⁸.
1151 5541 1228 5596 llli
1263 5555 1393 5614 ergo
1436 5557 1556 5600 cum
1587 5545 1653 5600 ab
1693 5545 1793 5604 hoc
1823 5547 1931 5604 divi

2168 5555 2439 5624 νεγκόντις
2469 5535 2720 5628 ἀλληλοις
2737 5561 3048 5618 ἐκοινοῦντο
3077 5565 3176 5635 τὴν
3201 5567 3418 5640 ὃράσιν,
3450 5567 3681 5647 καθάπερ

499 5710 522 5744 ⁸
542 5711 736 5771 Matth.
775 5733 965 5780 xxvttt.
