3832 6508
197 291 302 354 869
1215 285 1397 348 VITA
1433 285 1493 347 S.
1535 284 1969 347 CLEMENTIS
2009 282 2416 346 ANCYRANI.
3337 282 3445 348 870

197 406 254 458 ὲν
298 399 488 456 εὐώδει
519 398 626 474 πόᾳ
656 398 752 454 καὶ
780 398 1021 471 μαλακῇ,
1055 396 1171 454 ἀλλ’
1197 398 1298 454 οὐκ
1331 400 1388 453 ὲν
1434 400 1596 471 φλογὶ
1628 401 1771 475 μέσῃ

1882 415 2065 454 somno
2096 406 2280 456 essent
2307 395 2695 469 expergefacti,
2729 396 3204 453 communicabant
3230 395 3332 454 sibi
3364 398 3446 450 iu-

200 495 466 565 κείμενοι.
1878 491 2050 546 vicem
2100 493 2382 553 visionem,
2420 499 2675 560 tanquam
2714 490 2766 544 in
2799 490 2965 545 herba
3011 489 3158 547 molli
3185 497 3239 544 et
3265 487 3447 544 odori-

1879 579 2014 649 fera,
2047 597 2150 637 non
2187 583 2239 636 in
2270 580 2442 638 media
2469 591 2647 640 autem
2675 580 2911 646 ﬂamma,
2946 580 3207 652 iacentes.

1648 735 1876 792 CAPUT
1931 735 2024 792 XI.

1273 965 1418 1036 Ignis
1445 966 1862 1021 cruciamentum
1900 965 2055 1020 Tarsi
2087 974 2412 1034 superatum.

1952 1187 2165 1245 LXVII.
2188 1188 2321 1244 Cum
2341 1203 2436 1244 eos
2451 1203 2580 1244 vero
2597 1189 2859 1246 Domitius
2879 1192 3104 1248 vidisset
3119 1194 3190 1250 ita
3209 1197 3445 1252 admira-

195 1286 364 1340 αὐτοῦ
395 1284 852 1355 περιγενομένους
885 1280 1029 1347 ίδὼν,
1058 1281 1149 1334 καὶ
1187 1282 1261 1352 μὴ
1293 1280 1430 1352 ἔχων
1456 1282 1483 1332 ὃ
1505 1298 1556 1332 τι
1585 1278 1769 1332 λοιπὸν

1882 1279 2052 1334 uiliter
2085 1288 2140 1334 et
2165 1289 2360 1349 praeter
2388 1282 2697 1351 opinionem
2725 1282 2901 1351 ignem
2933 1289 3312 1354 superavisse,
3346 1306 3445 1346 nec

194 1380 380 1440 αὐτοῖς
429 1377 713 1447 χρήσαιτο,
768 1375 921 1446 παρὰ
967 1373 1310 1446 Μαξιμιανδν
1356 1369 1513 1435 αὖθις
1573 1369 1770 1432 αὐτοὺς

1882 1371 2040 1425 sciret
2067 1371 2318 1443 deinceps
2346 1374 2600 1444 quidnam
2631 1373 2710 1429 eis
2753 1374 2977 1441 faceret,
3006 1379 3233 1434 remittit
3259 1396 3351 1435 eos
3379 1381 3444 1434 ad

193 1467 509 1534 ἀναπέμπει
568 1467 632 1519 ἐκ
665 1463 878 1536 Ταρσοῦ
939 1462 1242 1534 τηνικαῦτα
1291 1462 1427 1535 πρὸς
1482 1461 1766 1530 Ἀγκυραν

1882 1459 2291 1527 Maximianum,
2362 1463 2453 1533 qui
2527 1475 2650 1520 tunc
2724 1481 2787 1520 ex
2847 1466 3018 1522 Tarso
3078 1471 3446 1524 revertebatur

191 1557 626 1627 ἀναστρέφοντα.
659 1557 721 1609 Οἱ
750 1555 892 1624 ἅγιοι
916 1557 1094 1610 τοίνυν
1120 1553 1224 1608 ὑπὸ
1249 1552 1606 1623 στρατιώταις
1634 1549 1770 1621 μετὰ

1882 1552 2160 1624 Ancyram.
2187 1553 2318 1609 Cum
2346 1557 2517 1610 sancti
2550 1573 2677 1628 ergo
2710 1558 2810 1612 sub
2837 1559 3094 1614 militibus
3117 1575 3236 1614 cum
3264 1561 3446 1616 multis

267 1193 386 1249 EZ'.
417 1190 676 1262 Δομέτιος
712 1190 770 1244 δὲ
817 1189 1136 1260 παραδόξως
1179 1189 1320 1248 οὕτω
1358 1189 1447 1242 καὶ
1477 1188 1570 1242 τοῦ
1601 1187 1769 1259 πυρὸς

193 1649 409 1704 πολλῶν
466 1651 558 1702 καὶ
593 1649 767 1704 ἄλλων
805 1647 1146 1720 Χριστιανῶν
1207 1646 1477 1716 ἁψάμενοι
1515 1643 1616 1713 τῆς
1671 1657 1766 1695 πο-

195 1743 368 1814 ρείας,
395 1742 582 1814 ἐπειδὴ
615 1741 694 1813 τῷ
722 1759 780 1796 τε
814 1741 914 1812 τῆς
937 1741 1056 1794 ὁδοῦ
1092 1740 1257 1811 μήκει
1283 1739 1350 1793 τὰ
1402 1735 1632 1806 σώματα
1663 1751 1765 1788 πε-

1874 1657 2087 1714 quoque
2130 1645 2250 1700 aliis
2279 1646 2602 1704 Christianis
2657 1656 2839 1705 essent
2889 1652 2992 1704 iter
3021 1651 3269 1720 ingressi,
3307 1669 3446 1721 quo-

1874 1737 2017 1790 niam
2045 1748 2098 1792 et
2129 1739 2228 1793 vite
2276 1739 2606 1811 longitudine
2653 1743 2860 1799 defessa
2905 1755 3068 1800 erant
3107 1760 3356 1817 corpora,
3388 1755 3445 1802 et

193 1837 525 1904 πονήκεσαν,
559 1835 732 1898 ἄλλως
759 1851 818 1887 τε
869 1832 924 1886 δὲ
957 1833 1052 1885 καὶ
1093 1833 1125 1901 ή
1153 1831 1267 1894 ὁδὸς
1300 1831 1366 1900 ἦν
1394 1827 1620 1898 ἔμελλον
1652 1826 1766 1880 δια-

1882 1829 2068 1900 ιιίοῳιί
2103 1831 2208 1896 via,
2242 1850 2346 1903 qua
2383 1843 2540 1889 erant
2569 1837 2869 1902 transituri,
2895 1847 3010 1891 erat
3032 1840 3317 1894 admodum
3347 1841 3442 1894 de-

191 1927 425 1992 6αίνειν,
454 1927 660 1998 ἔρημος
697 1924 928 1979 ἐπιπολὺ
955 1920 1089 1977 οὖσα
1115 1925 1208 1976 καὶ
1239 1921 1477 1991 ἀτεχνῶς
1515 1917 1765 1990 άιυδρος,

191 2021 272 2082 εἷς
299 2019 394 2084 ὀξὺ
427 2019 579 2089 δίψος
614 2018 810 2080 αὐτοὺς
835 2016 1118 2084 άνέφλεγε.
1181 2011 1368 2082 Τούτῳ
1402 2011 1457 2064 δὲ
1485 2011 1635 2080 αύτῷ
1673 2007 1768 2062 καὶ

189 2112 321 2173 τοὺς
345 2109 766 2178 ὁδοιποροῦντας
792 2107 980 2170 δεινῶς
1031 2105 1384 2175 πιεζομένους
1410 2102 1646 2172 δρῶντες
1674 2100 1768 2154 καὶ

191 2205 316 2256 ὅσον
340 2202 493 2256 οὔπω
521 2201 893 2263 ἐκλείποντας,
921 2201 998 2262 είς
1029 2197 1195 2268 εὐχὴν
1223 2196 1361 2267 μετὰ
1387 2195 1494 2250 τῶν
1521 2195 1768 2264 γονάτων

191 2299 290 2350 καὶ
350 2297 520 2367 αὐτὴν
581 2294 861 2356 κλίναντες
910 2292 1008 2363 τὴν
1062 2290 1325 2361 καρδίαν,
1381 2287 1550 2357 Κύριε
1589 2285 1766 2356 Ἰησοῦ

191 2389 420 2462 Χριστὲ,
448 2391 476 2440 ὁ
505 2389 635 2452 Θεὸς
664 2386 846 2456 ἡμῶν,
880 2382 1052 2450 εἷπον,
1087 2386 1115 2437 ὁ
1146 2384 1237 2436 καὶ
1281 2381 1554 2452 Θαλάσσης
1602 2379 1768 2433 ὕδατα

195 2481 461 2550 πρότερον
489 2479 621 2532 ὡσεὶ
650 2481 828 2548 τεῖχος
856 2477 1095 2546 παγῆναι
1120 2474 1369 2539 ποιήσας,
1402 2475 1495 2526 καὶ
1531 2471 1676 2542 ὕδωρ
1703 2473 1766 2523 ἐκ

196 2575 402 2643 πέτρας
430 2572 588 2624 πάλιν
618 2567 923 2637 ἐξαγαγὼν,
955 2567 1114 2631 αὐτὸς
1145 2564 1434 2635 ὲπίϐλεψον
1460 2565 1553 2618 καὶ
1570 2562 1666 2617 νῦν
1687 2560 1769 2629 ἐφ’

194 2667 367 2737 ἡμᾶς,
409 2662 719 2733 ὲπίὸλεψον,
771 2659 1020 2731 βασιλεῦ’
1065 2658 1456 2727 διαπειρλεκται
1481 2655 1590 2726 γὰρ
1621 2657 1771 2726 ἰσχυ-

199 2759 310 2830 ρῶς
344 2756 546 2829 ἡψυχὴ
575 2754 752 2827 ήμῶν,
791 2754 886 2808 καὶ
907 2753 1175 2824 τρέχομεν
1209 2753 1266 2804 ὲν
1295 2749 1436 2820 δίψει
1489 2748 1769 2819 καύματος

197 2851 258 2902 ιν
281 2847 496 2920 ἀνύδρῳ
519 2863 534 2881 ο
571 2846 664 2900 σού
705 2847 762 2900 δὲ
795 2845 1142 2916 βουλομένου,
1189 2843 1404 2906 πάντως
1429 2843 1523 2896 καὶ
1557 2841 1700 2913 ὕδωρ
1730 2843 1764 2914 ἡ

195 2943 293 3012 γῆ,
319 2942 413 2994 καὶ
451 2936 518 2994 αὖ
544 2939 702 2992 πάλιν
731 2938 802 3008 γῆ
833 2938 892 2990 τὸ
925 2937 1068 3008 ὕδωρ
1097 2937 1404 3006 γενήσεται.
1430 2931 1618 2988 Ταῦτα
1651 2933 1769 2986 ἕλευ

197 3033 295 3101 γέν
325 3047 410 3098 τε,
437 3030 530 3083 καὶ
551 3029 730 3099 θερμὰ
757 3029 968 3098 δάκρυα
1007 3027 1116 3083 τῶν
1139 3025 1432 3095 ὀφθαλμῶν
1466 3025 1758 3096 ἀπέρρεον.

201 3120 665 3192 Προσευξαμένων
721 3119 852 3188 γοῦν
903 3120 996 3172 καὶ
1050 3120 1130 3181 είς
1161 3118 1252 3171 τὸν
1285 3115 1513 3187 οὐρανὸν
1568 3115 1770 3177 εὐθέως

1874 1929 2012 1974 serta
2056 1931 2109 1975 et
2141 1923 2297 1991 plane
2347 1939 2500 1994 aqua:
2537 1940 2750 1996 expers,
2776 1927 2893 1981 sitis
2923 1945 3018 1984 eos
3055 1931 3244 1984 urebat
3282 1930 3441 1984 vehe-

1874 2015 2230 2071 mentissime.
2285 2015 2358 2069 Ea
2411 2035 2531 2074 cum
2574 2019 2822 2075 viderent
2852 2023 3089 2092 graviter
3116 2025 3284 2092 premi
3325 2039 3441 2090 eos,

1875 2106 1964 2176 qui
1996 2121 2100 2160 una
2128 2109 2231 2161 iter
2260 2108 2719 2178 ingrediebantur,
2744 2121 2796 2166 et
2826 2127 2948 2166 mox
2975 2127 3096 2166 esse
3117 2115 3442 2182 defecturos,

1875 2200 1939 2254 ad
1963 2215 2152 2269 pret-es
2181 2216 2301 2254 cum
2337 2203 2562 2269 genibus
2604 2204 2777 2272 ipsum
2807 2219 2900 2258 eor
2936 2220 3150 2275 quoque
3182 2207 3446 2262 inclinan-

1878 2300 1996 2346 tes:
2031 2291 2252 2346 Domine
2293 2292 2416 2348 Jesu
2470 2293 2712 2359 Christe,
2754 2296 2894 2349 Deus
2929 2307 3128 2363 noster,
3172 2298 3444 2356 dicebant.

1876 2384 2147 2454 quietiam
2177 2385 2325 2455 prius
2350 2401 2521 2456 aquas
2548 2387 2712 2440 maris
2738 2396 2991 2456 tanquam
3025 2404 3234 2442 murum
3264 2391 3446 2445 firmas

1875 2475 2094 2531 effecisti
2121 2487 2175 2532 et
2217 2478 2459 2541 stabiles,
2490 2489 2544 2534 et
2574 2495 2768 2549 aquam
2811 2495 2997 2534 rursus
3027 2480 3260 2536 eduxisti
3295 2495 3323 2534 e
3355 2497 3448 2550 pe—

1877 2577 1990 2635 tra;
2019 2568 2135 2638 ipse
2177 2584 2319 2624 nunc
2348 2585 2562 2640 quoque
2601 2585 2764 2640 super
2802 2586 2900 2625 nos
2941 2573 3180 2641 respice,
3217 2574 3445 2640 respice,

1876 2659 2118 2731 inquam,
2171 2679 2263 2717 rex
2303 2680 2316 2716 :
2355 2663 2510 2718 valde
2543 2665 2687 2718 enim
2745 2665 2894 2719 ardet
2926 2665 3106 2719 nostra
3157 2665 3354 2732 anima,
3392 2677 3460 2721 et'

1879 2753 2142 2807 currimus
2193 2753 2245 2807 in
2291 2755 2380 2809 siti
2411 2765 2573 2809 aestus
2610 2755 2661 2810 in
2702 2755 2819 2811 loco
2850 2757 2940 2826 qui
2991 2766 3074 2811 est
3116 2758 3236 2811 sine
3268 2758 3444 2826 aquis.

1879 2842 1954 2898 Te
1983 2855 2160 2899 autem
2191 2847 2422 2912 volente,
2467 2847 2686 2901 omnino
2718 2856 2772 2902 et
2805 2858 2943 2902 terra
2985 2863 3138 2918 aqua,
3174 2858 3227 2903 et
3259 2864 3446 2906 rursus

1876 2949 2013 3004 aqua
2052 2945 2193 2989 terra
2233 2935 2344 2990 fiet.
2374 2935 2496 2990 llaec
2523 2945 2577 2990 et
2605 2937 2875 3002 dicebant,
2905 2950 2957 2993 et
2982 2938 3167 2993 calidae
3195 2939 3448 3010 laci-ymte

1876 3029 1955 3080 eis
1986 3025 2225 3082 ﬂuebant
2252 3045 2315 3081 ex
2349 3029 2537 3082 oculis.
2570 3027 2702 3084 Cum
2729 3031 2910 3100 itaque
2937 3044 3208 3094 orassent,
3239 3041 3292 3085 et
3317 3044 3448 3100 pro-

1883 3121 2025 3174 tinus
2069 3121 2120 3173 in
2166 3121 2362 3175 cmlum
2421 3123 2816 3191 suspexissent,
2853 3139 3044 3191 pttrum
3090 3124 3356 3193 quoddam
3394 3129 3449 3178 el

201 3215 444 3278 ἰδόντων,
473 3211 710 3284 καθαρόν
737 3227 788 3264 τι
809 3210 959 3280 νᾶμα
985 3209 1081 3262 καὶ
1105 3205 1297 3271 δίειδὲς
1324 3206 1425 3277 τῆς
1450 3207 1618 3276 ξηρᾶς
1644 3209 1772 3260 ὲκεί-

1882 3215 2221 3279 perspicunm
2278 3213 2536 3268 ﬂuentum
2582 3230 2648 3269 ex
2696 3215 2780 3269 illa
2811 3217 2958 3270 arida
2987 3226 3039 3270 et
3077 3217 3279 3270 inculta
3306 3225 3447 3270 terra

196 3325 297 3377 νης
329 3305 424 3360 καὶ
460 3306 735 3376 ἀνημέρου
766 3305 869 3375 γῆς
895 3302 1201 3357 ἀναδίδοται
1223 3317 1236 3333 ο
1265 3292 1328 3354 οὗ
1354 3302 1446 3354 καὶ
1473 3299 1684 3363 πιόντες
1710 3299 1771 3352 τὸ

199 3399 390 3464 πιέζον
427 3398 622 3460 αὐτοὺς
651 3395 714 3450 τὸ
737 3395 888 3464 δίψος
911 3395 1223 3465 ἐκοίμισαν.

271 3487 397 3543 EH’.
424 3487 536 3557 Τῆς
571 3489 758 3558 φήμης
790 3480 885 3540 οὖν
917 3486 1012 3539 καὶ
1041 3486 1154 3548 τοῖς
1202 3483 1389 3555 πόρρω
1442 3480 1775 3550 διαδοθείσης

200 3585 496 3656 συνέρρεον
547 3585 684 3652 πρὸς
731 3581 928 3642 αὐτοὺς
980 3581 1030 3633 οί
1094 3578 1383 3648 περίοικοι,
1433 3579 1524 3630 καὶ
1556 3575 1689 3631 πολύ
1719 3591 1773 3627 τι

198 3679 407 3749 πλῆθος
425 3679 608 3739 αὐτοῖς
633 3675 842 3737 πολλοῖς
861 3674 956 3726 καὶ
979 3671 1243 3734 ποικίλοις
1275 3671 1502 3723 πάθεσιν
1529 3668 1778 3738 ἐνοχλουο

201 3775 385 3845 μένων
425 3771 750 3841 προσήγετο.
797 3765 938 3818 Ἀλλ’
972 3765 1006 3835 ή
1060 3763 1168 3816 τῶν
1199 3764 1400 3833 χειρῶν
1453 3761 1564 3831 ἁφὴ
1617 3760 1774 3830 μόνον

197 3866 422 3934 ἑκάστῳ
478 3861 572 3915 τοῦ
632 3859 837 3921 πάθους
885 3856 1095 3924 ἐγίνετο
1139 3855 1447 3924 φάρμακον.
1492 3854 1550 3906 '0
1599 3851 1776 3904 τοίνυν

203 3953 628 4027 μακαριώτατος
671 3951 901 4021 Κλήμης
933 3947 1042 4019 (ἐπ’
1076 3947 1238 4000 αὐτὸν
1270 3947 1380 4018 γάρ
1433 3946 1593 4017 μόνον
1621 3940 1776 4010 αὖθις

198 4049 481 4117 τὸνλόγον
533 4041 993 4112 ὲπαναγάγωμεν)
1032 4039 1176 4093 οὕτω
1224 4039 1453 4108 πάσχειν
1497 4037 1653 4106 ὲδίψα
1689 4035 1776 4088 διὰ

199 4139 461 4212 Χριστὸν,
485 4135 626 4190 ὥστε
661 4134 798 4206 μηδὲ
826 4131 1155 4203 ὀλιγωθῆναι
1185 4131 1305 4192 ταῖς
1334 4130 1630 4198 τιμωρίαις
1681 4126 1775 4180 τὸν

197 4233 399 4310 χρόνον
421 4227 570 4299 αὐτῷ
599 4227 699 4298 τῆς
734 4225 880 4296 ζωῆς
931 4221 1149 4293 ηύχετο,
1173 4221 1308 4275 ἀλλὰ
1335 4218 1425 4273 διὰ
1458 4219 1645 4310 τέλους
1669 4234 1776 4271 πα-

200 4309 513 4397 ραταθῆναι
562 4320 630 4372 τὰ
665 4319 1003 4387 σκάμματα,
1051 4315 1297 4366 Δέσποτα
1342 4310 1534 4381 Κύριε,
1583 4309 1777 4377 λέγων,

201 4417 341 4488 μόνα
403 4411 622 4492 βασιλεῦ
641 4408 751 4463 τῶν
781 4404 1012 4471 αἰώνων,
1051 4405 1126 4476 μὴ
1149 4404 1430 4475 ἀναγάγῃς
1461 4419 1528 4473 με
1559 4405 1615 4456 ἐν
1649 4401 1779 4473 ήμίο

1878 3309 2162 3358 emittitur.
2194 3305 2267 3363 Ex
2295 3325 2398 3375 quo
2425 3325 2544 3361 eum
2574 3308 2857 3373 bibissent,
2891 3323 3008 3363 eam
3040 3325 3160 3380 qua:
3191 3325 3284 3365 eos
3327 3326 3451 3381 pre-

1875 3401 2052 3456 mebat
2087 3399 2231 3452 sitim
2262 3402 2541 3454 sedarunt.

1945 3484 2177 3540 LXVIII.
2203 3486 2338 3541 Cum
2374 3487 2532 3557 hujus
2561 3499 2736 3542 autem
2774 3488 2852 3543 rei
2882 3486 3022 3544 fama
3045 3489 3205 3546 etiam
3233 3493 3300 3546 ad
3331 3505 3444 3560 eos,

1875 3581 1962 3646 qui
2005 3579 2192 3648 procul
2221 3587 2377 3632 erant
2417 3579 2629 3642 remoti,
2661 3581 3008 3649 pervasisset,
3042 3584 3108 3636 ad
3141 3585 3288 3650 ipsos
3318 3599 3448 3638 con-

1873 3668 2110 3724 ﬂuebant
2142 3669 2230 3737 qui
2265 3668 2617 3724 circumcirca
2655 3669 2988 3738 habitabant,
3037 3682 3090 3729 et
3121 3689 3312 3740 magna
3351 3675 3448 3728 hoc

1875 3759 2080 3815 minum
2108 3759 2419 3825 multitudo,
2452 3760 2543 3830 qui
2573 3761 2753 3815 multis
2777 3771 2832 3817 et
2862 3762 3024 3817 variis
3059 3763 3261 3818 morbis
3291 3779 3448 3818 vexa-

1875 3851 2091 3916 bantur,
2123 3851 2190 3905 ad
2224 3865 2318 3906 eos
2356 3850 2744 3906 adducebatur.
2798 3853 3050 3908 Manuum
3090 3862 3266 3907 autem
3299 3855 3446 3911 solus

1875 3953 2157 4000 contactus
2201 3941 2304 3998 fuit
2367 3943 2658 4013 unicuique
2732 3943 2902 3998 morbi
2973 3945 3442 4002 medicamentum.

1876 4036 2225 4090 Beatissimus
2264 4049 2393 4106 ergo
2439 4033 2690 4091 Clemens
2736 4034 2840 4105 (ad
2879 4035 3053 4106 ipsum
3086 4038 3229 4090 enim
3272 4038 3444 4091 solum

1877 4144 2068 4184 rursus
2119 4129 2413 4184 revertitur
2461 4128 2671 4200 oratio)
2728 4137 2946 4198 propter
2998 4128 3275 4185 Christum
3335 4129 3448 4200 pati

1875 4221 2011 4276 adeo
2035 4220 2269 4282 sitiebat,
2303 4229 2359 4274 ut
2388 4233 2484 4275 nec
2513 4219 2635 4274 vitae
2654 4220 2871 4289 quidem
2893 4235 3003 4277 suae
3036 4231 3244 4291 tempus
3267 4230 3450 4282 oraret

1880 4313 2047 4367 minui
2097 4311 2396 4382 suppliciis,
2431 4313 2525 4366 sed
2569 4311 2686 4380 ejus
2722 4323 2874 4383 septa
2902 4313 3119 4370 extendi
3151 4324 3433 4384 perpetuo:

1879 4405 2124 4469 Domine,
2149 4405 2357 4468 dicens,
2381 4405 2472 4476 qui
2503 4417 2561 4456 es
2585 4404 2732 4458 solus
2777 4419 2873 4459 rex
2900 4405 3242 4470 smeulurum,
3267 4420 3335 4461 ne
3363 4417 3449 4464 me

201 4524 290 4561 σει
320 4503 432 4558 τῶν
461 4500 686 4575 ήμερῶν
719 4517 843 4571 μου,
873 4500 986 4562 τοῖς
1018 4497 1401 4568 καθημερινοῖέ
1428 4494 1638 4559 τούτοις
1665 4511 1772 4549 κιν-

1882 4497 2168 4552 abduxeris
2213 4495 2268 4554 in
2313 4497 2537 4550 dimidio
2563 4495 2774 4550 dierqu
2825 4510 3096 4564 meorum,
3147 4497 3230 4551 his
3269 4495 3449 4568 quoti.

198 4599 385 4661 δύνοις
410 4560 864 4664 ἀπαγορεύσαντα
883 4607 898 4623 ο
919 4560 1055 4646 ἀλλὰ
1083 4560 1367 4661 παράσχου
1396 4604 1486 4659 μοι
1510 4587 1586 4657 τῷ
1601 4587 1772 4660 ἀμαρ-

1882 4589 2056 4646 dianis
2085 4588 2355 4643 defessum
2400 4587 2656 4656 periculis
2684 4605 2699 4643 ς
2723 4587 2818 4643 sed
2864 4560 3105 4658 praebeas
3141 4560 3302 4645 mihi-
3324 4601 3449 4656 pecv-

195 4689 365 4760 τωλῷ
392 4687 523 4759 παρ’
552 4685 680 4757 ὅλην
722 4700 822 4756 μου
852 4683 950 4753 τὴν
981 4682 1126 4752 ζωὴν
1156 4681 1299 4750 ὑπὲρ
1325 4677 1418 4732 τοῦ
1446 4677 1540 4733 σοῦ
1574 4677 1772 4748 ὀνόμα-

1882 4680 2047 4735 calori
2079 4694 2172 4750 per
2194 4687 2358 4734 totam
2389 4692 2507 4732 eam
2553 4679 2715 4732 vitam
2754 4678 2934 4733 omnia
2963 4679 3070 4747 pati
3103 4691 3198 4751 pro
3228 4687 3322 4730 tuo
3351 4691 3449 4730 no.

195 4800 294 4846 τος
323 4781 422 4834 καὶ
445 4778 543 4850 τῆς
575 4777 672 4848 σῆς
707 4772 996 4846 ὁμολογίας
1029 4772 1209 4828 πάντα
1241 4770 1456 4833 παθεῖν,
1496 4767 1590 4825 καὶ
1643 4765 1772 4822 αὺτά

1882 4772 2026 4828 mine
2072 4780 2127 4826 et
2173 4780 2262 4826 tua
2293 4769 2655 4833 confessione,
2687 4778 2741 4823 et
2787 4768 2871 4825 vel
2918 4769 3030 4836 ipsa
3080 4768 3173 4822 tibi
3203 4770 3446 4828 membra

199 4895 290 4933 σοι
323 4871 632 4928 καταθῦσαι
680 4868 749 4922 τὰ
779 4866 940 4940 μέλη,
973 4865 1048 4929 ὼς
1079 4864 1146 4918 ἂν
1169 4863 1323 4935 ,μετά
1358 4860 1602 4924 πλείονος
1639 4859 1782 4913 ἀπο-

195 4970 360 5024 λάὸω
386 4963 548 5020 πάλιν
586 4959 727 5016 αὐτὰ
773 4959 874 5028 τῆς
901 4955 1310 5028 λαμπρότητος.
1342 4952 1525 5006 Ταῦτα
1555 4950 1692 5022 ὁμοῦ
1720 4967 1782 5004 τε

197 5061 434 5134 ηῠξατο,
465 5057 559 5110 καὶ
596 5053 776 5124 φωνῆς
805 5049 1012 5105 ἄνωθεν
1038 5047 1240 5108 εὐθέως
1271 5043 1488 5100 ἀκούειν
1515 5042 1675 5113 ἐῴκει
1697 5057 1711 5071 ο
1746 5043 1780 5112 ή

199 5151 366 5224 φωνὴ
397 5147 455 5202 δὲ
482 5143 580 5218 ἦν’
609 5146 790 5215 ’Ἀπερ
821 5143 1030 5215 ᾐτήσω,
1065 5139 1284 5211 Κλήμη,
1313 5137 1408 5192 νῦν
1440 5135 1646 5190 δέδοταί
1673 5150 1778 5187 σοι.

201 5248 398 5316 Ἰσχυε
445 5243 541 5297 καὶ
586 5235 909 5309 ἐνδυναμοῦ,
936 5233 1030 5289 καὶ
1058 5234 1149 5288 τὸν
1177 5233 1377 5304 δρόμον
1403 5230 1572 5292 ὅντως
1619 5226 1780 5297 τρέχε

197 5342 298 5399 τὸν
326 5341 428 5409 τῆς
477 5335 755 5409 ἀθλήσεως
777 5348 790 5362 ⁸
822 5334 850 5386 ὁ
882 5332 989 5395 πᾶς
1020 5329 1129 5399 γάρ
1160 5344 1244 5381 σοι
1270 5327 1368 5398 τῆς
1393 5323 1540 5394 ζωῆς
1568 5322 1781 5376 ὑπόλοι-

199 5455 311 5499 πος
336 5432 550 5504 χρόνος,
607 5428 746 5500 μετά
775 5443 840 5495 γε
861 5426 966 5481 τῶν
995 5425 1097 5498 ήδη
1123 5426 1189 5495 τῇ
1227 5421 1453 5492 ἀθλήσει
1487 5418 1780 5491 διηνυσμέο

208 5552 321 5590 νων
347 5532 430 5596 εἰς
462 5528 609 5586 ὀκτὼ
653 5531 749 5586 καὶ
776 5528 978 5586 εἴκοσιν
1006 5526 1099 5600 ἐτη
1127 5525 1204 5597 τῷ
1239 5521 1522 5598 μαρτυρίῳ
1543 5516 1782 5590 ἀριθμη-

202 5625 460 5696 ϐήσεται.

1879 4861 2219 4928 sacrificare,
2280 4871 2337 4914 ut
2389 4875 2452 4914 ea
2509 4875 2696 4914 rursus
2749 4859 3010 4929 accipiam
3070 4875 3194 4913 cum
3250 4861 3447 4931 majori

1881 4956 2186 5029 splendore.
2222 4954 2346 5011 Haec
2369 4954 2527 5008 simul
2559 4969 2621 5006 ac
2644 4963 2896 5023 precatus
2924 4962 3029 5014 est,
3058 4955 3208 5008 visus
3241 4961 3323 5008 est
3345 4955 3451 5017 sibi

1886 5063 2074 5103 vocem
2099 5049 2284 5102 audire
2307 5061 2372 5100 ex
2401 5045 2529 5111 alto,
2565 5045 2829 5100 dicentem
2861 5061 2874 5098 :
2904 5044 3033 5110 Quae
3063 5045 3284 5112 petiisti,
3330 5042 3452 5100 Cleo

1887 5155 2063 5208 mens,
2104 5155 2168 5194 ea
2199 5154 2340 5194 nunc
2367 5137 2460 5191 tibi
2507 5137 2630 5191 data
2671 5147 2814 5191 sunt.
2845 5134 2920 5191 Te
2951 5136 3170 5190 fortiter
3212 5149 3358 5205 gere,
3399 5145 3454 5199 et

1889 5243 2006 5288 tnas
2036 5231 2180 5284 vires
2203 5227 2486 5292 confirma,
2512 5237 2567 5282 et
2600 5226 2913 5282 certaminis
2941 5241 3157 5280 cursum
3194 5235 3451 5282 constano

1889 5337 1969 5382 ter
2010 5323 2238 5380 confice.
2283 5321 2606 5378 Universum
2641 5319 2784 5375 enim
2823 5319 2965 5388 quod
2995 5317 3090 5376 tibi
3134 5328 3303 5374 restat
3331 5317 3454 5374 vitae

1888 5428 2122 5488 tempus,
2172 5431 2294 5470 cum
2347 5416 2435 5479 iis,
2503 5429 2622 5482 qute
2679 5412 2931 5466 certando
2981 5412 3092 5482 jam
3137 5427 3164 5464 a
3231 5421 3281 5464 te
3328 5416 3456 5469 sum

1896 5520 2114 5584 peracta
2137 5551 2153 5579 ,
2173 5508 2544 5565 numerabitur
2577 5507 2644 5562 ad
2675 5506 2858 5581 viginti
2889 5515 2944 5560 et
2967 5516 3087 5559 octo
3114 5519 3280 5559 annos
3313 5493 3456 5555 mar—

1894 5605 2042 5675 tyrii.
