3832 6462
394 261 498 328 δτι

1632 258 1908 318 ΜΕΝΞῙΞ
1947 257 2404 320 J\.\'U.\RIL'S.

3535 256 3642 322 812

464 375 646 435 LXIX.
690 374 780 431 Sic
803 373 1190 446 ergocgregius
1205 373 1474 439 Clemens,
1505 388 1625 428 cum
1649 390 1679 429 e
1707 375 1844 430 ςαξιο
1873 389 1964 429 ac-

2138 374 2256 429 ΞΘ’.
2289 373 2477 437 Οὕτως
2504 366 2596 427 οὖν
2630 373 2656 426 6
2693 373 2936 442 γενναῖος
2978 368 3208 442 Κλήμης
3231 369 3292 436 ἐξ
3325 370 3556 443 οὐρανοῦ
3585 375 3646 427 τὸ

389 472 622 538 cepisset
665 479 871 522 certum
911 467 1105 536 pignus
1153 467 1419 539 martyrii,
1457 465 1523 519 ad
1558 466 1963 538 Aucyranorum

389 564 662 618 civitatem
713 574 900 613 rursus
935 557 1272 612 confidenter
1311 556 1643 627 procedebat
1697 573 1801 611 una
1841 571 1963 610 cum

392 651 779 723 Agathangclo.
823 650 923 716 Qui
977 664 1072 704 eos
1115 659 1292 703 autem
1342 648 1683 704 abducebaut
1735 650 1964 714 milites,

391 747 668 800 audientes
719 744 1100 812 imperatorem
1153 742 1330 796 adhuc
1369 741 1574 794 versari
1634 739 1819 794 Tarsis
1870 755 1968 809 op-

392 837 516 908 pido
576 834 804 898 Ciliciae,
860 833 988 888 illuc
1037 833 1102 887 ad
1144 847 1266 888 eum
1310 841 1528 887 sanctos
1590 832 1809 887 ducunt.
1875 831 1969 885 Ille

391 939 572 984 autem
599 945 719 982 cum
763 942 857 981 eos
890 926 1074 981 statim
1111 925 1228 980 sisti
1251 933 1500 980 curasset
1537 933 1593 977 ct
1627 924 1678 976 id
1713 923 1853 992 quod
1887 937 1970 976 re-

391 1037 518 1079 vera
566 1028 684 1077 erat
727 1020 994 1084 celasset,
1031 1017 1285 1074 simulata
1319 1016 1685 1086 benignitate,
1733 1015 1970 1070 humane

391 1125 446 1172 et
496 1116 706 1187 placide
747 1128 844 1168 eos
885 1115 1120 1182 primum
1157 1110 1461 1170 conabatur
1493 1110 1794 1164 inducere:
1835 1108 1966 1162 Mihi

391 1205 682 1268 videmini,
720 1203 938 1264 dicens,
985 1217 1019 1257 ο
1061 1201 1199 1266 viri,
1236 1206 1520 1270 propterea
1562 1199 1613 1252 in
1648 1198 1966 1258 hodiernum

391 1312 562 1366 usque
595 1296 736 1349 diem
768 1310 872 1347 non
915 1293 1197 1348 induxisse
1245 1292 1298 1346 in
1337 1291 1601 1355 animum,
1648 1300 1706 1349 ut
1749 1291 1969 1343 omnino

391 1387 692 1453 cederetis,
734 1385 827 1440 sed
875 1385 931 1440 in
961 1399 1056 1439 eos
1085 1384 1264 1452 potius
1289 1424 1304 1447 ,
1349 1383 1419 1438 ad
1445 1397 1579 1453 quos
1619 1380 1766 1434 missi
1801 1381 1966 1446 estis,

392 1478 724 1548 immorigeri
765 1478 930 1532 fuisse
976 1485 1032 1530 et
1063 1473 1411 1538 contentiosi,
1449 1483 1508 1526 ut
1549 1475 1615 1532 ad
1663 1485 1760 1526 nos
1799 1486 1970 1542 usque

396 1572 684 1635 veniretis,
721 1579 778 1625 et
817 1584 925 1628 non
967 1568 1118 1638 prius
1153 1567 1204 1622 in
1238 1566 1466 1636 alicujus
1518 1564 1773 1628 alterius,
1805 1579 1967 1632 quam

393 1665 446 1720 in
481 1663 650 1733 ipsius
688 1660 1040 1731 imperatoris
1067 1658 1239 1714 oculis
1267 1656 1635 1712 mutaremini.
1672 1654 1787 1708 Scit
1821 1654 1965 1708 enim

2065 466 2159 520 τοῦ
2197 464 2502 537 μαρτυρίου
2531 464 2714 519 λαϐὼν
2739 465 3021 536 ἐχέγγυον,
3052 465 3133 528 είς
3161 464 3261 536 τὴν
3286 465 3642 536 Ἀγκυρανῶν

2066 553 2222 622 αὖθις
2249 559 2345 611 σὺν
2389 557 2776 628 Ἀγαθαγγέλῳ
2824 555 3144 618 πεποιθότες
3173 554 3416 628 ἐχώρουν
3436 571 3453 587 ο
3501 558 3554 610 οί
3585 557 3644 610 δὲ

2067 648 2371 716 ἀπάγοντες
2419 647 2616 711 αὐτοὺς
2649 646 2974 718 στρατιῶται
3001 646 3299 718 διατρίϐειν
3353 647 3414 700 ἐν
3443 647 3645 718 Ταρσῷ

2067 740 2165 810 τῆς
2199 741 2448 804 Κιλικίας
2505 741 2584 794 ἔτι
2620 741 2710 794 τὸν
2745 740 2968 810 βασιλέα
3007 739 3325 810 πυθόμενοι,
3363 741 3482 794 ἐκεῖ
3509 740 3643 810 παρ’

2066 832 2227 884 αὑτὸν
2261 834 2452 900 ἄγουσι
2503 834 2630 896 τοὺς
2671 833 2882 900 ἁγίους.
2933 830 2992 884 '0
3031 831 3091 885 δὲ
3147 833 3645 902 παραστησάμενος

2067 921 2268 985 εὐθέως
2285 922 2498 985 αὐτοὺς,
2523 922 2614 974 καὶ
2637 920 2850 992 κρύψας
2871 919 2899 972 6
2918 922 3035 982 ταῖς
3051 919 3333 990 ἀληθείαις
3351 917 3444 990 ἦν,
3471 937 3643 992 προσ-

2068 1015 2272 1085 ποιήτῳ
2307 1011 2708 1086 φιλανθρωπίᾳ,
2775 1011 2998 1080 ἡμέρως
3029 1009 3174 1066 οὕτω
3226 1011 3322 1064 καὶ
3352 1011 3644 1082 προσηνῶς

2069 1105 2448 1174 ἐπαγαγέσθαι
2475 1105 2688 1176 πρῶτον
2724 1103 2922 1166 αὐτοὺς
2939 1101 3490 1172 ἐπειρᾶτοοΈοίκατέ
3524 1121 3640 1172 μοι,

2067 1200 2259 1267 λέγων.
2305 1193 2350 1252 ὦ
2377 1199 2591 1266 ἄνδρες,
2627 1198 2709 1251 ὅτι
2754 1195 2842 1252 διὰ
2894 1195 3054 1251 τοῦτο
3095 1195 3258 1266 μέχρι
3290 1195 3508 1248 καῖ’νῦν
3543 1197 3645 1250 οὐκ

2069 1288 2208 1356 εἶξαι
2237 1291 2298 1352 τὸ
2332 1293 2595 1365 παράπαν
2624 1291 2743 1345 οὐδὲ
2790 1289 3032 1345 ἐνδοῦναι
3064 1291 3383 1360 ἀνέσχεσθε,
3415 1291 3534 1346 ἀλλ’
3560 1293 3644 1350 ὅτι

2073 1387 2270 1455 μᾶλλον
2319 1387 2414 1440 καὶ
2462 1388 2599 1457 πρὶς
2647 1385 2740 1450 οὓς
2793 1385 3227 1455 παρεπέμφθητε
3251 1387 3374 1440 λίαν
3398 1387 3646 1451 ἀπειθεῖς

2070 1476 2370 1544 κατέστητε
2429 1477 2524 1530 καὶ
2555 1476 2868 1544 φιλόνεικοι,
2911 1476 2978 1529 l'v‘
3011 1476 3117 1539 ἕως
3145 1477 3304 1546 ἡμῶν
3338 1476 3520 1530 αὐτῶν
3559 1478 3646 1530 ἐλ-

2070 1565 2220 1635 θητε.
2247 1567 2340 1621 καὶ
2367 1567 2441 1638 μὴ
2461 1568 2552 1622 ὑπ’
2570 1568 2714 1638 ἄλλῳ
2743 1570 2846 1621 τινὶ
2878 1569 3163 1640 πρότερον,
3195 1569 3311 1623 ἀλλ’
3341 1569 3374 1640 ἢ
3404 1569 3510 1622 ὑπὺ
3532 1574 3646 1634 τοῖς

2071 1659 2238 1714 αὑτοῦ
2282 1659 2544 1730 βασιλέως
2601 1662 2902 1732 ὀφθαλμοῖς
2947 1661 3311 1734 μεταϐάλητε.
3364 1659 3486 1716 οἵδε
3535 1664 3646 1735 γὰρ

392 1723 533 1826 smpe
552 1754 837 1825 praesentia
872 1751 1218 1824 imperatoris
1263 1749 1504 1811 animum
1537 1761 1753 1817 quoque
1789 1757 1964 1800 trans-

2074 1723 2331 1814 πολλάκις
2354 1723 2624 1822 παρουσία
2645 1723 2904 1822 ⁷βασιλικῆ
2933 1723 3029 1805 καὶ
3058 1723 3283 1822 γνώμην
3306 1723 3644 1822 μεταποιεῖν,

392 1857 624 1911 mutare,
675 1854 733 1907 et
774 1843 826 1898 id
861 1844 1003 1914 quod
1051 1851 1134 1901 est
1167 1840 1322 1903 valde
1360 1839 1638 1898 inimicum
1677 1849 1969 1908 provocare

393 1939 460 1994 ad
513 1935 965 2000 benevolentiam.
1006 1935 1142 1989 Ecce
1193 1947 1323 2001 ergo
1371 1943 1560 1986 nostro
1616 1939 1834 1998 aspectu
1888 1926 1970 1982 di-

392 2032 538 2100 gnati
571 2030 703 2085 estis
754 2031 806 2090 in
855 2027 1179 2103 prasentia.
1229 2023 1540 2094 propediem
1594 2028 1776 2074 autem
1823 2019 1966 2090 digni

393 2135 610 2198 quoque
649 2129 838 2177 nostra
872 2114 1226 2173 censebimini
1280 2111 1661 2168 benevolentia
1687 2151 1703 2177 ,
1740 2109 1783 2166 si
1821 2110 1970 2180 prius

395 2215 526 2269 deos
570 2221 628 2266 ut
676 2218 983 2266 servatores
1027 2215 1082 2262 et
1127 2219 1441 2261 communes
1483 2201 1759 2258 hominum
1809 2214 1970 2262 cura-

393 2313 539 2358 tores
589 2302 887 2357 colueritis.
921 2297 1174 2354 Preciari
1224 2304 1405 2350 autem
1435 2293 1537 2350 viri
1571 2292 1832 2364 pmclare
1875 2291 1971 2345 ad-

394 2397 612 2450 modum
644 2393 1036 2463 respondentes
1073 2408 1087 2444 :
1126 2387 1279 2462 Quod
1329 2388 1396 2442 ad
1434 2396 1579 2442 tuam
1615 2385 1831 2456 quidem
1873 2400 1971 2455 po-

399 2487 660 2550 tentiam,
707 2483 997 2546 dixerunt,
1041 2479 1254 2534 deducti
1303 2494 1523 2542 sumus,
1573 2493 1607 2532 ο
1655 2478 1966 2546 imperator,

396 2576 499 2646 ipsi
529 2589 743 2646 quoque
775 2575 1019 2630 laetamur
1064 2589 1078 2627 :
1117 2571 1212 2627 sed
1243 2579 1300 2624 ut
1335 2569 1424 2642 qui
1458 2583 1555 2640 pro
1585 2577 1676 2623 tuo
1711 2567 1970 2626 tribunali

395 2670 656 2738 supplicio
687 2676 907 2738 propter
940 2665 1251 2728 Christum,
1291 2677 1398 2724 non
1431 2661 1616 2730 aliquo
1645 2669 1824 2722 autem
1863 2659 1972 2723 alio

397 2762 620 2824 honore,
652 2758 798 2829 digni
823 2761 994 2814 simus
1023 2755 1301 2812 censendi.
1329 2753 1420 2809 Sic
1450 2753 1594 2809 enim
1625 2767 1747 2807 cum
1778 2765 1969 2823 magna

397 2851 591 2906 iidncia
641 2851 901 2906 sistemur
949 2849 1013 2902 ad
1061 2846 1208 2908 illius
1259 2843 1530 2908 terribile,
1571 2850 1627 2903 et
1661 2841 1804 2912 quod
1843 2857 1970 2896 cor-

395 2944 570 3011 rumpi
623 2942 844 2997 minime
891 2949 1106 3010 potest,
1145 2937 1377 2994 tribunal
1422 2951 1435 2988 :
1477 2949 1638 3006 quam
1671 2944 1730 2988 ut
1776 2949 1972 2998 conse-

395 3037 601 3110 quaris,
623 3045 676 3089 te
708 3049 920 3111 quoque
965 3045 1244 3102 rogamus,
1275 3045 1308 3085 ο
1336 3029 1649 3100 imperator.
1676 3026 1796 3097 Ipse
1825 3027 1968 3082 enim

395 3140 500 3197 est,
547 3145 643 3202 per
669 3143 830 3198 quem
861 3137 915 3181 ct
950 3140 1102 3196 reges
1139 3137 1266 3179 vere
1294 3129 1544 3192 regnant,
1572 3130 1631 3176 et
1667 3119 1881 3192 tyranni
1911 3119 1964 3174 in

396 3233 542 3284 terra
594 3222 927 3277 dominatum
985 3217 1252 3272 obtinent.
1283 3214 1398 3284 Ipse
1447 3213 1593 3269 enim
1643 3222 1759 3278 est,
1791 3211 1969 3282 quiet

396 3315 626 3369 destruit
682 3327 900 3368 omnem
949 3319 1202 3383 gentem,
1248 3316 1302 3362 et
1350 3305 1716 3360 Romanorum
1763 3303 1971 3359 extollit

398 3405 680 3478 imperium
704 3445 719 3469 ,
753 3414 809 3460 et
839 3405 1015 3459 adhuc
1065 3402 1236 3473 magis
1277 3399 1534 3465 extollet,
1565 3406 1622 3453 et
1669 3413 1764 3468 per
1791 3399 1966 3467 ipsum

395 3497 648 3551 omnibus
687 3496 1056 3552 dominabitur
1101 3495 1370 3566 gentibus.
1406 3492 1558 3571 Quod
1595 3492 1811 3560 quidem
1842 3505 1970 3560 pro-

398 3589 556 3656 pheta
577 3602 792 3659 quoque
828 3587 1063 3658 appellat
1090 3587 1294 3657 virgam
1335 3583 1566 3639 ferream
1610 3599 1624 3638 :
1663 3582 1819 3638 Dedit
1852 3581 1970 3648 tibi,

396 3677 606 3745 dicens,
653 3689 842 3748 gentes
873 3677 1240 3738 haereditatem
1276 3684 1445 3741 tuam,
1484 3683 1540 3730 et
1573 3671 1969 3742 possessionem

399 3778 545 3824 tuam
587 3770 721 3826 lines
773 3781 947 3826 terrae.
1006 3768 1206 3830 Pasces
1270 3783 1364 3831 eos
1411 3767 1462 3821 in
1503 3767 1651 3835 virga
1707 3763 1884 3820 ferrea
1902 3763 1970 3818 ³⁶.

2067 1841 2164 1895 καὶ
2191 1841 2250 1894 τὸ
2281 1841 2488 1913 σφόδρα
2506 1843 2761 1913 πολέμιον
2780 1843 3205 1912 μετακαλεῖσθαι
3237 1845 3374 1916 πρὸς
3402 1843 3643 1898 εὔνοιαν.

2082 1932 2216 1987 Ἰδοὺ
2257 1933 2545 2002 τοιγαροῦν
2580 1935 2679 2004 τῆς
2728 1934 3002 2005 ⁴ἡμετέρας
3030 1936 3156 2002 τόγε
3187 1933 3286 1988 νῦν
3320 1934 3446 2007 ἔχον
3469 1935 3647 2005 ὅψεως

2067 2017 2374 2094 ἠξιώθητε,
2413 2024 2514 2078 οὐκ
2547 2024 2627 2084 είς
2688 2023 2905 2095 μακράν
2957 2023 3013 2076 δὲ
3052 2025 3146 2078 καὶ
3198 2023 3298 2093 τῆς
3357 2024 3646 2093 εὐμενείας

2068 2113 2463 2186 ἀξιωθήσεσθε,
2497 2115 2553 2180 εί
2595 2132 2658 2190 γε
2684 2116 2809 2180 τους
2840 2115 2995 2180 θεοὺς
3031 2117 3298 2188 πρότερον
3327 2114 3418 2170 οἷα
3464 2116 3647 2185 σωτῆο

2072 2225 2172 2277 ρας
2195 2208 2288 2262 καὶ
2317 2207 2622 2278 κηδεμόνας
2661 2208 2966 2280 ἀνθρώπων
2987 2209 3198 2272 κοινοὺς
3246 2207 3651 2280 θεραπεύσητε,

2069 2303 2178 2356 Καὶ
2205 2303 2254 2356 οῖ
2273 2305 2510 2370 γενναῖοι
2539 2301 2680 2374 μάλα
2707 2303 2972 2372 γενναίως
2994 2302 3375 2366 ὑπολαϐόντες·
3393 2302 3520 2356 Ὅτι
3548 2305 3647 2373 μὲν

2068 2392 2148 2464 τῷ
2178 2393 2255 2464 σῷ
2271 2393 2460 2465 κράτει
2491 2394 2859 2465 παρέστημεν,
2888 2387 3124 2460 εῖπον,ὧ
3143 2392 3386 2464 βασιλεῦ,
3407 2393 3648 2464 ἡδόμεθα

2069 2484 2246 2548 αὐτοὶ,
2287 2484 2432 2554 ’πλὴν
2468 2483 2642 2548 ἄλλως
2679 2484 2944 2554 τιμωρίας
2990 2485 3077 2538 διὰ
3126 2485 3362 2556 Χριστὸν
3405 2487 3498 2538 καὶ
3539 2483 3648 2556 πρὸ

2069 2575 2165 2630 τοῦ
2191 2578 2283 2631 σοῦ
2315 2576 2581 2648 βήματος,
2602 2579 2700 2648 οὐχ
2732 2577 2806 2641 ὣς
2844 2595 2989 2641 τινος
3029 2578 3195 2648 ἄλλης
3221 2578 3387 2648 τιμῆς
3413 2576 3651 2646 ἀξιωθη-

2073 2668 2288 2738 σόμενοι
2309 2685 2324 2701 ’
2352 2669 2524 2732 οὕτως
2550 2669 2617 2724 ἂν
2647 2670 2756 2741 γὰρ
2793 2671 2930 2739 μετά
2963 2669 3164 2739 πολλῆς
3195 2669 3293 2740 τῆς
3327 2670 3649 2740 παρρησίας

2068 2759 2149 2831 τῷ
2176 2760 2391 2832 φοϐερῷ
2407 2761 2618 2815 ἐκείνου
2644 2762 2738 2816 καὶ
2770 2761 3049 2831 ἀδεκάστῳ
3069 2761 3274 2832 βήματι
3305 2760 3653 2832 παρασταίη-

2073 2867 2197 2922 μεν,
2233 2847 2301 2925 ἦς
2323 2854 2600 2923 ἐπιτυχεῖν
2624 2853 2899 2924 εὐχόμεθα
2927 2854 3022 2910 καὶ
3053 2855 3140 2917 σὲ,
3177 2852 3432 2922 βασιλεῦ’
3484 2854 3649 2916 αὐτὸς

2069 2943 2178 3016 γάρ
2211 2945 2326 3009 ἐστι
2371 2945 2439 2998 δι’
2466 2939 2530 3006 οὗ
2571 2945 2809 3016 βασιλεῖς
2848 2943 3212 3016 βασιλεύουσι,
3243 2946 3340 2999 καὶ
3388 2945 3649 3016 τύραννοι

2072 3035 2336 3107 κρατοῦσι
2356 3036 2461 3107 γῆς
2479 3050 2495 3066 °
2521 3036 2685 3101 αὐτὸς
2711 3039 2740 3090 6
2757 3038 2852 3091 xui.
2881 3038 2988 3100 πᾶν
3015 3036 3167 3101 ἔθνος
3203 3036 3510 3108 καθαιρῶν,
3553 3037 3650 3098 καὶ

2068 3126 2168 3199 τὴν
2206 3129 2492 3200 Ῥωμαίων
2512 3129 2689 3201 ἀρχὴν
2711 3129 2882 3201 ὑψῶν,
2914 3130 3007 3185 καὶ
3035 3129 3118 3183 ἔτι
3151 3129 3352 3200 μᾶλλον
3385 3129 3646 3198 ὐψὼσων,

2069 3221 2164 3273 καὶ
2193 3219 2262 3273 δι’
2291 3218 2456 3274 αὐτοῦ
2483 3219 2816 3292 βασιλεύσων
2844 3220 3065 3275 πάντων
3091 3220 3262 3277 ἐθνῶν
3290 3236 3304 3252 ·
3355 3221 3421 3293 ἣν
3452 3219 3522 3291 δὴ
3553 3221 3651 3285 καὶ

2073 3310 2267 3382 ῥάϐδον
2297 3313 2325 3365 6
2354 3313 2643 3384 προφήτης
2696 3312 2924 3384 σιδηρᾶν
2947 3312 3225 3380 ὀνομάζει,
3274 3313 3492 3367 Δέόωκά
3539 3329 3650 3380 σοι,

2071 3401 2266 3472 λέγων,
2294 3401 2423 3476 ἔθνη
2452 3403 2550 3474 τὴν
2579 3403 2943 3475 κληρονομίαν
2969 3422 3084 3472 σου,
3118 3405 3211 3468 καὶ
3241 3404 3342 3474 τὴν
3371 3405 3655 3475 κατάσχε-

2075 3493 2158 3546 σίν
2213 3510 2308 3548 σου
2356 3495 2426 3548 τὰ
2485 3495 2700 3566 πέρατα
2731 3496 2828 3564 τῆς
2859 3496 2984 3564 γῆς’
3039 3497 3326 3564 ποιμανεῖς
3364 3496 3562 3556 αὐτοὺς
3589 3496 3654 3552 ἐν

2079 3585 2261 3657 ῥάϐδῳ
2295 3586 2508 3658 σιδηρᾷ.
2546 3586 2657 3640 Καὶ
2697 3585 2937 3656 βασιλεῖς
2965 3586 3025 3640 δὲ
3061 3585 3180 3657 μεθ’
3225 3586 3371 3656 ὑμᾶς
3403 3583 3657 3650 εὐσεϐεῖς

2079 3677 2395 3749 ἀναστήσει·
2427 3677 2698 3732 καὶτοῦτο
2716 3679 2824 3750 γὰρ
2847 3679 2925 3750 τῷ
2954 3678 3232 3750 Πνεύματι
3251 3675 3658 3754 προαναπεφώτ

2079 3783 2258 3838 νηται,

403 3865 568 3918 Porro
599 3875 779 3918 autem
824 3864 1182 3934 imperatores
1253 3878 1492 3934 quoque,
1523 3861 1616 3932 qui
1641 3876 1739 3921 vos
1773 3867 2094 3931 sequentur,
2159 3863 2422 3930 excitabit
2461 3864 2582 3936 pios
2618 3873 2675 3924 et
2724 3864 2840 3922 veri
2889 3863 2982 3931 Dei
3049 3864 3305 3934 cultores,
3363 3862 3495 3927 Nam
3552 3865 3662 3932 hoc

399 3969 618 4036 quoque
653 3955 803 4026 prius
833 3954 1081 4018 elocutus
1116 3964 1201 4022 est
1231 3954 1488 4028 Spiritus,

470 4115 634 4173 LXX.
663 4115 758 4172 llis
776 4131 906 4192 ergo
949 4116 1322 4175 vehementius
1360 4125 1662 4173 commotus
1691 4115 1970 4175 Maximia—

402 4225 524 4275 nus,
543 4210 842 4278 Quosnam,
866 4209 1065 4288 inquit,
1088 4224 1122 4265 ο
1144 4223 1260 4274 vos,
1290 4207 1380 4279 qui
1401 4208 1635 4264 violenta
1650 4209 1782 4264 estis
1799 4218 1972 4264 morte

403 4303 650 4374 perituri,
695 4301 904 4372 legistis
937 4301 1104 4357 libros
1133 4301 1402 4368 fatidicos,
1434 4301 1526 4378 qui
1563 4301 1679 4356 haec
1725 4298 1975 4355 fabulan—

403 4394 534 4450 tur?
564 4393 640 4450 illi
670 4403 848 4452 autem
873 4413 887 4450 :
915 4392 1028 4449 Non
1074 4392 1346 4460 fatidicos,
1380 4394 1474 4449 sed
1501 4393 1845 4463 propheticos
1872 4405 1972 4462 po-

403 4487 530 4552 tius,
566 4487 839 4554 dixerunt,
877 4499 909 4540 ο
955 4485 1272 4554 imperator,
1319 4485 1371 4539 in
1417 4484 1613 4554 quibus
1647 4483 1832 4554 utique
1873 4485 1974 4538 hoc

399 4593 613 4650 quoque
649 4580 907 4651 scriptum
939 4587 1057 4633 est:
1082 4575 1385 4648 Exsurgere
1415 4576 1577 4632 faciet
1611 4579 1750 4632 Dens
1777 4577 1828 4630 in
1859 4576 1974 4629 die-

404 4674 506 4727 bus
549 4655 864 4727 novissimis
907 4686 1061 4741 reges
1092 4671 1230 4740 pios.
1264 4669 1625 4723 Maximianus
1655 4683 1813 4731 vero,
1848 4666 1972 4722 dum

401 4761 440 4818 il
499 4762 614 4816 haec
667 4764 945 4830 dicerent,
997 4763 1403 4832 iutcrrunipens
1451 4760 1752 4815 orationem
1790 4775 1804 4812 :
1837 4757 1975 4831 Quid

403 4864 564 4918 vero,
615 4852 808 4922 inquit,
857 4867 962 4906 non
1005 4867 1103 4905 nos
1134 4853 1168 4906 ii
1204 4867 1413 4916 sumus,
1445 4849 1536 4920 qui
1580 4848 1632 4915 in
1664 4847 1794 4904 deos
1826 4857 1973 4902 tanta

403 4943 605 5012 pietate
639 4945 874 5011 utimur,
919 4954 978 4998 ut
1009 4957 1102 4996 ens
1129 4957 1343 5012 quoque
1373 4941 1464 5012 qui
1497 4942 1575 4996 eis
1605 4955 1710 4994 non
1741 4948 1972 5011 parent,

405 5048 464 5089 ut
499 5050 638 5089 nunc
669 5051 796 5098 vos,
829 5034 982 5088 malis
1029 5032 1327 5096 alliciamus
1374 5014 1750 5101 gravissimis?
1775 5031 1975 5098 Quam-

405 5135 591 5188 obrem
615 5144 838 5200 magnus
855 5127 1126 5187 Clemens.
1157 5128 1350 5180 silente
1372 5123 1735 5196 Agathangelo
1755 5139 1770 5177 :
1793 5123 1920 5186 Sed,
1941 5137 1976 5176 o

405 5223 719 5291 imperator,
750 5219 943 5296 inquit,
987 5219 1030 5272 si
1064 5217 1248 5272 luisset
1279 5217 1495 5286 quidem
1531 5215 1712 5284 aliqua
1743 5214 1975 5269 mutatio

407 5310 736 5384 impietatis,
773 5327 838 5365 ex
887 5326 994 5382 quo
1033 5310 1163 5364 illud
1210 5311 1522 5380 prtedictum
1577 5317 1661 5363 est
1694 5307 1974 5377 propheti-

409 5387 570 5470 cum,
603 5419 666 5460 ca
705 5419 822 5478 qua:
868 5419 898 5458 α
945 5414 997 5458 te
1043 5403 1184 5457 dicta
1231 5409 1389 5464 sunt,
1433 5400 1665 5469 aliquam
1713 5398 1978 5452 baberent

409 5497 696 5556 rationem.
751 5497 885 5554 Cum
925 5506 1104 5552 autem
1133 5495 1310 5551 cultus
1337 5493 1752 5549 simulacrorum
1792 5492 1844 5546 in
1882 5491 1979 5556 Ιιος

479 5680 522 5713 ⁸³
555 5678 697 5734 Psal.
731 5691 794 5744 tt,
825 5675 879 5739 9,

2145 4118 2222 4172 θ’.
2246 4116 2532 4189 Ὀξύτερον
2551 4117 2730 4171 τοίνυν
2756 4117 2890 4187 πρὸς
2909 4117 3082 4172 ταῦτα
3106 4117 3348 4189 κινηθεὶς
3374 4118 3663 4191 Μαξιμιατ

2076 4211 2202 4274 νός’
2235 4211 2423 4278 Ποίας,
2473 4210 2600 4282 ἔφη,
2635 4211 3020 4280 βιαιοθάνατοι,
3062 4212 3332 4282 μαντικὰς
3377 4213 3660 4280 ἀνέγνωτε

2081 4302 2296 4374 βίϐλους
2331 4304 2396 4356 τα
2433 4301 2656 4356 τοιαῦτα
2686 4301 3119 4372 μυθολογούσαςς
3150 4332 3220 4342 -
3248 4303 3323 4355 Οὐ
3359 4305 3661 4373 μαντικὰς,

2081 4393 2215 4449 ἀλλὰ
2249 4393 2592 4464 προφητικάς
2634 4391 2855 4463 μᾶλλον,
2889 4389 3042 4446 εἷπον
3070 4393 3288 4455 ἐκεῖνοι,
3331 4387 3378 4447 ὦ
3400 4375 3655 4463 βασιλεῦ,

2079 4488 2136 4541 ἐν
2164 4481 2252 4549 αἷς
2294 4503 2397 4540 που
2429 4484 2701 4539 καὶτοῦτο
2731 4485 3069 4556 γέγραπται·
3111 4486 3431 4555 Ἀναστησει
3460 4489 3488 4540 6
3523 4488 3661 4552 Θεὸς

2081 4581 2139 4634 ἐν
2165 4581 2288 4642 ταῖς
2337 4579 2595 4648 ἐσχάταις
2643 4578 2878 4650 ἡμέραις
2928 4577 3170 4648 βασιλεῖς
3222 4579 3490 4641 εὐσεϐεῖς.
3549 4581 3661 4633 Καὶ

2080 4668 2424 4740 Μαξιμιανδς
2455 4667 2656 4738 μεταξὺ
2706 4667 2975 4736 λεγόντων
3029 4669 3207 4722 αὐτῶν
3257 4669 3660 4738 ἐπιλαϐόμενος

2080 4759 2174 4814 τοῦ
2211 4761 2406 4828 λόγου,
2462 4761 2526 4813 Τί
2555 4759 2640 4826 εές
2690 4763 2787 4830 οὐχ
2841 4756 3233 4830 ήμεῖς,εἴπεν,
3285 4757 3452 4830 οὗτοι,
3507 4763 3563 4814 οῖ
3593 4743 3654 4830 γε

2079 4853 2313 4932 τοσαύτῃ
2349 4853 2474 4922 περὶ
2525 4854 2648 4920 τοὺς
2680 4851 2836 4917 θεοὺς
2883 4853 3134 4926 εὐσεϐείᾳ
3169 4853 3455 4925 χρώμεθα,
3509 4853 3657 4918 ὥστε

2081 4948 2173 5000 καί
2193 4949 2317 5008 τοὺς
2341 4945 2695 5008 ἀπειθοῦντας
2717 4945 2920 5009 αὐτοῖς.
2951 4943 3139 5016 ὥσπερ
3168 4947 3230 5016 δὴ
3258 4949 3350 5000 καὶ
3372 4945 3466 5000 νῦν
3481 4948 3654 5017 ὑμᾶς,

2081 5040 2395 5110 ἀνηκέστοις
2421 5038 2733 5112 ἐκδιδοῦμεν
2753 5041 2978 5105 κακοῖς;
3023 5039 3138 5107 Ἐφ’
3154 5035 3236 5103 οἷς
3253 5042 3281 5092 6
3311 5040 3484 5112 μέγας
3508 5043 3659 5109 KH}-

2086 5145 2212 5198 μης,
2256 5128 2484 5204 ἡσυχίαν
2514 5111 2738 5201 ymo;
2774 5128 2867 5180 τοῦ
2917 5128 3361 5198 Ἀγαθαγγέλουο
3393 5111 3568 5195 ’Ἀλλζ
3609 5125 3656 5183 ὦ

2084 5218 2325 5288 βασιλεῦ,
2355 5216 2526 5282 εἶπεν,
2568 5221 2616 5283 εί
2652 5219 2750 5288 μέν
2792 5237 2876 5282 τις
2905 5221 3120 5298 ἐγένετο
3142 5221 3240 5290 τῆς
3269 5221 3525 5285 ἀσεϐείας
3555 5240 3657 5289 μευ

2077 5308 2299 5377 ταϐολὴ.
2330 5309 2510 5372 ἐξότου
2536 5308 2597 5361 τὸ
2641 5310 2973 5387 προφητικὸν
3019 5312 3168 5362 τουτὶ
3218 5313 3648 5380 προηγόρευται,

2079 5393 2224 5468 εἶχεν
2254 5397 2320 5450 ἄν
2340 5397 2461 5450 τινά
2495 5413 2577 5450 aut
2599 5397 2754 5466 λόγον
2783 5399 2851 5451 τὰ
2871 5400 3156 5468 εἰρημένα.
3184 5399 3339 5453 Ἐπεὶ
3369 5400 3425 5454 δὲ
3456 5402 3522 5453 τά
3546 5402 3650 5467 τῆς

2083 5487 2523 5558 είδωλολατρείας
2555 5488 2635 5542 ἔτι
2674 5491 2768 5542 καὶ
2795 5489 2888 5542 νῦν
2921 5489 3240 5554 ἐπιπολάζει
3291 5494 3355 5562 τῇ
3391 5491 3652 5558 οίκουμέῳ
