3832 6472
217 373 329 434 873
1252 361 1435 422 VITA
1475 361 1536 422 S.
1579 357 2016 421 CLEMENTIS
2055 355 2464 418 ANCIRANI.
3373 350 3476 413 874

222 503 310 556 νη,
337 483 496 552 δῆλον
524 482 599 545 ὼς
640 480 826 548 ἕτερος
847 477 915 531 ἂν
953 475 1040 546 εῖη
1077 475 1296 539 πάντως
1365 475 1394 528 ό
1421 474 1533 527 τῶν
1555 471 1797 529 εὐσεϐῶν

1939 468 2144 522 ieruum
2171 481 2338 537 usque
2361 467 2505 521 diem
2541 464 2780 520 abundet
2813 463 2866 520 in
2893 464 3025 522 orbe
3046 473 3334 530 terrarum,
3363 467 3473 518 cla-

225 573 494 647 βασιλέων
543 570 755 640 καιρός.
791 567 935 639 ῐιρδς
983 565 1156 620 ταῦτα
1187 564 1347 636 θυμῷ
1381 563 1544 618 πάλιν
1588 562 1800 632 ἁσχέτῳ

1935 577 2022 615 um
2046 570 2148 626 est,
2187 561 2426 614 futttrum
2461 559 2681 616 omnino
2717 557 2860 614 aliud
2896 568 3104 630 tempus
3132 557 3340 628 piorum
3375 557 3468 610 im-

225 665 457 736 ληφθεὶς
483 662 829 732 Μαξιμιανδς
878 660 978 730 τὴν
1005 659 1191 730 φωνὴν
1238 657 1446 721 εὐθέως
1475 655 1768 710 ἐσϐέννυτο
1786 669 1800 684 ·

225 758 458 828 κάμινός
487 773 547 809 τε
575 754 774 807 αὐτίκα
825 753 921 823 τῆς
944 751 1226 806 Χαλδαίων
1249 750 1402 820 παρά
1429 749 1564 803 πολὺ
1601 747 1802 819 μείζων

226 851 341 911 τοῖς
373 846 548 916 ἁγίοις
571 845 866 915 ἀνήπτετο.
910 842 1072 896 Ἀλλά
1094 843 1188 895 καὶ
1209 844 1288 905 εἰς
1309 843 1480 911 αὐτὴν
1506 839 1806 911 ἐμδληθέν-

230 958 330 1003 τας
364 941 402 1014 ἡ
430 939 547 992 θεία
575 939 734 1008 χάρις
759 936 954 998 αὐτοὺς
987 935 1283 1006 ὲδρόσιζεν,
1320 933 1507 1005 ὥσπερ
1538 934 1656 986 ἐκεῖ
1677 931 1806 995 τοὺς

231 1032 446 1094 παῖδας,
475 1030 649 1093 οὕτως
671 1027 928 1092 ἀϐλαϐεῖς
967 1028 1200 1081 ἐνταῦθα
1235 1028 1480 1098 τηροῦσα
1517 1027 1642 1090 τοὺς
1667 1025 1808 1096 μάρ-

229 1139 430 1196 τυραςο
464 1122 638 1176 νύκτα
676 1121 775 1190 μὲν
807 1121 899 1175 οὖν
949 1121 1078 1190 ὅλην
1132 1121 1226 1174 καὶ
1260 1119 1476 1190 ἡμέραν
1533 1117 1734 1179 αὐτοὺς
1773 1117 1807 1186 ἡ

231 1218 463 1285 κάμινος
497 1211 666 1284 εἶχεν,
706 1209 839 1284 ἦχος
896 1213 953 1264 δέ
1014 1229 1096 1276 τις
1158 1211 1368 1264 ἐκεῖθεν
1440 1209 1809 1281 ἑορταζόντων

231 1308 485 1378 ἠκούετο,
525 1307 618 1360 καὶ
661 1306 868 1370 καπνὸς
901 1305 1108 1376 εὐώδης
1141 1304 1236 1358 καὶ
1271 1303 1402 1373 ἡδὺς
1423 1303 1741 1374 ἀνεφέρετο.

308 1594 430 1650 OA'.
465 1597 651 1651 Ταῦτα
684 1597 948 1668 μηνύεται
973 1596 1323 1668 Μαξιμιανῴ,
1357 1599 1451 1650 καὶ
1475 1600 1678 1660 ἐκεῖνος
1713 1597 1814 1668 ἤδη

237 1691 337 1761 τῆς
379 1690 576 1759 φλογὸς
625 1689 1109 1761 ἀπομαρανθείσης
1143 1691 1372 1752 ὲπιστάς
1413 1690 1516 1760 όρᾷ
1555 1689 1727 1752 σώους
1757 1691 1816 1742 ἐν

239 1782 378 1854 αὐτῇ
420 1784 548 1845 τοὺς
606 1782 816 1850 ἁγίους,
843 1781 912 1848 (ὦ
955 1782 1047 1835 τοῦ
1078 1781 1417 1852 θαύματοςι)
1474 1780 1608 1850 μηδὲ
1652 1781 1817 1850 τρίχα

243 1873 414 1943 μόνην
444 1871 622 1926 αὐτῶν
651 1873 750 1943 τῆς
787 1873 986 1942 φλογὸς
1019 1874 1080 1926 τὸ
1107 1872 1369 1944 παράπαν
1399 1872 1814 1943 λυμηναμένης,

241 1965 379 2019 ἀλλά
408 1965 504 2027 τὰς
535 1968 722 2037 χεῖρας
773 1966 854 2028 είς
885 1964 1150 2035 οὐρανοὺς
1189 1965 1600 2036 ἀνατεταμένας
1661 1964 1818 2034 ἕχον-

243 2075 365 2120 τας,
396 2059 464 2112 τά
498 2057 652 2128 χείλη
691 2056 746 2111 δὲ
774 2057 910 2128 πρὸς
933 2055 1242 2124 δοξολογίαν
1263 2050 1656 2120 ὑποκινοῦντας
1678 2072 1690 2085 ·
1725 2056 1820 2110 καὶ

243 2152 468 2215 τούτους
496 2151 700 2214 εὐθέως
728 2150 806 2219 τῷ
830 2150 1014 2220 οἰκείῳ
1055 2150 1262 2220 βήματι
1290 2151 1672 2220 παραστήσας,
1710 2150 1821 2202 Καὶ

245 2245 302 2295 ὲν
325 2242 498 2313 τούτῳ
524 2243 676 2311 γοῦν,
725 2242 854 2312 ἔφη,
888 2241 1185 2312 χαρίσασθέ
1225 2257 1337 2312 μοι,
1363 2240 1503 2295 ὥστε
1553 2241 1821 2312 γνωρίσαι

245 2335 458 2399 ὁποίαις
495 2335 692 2404 δήποτε
734 2335 970 2404 ἐπῳδαῖς
1003 2333 1103 2404 τὴν
1132 2334 1226 2388 τοῦ
1267 2334 1440 2404 πυρὸς
1495 2335 1819 2405 ἀφαιρεῖσθε

246 2426 494 2498 δύναμιν.
518 2429 580 2480 0i
607 2427 682 2485 δὲ,
713 2427 830 2480 Οὐκ
857 2425 1106 2497 ἐπῳδαῖς,
1147 2422 1318 2490 εἶπέν,
1338 2420 1383 2479 ὦ
1417 2427 1660 2496 βασιλεῦ,
1687 2429 1824 2482 ἀλλά

253 2517 388 2588 μόνη
425 2517 519 2570 τοῦ
556 2518 802 2580 εἰπόντος
853 2518 1178 2589 ἐπαγγελίᾳ,
1212 2519 1295 2573 ότι
1339 2519 1456 2572 Κᾶν
1513 2519 1602 2574 διὰ
1652 2521 1824 2589 πυρὸς

247 2608 485 2681 διέλθῃς,
520 2607 580 2662 ού
633 2608 970 2662 κατακαύσει
1001 2625 1059 2661 σε
1118 2609 1272 2678 φλόξ.
1337 2609 1628 2664 Ἐδάκνετο
1688 2611 1825 2677 πρὸς

247 2701 408 2756 τοῦτο
439 2701 620 2764 πάλιν,
666 2700 760 2754 καὶ
796 2701 983 2764 δεινῶς
1010 2696 1153 2770 εἶχεν
1207 2703 1235 2754 ό
1277 2701 1549 2771 βασιλεὺς,
1607 2703 1702 2756 καὶ
1733 2703 1825 2755 σύ-

253 2792 441 2863 ρεσθαι
471 2793 668 2856 αὐτοὺς
696 2792 915 2846 ἐκέλευε
946 2791 1201 2862 δημοσίᾳ,
1235 2795 1326 2846 καὶ
1356 2793 1460 2847 ὑπὸ
1484 2794 1593 2848 τῶν
1616 2795 1826 2864 δημίων

254 2885 684 2956 σπαράττεσθαι,
738 2885 927 2939 καὶτὰ
981 2884 1186 2955 ἔσχατα
1217 2885 1532 2955 ὑπομένειν.
1571 2885 1711 2940 Ἀλλ’
1735 2889 1828 2941 ἐπὶ

254 2978 411 3051 κακῷ
433 2977 720 3031 καὶταῦτα
749 2978 826 3047 τῷ
856 2978 1050 3048 ἐκείνῳ
1071 2978 1300 3047 ἐγίνετο.
1335 2962 1525 3030 [ἱολλοὶ
1551 2977 1660 3048 γὰρ
1687 2994 1830 3046 τηνι-

253 3068 435 3124 καῦτα
465 3069 558 3124 καὶ
585 3069 692 3122 τῶν
730 3070 976 3123 ἀπίστων
1021 3071 1279 3141 φρόνημά
1313 3087 1371 3124 τε
1399 3071 1637 3143 ὁρῶντες
1667 3071 1826 3125 ἀδού-

1906 659 2255 722 peratorum.‘_
2283 651 2416 706 Cum
2444 667 2510 707 ex
2541 652 2628 707 his
2669 652 2780 718 ira,
2813 667 2932 723 quae
2962 639 3200 706 cohiberi
3233 666 3336 706 non
3367 663 3432 718 po
3452 678 3473 687 -

1910 753 2078 811 terat,
2133 754 2276 798 esset
2323 744 2576 800 incitatus
2629 743 3020 808 Maximianus,
3072 743 3217 814 loqui
3259 742 3474 812 quidem

1909 837 2067 892 desiit
2120 854 2134 890 :
2184 836 2375 890 foruax
2429 852 2591 903 vero,
2637 836 3009 890 Chaldaeorum
3062 834 3281 890 fornace
3321 834 3478 905 longe

1910 931 2120 1000 major,
2166 931 2372 984 sanctis
2423 929 2524 984 l‘nit
2575 943 2823 985 accensa.
2860 927 2966 984 Sed
3020 943 3116 984 eos
3155 942 3370 998 quoque
3421 927 3476 981 in

1909 1024 2081 1090 ipsam
2129 1022 2355 1092 injectus
2422 1022 2603 1076 divina
2648 1035 2770 1076 rore
2819 1018 3057 1090 perfudit
3091 1022 3298 1088 gratia;
3339 1021 3480 1074 sicut

1914 1117 2016 1170 illic
2067 1131 2292 1186 pueros,
2338 1116 2417 1170 sic
2470 1114 2558 1169 hic
2597 1129 2927 1169 conservans
2975 1123 3260 1183 martyres.
3307 1111 3482 1181 Atque

1913 1215 2081 1263 tutam
2129 1207 2343 1278 quidem
2395 1217 2606 1262 noctem
2639 1217 2693 1260 et
2724 1206 2863 1260 diem
2905 1221 3000 1260 eos
3030 1205 3221 1259 fornax
3265 1205 3434 1260 tenuit
3464 1221 3480 1259 :

1914 1302 2062 1358 illinc
2095 1315 2222 1355 vero
2263 1300 2587 1354 audiebatur
2623 1297 2843 1368 quidam
2888 1313 3052 1354 sonus
3087 1297 3283 1353 festum
3326 1295 3485 1351 cele—

1914 1391 2212 1457 brantium,
2240 1407 2511 1462 suaveque
2531 1391 2681 1448 olens
2707 1402 2761 1448 et
2782 1391 2956 1448 dulcis
2979 1391 3159 1447 fumus
3181 1406 3244 1446 ex
3273 1404 3339 1446 eo
3364 1404 3486 1444 sur-

1914 1499 2034 1539 sum
2067 1483 2438 1540 emittebatur.

1989 1598 2076 1652 LX
2090 1599 2178 1653 ΧΙ.
2215 1597 2342 1654 Iirec
2366 1599 2744 1670 signiﬁcantur
2767 1598 3115 1654 Maximiano.
3149 1595 3240 1652 Ille
3267 1606 3446 1652 autem
3468 1635 3482 1659 ,

1917 1702 2038 1744 cum
2065 1692 2176 1759 jam
2207 1689 2421 1744 flamma
2454 1690 2790 1745 extabuisset
2811 1731 2826 1754 ,
2857 1691 3156 1758 accedens,
3193 1689 3334 1744 videt
3362 1703 3488 1742 san-

1919 1791 2035 1835 ctus
2070 1783 2122 1836 iu
2149 1797 2212 1836 ea
2253 1783 2455 1848 salvos,
2489 1784 2509 1853 (
2529 1797 2562 1836 ο
2595 1782 2990 1854 miraculum!)
3023 1798 3146 1838 cum
3171 1781 3386 1836 ﬂamma
3421 1795 3488 1834 ne

1922 1873 2003 1927 vel
2029 1873 2200 1928 solum
2229 1874 2444 1942 quidem
2472 1889 2662 1929 eorum
2699 1874 2864 1944 pilum
2886 1875 3149 1942 laesisset,
3176 1874 3270 1930 sed
3299 1886 3489 1927 manus

1921 1965 2140 2036 quidem
2190 1966 2454 2021 haberent
2503 1967 2556 2022 in
2607 1966 2806 2022 celum
2839 1976 3122 2034 extensas,
3166 1965 3316 2021 labra
3361 1979 3488 2018 vero

1921 2069 2193 2114 moverent
2241 2060 2308 2114 ad
2357 2059 2827 2130 glorificationem.
2879 2059 3026 2126 Quos
3070 2073 3192 2113 cum
3245 2067 3488 2112 curasset

1921 2151 2100 2206 Statim
2133 2152 2200 2205 ad
2232 2167 2388 2206 suum
2425 2151 2660 2206 tribunal
2701 2151 3009 2207 sistendos:
3035 2149 3130 2204 Vel
3164 2152 3213 2203 in
3247 2150 3371 2214 hoe,
3409 2149 3489 2202 in-

1922 2245 2062 2314 quit,
2105 2244 2234 2298 mihi
2275 2245 2468 2300 saltem
2501 2244 2901 2315 gratiﬁcemini,
2939 2255 2997 2297 ut
3025 2241 3341 2311 signiﬁcetis
3373 2241 3492 2309 qui-

1924 2334 2154 2389 busnam
2187 2336 2650 2391 incantationibus
2696 2335 2806 2403 igni
2849 2335 2954 2388 vim
2985 2334 3240 2388 adimitis.
3273 2332 3348 2386 Illi
3395 2348 3495 2386 au-

1927 2434 2032 2478 tem
2075 2443 2090 2480 :
2127 2423 2245 2480 Non
2282 2427 2763 2494 incantationibus,
2800 2428 3085 2492 dixerunt,
3115 2442 3149 2480 ο
3179 2425 3492 2495 imperator,

1924 2519 2017 2572 sed
2062 2517 2176 2572 sola
2218 2517 2358 2588 ejus,
2390 2519 2482 2584 qui
2516 2519 2674 2587 dixit,
2710 2519 3068 2588 promissione
3105 2536 3118 2573 :
3150 2517 3371 2572 Etiamsi
3401 2531 3496 2584 per

1925 2611 2104 2682 ignem
2149 2621 2429 2676 transeas,
2473 2611 2686 2666 flamma
2731 2627 2835 2666 non
2887 2622 2938 2667 te
2973 2612 3340 2668 comburet'.'
3372 2609 3498 2665 IIa>c

1925 2717 2051 2770 ergo
2091 2717 2281 2756 rursus
2305 2703 2628 2758 mordebant
2659 2713 2715 2756 et
2742 2701 2880 2755 male
2911 2703 3180 2757 trahebant
3209 2702 3499 2770 imperatu-

1929 2807 2064 2856 rem,
2099 2802 2153 2846 et
2183 2807 2276 2846 eos
2302 2793 2465 2860 jussit
2499 2793 2638 2848 trahi
2673 2791 2906 2861 publice,
2936 2800 2988 2846 et
3009 2792 3240 2846 convelli
3268 2807 3296 2846 a
3327 2791 3495 2846 licto-

1931 2883 2078 2938 ribus
2133 2894 2188 2940 et
2234 2892 2478 2940 extrema
2527 2885 2754 2955 perpeti.
2799 2883 2925 2958 1Sed
2988 2884 3102 2938 haec
3152 2899 3368 2954 quoque
3421 2884 3499 2939 illi

1933 2978 2071 3033 male
2103 2986 2403 3034 cesserunt.
2439 2977 2574 3032 Nam
2619 2987 2745 3034 tunc
2776 2991 2992 3048 quoque
3020 2976 3168 3031 multi
3205 2991 3273 3031 ex
3305 2977 3498 3031 infide-

1933 3070 2072 3125 libus
2121 3071 2362 3125 videntes
2391 3072 2642 3141 spiritus,
2677 3072 2769 3142 qui
2824 3085 2930 3126 non
2958 3079 3210 3141 poterant
3244 3069 3414 3137 redigi
3447 3071 3499 3122 in

255 3162 448 3229 λωτον,
481 3164 573 3216 καὶ
610 3163 785 3234 ψυχὴν
821 3164 1211 3229 ἀταπείνωτον,
1251 3165 1343 3218 καὶ
1391 3164 1706 3236 παρρησίας
1739 3181 1826 3217 κο-

1934 3166 2272 3227 scrvltutem,
2310 3173 2364 3217 et
2399 3163 2663 3226 animum,
2696 3163 2788 3232 qui
2828 3161 2986 3231 dejici
3025 3170 3084 3218 et
3123 3160 3350 3231 deprimi
3395 3175 3502 3213 non

259 3254 386 3325 μιδῇ
417 3255 709 3321 πνέουσαν,
737 3256 872 3310 αὐτὸ
897 3255 958 3311 τὸ
1004 3257 1284 3328 μέγιστον,
1319 3256 1642 3328 ἀνθρώπους
1673 3255 1830 3310 ἑλκο-

261 3346 458 3414 μένους
484 3346 698 3418 πικρῶς
736 3347 828 3402 καὶ
858 3350 1342 3420 σπαρασσομένους
1375 3351 1466 3404 καὶ
1493 3349 1547 3402 τί
1581 3349 1690 3402 τῶν
1721 3349 1832 3402 δει-

259 3438 367 3490 νῶν
397 3438 472 3510 μὴ
509 3441 836 3510 πάσχοντας,
899 3441 994 3494 καὶ
1048 3442 1108 3494 ού
1145 3441 1305 3511 μόνον
1351 3443 1453 3495 οὐκ
1507 3441 1829 3505 ἐνδιδόντας,

261 3531 397 3586 ἀλλὰ
444 3533 538 3585 καὶ
567 3533 968 3605 ἀκμαιοτέρους
989 3533 1155 3587 οἱονεὶ
1195 3536 1537 3605 γινομένους,
1595 3535 1835 3607 θάρσους

259 3642 318 3679 τε
349 3625 848 3696 ύποπιπλαμένους,
908 3627 1002 3680 καὶ
1047 3626 1214 3680 αὐτοῦ
1243 3628 1694 3698 περιγινομένους
1738 3628 1832 3682 τοῦ

265 3715 524 3785 βασιλέως
543 3733 560 3750 ο
592 3716 764 3772 ταῦτα
793 3716 1028 3788 δρῶντες
1050 3717 1152 3788 τήν
1181 3733 1241 3770 τε
1272 3719 1500 3789 πάτριον
1525 3717 1836 3788 ὲξώμνυντο

264 3805 580 3877 θρησκείαν,
634 3809 728 3862 καὶ
754 3808 937 3870 αὐτοῖς
967 3822 1026 3863 τε
1061 3806 1155 3860 καὶ
1179 3805 1260 3877 τῷ
1286 3807 1378 3862 ὑπ’
1417 3806 1597 3861 αὐτῶν
1627 3824 1832 3880 κηρυτο

262 3898 478 3970 τομένῳ
507 3897 728 3970 Χριστῷ
763 3899 1164 3970 προσετίθεντο.

336 4108 458 4162 OB'.
485 4105 718 4178 Ἀπορίᾳ
743 4105 878 4174 γοῦν
905 4105 1171 4162 πάντοθεν
1193 4105 1539 4177 περισχεθεὶς
1566 4104 1838 4175 Μαξιμια-

265 4199 374 4264 νὸς,
412 4200 594 4261 αὐτοῖς
624 4197 700 4261 ῶς
729 4196 876 4268 εἶχον
904 4198 1146 4268 δεσμοῖς,
1188 4201 1255 4269 τῇ
1292 4199 1510 4269 φυλακῇ
1539 4198 1667 4261 τοὺς
1700 4196 1836 4268 μάρ-

265 4309 433 4363 τυρας
461 4291 664 4356 δίδωσι,
699 4290 960 4360 τέταρτον
985 4290 1104 4354 ἔτος
1143 4291 1341 4352 αὐτοὺς
1371 4291 1432 4344 τὸ
1463 4291 1838 4360 δεσμωτήριον

266 4385 434 4436 οἰκεῖν
463 4381 797 4452 κατακρίνας
819 4396 830 4409 ·
868 4379 929 4432 Et
952 4397 1091 4445 πως,
1116 4382 1271 4450 φησι,
1295 4380 1397 4434 κᾶν
1428 4381 1455 4433 ό
1493 4380 1696 4450 μεταξὺ
1716 4380 1841 4451 χςιό-

1935 3264 2182 3326 poterat,
2217 3254 2481 3325 planeque
2515 3254 2765 3309 fiduciam
2796 3255 3037 3325 spirabat
3068 3263 3124 3308 et
3152 3253 3457 3308 libertatem
3484 3290 3500 3315 ,

1935 3357 1988 3401 et
2015 3347 2116 3402 hoc
2136 3346 2277 3416 quod
2309 3356 2395 3402 est
2424 3347 2741 3412 maximum,
2783 3347 3030 3404 homines
3055 3346 3148 3416 qui
3174 3345 3367 3400 acerbe
3395 3353 3507 3398 tra-

1936 3439 2203 3492 hebantur
2230 3448 2284 3492 et
2310 3438 2776 3501 convellebantur,
2810 3447 2864 3491 et
2905 3439 3034 3507 quid
3065 3454 3170 3493 non
3203 3453 3368 3508 grave
3407 3452 3506 3506 pa-

1939 3529 2225 3595 tiebantur,
2257 3539 2312 3585 et
2352 3545 2456 3584 non
2487 3531 2660 3584 solum
2692 3545 2795 3584 non
2835 3531 3136 3595 cedebant,
3188 3531 3282 3585 sed
3312 3545 3504 3586 evase-

1940 3633 2065 3677 rant
2084 3621 2482 3692 quodammodo
2502 3622 2836 3677 robustiores
2862 3632 2918 3678 et
2938 3624 3258 3689 vegetiores,
3289 3633 3344 3678 et
3364 3622 3506 3692 pleni

1937 3724 2094 3770 erant
2141 3715 2373 3780 fiducia,
2417 3724 2475 3770 et
2503 3715 2833 3784 superabant
2874 3714 3048 3785 ipsum
3093 3714 3506 3784 imperatorem;

1939 3807 2054 3862 haec
2097 3807 2378 3871 videntes,
2425 3817 2479 3861 et
2511 3806 2739 3876 patriam
2784 3806 3463 3876 abjurabant-religionem
3490 3845 3506 3869 ,

1938 3909 1993 3954 et
2036 3898 2116 3952 eis
2145 3913 2205 3954 se
2239 3899 2628 3970 adjungebant,
2659 3909 2714 3954 et
2746 3900 2819 3965 ei,
2849 3900 2938 3970 qui
2975 3901 3043 3955 ab
3081 3900 3211 3969 ipsis
3253 3899 3512 3971 praedica-

1941 3991 2117 4055 batur,
2150 3989 2390 4045 Christo.

2011 4105 2222 4161 LXXII.
2251 4107 2387 4161 Cum
2423 4108 2599 4176 itaque
2628 4105 2841 4162 consilii
2869 4105 3046 4175 inopia
3078 4119 3220 4162 esset
3251 4107 3409 4174 plane
3445 4120 3512 4160 ex

1942 4200 2087 4255 omni
2137 4209 2290 4270 parte
2342 4199 2650 4268 implicatus
2687 4199 3071 4261 Maximianus.
3111 4210 3394 4270 martyres,
3439 4200 3511 4252 ita

1943 4302 2002 4345 ut
2051 4301 2236 4358 erant,
2292 4293 2502 4347 vinctos
2541 4291 2706 4347 tradit
2759 4293 2810 4346 in
2866 4293 3204 4356 custodiam,
3249 4308 3368 4345 eum
3419 4305 3515 4345 eos

1943 4383 2254 4438 damnasset
2299 4395 2531 4450 quatuor
2577 4399 2750 4439 annos
2798 4383 3042 4436 habitare
3089 4398 3359 4438 cnrcerem
3408 4382 3514 4436 :Si

267 4492 355 4538 νος
384 4474 644 4528 ὐπολύσει
677 4473 766 4525 τὸν
791 4473 942 4526 τόνον
975 4473 1175 4538 αὐτοῖς,
1210 4475 1303 4526 καὶ
1325 4475 1423 4542 τῆς
1449 4473 1758 4543 προθυμίας
1781 4473 1826 4526 τὶ

1946 4475 2085 4528 forte
2109 4515 2123 4538 ,
2182 4476 2390 4543 inquit,
2443 4476 2583 4544 quol
2625 4474 2911 4528 intercedit
2939 4484 3188 4544 tempus,
3224 4475 3289 4527 sit
3321 4487 3514 4529 eorum

266 4566 561 4636 διάθερμον
589 4565 880 4634 ἀμϐλυνεῖ,
917 4563 1058 4618 ’Λλλ’
1093 4557 1160 4636 ἦν
1213 4567 1542 4627 ἀπεναντίας
1570 4567 1634 4634 τῇ
1668 4563 1842 4617 ἐλπίδι

266 4659 335 4710 τὰ
366 4659 772 4728 ἀπαντήσαντω
809 4657 899 4708 τόν
928 4673 984 4708 τε
1003 4657 1113 4726 γάρ
1144 4656 1346 4728 μεταξὺ
1381 4659 1570 4729 χρόνον
1592 4656 1840 4727 εὐψύχως

267 4749 557 4819 διήγαγον,
596 4748 689 4800 καὶ
727 4749 829 4816 τῆς
864 4749 1203 4819 προθεσμίας
1251 4749 1350 4820 ἥδη
1405 4752 1844 4821 παρισταμένης,

270 4839 525 4910 καθάπερ
558 4839 684 4908 χθὲς
719 4839 812 4892 καὶ
860 4839 1052 4910 πρώην
1099 4841 1485 4894 κατάκλειστος.
1536 4841 1848 4908 γεγονότες,

270 4933 415 4986 οὓτω
439 4931 639 5002 θερμὸν
671 4934 899 4986 πνέοντα
935 4933 1028 4986 τὸν
1059 4933 1193 5004 πρὸς
1233 4933 1330 5004 τὴν
1367 4933 1656 5004 ὁμολογίαν
1685 4933 1848 5003 ζῆλον

273 5027 522 5097 ἐτήρουν.
566 5026 624 5078 '0
645 5026 756 5096 γὰρ
791 5026 870 5088 εἰς
899 5025 1137 5096 Χριστὸν
1188 5025 1353 5090 πόθος
1396 5029 1490 5080 καὶ
1520 5026 1684 5097 ἡτῶν
1716 5026 1849 5097 μελ-

273 5117 474 5172 λόντων
504 5118 658 5180 ἐλπὶς
698 5117 772 5179 ῶς
793 5113 940 5170 οἷκον
971 5117 1152 5179 αὐτοῖς
1177 5117 1272 5170 καὶ
1307 5106 1566 5171 παλάτιόν
1585 5117 1849 5187 πολυτελῆ

273 5213 374 5282 τὴν
426 5212 673 5280 φυλακὴν
701 5212 870 5263 οἰκεῖν
901 5208 1342 5280 παρεσκεύαζον.
1375 5210 1718 5277 Μαξιμιανος
1752 5207 1846 5264 οὖν

279 5302 360 5357 ἑτι
385 5305 481 5357 καὶ
509 5304 682 5356 ταῦτα
709 5302 918 5373 μαθὼν,
945 5303 1106 5364 αὐτὸς
1138 5303 1236 5372 μὲν
1267 5303 1393 5366 τοὺς
1421 5305 1556 5374 πρὸς
1603 5303 1849 5366 ἐκείνους

277 5396 496 5466 ἀγῶνας
518 5395 768 5449 ὑπελθεῖν
796 5391 950 5458 αὖθις
979 5395 1386 5466 ἀπαγορεύσας,
1414 5397 1709 5448 ἐσκέπτετο
1740 5394 1846 5448 τίνι

276 5487 467 5542 λοιπὸν
509 5488 705 5550 αὐτοὺς
740 5485 1154 5558 παραπέμψειε,
1191 5487 1486 5558 πρόσχημα
1521 5487 1620 5558 μὲν
1671 5487 1747 5550 ῶς
1780 5486 1848 5540 δι’

289 5580 585 5652 ’περδολην
623 5582 990 5652 ἀνοσιότητος,
1016 5579 1138 5634 οὐδὲ
1172 5579 1352 5647 ἀξίους
1379 5581 1538 5643 δντας
1565 5577 1847 5650 βασιλικοῦ

354 5796 373 5829 ⁹
397 5796 500 5852 Isa.
532 5811 684 5855 mu,
718 5795 774 5849 2.

587 5891 858 5952 Pnaoc.
891 5893 1007 5953 Gn.
1033 5889 1246 5952 CXIV.

1948 4567 2250 4620 soluturum
2277 4568 2658 4630 constantiam,
2689 4567 3028 4636 promptique
3053 4577 3105 4619 et
3131 4565 3324 4619 alacris
3348 4566 3513 4618 animi

1952 4658 2327 4713 hebetaturum
2379 4658 2796 4712 vehementiam.
2853 4658 2958 4711 Sed
3009 4673 3072 4711 ea
3124 4667 3309 4712 contra
3357 4667 3518 4726 atque

1945 4751 2190 4819 sperabat
2219 4758 2537 4804 evenerunt.
2574 4747 2720 4804 Bono
2754 4749 2896 4803 enim
2929 4758 2980 4802 ct
3021 4748 3312 4816 tranquillo
3338 4753 3518 4803 animo

1946 4844 2162 4904 fuerunt
2195 4843 2423 4907 interea,
2458 4853 2513 4895 et
2553 4857 2674 4896 cum
2715 4841 2828 4910 jam
2865 4851 3075 4909 tempus
3102 4841 3313 4895 adesset
3346 4842 3519 4911 praeli-

1947 4936 2141 5000 nitum,
2163 4935 2380 5003 perinde
2405 4948 2467 4988 ac
2497 4933 2540 4988 si
2570 4934 2798 4988 fuissent
2823 4933 3015 4988 inclusi
3050 4933 3164 4988 heri
3197 4943 3252 4987 et
3290 4935 3515 4987 nudius-

1949 5027 2175 5090 tertius,
2226 5041 2405 5081 acrem
2456 5033 2510 5080 et
2563 5026 2939 5080 vehementem
3003 5026 3296 5080 servabant
3345 5025 3520 5080 zelum

1950 5117 2014 5170 ad
2046 5117 2464 5172 confessionem.
2498 5115 2833 5172 Desiderium
2863 5117 3006 5172 enim
3039 5118 3090 5171 in
3123 5117 3438 5182 Christum,
3469 5131 3524 5170 et

1951 5225 2074 5279 Spes
2110 5209 2436 5274 futurorum,
2474 5209 2782 5265 efﬁciebant
2809 5219 2866 5264 ut
2909 5210 3216 5265 habitarent
3247 5224 3521 5265 carcerem

1956 5318 2060 5354 non
2091 5317 2248 5356 secus
2283 5317 2347 5356 ac
2387 5303 2699 5372 magnificas
2752 5307 2894 5358 ardes
2926 5314 2977 5358 et
3018 5306 3297 5373 palatium.
3353 5303 3522 5357 Matti-

1957 5393 2170 5449 mianus
2196 5409 2326 5464 ergo
2360 5409 2482 5449 cum
2516 5395 2628 5450 [nec
2661 5412 2877 5466 quoque
2909 5397 3207 5461 didicisset,
3261 5398 3374 5466 ipse
3404 5399 3525 5465 qul—

1956 5484 2075 5538 dem
2113 5493 2330 5538 recusat
2358 5484 2590 5554 amplius
2620 5485 2896 5556 suscipere
2926 5488 3183 5541 adversus
3220 5501 3315 5542 cos
3345 5492 3526 5538 certa-

1958 5577 2103 5633 mina
2148 5595 2159 5632 :
2201 5577 2534 5636 deliberabat
2576 5589 2754 5636 autem
2791 5579 2855 5634 ad
2904 5594 3063 5650 quem
3103 5593 3198 5634 eos
3232 5576 3296 5633 de
3330 5581 3560 5631 cmtero‘

3047 5878 3136 5945 28
