3832 6466
352 354 463 415 875

1596 353 1878 413 MENSIS
1906 354 2360 419 JANUAHIL‘S.

3496 376 3593 436 876

352 451 781 530 ιιιιίιειιιίιιιιιιοι,
817 474 1075 533 prtetextu
1126 464 1375 534 quidem,
1411 466 1550 533 quod
1584 476 1805 535 prepter
1841 468 1882 520 it

1987 510 1996 530 ,
2030 471 2293 539 βήματος,
2330 473 2361 542 ἡ
2403 471 2447 525 δ’
2487 472 2691 543 ἀληθὴς
2734 475 2881 530 αἰτία
2921 478 3113 551 ὅτιπερ
3138 480 3357 550 ἀπάσης
3387 485 3596 552 ἑπαγωι

350 564 554 629 signt-m
593 561 919 628 impietatem
948 599 962 623 ,
998 575 1062 613 ne
1111 560 1459 629 imperatoris
1491 561 1706 628 quidem
1739 573 1921 615 essent

349 654 490 721 digni
526 653 817 718 tribunali;
864 668 987 705 vera
1022 662 1201 706 autem
1252 667 1412 705 causa
1447 660 1586 715 erat,
1620 654 1762 722 quod
1796 669 1918 708 eum

347 760 440 798 ens
495 745 785 799 invenisset
839 745 1091 799 omnibus
1126 759 1220 799 eos
1275 743 1559 797 inducendi
1621 743 1921 798 rationibus

345 835 687 905 Superiores,
720 843 773 889 et
808 850 977 903 neque
1023 835 1206 890 induci
1251 835 1511 889 bonorum
1548 833 1920 902 promissimti-

344 927 477 993 bus,
527 942 700 997 neque
747 929 884 981 ﬂecti
935 930 1197 982 malorum
1256 928 1579 991 insnltibus,
1634 927 1919 981 verebatur

342 1021 516 1073 adhuc
549 1034 737 1073 manus
763 1038 882 1073 eum
908 1023 986 1072 eis
1019 1036 1327 1083 conserere,
1361 1034 1702 1088 generosum,
1735 1027 1787 1072 et
1820 1019 1913 1087 qui

2027 566 2128 631 γῆς
2149 566 2455 633 ἀνωτέρους
2479 565 2675 634 εὑρὼν,
2707 569 2798 620 καὶ
2828 571 2965 640 μήτε
2993 572 3215 639 ἀγαθῶν
3244 576 3594 644 ἐπαγγελίαις

2028 654 2427 722 ὑπαγομένους,
2445 657 2584 725 μήτε
2612 660 2800 712 κακῶν
2834 663 3127 733 ἐπιφοραῖς
3153 668 3592 737 καμπτομένους,

2026 742 2188 796 ῶκνει
2213 744 2310 814 τὴν
2342 747 2422 806 είς
2448 745 2528 799 ἔτι
2584 749 2721 817 πρὸς
2771 751 2967 815 αὐτοὺς
3021 756 3367 825 συμπλοκὴν,
3424 758 3486 809 τδ
3514 761 3593 811 εὑ·

2025 834 2183 901 γενὲς
2235 836 2414 889 αὐτῶν
2453 839 2546 890 καὶ
2586 840 2953 894 ἀταπείνωτον
2984 844 3076 897 τοῦ
3114 849 3468 917 φρονήματος
3503 867 3590 902 τα·
3642 886 3645 889 ι

2025 925 2245 978 πεινοῦν
2270 928 2420 997 αὐτῷ
2450 929 2550 1000 τὴν
2579 930 2737 995 δόξαν
2764 933 2856 985 καὶ
2890 933 3289 1005 ὑποτέμνεσθαι
3322 938 3412 990 τὸν
3437 929 3589 1005 ὃγκον

2024 1016 2448 1087 ὑπολαμϐάνων.

340 1115 567 1181 deprimi
619 1129 722 1169 non
756 1125 996 1183 poterat,
1073 1132 1255 1169 eorum
1293 1115 1540 1183 spiritum
1579 1113 1700 1182 ejus
1756 1112 2059 1182 deprimere
2125 1115 2351 1182 gloriam
2397 1124 2450 1171 et
2493 1117 2698 1187 aliquid
2766 1121 2830 1175 de
2875 1124 3242 1191 magnitudine
3311 1125 3586 1181 detrahere

340 1210 686 1263 existimans.

1785 1430 2014 1488 CAPUT
2056 1431 2167 1491 XII.

1277 1597 1314 1650 Α
1356 1596 1663 1649 nrtesidibus
1702 1597 1985 1651 Sacerdote
2023 1608 2072 1651 et
2128 1597 2366 1653 Maximo
2403 1600 2688 1660 intentam.

406 1753 638 1811 LXXII].
686 1754 746 1810 Ei
780 1764 967 1810 autem
1007 1757 1087 1813 sic
1116 1758 1431 1813 deliberanti
1479 1759 1704 1814 aderant
1735 1760 1882 1814 multi

2065 1763 2181 1852 01".
2213 1763 2370 1817 Οὕτω
2383 1765 2439 1818 δὲ
2464 1767 2613 1837 αὖτῷ
2636 1771 2989 1842 σκεπτομένῳ
3003 1773 3258 1844 παρῆσαν
3276 1778 3464 1835 πολλοὶ
3487 1779 3578 1853 μὲν

331 1861 545 1917 quoque
556 1849 646 1903 alii
664 1847 825 1903 simul
843 1849 1186 1917 magistratus
1210 1858 1265 1905 et
1281 1851 1532 1920 praesides
1554 1854 1640 1920 qui
1668 1868 1733 1906 ex
1758 1852 1894 1905 titul-

331 1940 401 1993 tis
421 1950 782 1994 convenerant
809 1942 1120 2010 provinciis.
1156 1940 1301 1998 Inter
1322 1958 1456 2011 quos
1485 1953 1603 1997 erat
1628 1946 1790 1997 etiam
1819 1942 1896 2011 (4)

332 2028 620 2095 Sacerdos,
658 2030 749 2099 qui
786 2041 905 2083 erat
935 2030 1151 2098 quidem
1183 2033 1487 2100 principatu
1515 2018 1767 2099 insignis,
1804 2033 1896 2085 sed

329 2129 447 2174 erat
482 2120 640 2187 longe
681 2122 957 2190 impietate
1003 2121 1287 2192 insignior,
1318 2125 1608 2196 et,ntttltos
1636 2124 1897 2179 Clnistia-

331 2227 431 2266 nos
473 2213 655 2267 multis
687 2228 829 2283 smpe
864 2223 920 2269 et
955 2217 1121 2270 variis
1165 2217 1471 2284 subiecerat
1504 2217 1802 2286 suppliciis.
1835 2219 1891 2272 Ei

331 2305 552 2357 mandat
608 2303 967 2361 Maximianus
1016 2309 1379 2377 cognitionem
1429 2308 1495 2362 de
1547 2312 1894 2379 martyribus.

327 2396 462 2451 Cum
497 2408 678 2451 autem
714 2399 1073 2467 persuadendi
1106 2416 1296 2470 magna
1334 2402 1383 2453 vi
1417 2411 1562 2457 esset
1605 2404 1895 2471 praeditus.

326 2499 383 2544 et
411 2491 477 2543 ad
513 2490 814 2546 illiciendas
842 2491 1123 2547 hominum
1158 2505 1368 2549 mentes
1403 2492 1596 2549 artifex
1626 2497 1893 2565 egregius,

325 2590 382 2634 et
409 2580 608 2647 alioqui
658 2582 903 2636 studeret
932 2584 1254 2647 ostendere,
1288 2600 1383 2639 eos
1413 2585 1504 2655 qui
1538 2585 1711 2654 ipsum
1761 2602 1896 2654 prte-

324 2682 641 2736 eesserattt,
685 2687 789 2727 non
824 2687 889 2726 ex
939 2683 1238 2743 martyrum
1275 2675 1439 2729 animi
1490 2678 1889 2747 magnitudine,

325 2771 418 2819 sed
452 2781 515 2820 es
567 2780 663 2820 sua
718 2765 901 2834 potius
944 2766 1293 2835 simplicitate
1335 2766 1442 2822 illis
1478 2770 1773 2838 praebuisse
1800 2771 1891 2832 Ivi-

323 2856 567 2917 ctoriam,
596 2857 789 2910 sedens
812 2856 862 2909 itt
889 2854 1139 2909 tribttnali
1158 2857 1355 2923 ellecit,
1381 2866 1437 2912 ut
1465 2858 1564 2911 viri
1590 2856 1664 2910 illi
1692 2858 1891 2928 egregii

320 2963 502 3003 coram
538 2964 596 3003 se
640 2950 984 3016 sisterentur,
1024 2961 1079 3003 et
1115 2952 1261 3004 varie
1312 2965 1435 3005 cum
1482 2950 1560 3005 eis
1610 2949 1892 3004 decertare

319 3050 401 3094 est
443 3055 763 3111 aggressus,
817 3046 974 3097 modo
1005 3045 1220 3112 quidem
1272 3043 1493 3098 lenitate
1534 3050 1587 3097 et
1650 3043 1890 3111 pecunia:

2001 1853 2093 1905 καὶ
2111 1844 2259 1907 ἄλλοι
2280 1855 2541 1926 ἄρχοντες
2569 1859 2684 1928 ἅμα
2707 1862 2800 1915 καὶ
2836 1865 3107 1932 ἡγεμόνες
3133 1868 3196 1921 ὲκ
3226 1869 3438 1925 πολλῶν
3459 1844 3575 1927 συν-

1998 1942 2245 2008 ελθόντες
2274 1948 2552 2018 ἐπαρχιῶν
2570 1965 2585 1981 ο
2620 1952 2676 2002 ἑν
2704 1952 2759 2004 δὲ
2785 1953 2846 2020 δὴ
2872 1957 2963 2007 καὶ
2986 1957 3292 2030 Σακερδὼς,
3315 1963 3575 2035 ἐπιφανὴς

2000 2035 2098 2127 μὲν
2118 2035 2215 2106 τὴν
2237 2039 2557 2107 ἡγεμονίαν,
2589 2043 3014 2118 ἐπιφανέστερος
3033 2049 3090 2103 δὲ
3114 2053 3291 2123 πολλῷ
3333 2056 3432 2127 τὴν
3457 2058 3577 2112 ἀσέ-

1998 2126 2170 2189 ϐειαν,
2196 2129 2289 2181 καὶ
2312 2131 2537 2196 πολλοὺς
2567 2134 2674 2199 τῶν
2704 2136 3048 2207 Χριστιανῶν
3083 2144 3574 2214 πολλαϊςπολλάκις

1995 2221 2287 2290 τιμωρίαις
2319 2224 2411 2276 καὶ
2431 2224 2699 2289 ποικίλαις
2731 2228 3038 2285 ὑποϐαλών.
3071 2235 3257 2307 Τούτῳ
3300 2240 3575 2310 Μαξιμια-

1995 2311 2084 2373 νὸς
2116 2312 2182 2364 τὰ
2215 2314 2353 2366 κατά
2390 2318 2831 2390 τοῦςμάρτυρας
2855 2324 3141 2395 ἐπιτρέπει
3166 2331 3384 2396 ὀδεινδς
3417 2334 3471 2387 δὲ
3494 2334 3564 2388 ὢν

1996 2404 2087 2454 καὶ
2117 2407 2300 2457 πεῖσαι
2326 2409 2418 2459 καὶ
2440 2410 2740 2481 ὑποκλέψαι
2764 2416 2989 2485 γνώμας
3021 2419 3234 2489 ἀνδρῶν
3260 2424 3565 2482 πιθανώτα-

1994 2511 2106 2573 τος,
2141 2496 2318 2561 ἄλλως
2345 2517 2404 2551 τε
2438 2500 2495 2553 δὲ
2519 2503 2613 2555 καὶ
2638 2506 2765 2568 τοὺς
2801 2507 2906 2577 πρὸ
2939 2511 3102 2563 αὐτοῦ
3138 2513 3310 2581 δεῖξαι
3344 2517 3569 2584 φιλονει-

1994 2585 2124 2646 κῶν,
2162 2588 2260 2640 οὑκ
2295 2592 2357 2642 ὲκ
2404 2591 2501 2658 τῆς
2543 2593 2651 2645 τῶν
2691 2598 2989 2668 μαρτύρων
3037 2601 3312 2673 ἀνδρείας,
3362 2606 3478 2659 ἀλλ’
3506 2610 3568 2663 ἐκ

1993 2679 2089 2747 τῆς
2108 2678 2319 2732 ἑαυτῶν
2348 2681 2549 2748 μᾶλλον
2572 2685 2831 2752 ἀφελείας
2858 2691 3015 2760 νικᾷν
3036 2692 3263 2757 ἐκείνοις
3293 2713 3568 2769 παρασχο·

1995 2769 2209 2833 μένους,
2248 2772 2371 2823 ἐπεὶ
2417 2773 2508 2825 τοῦ
2539 2775 2783 2845 βήματος
2835 2784 3174 2848 προκαθίσας
3226 2790 3565 2861 παρέστησεν

1992 2858 2140 2928 αὐτῷ
2171 2862 2295 2923 τοὺς
2354 2865 2655 2930 γενναίους,
2723 2872 2981 2933 ποικίλως
3039 2876 3230 2946 μετῄει
3292 2880 3395 2950 τὴν
3428 2883 3558 2953 πρδς

1991 2949 2188 3014 αὐτοὺς
2214 2954 2534 3023 συμπλοκήν
2563 2974 2573 2985 υ
2604 2956 2729 3026 ἄρτι
2783 2961 2880 3027 μὲν
2926 2962 3197 3035 ἐπιεικείᾳ
3228 2970 3320 3021 καὶ
3347 2949 3561 3041 χρημά-

1990 3058 2098 3095 των
2156 3046 2497 3120 ὲπαγγελίᾳ,
2552 3052 2678 3121 ἄρτι
2719 3052 2775 3106 δὲ
2842 3057 3116 3130 αὐστηρίᾳ
3168 3061 3261 3114 καὶ
3315 3065 3561 3135 πονηρῶν

319 3132 698 3201 promissione,
754 3136 912 3186 modo
950 3148 1075 3187 vero
1101 3133 1399 3187 acerbitate
1427 3142 1483 3187 et
1520 3124 1681 3187 minis
1706 3147 1882 3188 rerum

1995 3135 2216 3207 ἀπειλῇ,
2253 3111 2346 3190 νῦν
2375 3111 2654 3213 κολακείᾳ,
2680 3144 2775 3199 νῦν
2804 3147 2963 3216 ὀργῇ,
2998 3111 3269 3204 Mcos};

320 3222 619 3288 mularum,
661 3231 804 3278 nnn‘c
850 3224 1158 3289 blanditiis,
1200 3239 1344 3278 nunc
1390 3224 1792 3294 indignatione,
1826 3235 1885 3281 et

319 3313 517 3385 partim
560 3315 774 3383 quidem
808 3330 1120 3385 asperarum
1159 3332 1336 3370 rerum
1367 3319 1729 3385 experientia,
1758 3334 1882 3387 par-

320 3407 414 3460 tim
446 3414 625 3461 autem
673 3407 770 3471 iis,
801 3422 923 3476 qua:
970 3418 1377 3476 pra-cesserant,
1423 3410 1729 3466 adhibendo
1768 3427 1884 3464 me-

316 3498 549 3554 dicinam
602 3508 854 3568 tanquant
909 3515 976 3554 ex
1034 3500 1374 3570 ptettitentia.
1432 3500 1699 3556 Caeterum
1758 3518 1880 3557 cum

314 3590 544 3659 primum
581 3590 709 3646 fecit
749 3602 807 3647 ut
841 3594 1163 3648 sisterentur
1205 3604 1510 3665 martyres:
1539 3596 1760 3661 Adeste,
1798 3596 1879 3650 in-

311 3683 448 3750 quit,
474 3680 932 3748 ad'Sacerdotem,
958 3699 1118 3752 quem
1186 3686 1361 3739 nullus
1401 3685 1590 3756 eﬂ'ugit
1617 3702 1681 3741 ex
1714 3687 1875 3741 Cbri-
1917 3717 1922 3720 -

310 3774 541 3837 stianis,
598 3774 689 3844 qui
734 3775 964 3830 Potitum
1021 3776 1265 3831 habitant
1324 3787 1379 3832 et
1433 3776 1744 3833 Galatiam:
1784 3781 1876 3834 sed

311 3865 508 3921 multos
532 3866 747 3934 quidem
770 3876 1068 3935 .persuasos
1101 3867 1397 3924 honoribus
1423 3869 1578 3925 aﬂeci
1616 3878 1671 3924 et
1696 3886 1878 3926 nttme-

309 3959 478 4022 ribus,
508 3967 564 4013 et
593 3958 716 4022 diis,
760 3959 901 4026 quod
946 3959 1163 4028 quidem
1205 3970 1287 4014 est
1325 3948 1647 4027 maximum,
1681 3976 1872 4017 recon-

305 4048 485 4103 ciliari
514 4047 754 4103 et-ei'feci
799 4040 1129 4117 fatttiliares;
1169 4050 1363 4105 multos
1393 4065 1521 4105 vero
1555 4064 1623 4104 ex
1665 4050 1753 4116 iis,
1781 4052 1871 4121 qui

306 4157 413 4196 non
454 4149 766 4209 paruerunt,
809 4140 954 4196 ferro
987 4150 1045 4197 et
1089 4142 1213 4212 igne
1246 4142 1580 4212 consumpsi,
1616 4152 1671 4197 et
1714 4144 1870 4198 morti

304 4229 498 4284 tradidi
552 4230 935 4286 acerbissimae.
983 4232 1081 4287 Cui
1127 4233 1344 4302 quidem
1392 4246 1488 4287 vos
1528 4247 1743 4302 quoque
1774 4247 1871 4302 pa-

303 4330 516 4385 rentes,
564 4321 899 4386 sacriﬁcate,
937 4332 993 4377 ut
1031 4336 1135 4393 pro
1166 4323 1411 4391 portione
1457 4331 1532 4378 tot
1571 4324 1829 4378 malorum
1852 4363 1868 4389 ,

302 4427 425 4482 quin
457 4422 532 4465 ιοι
565 4427 736 4467 annos
767 4414 1050 4482 patimini,
1080 4430 1175 4468 vos
1207 4414 1360 4468 bouis
1385 4406 1662 4469 fruamini.

1998 3241 2066 3297 ρᾳ
2107 3227 2215 3279 τῶν
2249 3228 2533 3297 ἀλγεινῶν,
2566 3234 2721 3287 τοῦτο
2749 3236 2804 3289 δὲ
2828 3236 3094 3312 θεραπείᾳ
3125 3242 3233 3295 τῶν
3263 3246 3558 3313 προλαϐόν-

1991 3335 2100 3372 των
2117 3320 2193 3384 ὡς
2219 3324 2283 3375 ὲκ
2315 3327 2602 3392 μετανοίας
2624 3334 3048 3405 προσγινομένῃ.
3086 3335 3231 3406 Πλὴν
3249 3338 3369 3390 ἀλλ’
3399 3339 3474 3403 ὡς
3499 3341 3556 3393 τὸ

1992 3410 2205 3479 πρῶτον
2253 3417 2378 3477 τοὺς
2430 3418 2711 3488 μάρτυρας
2774 3426 3190 3496 παρεστήσατο,
3252 3430 3555 3500 Σακερδῶτι

1990 3503 2346 3573 παρίστασθε,
2373 3507 2541 3575 λέγει,
2577 3510 2637 3562 ὃν
2669 3512 2844 3575 οὐδεὶς
2872 3516 3213 3584 Χριστιανῶν
3237 3521 3344 3574 τῶν
3373 3540 3552 3577 κατοι-

1988 3595 2229 3648 κούντων
2265 3597 2462 3650 Πόντον
2498 3602 2589 3652 καὶ
2628 3603 2894 3657 Γαλατίαν
2933 3607 3188 3678 διέφυγεν
3210 3627 3224 3641 ⁸
3258 3614 3394 3667 ἀλλὰ
3427 3617 3552 3669 πολ⁹

1986 3683 2111 3747 λοὺς
2144 3687 2243 3755 μὲν
2269 3691 2589 3753 πεισθέντας
2617 3696 2709 3749 καὶ
2744 3698 2918 3765 τιμῶν
2959 3701 3166 3768 ἠξίωσα
3191 3705 3285 3757 καὶ
3313 3706 3546 3776 δωρεῶν,

1986 3778 2081 3830 καὶ
2124 3778 2284 3844 θεοτς,
2311 3783 2436 3849 τόγε
2504 3787 2709 3853 μεῖζον,
2774 3793 3086 3860 κατήλλαξα
3124 3798 3216 3848 καὶ
3266 3799 3547 3868 ᾠκείωσα·

1985 3870 2213 3936 πολλοὺς
2244 3874 2299 3926 δὲ
2323 3876 2429 3928 τῶν
2458 3878 2871 3949 ἀπειθησάντων
2908 3887 3042 3956 πυρὶ
3103 3889 3195 3941 καὶ
3227 3891 3429 3962 σιδήρῳ
3461 3895 3548 3946 άν-

1982 3964 2217 4029 αλώσας,
2244 3968 2338 4019 καὶ
2362 3967 2577 4041 θανάτῳ
2608 3974 2899 4043 παρέδωκα
2928 3978 3149 4050 χαλεπῷ
3176 3998 3189 4011 ·
3249 3978 3294 4052 ᾧ
3322 4002 3386 4052 γε
3431 4004 3547 4041 πει-

1984 4056 2202 4121 σθέντες
2253 4059 2347 4111 καὶ
2381 4061 2535 4116 αὐτοὶ
2563 4064 2786 4129 θύσατε,
2819 4068 2894 4133 ὡς
2930 4073 2996 4124 ἂν
3047 4074 3322 4144 ἀναλόγως
3349 4072 3424 4132 ὧν
3456 4082 3544 4134 ἐπὶ

1979 4148 2266 4214 τοσούτους
2288 4150 2509 4221 χρόνους
2542 4153 2812 4227 ὑπέστητε
2832 4163 3038 4229 κακῶν,
3060 4165 3282 4235 ἀγαθῶν
3313 4170 3542 4224 ἀπολαύ-

1980 4254 2144 4295 σοιτε.

368 4502 607 4562 LXXIV.
631 4507 710 4561 Ad
739 4481 851 4562 haec
869 4508 1121 4562 dixerttnt
1144 4506 1316 4561 sancti
1344 4522 1358 4561 :
1387 4507 1485 4574 Qui
1512 4522 1610 4562 nos
1635 4522 1732 4578 pro
1758 4522 1872 4563 me-

2046 4505 2147 4556 υΔ.
2182 4504 2321 4575 Πρὸς
2350 4507 2522 4561 ταῦτα
2550 4511 2598 4563 oi
2637 4510 2783 4580 ἅγιοι
2805 4529 2818 4544 ·
2865 4516 2923 4568 '0
2950 4516 3156 4586 μέλλων
3187 4523 3334 4592 ἡμᾶς
3374 4527 3532 4592 ἀξίως
3564 4580 3567 4583 ,

302 4599 418 4655 ritis
440 4611 523 4655 est
558 4609 1063 4656 remuneraturuset
1090 4601 1477 4668 bonoraturus,
1496 4610 1578 4654 est
1597 4600 1865 4665 Christus,

299 4691 390 4761 qtti
415 4693 551 4745 dona
575 4692 734 4747 habet
763 4701 870 4747 tam
896 4692 1236 4760 excellentia,
1265 4702 1323 4746 ut
1346 4707 1416 4746 ne
1438 4697 1720 4763 condigna:
1748 4692 1866 4761 qui-

298 4788 420 4839 dem
452 4783 559 4839 sint
605 4784 762 4854 ltttjus
809 4783 990 4840 saeculi
1024 4785 1302 4852 passiones
1344 4785 1409 4837 ad
1452 4784 1711 4851 gloriam,
1749 4798 1867 4851 quae

299 4885 383 4930 est
417 4876 470 4931 in
501 4877 658 4930 nobis
686 4876 752 4929 ab
787 4875 902 4945 ipso
929 4876 1234 4933 revelanda.
1263 4875 1493 4944 Propter
1521 4889 1639 4944 qua:
1670 4874 1866 4928 Sacer;

297 4966 396 5021 dos
427 4980 640 5038 quoque
683 4966 809 5020 fecit
837 4964 1090 5021 similiter
1121 4966 1189 5022 iis
1227 4967 1316 5035 qui
1353 4974 1775 5036 praecesserant,
1810 4972 1864 5016 et

296 5073 393 5115 eos
436 5058 598 5129 jussit
643 5057 775 5113 caedi
821 5060 872 5112 itt
909 5058 1187 5123 humeris,
1245 5059 1418 5112 donec
1458 5056 1539 5111 eis
1587 5057 1697 5125 ipsa
1737 5071 1859 5109 ossa

293 5147 653 5217 aperirentur.
691 5148 823 5205 Cum
863 5161 1041 5204 autem
1073 5150 1407 5220 martyribus
1457 5148 1740 5217 pra-stantia
1780 5148 1859 5201 vi-

293 5241 551 5315 derentur
578 5242 888 5315 esse‘levia,
919 5244 1071 5313 spina
1103 5256 1317 5312 quoque
1344 5241 1595 5296 sitnititer
1617 5240 1856 5296 cazdeba-

294 5309 417 5399 tur,
470 5335 643 5391 donec
682 5302 727 5388 θ’
757 5329 1112 5405 ριωεειιιὶθὺε
1154 5333 1323 5388 oculis
1366 5334 1479 5387 visa
1523 5342 1607 5386 est
1647 5332 1850 5387 ossium

286 5426 641 5499 compositio,
668 5434 722 5482 et
753 5438 863 5483 tota
905 5427 1146 5484 dimensa
1182 5436 1263 5482 est
1292 5441 1550 5497 compago
1580 5424 1854 5479 vertebra-

287 5537 427 5585 rum.
454 5521 720 5580 Sacerdos
740 5538 870 5594 ergo
898 5532 1003 5578 tam
1036 5525 1235 5595 misere
1258 5530 1311 5577 et
1335 5529 1442 5574 tam
1472 5516 1853 5573 miserabiliter

284 5614 458 5669 \ictus
503 5623 589 5669 est
635 5628 663 5667 a
700 5624 995 5684 martyrum
1041 5611 1375 5668 fortitudine.
1417 5609 1680 5676 Quocirca
1730 5619 1849 5675 qua:

1972 4593 2292 4663 ἀμείϐεσθαι
2354 4599 2449 4651 καὶ
2499 4602 2684 4673 τιμᾷν,
2740 4605 2973 4675 Χριστός
3032 4615 3200 4677 ἐστιν,
3250 4612 3424 4682 εἷπον,
3479 4620 3534 4681 ὃς

1969 4686 2238 4757 τοσαύτην
2276 4688 2390 4760 ἔχει
2417 4691 2525 4744 τῶν
2559 4691 2778 4764 δωρεῶν
2812 4700 2913 4768 τὴν
2946 4701 3247 4774 ὑπερϐολὴν
3304 4708 3379 4771 ὡς
3406 4711 3533 4780 μηδὲ

1968 4774 2095 4840 ἄξια
2122 4777 2211 4830 τοῦ
2245 4779 2340 4831 νῦν
2387 4780 2580 4854 καιροῦ
2612 4785 2680 4837 τὰ
2720 4788 3023 4859 παθήματα
3058 4788 3219 4856 εἶναι,
3259 4797 3398 4867 πρὸς
3440 4800 3532 4870 τὴν

1970 4867 2270 4959 μέλλουσιν
2304 4872 2433 4940 ἡμῖν
2485 4875 2937 4959 ἀποκαλυφθῆναι
2972 4884 3102 4956 παρ’
3134 4886 3300 4942 αὐτοῦ
3359 4867 3528 4955 δόξαν.

1980 4960 2096 5054 Ἐφξ
2158 4956 2239 5025 οἷς
2284 4965 2377 5018 καὶ
2423 4966 2709 5037 Σακερδὼς
2751 4956 2863 5037 τοῖς
2914 4975 3279 5046 προλαϐοὖσιν
3337 4985 3529 5054 ὁμοίως

1963 5051 2158 5118 ἐποίει,
2192 5058 2283 5107 καὶ
2300 5056 2515 5121 ξὲεσθαι
2545 5059 2740 5126 αὐτοὺς
2766 5066 2909 5118 κατὰ
2934 5067 3042 5120 τῶν
3072 5068 3238 5141 ὤμων
3264 5051 3528 5139 ἐκέλευεν,

1963 5144 2119 5225 ἄχρις
2178 5149 2242 5201 ἂν
2283 5151 2376 5203 καὶ
2430 5152 2574 5205 αὐτά
2611 5155 3003 5225 ὲκκαλυφθείεν
3040 5164 3224 5229 αὐτοῖς
3269 5169 3337 5220 τὰ
3377 5170 3523 5224 ὀστᾶ.

1972 5239 2124 5292 Ἐπεὶ
2147 5241 2202 5294 δὲ
2249 5243 2425 5312 κοῦφα
2455 5248 2566 5308 τοῖς
2599 5246 2835 5317 μάρτυσι
2866 5253 2931 5305 τά
2964 5255 3207 5324 παρόντα
3241 5259 3410 5332 ἑώρα,
3439 5266 3527 5317 καὶ

1962 5332 1996 5401 ή
2025 5334 2182 5402 ῥάχις
2227 5338 2336 5397 τοῖς
2385 5335 2600 5406 ξεσμοί,
2637 5341 2837 5405 ὁμοίως
2891 5344 3110 5411 ἐδίδοτο,
3145 5349 3249 5414 ἕως
3302 5356 3440 5425 αὐτή
3469 5372 3523 5408 τε

1958 5426 2070 5486 τοῖς
2133 5426 2397 5495 παροῦσιν
2453 5428 2749 5498 ὀςθαλμοῖς
2805 5435 2837 5504 ἠ
2889 5437 3139 5502 σύνθεσις
3170 5441 3276 5494 τῶν
3331 5444 3522 5499 ὀστέων

1958 5514 2145 5585 ὠράθη
2182 5519 2270 5569 καὶ
2296 5522 2451 5580 πᾶσα,
2473 5522 2810 5591 διεμετρεῖτο
2839 5528 2947 5580 τῶν
2980 5533 3288 5588 σποιιδύλων
3308 5538 3520 5607 ήάρμο-

1959 5610 2050 5678 γή.
2096 5610 2155 5664 ’0
2205 5610 2335 5678 γοῦν
2367 5612 2653 5683 Σακερδὼς
2688 5614 2860 5681 οὕτως
2910 5620 3157 5689 ἐλεεινῶς
3188 5628 3282 5679 καὶ
3329 5629 3518 5693 ἀθλίως

354 5796 429 5865 (i)
463 5792 769 5860 Sacerdon,
797 5791 1112 5864 Σακέρδων,
1143 5792 1195 5847 in
1234 5791 1421 5849 Graeco
1458 5806 1564 5850 ms.
1593 5793 1892 5865 appellatur
1922 5811 1940 5850 ι
1975 5792 2275 5866 diciturqtte
2308 5797 2472 5856 fuisse
2505 5798 2730 5856 Galatia:
2764 5799 3069 5873 prmfectus.
