3832 6480
265 435 369 495 $79

1456 415 1741 476 MENSIS
1775 414 2229 475 JANUABIUS.

3402 424 3514 487 880

257 548 388 601 Nam
434 546 477 599 si
504 558 624 600 eum
665 542 834 604 dicis,
871 540 961 608 qui
1008 546 1222 592 constat
1255 550 1317 588 ex
1360 531 1573 601 lapide.
1626 527 1826 582 videbis

1936 525 2010 587 ὡς
2046 524 2284 594 ὁρῶμεν,
2315 518 2470 589 οὗτος
2493 542 2506 557 ·
2561 526 2593 597 ἢ
2627 527 2745 580 τίνα
2777 522 2965 582 τοῦτον
3005 530 3271 582 ἀθάνατον
3311 530 3513 599 ὀνομά-

256 640 414 708 panlo
441 646 555 705 post
586 636 728 689 hunc
770 632 863 688 tibi
898 630 1056 686 deum
1087 626 1444 682 immortalem
1472 622 1556 676 vel
1603 619 1822 674 confra-

257 742 420 795 ctum,
460 729 540 784 vel
575 726 831 798 injectum
864 725 917 779 in
948 723 1256 787 aedilicium,
1289 718 1373 773 vel
1399 726 1645 772 exustum
1681 723 1735 767 et
1770 714 1821 766 in

257 823 459 877 calcem
518 826 957 874 transmutatam.
1023 813 1176 881 Quod
1231 812 1276 867 si
1336 821 1510 866 tecum
1570 807 1825 862 disseruit

255 928 455 973 amens.
490 912 535 966 is
560 926 775 981 quoque
800 909 909 964 cito
934 907 1153 977 pulchre
1178 905 1434 960 fundetur
1455 902 1509 957 in
1538 915 1684 964 vasa,
1706 913 1823 968 qtne

256 1004 571 1059 deserviunt
640 1000 993 1064 ministeriis,
1066 994 1337 1067 quomodo
1406 991 1825 1060 unumquodque

257 1106 443 1147 eorum
482 1108 612 1146 usus
648 1091 910 1162 exegerit.
951 1091 1083 1144 Cum
1134 1090 1249 1142 haec
1304 1086 1475 1141 sancti
1520 1082 1825 1148 respondis-

258 1195 411 1247 sent.
449 1196 504 1239 et
529 1184 868 1255 cognovisset
894 1180 1156 1236 Maximus
1193 1178 1322 1233 nihil
1366 1178 1465 1233 sibi
1514 1177 1659 1230 aliud
1697 1190 1821 1245 pro-

260 1278 429 1335 fuisse
484 1278 708 1332 omnino
760 1276 1160 1332 simulationem
1217 1274 1366 1328 illam
1411 1282 1467 1327 et
1518 1270 1820 1332 lictiohem,

259 1381 419 1439 quam
465 1368 608 1437 quod
652 1367 763 1421 suis
799 1363 904 1421 diis
947 1364 1120 1420 labem
1148 1373 1203 1420 et
1245 1362 1509 1419 maculam
1544 1359 1823 1420 inusserit,

259 1475 539 1530 personam
559 1445 813 1526 deinceps
828 1472 1032 1512 exuens
1052 1466 1238 1526 aperte
1255 1456 1495 1511 ostendit
1512 1453 1821 1513 Maximum,

258 1562 314 1606 et
342 1551 395 1605 id
424 1551 562 1618 quod
589 1558 728 1613 erat,
757 1549 1001 1619 prntinus
1028 1547 1296 1618 apparuit.

1927 617 2078 681 ζἐιςς
2112 618 2203 669 τὸν
2232 618 2466 688 χαλκοῦν
2495 617 2527 690 ἢ
2559 621 2651 674 τὸν
2684 619 2918 683 λίθινον;
2959 622 3017 673 El
3056 623 3156 692 μὲν
3179 622 3287 691 γὰρ
3322 623 3412 675 τὸν
3449 625 3516 676 ἐκ

1926 707 2071 761 λίθου
2107 709 2308 777 λέγεις,
2337 708 2457 780 ὄψει
2491 712 2629 781 μετὰ
2660 711 2835 781 βραχὺ
2871 713 2963 765 τὸν
2988 713 3253 767 ἀθάνατόν
3280 731 3363 767 σοι
3392 714 3516 767 τοῦ·

1925 816 2016 851 τον
2047 798 2187 864 θεὸν,
2225 801 2256 871 ἢ
2284 800 2584 857 θλασθέντα
2607 804 2699 855 καὶ
2724 806 2801 863 είς
2837 803 3119 877 οἰκοδομὴν
3142 805 3511 877 ἐμϐληθέντα,

1932 891 1958 960 ἢ
1996 892 2339 946 ἐκκαυθέιτα
2380 894 2472 947 καὶ
2542 895 2622 959 είς
2670 883 2933 948 ἄσϐεστον
2970 898 3505 966 μετασκευασθέντα.

1928 985 1989 1035 Εί
2020 983 2075 1036 δὲ
2109 986 2199 1038 καὶ
2234 987 2262 1037 6
2295 986 2532 1054 χαλκοῦς
2566 1003 2648 1040 σοι
2699 986 3019 1053 διείλεκται,
3060 989 3252 1042 θᾶττον
3307 988 3373 1042 ἂν
3418 989 3515 1042 καὶ

1927 1077 2088 1140 αὐτὸς
2143 1080 2220 1138 εἰς
2255 1078 2563 1149 ὑπηρετικὰ
2611 1079 2779 1151 σκεύη
2844 1082 3029 1144 καλῶς
3081 1081 3511 1150 ἁναχωνευθείῃ,

1926 1170 2073 1231 ὅπως
2102 1168 2167 1222 ἂν
2193 1169 2425 1223 ἕκαστον
2454 1170 2634 1225 αὐτῶν
2652 1173 2853 1241 ἀπαιτῇ
2884 1172 2950 1225 τὰ
2967 1172 3064 1241 τῆς
3088 1170 3302 1242 χρείας.
3324 1170 3510 1225 Ταὺτα

1927 1261 2035 1314 τῶν
2053 1262 2219 1330 ἁγίων
2245 1262 2717 1334 ἀποκριναμένων,
2756 1264 2917 1333 γνλὺς
2938 1266 2967 1317 ὀ
3002 1261 3254 1332 Μάξιμος
3291 1263 3368 1327 ὡς
3398 1263 3509 1333 ἄρα

1926 1352 2081 1406 οὐδὲν
2130 1352 2316 1424 ἕτερον
2347 1354 2447 1423 τῆς
2478 1352 2820 1425 ὑποκρίσεως
2854 1353 3070 1425 ἐκείνης
3120 1350 3377 1407 ἀπώνατο
3416 1356 3508 1407 καὶ

1927 1442 2023 1495 τοῦ
2052 1443 2391 1512 πλάσματος,
2427 1442 2460 1514 ἦ
2494 1443 2617 1497 ὅσον
2669 1443 2861 1514 μῶμον
2914 1444 3351 1516 προστρίψασθαι
3388 1447 3503 1507 τοῖς

1926 1532 2151 1595 οἰκείοις
2197 1535 2358 1597 θεοῖς,
2393 1532 2551 1598 ἐκδὺς
2580 1534 2639 1587 τδ
2664 1537 3008 1605 προσωπεῖον
3032 1533 3236 1597 λοιπὸν,
3272 1533 3508 1605 φανερὸν

1929 1628 2111 1689 αὐτοῖς
2137 1627 2309 1679 ἐποίει
2358 1626 2449 1680 τὸν
2497 1627 2786 1697 Μάξιμον,
2841 1628 2936 1681 καὶ
2985 1628 3121 1697 ὅπερ
3157 1621 3248 1697 ἦν,
3304 1627 3507 1690 εὐθέως

1930 1719 2202 1788 ἐφαίνετο.

339 1878 595 1935 LXXVII.
616 1874 775 1931 Iubet
802 1875 1260 1945 itaqueobeliscus
1284 1877 1336 1930 in
1359 1887 1600 1930 extremo
1620 1885 1826 1945 acutos,

2007 1879 2127 1937 OZ'.
2160 1880 2388 1935 Κελεύει
2413 1881 2546 1951 γοῦν
2575 1881 2890 1945 ὀϐελίσκους
2935 1881 2996 1933 τὸ
3024 1882 3193 1950 ἄκρον
3237 1879 3380 1945 ὀξεῖς
3410 1898 3508 1933 πο-

262 1976 418 2029 unius
435 1972 585 2042 pedis
607 1970 992 2031 magnitudine.
1019 1983 1252 2038 superne
1274 1969 1532 2025 habentes
1554 1967 1825 2038 cuspides,

260 2065 417 2134 deligi
445 2064 496 2116 iu
535 2070 760 2122 terram,
793 2052 936 2115 etB.
972 2059 1308 2114 Clementem
1344 2060 1596 2129 supinum
1625 2061 1830 2116 acubus

263 2157 605 2226 impositum,
636 2152 993 2207 crassissimis
1030 2151 1188 2222 lignis
1216 2150 1495 2205 verberari
1524 2152 1822 2207 Vehemen-

263 2246 471 2301 tissime
499 2261 515 2299 :
545 2242 914 2311 Agathangelo
944 2249 1123 2294 autem
1150 2239 1205 2294 in
1228 2247 1390 2308 caput
1410 2238 1620 2293 infundi
1648 2238 1825 2309 plum-

262 2340 387 2391 bum
432 2335 555 2404 igne
604 2332 978 2404 liquefactum.
1004 2332 1140 2387 Cum
1185 2346 1317 2400 ergo
1356 2335 1542 2400 Jussus
1572 2328 1827 2387 effectum

260 2432 510 2487 celeriter
540 2431 868 2499 accepisset,
920 2428 1293 2498 magnanimus
1319 2427 1535 2497 quidem
1577 2426 1827 2482 Clemens

260 2532 315 2577 et
352 2523 405 2577 in
458 2535 676 2592 pectore
748 2534 981 2591 superne
1033 2520 1374 2585 caadebatur,
1414 2528 1469 2574 et
1510 2517 1627 2589 ejus
1679 2529 1825 2589 terga

262 2612 471 2669 inferne
500 2612 752 2667 obeliscis
783 2610 1259 2679 transfigebantur.
1288 2610 1391 2666 Sed
1416 2626 1481 2666 ne
1498 2608 1581 2667 sic
1609 2611 1827 2681 quidem

262 2704 440 2759 anima
469 2703 596 2759 huic
615 2713 803 2758 sancto
827 2701 1138 2757 discedebat
1156 2717 1185 2756 a
1211 2715 1457 2771 corpore.
1487 2698 1658 2757 Verax
1681 2702 1826 2759 enim

260 2803 380 2850 erat
421 2794 515 2861 qui
543 2793 722 2849 fuerat
762 2792 1034 2863 pollicitus
1057 2832 1073 2856 ,
1110 2802 1376 2848 tormenta
1407 2809 1531 2848 eum
1572 2808 1675 2848 non
1707 2807 1829 2847 esse

260 2895 603 2957 superatura,
626 2899 727 2943 nec
750 2886 859 2941 ullo
880 2884 1144 2956 supplicio
1173 2886 1338 2941 vitam
1370 2901 1492 2942 esse
1526 2886 1826 2941 tinniturum.

262 2978 665 3049 Agathaugelus
694 2992 826 3032 vero
855 2978 970 3047 ipse
1001 2992 1215 3048 quoque
1249 2978 1504 3033 similiter
1530 2978 1828 3033 admirabi-

1927 1975 2132 2038 διαίους
2164 1973 2224 2028 τὸ
2258 1974 2431 2045 μῆκος
2481 1974 2579 2027 τάξ
2614 1974 2798 2042 ἀκμὰς
2828 1972 3036 2027 ἄνωθεν
3067 1971 3289 2043 ἔχοντας
3319 1973 3386 2041 τῇ
3435 1973 3507 2041 γῇ

1929 2067 2267 2137 ἐμπαγῆναι,
2299 2068 2393 2119 καὶ
2420 2066 2510 2119 τὸν
2548 2065 2818 2137 μακάριον
2851 2064 3142 2135 Κλήμεντα
3169 2065 3287 2127 ταῖς
3321 2062 3508 2116 ἀκίσιν

1929 2156 2251 2211 ἐπιτεθέντα
2280 2155 2508 2220 ὕπτιον,
2566 2155 2745 2222 ξύλοις
2787 2154 3121 2224 παχυτάτοις
3169 2151 3508 2223 σφοδρότατα

1928 2247 2260 2301 τύπτεσθαι·
2294 2246 2374 2319 τῷ
2405 2246 2796 2316 Ἀγαθαγγέῖῳ
2832 2244 2890 2298 δι
2927 2242 3189 2315 μόλυϐδον
3242 2241 3384 2295 κατὰ
3411 2257 3506 2294 κει

1929 2341 2107 2412 φαλῆς
2136 2342 2270 2411 πυρὶ
2289 2340 2524 2394 τακέντα
2548 2337 2893 2407 ἐπιχεθῆναι.
2921 2337 3072 2406 Ταχὺ
3102 2335 3282 2388 τοίνυν
3307 2332 3511 2387 ἐκϐάν-

1928 2450 2018 2497 τος
2052 2434 2131 2496 είς
2162 2433 2322 2504 ἔργον
2365 2431 2461 2485 τοῦ
2495 2431 2890 2497 ἐπιτάγματος.
2923 2430 2951 2481 ὀ
2991 2427 3089 2498 μὲν
3123 2424 3511 2495 γενναιότατος

1930 2523 2163 2593 Κλήμης
2221 2523 2419 2593 στέρνα
2447 2538 2506 2574 τε
2552 2520 2758 2575 ἄνωθεν
2798 2519 3079 2580 ἐτύπτετο,
3122 2518 3215 2571 καὶ
3265 2517 3334 2569 τὰ
3362 2515 3513 2568 νῶτα

1928 2616 2041 2677 τοῖς
2070 2613 2369 2676 ὀϐελίσκοις
2390 2610 2636 2666 κάτωθεν
2673 2609 2977 2681 διεπείρετο
2999 2626 3012 2639 ·
3045 2607 3165 2661 ἀλλ’
3187 2607 3307 2662 οὐδὲ
3332 2605 3510 2669 οὕτως

1931 2705 2131 2779 ἡψυχὴ
2164 2704 2257 2758 τοῦ
2308 2705 2561 2775 σώματος
2602 2703 2680 2772 τῷ
2732 2702 2873 2771 ἁγίῳ
2923 2700 3183 2754 διίστατο,
3247 2698 3512 2768 Ἀψευδὴς

1928 2798 2038 2870 γὰρ
2061 2793 2130 2869 ἦν
2166 2798 2196 2851 ὀ
2242 2795 2714 2866 ἐπαγγειλάμενος
2748 2794 2822 2865 μὴ
2850 2793 3118 2864 βασάνους
3147 2791 3315 2845 αὑτοῦ
3343 2808 3510 2863 περι-

1934 2888 2202 2955 γενέσθαι,
2262 2887 2398 2958 μηδέ
2452 2885 2695 2958 τιμωρίᾳ
2754 2884 2999 2955 μηδεμιᾷ
3048 2882 3372 2953 τελευτῆσαι
3416 2882 3513 2935 τὸν

1932 2983 2064 3053 βίον.
2097 2983 2206 3037 Καὶ
2252 2978 2651 3049 ’Ᾱγαθάγγελος
2680 2979 2735 3031 δὲ
2768 2976 3027 3039 ὡσαύτως
3076 2974 3333 3047 ὑπερφυῆ
3383 2992 3510 3028 τινα

261 3068 365 3122 lem
414 3071 651 3125 ostendit
716 3070 1109 3124 fortitudinem.
1174 3067 1440 3125 Maximus
1495 3071 1679 3139 itaque
1729 3070 1826 3125 hoc

1933 3074 2027 3147 τὴν
2060 3073 2358 3144 καρτερίαν
2390 3072 2481 3126 καὶ
2506 3071 2667 3134 αὐτὸς
2689 3069 3018 3135 ἐπεδείξατο.
3050 3068 3303 3137 Μάξιμος
3330 3067 3513 3120 τοίνυν

261 3172 456 3231 praeter
484 3163 798 3232 opinionem
844 3162 1105 3216 miraculo
1142 3162 1576 3231 obstupefactus,
1608 3179 1731 3219 cum
1761 3163 1826 3218 iis

1934 3167 2011 3238 τῷ
2050 3165 2337 3237 παραδόξῳ
2362 3164 2456 3217 τοῦ
2489 3162 2767 3233 θαύματος
2817 3163 2954 3233 μετά
2980 3161 3087 3214 τῶν
3123 3161 3511 3231 περιεστώτων

261 3257 351 3325 qui
390 3254 853 3319 circumstabant,
888 3254 1274 3324 propemodum
1327 3269 1393 3309 ne
1443 3264 1657 3326 poterat
1702 3256 1826 3326 qui-

1937 3259 2332 3327 καταπλαγεὶς,
2363 3257 2545 3311 οὐκέτι
2576 3255 2698 3309 οὐδὲ
2721 3254 3001 3309 πιστεύειν
3031 3250 3145 3324 εἶχε
3175 3250 3376 3323 μικροῦ
3398 3255 3515 3316 τοῖς

263 3349 382 3400 dem
428 3347 649 3400 credere
691 3346 803 3401 suis
843 3345 1034 3414 oculis,
1064 3346 1199 3401 adeo
1236 3346 1569 3417 inopinatum
1604 3357 1659 3405 et
1686 3347 1826 3419 quod

1938 3352 2087 3421 σφῶν
2114 3349 2430 3421 ὀφθαλμοῖς,
2470 3348 2777 3419 παράλογον
2801 3348 2970 3409 οὕτως
2995 3346 3163 3417 ὀρῶσι
3210 3346 3412 3414 θέαμα,
3441 3343 3512 3398 τὰ

262 3445 380 3490 erat
426 3446 625 3506 praeter
674 3436 937 3492 rationem
976 3438 1283 3495 videntibus
1331 3439 1685 3507 miraculum,
1732 3455 1826 3511 per

1938 3445 2159 3515 στέρνα,
2186 3441 2285 3515 τὴν
2324 3441 2573 3515 καρδίαν,
2599 3442 2717 3496 ὅλον
2746 3441 2876 3512 ἑξῆς
2906 3441 2965 3493 τὸ
2991 3440 3150 3508 σῶμα
3179 3439 3398 3509 ὀξύτητι
3426 3454 3513 3490 σι-

262 3539 479 3596 peCtus,
518 3541 613 3583 cor
645 3537 698 3583 et
732 3537 901 3583 totum
943 3530 1196 3601 deinceps
1231 3546 1428 3602 corpus
1448 3573 1463 3597 ,
1494 3543 1654 3589 acuto
1686 3533 1826 3589 ferro

1935 3539 2098 3611 δήρου
2124 3536 2534 3607 διαπειρόμενον
2557 3533 2864 3605 ἄνθρωπον,
2888 3529 3006 3586 εἶτα.
3040 3534 3133 3586 καὶ
3171 3529 3513 3603 προστυπτό-

263 3620 579 3673 transfixum
620 3619 928 3685 boniinem,
956 3631 1009 3677 et
1050 3633 1311 3692 praeterea
1346 3640 1580 3695 superne
1614 3641 1829 3698 quoque

262 3714 607 3765 vehi-menter
643 3713 1023 3779 verberatum,
1060 3729 1168 3770 non
1215 3719 1394 3771 statim
1434 3721 1683 3775 emisisse
1714 3722 1830 3774 ani-

264 3817 429 3866 mam,
477 3804 572 3857 sed
614 3802 795 3857 vivum
842 3805 1019 3859 adhuc
1047 3819 1171 3860 csse
1199 3814 1254 3860 et
1282 3809 1650 3877 superstitem,
1691 3818 1745 3864 et
1778 3811 1827 3862 vi

263 3893 339 3948 illi
374 3893 700 3949 intolerabili
734 3909 869 3950 sana
900 3907 1077 3951 mente
1110 3898 1386 3954 resistere.
1417 3899 1519 3955 Vix
1548 3915 1677 3971 ergo
1708 3910 1832 3957 tan-

262 3982 385 4037 dem
415 3995 541 4037 eum
566 3982 802 4038 detrahit
825 3982 894 4037 ab
918 3983 1193 4050 obeliscis,
1216 4002 1321 4041 non
1353 4001 1511 4043 secus
1532 4002 1598 4043 ac
1623 3997 1827 4044 vestem

263 4073 504 4143 nudique
524 4072 894 4140 dilaceratam,
916 4085 969 4129 et
991 4076 1107 4132 solo
1124 4092 1375 4134 sermone
1394 4081 1828 4147 persuadentem,

261 4178 322 4219 se
371 4179 477 4219 non
529 4178 649 4219 esse
692 4176 985 4222 mortuum.
1034 4167 1237 4240 Martyr
1284 4185 1413 4241 ergo
1442 4172 1508 4227 ad
1540 4170 1829 4230 Maximum

263 4253 511 4325 protinus
525 4255 825 4326 aspiciens:
854 4256 1030 4326 Modo,
1057 4261 1249 4331 inquit,
1270 4264 1624 4336 cognovistis,
1647 4279 1834 4337 quem-

266 4346 557 4400 admodum
619 4362 726 4403 non
771 4349 946 4405 solum
1005 4365 1249 4408 nostrum
1322 4372 1519 4427 corpus
1570 4359 1832 4416 adversus

262 4450 361 4493 vos
388 4438 651 4503 decertat,
690 4441 785 4495 sed
811 4440 978 4499 Deum
1009 4443 1193 4507 habet,
1223 4447 1312 4516 qui
1344 4463 1437 4517 per
1469 4449 1642 4520 ipsum
1674 4449 1831 4523 longe

1940 3650 2099 3704 μενον
2129 3630 2336 3686 ἄνωθεν
2367 3630 2512 3702 μάλα
2547 3629 2792 3700 σφοδρῶς
2816 3670 2830 3693 ,
2884 3629 2978 3681 καὶ
3006 3627 3109 3681 οὐκ
3141 3626 3304 3689 εὐθὺς
3334 3625 3510 3696 ἁπορο

1939 3724 2179 3795 ῥήξαντα
2204 3723 2303 3794 τὴν
2356 3722 2556 3794 ψυχὴν,
2591 3721 2729 3777 ἀλλὰ
2776 3719 2953 3786 ζῶντα
2984 3719 3065 3773 ἔτι
3100 3719 3193 3773 καὶ
3224 3716 3509 3789 περιόντα,

1937 3817 2192 3887 καὶπρὸς
2219 3816 2319 3885 τὴν
2350 3814 2624 3885 ἀφόρητον
2657 3813 2872 3883 ἐκείνην
2905 3812 3026 3882 βίαν
3058 3811 3175 3882 μεθ’
3197 3807 3380 3877 ὑγιοῦς
3409 3809 3514 3877 τῆς

1935 3906 2321 3970 καταστάσεως
2370 3906 2740 3976 ἐνιστάμενον.
2785 3905 2912 3977 Ὀψὲ
2950 3904 3008 3957 δὲ
3057 3900 3152 3957 οὖν
3200 3903 3351 3971 ὅμως
3398 3900 3512 3952 τῶν

1936 3999 2234 4054 ὀϐελίσκων
2264 3999 2427 4053 αὐτὸν
2467 3997 2788 4069 ἐξαιρεῖται,
2836 3996 3091 4064 καθάπερ
3128 3995 3346 4064 ἱμάτιον
3372 4008 3514 4045 παν-

1937 4091 2163 4162 ταχόθεν
2182 4090 2540 4164 διερρωγότα,
2572 4090 2667 4145 καὶ
2698 4089 2760 4142 τὸ
2780 4089 2856 4160 μὴ
2876 4089 3068 4159 νεκρὸς
3097 4083 3237 4141 εἶναι
3270 4086 3411 4157 μόνῃ
3438 4085 3508 4154 τῇ

1941 4181 2152 4253 φθογγῇ
2201 4178 2585 4235 ἀναπείθοντα.
2654 4177 2715 4233 '0
2754 4179 2964 4250 μάρτυς
3016 4178 3196 4232 τοίνυν
3240 4178 3375 4247 πρὸς
3419 4174 3515 4228 τὸν

1939 4268 2191 4339 Μάξιμον
2220 4267 2381 4331 εὐθὺς
2406 4266 2614 4323 ἀπιδὼν
2636 4308 2653 4335 ,
2712 4266 3028 4336 Ἐγνὼκατε
3062 4267 3164 4321 κᾶν
3193 4265 3341 4337 ἄρτι,
3379 4264 3510 4335 εφη.

1939 4362 2087 4424 ὅπως
2123 4359 2182 4413 ού
2210 4358 2270 4412 τὸ
2318 4358 2588 4431 ἡμέτερον
2623 4358 2783 4429 σῶμα
2832 4359 2992 4428 μόνον
3021 4359 3155 4429 πρὸς
3183 4359 3329 4428 ὑμᾶς
3365 4358 3504 4425 ἀγιψ

1939 4453 2163 4518 νίζεται,
2195 4450 2332 4505 ἀλλά
2362 4451 2495 4505 Θεὸν
2531 4450 2643 4522 ἔχει
2675 4452 2768 4505 τὸν
2802 4451 2868 4505 δι’
2908 4450 3075 4505 αὐτοῦ
3131 4450 3270 4519 μετά
3309 4447 3514 4516 πολλῆς

264 4539 477 4587 vestras
501 4543 724 4603 superat
749 4534 995 4603 insidias,
1011 4538 1101 4607 qui
1130 4537 1295 4592 etiam
1319 4555 1423 4595 non
1445 4542 1573 4597 sinit
1590 4544 1826 4600 animam

1935 4544 2037 4614 τῆς
2066 4542 2385 4612 περιουσίας
2412 4542 2511 4606 τὰς
2542 4542 2816 4614 ὑμετέρας
2845 4543 3141 4605 ἐπιϐουλὰς
3180 4542 3511 4611 κατισχύον-

263 4624 484 4679 evolare
510 4638 543 4679 e
575 4639 840 4696 corpore,
871 4640 992 4682 eam
1028 4625 1291 4685 cohibens
1329 4639 1385 4686 et
1426 4632 1711 4689 continens
1741 4648 1831 4689 ar-

1935 4650 2027 4701 τα,
2056 4634 2205 4695 ὅστις
2230 4634 2325 4686 καὶ
2370 4632 2470 4704 τὴν
2523 4632 2705 4705 ψυχὴν
2736 4634 3050 4705 ἁποπτῆναι
3098 4631 3192 4687 τοῦ
3253 4631 3513 4701 σώματος

265 4726 411 4766 cano
434 4716 665 4783 quodam
692 4718 923 4773 consilio
947 4759 962 4785 ,
986 4727 1043 4774 et
1084 4735 1205 4790 quae
1236 4719 1342 4778 dici
1372 4736 1480 4779 non
1507 4733 1683 4794 potest
1709 4740 1826 4795 pro-

1935 4727 2038 4781 ούκ
2066 4725 2150 4795 ἐᾷ,
2172 4723 2482 4796 διακρατῶν
2517 4725 2688 4798 αὐτὴν
2733 4726 2830 4781 καὶ
2865 4728 3106 4798 συνέχων
3136 4725 3396 4797 ἀρρήτοις
3428 4723 3516 4778 oi-

266 4802 520 4875 videntia.

1941 4815 2245 4887 κονομίαις.

1724 5026 1951 5084 CAPUT
1980 5030 2120 5089 XIII.

1326 5261 1631 5331 Aplirodisii
1674 5264 1849 5321 Persae
1881 5278 2100 5320 conatus
2138 5268 2192 5321 in
2234 5265 2477 5324 Sanctus.

341 5477 631 5537 LXXVIII.
659 5482 792 5538 Cum
822 5482 1058 5538 animum
1077 5497 1205 5554 ergo
1218 5488 1436 5542 omnino
1452 5489 1829 5558 despondisset

266 5573 561 5635 tyrannus,
594 5578 649 5623 et
692 5573 832 5625 tmlla
873 5585 968 5640 spe
999 5571 1226 5642 amplius
1273 5583 1579 5641 teneretur,
1611 5591 1825 5632 sacrum

262 5659 479 5728 quidem
522 5659 896 5729 Clementem,
949 5664 1038 5733 qui
1092 5665 1268 5720 adhuc
1311 5668 1651 5736 portabatur,
1703 5685 1827 5724 cum

261 5750 629 5824 Agatbangelo
652 5752 875 5808 includit
914 5754 966 5808 in
1001 5769 1239 5813 carcere.
1275 5754 1458 5812 Refert
1497 5769 1678 5815 autem
1718 5761 1831 5828 ipse

262 5857 478 5915 quoque
498 5844 712 5918 singula
741 5844 1085 5919 Maximiano,
1116 5865 1363 5922 quaenam
1395 5851 1657 5910 adversus
1681 5868 1829 5910 mar-

2007 5490 2133 5546 OH’.
2170 5490 2580 5562 ’Δπαγορεύσας
2601 5490 2696 5546 οὖν
2711 5492 2777 5546 ἐκ
2799 5493 3016 5548 πάντων
3041 5495 3072 5548 6
3099 5493 3383 5564 τύραννος,
3414 5493 3512 5549 καὶ

1940 5580 2212 5650 μηδεμιᾶς
2257 5579 2473 5645 ἐλπίδος
2508 5581 2811 5654 ἀνεχούσης
2860 5584 3045 5649 αὑτὸν,
3092 5585 3186 5639 τὸν
3231 5586 3332 5657 μὲν
3364 5585 3505 5655 ἱερὸν

1937 5669 2231 5742 Κλήμεντα
2263 5670 2344 5725 ἐτι
2361 5673 2857 5745 διαϐασταζόμενον
2884 5677 2984 5732 σὺν
3028 5677 3417 5750 ’Δγαθαγγέλῳ
3437 5680 3501 5748 τῇ

1937 5762 2151 5835 φυλακῇ
2199 5765 2534 5820 κατακλείει.
2577 5765 2635 5820 ὐ
2659 5767 2716 5820 δὲ
2750 5767 3079 5840 Μαξιμιανῷ
3118 5773 3211 5825 καὶ
3235 5770 3397 5833 αὐτὸς
3416 5765 3504 5823 οἷά

1933 5871 1997 5908 τε
2018 5854 2159 5911 κατὰ
2187 5854 2296 5914 τῶν
2332 5855 2628 5931 μαρτύρων
2657 5859 3012 5932 ἐπινοήσειεν,
3054 5860 3204 5925 ὅπως
3232 5878 3295 5915 τε
3328 5859 3507 5931 κρείτ-
