3832 6464
286 318 387 384 881

1319 325 1491 387 νΙΤΑ
1540 326 1599 385 S.
1641 324 2077 387 CLEMENTIS
2108 326 2516 402 ANCYRANI.

3430 320 3543 387 S82

283 454 408 499 τους
437 437 529 491 mi.
557 436 808 495 θωπειῶν
835 437 1236 509 αὑτοὺς-εὕροι,
1290 438 1386 494 καὶ
1438 440 1710 508 βασάνων,
1766 441 1856 493 καὶ

1968 450 2114 509 tyres
2138 442 2548 510 excogitaverit,
2574 447 2628 495 et
2659 437 3110 508 quemadmodum
3141 432 3417 493 invenerit
3437 451 3540 493 eos

284 526 517 596 φύσεως,
577 527 784 583 ἕκαστα
826 528 1012 598 σαφῶς
1062 528 1347 598 ἀναφέρει.
1403 527 1749 598 Μαξιμιανὺς
1794 527 1852 580 δὲ

282 619 481 687 ὁμοίως
510 618 657 687 αύτῷ
680 622 789 685 τοῖς
829 620 969 684 ὅλοις
1000 620 1379 689 ἀμηχανήσας,
1407 621 1504 688 οὐχ
1533 621 1613 673 ὅτι
1645 619 1717 689 μὴ
1743 619 1852 671 πεί-

287 727 396 762 σειε
425 711 553 774 τοὺς
601 712 903 781 γενναίους,
954 713 1070 765 ἀλλ’
1101 714 1183 765 ὅτι
1218 712 1350 782 μηδὲ
1400 711 1606 765 ἀνελεῖν
1653 711 1853 774 αὐτοὺς

282 802 518 869 δύναιτο,
561 803 773 857 κελεύει
831 804 982 874 παρὰ
1013 807 1078 876 τῇ
1136 803 1349 873 φυλακῇ
1405 802 1577 864 οὓτως
1612 803 1853 874 ἐρήμους

284 894 462 963 πάσης
496 895 752 965 προνοίας
781 894 1088 957 ἀπολιπεῖν,
1118 896 1279 966 ἄχρις
1314 894 1378 948 ἂν
1405 895 1504 963 τὴν
1528 898 1593 949 ἐκ
1622 895 1720 962 τῆς
1748 894 1853 962 φύ-

285 1002 420 1045 σεως
473 986 629 1040 αὐτοὶ
673 987 938 1057 τελευτὴν
993 987 1381 1063 ὑπομείνωσινι
1443 988 1506 1039 Οἱ
1550 987 1767 1050 ἀσεϐεῖς
1797 986 1852 1039 δὲ

283 1079 375 1129 καὶ
401 1079 599 1148 πεῖραν
625 1076 767 1131 οὕτω
795 1079 941 1148 σαφῆ
964 1079 1073 1132 τῶν
1105 1079 1315 1149 ἀνδρῶν
1343 1078 1623 1143 λαὸόντες,
1663 1077 1729 1148 (ὦ
1752 1079 1851 1148 τῆς

282 1171 560 1242 ὠμότητος
575 1168 615 1240 l)
671 1171 792 1224 οὐδὲ
822 1170 992 1235 οὕτως
1020 1171 1316 1242 ἡσυχάζειν
1358 1168 1529 1242 εἶχον,
1588 1170 1725 1225 ἀλλὰ
1760 1172 1854 1225 καὶ

282 1262 454 1334 ταύτῃ
489 1261 840 1334 περιέσεσθαι
871 1264 1239 1334 προσεδόκων.

354 1574 476 1628 009'.
518 1576 733 1645 ’Δμὲλει
766 1576 861 1632 καὶ
885 1578 1222 1648 Ἀφροδίσιος
1245 1579 1461 1644 ἔννατος
1481 1581 1580 1651 τὴν
1602 1580 1736 1651 πρὸς
1761 1581 1857 1633 αἱ·

282 1668 409 1730 τοὺς
438 1667 739 1738 ὑπέρχεται
771 1669 973 1741 πάλην,
1000 1672 1217 1744 Πέρσης
1250 1672 1349 1743 μὲν
1372 1674 1434 1728 τὸ
1462 1676 1637 1743 γένος,
1656 1674 1854 1737 πολλὰς

1963 546 2062 584 nec
2085 531 2360 587 blanditiis
2384 530 2526 586 vinci
2560 546 2737 602 posse,
2758 545 2859 585 nec
2874 530 3186 596 tormentis.
3208 537 3371 599 atque
3397 529 3535 585 adeo

1962 622 2132 690 ipsam
2159 639 2373 692 quoque
2395 625 2463 679 ab
2488 624 2569 677 eis
2598 623 2843 691 superari
2867 636 3138 679 naturam.
3167 621 3535 677 Maximianus

1964 730 2090 768 vero
2119 730 2243 769 cum
2276 716 2529 772 similiter
2555 724 2721 785 atque
2750 716 2864 783 ipse
2883 756 2898 781 ,
2929 715 3128 770 nullam
3162 725 3344 783 posset
3368 730 3532 768 escu-

1962 806 2133 873 gitare
2160 808 2445 871 rationem,
2471 808 2664 860 nedum
2692 806 2838 861 viros
2871 804 3232 875 persuadendi
3259 806 3531 874 egregios,

1961 901 2055 952 sed
2087 911 2188 952 nec
2217 911 2312 952 eos
2343 897 2560 965 quidem
2597 896 2962 962 interimendi,
2991 895 3146 965 jubet
3169 911 3264 951 eos
3299 895 3529 962 relinqui

1964 990 2015 1042 itt
2054 1002 2310 1053 carcere,
2346 988 2647 1053 Itec_ullam
2676 1003 2861 1043 eorum
2892 989 3114 1042 omnino
3158 1002 3344 1042 curaui
3393 987 3530 1056 geri,

1961 1080 2133 1134 donec
2173 1080 2273 1148 ipsi
2328 1080 2632 1134 naturalem
2679 1090 2911 1134 mortem
2960 1078 3370 1133 sustinuissent.
3420 1075 3530 1130 Viri

1962 1180 2140 1226 autem
2176 1171 2361 1241 impii,
2385 1186 2506 1226 cum
2536 1186 2726 1226 eorum
2767 1180 2874 1224 tant
2920 1170 3259 1224 manifestam
3291 1171 3535 1237 accepis-

1966 1272 2088 1318 sent
2121 1262 2537 1332 experientiam.
2575 1262 2629 1332 (o
2658 1262 2989 1317 amentiam!
3033 1258 3531 1323 ocrudelitatem!)

1964 1369 2032 1408 ne
2061 1354 2138 1407 sic
2169 1353 2385 1422 quidem
2415 1361 2522 1423 poto
2542 1359 2667 1407 rant
2690 1339 2997 1421 quiescere,
3022 1350 3116 1405 sed
3148 1349 3310 1403 etiam
3338 1362 3532 1417 exspe-

1962 1445 2180 1501 ctabant
2209 1443 2344 1510 iure,
2380 1446 2535 1500 utsic
2573 1447 2872 1500 vincerent.

2033 1582 2273 1639 LXXIX.
2299 1581 2462 1640 Certe
2501 1583 2853 1652 Aphrodisius
2877 1598 3091 1651 quoque
3125 1596 3303 1636 nonus
3336 1581 3533 1635 luctum

1964 1682 2221 1737 adversus
2267 1682 2413 1750 ipsos
2452 1680 2700 1749 suscipit,
2747 1695 2944 1749 genere
2969 1678 3186 1749 quidem
3232 1676 3415 1743 Persa,
3442 1678 3536 1748 qui

279 1757 336 1810 δὲ
368 1758 512 1814 κατὰ
555 1760 898 1829 Χριστιανῶν
956 1762 1214 1826 πολλάκις
1263 1764 1630 1835 ἑπινενοηκὼς
1680 1783 1854 1828 τιμωι

1965 1774 2131 1829 multa
2160 1783 2554 1828 tormentorum
2589 1787 2787 1841 genera
2812 1787 2952 1841 sa-pe
2979 1773 3316 1840 excogitat-at
3344 1768 3537 1824 adver-

283 1851 430 1918 ρίας.
461 1850 633 1906 Τοῦτο
657 1851 715 1906 δὲ
743 1851 1011 1923 σύμϐολον
1039 1855 1266 1926 ἀκριϐὲς
1309 1857 1392 1911 ὅτι
1422 1858 1588 1920 πολὺς
1627 1854 1696 1929 ἦν
1728 1862 1855 1929 περὶ

280 1941 463 1996 αὐτῶν
493 1942 821 2014 Μαξιμιανῷ
853 1944 1030 2014 λόγος,
1059 1947 1152 2000 καὶ
1176 1947 1260 2000 ὅτι
1286 1948 1487 2017 γνῶσις
1516 1951 1692 2005 τοιάδε
1723 1968 1847 2003 κατ-

281 2034 501 2103 ειλήφει
566 2036 794 2099 πάντας.
821 2036 895 2100 ὡς
922 2039 950 2089 6
974 2038 1329 2106 μεταπείσειν
1359 2042 1556 2105 αὐτοὺς
1584 2042 1854 2113 amem,

279 2128 351 2180 τὰ
392 2129 626 2198 μέγιστα
653 2129 802 2203 αύτῷ
831 2134 1125 2203 χαριεῖται,
1160 2134 1252 2188 καὶ
1273 2135 1532 2206 πλείστην
1557 2138 1689 2207 ὅσην
1716 2138 1855 2208 ὑπὲρ

280 2220 439 2275 τοῦδε
477 2221 575 2292 την
605 2223 841 2295 ἀμοιϐὴν
890 2225 1144 2296 λήψεται.
1199 2222 1368 2291 Οὗτος
1397 2228 1490 2283 οὖν
1526 2231 1856 2302 παρατυχὼν

281 2309 615 2382 Μαξιμιανῷ
641 2312 803 2384 ηνίκα
838 2316 964 2386 περὶ
993 2316 1103 2369 τῶν
1128 2317 1297 2385 ἁγίων
1341 2317 1490 2387 αὐτῷ
1515 2320 1855 2391 ἀπηγγέλλεο

281 2419 366 2463 το,
412 2404 553 2456 αἰτεῖ
580 2403 677 2475 τὴν
715 2404 837 2459 κατ’
869 2406 1048 2460 αὐτῶν
1101 2406 1373 2473 ἐξουσίαν,
1432 2411 1482 2462 εἰ
1514 2410 1630 2475 καὶ,
1669 2410 1731 2463 τὸ
1764 2412 1856 2464 τοῦ

282 2492 468 2559 λόγου,
503 2492 795 2559 Σικυώνιος
823 2496 1088 2551 ὲπαπέδυ.
1128 2498 1372 2566 Αίτήσας
1420 2499 1477 2553 δὲ
1526 2500 1622 2554 καὶ⁵
1652 2499 1855 2565 λαϐὼν,

280 2582 473 2634 δεῖπνα
497 2586 638 2637 κατὰ
662 2586 761 2654 τὴν
780 2586 960 2639 οίκίαν
984 2586 1146 2651 εὐθὺς
1187 2588 1444 2658 φιλότιμα
1473 2591 1565 2644 καὶ
1592 2591 1855 2660 πολυτελῆ

284 2674 593 2742 παρετίθει,
618 2676 711 2729 καὶ
739 2678 938 2742 αὐτοὺς
971 2679 1157 2732 ἐκάλει
1189 2679 1324 2751 πρὸς
1354 2681 1450 2751 τὴν
1472 2681 1735 2749 ἑστίασιν,
1771 2684 1857 2737 ἵνα

282 2768 635 2836 κεκμηκότας
665 2770 827 2841 δῆθεν
874 2773 989 2835 τοῖς
1036 2773 1314 2837 ἐπιπόνοις
1361 2777 1427 2846 τῇ
1482 2779 1695 2848 παροχῇ
1748 2777 1856 2830 τῶν

282 2862 550 2931 ἑνηδόνων
572 2866 890 2937 χαρίσηται,
922 2868 1018 2921 καὶ
1059 2870 1157 2935 τὴν
1187 2868 1370 2922 αὐτῶν
1385 2867 1612 2938 γνώμην
1639 2870 1856 2940 ὁμαλῶς

282 2955 607 3028 ὑφαρπάσῃ.
643 2957 764 3011 Τῶν
786 2959 843 3012 δὲ
865 2961 964 3030 τὴν
1012 2960 1311 3032 σύντροφον
1337 2964 1429 3015 καὶ
1461 2962 1625 3033 φίλην
1657 2964 1857 3034 μᾶλλον

281 3046 685 3120 ἀσπαζομένων
736 3051 1087 3124 ἐγκράτειαν,
1143 3055 1238 3107 καὶ
1287 3056 1726 3127 προστιθέντων,
1782 3058 1859 3122 ῶς

1959 1882 2051 1920 sus
2092 1864 2453 1921 Christianos.
2499 1865 2628 1919 Erat
2675 1874 2853 1919 autem
2895 1865 2998 1919 hoc
3031 1865 3243 1934 signum
3279 1862 3530 1928 evidens,

1958 1958 2348 2012 lilaximianum
2385 1973 2570 2012 eorum
2619 1972 2870 2027 magnam
2916 1958 3114 2011 habere
3158 1958 3444 2016 rationem,
3481 1966 3536 2008 et

1960 2046 2065 2102 huc
2092 2046 2339 2101 sciebant
2377 2062 2586 2109 lilllltt's,
2618 2047 2762 2115 quod
2789 2047 2881 2115 qui
2901 2063 2994 2100 cus
3026 2045 3291 2115 potuisset
3315 2061 3533 2115 persua-

1959 2137 2087 2193 dete
2129 2138 2181 2192 ei
2225 2147 2370 2196 esset
2402 2154 2515 2192 rem
2554 2135 2798 2193 facturus
2836 2138 3197 2207 gratissimam
3223 2176 3237 2201 ,
3262 2145 3317 2190 ct
3349 2150 3445 2206 pro
3470 2153 3535 2190 eo

1961 2229 2251 2284 maximam
2308 2240 2628 2299 accepturus
2686 2229 3199 2283 remunerationem.
3255 2229 3357 2283 Hic
3405 2242 3534 2296 ergo

1959 2337 2081 2375 eum
2115 2320 2252 2377 forte
2294 2320 2486 2376 fuisset
2516 2322 2654 2391 apud
2696 2318 3080 2374 Maximianmn
3106 2358 3122 2382 ,
3154 2333 3261 2389 quo
3296 2324 3535 2388 tempore

1958 2412 2025 2467 de
2067 2413 2272 2475 sanctis
2299 2413 2349 2467 ei
2388 2411 2800 2467 renuntiabatur
2824 2450 2839 2475 ,
2878 2411 3008 2480 pu-tit
3044 2414 3095 2465 in
3136 2425 3232 2465 eos
3280 2410 3381 2464 sibi
3416 2409 3534 2463 dari

1959 2511 2313 2572 potestatem,
2347 2502 2596 2567 etiamsi,
2633 2511 2685 2554 ut
2737 2511 2821 2556 est
2864 2501 2917 2555 in
2964 2500 3281 2569 proverbio,
3327 2500 3534 2553 exuerit

1967 2593 2277 2664 SicyOuium
2311 2594 2410 2665 (5).
2442 2593 2577 2648 Cum
2610 2601 2790 2647 autem
2820 2593 3067 2662 petiiSset
3105 2603 3161 2646 et
3196 2592 3489 2660 accepisset
3517 2630 3532 2654 ,

1959 2685 2102 2741 domi
2126 2686 2310 2739 statim
2334 2685 2556 2754 apponit
2591 2683 2793 2738 lautam
2831 2693 2886 2738 et
2931 2683 3272 2752 magnilicam
3297 2696 3532 2745 (τωιιειιη,

1958 2783 2013 2831 et
2039 2789 2135 2833 eos
2178 2775 2372 2831 invitat
2406 2775 2472 2830 ad
2506 2773 2851 2836 convivium,
2899 2783 2957 2826 ut
2992 2772 3070 2825 eis
3110 2756 3320 2826 labores
3366 2771 3531 2826 susti-

1960 2867 2138 2923 neudo
2159 2866 2390 2923 defessis
2410 2907 2426 2934 ,
2456 2882 2546 2923 res
2569 2867 2837 2937 jucundas
2875 2863 3162 2934 praebendo
3193 2863 3528 2932 gratiﬁcare-

1960 2966 2069 3027 tur,
2094 2967 2147 3014 et
2165 2962 2350 3014 eorum
2375 2958 2440 3013 ad
2462 2972 2523 3013 se
2545 2956 2783 3011 animum
2808 2954 2998 3010 leuiter
3015 2953 3278 3009 alliceret.
3297 2950 3431 3007 Cum
3454 2949 3532 3019 (li)

1961 3066 2112 3117 vero,
2153 3065 2273 3120 quas
2317 3050 2396 3105 eis
2425 3048 2699 3106 coaluerat
2728 3055 2782 3103 et
2840 3059 2990 3116 grata
3030 3054 3182 3112 erat,
3216 3044 3387 3116 magis
3419 3059 3534 3098 ant-

295 3138 492 3211 Ἥμεῖς
511 3141 874 3215 τὸνούράνιον
908 3146 1160 3217 ἐσθίομεν
1178 3147 1365 3215 ἄρτον,
1396 3143 1458 3205 οὗ
1482 3152 1510 3204 6
1536 3152 1727 3220 φαγὼν
1757 3153 1856 3205 οὐκ

1965 3144 2329 3216 plecterentur
2351 3141 2735 3203 abstinentiam
2760 3179 2776 3206 ,
2800 3150 2855 3194 et
2876 3139 3173 3207 adiicerent
3203 3154 3218 3190 :
3266 3135 3372 3193 Nos
3399 3151 3534 3203 pane

283 3232 370 3284 ἔτι
394 3234 456 3285 06
494 3235 570 3304 μὴ
608 3237 860 3310 πεινάσῃ,
901 3237 1037 3293 ἀλλὰ
1075 3241 1232 3310 ζήσει
1257 3243 1336 3303 εἰς
1368 3242 1458 3296 τὸν
1500 3243 1709 3297 αἰῶνα·
1742 3246 1861 3299 ἑλεῖ

280 3327 396 3396 γάρ
426 3328 554 3397 ἡμῖν
573 3328 641 3382 τά
684 3328 874 3385 δεῖπνα
899 3332 1230 3402 ἡτοίμασται
1258 3351 1271 3364 ·
1307 3333 1465 3405 ὓϐριν
1523 3336 1858 3406 Ἀφροδίσιος

280 3419 347 3469 τὸ
373 3420 601 3490 πρᾶγμα
628 3420 876 3492 νομίσας,
913 3425 1005 3477 καὶ
1042 3425 1363 3497 σφοδρότητι
1395 3428 1710 3491 ἐπ”αύτοὺς
1774 3447 1860 3482 κι-

292 3510 505 3580 νηθεὶς,
533 3514 776 3577 ἐκείνους
810 3516 910 3586 μὲν
958 3518 1259 3587 τηνικαῦτα
1290 3523 1354 3590 τῇ
1407 3520 1621 3592 φυλακῇ
1643 3521 1858 3575 δίδωσιν

286 3603 496 3669 εἰπὼν,
522 3605 597 3670 ὡς
622 3607 765 3678 ’Δρα
783 3608 844 3662 τὸ
875 3608 1138 3679 ὑμέτερον
1181 3611 1395 3666 δεῖπνον
1419 3614 1679 3685 ὀδυνηρὸς
1703 3615 1857 3668 ἐσται

282 3696 540 3762 θάνατος,
585 3698 725 3770 ὅπερ
753 3697 867 3768 ἐγὼ
894 3700 993 3773 τὴν
1023 3700 1213 3773 αὔριον
1263 3704 1559 3775 φιλοτίμως
1586 3706 1714 3775 ύμῖν
1748 3724 1854 3759 πα-

283 3789 532 3859 ραθήσω.

357 3929 439 3982 Π’.
505 3928 609 3983 Δύο
653 3930 711 3985 δὲ
771 3929 950 3989 λίθους
1005 3933 1113 3987 ἀπὸ
1168 3935 1410 4005 μυλῶνος
1465 3939 1751 4010 ἐνεχθῆναι
1790 3944 1856 4013 τῇ

283 4022 550 4094 ὑστεραίᾳ
578 4022 810 4087 κελεύει,
839 4025 1098 4096 ἑκάτερον
1138 4025 1195 4081 δὲ
1244 4029 1423 4083 αὐτῶν
1478 4032 1739 4104 ἑκατέρου
1784 4034 1860 4105 τῷ

282 4113 546 4184 τραχήλῳ
608 4115 975 4185 περιδεθὴναι,
1041 4118 1135 4169 καὶ
1194 4117 1367 4183 οὕτως
1426 4121 1622 4183 αὐτοὺς
1690 4122 1856 4188 λίθοις

286 4207 556 4259 πάντοθεν
610 4205 972 4277 βαλλομένους
1036 4207 1124 4261 διὰ
1158 4210 1328 4280 μέσης
1383 4215 1482 4282 τῆς
1515 4214 1724 4278 πόλεως
1775 4216 1861 4268 ἓλ-

285 4293 501 4362 κεσθαι,
540 4296 697 4351 τοῦτο
720 4298 903 4362 αὐτοῖς
936 4298 1048 4353 τῶν
1078 4300 1345 4355 ἑλκόντων
1394 4304 1811 4374 ἐπιφωνούντων
1842 4325 1857 4340 ·

284 4389 412 4454 Τοῖς
442 4390 587 4454 θεοῖς
627 4391 864 4456 καὶτοῖς
914 4392 1311 4465 αὐτοκράτορσι
1368 4396 1620 4450 πείθεσθε
1650 4413 1663 4427 ⁸
1712 4400 1859 4464 ὅστις

1962 3235 2171 3293 caelesti
2193 3235 2482 3297 vescimur,
2509 3247 2668 3303 quem
2702 3233 2792 3303 qui
2821 3231 3140 3293 comederit,
3172 3244 3281 3283 non
3305 3228 3535 3296 amplius

1960 3326 2185 3389 esuriet,
2228 3324 2321 3380 sed
2352 3325 2496 3379 vivet
2523 3325 2574 3377 itt
2612 3331 2893 3386 aeternum,
2944 3322 3052 3375 illic
3087 3320 3229 3375 enim
3278 3319 3537 3374 estltouis

1962 3434 2115 3475 cmna
2148 3428 2330 3489 parata
2350 3457 2365 3483 ,
2392 3416 2777 3474 contumeliam
2804 3430 2925 3470 esse
2961 3424 3111 3469 ratus
3137 3411 3497 3484 Aphrodisius
3517 3451 3532 3476 ,

1959 3522 2013 3566 et
2037 3512 2088 3567 in
2106 3528 2203 3568 eos
2227 3520 2532 3567 commotus
2556 3507 2953 3571 vehementius,
2980 3506 3100 3561 illos
3122 3505 3342 3576 quidem
3373 3505 3537 3560 tradit

1960 3601 2013 3657 in
2044 3603 2382 3666 custodiam,
2422 3600 2610 3655 dicens
2637 3617 2651 3656 :
2688 3596 2878 3654 Vestra
2909 3612 3037 3668 ergo
3064 3610 3219 3652 ctena
3257 3596 3362 3651 erit
3388 3610 3537 3649 mors

1960 3708 2083 3747 cum
2125 3694 2350 3758 dolore,
2392 3705 2555 3762 quam
2612 3691 2828 3759 quidem
2867 3703 2968 3759 ego
3019 3702 3141 3743 cras
3180 3686 3331 3742 vobis
3367 3700 3534 3756 appos

1958 3800 2086 3842 nam
2125 3786 2430 3860 magniﬁce.

2031 3925 2247 3983 LXXX.
2298 3923 2458 3988 Jnhet
2483 3932 2660 3979 autem
2692 3920 2949 3992 postridie
2971 3918 3149 3974 an‘erri
3171 3921 3305 3974 duos
3332 3918 3535 3989 lapides

1962 4018 2230 4076 molares:
2287 4025 2577 4084 tttrumque
2633 4028 2764 4068 vero
2822 4025 3006 4067 eorum
3065 4010 3201 4065 collo
3259 4011 3538 4079 utriusque

1960 4112 2205 4187 alligari,
2246 4119 2302 4166 et
2346 4110 2423 4165 sic
2470 4123 2567 4166 eos
2612 4108 2880 4180 lapidibus
2944 4106 3180 4174 undique
3232 4103 3535 4172 appetitus,

1964 4206 2101 4261 trahi
2133 4220 2229 4276 per
2260 4204 2489 4258 mediam
2524 4201 2819 4267 civitatem,
2854 4200 2940 4265 iis,
2972 4199 3060 4268 qui
3094 4197 3401 4258 trahebant,
3439 4197 3539 4249 hoc

1960 4300 2041 4353 eis
2077 4295 2501 4353 acclamantibus
2551 4311 2568 4349 :
2609 4293 2723 4348 Diis
2766 4305 2951 4362 parete
2993 4300 3048 4344 et
3086 4287 3535 4358 imperatoribus;

1961 4389 2053 4459 qui
2101 4388 2306 4457 aliquid
2337 4385 2587 4440 decernit
2626 4392 2822 4455 prseter
2862 4390 3102 4438 nostram
3142 4379 3369 4449 patriam
3409 4377 3536 4431 reli-

285 4481 345 4534 δδ
396 4480 551 4550 παρὰ
598 4481 699 4551 τὴν
730 4482 956 4552 πάτριον
999 4484 1155 4552 ἡμῶν
1214 4485 1511 4555 Θρησκείαν
1554 4489 1856 4557 νομοθετεῖ,

1965 4481 2214 4552 gionem,
2263 4477 2322 4533 lit
2369 4476 2637 4531 obnoxius
2689 4475 2886 4530 talibus
2926 4471 3222 4542 suppliciis.
3275 4468 3382 4524 Sed
3439 4470 3538 4522 hoc

294 4574 581 4642 τιμωρίαις
628 4571 905 4636 τοιαύταις
935 4573 1187 4633 ύπόδικνς
1235 4574 1464 4641 γίνεται.
1507 4577 1668 4630 Ἀλλὰ
1702 4577 1860 4632 τοῦτο

290 4665 393 4734 μὲν
445 4665 567 4717 ἐλον
626 4664 964 4735 Ἀφροδίσιος
1020 4665 1214 4726 ἐποίει,
1275 4665 1421 4726 ὅπως
1471 4668 1505 4741 ἢ
1555 4671 1859 4743 κατενέγκῃ

285 4757 467 4809 αὐτῶν
529 4757 589 4808 τὸ
657 4758 909 4826 φρόνημα
968 4758 1061 4809 καὶ
1121 4759 1404 4811 ὑπανείναι
1463 4764 1858 4833 παρασκευάσῃ

285 4847 388 4914 τὴν
427 4844 620 4914 ἄτιμον
648 4845 1003 4916 περιαγωγὴν
1028 4846 1232 4915 ταύτην
1278 4846 1379 4900 οὐκ
1431 4849 1772 4917 ἐνεγκόντας,
1825 4853 1858 4922 ἧ

287 4939 385 5007 τὴν
417 4937 571 4990 πόλιν
608 4936 728 4990 κατ’
762 4937 941 4990 αὐτῶν
993 4936 1232 5009 ἐρεθίλῃ,
1285 4939 1379 4991 καὶ
1425 4944 1577 5012 κοινῇ
1630 4944 1859 5014 συνδρα⁴

289 5029 485 5098 μόντες
532 5030 736 5091 πάντες
786 5029 983 5091 αὐτοὺς
1009 5029 1269 5081 ἀνέλοιεν.
1324 5030 1462 5083 Ἀλλ’
1515 5033 1544 5084 6
1588 5034 1860 5088 ἀνακαλύ-

289 5137 440 5174 πτων
465 5118 654 5189 βαθεῖα
674 5119 767 5172 καὶ
792 5120 1084 5190 ἀπόκρυφοι
1118 5119 1258 5172 κατὰ
1281 5119 1382 5188 τῆς
1419 5120 1626 5175 ἐκείνου
1657 5123 1857 5194 μᾶλλον

287 5213 528 5282 κεφαλῆς
564 5211 625 5265 τὸ
662 5211 903 5281 σόφισμα
940 5210 1318 5281 περιέτρεψεν,
1363 5212 1431 5265 Oi
1469 5229 1528 5265 τε
1582 5216 1688 5285 γὰρ
1720 5216 1858 5285 μάρ.

286 5319 448 5371 τυρες
472 5301 858 5372 σεμνυνόμενοι
900 5300 1118 5370 μᾶλλον,
1150 5301 1248 5351 οὐκ
1278 5302 1653 5372 αἰσχυνόμενοι
1701 5322 1828 5376 περι
1854 5340 1858 5343 -

286 5397 504 5466 ήγιντο,
547 5393 582 5463 ἦ
619 5409 677 5445 τε
719 5392 871 5455 πόλις
925 5392 1017 5444 ἐπὶ
1069 5388 1168 5460 την
1224 5391 1351 5441 θέαν
1409 5393 1716 5461 συρρέουσα
1766 5398 1861 5448 καὶ

362 5600 442 5670 (3)
475 5601 697 5664 Similis,
732 5619 759 5654 a
797 5602 1031 5672 Sicyone
1065 5610 1211 5657 certe
1245 5602 1405 5657 ducta
1437 5615 1685 5672 utraque,
1716 5605 1855 5669 apud

291 5670 536 5726 Scuttum
575 5681 817 5725 nostrum
855 5670 1095 5726 centuria
1128 5672 1213 5735 l9,
1256 5674 1443 5740 adagio
1470 5674 1558 5734 7|,
1582 5670 1649 5726 ex
1694 5674 1854 5725 Suida

298 5740 559 5810 parcentia
590 5758 603 5794 :
634 5760 651 5792 ι
685 5740 966 5812 Sicyonius
988 5743 1041 5796 in
1083 5757 1300 5797 arenam
1329 5742 1620 5797 descendit.
1658 5760 1674 5791 ι
1717 5742 1856 5795 Neu-

1965 4571 2182 4642 quidem
2217 4578 2388 4622 totum
2420 4567 2651 4621 faciebat
2677 4564 3057 4632 Aphrodisias,
3091 4573 3149 4617 ut
3186 4563 3265 4617 vel
3295 4560 3537 4630 ingentes

1965 4663 2237 4733 lrangeret
2267 4673 2456 4716 eorum
2496 4656 2751 4728 spiritus,
2786 4668 2840 4712 et
2882 4655 3120 4711 ediceret
3149 4664 3207 4709 ut
3246 4654 3535 4717 cederent,

1963 4767 2025 4809 se
2073 4760 2182 4805 tam
2232 4750 2464 4819 turpiter
2507 4748 2715 4804 traduci
2747 4762 2851 4802 non
2908 4746 3178 4810 ferentes;
3222 4744 3309 4799 vel
3358 4744 3410 4797 in
3445 4758 3540 4796 eos

1964 4843 2217 4898 incitaret
2262 4840 2572 4903 civitatem,
2633 4848 2689 4893 et
2739 4822 3102 4893 communiter
3148 4840 3541 4889 concurrentes

1965 4950 2156 4992 omnes
2198 4933 2347 5002 ipsos
2398 4930 2793 4986 interimerent.
2824 4927 2932 4983 Sed
2977 4927 3065 4997 qui
3103 4941 3221 4991 qure
3255 4934 3380 4979 sunt
3416 4940 3541 4993 pro-

1969 5025 2131 5081 fuuda
2164 5035 2219 5079 et
2268 5021 2475 5077 occulta
2506 5023 2715 5091 aperit.
2751 5019 2804 5073 id
2832 5019 3045 5083 evertit,
3086 5018 3226 5086 quod
3269 5014 3316 5070 is
3349 5015 3539 5070 callide

1967 5119 2315 5189 cogitaverat.
2364 5114 2499 5169 Nam
2554 5122 2611 5168 et
2678 5121 2944 5183 martyres
3009 5110 3304 5179 gloriantes
3364 5109 3540 5176 potius

1966 5224 2126 5279 quam
2160 5208 2363 5279 pudore
2394 5204 2594 5269 allecti,
2635 5204 3202 5267 circutnducebantur,
3241 5200 3540 5268 civitasque

1966 5301 2244 5358 continens
2273 5300 2339 5353 ad
2381 5295 2787 5365 spectaculum,
2826 5305 2880 5348 et
2907 5293 3094 5348 videns
3125 5305 3287 5363 quam
3332 5290 3539 5344 alacres

1971 5400 2028 5449 et
2068 5391 2175 5447 keti
2209 5398 2430 5461 propter
2456 5386 2731 5444 Christum
2767 5387 3013 5452 obirent,
3043 5397 3095 5441 et
3123 5394 3437 5456 quampost
3466 5392 3542 5440 tot

1969 5602 2103 5655 trius
2138 5616 2292 5655 usum
2328 5599 2558 5654 afferunt
2589 5596 3062 5669 para‘miographi.

2038 5672 2115 5742 (6)
2134 5671 2273 5726 Haec
2300 5672 2352 5725 in
2383 5670 2570 5726 Cra-co
2590 5664 2842 5738 pluribus
2871 5664 3187 5720 eﬂeruntur.
