3832 6484
249 330 256 334 ’
290 330 398 395 883

1523 337 1805 400 MENSIS
1850 338 2301 402 JANUARIUS.

3442 334 3554 399 884

287 455 343 500 et
378 452 521 497 tanta
554 445 814 516 supplicia
856 447 1027 502 valida
1067 455 1245 505 essent
1285 448 1368 502 eis
1407 463 1656 518 corpora,
1691 453 1864 504 maxi-

1987 452 2149 521 .ρῶσα
2175 453 2322 516 ὅπως
2367 450 2466 521 μὲν
2516 449 2743 520 εὔθυμοι
2787 448 2875 504 διὰ
2931 446 3165 520 Χριστὸν
3193 447 3290 500 καὶ
3335 444 3558 517 φαιδροὶ

289 551 405 590 mas
427 536 544 590 illas
579 537 760 608 plagas
802 539 911 594 cito
937 539 1290 608 repellentis;
1325 555 1418 596 eos
1452 543 1614 595 veluti
1643 543 1860 610 impati-

287 630 420 685 bih-s
446 631 823 686 existimantes
850 642 902 685 et
935 631 1294 697 immortales,
1328 633 1402 687 illi
1431 648 1644 702 quoque
1673 649 1860 687 verum

286 720 452 773 Deum
481 720 901 788 confitebantur,
929 729 981 776 et
1005 721 1109 776 lacti
1137 723 1468 778 accedebant
1493 726 1558 776 ad
1581 725 1860 792 pietatem.

285 811 418 866 Cum
471 813 549 868 sic
581 829 711 885 ergo
757 813 913 884 longe
962 813 1158 870 fuisset
1203 815 1430 869 inferior
1462 816 1861 884 Apltrodisius,

287 903 401 956 haec
454 903 785 960 Maximiano
835 921 1049 975 quoque
1093 907 1493 976 significantur.
1543 907 1634 961 Ille
1683 917 1862 960 autem

284 1010 404 1046 cum
435 996 605 1063 'spem
662 1013 880 1051 omnem
935 997 1220 1063 abiecisset
1260 998 1576 1052 mutationis
1605 1038 1620 1062 ,
1680 1007 1864 1067 utpote

285 1085 428 1151 quod
473 1084 586 1138 fieri
639 1102 747 1141 non
781 1098 982 1157 posset,
1028 1098 1141 1142 uta
1173 1104 1270 1143 sua
1303 1089 1570 1144 sententia
1613 1089 1863 1142 traduce-

288 1184 474 1230 rentur
524 1187 828 1248 martyres,
891 1181 1126 1234 maxime
1190 1194 1313 1234 cum
1348 1193 1415 1233 ex
1462 1193 1530 1233 eo
1571 1179 1752 1249 plures
1794 1178 1862 1233 ad

287 1281 472 1321 corum
537 1269 884 1325 traherentur
933 1271 1221 1342 pietatem,
1283 1273 1349 1326 ad
1398 1282 1715 1343 perpetuum
1771 1288 1866 1328 eos

289 1361 612 1414 condemnat
674 1377 986 1430 carcerem,
1055 1375 1110 1419 ut
1161 1380 1282 1419 cum
1337 1365 1616 1429 custodia,
1669 1380 1700 1419 a
1754 1379 1864 1435 qua

289 1451 436 1504 uuilo
473 1465 712 1522 tempore
733 1457 1140 1524 egreditliceret,
1159 1457 1558 1520 extabuissent,
1585 1457 1664 1512 sic
1688 1473 1719 1512 e
1754 1457 1862 1512 vita

287 1543 648 1608 excederent,
708 1546 816 1602 Deo
878 1547 983 1604 hoc
1034 1549 1113 1603 eis
1159 1549 1515 1620 providente,
1571 1556 1630 1603 ut
1688 1551 1863 1605 oratio

287 1619 580 1688 Cleuientis
611 1650 730 1690 eum
755 1675 770 1700 ,
819 1653 978 1706 quem
1021 1639 1134 1709 ipse
1162 1619 1418 1710 precatus
1457 1639 1669 1706 fuerat,
1703 1640 1862 1696 finem

288 1725 592 1794 acciperet,
632 1739 686 1784 et
718 1742 904 1786 essent
945 1731 1024 1788 eis
1059 1731 1296 1804 majores
1336 1732 1576 1804 martyrii
1615 1747 1866 1788 remune-

289 1817 546 1873 rationes.

1969 541 2286 612 περιῄεσαν,
2323 543 2474 606 ὅπως
2510 542 2567 596 δὲ
2618 542 2804 605 αὐτοῖς
2855 541 2950 594 ἐπὶ
2996 539 3284 601 τοσαύταις
3320 540 3430 609 ἀρα
3463 541 3560 591 καὶ

1965 637 2323 706 τηλικαύταις
2353 636 2608 690 κολάσεσι
2640 637 2710 690 τά
2756 639 2986 706 σώματα
3030 635 3263 706 ἔρρωτο,
3292 635 3430 702 ταχὺ
3457 635 3560 696 τὰς

1965 729 2300 799 ἀνηκέστους
2330 729 2544 800 πληγὰς
2581 729 2796 790 ὲκείνας
2828 727 3194 787 ἀποϐαλόντα,
3237 727 3332 778 καὶ
3365 723 3560 794 ῶσπερ

1967 821 2202 884 ἀπαθεῖς
2232 823 2430 886 αὐτοὺς
2483 824 2576 875 καὶ
2637 821 2936 884 ἀθανάτους
2979 816 3118 872 εἶναι
3153 819 3421 888 οἰόμενοι,
3467 819 3561 871 τὸν

1968 910 2143 981 ἀληθῆ
2195 913 2444 966 κάκεῖνοι
2479 911 2614 965 Θεὸν
2665 912 3002 982 ὡμολόγουν,
3037 910 3132 962 καὶ
3183 912 3250 978 τῇ
3305 909 3564 980 εὐσεϐείᾳ

1967 1002 2252 1072 χαίροντες
2281 1003 2688 1072 προσετίθεντο.
2718 1003 2906 1066 Οὕτως
2939 1000 3032 1054 οὖν
3065 1002 3160 1053 καὶ
3208 999 3560 1070 Ἀφροδισίου

1971 1095 2111 1163 μετὰ
2174 1093 2379 1164 πολλῆς
2438 1094 2762 1165 ἡττηθέντος
2816 1093 3171 1163 περιουσίας.
3224 1090 3563 1160 Μαξιμιανῷ

1968 1186 2064 1238 καὶ
2114 1183 2288 1238 ταῦτα
2339 1184 2416 1256 τῷ
2459 1185 2672 1257 βασιλεῖ
2705 1186 2840 1256 δῆλα
2873 1187 3104 1254 γίνεται.
3161 1185 3220 1238 Ὀ
3263 1185 3320 1237 δὲ
3372 1185 3564 1236 πᾶσαν

1967 1275 2160 1328 ὲλπίδα
2196 1277 2506 1348 μεταϐολῆς
2563 1277 2860 1345 ἀπογνοὺς,
2908 1277 2984 1340 ὡς
3041 1276 3305 1331 ἀδύνατον
3355 1274 3416 1327 ὃν
3479 1275 3563 1326 ἔτι

1971 1368 2408 1438 μεταπεισθῆναι
2463 1371 2591 1434 τοὺς
2631 1370 2940 1440 μάρτυρας,
2995 1368 3171 1432 άλλως
3219 1385 3279 1420 τε
3321 1367 3417 1420 καὶ
3477 1367 3564 1418 ὅτι

1968 1459 2190 1526 πλείους
2240 1463 2441 1529 μᾶλλον
2482 1463 2735 1516 ἐντεῦθεν
2777 1462 3122 1515 ἐπισπῶνται
3152 1459 3290 1529 πρὸς
3333 1459 3435 1530 τὴν
3471 1459 3565 1511 εὑ-

1970 1553 2205 1620 σέσειαν,
2225 1553 2468 1624 διηνεκὲς
2490 1555 2673 1618 αὐτοῖς
2696 1553 3134 1624 καταψηφίζεται
3153 1551 3560 1621 δεσμωτήριον,

1967 1648 2044 1708 ὡς
2085 1646 2152 1701 ἂν
2199 1647 2292 1702 τὸν
2336 1648 2555 1702 ἅπαντα
2585 1647 2776 1718 χρόνον
2823 1650 2891 1718 τῇ
2942 1647 3176 1718 ἀνεξόδῳ
3205 1645 3420 1716 φυλακῇ
3456 1662 3563 1696 κα-

1971 1739 2435 1810 ταμαρανθέντες,
2490 1739 2633 1793 οὕτω
2665 1741 2764 1812 τὴν
2813 1739 2958 1810 ζωὴν
2999 1737 3379 1808 ἀπορρήξωσι,
3421 1735 3564 1789 Θεοῦ

1891 1817 1940 1877 Β
1970 1829 2065 1883 καὶ
2106 1830 2284 1885 ταῦτα
2343 1831 2478 1904 περὶ
2523 1831 2720 1895 αὐτοὺς
2768 1830 3244 1900 οίκονομουμένου,
3294 1828 3363 1881 ἶν’
3402 1829 3438 1898 ἦ
3503 1842 3566 1879 τε

285 1909 381 1963 τοῦ
404 1911 721 1984 Κλήμεντος
745 1915 949 1988 δέησις,
979 1918 1164 1974 ὁποῖον
1186 1919 1396 1985 ἐκεῖνος
1423 1918 1626 1992 ηὔξατο
1653 1919 1868 1992 δέξηται
1905 1923 2000 1978 καὶ
2066 1925 2265 1997 πέρας,
2312 1924 2409 1980 καὶ
2451 1924 2697 1997 μείζονες
2764 1925 2945 1990 αὐτοῖς
2992 1925 3050 1979 αἱ
3106 1923 3201 1977 τοῦ
3257 1919 3566 1993 μαρτυρίου

285 2006 511 2077 ἀμοιόαὶ
549 2008 837 2079 γένωνται.

1774 2280 1998 2336 CAPUT
2045 2281 2180 2336 XIV.

1424 2489 1481 2546 S.
1523 2491 1870 2562 Agathangeli
1911 2494 2218 2564 martyrium
2260 2493 2504 2563 Ancyrw.

360 2694 600 2750 LXXXI.
617 2694 750 2750 Cum
778 2695 934 2767 longo
957 2709 1086 2767 ergo
1107 2704 1346 2767 tempore
1363 2698 1442 2753 sic
1464 2699 1660 2753 morati
1677 2706 1863 2752 essent

289 2788 344 2844 in
374 2789 619 2843 custodia
640 2826 656 2852 ,
692 2779 844 2844 multi
871 2789 960 2843 alii
986 2805 1052 2844 ex
1090 2789 1215 2859 piis,
1239 2792 1332 2859 qui
1365 2791 1687 2862 martyrium
1740 2801 1866 2862 post

287 2895 380 2937 eos
399 2882 806 2946 inchoaveram,
847 2893 1174 2951 acceperunt
1199 2892 1325 2938 ante
1355 2883 1500 2953 ipsos
1519 2875 1866 2939 consumma—

289 2973 513 3028 tionem.
549 2972 650 3040 Qui
695 2983 874 3029 autem
905 2973 1200 3029 Clementis
1229 2983 1284 3029 et
1323 2975 1692 3044 Agatltangeli,
1731 2990 1868 3044 prte-

289 3065 560 3120 clarorum
613 3064 938 3119 athletarum
970 3064 1214 3136 pietatis,
1256 3075 1415 3120 erant
1456 3082 1485 3120 a
1542 3067 1867 3120 Maximiano

2041 2699 2170 2752 ﬂA'.
2207 2697 2382 2751 Πολὺν
2413 2696 2598 2751 τοίνυν
2623 2695 2768 2748 οὕτω
2787 2698 2856 2766 τῇ
2889 2694 3102 2766 φυλακῇ
3133 2695 3326 2766 χρόνον
3355 2695 3571 2768 διατρι-

1968 2791 2212 2862 ψάντων,
2244 2789 2431 2843 πολλοὶ
2467 2789 2564 2843 καὶ
2608 2787 2761 2844 ἄλλοι
2801 2787 2910 2840 τῶν
2937 2786 3178 2840 εὐσεϐῶν
3211 2787 3441 2860 ὕστερον
3469 2786 3569 2842 τοῦ

1976 2882 2279 2954 μαρτυρίου
2313 2881 2636 2954 ἀρξάμενοι,
2672 2881 2780 2951 πρὸ
2828 2879 3010 2933 αὐτῶν
3053 2879 3305 2944 ἐδέξαντο
3348 2880 3448 2951 τὴν
3477 2897 3573 2934 τε-

1973 2976 2209 3028 λείωσιν.
2235 2973 2298 3027 Οί
2349 2974 2534 3042 μέντοι
2570 2971 2852 3041 Κλήμεντι
2897 2971 2992 3024 καὶ
3031 2969 3422 3042 Ἀγαθαγγὲλῳ
3451 2973 3571 3035 τοῖς

1973 3066 2243 3134 γενναίοις
2281 3066 2383 3136 τῆς
2433 3063 2719 3123 εὐσεϐείας
2769 3064 3098 3131 ἀγωνισταῖς
3121 3064 3430 3133 ἐφεστῶτες
3459 3063 3571 3116 ὑπὸ

292 3157 532 3211 carceris
573 3156 853 3212 constituti
907 3157 1182 3223 custodes,
1227 3157 1427 3213 defessi
1477 3159 1732 3214 diuturna
1777 3159 1866 3214 illa

1987 3158 2319 3230 ηαξιμιανοῦ
2352 3157 2784 3229 δεσμοφύλακες,
2842 3158 2909 3226 τῇ
2971 3155 3138 3225 πολλῇ
3193 3154 3379 3226 ἐκείνῃ
3435 3155 3570 3225 περὶ

291 3248 531 3301 carceris
581 3247 819 3302 custodia
844 3291 859 3316 ,
905 3249 992 3302 vix
1030 3249 1244 3304 tandem
1281 3253 1545 3305 accedunt
1583 3253 1645 3305 ad
1686 3249 1867 3306 Maxi-

1987 3253 2096 3314 εοὺς
2165 3253 2451 3322 μάρτυρας
2510 3248 2838 3312 ὸκλάσαντες
2876 3247 3225 3320 προσεδρείᾳ,
3299 3248 3398 3316 ὀψὲ
3465 3247 3569 3301 καὶ

296 3342 504 3398 tninum
550 3343 628 3412 (7)
649 3381 665 3406 ,
705 3344 798 3412 qui
829 3352 957 3400 tunc
992 3355 1305 3414 susceperat
1337 3345 1620 3415 imperium
1643 3388 1658 3414 ,
1694 3355 1749 3401 et
1780 3360 1867 3400 ro-

1987 3343 2216 3413 Bpab‘ém;
2257 3341 2514 3414 προσίασι
2568 3339 2922 3410 Μαξιμιανῷ,
2974 3338 3280 3410 τηνικαῦτα
3318 3340 3420 3409 τῆς
3467 3340 3571 3410 βα-

295 3444 426 3504 gant
457 3435 650 3506 ecquid
683 3435 870 3503 iubeat
898 3435 964 3491 de
991 3436 1079 3503 iis,
1113 3451 1248 3505 quos
1278 3437 1458 3492 multis
1497 3440 1656 3494 anuis
1691 3449 1873 3493 tenent

292 3528 524 3594 vinctos,
555 3527 647 3598 qui
683 3527 1008 3583 Christianae
1049 3538 1178 3582 sunt
1205 3528 1480 3599 religionis
1505 3572 1520 3597 ,
1549 3530 1642 3599 qui
1681 3529 1873 3584 dillici-

295 3621 420 3675 liter
473 3621 800 3688 moriuntur,
847 3620 932 3675 vel
984 3629 1111 3676 sunt
1158 3622 1338 3691 potius
1385 3621 1736 3680 immortales.
1781 3622 1873 3678 Sic

293 3712 437 3768 enim
489 3711 841 3768 nominabant
903 3712 1134 3779 beatos,
1188 3723 1474 3783 pr0pterea
1537 3718 1681 3783 quod
1735 3715 1872 3769 mala

293 3804 702 3867 sustinuissent,
736 3818 857 3873 quae
881 3803 1024 3859 ferre
1050 3819 1154 3859 non
1185 3815 1363 3874 potest
1392 3805 1622 3859 humana
1653 3817 1870 3860 natura.

290 3895 618 3951 Maximinus
648 3905 828 3950 autem
866 3878 1166 3963 cumprius
1197 3912 1323 3951 suos
1353 3897 1480 3951 deos
1513 3896 1874 3958 multis'giuse-

292 3997 470 4043 elatus
504 3987 693 4043 fuisset
735 3987 1060 4056 maledictis,
1093 3988 1234 4059 quod
1268 4003 1374 4042 non
1401 3989 1704 4057 potuissent
1733 4003 1872 4058 prte-

293 4095 501 4139 sentem
527 4082 632 4137 illis
667 4083 834 4137 vitam
859 4082 1122 4146 adimere,
1160 4083 1351 4138 deinde
1393 4083 1559 4137 etiam
1590 4083 1874 4152 quaesivis-

292 4185 375 4230 set
427 4176 493 4230 de
546 4175 802 4241 civitate,
857 4175 913 4230 in
971 4190 1078 4247 qua
1119 4175 1228 4229 nati
1283 4182 1338 4230 et
1381 4189 1444 4229 ex
1499 4190 1604 4244 qua
1645 4175 1871 4245 profecti

294 4269 544 4336 fuerant,
589 4277 642 4325 et
691 4268 972 4339 cuiusnam
1023 4277 1202 4324 essent
1234 4269 1490 4339 generis,
1532 4284 1652 4324 cum
1686 4284 1782 4326 eos
1822 4280 1875 4324 et

298 4361 524 4418 Galatas
562 4376 686 4418 esse
714 4361 1089 4430 intellexisset,
1120 4371 1176 4418 et
1205 4377 1271 4418 ex
1302 4362 1522 4420 civitate
1553 4362 1872 4435 Ancyrana,

1973 3433 2177 3496 σιλείας
2226 3432 2637 3504 ὲπειλημμένῳ,
2666 3433 2783 3497 καὶ,
2816 3430 2882 3485 Τί
2917 3434 3045 3502 περὶ
3088 3425 3164 3485 ῶν
3188 3431 3281 3485 ἐπὶ⁸
3345 3431 3569 3494 πολλοῖς

1971 3528 2072 3597 ἤδη
2097 3529 2312 3596 χρόνοις
2342 3525 2540 3596 ἔχομεν
2575 3524 2892 3593 δεσμωτῶν,
2919 3524 3018 3594 τῆς
3060 3524 3170 3578 τῶν
3216 3525 3566 3594 Χριστιανῶν

1971 3618 2143 3672 ὄντων
2175 3617 2498 3690 θρησκείας,
2527 3616 2877 3671 δυσθανάτων
2925 3617 3141 3688 ἀληθῶς
3184 3617 3217 3689 ἢ
3276 3617 3569 3670 ἀθανάτων

1972 3713 2318 3776 ὲπιτάττεις;
2346 3709 2598 3782 ήρώτων.
2624 3709 2780 3762 Οὖτω
2801 3709 2908 3780 γάρ
2931 3709 3058 3774 τοὺς
3091 3710 3393 3780 μακαρίους
3421 3709 3564 3762 ὠνό-

1975 3803 2148 3871 μαζον
2193 3803 2282 3856 διά
2325 3805 2385 3856 τὸ
2429 3802 2606 3872 μείζω
2631 3801 2850 3872 φύσεως
2877 3801 3227 3872 ἀνθρωπίνης
3273 3803 3570 3870 ὑπομεῖναι

1972 3895 2041 3946 τὰ
2073 3893 2305 3963 χαλεπά.
2325 3893 2674 3963 Μαξιμιανὸς
2699 3892 2792 3947 οὖν
2820 3892 2989 3946 πολλά
3010 3893 3135 3956 τοὺς
3170 3891 3366 3946 ἑαυτοῦ
3404 3891 3567 3955 θεοὺς

1973 3985 2241 4055 πρότερον
2271 3985 2697 4055 βλασφημήσας,
2728 3987 2809 4038 ὅτι
2843 3985 2918 4054 μὴ
2959 3985 3060 4054 τῆς
3103 3984 3568 4056 παρούσης’ζωῆς

1976 4079 2349 4146 ὑπεξαγαγεῖν
2373 4077 2618 4142 ἐκείνους
2645 4077 2932 4148 ἠδύναντο,
2954 4073 3076 4130 εἶτα
3124 4077 3218 4132 καὶ
3257 4076 3358 4147 τὴν
3408 4077 3570 4130 πόλιν

1976 4171 2034 4222 ὲν
2135 4187 2195 4222 τε
2220 4171 2480 4238 γεγόνασι
2526 4170 2623 4224 καὶ
2655 4169 2778 4224 ὅθεν
2808 4168 3121 4240 ῶρμηνται,
3169 4170 3262 4223 καὶ
3307 4169 3370 4222 τὸ
3409 4169 3573 4236 γένος

1975 4262 2149 4315 ὁποῖοί
2193 4262 2338 4324 τινές
2372 4263 2511 4316 εἰσιν
2537 4260 2867 4331 ἐκζητήσας,
2903 4263 3028 4314 ἐπεὶ
3076 4261 3324 4324 Γαλάτας
3365 4262 3572 4326 αὐτοὺς

1977 4349 2118 4406 εἶναι
2171 4352 2333 4423 μάθοι
2366 4352 2462 4405 καὶ
2508 4355 2607 4422 τῆς
2655 4353 3010 4422 Ἀγκυρανῶν
3045 4352 3293 4416 πόλεως,
3346 4354 3572 4422 Λουκίῳ

271 4453 362 4508 ἰιιί
395 4453 620 4510 Lucium
662 4470 757 4511 eos
808 4456 974 4512 mittit
1007 4455 1288 4528 pragsidem
1337 4473 1349 4509 :
1393 4455 1439 4511 is
1467 4456 1610 4510 enim
1646 4464 1774 4510 tunc
1822 4456 1867 4510 ei

1987 4441 2175 4506 αὐτοὺς
2215 4441 2599 4504 ἐξαποστέλλει
2633 4441 2712 4511 τῷ
2745 4445 2972 4512 ἡγεμόνι
3001 4459 3014 4474 ·
3061 4438 3217 4508 οὗτος
3257 4445 3366 4513 γὰρ
3410 4460 3572 4512 τηνι-

295 4555 546 4616 praeerat.
592 4545 668 4601 Ita
712 4547 1057 4614 cognoscitur
1099 4547 1363 4602 Dominus
1390 4547 1594 4617 judicia
1647 4547 1870 4612 faciens,

293 4638 384 4707 qui
421 4647 686 4709 martyres
716 4655 934 4710 quoque
969 4650 1090 4709 post
1133 4647 1214 4695 tot
1241 4649 1294 4694 et
1327 4649 1473 4693 tanta
1511 4639 1750 4709 pericula
1773 4678 1788 4703 ,
1821 4639 1870 4695 ei

295 4745 504 4794 rursus,
537 4746 655 4798 quae
683 4747 780 4787 eos
799 4731 1016 4797 tulerat,
1041 4732 1109 4789 iis
1137 4732 1332 4802 quibus
1361 4732 1476 4802 ipse
1504 4732 1654 4786 novit
1678 4731 1870 4796 modis,

297 4821 561 4876 restituit.
587 4820 664 4877 Illi
701 4837 830 4894 ergo
855 4839 977 4879 cum
1005 4823 1192 4878 Tarsis
1225 4823 1431 4892 egressi
1462 4830 1668 4888 essent,
1701 4821 1870 4876 alacri

295 4911 432 4980 pede
470 4911 822 4968 confecerunt
862 4915 1004 4969 viam
1043 4929 1162 4984 qua:
1197 4913 1302 4970 fert
1332 4915 1385 4969 in
1437 4915 1688 4984 patriam.
1735 4915 1868 4969 Cum

298 5009 530 5073 primum
565 5015 746 5061 autem
774 5006 1024 5061 viderunt
1047 5009 1321 5080 Ancyram
1343 5046 1359 5071 ,
1393 5006 1656 5061 sistuntur
1691 5021 1873 5063 coram

293 5095 520 5164 praeside
549 5096 738 5153 Lucio.
792 5097 887 5152 llle
916 5113 1049 5154 vero
1075 5114 1196 5153 cum
1235 5113 1336 5154 nec
1373 5099 1452 5153 eis
1481 5097 1700 5168 quidem
1725 5098 1875 5168 prius

291 5186 544 5256 loquendi
569 5187 786 5244 fecisset
809 5199 1152 5258 potestatem,
1178 5201 1306 5245 tunc
1331 5205 1426 5245 eos
1453 5189 1673 5260 quidem
1698 5189 1875 5246 valide

296 5279 524 5332 includit
565 5280 617 5332 in
653 5279 818 5351 ligno,
846 5280 1024 5350 lapide
1057 5282 1272 5351 utrique
1301 5281 1542 5353 alligato,
1576 5281 1649 5334 ita
1683 5289 1738 5335 ut
1769 5297 1874 5338 nec

276 5369 397 5438 'ipsi
451 5370 669 5440 quidem
725 5383 943 5444 possent
993 5375 1216 5430 omnino
1257 5375 1496 5443 moveri,
1555 5388 1656 5430 nec
1706 5390 1868 5430 crura

290 5462 602 5518 extendere.

368 5712 443 5787 (ἶ)
479 5709 724 5787 ⁸Ξίῌιιοιι
780 5729 919 5770 anno
972 5717 1160 5773 ultimo
1225 5715 1442 5787 imperii
1503 5714 1862 5787 Diocletiani,

291 5783 491 5840 Christi
559 5782 700 5849 504,
755 5787 917 5844 occisi
967 5800 1091 5844 sunt
1139 5782 1344 5858 sancti,
1404 5790 1498 5844 sed
1541 5785 1645 5844 509
1679 5786 1864 5857 (quod

1979 4533 2154 4588 καῦτα
2191 4533 2361 4603 αὐτῆς
2393 4528 2580 4602 ἦρχεν.
2608 4533 2764 4587 Οὕτω
2809 4533 3136 4602 γινώσκεται
3195 4535 3401 4606 Κύριος
3435 4536 3570 4604 κρί-

1981 4645 2128 4699 ματα
2164 4627 2354 4691 ποιῶν,
2387 4627 2442 4689 ὃς
2473 4644 2536 4694 γε
2580 4625 2643 4697 δὴ
2693 4626 2789 4680 καὶ
2831 4627 2958 4690 τοὺς
2993 4630 3278 4698 μάρτυρας
3308 4628 3446 4696 μετά
3471 4643 3572 4679 το-

1981 4719 2204 4781 σούτους
2236 4719 2329 4772 καὶ
2354 4717 2711 4787 τηλικούτους
2744 4717 3047 4781 κινδύνους,
3101 4721 3167 4788 τῇ
3211 4717 3570 4790 ὲνεγκαμένῃ

1977 4812 2141 4866 πάλιν
2190 4807 2273 4873 οἷς
2327 4806 2435 4862 οἶδε
2475 4810 2696 4880 τρόποις
2747 4811 2910 4874 αὐτὸς
2935 4811 3279 4865 ἀποδίδωσιν.
3330 4811 3570 4868 Ἐκεῖνοι

1975 4904 2071 4960 οὖν
2122 4903 2240 4975 μετ’
2291 4901 2643 4972 εὐχαριστίας
2691 4901 3004 4972 ἀπάραντες
3033 4904 3134 4972 τῆς
3168 4901 3386 4973 Ταρσοῦ
3425 4919 3570 4973 προ-

1979 4999 2137 5068 θύμῳ
2186 4993 2308 5046 ποδὶ
2340 4994 2440 5064 τὴν
2469 4994 2562 5044 ἐπὶ
2612 4993 2711 5063 τὴν
2762 4994 2998 5064 πατρίδα
3048 4995 3324 5065 φέρουσαν
3372 4994 3564 5064 ήνυον.

1991 5087 2157 5158 Ὁμοῦ
2190 5085 2366 5156 δὲτὴν
2404 5084 2687 5154 ’Ἄγκυραν
2723 5082 2884 5151 εἶδον,
2918 5086 3013 5140 καὶ
3043 5085 3178 5156 ὁμοῦ
3217 5084 3297 5156 τῷ
3327 5084 3566 5154 ἡγεμόνι

1974 5177 2191 5248 Λουκίῳ
2242 5176 2608 5249 παρίστανται
2638 5193 2652 5208 ο
2688 5177 2716 5229 ό
2777 5177 2833 5231 δὲ
2891 5175 3025 5248 μηδὲ
3080 5176 3239 5244 λόγου
3290 5177 3565 5246 πρότερον

1973 5273 2159 5334 αὐτοῖς
2219 5269 2483 5340 μεταδοὺς
2540 5269 2660 5322 τότε
2702 5269 2801 5338 μὲν
2857 5269 3116 5338 ἀσφαλῶς
3164 5272 3222 5322 ὲν
3276 5269 3354 5340 τῷ
3413 5267 3564 5339 ξύλῳ

1977 5364 2176 5426 αὐτοὺς
2221 5361 2582 5427 κατακλείει,
2634 5361 2781 5415 λίθον
2832 5361 3098 5432 ἑκατέρου
3147 5363 3422 5432 ἐκδήσας,
3464 5361 3564 5425 ῶς

1978 5459 2112 5532 μηδὲ
2129 5457 2398 5513 κινεῖσθαι
2419 5457 2554 5521 ὅλως
2579 5458 2799 5525 αὐτοὺς,
2830 5459 2964 5530 μηδὲ
2980 5457 3286 5512 ἀποτείνειν
3305 5457 3372 5508 τὰ
3387 5453 3560 5524 σκέλη

1970 5553 2248 5609 δύνασθαι.

1978 5714 2118 5769 alias
2153 5709 2552 5779 disputatum),
2608 5710 2652 5764 is
2711 5703 3283 5779 C:tlerii__Ma_xit_niani
3323 5705 3555 5774 quintus

1975 5785 2106 5839 fuit.
2159 5776 2319 5852 quem
2369 5776 2520 5835 tnulti
2571 5779 2884 5836 Graecorum
2929 5776 3278 5832 Maximinum
3331 5783 3549 5830 vocant.
