3832 6518
293 421 402 483 885

1318 421 1493 481 VITA
1534 421 1592 481 S.
1636 419 2074 483 CLEMENTIS.
2103 424 2512 486 ANCYBANI.

3440 422 3547 487 886

358 534 481 585 ﬂB’.
515 532 626 600 ἰ’ἧς
652 530 708 582 δὲ
740 530 1003 600 ἐπιούσης
1036 533 1528 603 μεταστειλάμενος
1548 536 1638 586 τὸν
1662 534 1861 602 Ἀγαθο

2040 535 2299 590 LXXXII.
2336 535 2593 605 Sequenti
2618 545 2796 589 autem
2814 535 2898 589 die
2919 534 3183 588 accersito
3206 530 3546 602 Agathange—

285 624 542 693 ἀγγελον,
591 618 747 687 Οἶδα,
798 623 987 690 φησὶν,
1034 623 1109 685 ὼς
1141 624 1200 676 ού
1231 624 1318 677 διὰ
1346 626 1703 695 κακουργίαν,
1731 628 1866 679 ἀλλὰ

281 716 463 783 ψυχῆς
493 714 746 767 εὐκολίαν
789 717 884 767 καὶ
930 715 1149 785 τρόπων
1196 716 1494 784 ἁπλότητα,
1546 718 1719 780 οὕτως
1761 718 1867 769 ὑπὸ

285 807 378 859 τοῦ
411 806 677 875 συνήθους
705 807 986 875 ἠπάτησαι
1017 805 1352 876 Κλήμεντος,
1387 807 1527 860 ὥστε
1564 809 1660 862 καὶ
1690 810 1869 871 δοκεῖς

285 905 396 962 τοῖς
429 901 646 963 πολλοῖς
679 899 889 953 οἴκοθεν
926 900 1068 971 ἔχειν
1104 902 1164 953 τδ
1217 900 1339 953 λίαν
1387 900 1687 967 φιλόνεικον
1719 918 1732 932 ⁸
1773 904 1866 954 καὶ

289 991 607 1061 θαυμαστὸν
642 991 815 1051 οὐδὲν,
855 993 903 1043 εί
930 990 1109 1061 φαύλη
1136 990 1390 1060 συνήθεια
1415 990 1596 1060 χρόνῳ
1618 991 1869 1061 καθάπερ

289 1102 373 1141 τις
419 1083 574 1145 νόσος
623 1083 1018 1154 ἐνσκιρωθεῖσα
1072 1082 1375 1153 μεταϐολὴν
1412 1084 1704 1155 εἰργάσατο
1730 1083 1869 1151 γνώ-

299 1190 424 1245 μης
451 1172 576 1225 ἐπεὶ
620 1175 714 1226 καὶ
735 1173 888 1243 ῥανὶς
937 1172 1127 1235 ὓδατος
1157 1173 1455 1244 ἐνδελεχῶς
1476 1172 1865 1238 ἐπιστὰζουσα,

296 1266 393 1319 καὶ
460 1264 667 1334 πέτραν
725 1260 888 1330 οἶδεν,
943 1264 1019 1328 ὡς
1078 1264 1258 1332 λόγος,
1313 1265 1632 1320 κοιλαίνειν.
1712 1265 1871 1319 Ἀλλά

297 1349 456 1410 τιῖττο
506 1357 571 1425 δή
606 1372 699 1407 σου
752 1357 813 1409 τὸ
864 1356 1134 1421 εὐπειθὲς,
1204 1357 1599 1425 ’Ᾱγαθάγγελε,
1651 1357 1872 1429 χάρισαί
1923 1356 1934 1364 ’

304 1463 431 1497 ποτε
459 1448 552 1499 καὶ
589 1448 740 1515 ἡμῖν,
780 1448 959 1518 πολλῷ
985 1449 1424 1517 λυσιτελέστερόν
1449 1467 1508 1502 τε
1536 1452 1630 1502 καὶ
1666 1450 1873 1503 δικαιό-

301 1553 481 1605 τερον,
513 1535 741 1603 ἅγγελος
770 1537 901 1606 ἡμῖν
924 1537 1128 1606 ἀγαθὸς
1158 1540 1298 1592 κατὰ
1326 1540 1424 1608 τὴν
1450 1539 1644 1609 κλῆσιν
1688 1537 1871 1606 γενοῦ,

304 1628 405 1695 τὴν
459 1626 668 1680 οἰκείαν
727 1627 946 1697 μηνύων
1013 1628 1350 1699 ἐπιστροφὴν
1398 1630 1489 1681 καὶ
1563 1629 1874 1698 μετάνοιαν.

306 1718 483 1788 Πρδςξ
508 1719 680 1771 ταῦτα
729 1720 758 1770 ὁ
806 1719 1202 1789 Ἀγαθάγγελος
1227 1738 1242 1752 ·
1283 1721 1436 1790 Ἐμοὶ
1470 1721 1567 1790 τὴν
1598 1721 1874 1787 ἕσκτασιν,

305 1809 435 1878 ἔφη,
487 1810 692 1881 ταύτην
721 1810 835 1863 οὔτ’
861 1812 1077 1864 εὐκολία
1099 1811 1343 1882 γνώμης,
1401 1812 1524 1866 οὕτε
1575 1815 1879 1885 κακουργία

307 1902 633 1972 πεποίηκεν,
680 1903 795 1962 ἀλλ’
827 1904 908 1956 ὅτι
950 1903 1048 1973 μὲν
1109 1906 1171 1957 ού
1220 1908 1547 1975 κακουργία,
1596 1906 1691 1960 καὶ
1720 1906 1880 1969 αὐτὸς

253 2022 257 2027 ~
308 1994 410 2064 ἤδη
445 1996 657 2063 φθάσας
683 1994 1117 2065 διωμολόγησας.
1172 1996 1294 2049 Ὅτι
1332 1996 1390 2050 δὲ
1437 1997 1600 2050 πάλιν
1655 1997 1774 2051 οὐδὲ
1819 1997 1882 2050 τὸ

308 2089 423 2150 τοῖς
453 2086 706 2157 τυχοῦσιν
754 2089 992 2152 εὐκόλως
1031 2088 1337 2153 πείθεσθαι,
1397 2091 1556 2160 δῆλον
1587 2091 1838 2145 ἐντεῦθεν
1865 2107 1877 2122 ⁸

310 2177 431 2241 πῶς
484 2180 594 2249 γὰρ
647 2178 715 2233 ἂν
777 2178 913 2249 πρὸς
960 2180 1245 2243 τοσούτους
1293 2183 1548 2252 ἀντέσχον
1586 2184 1881 2253 ἡγεμόνας,

311 2269 395 2322 ἔτι
427 2268 483 2323 δὲ
510 2270 604 2323 καὶ
630 2270 793 2324 αὐτὸν
821 2270 1044 2342 βασιλέα
1074 2271 1121 2324 οἳ
1155 2274 1221 2342 μέ
1267 2277 1358 2326 καὶ
1423 2273 1521 2326 σὺν
1567 2275 1684 2343 ἆμα
1734 2277 1881 2346 Κλή-

316 2379 492 2430 μεντι,
547 2362 642 2416 καὶ
694 2363 802 2434 ἰδίᾳ
861 2365 1022 2417 πάλιν
1074 2364 1439 2427 άπολαὸόντες
1488 2366 1744 2435 οὐδεμιᾶς
1782 2368 1881 2422 ἀπ-

312 2453 533 2524 έσχοντο
562 2455 831 2525 μηχανῆς,
884 2455 1017 2509 ἀλλὰ
1071 2456 1164 2509 καὶ
1216 2457 1548 2526 ὑποσχέσεσι
1608 2457 1884 2522 δελεάσαι,

316 2546 412 2600 καὶ
439 2546 691 2610 ἀπειλαῖς
724 2546 1093 2619 καταπλῆξαι,
1134 2548 1231 2602 καὶ
1269 2549 1525 2602 κολάσεσι
1561 2552 1887 2621 μεταπεῖσαι

314 2641 452 2711 πρὸς
489 2639 610 2710 βίαν
653 2641 924 2695 ἔσπευσαν
953 2659 970 2708 ς
1005 2643 1157 2713 Μήτε
1184 2638 1277 2696 οὖν
1306 2644 1575 2709 εὐκολίαν,
1604 2650 1739 2714 μήτε
1790 2661 1889 2697 κα-

316 2732 602 2803 κουργίαν,
632 2733 766 2786 am
808 2734 999 2802 σοφίαν
1035 2734 1235 2803 μᾶλλον
1264 2736 1354 2786 καὶ
1378 2733 1627 2805 ἀνδρείαν
1655 2733 1886 2803 ὀνόμαζε

317 2825 386 2879 τὰ
419 2825 644 2879 τοιαῦτα
680 2845 693 2859 ·
730 2828 923 2895 σοφίαν
971 2827 1090 2897 μὲν,
1207 2827 1315 2878 τῶν
1362 2826 1734 2896 φθειρομένων
1767 2825 1892 2878 τού-

317 2934 428 2969 των
482 2917 549 2969 τὰ
600 2917 811 2970 ἐστῶτα
868 2919 964 2971 καὶ
1023 2917 1251 2987 μένοντα
1310 2916 1736 2986 προαιρούμεθα,
1798 2918 1892 2969 καὶ

317 3008 445 3069 τοὺς
470 3005 681 3075 ψευδεῖς
722 3009 876 3077 ὑμῶν
916 3008 1072 3071 θεοὺς
1117 3009 1212 3061 καὶ
1241 3008 1524 3075 κιϐδήλους
1554 3005 1891 3077 ἁποστρεφό-
1934 3056 1941 3063 .

319 3116 495 3169 μενοι,
513 3100 590 3170 τῷ
614 3100 776 3162 ζῶντι
807 3101 952 3170 μόνῳ
984 3102 1079 3153 καὶ
1103 3102 1292 3169 ἁληθεῖ
1318 3099 1437 3169 Θεῷ
1462 3100 1888 3169 προσανέχομεν³

316 3191 571 3259 ἀνδρείαν
592 3192 669 3254 δὲ,
701 3192 770 3245 δι’
799 3188 865 3263 ἦς
891 3193 1229 3263 τηλικούτοις
1261 3194 1400 3264 ὑπὲρ
1437 3191 1673 3264 Χριστοῦ
1713 3190 1890 3246 κινδύ-

318 3301 431 3347 νοις
460 3284 874 3353 διαπαλαίομεν,
915 3284 1010 3338 καὶ
1054 3285 1243 3355 ὥσπερ
1283 3286 1451 3338 ὕπνου
1481 3285 1623 3348 τινὸς
1653 3285 1747 3336 τοῦ
1797 3284 1890 3337 θα-

318 3372 487 3425 νάτου
537 3376 1004 3444 καταφρονοῦμεν.
1061 3374 1200 3427 Uine
1263 3372 1354 3429 οὖν
1404 3375 1633 3446 Κλήμης
1683 3376 1826 3427 ἐστὶν
1864 3375 1892 3425 ὁ

318 3462 525 3515 πείθων
574 3464 696 3532 ἐμὲ,
749 3464 885 3517 ἀλλὰ
950 3464 1185 3533 Χριστὸς
1244 3464 1378 3517 πολὺ
1427 3465 1747 3536 πρότερονό
1804 3463 1891 3516 διὰ

320 3555 644 3623 Κλήμεντος
687 3572 752 3624 με
794 3556 1329 3625 προσκαλεσάμενος.
1372 3556 1484 3608 Οὐκ
1517 3554 1888 3626 ἐξηπατήθην,

321 3645 460 3699 ἀλλὰ
504 3645 603 3713 τῆς
649 3645 865 3712 ἀπάτης
915 3645 1114 3715 μᾶλλον
1163 3647 1425 3715 ἀπέστην,
1484 3641 1549 3716 ἦς
1590 3644 1892 3714 ἀποστῆναι

320 3736 419 3787 καὶ
448 3735 591 3804 ὑμᾶς
619 3734 867 3804 εὔχομαι,
919 3735 1139 3802 ἀγαθὸς,
1186 3737 1236 3787 εί
1280 3734 1577 3804 βούλοισθε,
1619 3737 1712 3788 καὶ
1765 3735 1893 3803 ὑμῖν

322 3825 551 3893 ἄγγελος
579 3826 676 3895 τῆς
710 3825 961 3895 ἀληθείας
990 3826 1295 3895 γινόμενος.

336 4084 339 4087 λ
399 4090 523 4147 ΠΓ’.
567 4093 754 4146 Ταῦτα
800 4094 896 4145 τοῦ
945 4092 1349 4162 Ἀγαθαγγέλου
1387 4092 1767 4157 διεξελθόντος,
1810 4094 1893 4144 ἐλ-

323 4185 475 4248 πίδος
499 4185 584 4237 ἐπ’
612 4183 760 4253 αὐτῷ
800 4183 980 4250 πάσης
1034 4185 1062 4236 ὁ
1105 4182 1328 4254 ἡγεμὼν
1361 4182 1625 4244 ἀποστὰς,
1672 4182 1893 4250 σιδηρᾶς

324 4293 383 4328 τε
420 4274 653 4345 περόνας
705 4273 940 4344 ἰσχυρῶς
970 4273 1110 4339 ἄγαν
1146 4272 1558 4342 ἐκπυρωθεῖσας
1594 4274 1734 4324 κατά
1789 4272 1896 4323 τῶν

302 4367 536 4419 ’ἐκείνου
572 4362 724 4427 ὢτων
756 4362 1037 4432 ἐμϐάλλει,
1076 4363 1173 4416 καὶ
1194 4362 1481 4432 λαμπάδας
1508 4361 1739 4430 ἄφθονον
1768 4377 1861 4432 τρε

308 4455 533 4524 ’φούσας
571 4454 633 4508 τι
660 4454 795 4524 πῦρ,
824 4456 946 4517 ταῖς
978 4455 1242 4523 πλευραῖς
1282 4454 1573 4522 ἑκατέραις
1608 4454 1890 4522 προσάγει.

1976 628 2026 679 lo
2052 649 2065 683 :
2090 627 2238 690 Scio,
2260 628 2452 695 inquit,
2472 630 2614 697 quod
2646 644 2747 681 non
2771 638 2988 697 promer
3006 624 3424 694 improbitatem,
3455 627 3546 679 sed

1978 732 2193 788 propter
2225 721 2391 774 animi
2421 720 2734 774 facilitatem
2778 731 2829 775 et
2867 734 3075 772 mm'um
3108 716 3505 786 simplicitatem
3533 754 3547 775 ,

1977 815 2230 879 deceptus
2260 827 2319 864 es
2351 826 2381 865 a
2414 824 2505 863 tuo
2539 811 2790 865 familiari
2824 811 3119 863 Clemente.
3169 806 3433 874 Quocirca
3467 808 3549 859 vi-

1978 903 2119 954 deris
2160 901 2343 955 multis
2388 901 2584 956 habere
2622 901 2867 954 innatum
2917 901 3141 953 nimium
3187 898 3546 952 contendeudi

1977 992 2230 1046 studium.
2275 991 2392 1045 Non
2444 1005 2525 1046 est
2560 1003 2737 1047 autem
2785 993 2978 1046 mirum
3003 1031 3019 1054 ,
3055 992 3099 1045 si
3151 991 3286 1044 mala
3321 1004 3549 1044 consue-

1981 1085 2140 1150 tudo,
2176 1084 2502 1154 quze'veluti
2545 1086 2764 1138 morbus
2808 1086 3022 1152 quidam
3075 1093 3318 1153 tempore
3352 1082 3547 1137 callum

1978 1181 2222 1243 obduxit,
2268 1181 2559 1234 mutaverit
2593 1181 2940 1234 sententiam.
2988 1178 3120 1233 Nam
3159 1188 3307 1247 gutta
3340 1190 3553 1245 quoqlle

1980 1287 2132 1340 aqum
2161 1273 2379 1325 assidue
2406 1273 2671 1327 distillans
2691 1313 2706 1337 ,
2733 1280 2937 1342 petram
2964 1284 3181 1340 quoque
3207 1270 3309 1323 scit
3335 1283 3550 1333 cavare,
3604 1256 3614 1265 ’

1982 1373 2041 1418 ιιι
2087 1365 2305 1417 dicitur.
2357 1365 2462 1419 Sed
2513 1366 2655 1419 hanc
2708 1374 2852 1417 tuam
2890 1365 2954 1415 ad
3011 1375 3215 1415 morem
3257 1361 3552 1430 gerendum

1984 1454 2295 1509 facilitatem
2348 1456 2504 1509 nobis
2533 1470 2747 1524 quoque
2773 1454 3062 1523 aliquando
3110 1451 3368 1515 concede,
3416 1453 3555 1521 Aga-

1985 1544 2265 1614 thaugele,
2319 1545 2475 1617 longe
2508 1546 2774 1601 utiliorem
2822 1545 3181 1612 ctjustiorem
3206 1587 3222 1611 ,
3268 1553 3323 1598 et
3360 1558 3557 1599 conve—

1985 1638 2194 1691 nientcr
2217 1647 2310 1692 tuo
2350 1638 2554 1692 nomini
2600 1640 2676 1693 sis
2718 1636 2872 1692 nobis
2920 1638 3091 1690 bonus
3123 1637 3380 1700 nuntius,
3418 1651 3556 1690 mm-

1986 1730 2125 1782 tians
2157 1729 2565 1784 conversionem
2643 1729 2915 1800 prOpriam
2961 1738 3014 1783 et
3048 1728 3439 1797 paenitentiam.
3480 1728 3557 1780 Ad

1988 1821 2101 1874 lucc
2157 1820 2555 1890 Agathangelus
2607 1839 2621 1876 :
2674 1820 2836 1886 Mihi,
2885 1820 3090 1890 inquit,
3141 1823 3276 1874 hanc
3305 1829 3558 1874 οοιιειηιι-

1916 1892 1955 1948 Β
1986 1909 2116 1964 tiam
2157 1925 2258 1964 nec
2288 1907 2452 1963 animi
2504 1908 2633 1964 fecit
2666 1909 2919 1971 facilitas,
2957 1923 3052 1961 nec
3082 1907 3415 1976 improbitas.
3449 1905 3557 1960 Sed

1982 2002 2122 2069 quod
2158 2017 2263 2055 non
2320 2001 2636 2070 improbitas
2685 2000 2901 2069 quidem
2926 2040 2942 2066 ,
2975 2000 3092 2068 ipse
3145 1999 3297 2067 prius
3333 2012 3392 2052 es
3425 2013 3557 2051 con-

1985 2090 2180 2144 fessus.
2215 2089 2599 2156 Quod-autem
2658 2104 2847 2144 rursus
2881 2103 2977 2142 nec
3027 2088 3355 2157 quibuslibet
3403 2085 3559 2141 facile

1986 2195 2242 2250 paream,
2287 2181 2412 2235 hinc
2460 2190 2538 2236 est
2583 2191 2826 2251 apertum
2874 2199 2888 2235 :
2938 2180 3210 2250 quomodo
3263 2179 3406 2233 enim
3451 2189 3557 2231 tam

2000 2273 2188 2328 lllllIlIS
2243 2273 2563 2328 restitissem
2627 2272 2982 2342 prmsidibus,
3041 2281 3202 2339 atque
3252 2271 3388 2323 adeo
3456 2269 3557 2337 ipsi

1987 2363 2150 2418 etiam
2186 2362 2531 2432 imperatori.
2563 2361 2657 2432 qui
2685 2376 2808 2415 cum
2843 2375 2926 2416 me
2954 2369 3007 2414 et
3038 2376 3159 2414 cum
3192 2360 3468 2414 Clemente
3505 2369 3558 2412 et

1989 2465 2235 2504 seorsum
2274 2464 2461 2504 rursus
2490 2450 2848 2518 accepissent,
2892 2448 3091 2503 nullam
3128 2464 3231 2503 non
3266 2449 3559 2503 adtribuere

1991 2538 2324 2605 machinam,
2378 2539 2471 2594 sed
2529 2547 2584 2590 et
2640 2538 2919 2607 promissis
2964 2538 3244 2603 inescare,
3290 2548 3343 2592 et
3397 2538 3560 2592 minis

1990 2639 2315 2697 pu'rterrere,
2358 2641 2411 2685 et
2442 2629 2719 2698 suppliciis
2749 2628 2924 2683 conati
2954 2638 3081 2682 sunt
3108 2628 3160 2683 in
3188 2629 3346 2682 aliam
3381 2629 3560 2681 tradu-

1991 2737 2113 2777 cere
2139 2723 2482 2778 sententiam.
2512 2721 2694 2789 Neque
2724 2737 2849 2789 ergo
2879 2721 3210 2784 facilitatem,
3246 2735 3419 2790 neque
3457 2721 3559 2773 im-

1993 2813 2332 2877 probitatem,
2361 2816 2452 2866 sed
2481 2813 2804 2882 sapientiam
2842 2813 3019 2882 potius
3054 2822 3111 2867 et
3145 2812 3308 2865 animi
3347 2812 3559 2865 fortitu-

1993 2902 2168 2953 dinem
2200 2903 2334 2956 haac.
2366 2902 2608 2955 nomines
2657 2918 2670 2954 :
2703 2901 3023 2968 sapientiam
3066 2900 3319 2969 quidem,
3358 2916 3462 2968 qua
3495 2901 3562 2957 iis

1992 3007 2111 3060 qua:
2154 2994 2426 3048 intereunt
2478 3001 2532 3046 et
2583 2993 2692 3047 cito
2725 2991 2930 3056 ﬁniunt,
2972 2990 3306 3060 praeferimus
3337 3006 3398 3046 ea
3442 3006 3562 3060 quae

1993 3093 2139 3137 stant
2182 3092 2233 3139 et
2269 3095 2515 3149 manent;
2546 3082 2821 3150 falsosque
2848 3094 3056 3138 vestros
3083 3085 3213 3140 deos
3248 3092 3302 3138 et
3344 3085 3558 3140 adulte-

1998 3177 2145 3231 rinos
2173 3187 2505 3241 aversantes,
2545 3175 2718 3230 solum
2753 3190 2914 3229 unum
2954 3175 3117 3229 Deum
3166 3186 3219 3231 et
3265 3192 3448 3231 verum
3483 3186 3563 3229 at-

2002 3267 2269 3321 teudimus
2299 3285 2314 3322 :
2353 3268 2723 3321 fortitudinem
2758 3276 2958 3333 autem,
2994 3283 3088 3335 per
3117 3284 3276 3336 quam
3304 3285 3427 3322 cum
3454 3280 3559 3323 tam

1976 3359 2177 3422 ,nmltis
2219 3374 2315 3426 pro
2346 3360 2562 3412 Christo
2595 3359 2951 3413 Colluctamur
2993 3360 3274 3424 periculis,
3304 3370 3359 3414 et
3400 3361 3563 3415 veluti

1995 3454 2278 3520 queindam
2333 3468 2577 3504 somnum
2634 3462 2861 3507 mortem
2914 3455 3333 3510 contemnimus.
3383 3452 3565 3521 Neque

1995 3555 2075 3598 est
2103 3559 2231 3613 ergo
2251 3543 2519 3607 Clcmens,
2553 3546 2641 3612 qui
2672 3544 2800 3597 mihi
2836 3548 3119 3611 persuadet
3146 3562 3160 3610 ;
3194 3545 3284 3599 sed
3313 3543 3564 3600 Christus

1997 3635 2162 3690 multo
2194 3636 2367 3704 prius,
2395 3636 2485 3705 qui
2526 3650 2611 3689 me
2642 3636 2851 3690 vocavit
2873 3651 2966 3704 per
2991 3636 3345 3695 Clementem.
3379 3637 3563 3706 Neque
3625 3683 3643 3695 ς

1997 3728 2250 3795 deceptus
2291 3741 2442 3789 sum,
2487 3728 2581 3781 sed
2622 3727 2801 3794 potius
2856 3726 3077 3781 discessi
3118 3730 3185 3782 ab
3240 3744 3476 3784 errore:
3532 3743 3561 3783 a

1994 3835 2123 3887 quo,
2164 3832 2311 3887 rogo,
2351 3826 2407 3871 ut
2456 3832 2551 3872 vos
2583 3833 2797 3887 quoque
2845 3822 3129 3883 recedatis,
3173 3819 3361 3889 utqui
3412 3821 3563 3874 vobis

1996 3922 2208 3976 quoque
2228 3947 2243 3973 ,
2273 3909 2316 3961 si
2345 3906 2502 3961 vultis
2523 3947 2538 3973 ,
2568 3906 2667 3962 sim
2702 3908 2921 3965 tmutius
2953 3909 3209 3964 veritatis.

2068 4087 2356 4144 LXXXIII.
2395 4087 2519 4144 IImc
2556 4105 2678 4144 cum
2712 4089 2938 4146 dixisset
2968 4089 3386 4160 Agatliangelus,
3421 4092 3564 4144 omni

1998 4184 2063 4240 de
2090 4200 2153 4238 eo
2170 4200 2264 4252 spe
2281 4191 2540 4253 conrepta
2561 4199 2760 4253 praises
2796 4185 3105 4249 frustratus,
3131 4194 3185 4240 et
3207 4183 3411 4239 ferreas
3438 4185 3569 4239 Ιίιιυυ

2000 4274 2077 4328 las
2110 4275 2263 4329 valde
2282 4288 2537 4328 accensas
2569 4274 2620 4326 in
2645 4274 2788 4327 illius
2820 4290 2977 4330 aures
3007 4274 3198 4345 injicit,
3229 4286 3281 4330 et
3317 4274 3461 4331 faces
3480 4292 3570 4331 eoo

1999 4367 2209 4432 piosum
2266 4366 2443 4435 ignem
2480 4352 2685 4420 alentes
2725 4368 2966 4434 utrisque
3003 4369 3250 4420 admovet
3281 4368 3561 4421 lateribus.

1998 4456 2132 4508 Cum
2167 4458 2310 4509 acris
2348 4460 2529 4523 itaque
2560 4457 2714 4508 dolor
2747 4457 2870 4510 hinc
2897 4472 2963 4511 ex
2994 4457 3212 4513 auribus
3243 4458 3569 4512 intrinsecus

322 4547 585 4618 Δριμειας
611 4546 702 4599 οῦν
730 4549 793 4599 ἐκ
825 4547 934 4599 τῶν
966 4544 1120 4598 ὢτων
1148 4544 1340 4614 ὀδύνης
1372 4545 1710 4612 στρεφούσης
1755 4544 1884 4596 ἕνδε-

2003 4556 2247 4601 versaret
2292 4546 2908 4613 cerebrum,iuniusque
2948 4558 3002 4603 et
3032 4550 3261 4603 tenebras
3289 4549 3339 4603 id
3377 4549 3570 4619 impleo

324 4641 418 4692 θεν
453 4639 545 4693 τον
573 4639 900 4709 ἐγκέφαλον,
928 4640 1022 4691 καὶ
1040 4637 1249 4692 καπνοῦ
1282 4638 1375 4690 καὶ
1402 4637 1709 4708 σκοτοδίνης
1734 4637 1894 4689 αὑτὸν

325 4728 711 4800 ὲμπιπλώσης,
749 4728 1035 4798 ἐκαρτέρει
1068 4726 1335 4795 γενναίως
1362 4728 1391 4781 ὁ
1421 4727 1631 4797 μάρτυς
1661 4728 1896 4796 Χριστὸν

323 4822 625 4891 ὁμολογῶν,
656 4822 751 4874 καὶ
782 4821 940 4890 μόνον
986 4819 1148 4872 αὐτὸν
1186 4821 1267 4882 είς
1311 4818 1633 4887 ἐπικουρίαν
1665 4816 1892 4889 καλῶν,

325 4915 595 4978 Δέσποτα,
624 4912 864 4982 κράζων,
902 4911 1077 4981 Ἰησοῦ
1124 4910 1355 4982 Χριστὲ,·
1401 4909 1476 4981 μὴ
1515 4911 1786 4980 στερήσῃς
1828 4927 1894 4978 με

323 5005 423 5074 τῆς
456 5003 732 5074 μακαρίας
762 5003 975 5074 ἐκείνης
1021 5001 1128 5055 τῶν
1162 5002 1445 5056 ἀθανάτων
1488 5001 1708 5063 ἀγαθῶν
1761 5004 1895 5055 ἀπο-

325 5095 593 5159 λαύσεως,
646 5094 782 5147 ἀλλὰ
811 5094 932 5157 δοὺς
971 5093 1249 5162 ὑπομονήν
1289 5110 1379 5161 μοι
1433 5094 1528 5146 καὶ
1576 5092 1892 5162 καρτερίαν,

324 5187 420 5239 καὶ
446 5184 669 5248 τελείως
696 5184 890 5238 ἀνῦσαί
927 5200 994 5253 με
1036 5183 1128 5236 τὸν
1168 5184 1366 5255 δρόμον
1412 5184 1512 5253 τῆς
1561 5186 1660 5252 σῆς
1706 5183 1895 5252 ὁμολο-

323 5277 449 5345 γίας
504 5275 873 5343 καταξιώσας,
924 5274 1329 5345 συναρίθμησὸν
1375 5291 1441 5344 με
1490 5274 1568 5343 τῷ
1606 5275 1776 5344 δούλῳ
1801 5291 1894 5327 σου

326 5368 624 5437 Κλήμεντι,
672 5367 766 5420 καὶ
804 5367 971 5421 πᾶσιν
1019 5367 1068 5419 οἳ
1099 5366 1194 5418 τοῦ
1231 5365 1323 5418 σοῦ
1373 5366 1581 5429 ἐνδόξου
1634 5367 1895 5436 ὀνόματος

324 5459 733 5530 ύπερήίιλησαν,
778 5459 862 5511 ὅτι
896 5458 1140 5524 ἐξέλιπεν
1171 5458 1204 5525 ἡ
1261 5456 1425 5526 ἰσχύς»
1457 5474 1580 5526 μου,
1608 5459 1640 5525 ἡ
1665 5456 1721 5509 δέ
1748 5456 1893 5526 ψυχή

328 5569 431 5621 μου
461 5553 555 5604 ἐπὶ
594 5552 679 5603 σοὶ
731 5551 947 5621 ἤλπισε.
1004 5547 1192 5602 Ταῦτα
1221 5548 1249 5600 ὁ
1306 5550 1402 5619 μὲν
1430 5547 1648 5619 ηὔχετο,
1677 5548 1809 5612 Θεὸς
1838 5549 1892 5600 δὲ

322 5644 467 5697 ἄνωθ
476 5661 529 5695 εν
559 5643 820 5696 ἐπ;τέι.ει.

399 5829 521 5883 llA'.
554 5828 663 5880 Καὶ
701 5829 861 5897 γνοὺς
898 5830 924 5881 ὁ
954 5825 1172 5897 ἡγεμὼν
1204 5825 1278 5890 ὠς
1303 5823 1409 5896 ἄρα
1439 5824 1499 5880 οὐ
1536 5826 1694 5896 μόνον
1744 5824 1895 5877 οὐδὲν

2004 4646 2146 4704 rent,
2185 4639 2396 4691 fortiter
2425 4638 2476 4693 id
2503 4637 2711 4692 ferebat
2737 4648 2960 4708 martyr,
2984 4639 3257 4694 Chiastum
3280 4643 3568 4706 conlitens,

1998 4741 2053 4785 et
2082 4746 2202 4784 eum
2233 4731 2407 4783 solum
2438 4745 2635 4785 vocans
2664 4732 2714 4784 in
2740 4733 3024 4794 auxilium,
3056 4742 3109 4785 et
3138 4732 3379 4786 clamans
3414 4752 3426 4785 :
3470 4733 3572 4788 Du-

2003 4823 2147 4879 miue
2167 4822 2290 4878 Jesu
2306 4823 2547 4896 Clu-iste,
2583 4839 2649 4877 nc
2672 4840 2756 4877 ιιιι-
2784 4823 3083 4891 pritaveris
3106 4824 3261 4878 beato
3285 4824 3372 4878 illo
3392 4825 3570 4881 fructu

2002 4915 2264 4969 bonorum
2298 4912 2680 4967 immortalium
2706 4929 2719 4979 ;
2746 4914 2837 4965 sed
2867 4911 2962 4964 des
2997 4912 3125 4964 milii
3168 4910 3483 4979 patientiam
3515 4926 3568 4969 et

2001 5006 2373 5068 tolerantiam,
2409 5014 2462 5059 et
2510 5021 2628 5057 cum
2684 5004 2930 5073 dignatus
2975 5017 3059 5055 me
3100 5002 3266 5059 fueris
3312 5004 3572 5072 perficere

2002 5108 2220 5146 cursum
2255 5103 2356 5144 tuae
2391 5091 2770 5154 confessionis,
2792 5108 2914 5143 cum
2948 5101 3039 5143 tuo
3069 5089 3265 5147 famulo
3297 5090 3571 5147 Clemente

2005 5183 2094 5236 me
2118 5197 2497 5245 cormumercs,
2543 5191 2595 5236 et
2628 5197 2750 5234 cum
2788 5180 3056 5246 omnibus,
3094 5181 3181 5251 qui
3216 5196 3310 5250 pro
3340 5182 3570 5250 glorioso

2006 5281 2095 5327 tuo
2155 5272 2373 5327 nurnine
2409 5272 2794 5335 decertarunt,
2846 5272 3100 5341 quoniam
3150 5272 3347 5326 (lt-fecit
3399 5273 3570 5326 virtus
3646 5330 3653 5334 ,

2005 5381 2154 5431 mea;
2207 5366 2388 5418 anima
2432 5372 2609 5418 autem
2664 5381 2779 5418 mea
2824 5364 2873 5416 in
2926 5376 2976 5418 te
3019 5358 3274 5434 speravit.
3317 5363 3441 5420 Hinc
3481 5368 3570 5421 illo

2002 5453 2218 5521 quidem
2249 5461 2331 5507 est
2360 5465 2613 5522 precatus
2634 5494 2647 5516 .
2681 5457 2820 5510 Deus
2849 5463 3024 5509 autem
3058 5472 3121 5507 ex
3157 5454 3266 5511 alto
3297 5457 3409 5510 hanc
3446 5470 3568 5525 per-
3630 5491 3637 5497 υ

2004 5544 2148 5600 fecit.

2076 5823 2358 5878 LXXXIV.
2387 5823 2517 5880 Cum
2556 5823 2753 5877 videret
2776 5836 2969 5891 [ll‘il‘SCb'
2994 5818 3124 5873 nihil
3144 5818 3242 5875 sibi
3273 5818 3565 5877 succedere
