3832 6476
323 353 425 416 887

1538 365 1822 426 MENSIS
1861 362 2329 425 JANUARIUS.

3480 353 3584 418 888

321 488 385 523 ex
421 469 721 542 sententia,
753 468 846 525 sed
900 470 1158 527 athletam
1188 472 1370 542 potius
1397 475 1532 530 ellici
1566 478 1860 531 clariorem
1881 516 1896 540 ,

2015 472 2183 542 ἑαυτῷ
2207 472 2348 526 κατὰ
2378 469 2607 540 γνώμην
2637 467 2813 532 ἀνύει,
2845 465 2962 522 ἀλλ’
2988 464 3422 536 ἐπιφανέστερον
3455 462 3588 533 μᾶλ-

322 560 558 616 abducto
589 560 682 614 i-Ho
722 560 775 614 in
807 559 1003 627 locum,
1037 564 1126 632 qui
1159 564 1412 634 Ci-yptos,
1440 566 1490 618 id
1531 575 1617 620 est
1644 569 1897 634 Abditus,

318 653 639 724 appellatur,
696 666 827 710 ense
885 653 1099 709 beatum
1160 667 1323 726 caput
1375 669 1654 729 amputat,
1707 662 1898 730 quinto

318 745 521 801 mensis
566 745 912 803 Novembris.
981 748 1159 818 Atque
1217 760 1422 821 martyr
1465 753 1714 822 quidem,
1775 771 1895 808 cum

317 839 637 895 recessisset
683 843 751 896 ab
781 841 870 906 iis,
901 857 1020 912 qua:
1044 850 1172 897 sunt
1213 843 1277 896 ad
1310 851 1546 913 tempus,
1581 854 1634 900 et
1673 859 1702 899 a
1748 846 1896 902 labo-

318 933 468 990 ribus
501 933 758 988 liberatus
801 933 991 991 fuisset
1023 945 1080 991 et
1117 937 1441 1002 tormentis,
1476 937 1576 992 fuit
1621 938 1678 992 in
1710 940 1896 1004 caelis;

316 1034 370 1080 et
423 1025 516 1094 qui
556 1036 726 1082 staret
764 1043 887 1082 cum
921 1029 1148 1099 angelis,
1187 1040 1242 1084 et
1287 1046 1409 1085 cum
1441 1033 1654 1101 superis
1699 1033 1898 1090 choros

318 1117 559 1179 duceret,
597 1115 792 1188 dignus
823 1117 920 1173 fuit
949 1119 1189 1185 habitus,
1224 1136 1347 1176 cum
1379 1131 1648 1177 certasset
1672 1123 1773 1176 sub
1800 1123 1901 1176 im-

314 1208 666 1276 peratoribus
688 1209 905 1279 quidem
937 1209 1270 1264 Diocletiano
1299 1221 1352 1264 et
1381 1208 1715 1266 Maximiano
1739 1252 1754 1277 ,
1800 1216 1900 1268 sub

323 1299 732 1369 magistratibus
780 1311 960 1355 autem
1003 1301 1322 1372 Agrippino,
1356 1301 1597 1367 Curicio,
1639 1303 1900 1372 Domitio,

324 1389 642 1456 Sacerdote,
673 1391 930 1460 Maximo,
955 1393 1283 1461 Aphrodisio
1307 1405 1359 1450 et
1382 1393 1569 1451 Lucio.
1595 1395 1690 1450 Pia
1716 1407 1898 1452 autem

318 1483 406 1537 illa
454 1493 510 1538 et
573 1495 872 1555 martyrum
922 1486 1296 1542 amantissima
1354 1485 1597 1557 Sophia,
1653 1498 1902 1546 materno

318 1588 506 1629 amore
543 1575 596 1630 in
643 1575 1074 1647 Agathangelum
1133 1593 1351 1647 quoque
1399 1594 1627 1636 accensa
1681 1591 1902 1653 propter

319 1680 570 1736 magnum
607 1665 967 1736 Clementem,
997 1678 1284 1740 postquam
1312 1671 1448 1726 vidit
1474 1687 1618 1737 eum,
1655 1682 1712 1727 ιιι
1747 1685 1905 1740 opta-

319 1756 432 1820 bat,
470 1767 903 1812 consummatum
928 1800 942 1824 ,
976 1768 1025 1814 et
1059 1760 1128 1816 ab
1166 1761 1254 1827 iis,
1297 1775 1433 1831 quas
1467 1777 1566 1834 pro
1599 1763 1718 1836 ipso
1745 1781 1902 1838 gere-

2006 566 2098 618 λον
2129 564 2221 617 τὸν
2261 562 2502 633 ἀθλητὴν
2538 559 2935 632 ἀπεργάζεται,
2976 556 3284 627 ἀπαγαγὼν
3312 557 3477 610 αὐτὸν
3510 557 3590 618 εἰς

2003 665 2096 714 τὸν
2129 658 2387 729 Κρυπτὸν
2418 659 2628 709 ἐκεῖνον
2659 655 2807 709 οὓτω
2845 654 3183 724 καλούμενον
3226 651 3416 716 τόπον,
3448 649 3584 716 ξίφει

2003 753 2100 822 τὴν
2138 750 2420 821 μακαρίαν
2472 749 2721 820 κεφαλὴν
2778 747 3106 818 ἀποτέμνει,
3161 745 3431 814 πέμπτην
3468 743 3589 794 τότε

2005 844 2100 897 τοῦ
2127 843 2439 914 Νοεμϐρίου
2487 842 2656 914 μηνὸς
2689 841 2940 910 ἄγοντος.
2997 839 3057 892 ’0
3091 838 3190 908 μὲν
3235 831 3331 889 οὖν
3375 833 3590 905 μάρτυς

2004 934 2192 990 λοιπὸν
2231 933 2476 997 ἀποστὰς
2517 933 2628 986 τῶν
2678 933 3052 1004 προσκαίρων,
3089 929 3185 982 καὶ
3239 927 3424 980 πόνων
3497 924 3593 976 καὶ

2005 1027 2259 1097 βασάνων
2296 1025 2656 1095 ἀπαλλαγεὶς,
2715 1027 2774 1103 ἐν
2827 1025 3080 1097 οὐρανοῖς
3138 1018 3205 1092 ἦν
3231 1038 3245 1052 ’
3301 1020 3399 1074 καὶ
3455 1017 3593 1087 μετὰ

2003 1118 2256 1187 ἀγγέλων
2324 1119 2548 1174 ἑστάναι
2581 1158 2595 1181 ,
2661 1117 2758 1171 καὶ
2825 1116 2963 1188 μετὰ
3012 1114 3122 1168 τῶν
3157 1113 3294 1168 -ἄνω
3346 1108 3594 1182 χορεύειν

2005 1209 2224 1279 ἠξίωτο,
2259 1209 2500 1282 ἀθλήσας
2526 1211 2619 1266 ἐπὶ
2652 1209 2751 1281 μὲν
2782 1209 2890 1263 τῶν
2913 1207 3178 1280 βασιλέων
3205 1201 3594 1274 Διοκλητιανοῦ

2005 1300 2100 1355 καὶ
2124 1299 2493 1371 Μαξιμιανοῦ,
2525 1301 2618 1354 ἐπὶ
2643 1300 2699 1354 δέ
2741 1299 2850 1353 τῶν
2880 1297 3165 1369 ἀρχόντων
3206 1293 3591 1362 ’Δγριππίνου,

2005 1392 2325 1464 Κουρικίου,
2357 1392 2644 1462 Δομετίου,
2676 1390 3050 1462 Σακερδῶτος,
3079 1385 3359 1456 Μαξίμου,
3397 1385 3596 1452 Ἀφρο-

2003 1485 2177 1540 δισίου
2211 1486 2306 1540 καὶ
2337 1485 2593 1540 Λουκίου.
2647 1485 2712 1538 Ἦ
2760 1485 2818 1538 δέ
2847 1500 2912 1553 γε
2955 1481 3214 1552 θεοφιλὴς
3264 1478 3451 1546 ἐκείνη
3498 1474 3596 1528 καὶ

2005 1576 2347 1650 φιλόμαρτυς
2387 1577 2557 1647 Σοφία
2606 1576 2887 1649 μητρικῶς
2919 1576 3016 1629 καὶ
3064 1569 3477 1641 ’Δγαθαγγέλου
3504 1565 3598 1620 διὰ

2003 1670 2098 1724 τὸν
2154 1669 2328 1741 μέγαν
2372 1669 2670 1741 Κλήμεντα
2701 1667 3126 1741 περικαιομένη,
3167 1664 3403 1732 ἐπείπερ
3451 1655 3598 1714 εἶδεν

2004 1761 2189 1827 αὑτὸν,
2223 1761 2299 1825 ὡς
2331 1761 2538 1828 ἐπόθει,
2571 1761 2951 1822 τελειωθέντα,
2985 1757 3210 1812 καὶτῶν
3251 1755 3396 1824 ὑπὲρ
3425 1749 3597 1806 αὐτοῦ

317 1845 429 1913 bat,
459 1847 606 1902 curis
633 1857 715 1903 est
733 1847 1003 1917 exsoluta,
1047 1861 1101 1906 et
1129 1865 1251 1906 cum
1280 1868 1473 1922 magna
1500 1853 1776 1926 voluptate
1796 1858 1900 1914 tol-

2015 1853 2305 1926 φροντίδων
2336 1854 2526 1926 ἐλύθη,
2574 1857 2670 1909 καὶ
2719 1856 2816 1909 σὺν
2841 1855 3002 1925 ἡδονῇ
3037 1849 3206 1920 πολλῇ
3237 1848 3296 1901 τὸ
3326 1859 3602 1918 μαρτυρι-

317 1936 432 1992 lens
449 1938 579 1995 illud
600 1954 804 2011 corpus
827 1943 1204 2015 martyricum,
1237 1954 1292 2000 et
1313 1960 1665 2018 componens,
1696 1951 1748 2005 in
1775 1951 1895 2007 loco

316 2033 839 2100 consummationis,
874 2035 948 2105 ;in
997 2034 1233 2102 quodam
1279 2037 1529 2108 sepulcro
1588 2041 1897 2111 profundis-

315 2120 486 2192 εἰιηος,
520 2123 574 2178 in
607 2123 859 2196 ingressu
895 2126 1080 2197 templi
1103 2128 1244 2198 quod
1278 2126 1389 2183 illic
1417 2139 1522 2194 est,
1555 2131 1825 2202 deposuit.

2002 1947 2334 2003 κδνέκείνου
2368 1949 2528 2020 σῶμα
2563 1947 2863 2020 ἀνελομένη
2905 1948 3003 2001 καὶ
3046 1941 3441 2016 περιστείλασα
3468 1934 3599 1990 κατ’

2005 2039 2170 2094 αὑτὸν
2204 2039 2296 2093 τὸν
2327 2041 2427 2112 τῆς
2457 2040 2790 2104 τελειώσεως
2840 2041 3027 2101 τόπον,
3065 2037 3122 2091 ἐν
3158 2053 3264 2089 τινι
3307 2031 3602 2104 βαθυτάτῳ

2005 2133 2186 2204 τάφῳ.
2228 2133 2366 2204 πρὸς
2403 2137 2470 2208 τῇ
2503 2135 2597 2189 τοῦ
2635 2137 2812 2189 ἐκεῖσε
2847 2131 2978 2188 ναοῦ
3009 2130 3201 2200 εἰσόδῳ
3239 2126 3524 2182 κατέθετο.

1765 2366 1994 2425 CAPUT
2032 2367 2151 2424 xv.
2231 2449 2236 2452 ξ

1171 2567 1492 2640 Martyrium
1518 2571 1618 2631 SS.
1646 2572 1955 2644 Clementis,
1975 2575 2344 2646 ChrisIOpliori
2365 2583 2416 2628 et
2437 2572 2759 2629 Charitmiis.

388 2787 652 2847 LXXXV.
677 2790 976 2849 Praeclarus
993 2799 1170 2850 autem
1192 2793 1397 2852 Christi
1411 2797 1610 2853 athleta
1625 2796 1897 2867 Clemens,

313 2897 438 2939 cum
470 2884 556 2939 sui
594 2884 648 2940 in
680 2886 981 2945 certamine
1019 2887 1153 2943 socii
1195 2889 1552 2961 Agathangeli
1601 2891 1899 2949 intellexis-

315 2983 400 3031 set
431 2980 956 3035 consummationem
977 3020 992 3041 .
1041 2979 1157 3052 ipse
1189 2996 1404 3052 quoque
1433 2984 1709 3054 voluptate
1733 3027 1747 3050 ,
1777 3001 1898 3057 qua:

314 3065 540 3122 minime
583 3078 761 3138 potest
785 3070 1081 3141 explicari,
1122 3073 1360 3144 repletus
1384 3075 1438 3129 in
1481 3091 1702 3133 carcere
1733 3077 1805 3131 ita
1839 3086 1897 3134 ut

312 3167 435 3212 erat
483 3172 688 3228 pronus
739 3161 888 3215 humi
945 3171 1203 3218 extensus
1243 3165 1606 3236 (prohibebat
1647 3169 1788 3224 enim
1832 3184 1898 3226 ne

314 3261 586 3321 surgeret,
637 3253 838 3325 lignum
871 3256 1013 3324 quod
1043 3257 1278 3314 habebat
1317 3260 1367 3314 in
1400 3261 1647 3331 pedibus.
1679 3271 1733 3318 et
1763 3262 1899 3332 lapis

315 3345 572 3418 alligatus
612 3349 866 3420 corpori)
906 3351 1222 3420 emittebat,
1259 3363 1318 3408 ut
1349 3369 1447 3424 par
1477 3363 1589 3423 est,
1630 3355 1695 3410 ad
1728 3357 1895 3412 Deum

316 3452 514 3507 voces,
563 3440 761 3510 quibus
796 3443 992 3514 agebat
1031 3444 1255 3514 gratias.
1295 3445 1398 3501 Sed
1451 3463 1630 3518 neque
1675 3449 1728 3503 in
1772 3464 1894 3509 eum

317 3541 566 3586 evaserat
599 3545 804 3602 praeses
850 3526 1236 3604 negligentior,
1268 3537 1365 3592 sed
1419 3546 1618 3608 praeter
1656 3538 1896 3603 vincula,

316 3633 373 3678 et
416 3639 581 3695 quam
637 3627 1043 3696 perpetiebatur
1085 3643 1150 3683 ex
1194 3630 1301 3685 illis
1334 3631 1649 3698 miseriam,
1675 3633 1901 3704 jubebat

315 3725 531 3770 centum
562 3725 618 3771 et
645 3716 1037 3789 quinquaginta
1079 3720 1266 3790 plagas
1294 3722 1342 3778 ei
1373 3722 1426 3776 in
1461 3724 1607 3778 vultu
1635 3736 1690 3778 et
1719 3724 1771 3778 in
1801 3739 1900 3778 ca-

316 3809 424 3876 pite
467 3808 633 3880 inﬂigi
682 3811 948 3880 quotidie.
987 3813 1080 3868 Sic
1129 3829 1260 3884 ergo
1294 3814 1539 3884 quotidie
1581 3831 1644 3870 ex
1676 3831 1740 3871 eo
1771 3815 1902 3871 ﬂue-

315 3899 451 3956 bant
487 3901 586 3955 rivi
622 3904 928 3973 sanguinis.
966 3913 1023 3960 ut
1062 3905 1178 3976 ipse
1213 3922 1432 3977 quoque
1469 3907 1624 3979 lapis,
1659 3913 1748 3981 qui
1780 3922 1900 3965 erat

314 3994 365 4048 ei
398 3993 684 4063 alligatus,
726 4005 782 4052 et
823 4005 972 4053 totus
1000 3999 1280 4070 subjectus
1323 4000 1476 4058 locus
1508 4001 1664 4060 ﬁeret
1694 4019 1898 4074 purpu-

315 4097 463 4139 reus.
495 4083 668 4140 Nocte
698 4096 879 4143 autem
915 4102 1109 4144 rursus
1148 4091 1508 4160 adveniente,
1538 4103 1592 4149 et
1633 4094 1720 4149 lux
1754 4095 1898 4151 circa

315 4175 495 4245 ipsum
527 4176 688 4233 veluti
717 4178 890 4234 eluxit
912 4189 968 4236 et
994 4181 1171 4254 angeli
1201 4183 1517 4250 astiterunt,
1542 4197 1595 4242 et
1623 4185 1742 4256 ejus
1769 4185 1899 4241 Iibe-

315 4268 445 4327 ralis
473 4280 770 4328 consecuta
812 4282 896 4331 est
923 4276 1152 4331 curatio.

381 4545 671 4604 LXXXVI.
717 4547 854 4606 Cum
883 4549 999 4621 ipse
1019 4565 1150 4622 ergo
1179 4561 1234 4606 et
1265 4538 1499 4622 lapidem
1524 4562 1580 4610 et
1600 4554 1809 4611 vincula
1843 4565 1897 4612 et

307 4647 602 4696 nocturnas
623 4639 745 4697 illas
763 4639 947 4712 plagas
962 4639 1128 4697 ferret
1151 4642 1366 4698 fortiter
1377 4643 1490 4714 jam
1515 4644 1674 4715 longo
1698 4655 1902 4714 tempo-

311 4747 406 4797 re,
440 4733 770 4789 Christianis
807 4735 1026 4804 quidem
1061 4735 1175 4806 jam
1221 4747 1378 4791 erant
1424 4737 1558 4793 festa
1599 4740 1895 4794 adventura

310 4824 616 4882 Servatoris
632 4829 801 4883 nostri
819 4826 944 4884 Jesu
964 4828 1168 4884 Christi
1189 4830 1541 4900 Theophanis
1572 4848 1586 4886 :
1609 4831 1694 4900 pia
1714 4843 1894 4888 autem

2065 2797 2210 2858 .IIE'.
2259 2796 2319 2850 '0
2368 2793 2552 2866 μέντοι
2602 2790 2850 2859 γενναῖος
2905 2783 3144 2856 ἀθλητὴς
3200 2779 3296 2835 τοῦ
3345 2781 3596 2852 Χριστοῦ

2005 2890 2264 2962 Κλήμης,
2295 2887 2393 2959 τὴν
2428 2885 2524 2939 τοῦ
2549 2882 2816 2938 συνάθλου
2847 2876 3130 2932 τελείωσιν
3179 2872 3600 2944 Ἀγαθαγγέλου

2007 2982 2218 3054 μαθὼν,
2255 2981 2350 3034 καὶ
2377 2977 2575 3050 ἡδονῆς
2629 2975 2725 3028 καὶ
2767 2972 2930 3036 αὐτὸς
2979 2971 3079 3040 τὴν
3140 2967 3320 3038 ψυχὴν
3376 2967 3598 3036 άφάτου

2007 3073 2290 3145 πλησθεὶς,
2319 3071 2397 3136 ὡς
2426 3066 2574 3142 εἶχεν
2607 3068 2703 3122 ἐπὶ
2720 3065 2817 3120 τοῦ
2843 3062 3221 3135 δεσμωτηρίου
3259 3059 3476 3131 πρηνὴς
3507 3060 3605 3112 ἐκ·

2005 3165 2192 3230 ταθεὶς
2241 3165 2318 3236 τῷ
2364 3163 2556 3233 ἐδάφει
2604 3159 2867 3232 (ἐκώλυον
2918 3155 3028 3226 γὰρ
3075 3153 3239 3207 αὐτὸν
3289 3150 3600 3216 ἀναστῆναι

2003 3261 2067 3314 τό
2087 3276 2145 3314 τε
2172 3258 2327 3325 ξύλον
2350 3258 2411 3311 τὸ
2437 3257 2529 3311 ἐπὶ
2561 3257 2677 3318 τοῖς
2708 3253 2836 3307 ποσὶ
2869 3249 2966 3305 καὶ
2994 3250 3022 3302 ὁ
3049 3246 3403 3317 ἐκδεδεμένος
3441 3243 3602 3306 λίθος

2003 3353 2098 3408 τοῦ
2131 3349 2430 3424 σώματος),
2479 3349 2664 3418 φωνὰς
2692 3346 2829 3417 πρὸς
2863 3345 2956 3398 τδν
2991 3343 3147 3406 Θεὸν,
3182 3336 3270 3396 οἷα
3297 3340 3465 3403 εἰκὸς,
3501 3337 3601 3390 εὑ-

2006 3445 2294 3518 χαριστίας
2319 3443 2641 3512 ἐφθέγγετο.
2678 3440 2754 3495 Οὐ
2788 3439 2894 3510 μὴν
2928 3437 3048 3491 οὺδέ
3081 3434 3214 3507 περὶ
3235 3434 3397 3530 αὐτὸν
3427 3433 3603 3530 pado-

2011 3539 2242 3608 μότερον
2293 3538 2449 3608 ἔσχεν
2485 3537 2514 3588 ὁ
2565 3532 2811 3605 ἡγεμὼν,
2852 3530 2988 3585 ἀλλὰ
3021 3529 3158 3599 πρὸς
3203 3531 3316 3591 τοῖς
3368 3527 3602 3595 δεσμοῖς

2005 3631 2100 3684 καὶ
2133 3632 2201 3700 τῇ
2246 3629 2355 3682 ἀπὸ
2389 3627 2498 3680 τῶν
2546 3626 2761 3696 δεσμῶν
2816 3623 3044 3677 ἐκείνων
3093 3621 3464 3690 ταλαιπωρίᾳ,
3501 3620 3603 3673 καὶ

2004 3725 2222 3797 πληγὰς
2252 3722 2403 3794 αὐτῷ
2423 3720 2569 3776 κατά
2597 3737 2658 3772 τε
2688 3717 2786 3772 τοῦ
2826 3715 3120 3789 προσώπου
3154 3717 3248 3770 καὶ
3279 3714 3382 3784 τῆς
3415 3729 3602 3781 κεφαο

2002 3820 2100 3889 λῆς
2159 3817 2298 3888 πρὸς
2344 3818 2466 3878 ταῖς
2517 3813 2713 3867 ἑκατὸν
2765 3812 3004 3879 ἑκάστης
3063 3808 3278 3880 ἡμέρας
3326 3807 3603 3860 ἐκτείνειν

2001 3911 2310 3967 ἐκέλευσεν.
2339 3909 2586 3980 Αἵματος
2624 3908 2724 3978 μὲν
2767 3905 2862 3962 οὖν
2913 3905 3059 3959 οὓτω
3091 3901 3215 3956 καθ’
3251 3901 3493 3970 ἑκάστην
3543 3899 3604 3963 ἐξ

2001 4003 2169 4058 αὐτοῦ
2219 4002 2530 4073 κατήγοντο
2562 4001 2790 4072 ρύακες,
2843 3999 2918 4063 ὡς
2965 3997 3061 4052 καὶ
3096 3995 3260 4049 αὑτὸν
3289 3992 3465 4062 δήπου
3504 3991 3604 4044 τὸν

2003 4093 2356 4165 ἐκδεδεμένον
2391 4091 2560 4147 αὐτοῦ
2602 4092 2772 4156 λίθον,
2805 4091 2902 4145 καὶ
2933 4091 3115 4144 πάντα
3153 4088 3212 4142 δὲ
3250 4086 3342 4142 τὸν
3369 4084 3606 4138 ὑποκεί-

2005 4206 2169 4261 μενον
2200 4187 2577 4257 φοινίσσεσθαι
2615 4186 2803 4241 τόπον.
2832 4183 3047 4248 Νυκτὸς
3075 4182 3134 4236 δέ
3159 4181 3322 4236 πάλιν
3345 4182 3601 4246 ἐπιγινο-

2003 4284 2197 4356 μένης,
2225 4281 2342 4352 φῶς
2371 4298 2432 4335 τε
2464 4283 2594 4353 περὶ
2614 4280 2778 4335 αὐτὸν
2801 4276 2914 4333 οἷον
2932 4277 3231 4348 ἐξέλαμπε,
3252 4273 3350 4330 καὶ
3364 4272 3602 4344 ἄγγελοι

2001 4374 2435 4445 ἐφειστήκεσαν,
2489 4373 2586 4426 καὶ
2647 4374 2678 4442 ἡ
2729 4370 2998 4442 θεραπεία
3036 4366 3336 4438 φιλοτίμως
3390 4366 3606 4434 ἐπηκο-

1999 4466 2202 4521 mea.

2075 4561 2217 4628 Πεῖν.
2243 4559 2433 4622 Οὕτως
2469 4552 2564 4612 οὖν
2589 4555 2756 4612 αὐτοῦ
2782 4554 2862 4626 τῷ
2890 4553 3046 4623 λίθῳ,
3087 4553 3181 4607 καὶ
3209 4554 3319 4614 τοῖς
3343 4552 3597 4620 δεσμοῖς,

2001 4653 2094 4707 καὶ
2138 4655 2260 4717 ταῖς
2309 4652 2712 4724 καθημεριναῖς
2770 4649 3010 4711 ἐκείναις
3079 4646 3317 4714 πληγαῖς
3365 4644 3601 4710 διακαρο

1999 4746 2286 4817 τεροῦντος
2320 4747 2416 4800 ἐπὶ
2445 4745 2640 4818 χρόνον
2675 4744 2776 4816 ήδη
2834 4742 3051 4813 συχνὸν,
3099 4741 3289 4810 ἑορταὶ
3337 4737 3440 4808 μέν
3489 4737 3597 4808 ἤδη

1999 4841 2352 4912 Χριστιανοῖς
2384 4840 2609 4911 ἐμελλον
2654 4838 2724 4892 τὰ
2769 4835 2865 4892 τοῦ
2914 4836 3169 4905 Σωτῆρος
3212 4833 3368 4906 ἡμῶν
3412 4829 3598 4901 Ἰησοῦ

308 4928 365 4973 et
397 4917 490 4974 Dei
516 4933 707 4975 amans
740 4918 966 4991 Sophia,
999 4937 1119 4992 quae
1141 4923 1446 4978 vehementi
1474 4924 1692 4994 quidem
1725 4926 1894 4996 pieta-

2015 4935 2240 5007 Κριστοῦ
2277 4937 2550 5006 Θεοφάνια
2582 4947 2596 4963 ·
2629 4936 2662 5002 ἠ
2693 4933 2750 4986 δέ
2782 4949 2847 5002 γε
2877 4930 3129 5000 θεοφιλὴς
3158 4929 3332 5000 Σοφία
3375 4926 3597 4998 σφοδρῷ

310 5013 380 5067 tis
402 5011 518 5067 zelo
541 5026 758 5083 semper
782 5015 1122 5080 movebatur,
1141 5026 1194 5071 et
1218 5015 1418 5085 alioqui
1451 5017 1742 5074 ardentiori
1765 5029 1893 5076 tunc

306 5104 552 5159 fervebat
589 5106 813 5176 spiritu,
867 5107 1031 5162 audet
1074 5108 1396 5178 praeclarum
1432 5112 1649 5183 aggredi
1682 5112 1893 5170 facinus

306 5203 362 5248 et
400 5197 579 5266 magni
610 5197 797 5253 animi.
839 5197 976 5254 Cum
1009 5198 1338 5257 famulorum
1373 5202 1678 5275 accepisset
1705 5205 1890 5262 multi-

308 5287 573 5354 tudinem,
603 5297 658 5344 et
679 5302 998 5360 puerorum,
1033 5295 1124 5365 qui
1149 5294 1217 5348 ab
1242 5310 1306 5350 ca
1335 5295 1644 5365 alebantur,
1674 5315 1891 5356 mascu-

307 5379 388 5434 los
419 5391 468 5435 et
499 5378 752 5448 feminas,
793 5381 1099 5454 ingreditur
1126 5399 1428 5454 carcerem,
1461 5399 1670 5446 etcum
1701 5393 1862 5447 vincu

306 5474 376 5528 lis
401 5472 692 5531 solvissent
725 5486 1045 5549 martyrem,
1079 5480 1315 5538 educunt
1336 5497 1366 5538 e
1400 5499 1651 5540 carcere.
1692 5487 1894 5544 Deinde

304 5577 438 5620 vero
472 5580 594 5622 cum
639 5565 842 5638 Sophia
873 5584 996 5634 eum
1025 5579 1178 5627 veste
1222 5574 1491 5631 induisset
1523 5579 1753 5651 candida
1778 5618 1795 5645 ,
1837 5591 1892 5634 et

306 5657 759 5724 superhumerale
791 5662 840 5717 ei
877 5661 1244 5735 imposuisset,
1275 5675 1328 5722 et
1364 5668 1413 5722 ei
1454 5669 1507 5724 iu
1552 5687 1743 5726 manus
1777 5681 1890 5726 tra-

305 5748 531 5804 didisset
557 5748 932 5822 Evangelium,
956 5771 1079 5812 cum
1108 5757 1289 5816 multis
1317 5760 1656 5831 lampadibus
1686 5776 1739 5818 et
1764 5766 1854 5819 sui
1867 5797 1887 5805 -

307 5841 495 5899 litibus
526 5843 945 5919 circumseptqu
978 5850 1278 5911 deducebat
1308 5855 1374 5911 ad
1407 5855 1712 5912 ecdcsiam.
1748 5856 1882 5913 Cum

2000 5031 2099 5102 μὲν
2117 5034 2213 5086 καὶ
2232 5033 2320 5086 ἀεὶ
2346 5030 2422 5102 τῷ
2443 5030 2542 5101 τῆς
2567 5027 2846 5091 εὐσεϐείας
2865 5027 3160 5095 κινουμένη
3185 5022 3353 5095 ζήλῳ,
3414 5022 3597 5084 ἄλλως

1994 5139 2055 5176 τε
2111 5122 2168 5176 δέ
2226 5123 2319 5176 καὶ
2359 5122 2677 5192 θερμοτέρῳ
2731 5117 3036 5189 τηνικαῦτα
3059 5115 3268 5191 ζέσασα
3291 5113 3592 5182 πνεύματι,

1997 5215 2173 5288 τολμᾷ
2201 5233 2251 5268 τι
2282 5217 2530 5285 γενναῖον
2560 5215 2656 5268 καὶ
2704 5212 2962 5282 ἀνδρικόν
2985 5225 2998 5240 ·
3043 5211 3138 5264 καὶ
3189 5205 3592 5278 παραλαϐοῦσα

2000 5309 2204 5377 πλῆθός
2230 5325 2290 5362 τε
2323 5307 2577 5370 οἰκετῶν,
2613 5306 2710 5360 καὶ
2751 5305 2863 5358 τῶν
2909 5302 3262 5375 τρεφομένων
3309 5301 3402 5353 ὑπ’
3445 5299 3587 5369 αὐτῇ

1999 5400 2227 5467 παίδων,
2277 5401 2402 5454 ὅσον
2450 5417 2510 5452 τε
2558 5398 2690 5467 θῆλυ
2725 5397 2823 5452 καὶ
2872 5397 2998 5451 ὅσον
3059 5397 3118 5450 ἐν
3147 5396 3398 5467 ἄρρεσιν,
3438 5393 3590 5446 ἔνδον

1996 5491 2090 5546 τοῦ
2121 5491 2499 5562 δεσμωτηρίου
2521 5491 2756 5559 γίνεται,
2789 5490 2886 5544 καὶ
2911 5489 3172 5552 λύσαντες
3199 5489 3291 5541 τὸν
3330 5488 3592 5556 μάρτυρα

1996 5585 2106 5638 τῶν
2137 5584 2375 5654 δεσμῶν,
2427 5583 2686 5652 ἐξάγουσι
2747 5582 2843 5637 τοῦ
2889 5582 3298 5654 δεσμωτηρίου.
3351 5580 3587 5633 Ἔπειτα

1995 5677 2052 5730 δὲ
2084 5677 2180 5731 καὶ
2228 5677 2419 5748 στολὴν
2458 5676 2610 5747 αὐτῷ
2655 5675 2942 5748 περιθεῖσα
2971 5675 3170 5746 λευκὴν
3199 5675 3232 5744 ἡ
3260 5673 3452 5743 Σοφία,
3487 5671 3589 5724 καὶ

1995 5769 2095 5840 τὴν
2151 5769 2404 5839 ἐπωμίδα
2464 5769 2875 5841 περιϐαλοῦσα,
2935 5771 3029 5822 καὶ
3084 5769 3276 5840 χερσὶν
3327 5764 3588 5818 ἐπιδοῦσα

1994 5862 2052 5914 τὸ
2075 5861 2450 5933 Εὐαγγέλιον,
2481 5861 2660 5928 οὕτως
2688 5861 2796 5916 ὑπὸ
2838 5862 3064 5928 πολλαῖς
3109 5861 3274 5916 αὑτὸν
3303 5857 3586 5950 ,λαμπάσι
