3832 6466
217 373 322 435 889
611 349 618 354 ’
1248 365 1422 424 νῐτΑ
1464 364 1523 423 s.
1558 360 1995 422 CLEMENTIS
2033 359 2442 420 ANCYRANL
3374 349 3479 416 890

221 491 318 542 nl.
349 484 664 557 θυμιάμασι
691 481 856 553 μέσον
884 477 1319 548 ἀπειλημμένον.
1350 475 1445 528 ἐπὶ
1473 476 1573 546 τὴν
1603 475 1801 545 ἐκκλη-
1833 504 1848 542 λ

1957 492 2024 530 ιςο
2051 485 2231 530 autem
2267 484 2468 529 vestem
2501 486 2713 542 quoque
2761 469 3028 525 induisset
3073 466 3392 532 candidam,
3428 479 3482 521 et

225 581 350 634 σὶαν
401 575 762 647 παρέπεμπε.
818 570 1033 642 Λευκὴν
1062 569 1119 623 δὲ
1169 567 1309 634 αὐτὴ
1337 565 1530 634 στολὴν
1569 565 1803 637 περιϐα-

1957 580 2176 624 ιιθνηειιῐι
2232 577 2452 638 propter
2487 565 2762 636 egregium
2814 563 3145 618 Clementem
3174 560 3486 616 ostenderet

220 670 453 740 λομὲνη,
479 668 575 722 κα)⁸
607 665 706 735 τὴν
729 663 880 717 ἐνδον
905 663 998 716 ἐπὶ
1023 660 1099 730 τῷ
1122 658 1359 728 γενναίῳ
1392 657 1675 727 Κλήμεντι
1705 658 1806 725 τῆς

1957 662 2074 716 iimi
2104 661 2372 726 laetitiam,
2404 658 2452 715 ei
2485 661 2539 714 in
2573 660 2792 715 sinistra
2841 665 2996 725 parte
3037 671 3256 712 manum
3307 654 3482 724 sulijiv

225 762 410 832 ψυχῆς
452 755 823 817 ἀποδεικνῦσα
882 753 1238 826 φαιδρότητα,
1302 751 1399 804 καὶ
1445 751 1605 819 χεῖρα
1663 748 1807 801 κατὰ

1962 753 2119 818 cbat,
2155 767 2274 820 quae
2315 767 2438 806 enm
2491 751 2822 818 sustineret,
2857 759 2912 807 et
2958 750 3025 804 ad
3078 747 3485 818 ingrediendum

225 855 289 907 τὸ
319 851 602 921 εὐώνυμον
633 849 802 920 μέρος
835 847 1080 916 ὑπεῖχεν,
1110 843 1413 914 ἀνέχουσαν
1439 842 1532 894 καὶ
1554 857 1805 912 συναιρο-

1957 855 2077 900 ιιτει
2105 859 2263 915 opem
2291 843 2537 914 martyri.

232 946 404 1017 μένην
431 945 568 1014 πρὸς
589 943 688 1014 τὴν
724 939 954 1012 πορείαν
988 937 1064 1008 τῷ
1105 937 1370 1008 μάρτυρι.

301 1085 453 1165 ΠΖ’.’
472 1109 592 1161 Ἔτι
632 1111 724 1160 οῦν
754 1105 963 1174 εἴχοντο
983 1101 1082 1171 τῆς
1104 1099 1246 1162 ὁδοῦ,
1280 1098 1374 1152 καὶ
1405 1097 1432 1150 ό
1467 1096 1637 1166 μέγας
1663 1093 1813 1164 Κλή-

236 1219 367 1272 μης,
400 1200 652 1270 καθάπερ
684 1198 784 1267 ἢδη
815 1193 909 1250 τοῦ
940 1193 1210 1248 Δεσπότου
1247 1190 1377 1260 πρὸς
1402 1188 1563 1243 αὑτὸν
1587 1185 1812 1240 καλοῦν-

232 1311 327 1357 τος
357 1291 701 1374 αἰσθό-μενος,
731 1288 831 1357 τὴν
855 1285 1036 1353 δεξιὰν
1066 1285 1144 1346 είς
1173 1282 1264 1335 τὸν
1291 1280 1519 1352 οὐρανὸν
1561 1274 1815 1348 ἀνασχὼν

1957 1301 2152 1352 antem,
2172 1291 2223 1346 in
2241 1288 2434 1344 cmlum
2449 1286 2656 1343 sublata
2677 1287 2894 1341 dextera
2917 1283 3106 1355 (altera
3120 1281 3262 1338 enim
3278 1280 3497 1334 tenebat

236 1384 296 1454 (ἡ
327 1371 650 1453 ἐτέραγὰρ
683 1381 744 1436 τὸ
773 1378 1104 1448 Εὐαγγέλιον
1138 1372 1298 1446 εἶχε),
1338 1373 1679 1443 ὑπερηύχετο
1715 1370 1816 1438 τῆς

1957 1381 2316 1454 Lvangelium),
2350 1381 2524 1436 oravit
2565 1389 2619 1434 et
2643 1395 2743 1449 pro
2773 1393 2870 1433 sua
2912 1375 3210 1432 secundum
3245 1374 3494 1442 Spiritum

236 1476 382 1531 κατὰ
443 1475 661 1545 πνεῦμα
715 1472 922 1543 μητρὸς
968 1468 1130 1524 αὑτοῦ
1184 1467 1422 1534 Σοφίας,
1475 1463 1818 1533 ὑπερηύχετο

1957 1485 2099 1529 iatre
2132 1473 2356 1543 Sophia,
2389 1484 2444 1529 et
2470 1472 2648 1527 oravit
2676 1471 2835 1525 etiam
2862 1483 2961 1540 pro
2995 1467 3140 1522 clero
3165 1474 3218 1521 et
3243 1464 3499 1518 universo

237 1567 335 1622 τοῦ
390 1569 596 1639 κλήρου
628 1566 726 1618 καὶ
784 1562 878 1616 τοῦ
942 1561 1193 1628 ποιμνίου
1229 1558 1427 1621 παντός
1454 1575 1467 1588 ·
1498 1558 1680 1628 ᾐτεῖτο
1708 1556 1820 1618 τοῖς

1961 1582 2119 1638 rege,
2171 1578 2223 1622 et
2254 1568 2407 1637 petiit
2455 1566 2548 1627 iis,
2601 1565 2692 1635 qui
2738 1565 2914 1633 ipsum
2965 1563 3301 1624 invocarent,
3354 1564 3500 1626 post-

239 1659 694 1729 ἐπικαλουμένοις
717 1657 882 1710 αὐτὸν
917 1653 1056 1726 μετὰ
1117 1652 1216 1722 τὴν
1251 1649 1502 1704 ἐντεῦθεν
1527 1647 1818 1717 ἐκδημίαν,

1963 1675 2082 1714 nam
2117 1659 2243 1714 hinc
2269 1659 2620 1723 excessisset,
2645 1666 2700 1712 et
2726 1672 2848 1711 eum
2873 1654 3071 1723 alioqui
3099 1653 3427 1706 honorarent
3450 1657 3504 1701 et

240 1753 340 1808 καὶ
378 1750 554 1811 ἄλλως
575 1745 940 1820 θεραπεύουσι
965 1745 1061 1798 καὶ
1080 1741 1332 1812 τιμῶσιν,
1359 1736 1640 1809 ἀντίληψιν
1671 1735 1823 1807 παρὰ

1959 1752 2189 1816 olerent,
2226 1751 2438 1807 Domini
2477 1749 2850 1806 defensionem
2877 1756 2931 1804 et
2961 1745 3213 1808 salutem,
3252 1751 3308 1798 et
3342 1740 3503 1811 quid-

243 1845 452 1916 Κυρίου
469 1843 567 1897 καὶ
601 1839 894 1912 σωτηρίαν,
926 1838 1021 1893 καλ⁸
1053 1837 1162 1892 πᾶν
1193 1835 1278 1887 ὅτι
1307 1849 1412 1903 περ
1445 1831 1509 1885 ἂν
1539 1830 1718 1893 αὐτοῖς
1744 1829 1824 1892 είς

1957 1841 2057 1908 [uid
2086 1841 2152 1894 ad
2188 1855 2376 1895 eorum
2410 1839 2744 1915 petitionem.
2766 1837 3027 1894 tributum
3086 1835 3325 1890 futurum
3361 1839 3506 1886 esset

242 1930 528 2008 αῖτησινῇ
577 1932 715 2004 πρὸς
767 1931 829 1986 τὸ
873 1928 1152 1998 συμφέρον
1198 1922 1671 1993 οἰκονομούμενον,
1731 1919 1826 1972 καὶ

1957 1934 2009 1988 is
2052 1932 2225 1986 utile:
2273 1941 2327 1986 et
2355 1933 2434 1986 sic
2485 1942 2761 2002 postremo
2805 1945 3001 1993 orans,
3035 1943 3155 1984 cum
3207 1934 3503 1995 martyrum

241 2031 498 2099 δεόμενος
524 2026 669 2080 οὕτω
697 2021 768 2077 τὰ
796 2021 1106 2084 τελευταῖα,
1150 2015 1346 2070 εἴσεισι
1379 2013 1514 2084 μετὰ
1546 2013 1644 2081 τῆς
1677 2009 1827 2080 φιλοο

1967 2036 2148 2079 mante
2181 2022 2407 2094 Sophia,
2439 2032 2494 2077 et
2530 2023 2596 2078 iis
2636 2023 2725 2092 qui
2757 2037 2879 2076 eum
2917 2019 3287 2078 deducebant,
3329 2016 3508 2085 ingre-

1985 1102 2295 1160 LXXXVII.
2326 1101 2515 1158 Adhuc
2542 1107 2722 1156 autem
2741 1097 2965 1154 erantin
2997 1096 3349 1161 itinere,cnm
3367 1094 3490 1149 Cle-

1919 1213 2092 1262 mens,
2121 1207 2176 1252 ut
2206 1197 2296 1266 qui
2317 1195 2426 1262 jam
2463 1194 2741 1258 sensisset,
2768 1191 3054 1246 Dominum
3077 1203 3201 1245 eum
3224 1188 3291 1243 ad
3314 1201 3373 1241 se
3397 1199 3490 1239 vo-

247 2123 529 2194 μάρτυρος
574 2118 773 2186 Σοφίας
801 2117 898 2170 καὶ
945 2113 1054 2167 τῶν
1083 2107 1568 2182 παραπεμπόντων
1599 2108 1697 2177 τὴν
1733 2105 1829 2158 ἐκ-

245 2214 503 2285 κλησίαν.
548 2212 778 2266 Ἐκεῖνοι
811 2208 911 2280 μὲν
961 2201 1056 2260 οὖν
1115 2203 1333 2274 μοχλοῖς
1371 2200 1467 2255 καὶ
1509 2197 1684 2253 κλεισὶ
1730 2195 1829 2259 τὰς

249 2308 422 2379 θύρας
472 2302 904 2373 ἀσφαλισάμενοι
959 2299 1248 2372 (ἐδεδίεσαν
1275 2295 1384 2367 γὰρ
1424 2293 1498 2364 μή
1539 2307 1682 2354 τινες
1735 2289 1834 2343 αύ-

246 2403 364 2463 τοῖς
412 2398 524 2452 τῶν
583 2395 797 2451 ἀσεϐῶν
850 2389 1202 2460 ἐπιπέσωσι),
1249 2388 1338 2442 διὰ
1411 2386 1593 2454 πάσης
1638 2382 1833 2443 νυκτὸς

249 2494 470 2567 ᾄδοντες
494 2488 656 2563 ἦσαν.
705 2489 793 2554 Ὠς
832 2487 889 2541 δέ
921 2487 1016 2540 καὶ
1054 2486 1088 2554 ἡ
1121 2482 1392 2552 σωτήριος
1422 2478 1602 2548 ἡμέρα
1625 2474 1832 2545 παρῆν,

250 2578 498 2658 φαιδρόεῗ
519 2602 572 2638 τι
622 2584 746 2637 λίαν
774 2582 870 2636 καὶ
903 2579 1003 2650 ἡδὺ
1039 2578 1334 2644 λάμπουσα
1367 2575 1486 2633 ταῖς
1516 2570 1624 2623 τῶν
1667 2567 1833 2632 ἀξίων

251 2681 478 2750 ψυχαῖς,
517 2675 786 2747 λαμπρῶς
807 2673 947 2742 ἄγαν
975 2671 1004 2724 ὁ
1048 2670 1257 2740 μάρτυς
1280 2666 1375 2737 τὴν
1407 2663 1559 2733 ἱερὰν
1588 2662 1836 2730 λειτουρ-

173 2792 176 2794 '
253 2773 386 2842 γίαν
414 2767 752 2831 διατελέσας,
792 2765 887 2818 καὶ
921 2763 1020 2832 τῆς
1057 2762 1327 2832 ἀχράντου
1362 2759 1700 2822 κοινωνήσας
1723 2754 1836 2812 τοῖς

253 2862 498 2934 παροῦσι
555 2860 652 2915 καὶ
708 2857 1050 2928 ἀναιμάκτου
1108 2852 1319 2915 θυσίας,
1349 2845 1470 2902 εἶτα
1505 2845 1599 2900 καὶ
1633 2844 1838 2912 γλυκὺν

253 2959 440 3020 αὐτοῖς
458 2956 516 3010 τὸ
544 2952 638 3011 τοῦ
668 2947 904 3026 Χριστοῦ
940 2948 1129 3021 κλῆμα
1157 2946 1250 3000 τὸν
1275 2939 1420 2998 οἶνον
1457 2943 1557 3012 τῆς
1585 2938 1840 2992 διδασκα-

255 3051 380 3114 λίας
403 3047 698 3114 ἀπέσταξε.
1662 3028 1665 3030 ’

1932 2115 2081 2169 ditur
2109 2114 2419 2169 ecclesiam.
2455 2114 2629 2181 Atque
2659 2113 2732 2166 illi
2769 2113 2986 2182 quidem
3019 2126 3144 2164 cum
3177 2109 3424 2164 clavibus
3453 2117 3510 2159 et

1932 2211 2173 2265 vectibus
2206 2209 2350 2264 fores
2387 2209 2705 2263 muniissent
2749 2207 3053 2276 (timebant
3085 2203 3231 2259 enim
3253 2243 3269 2268 ,
3317 2217 3383 2256 ne
3413 2199 3511 2255 ali-

1933 2304 2024 2371 qui
2053 2319 2117 2359 ex
2147 2303 2328 2371 impiis
2355 2303 2408 2357 in
2431 2318 2524 2358 eos
2557 2298 2878 2372 irruerent),
2898 2306 3010 2353 tota
3038 2307 3195 2352 nocte
3223 2293 3510 2350 cant-bant.

1939 2394 2228 2464 Postquam
2262 2403 2440 2447 autem
2469 2393 2584 2447 dies
2615 2391 2834 2446 advenit
2863 2387 3142 2448 salutaris.
3179 2384 3418 2455 jucunde
3457 2391 3513 2436 et

1936 2490 2175 2542 suaviter
2200 2486 2522 2542 illucescens
2547 2497 2758 2546 eorum,
2785 2482 2874 2552 qui
2906 2479 3054 2551 digni
3079 2487 3260 2538 erant,
3293 2477 3512 2541 animis,

1938 2595 2060 2635 cum
2093 2579 2352 2649 praeclare
2379 2576 2666 2631 admodum
2699 2583 2907 2644 martyr
2942 2586 3158 2628 sacrum
3191 2569 3520 2625 celebrasset

1941 2672 2338 2736 ministerium,
2387 2678 2443 2724 et
2483 2669 2810 2722 intemerato
2862 2674 2917 2720 et
2969 2665 3253 2718 incruento
3303 2675 3398 2715 eos
3425 2661 3517 2730 qui

1940 2765 2186 2828 aderant,
2240 2761 2591 2832 impertiisset
2619 2758 2912 2820 sacriﬁcio,
2941 2756 3020 2811 eis
3081 2754 3267 2809 suavis
3315 2752 3518 2807 Christi

1941 2854 2165 2922 palmes,
2192 2855 2465 2919 Clemens,
2521 2853 2744 2923 inquam
2765 2893 2780 2917 ,
2818 2851 2898 2906 eis
2922 2847 3212 2904 instillavit
3241 2845 3397 2901 dulce
3441 2844 3521 2897 vi-

1944 2967 2070 3006 num
2099 2950 2380 3005 doctrinm.

331 3209 469 3267 1111'.
503 3206 784 3279 Περιδεεῖς
834 3203 892 3259 δὲ
929 3200 1130 3263 αὐτοὺς
1163 3198 1257 3252 κα¹ι
1285 3193 1632 3262 καταφόϐους
1669 3191 1833 3263 ὁρῶν,

2013 3197 2343 3256 LXXXVIII.
2385 3198 2520 3254 Cum
2561 3208 2738 3252 autem
2771 3197 2974 3252 videret
3001 3194 3343 3266 perturbatos
3369 3204 3424 3248 et
3459 3194 3526 3246 ti-

257 3304 348 3360 οἷά
375 3322 494 3359 τινα
508 3301 616 3355 τῶν
643 3298 887 3354 ἀπίστων
912 3293 1196 3348 ἐπέλευσιν
1223 3286 1646 3349 ὑποπτεύοντας,
1681 3284 1843 3354 ἐπέρα

262 3406 440 3474 ρωσεν
467 3395 646 3451 αὐτῶν
679 3394 747 3447 τὰ
779 3393 1133 3462 φρονήματα,
1174 3385 1268 3440 καὶ
1312 3383 1412 3454 τὴν
1448 3380 1651 3436 δειλίαν
1683 3378 1840 3430 ἐκϐέ-

189 3501 192 3504 ’
261 3471 459 3563 ϐληκε,
492 3486 706 3560 φανερὰ
759 3485 855 3538 καὶ
903 3481 996 3536 ὑπ’
1045 3477 1359 3548 ὀφθαλμοὺς
1398 3474 1581 3536 αὐτοῖς
1607 3473 1676 3524 τὰ
1714 3471 1845 3542 μέλα

260 3589 425 3640 λοντα
479 3578 855 3650 συμϐήσεσθαι
922 3574 1302 3645 παραστήσας.
1366 3569 1630 3637 Θαρσεῖτε
1698 3566 1842 3636 γὰρ,

264 3677 454 3750 φησὶν.
481 3672 723 3742 ἀδελφοὶ,
745 3669 996 3740 θαρσεῖτε
1012 3685 1026 3699 ο
1049 3660 1129 3728 εἷς
1155 3665 1213 3732 ἐξ
1232 3665 1261 3718 ὑ
1271 3662 1386 3734 μῶν
1420 3662 1519 3714 οὐκ
1541 3658 1844 3722 ἀπολεῖται,

263 3771 361 3824 δύο
392 3769 447 3823 δέ
481 3783 628 3829 τινες
679 3766 775 3817 καὶ
823 3762 1009 3833 τρίτος
1059 3757 1172 3828 ἐγὼ
1227 3757 1324 3810 σὺν
1367 3755 1572 3817 αὐτοῖς,
1614 3752 1718 3822 ἤδη
1749 3750 1850 3818 τὴν

265 3861 588 3917 τελευταίαν
619 3856 884 3928 ἐκδημίαν
912 3855 1004 3922 ἀφ’
1022 3850 1178 3922 ὑμῶν
1209 3848 1593 3920 ἐκδημήσομεν
1612 3861 1626 3874 ⁸
1660 3846 1850 3897 ἔπειτα

269 3955 634 4024 σϐεσθήσεται
674 3949 828 4020 μὲνὴ
871 3945 1012 4001 κατὰ
1054 3941 1402 4014 Χριστιανῶν
1433 3939 1626 4003 λύσσα,
1655 3937 1848 4008 εἰρήνη

267 4049 325 4102 δὲ
355 4047 495 4118 πρὸς
519 4044 586 4099 τὰ
621 4040 913 4112 Ῥωμαίων
941 4038 1214 4098 ἀνατελεϊ,
1253 4034 1349 4089 καὶ
1377 4034 1528 4086 πᾶσα
1568 4031 1721 4092 πόλις
1753 4029 1850 4082 καὶ

269 4139 426 4211 χώρα
466 4138 568 4207 τῆς
628 4134 980 4204 ἐπιγνώσεως
1025 4128 1398 4200 πλησθήσεται
1439 4123 1534 4178 τοῦ
1568 4120 1805 4191 Χριστοῦ
1835 4138 1848 4151 ·

272 4232 370 4287 καὶ
404 4231 757 4303 ἀνοιγήσεται
800 4229 899 4298 μὲν
931 4227 1077 4290 ἅπας
1117 4227 1144 4278 ὁ
1182 4224 1326 4294 ἱερὸς
1383 4217 1552 4286 οἶκος,
1598 4218 1853 4286 κλεισθὴ⁹

275 4341 457 4378 σονται
519 4323 578 4376 δὲ
631 4323 682 4376 οί
721 4321 830 4374 τῶν
873 4318 1148 4388 Ἐλλήνων
1172 4316 1314 4382 ναοὶ,
1340 4315 1436 4367 καὶ
1479 4312 1770 4380 φεύξονται
1803 4310 1853 4362 οἱ

276 4411 709 4484 προσκυνοῦντες
741 4412 798 4464 ἐν
828 4411 1036 4474 αὐτοῖς,
1068 4409 1162 4462 καὶ
1191 4407 1282 4460 τὸν
1313 4404 1480 4475 φόϐον
1511 4403 1668 4472 ἡμῶν
1698 4399 1856 4456 αὐτοὶΙ

275 4505 703 4578 φοϐηθήσονται.
720 4503 779 4558 '0
805 4504 860 4558 δὲ
885 4503 1072 4575 καιρὸς
1089 4492 1246 4564 οὗτος
1270 4499 1456 4568 ἐγγὺς,
1489 4494 1582 4548 καί
1609 4506 1752 4556 τινες
1792 4492 1850 4559 ἐξ

275 4599 433 4672 ὑμῶν
449 4598 548 4671 τὴν
569 4597 952 4670 καταστροφὴν
973 4595 1083 4649 τῶν
1107 4591 1414 4647 διωκόντων
1436 4589 1468 4660 ἡ
1476 4589 1585 4660 μᾶς
1605 4585 1848 4656 ὄψονται.

1954 3310 2104 3350 more
2126 3293 2366 3360 affectos,
2387 3302 2442 3346 ut
2471 3293 2562 3362 qui
2595 3291 2998 3360 suspicarentur
3031 3289 3146 3345 fore
3173 3288 3407 3356 aliquam
3446 3286 3529 3341 in-

1953 3391 2186 3446 fidelium
2212 3388 2600 3453 incursiooem,
2628 3386 2965 3440 continuavit
2990 3399 3178 3439 eorum
3211 3383 3458 3452 spiritus,
3478 3391 3532 3436 et

1953 3497 2074 3536 cum
2120 3495 2241 3550 quas
2271 3479 2447 3534 futura
2481 3488 2661 3538 erant,
2699 3491 2886 3531 eorum
2933 3476 3260 3544 subiecisset
3295 3475 3468 3530 oculis
3513 3489 3528 3528 :

1955 3573 2124 3638 Bono,
2152 3570 2347 3639 inquit,
2378 3570 2500 3626 sitis
2527 3569 2732 3631 animo.
2767 3568 2986 3632 fratres,
3012 3583 3116 3622 non
3145 3567 3342 3638 peribit
3394 3583 3533 3621 unus

1956 3679 2020 3718 ex
2062 3665 2240 3721 vobis.
2275 3664 2391 3718 Duo
2434 3672 2615 3718 autem
2667 3661 2909 3731 quidam,
2939 3672 2994 3715 et
3036 3675 3136 3731 ego
3181 3661 3372 3715 tertius
3409 3674 3532 3714 cum

1956 3756 2036 3809 eis
2087 3767 2366 3824 postremo
2405 3771 2434 3808 a
2474 3753 2625 3808 vobis
2669 3755 3018 3809 excedemus.
3080 3751 3280 3807 Deinde
3323 3752 3533 3805 exstin-

1956 3856 2149 3918 guelur
2189 3846 2427 3916 quidem,
2465 3862 2585 3916 quae
2625 3846 2777 3900 saevit
2813 3845 2863 3898 in
2905 3843 3262 3908 Christianos,
3311 3843 3534 3897 rabies:

1957 3939 2167 3996 orietur
2195 3954 2324 3994 vero
2348 3955 2449 4010 pax
2474 3940 2527 3993 in
2556 3939 2784 4008 imperio
2809 3938 3174 3992 Romanorum
3204 3952 3218 3993 :
3251 3935 3536 4004 omnisque

1959 4031 2153 4086 civitas
2201 4042 2256 4085 et
2295 4031 2442 4100 regio
2493 4029 2806 4100 implebitnr
2845 4026 3050 4084 Christi
3101 4027 3452 4097 cognitione:
3483 4035 3539 4080 et

1962 4125 2239 4192 aperietur
2289 4124 2508 4194 quidem
2558 4125 2736 4179 omnis
2786 4124 2931 4178 aedes
2981 4136 3160 4186 sacra,
3218 4119 3542 4174 claudentur

1964 4229 2144 4274 autem
2196 4218 2392 4287 templa
2438 4217 2742 4287 gentilium,
2774 4225 2828 4271 et
2868 4216 3096 4287 fugient,
3131 4213 3222 4278 qui
3254 4214 3303 4266 in
3338 4212 3418 4265 eis
3449 4214 3543 4264 a-l-

1962 4321 2153 4376 urant,
2185 4321 2238 4366 et
2274 4325 2363 4376 eo,
2411 4326 2520 4380 quo
2551 4325 2694 4364 nunc
2729 4323 2846 4373 vos,
2876 4307 2976 4376 ipsi
3007 4287 3200 4361 timore
3219 4303 3540 4357 afﬁcientur.

1965 4401 2078 4458 Hoc
2110 4411 2293 4457 autem
2337 4413 2548 4473 tempus
2589 4417 2757 4472 prope
2799 4410 2904 4466 est,
2928 4407 2984 4455 et
3026 4397 3246 4470 quidam
3289 4409 3358 4451 ex
3393 4393 3546 4448 vobis

1962 4496 2220 4550 videbunt
2251 4509 2476 4550 eversos
2502 4505 2902 4564 persecutores.

349 4796 482 4852 110'.
512 4796 704 4850 Ταῦτα
739 4793 954 4847 ἐκείνου
987 4791 1218 4862 γυμνῶς
1261 4787 1538 4843 οὖτω’καὶ
1567 4788 1848 4841 ἀποκεκα-

2030 4782 2319 4840 LXXXIX.
2377 4783 2500 4837 Hinc
2536 4796 2658 4836 cum
2688 4779 2776 4833 ille
2817 4787 2923 4829 tam
2953 4783 3135 4842 aperte
3162 4773 3451 4828 dissereret
3481 4772 3547 4827 iis

278 4893 572 4963 λυμμένως
595 4892 709 4954 τοῖς
743 4887 982 4959 παροῦσι
1013 4885 1324 4951 διεξιόντος,
1355 4885 1389 4954 ἡ
1423 4881 1768 4952 φιλόχριστός
1802 4898 1862 4933 τε

281 4985 378 5039 καὶ
406 4983 744 5054 φιλόμαρτυς
792 4979 965 5049 Σοφία
1013 4977 1219 5048 μεστὴν
1255 4974 1450 5046 ἡδονῆς
1480 4973 1576 5027 ἐπὶ
1609 4972 1689 5041 τῷ
1719 4971 1864 5040 Κλή-

284 5091 441 5146 μεντι
470 5073 564 5126 καὶ
595 5069 950 5140 φαιδρότητπ
971 5065 1170 5137 ἔχουσα
1197 5064 1298 5135 τὴν
1317 5062 1568 5131 καρδίαν,
1601 5061 1783 5130 χήρας
1806 5076 1865 5112 τε

282 5169 378 5222 καὶ
411 5165 681 5235 ὀρφανοὺς
721 5161 1028 5224 συνεκάλει,
1064 5159 1160 5212 καὶ
1208 5157 1374 5229 ἄρτον
1411 5155 1596 5218 αὐτοῖς
1625 5154 1722 5208 καὶ
1747 5152 1862 5205 ἐδέ-

289 5277 472 5332 σμσιτα
502 5258 598 5311 καὶ
633 5251 775 5309 οἶνον
810 5253 1017 5322 ἄφθονα
1064 5250 1380 5322 προσετίθει
1429 5248 1628 5308 πάντα,
1664 5246 1761 5299 καὶ
1788 5245 1865 5308 ὡς

285 5354 320 5419 ἠ
375 5351 498 5420 χεὶρ
549 5343 694 5418 εἶχεν
736 5345 1025 5411 ἐδεξιοῦτο.
1063 5342 1252 5398 Ταῦτα
1303 5343 1402 5414 μὲν
1433 5337 1526 5395 οὖν
1556 5339 1868 5408 δωδεκάτην

288 5443 420 5512 ἑξῆς
451 5441 683 5496 ἐτελεῖτο
711 5441 948 5510 ἡμέραν,
971 5439 1066 5494 καὶ
1105 5437 1404 5509 φιλοτίμως
1424 5437 1552 5498 τοὺς
1585 5433 1871 5504 παραϐάλ-

285 5536 482 5600 λοντας
522 5537 557 5606 ἠ
615 5533 788 5604 Σοφία
809 5533 1008 5598 εἱστία,
1035 5531 1130 5586 καὶ
1157 5526 1298 5602 ἦσαν
1336 5531 1395 5582 ἐν
1432 5530 1646 5599 ἑορταῖς
1672 5527 1874 5589 πάντες

291 5629 388 5683 καὶ
415 5626 760 5690 εὐπαθείαις,
781 5628 876 5681 καὶ
897 5617 1224 5696 ’Κλήμεντος
1247 5624 1349 5694 τὴν
1369 5621 1707 5692 ἐπεκδημίαν
1737 5618 1875 5689 ἐώρ-

290 5720 456 5784 ταζον
481 5735 494 5749 ·
528 5719 649 5772 ἐπεὶ
672 5720 726 5773 δὲ
759 5721 851 5773 καὶ
880 5720 915 5790 ὴ
948 5717 1258 5788 προθεσμία
1295 5717 1478 5786 παρῆν
1510 5710 1788 5785 (Κυριακὴ
1815 5709 1873 5762 δὲ

285 5808 359 5884 ἦν
389 5814 423 5884 ἡ
448 5811 650 5884 ἡμέρα)
673 5810 764 5866 τὸν
790 5811 1028 5882 ἀθλητὴν
1050 5809 1158 5864 ἀπὸ
1191 5810 1287 5875 τῆς
1318 5807 1602 5878 παρούσης
1634 5802 1873 5858 καλοῦσα

1970 4882 2060 4950 qui
2095 4880 2341 4938 aderant,
2375 4875 2577 4931 Christi
2614 4881 2668 4927 et
2699 4880 2995 4940 martyrum
3034 4865 3405 4920 amantissima
3443 4866 3549 4920 So-

1972 4973 2120 5043 phia,
2144 4971 2380 5025 maximo
2398 4967 2596 5039 gaudio
2617 4975 2670 5021 et
2689 4963 2867 5017 laetitia
2894 4968 3111 5032 propter
3133 4959 3464 5014 Clementem
3493 4956 3547 5010 in

1973 5063 2136 5119 corde
2179 5048 2370 5130 plena,
2421 5056 2756 5112 convocabat
2802 5048 2991 5106 viduas
3027 5059 3080 5104 et
3107 5049 3404 5120 urphanos,
3455 5062 3552 5116 pa-

1975 5164 2207 5222 nemque
2239 5160 2293 5205 et
2325 5149 2503 5204 cibum
2553 5158 2604 5199 et
2636 5146 2819 5198 vinum
2856 5145 2935 5198 eis
2981 5141 3196 5196 abunde
3223 5138 3550 5208 Suppedita-

1973 5246 2086 5307 bat.
2117 5253 2171 5299 et
2201 5257 2296 5312 pro
2331 5241 2539 5294 viribus
2581 5253 2677 5293 eos
2709 5233 3189 5305 complectebatur.
3232 5233 3406 5300 Atque
3438 5230 3552 5284 haec

1972 5335 2190 5407 quidem
2219 5332 2502 5388 duodecim
2539 5330 2794 5398 deinceps
2836 5326 2950 5380 dies
2990 5323 3130 5379 facta
3160 5330 3306 5384 sunt,
3339 5333 3391 5376 et
3423 5335 3515 5376 eos
3536 5359 3552 5386 ,

1975 5426 2066 5495 qui
2107 5423 2460 5484 accedebant,
2485 5421 2733 5476 convivio
2759 5415 3058 5495 liberaliter
3081 5413 3289 5482 accepit
3314 5410 3512 5479 Sophia
3536 5451 3551 5473 ,

1979 5491 2257 5586 festosque
2279 5515 2396 5570 dies
2424 5512 2770 5568 celebrabant
2795 5521 2848 5565 et
2881 5491 3127 5564 hilariter
3161 5503 3552 5571 transigebant,

1981 5619 2035 5665 et
2062 5607 2357 5665 Clementis
2379 5607 2668 5661 adventum
2691 5602 3054 5657 honorabant.
3081 5598 3214 5654 Cum
3245 5603 3422 5650 autem
3441 5593 3551 5660 jam

1982 5703 2098 5760 dies
2143 5701 2360 5758 adesset
2402 5700 2734 5770 praestitutus
2783 5696 2937 5765 (erat
2965 5706 3098 5748 vero
3149 5691 3265 5744 dies
3318 5685 3558 5741 Domitli~

1980 5800 2118 5868 cus)
2150 5810 2178 5849 a
2211 5791 2462 5864 praesenti
2496 5791 2601 5845 vita
2633 5787 2892 5844 athletam
2925 5798 3181 5847 evocans,
3221 5779 3311 5835 ille
3337 5775 3554 5848 quidem
