3832 6504
328 349 431 416 891

1569 353 1858 419 MENSIS
1884 349 2346 416 JANUARIUS.

3479 343 3592 408 892

322 464 565 518 divinum
595 464 833 522 celebrat
857 467 1208 524 sacriﬁcium.
1240 469 1534 539 Postquam
1563 480 1744 526 autem
1773 485 1894 540 per-

2009 466 2169 534 ξωῆς,
2191 469 2220 520 ὁ
2247 465 2346 533 μὲν
2369 459 2634 536 ἐτύγχανε
2659 463 2759 534 τὴν
2791 461 2943 517 θείαν
2977 461 3325 533 λειτουργίαν
3374 461 3596 530 ἱερουρ-

326 555 466 610 [ccta
501 556 734 620 fuerant,
770 575 889 626 qua:
921 573 1342 626 consueverant,
1379 573 1432 618 et
1461 563 1754 633 participes
1787 561 1900 618 lue-

327 659 451 703 runt
505 649 688 704 ﬁdeles
735 651 927 706 viviﬁci
953 640 1212 722 corporis
1255 664 1308 708 et
1351 655 1655 724 sanguinis,
1705 655 1903 709 divinis

324 739 504 794 adhuc
547 741 705 798 donis
753 742 804 796 in
837 759 994 798 sacra
1050 761 1234 798 mensa
1291 749 1600 816 propositis,
1649 756 1704 801 et
1737 748 1802 800 ad
1837 763 1900 801 ea

325 843 562 902 martyre
612 834 806 888 collum
855 837 1086 892 trahente
1135 838 1488 904 inclinatum,
1549 840 1774 910 quidam
1833 853 1899 892 ex

329 925 760 994 magistratibus,
790 927 1099 983 Alexander
1139 932 1380 996 nomine,
1423 932 1623 1000 impetu
1679 939 1902 999 repente

325 1011 469 1067 [ιοιο
503 1029 625 1068 cmn
669 1015 954 1083 militibus,
992 1018 1147 1086 jubet
1193 1021 1285 1074 uni
1333 1037 1397 1074 ex
1455 1021 1568 1076 suis
1623 1031 1904 1092 amputare

324 1117 538 1157 sacrum
561 1116 721 1176 caput
751 1109 1065 1166 Clementis.
1102 1110 1302 1167 Deinde
1329 1113 1492 1168 etiam
1527 1115 1900 1168 intemeratam

322 1194 648 1252 oblationem
683 1198 736 1269 (o
769 1210 936 1269 tuam,
959 1202 1175 1259 Christe
1213 1221 1332 1270 rex,
1366 1207 1677 1275 patientiam
1700 1205 1738 1278 ι)
1759 1207 1902 1276 deje-

324 1287 864 1361 ceruut,in_terram,
898 1303 947 1348 et
981 1293 1223 1363 profanis
1257 1297 1485 1364 pedibus
1513 1295 1726 1366 profani
1766 1311 1900 1352 conv

325 1375 626 1435 cnlcarunt.
674 1381 855 1450 Atque
881 1383 960 1439 sic
999 1385 1216 1454 quidem
1255 1401 1482 1455 magnus
1522 1387 1611 1442 ille
1647 1386 1904 1443 Clemens

324 1469 672 1534 sacrificans,
734 1484 1014 1544 accc-ptum
1056 1493 1153 1546 pro
1201 1478 1383 1548 aliquo
1437 1479 1543 1535 alio
1574 1481 1899 1536 sacriﬁcium

326 1560 444 1630 ipse
475 1563 585 1618 Deo
616 1566 866 1622 oﬂ‘ertnr.
901 1568 1098 1624 Eorum
1133 1585 1314 1627 autem
1347 1573 1439 1642 qui
1474 1575 1696 1628 aderant
1723 1576 1906 1630 multi-

328 1653 523 1721 titudo,
559 1656 650 1712 alii
701 1661 925 1728 quidem
974 1675 1319 1720 recesserunt
1363 1667 1753 1738 lacrymantes;
1793 1669 1902 1726 duo

323 1757 454 1797 vero
486 1747 585 1801 soli
631 1765 698 1806 ex
743 1750 966 1818 Levitis,
1008 1755 1100 1824 qui
1139 1756 1302 1811 etiam
1362 1759 1682 1816 intemerato
1741 1763 1902 1818 mini-

2007 556 2142 624 γῶν.
2202 555 2290 616 Ὠς
2344 553 2405 608 δὲ
2460 555 2642 608 πάντα
2679 552 2936 622 ἐτελέσθη
2985 552 3052 606 τά
3091 550 3343 614 είωθότα,
3373 551 3472 604 καὶ
3497 548 3596 602 τηεῦ

2008 645 2278 712 ζωοποιοῦ
2321 647 2584 716 μετέσχον
2613 645 2664 698 οί
2703 643 2886 698 πιστοὶ
2921 641 3170 712 σώματός
3196 659 3254 694 τε
3302 640 3400 694 καὶ
3425 639 3598 707 αἷμα-

2003 757 2116 803 τος.
2167 739 2244 793 ἔτι
2285 740 2392 792 τῶν
2437 738 2597 792 θείων
2653 737 2841 808 δώρων
2871 737 2969 807 τῆς
3020 736 3171 804 ἱερᾶς
3212 730 3598 803 προκειμένων

2003 832 2322 903 τραπέζης,
2364 834 2458 886 καὶ
2512 829 2607 884 τοῦ
2663 831 2946 900 μάρτυρος
3011 823 3446 894 ὐποκεκλιμένον
3503 821 3600 874 αὐ-

2003 928 2114 988 τοῖς
2161 923 2376 993 ἔχοντος
2419 924 2512 978 τὸν
2554 923 2795 994 αὐχένα,
2848 920 2989 991 μετὰ
3033 918 3273 989 πλήθους
3322 931 3600 982 στρατιωο

2003 1019 2112 1072 τῶν
2174 1019 2360 1089 ἄρχων
2399 1035 2505 1081 τις,
2547 1015 2896 1084 Ἀλέξανδρος
2942 1011 3134 1081 ὄνομα,
3171 1010 3235 1061 ὲκ
3279 1005 3373 1060 τοῦ
3411 1005 3598 1072 αίφνι-

2003 1111 2116 1164 δίου
2175 1109 2522 1164 ἐπεισπεσὼν
2574 1107 2787 1163 κελεύει
2837 1105 2946 1158 τῶν
2983 1103 3078 1157 ὐπ’
3114 1100 3297 1155 αὐτῶν
3347 1097 3430 1152 Evt
3450 1097 3599 1164 ξίφει

2003 1205 2104 1273 τὴν
2167 1203 2320 1275 ίεράν
2370 1203 2466 1258 καὶ
2519 1201 2670 1256 θείαν
2718 1198 2812 1252 τοῦ
2875 1197 3192 1267 Κλήμεντος
3260 1189 3598 1259 ἀποτέμνειν

2005 1295 2274 1365 κεφαλήν.
2301 1290 2434 1349 Εἶτα
2494 1293 2590 1348 καὶ
2635 1291 2734 1362 τὴν
2775 1291 3046 1362 ἄχραντον
3090 1284 3436 1363 προσφορὰν,
3461 1283 3586 1352 (ὅση

2007 1402 2127 1448 σου,
2170 1384 2378 1456 Χριστὲ
2429 1383 2672 1454 βασιλεῦ,
2725 1384 2759 1452 ἡ
2813 1379 3170 1452 μακροθυμία
3193 1375 3232 1448 ί)
3291 1374 3435 1429 κατὰ
3487 1372 3595 1442 γῆς

2004 1477 2322 1548 ἐρρίπτουν,
2347 1479 2444 1532 καὶ
2475 1476 2602 1529 ποσὶ
2616 1475 2863 1546 βεϐήλοις
2891 1475 2941 1526 οί
2969 1471 3188 1542 βέὸηλοι
3221 1469 3588 1524 κατεπάτουν.

2005 1568 2162 1626 Οὖτω
2199 1570 2297 1640 μὲν
2321 1564 2414 1622 οὖν
2453 1568 2598 1622 θύων
2631 1571 2659 1622 6
2700 1572 2876 1637 μέγας
2909 1567 3162 1637 Κλήμης,
3221 1561 3368 1631 θῦμα
3400 1559 3592 1613 amt»

2005 1663 2123 1717 ἀντ’
2157 1663 2317 1718 ἄλλου
2353 1662 2499 1725 τινὸς
2553 1661 2719 1724 αὐτὸς
2779 1659 3121 1728 προσάγεται
3160 1655 3240 1724 τῷ
3264 1653 3416 1723 Θεῷο
3447 1653 3509 1704 τὸ
3533 1649 3592 1703 δὲ

2002 1755 2114 1810 τῶν
2153 1755 2528 1825 παρεστώτων
2577 1751 2802 1822 πλῆθος,
2849 1753 2902 1804 οί
2947 1751 3046 1818 μὲν
3071 1749 3220 1803 ἄλλοι
3261 1743 3595 1816 δακρύοντες

323 1837 574 1894 strabant
597 1844 882 1910 sacriﬁcio,
915 1861 1055 1902 unus
1087 1849 1305 1919 quidem
1337 1849 1787 1921 Chrismpborus,
1823 1857 1900 1910 al-

2009 1847 2348 1919 ὑπεχώρουν,
2403 1845 2497 1900 δύο
2537 1845 2594 1900 δὲ
2652 1847 2802 1916 μόνοι
2860 1845 2967 1896 τῶν
3016 1841 3280 1901 Λευῖτῶν,
3317 1837 3368 1892 οἷ
3407 1838 3500 1900 καὶ
3527 1837 3596 1905 τῇ

324 1935 409 1982 ter
438 1941 618 1986 autem
661 1931 927 1990 Cltariton
980 1939 1219 2004 nomine,
1253 1952 1310 1997 ut
1357 1944 1472 2012 ip-ze
1503 1945 1653 2013 prius
1692 1945 1899 2015 signiti-

325 2020 470 2074 cavit
526 2021 736 2090 beatus,
789 2030 855 2080 ad
913 2029 1148 2084 divinam
1191 2032 1412 2102 quidem
1479 2035 1599 2100 ejus
1655 2051 1897 2092 mensam

324 2107 538 2163 beatum
569 2110 670 2180 ipsi
698 2128 914 2184 quoque
939 2117 1098 2173 [luem
1134 2133 1485 2190 acceperunt.

401 2285 509 2345 XC.
555 2288 756 2346 Fidelis
781 2305 958 2349 autem
995 2295 1220 2368 Sophia,
1253 2313 1374 2368 qua:
1409 2315 1602 2371 magno
1633 2301 1896 2358 Clementi

327 2379 430 2436 l'uit
457 2396 521 2437 ex
549 2381 664 2438 Deo
711 2396 882 2440 mater
925 2395 980 2442 et
1008 2391 1186 2444 nutrix
1227 2403 1282 2446 et
1335 2391 1654 2462 instituti-ix,
1690 2409 1812 2450 cum
1845 2397 1898 2453 in

329 2471 450 2526 aula
486 2473 750 2528 tutissima
779 2474 1008 2533 haberet
1048 2481 1214 2536 lilium
1248 2485 1572 2554 repositum,
1611 2497 1664 2542 et
1695 2489 1788 2556 qui
1833 2490 1900 2544 ad

328 2578 592 2632 supernas
615 2569 908 2624 transierat
929 2585 1155 2627 coronas
1175 2613 1191 2640 ,
1219 2585 1274 2630 et
1299 2575 1652 2632 immobilium
1687 2578 1899 2634 illorum

328 2656 594 2710 benorum
647 2663 1136 2728 rcmunerationes,
1205 2667 1626 2724 sollicitudinem
1684 2687 1900 2730 omnem

327 2747 546 2803 solvens
576 2759 631 2804 et
660 2765 971 2820 inmrorem,
995 2765 1048 2810 et
1083 2757 1424 2812 lucernarum
1469 2763 1720 2818 accendit
1765 2765 1902 2817 mul~

329 2845 636 2912 titudinem,
683 2851 960 2920 multaque
991 2867 1305 2922 perpessum
1351 2859 1578 2928 etquod
1619 2861 1782 2916 multa
1825 2864 1903 2917 vi-

328 2947 473 2990 cerat
509 2941 832 3007 certamina,
864 2943 946 2998 sui
982 2945 1294 3000 amicissimi
1328 2951 1523 3004 mortui
1557 2951 1748 3008 tollens
1781 2968 1904 3008 cor-

329 3043 450 3098 pus,
480 3030 695 3088 mundis
735 3035 975 3090 vestibus
1021 3044 1074 3090 et
1110 3037 1289 3095 linteis
1324 3041 1567 3108 involvit,
1596 3054 1651 3099 et
1687 3046 1740 3100 in
1783 3046 1902 3116 ipso

330 3122 552 3192 templo,
587 3124 730 3190 quod
762 3137 846 3181 est
876 3127 927 3180 in
965 3128 1102 3196 loco,
1130 3131 1220 3200 qui
1256 3132 1456 3188 dicitur
1481 3136 1735 3207 Cryptos,
1768 3154 1902 3209 pra:-

328 3214 538 3268 clarum
572 3216 832 3283 prmclare
862 3219 1081 3288 deponit
1111 3240 1124 3276 :
1154 3224 1241 3278 ubi
1273 3226 1435 3279 etiam
1463 3228 1614 3296 prius
1639 3232 1904 3300 deposue-

329 3314 416 3358 rat
459 3305 923 3378 Agathangelum,
986 3318 1045 3364 ut
1097 3314 1186 3366 uni
1247 3316 1497 3387 sepulcro
1551 3321 1908 3376 crederentur

329 3408 580 3461 corpora,
613 3411 844 3463 quorum
873 3399 1084 3452 animas
1114 3403 1251 3457 idem
1295 3405 1418 3460 coeli
1452 3411 1691 3477 suscepit
1723 3411 1902 3465 taber-

329 3486 610 3542 naculum.
636 3489 810 3559 Prope
839 3506 933 3546 eos
970 3503 1175 3556 autem,
1207 3495 1327 3551 illos
1353 3496 1518 3552 etiam
1561 3499 1753 3570 sepelit
1785 3501 1902 3553 dia-

329 3593 516 3646 conos,
547 3581 637 3650 qui
690 3597 812 3637 cmn
855 3599 1050 3654 magno
1094 3585 1376 3645 Clemente
1429 3601 1900 3656 concertaverant,

329 3683 437 3738 quo
467 3671 520 3725 in
555 3675 672 3727 loco
710 3687 898 3728 eorum
927 3689 1145 3746 quoque
1169 3691 1332 3746 parva
1359 3679 1623 3734 mdilicata
1657 3689 1742 3734 est
1777 3682 1904 3734 :edi-

327 3762 472 3817 cn-la.
507 3764 710 3820 Deinde
746 3781 869 3821 cum
918 3766 1212 3824 Clementis
1261 3771 1560 3826 assedisset
1616 3773 1902 3842 sepulcro,

330 3851 442 3906 hmc.
458 3856 716 3920 praeclara
731 3856 1177 3926 humanitatisque
1195 3871 1250 3914 et
1263 3860 1546 3917 an‘ectione
1561 3864 1716 3933 plena
1737 3867 1900 3920 verba

249 3973 253 3976 -
329 3945 724 4012 elaquehatur:
757 3946 872 4018 Ego
899 3949 1114 4020 quidem
1147 3965 1261 4018 vos,
1289 3967 1322 4007 ο
1353 3952 1472 4018 lilii,
1507 3954 1560 4008 in
1590 3955 1814 4026 Crypto,
1853 3959 1902 4012 id

331 4047 416 4090 est
467 4041 518 4090 in
571 4039 778 4104 abdito,
825 4040 1211 4109 deposui:sed
1255 4059 1354 4100 vos
1385 4048 1608 4102 omnino
1654 4049 1905 4106 Christus

331 4127 384 4180 iu
423 4138 611 4196 aperto
637 4129 866 4187 deducet
911 4133 963 4186 in
995 4135 1264 4202 requiem,
1298 4146 1524 4207 propter
1552 4154 1710 4208 quem
1742 4149 1822 4196 tot
1849 4151 1905 4196 et

330 4228 479 4274 tanta
509 4231 683 4275 vestra
713 4233 906 4291 sponte
941 4224 1053 4295 pati
1090 4226 1391 4298 delegistis,
1421 4239 1478 4283 et
1509 4231 1660 4285 vobis
1683 4231 1900 4301 dignam

327 4311 496 4368 adem
523 4314 804 4382 excitabit,
835 4323 890 4370 et
917 4327 1097 4373 vestra
1129 4334 1358 4389 corpora
1382 4320 1436 4374 in
1463 4336 1525 4376 ea
1553 4334 1899 4393 reportentur.

325 4405 495 4462 Porro
520 4417 698 4463 autem
723 4422 812 4465 me
839 4425 1060 4482 quoque
1085 4412 1198 4482 jam
1225 4412 1292 4468 ad
1317 4427 1412 4470 vos
1441 4427 1596 4485 vocat
1629 4429 1898 4483 senectus,

2007 1940 2264 2012 ἀχράντῳ
2293 1939 2453 2011 θυσίᾳ
2485 1939 2892 2007 διακονούμενοι
2919 1932 3080 2003 ἦσαν,
3109 1937 3138 1986 ὁ
3165 1933 3263 2003 μὲν
3289 1928 3596 2000 Χριστοφόο

2009 2049 2121 2104 ρος,
2140 2035 2168 2086 ὁ
2191 2032 2246 2086 δὲ
2270 2031 2530 2101 Χαρίτων
2560 2028 2915 2100 καλούμενοι,
2939 2028 3013 2090 ὡς
3042 2026 3202 2088 αὐτὸς
3223 2020 3593 2093 προαγγείλας

2007 2120 2075 2195 ἦν
2100 2125 2128 2176 ὁ
2164 2124 2454 2194 μακάριος,
2485 2119 2652 2174 αὐτοῦ
2680 2137 2783 2173 που
2836 2118 2989 2186 παρὰ.
3012 2120 3078 2190 τῇ
3114 2115 3236 2187 θείᾳ
3255 2115 3510 2186 τραπέζῃ
3534 2111 3598 2165 te

2009 2217 2282 2286 μακάριον
2312 2213 2404 2266 καὶ
2437 2213 2593 2267 αὐτοὶ
2623 2211 2778 2273 τέλος
2801 2210 3068 2274 ἐδέξαντο.

2079 2311 2150 2376 ιιν.
2195 2307 2261 2360 Ἦ
2291 2307 2480 2375 μέντοι
2520 2303 2689 2374 πιστὴ
2745 2303 2936 2372 Σοφία.
2969 2304 3002 2372 ἡ
3035 2303 3128 2355 καὶ
3161 2303 3348 2372 μήτηρ
3381 2299 3461 2371 τῷ
3495 2315 3593 2369 με-

2007 2401 2157 2470 γάλῳ
2179 2399 2296 2470 Κλή
2309 2415 2466 2470 μεντι
2495 2396 2642 2452 κατά
2675 2395 2833 2464 Θεὸν,
2885 2397 2981 2450 καὶ
3033 2395 3253 2464 τροφὸς,
3285 2397 3382 2449 καὶ
3445 2393 3594 2447 παιδ-

2007 2493 2221 2562 αγωγὸς
2247 2493 2538 2564 γενομένη,
2570 2490 2762 2562 ἐπειδὴ
2789 2490 2884 2542 καὶ
2911 2487 3002 2541 τὸν
3027 2487 3141 2541 υίδν
3173 2488 3272 2559 ἤδη
3305 2487 3496 2540 λοιπὸν
3531 2488 3593 2539 έν

2007 2583 2192 2654 ἁσύλῳ
2225 2582 2558 2638 ἀποτεθέντα
2606 2577 2720 2652 εἶχε
2747 2579 2982 2650 ταμείῳ,
3023 2579 3117 2632 καὶ
3151 2579 3287 2650 πρὸς
3314 2579 3445 2642 τούς
3478 2578 3593 2632 ἄνω

2008 2675 2270 2730 δι;-.6άντα
2297 2675 2615 2743 στεφάνους,
2643 2673 2738 2727 καὶ
2754 2673 2861 2725 τῶν
2897 2673 3172 2741 ἀκινήτων
3198 2669 3420 2738 ἀγαθῶν
3449 2669 3597 2722 ὲκεί-

2009 2785 2115 2822 νων
2142 2766 2240 2830 τὰς
2285 2766 2600 2828 ἀντιδόσεις,
2636 2763 2916 2836 φροντίδος
2971 2764 3155 2834 πάσης
3202 2763 3298 2816 καὶ
3353 2763 3596 2826 ἀγωνίας

2009 2860 2211 2930 έάυτὴν
2244 2860 2478 2920 ἀνιεῖσα,
2536 2855 2838 2927 λαμπάδων
2866 2871 2926 2908 τε
2971 2852 3174 2922 πλῆθος
3203 2849 3460 2910 ἀνάπτει,
3495 2846 3592 2898 καὶ

2009 2953 2234 3023 ἡδίστης
2279 2951 2506 3027 εὐωδίας
2558 2950 2650 3002 τὸν
2697 2947 2833 3018 ἀέρα
2879 2948 3100 3018 πληροῖ,
3133 2945 3310 3007 θείους
3348 2959 3406 2996 τε
3439 2937 3590 3010 αὐτῷ

2012 3044 2212 3116 ὕμνους
2263 3045 2471 3114 ὲπᾲδει,
2530 3041 2624 3094 καὶ
2663 3037 2808 3091 οὕτω
2858 3041 2948 3091 τὸν
3005 3034 3292 3102 πολυπαθῆ
3336 3032 3434 3086 καὶ
3485 3048 3588 3086 στο-

2011 3137 2240 3192 λύαθ).ον
2299 3139 2506 3189 ἐκεῖνον
2570 3132 2664 3186 τοῦ
2721 3129 2979 3201 φιλτάτου
3041 3126 3342 3197 ἀνελομένη
3393 3125 3590 3195 νεκρὸν

2011 3228 2286 3299 ἐσθήμασί
2313 3244 2372 3280 τε
2405 3228 2500 3280 καὶ
2541 3224 2740 3276 σινδόσι
2797 3222 3059 3291 καθαροῖς
3107 3218 3464 3290 περιελίττει,
3491 3216 3586 3270 καὶ

2007 3321 2066 3373 ἐν
2097 3317 2246 3388 αὐτῷ
2270 3317 2348 3388 τῷ
2374 3318 2514 3370 κατὰ
2539 3315 2628 3366 τὸν
2650 3317 2814 3367 τόπον
2837 3312 2969 3382 ναῷ,
3004 3311 3062 3375 ὃς
3075 3311 3182 3380 ἄρα
3209 3313 3302 3363 καὶ
3333 3309 3588 3380 Κρυπτὺς

2006 3411 2274 3476 ἐκαλεῖτο,
2339 3410 2592 3480 λαμπρὸν
2629 3405 2897 3477 λαμπρῶς
2944 3403 3318 3466 κατατίθεται,
3367 3403 3458 3456 ίνα
3491 3403 3588 3454 καὶ

2005 3504 2098 3558 τὸν
2137 3501 2542 3572 Ἀγαθάγγελον
2596 3502 2860 3572 ἐτύγχανε
2898 3497 3382 3570 προκαταθεμένη,
3436 3497 3587 3560 ὅπως

2006 3595 2101 3650 καὶ
2143 3597 2316 3664 τάφος
2371 3589 2452 3658 εἷς
2485 3595 2552 3648 τά
2609 3593 2838 3666 σώματα
2885 3592 3178 3662 πιστευθῇ,
3225 3583 3300 3643 ὧν
3349 3591 3382 3660 ἡ
3443 3589 3584 3656 αὐτὴ

2007 3686 2182 3758 σκηνὴ
2212 3685 2422 3750 καὶτὰς
2446 3684 2622 3755 ψυχὰς
2647 3685 2704 3737 ὲν
2727 3685 2978 3755 οὐρανοῖς
3011 3681 3324 3748 ὑπεδέξατο.
3353 3679 3590 3750 Πλησίον

2005 3778 2060 3831 δὲ
2093 3777 2189 3830 καὶ
2225 3777 2425 3840 αὐτοὺς
2477 3775 2674 3829 θάπτει
2731 3776 2857 3840 τοὺς
2909 3773 3356 3842 συναθλήσαντας
3383 3770 3465 3841 τῷ
3497 3787 3590 3840 με.

2006 3871 2158 3940 γάλῳ
2186 3870 2470 3940 Κλήμεντι
2500 3868 2805 3931 διακόνους,
2833 3867 2961 3921 ἔνθα
2995 3868 3090 3920 καὶ
3133 3866 3304 3937 μικρά
3326 3881 3408 3926 τις
3439 3861 3587 3934 ᾤκοο

2004 3963 2208 4034 δόμητο
2246 3962 2472 4015 ἐκείνων
2517 3962 2682 4014 οίκία.
2733 3955 2866 4014 Εἶτα
2921 3957 3352 4030 παρακαθίσασα
3381 3956 3458 4027 τῷ
3487 3955 3583 4008 τοῦ

2008 4051 2323 4122 Κλήμεντος
2369 4051 2550 4120 τάφῳ,
2599 4050 2743 4103 οὕτω
2770 4065 2886 4112 πως
2939 4047 3314 4117 ὑπεφθέγγετο
3356 4045 3424 4098 τά
3457 4061 3583 4113 γενο

2005 4146 2131 4196 ναῖα
2163 4147 2319 4197 ταυτὶ
2347 4145 2444 4196 καὶ
2469 4143 2826 4214 φιλάνθρωπα
2861 4142 2954 4194 καὶ
2985 4136 3270 4210 περιπαθῆ
3317 4139 3544 4208 ῥήματα
3566 4151 3579 4165 ⁶

2018 4236 2158 4305 Ἐγὼ
2199 4237 2298 4307 μὲν
2329 4237 2492 4308 ὑμᾶς,
2523 4229 2568 4288 ὧ
2588 4236 2774 4298 τέκνα,
2804 4236 2860 4287 ὲν
2881 4232 2960 4303 τῷ
2979 4231 3219 4302 Κρυπτῴ
3250 4229 3582 4306 κατεθέμην,

2005 4329 2141 4382 ἀλλὰ
2168 4328 2406 4398 Χριστὸς
2433 4328 2492 4380 ὲν
2530 4326 2608 4397 τῷ
2649 4325 2866 4396 φανερῷ
2922 4323 3139 4388 πάντως
3183 4318 3544 4375 διαναπαύσει
3567 4333 3582 4348 ·

2003 4423 2069 4476 δι’
2101 4421 2160 4475 ὃν
2183 4421 2277 4474 καὶ
2325 4420 2396 4473 τὰ
2421 4419 2663 4472 τοσαῦτα
2693 4419 2888 4472 παθεῖν
2909 4415 3079 4486 ἡδέως
3121 4413 3462 4484 προείλεσθε,
3490 4411 3585 4463 καὶ

325 4513 446 4568 qua:
482 4511 772 4570 propterea
811 4504 866 4556 in
906 4503 1230 4560 hodiernum
1264 4521 1437 4577 usque
1468 4507 1608 4564 diem
1651 4519 1734 4565 est
1769 4526 1900 4566 con-

2010 4511 2157 4569 οἷκον
2187 4514 2316 4584 ὑμῖν
2345 4513 2496 4578 ἀξιον
2522 4512 2841 4583 ἀναστήσει,
2875 4511 2970 4564 καὶ
2999 4509 3065 4562 τὰ
3101 4508 3327 4578 σώματα
3349 4505 3505 4577 ὑμῶν
3526 4507 3584 4558 ὲν

325 4605 564 4670 servata;
621 4612 679 4660 ut
729 4603 886 4660 vobis
940 4621 1286 4662 communem
1343 4611 1566 4666 omnino
1612 4626 1900 4684 congeram

327 4695 635 4762 pulverem,
693 4710 830 4764 quos
884 4712 952 4750 ne
991 4695 1212 4767 longum
1247 4698 1462 4769 quidem
1501 4710 1710 4770 tempus
1763 4718 1904 4758 mar-

328 4785 451 4854 tyrii
479 4800 507 4838 a
543 4801 603 4840 se
637 4785 866 4842 invicem
903 4790 1198 4860 separavit,
1227 4799 1284 4844 et
1309 4791 1569 4860 meipsam
1602 4792 1754 4846 vobis
1786 4795 1903 4861 pulo

320 4877 515 4928 chrum
551 4876 767 4930 bustum
801 4881 1092 4946 praebeam.
1131 4877 1236 4934 Sed
1267 4887 1542 4948 orate_pro
1573 4894 1679 4946 me,
1709 4895 1742 4935 ο
1769 4881 1902 4936 cha-

325 4966 548 5036 l’lS.~itlti,
583 4983 702 5037 qua:
750 4984 868 5024 sum
919 4981 1110 5030 mater.
1152 4981 1210 5026 et
1237 4971 1449 5035 nutrix,
1491 4980 1545 5026 et
1573 4971 1816 5042 supplex,
1846 4983 1904 5027 ut

323 5058 525 5127 possim
573 5061 714 5113 sicut
761 5059 873 5126 hic,
907 5061 978 5115 ita
1010 5063 1174 5116 etiam
1207 5061 1317 5118 illic
1342 5076 1558 5132 quoque
1589 5077 1708 5118 esse
1732 5079 1898 5134 prope

322 5166 441 5215 vos,
465 5161 520 5206 et
551 5151 696 5222 apud
728 5152 1012 5210 Dominum
1051 5156 1251 5225 possim
1292 5169 1509 5223 quoque
1547 5169 1767 5224 parvam
1795 5157 1898 5210 ali-

322 5257 486 5310 quam
519 5244 718 5300 habere
743 5244 1030 5315 ﬁduciam,
1061 5246 1239 5314 Atque
1263 5246 1352 5300 illa
1375 5247 1592 5316 quidem
1621 5247 1733 5302 haec
1756 5248 1898 5316 apud

324 5336 636 5403 sepulcrum
690 5337 1034 5407 loquebatur,
1089 5348 1146 5394 et
1196 5339 1419 5408 sensim,
1447 5355 1550 5393 una
1598 5355 1722 5394 cum
1766 5353 1898 5394 voce

321 5430 481 5481 etiam
509 5428 798 5487 etlluebant
827 5431 1100 5504 laerymae.

2005 4607 2157 4678 αὐτῷ
2203 4605 2556 4676 ἀποϐήσεται.
2598 4604 2756 4674 Κάμὲ
2816 4605 2871 4656 δὲ
2925 4601 2985 4656 τὸ
3031 4603 3208 4672 γῆρας
3257 4599 3360 4669 ἤδη
3399 4597 3584 4650 λοιπὸν

2007 4697 2162 4754 καλεῖ
2196 4697 2331 4767 πρὸς
2358 4698 2523 4766 ὑμᾶς,
2586 4696 2673 4750 διὰ
2701 4695 2856 4748 τοῦτο
2901 4694 2990 4746 καὶ
3019 4693 3098 4756 είς
3129 4690 3292 4762 δεῦρο
3324 4687 3581 4760 τηρηθεῖ-

2004 4808 2126 4851 σαν,
2164 4790 2254 4844 ἵνα
2282 4788 2500 4851 πάντως
2547 4788 2734 4856 κοινὴν
2791 4787 2919 4856 ὑμῖν
2959 4783 3219 4855 ἐπιχώσω
3275 4782 3447 4846 κόνιν,
3491 4779 3580 4842 οὓς

2003 4885 2128 4938 οὐδὲ
2151 4885 2179 4938 ὁ
2211 4883 2420 4954 μακρὸς
2455 4881 2549 4936 ἀπ’
2579 4879 2826 4950 ἀλλήλων
2870 4877 2962 4932 τοῦ
2993 4876 3292 4948 μαρτυρίου
3331 4875 3580 4943 διέστησε

2005 4975 2216 5048 χρόνος,
2249 4975 2344 5027 καὶ
2381 4975 2547 5028 καλὸν
2569 4970 2812 5044 ἐμαυτὴν
2838 4971 3106 5042 παράσχω
3127 4967 3404 5038 ἐντάφιον.
3442 4964 3580 5020 Ἀλλ’

2005 5067 2236 5134 εὔξασθε
2270 5067 2412 5137 ὑπὲρ
2441 5065 2598 5135 ἐμοῦ,
2637 5064 2908 5134 φίλτατοι,
2946 5063 3041 5132 τῆς
3074 5060 3166 5113 καὶ
3209 5059 3438 5130 μητρὸς,
3492 5059 3580 5110 καὶ

2005 5157 2230 5230 τροφοῦ,
2258 5158 2354 5210 καὶ
2390 5155 2645 5219 ίκέτιδος,
2699 5154 2840 5208 ὥστε
2889 5153 3184 5224 δυνηθῆναι
3214 5151 3468 5220 καθάπερ
3499 5150 3579 5200 ὲν-

2007 5249 2202 5318 ταῦθα,
2234 5250 2378 5304 οὕτω
2415 5255 2508 5303 καὶ
2529 5248 2716 5302 αὐτόθι
2737 5246 2983 5316 γίνεσθαί
3003 5263 3106 5297 που
3135 5243 3364 5314 πλησίον
3405 5241 3574 5314 ὑμῶν,

2005 5347 2098 5397 καὶ
2135 5344 2336 5414 μικρᾶς
2391 5359 2536 5406 τινος
2598 5341 2742 5412 κάμὲ
2773 5342 2907 5412 πρὸς
2941 5341 3032 5393 τὸν
3059 5339 3235 5392 κοινὸν
3299 5339 3574 5402 Δεσπότην

2003 5435 2336 5506 κοινωνῆσαι
2398 5436 2496 5503 τῆς
2543 5433 2880 5505 παρρησίας.
2923 5433 2989 5487 Ἦ
3028 5433 3128 5502 μὲν
3174 5431 3268 5485 οὖν
3299 5432 3452 5502 παρᾶ
3500 5426 3573 5497 τῷ

321 5523 480 5594 τάφῳ
542 5523 718 5579 ταῦτα
745 5527 1064 5596 ἐφθέγγετο,
1115 5527 1211 5580 καὶ
1249 5525 1428 5596 ἡσυχῆ
1465 5523 1606 5595 μετά
1637 5526 1736 5596 τῆς
1775 5527 1959 5598 φωνῆς
1987 5527 2264 5600 παρέρρει
2303 5528 2400 5582 καὶ
2426 5529 2656 5600 δάκρυα.

397 5619 530 5674 XCI.
568 5619 872 5676 Praeclarus
911 5633 1091 5676 autent
1141 5621 1340 5678 Christi
1393 5621 1594 5676 athleta
1645 5620 1898 5676 Clemens

323 5709 488 5775 (nam
537 5723 660 5764 cum
714 5711 805 5772 iis.
851 5729 969 5782 quae
1009 5715 1155 5768 dicta
1208 5725 1366 5778 sunt,
1423 5727 1592 5781 pauca
1648 5711 1894 5780 quintium

324 5803 596 5873 adiecero,
633 5802 812 5861 [iniam
855 5807 1192 5878 orationem)
1235 5817 1494 5880 perpetuo
1540 5805 1757 5874 quidem
1805 5804 1899 5859 de-

2077 5627 2197 5690 ιιᾹ¹ο
2243 5625 2312 5678 Ὅ
2359 5642 2422 5694 γε
2463 5627 2569 5696 μὴν
2621 5625 2866 5693 γενναῖος
2895 5623 2988 5677 τοῦ
3044 5620 3279 5694 Χριστοῦ
3345 5617 3569 5688 ἀθλητὴς

2008 5712 2238 5782 Κλήμης
2282 5712 2502 5783 (μικρὸν
2557 5712 2664 5781 γάρ
2717 5711 2798 5764 ἔτι
2831 5713 2943 5775 τοῖς
2983 5709 3298 5782 είρημένοις
3319 5707 3568 5779 προσθεὶς

2006 5801 2296 5856 καταλύσω
2324 5802 2416 5854 τὸν
2444 5801 2618 5872 λόγον)
2650 5800 2919 5855 διετέλεσε
2943 5800 3044 5870 μὲν
3079 5799 3257 5854 ἁθλῶν
3295 5798 3389 5852 ἐπὶ
3424 5799 3566 5869 βασι-
