3832 6470
215 368 324 434 893

1159 369 1326 427 VITA
1375 367 1436 428 S.
1476 365 1802 428 JOANNIS
1835 366 2484 429 ELEEMOSYNARII.

3381 367 3486 431 894

214 487 350 540 λέων
381 479 767 553 Διοκλητιανοῦ
810 479 903 535 καὶ
967 480 1338 551 Μαξιμιανοῦ,
1387 483 1482 534 ὲπὶ
1521 482 1798 552 ἀρχόντων

1905 483 2135 538 certavit
2187 484 2288 538 sub
2345 484 2765 553 imperatoribus
2823 481 3160 535 Dim-letiauo
3212 491 3266 536 et
3324 482 3491 536 Maxi-

215 577 272 628 δὲ
294 571 648 644 Δομετιανοῦ,
698 571 1080 640 Ἀγριππίνου,
1138 571 1459 641 Κουρικίου,
1512 571 1793 640 Δομετίου,

214 666 584 736 Σακερδῶτος,
645 664 925 733 Μαξίμου,
961 663 1332 734 Ἀφροδισίου,
1391 664 1647 727 Λουκίου,
1703 665 1796 717 καὶ

227 758 578 828 Ἀλεξάνδρου
599 775 612 787 ·
645 757 735 811 τὸν
758 756 946 827 ἀγῶνα
970 758 1026 812 δὲ
1068 758 1224 830 τρίτῃ
1260 759 1427 830 μηνὸς
1462 759 1795 829 Ἰανουαρίου

213 851 310 905 καὶ
335 853 554 920 εἰκοστῇ
588 849 871 913 καταλύει,
901 850 975 911 ὡς
993 845 1132 902 εἶναι
1156 851 1248 902 τὸν
1273 852 1448 903 πάντα
1471 849 1562 903 τοῦ
1592 867 1798 919 μαρτυ-

215 945 334 1014 ρίου
364 945 555 1014 χρόνον
582 943 825 996 εἰκοστὸν
860 943 1009 1013 αὐτῷ
1033 945 1127 996 καὶ
1154 944 1337 1012 ὃγδοον
1376 945 1515 1007 ἔτος.
1564 945 1629 997 Ὃ
1663 944 1798 1012 πρὸς

213 1036 481 1106 ἀνάνηψιν
531 1037 680 1106 ἡμᾶς
713 1037 811 1107 τῆς
840 1036 1048 1097 οἰκείας
1083 1035 1227 1105 ἔχειν
1255 1036 1336 1088 δεῖ
1373 1035 1669 1108 ῥᾳθυμίας,
1705 1036 1800 1089 καὶ

212 1125 315 1197 τὴν
353 1125 571 1195 μακρὰν
602 1123 806 1194 ταύτην
837 1125 1102 1179 αἰδεῖσθαι
1124 1127 1232 1178 τῶν
1255 1126 1433 1180 ἄθλων
1463 1129 1795 1198 παράτασιν,

213 1220 331 1272 ὅσοι
375 1219 509 1290 μηδὲ
546 1219 809 1290 βραχεῖάν
836 1235 958 1272 τινα
995 1218 1188 1287 καιροῦ
1221 1221 1393 1290 ῥοπὴν
1424 1220 1713 1290 ὑπομεῖναί
1747 1240 1798 1274 τι

220 1314 318 1366 καὶ
372 1313 483 1366 τῶν
537 1313 882 1384 ἀηδεστέρων
933 1313 1020 1368 διὰ
1066 1315 1303 1381 Χριστὸν
1348 1312 1674 1384 ἀνεχόμεθα,
1705 1316 1801 1368 καὶ

213 1404 359 1458 οὕτω
379 1405 848 1476 παρεσκευάσθαι,
878 1407 974 1460 καὶ
991 1407 1135 1461 οὕτω
1159 1407 1404 1478 θαρρεῖν,
1435 1408 1574 1462 ὥστε
1600 1407 1667 1461 δι’
1697 1410 1799 1462 αὖ-

211 1501 328 1558 τὸν,
365 1499 415 1550 εἰ
449 1498 655 1567 δεήσει,
709 1499 890 1553 πάντα
931 1499 1145 1565 παθεῖν,
1176 1501 1262 1554 ἶνα
1295 1502 1388 1554 καὶ
1424 1501 1579 1554 αὐτοὶ
1606 1518 1803 1572 προαι-

217 1590 424 1660 ρέσεως
455 1583 605 1660 ὦμεν
637 1592 936 1662 μαρτύριον
967 1591 1340 1659 διανύσαντες,
1369 1594 1463 1646 καὶ
1489 1595 1800 1667 παρῤησῗας

213 1684 356 1754 πρὸς
396 1683 527 1736 Θεὸν
563 1683 677 1754 ἅμα
718 1686 813 1738 σὺν
841 1686 1035 1756 ἐκείνῳ
1061 1685 1427 1756 μετάσχωμεν
1449 1702 1462 1715 ⁸
1503 1683 1570 1758 ἦς
1594 1689 1802 1755 γένοιτο

214 1777 429 1834 πάντας
459 1775 607 1844 ἡμᾶς
640 1775 937 1845 ἐπιτυχεῖν,
972 1777 1157 1848 χάριτι
1181 1778 1274 1830 καὶ⁸
1306 1776 1688 1850 φιλα·.ὐρωπίᾳ
1706 1778 1799 1832 τοῦ

1905 577 2085 630 miauo
2137 595 2150 631 :
2211 577 2312 631 sub
2371 577 2774 644 magistratibus
2826 588 3005 628 autem
3058 591 3122 630 ae
3164 576 3488 643 praesidibus

1905 670 2231 732 Domitiano,
2262 671 2576 738 Agrippino,
2601 669 2844 734 Curicio,
2869 669 3127 730 Domitio,
3161 667 3484 732 Sacerdote,

1904 761 2160 824 Maximo,
2215 763 2560 832 Aphrodisio,
2617 762 2784 816 Lucio
2831 773 2886 814 et
2937 761 3269 818 Alexandro.
3322 760 3488 816 Finiit

1903 870 2033 909 vero
2085 866 2359 909 certamen
2390 854 2462 909 9.5
2486 853 2752 917 Januarii,
2788 856 2922 908 adeo
2962 867 3022 907 ut
3074 863 3242 906 totum
3277 862 3487 922 tempus

1904 948 2149 1018 martyrii
2179 948 2228 1002 ei
2265 948 2423 1001 luerit
2457 947 2642 1018 viginti
2672 957 2722 999 et
2750 959 2874 1000 octo
2905 947 3054 1000 anni.
3086 945 3238 1011 Quod
3267 945 3484 1014 quidem

1905 1055 2002 1092 nos
2043 1047 2256 1108 oportet
2295 1049 2476 1092 tenere
2527 1037 2785 1091 memoria
2813 1046 2870 1088 ut
2901 1051 2930 1088 a
2972 1045 3156 1089 nostra
3189 1036 3490 1088 excitemur

1903 1132 2176 1194 socordia,
2201 1139 2255 1184 et
2278 1132 2394 1185 haec
2419 1140 2524 1184 tam
2555 1129 2765 1198 prolixa
2792 1143 3138 1184 revereamur
3164 1128 3486 1192 certamina,

1903 1226 1996 1296 qui
2039 1239 2138 1278 nec
2181 1237 2406 1293 parvum
2447 1223 2669 1289 aliquod
2716 1229 3051 1275 metuentqu
3085 1220 3345 1290 temporis
3385 1220 3487 1275 ali—

1903 1319 2031 1387 quid
2063 1317 2273 1372 molesti
2301 1325 2522 1386 propter
2545 1314 2825 1370 Christum
2851 1315 3084 1369 tolerare
3108 1315 3445 1369 sustinemus
3469 1331 3484 1368 :

1905 1421 1960 1466 et
2013 1411 2093 1466 sic
2139 1425 2238 1465 nos
2295 1423 2713 1477 comparemus,
2765 1416 2820 1462 et
2874 1416 3076 1460 tantam
3133 1406 3493 1476 suscipiamus

1904 1504 2311 1568 confidentiam,
2334 1512 2393 1558 ut
2415 1513 2636 1572 propter
2659 1503 2858 1573 ipsum,
2880 1501 2924 1553 si
2948 1517 3083 1569 opus
3105 1498 3290 1565 fuerit,
3313 1498 3492 1551 omnia

1906 1597 2194 1667 patiamur,
2222 1605 2281 1651 ut
2307 1596 2404 1665 ipsi
2429 1597 2728 1650 voluntatis
2752 1596 3045 1648 subeamus
3069 1591 3412 1662 martyrium,
3439 1597 3496 1645 et

1905 1689 2044 1759 apud
2081 1689 2248 1743 Deum
2283 1690 2531 1744 ﬁduciam
2565 1705 2688 1743 cum
2721 1688 2824 1742 illis
2854 1701 3254 1754 consequamur
3288 1702 3300 1738 :
3328 1699 3490 1756 quam

1909 1781 2067 1835 detur
2107 1781 2260 1834 nobis
2298 1780 2552 1834 oumilms
2595 1779 2853 1850 consequi
2905 1778 3077 1850 gratia
3127 1785 3180 1830 et
3207 1776 3494 1831 clementia

213 1867 428 1938 Κυρίου
480 1867 639 1938 ἡμῶν
686 1868 865 1940 Ἰησοῦ
915 1869 1179 1942 Χριστοῦ,
1231 1869 1350 1940 μεθ’
1407 1866 1468 1925 οὗ
1508 1871 1586 1941 τῷ
1621 1873 1797 1941 Πατρὶ

1908 1873 2120 1929 Domini
2163 1874 2331 1928 nostri
2380 1873 2509 1929 Jesu
2568 1873 2793 1938 Christi,
2834 1887 2958 1928 cum
2990 1887 3096 1943 quo
3147 1869 3292 1924 Patri
3327 1868 3488 1924 simul

213 1961 336 2029 ἅμα
378 1961 455 2028 τῷ
491 1961 632 2029 ἁγίῳ
671 1961 950 2032 Πνεύματι
997 1963 1146 2030 δόξα,
1201 1964 1423 2036 κράτος,
1480 1965 1636 2036 τιμὴ,
1703 1968 1799 2020 καὶ

214 2051 617 2122 προσκύνησις,
650 2054 746 2108 νῦν
797 2056 892 2110 καὶ
918 2056 1026 2124 ἀεὶ,
1063 2058 1158 2110 καὶ
1189 2060 1268 2120 εἰς
1299 2058 1424 2120 τοὺς
1459 2056 1666 2122 αἰῶνας
1687 2057 1798 2111 τῶν

211 2143 450 2202 αἰώνων.
471 2146 670 2218 Ἀμήν.

1909 1983 2031 2021 cum
2072 1977 2263 2023 sancto
2305 1967 2511 2038 Spiritu
2552 1966 2746 2037 gloria,
2781 1966 3044 2034 potentia,
3081 1967 3253 2020 honor
3299 1973 3355 2018 et
3397 1961 3492 2016 ad-

1910 2060 2112 2126 oratio,
2160 2075 2301 2115 nunc
2329 2069 2383 2114 et
2419 2073 2637 2128 semper
2669 2067 2725 2114 et
2772 2058 2826 2114 in
2881 2056 3075 2113 szccula
3133 2054 3490 2115 seculorum,

1911 2156 2108 2206 Amen.

223 2337 3493 2377 W

681 2527 858 2639 DE
947 2524 1067 2638 s.
1163 2523 1718 2639 JOANNE
1805 2518 3031 2634 ELEEMOSYNARIO

1347 2749 1796 2807 PATRIARCHA
1835 2743 2358 2806 ALEXANDRINO.
2421 2725 2426 2732 ’

1031 2922 1197 2983 (Anno
1219 2918 1330 2981 596,
1357 2921 1478 2968 Acta
1498 2878 1780 2968 sanctorum
1813 2917 2038 2968 Bolland.
2067 2915 2128 2965 ad
2150 2913 2286 2965 diem
2315 2916 2378 2964 23
2405 2912 2668 2976 Januarii.)

289 3232 556 3288 Amathus
588 3233 716 3286 urbs
747 3239 830 3286 est
858 3228 1020 3305 Cypri
1053 3237 1361 3297 pervetusla
1398 3229 1448 3299 (ει
1493 3243 1600 3298 qua
1636 3227 1867 3282 insulam
1896 3223 2069 3294 ipsam
2110 3222 2400 3293 aliquando
2435 3219 2810 3275 Amathusiam
2844 3218 3170 3290 appellatam
3213 3231 3279 3272 ex
3318 3216 3496 3273 Plinio

209 3336 368 3398 patet
395 3326 489 3384 lib.
523 3343 574 3388 ν,
613 3341 728 3395 cap.
763 3325 853 3394 51)
909 3324 1012 3384 sita
1048 3324 1100 3378 iu
1127 3338 1221 3378 ora
1254 3323 1572 3387 meridiana,
1606 3319 1898 3390 episcopali
1926 3317 2187 3388 dignitate
2219 3317 2285 3369 ab
2318 3315 2448 3385 ipsis
2480 3314 2737 3369 Ecclesize
2773 3313 3115 3370 incunabulis
3147 3321 3362 3368 ornata.
3399 3311 3498 3367 llic

210 3425 397 3479 editus
436 3424 484 3475 in
527 3422 700 3477 lucem
742 3431 824 3476 est
853 3421 911 3475 S.
953 3418 1192 3474 Joannes
1234 3417 1749 3489 Eleemosynarius,
1797 3413 2197 3468 Alexandrinus
2230 3411 2578 3478 patriarcha;
2622 3411 2932 3478 ibidemque
2993 3411 3230 3463 excessit
3266 3426 3295 3462 e
3338 3408 3497 3463 viris.

210 3517 350 3587 Ejus
391 3515 564 3573 Vitam
597 3515 774 3585 primo
809 3515 1150 3582 scripserunt
1185 3511 1422 3566 Joannes
1455 3521 1510 3564 et
1546 3509 1886 3576 Sophrouius
1910 3547 1926 3571 ,
1960 3507 2052 3578 qui
2087 3524 2114 3559 a
2157 3506 2382 3559 Leontio
2421 3506 2471 3558 in
2507 3505 2628 3559 Vita
2666 3503 3012 3572 appellantur
3049 3520 3067 3552 ι
3111 3503 3200 3557 Dei
3234 3503 3500 3566 cultores,

210 3620 492 3663 amatores
527 3609 820 3671 virtutum,
855 3607 1074 3675 pietatis
1106 3616 1567 3676 propugnatores;
1605 3621 1623 3655 ι
1668 3603 1924 3657 Leontius
1957 3601 2178 3664 deinde,
2217 3599 2516 3667 Neapoleos
2590 3595 2752 3666 Cypri
2799 3597 3116 3664 episcopus,
3153 3594 3310 3660 cujus
3345 3591 3499 3647 testi-

210 3702 462 3758 monium
521 3715 619 3770 pro
665 3699 1100 3753 Christianorum
1155 3696 1400 3766 apologia
1452 3705 1641 3749 contra
1697 3691 1948 3756 Judmos,
1999 3705 2062 3742 ac
2115 3692 2180 3743 de
2225 3687 2554 3756 imaginibus
2602 3697 2916 3740 sanctorum
2949 3693 3164 3749 exstat,
3211 3683 3263 3736 in
3293 3683 3504 3752 synodo

211 3785 437 3849 Nicazua
469 3809 528 3856 ιι,
559 3793 773 3846 actione
798 3791 854 3857 4,
883 3789 971 3843 ubi
1003 3799 1056 3843 et
1095 3807 1112 3839 ‹
1155 3788 1551 3843 Constantinus
1579 3784 1960 3838 sanctissimus
1989 3781 2280 3851 episc0pus
2309 3778 2642 3834 Constantia:
2674 3777 2835 3847 Cypri
2875 3776 3009 3830 dixit
3039 3794 3052 3829 :
3082 3773 3178 3828 Hic
3208 3773 3295 3843 qui
3331 3773 3502 3828 lectus

212 3899 306 3953 est
330 3886 510 3953 Pater,
547 3889 597 3940 iu
636 3902 739 3939 uua
771 3885 983 3938 urbium
1012 3881 1176 3954 Cypri
1210 3883 1405 3936 decore
1437 3877 1815 3934 saeratissimo
1845 3875 2074 3938 claruit,
2105 3885 2159 3928 et
2193 3873 2354 3926 mtdta
2386 3871 2654 3940 pra-conia
2716 3879 2768 3924 et
2818 3869 3042 3922 festivos
3076 3879 3356 3921 sermones
3386 3864 3505 3930 ejus

212 3985 484 4039 habemus
512 4001 526 4035 :
551 3988 672 4034 cum
700 3977 894 4048 quibus
919 3985 1003 4031 est
1035 3977 1200 4030 etiam
1229 3989 1410 4030 sermo
1439 3974 1558 4044 ejus
1586 3971 1640 4025 in
1673 3967 2236 4037 Trausligurationem
2275 3962 2580 4020 Salvatoris
2637 3962 2833 4016 nostri.
2880 3959 3218 4029 Conscripsit
3248 3969 3425 4012 autem
3450 3967 3506 4012 et

212 4075 400 4131 Vitam
447 4075 504 4129 S.
559 4073 785 4128 Joannis
850 4071 1247 4140 archiepiscopi
1299 4067 1675 4130 Alexandrize,
1725 4073 2090 4135 cognomento
2135 4059 2474 4123 Eleemonis,
2534 4057 2587 4112 id
2640 4066 2725 4111 est
2823 4054 3236 4110 misericordis:
3290 4051 3419 4120 quin
3451 4063 3506 4105 et

114 4154 132 4172 ⁸
216 4172 281 4227 S.
315 4171 589 4228 Simeonis
623 4169 896 4240 Simplicis
921 4208 937 4235 ,
974 4177 1029 4222 et
1061 4167 1164 4220 alia
1197 4167 1476 4235 quazdam,
1511 4170 1674 4233 atque
1709 4161 1764 4215 in
1800 4158 2059 4215 omnibus
2099 4155 2444 4212 sermonibus
2479 4153 2592 4208 suis
2627 4151 2964 4206 orthodoxus
2994 4149 3261 4204 cernitur.
3295 4143 3503 4200 Floruit

213 4278 404 4325 autem
439 4265 772 4335 temporibus
807 4262 1055 4318 Mauricii
1090 4250 1456 4330 imperatoI-is.
1499 4279 1516 4310 ι

287 4360 406 4413 Alia
439 4368 612 4412 exstat
642 4359 886 4427 ejusdem
929 4355 988 4411 S.
1020 4353 1241 4410 Joannis
1278 4351 1422 4416 Vita,
1449 4352 1563 4406 sire
1591 4367 1618 4404 a
1652 4349 1905 4404 Simeone
1945 4347 2334 4417 Metaphraste,
2371 4359 2467 4398 seu
2506 4360 2613 4413 quo
2644 4343 2750 4396 alio
2787 4340 3095 4410 antiquiore
3127 4338 3335 4398 Graeco,
3371 4347 3504 4386 con-

213 4457 456 4526 scripta,
494 4453 684 4508 Latine
719 4453 927 4511 reddita
955 4467 987 4507 a
1027 4450 1295 4506 Gentiauo
1337 4448 1598 4512 llerveto,
1642 4459 1697 4502 et
1735 4449 1803 4501 ab
1831 4447 2049 4518 Aloysio
2078 4442 2375 4512 Lipomano
2413 4440 2556 4496 edita
2651 4448 2794 4494 tomo
2829 4438 2901 4505 V,
2934 4439 2998 4491 de
3041 4433 3174 4488 Vitis
3201 4439 3374 4487 sanet.
3414 4427 3502 4486 12.

213 4551 580 4606 Novembris:
629 4565 790 4620 quam
839 4548 1021 4604 tom.|
1093 4545 1340 4602 Vitarum
1391 4547 1493 4600 hoc
1527 4543 1694 4600 XXIII
1744 4542 1994 4598 Januarii
2029 4540 2261 4596 inseruit
2296 4537 2620 4592 Laurentius
2668 4539 2906 4590 Sun-ius:
2953 4543 3008 4588 et
3039 4547 3138 4586 nos
3181 4530 3266 4584 hic
3312 4528 3505 4582 damus

214 4663 342 4704 cum
377 4647 589 4701 duobus
613 4645 892 4716 praeclaris
917 4643 1122 4700 Graecis
1151 4643 1545 4712 antiquissimis
1581 4657 1711 4696 mss.
1753 4639 2035 4694 codicibus
2059 4636 2336 4699 collatam,
2369 4649 2432 4690 ac
2460 4633 2560 4690 sub
2594 4631 2812 4687 nomine
2845 4627 3062 4696 quidem
3094 4620 3498 4694 Metaphrastze,

214 4739 348 4794 licet
381 4738 433 4794 bi
468 4737 684 4794 codices
715 4737 977 4808 plurimas
1007 4733 1184 4802 Vitas,
1217 4733 1284 4788 ab
1310 4733 1376 4790 iis
1407 4747 1540 4804 quas
1572 4729 1972 4802 Mctaphrastes
2003 4729 2228 4798 scripsit
2259 4727 2529 4795 diversas,
2563 4723 2902 4781 contineant.
