3832 6462
341 303 448 367 895

1562 309 1845 371 MENSIS
1885 312 2321 378 JANUARIUS

3474 320 3582 382 896

1181 713 1539 832 ΒΙΟΣ
1613 714 1888 825 ΚΑΙ
1966 710 2724 830 ῘΙΟΛΙΤΕΙΑ

1519 927 1657 982 ΤΟΥ
1697 928 1901 981 ΟΣΙΟΥ
1938 927 2211 983 ΠΑΤΡΟΣ
2246 928 2444 982 ΗΜΩΝ

754 1098 1249 1186 ιΩΑΝΝΟΥ
1320 1097 2253 1187 ΑΡΧΙΕΠΙΣΚΟΠΟΥ
2330 1091 3191 1196 ΛΛΕΞΑΝΔΡΕΙΑΣ.

1104 1469 1468 1588 νιΤΑ
1546 1469 1730 1584 ΕΤ
1822 1473 1940 1584 Cl

2033 1469 2843 1587 NVEBSATIO

1642 1693 1700 1748 S.
1738 1692 1989 1751 PATRIS
2030 1687 2283 1749 NOSTRI

743 1868 1263 1960 JOANNIS
1336 1867 2153 1956 ALEXANDRIAE
2244 1867 3168 1961 ARCHIEPISCOPI

1325 2059 1808 2123 COGNOMINE
1851 2057 2426 2122 ELEEMOSI'NA
2444 2059 2589 2125 Rll.

343 2232 558 2294 (Tutus
584 2232 780 2282 Urceus
803 2242 932 2279 nunc
956 2229 1167 2290 primum
1194 2224 1356 2288 prodit
1377 2238 1438 2274 ex
1461 2224 1632 2274 codice
1668 2219 1828 2285 Regio
1854 2234 1900 2269 n.
1931 2220 2048 2270 1507
2079 2228 2265 2280 notato,
2294 2222 2460 2270 seculi
2489 2235 2532 2269 xi
2558 2237 2570 2280 ;
2601 2222 2772 2270 Latine
2803 2224 2932 2284 apud
2987 2225 3208 2276 Botland.
3239 2224 3377 2276 Εοιτ.
3420 2225 3604 2290 Pun.)

1709 2527 1940 2586 CAPUT
1983 2527 2270 2583 PRlMUM.

1300 2654 1482 2719 Orma,
1517 2652 1840 2724 conjugitrm,
1883 2649 2308 2709 Putriarrlialus,
2356 2649 2713 2706 Elremosuna.

691 2775 940 2835 Beiiedic,
976 2772 1217 2828 Domine.

407 2890 444 2944 1.
472 2890 738 2944 Bonorum
769 2889 1008 2942 virorum
1036 2889 1252 2956 scriptis
1290 2888 1544 2941 mandare
1570 2887 1834 2946 actiones,
1859 2892 1912 2935 et

342 2979 664 3035 memoriam
705 2993 896 3033 eorum
930 2977 1142 3030 tradere
1175 2976 1446 3046 posteris,
1483 2974 1737 3029 conciliat
1795 2986 1911 3025 ma-

335 3083 498 3138 gnam
523 3068 646 3122 vitae
671 3067 984 3121 utilitatem.
1013 3065 1310 3131 Quemdam
1341 3065 1482 3119 enim
1508 3065 1606 3118 zeli
1632 3062 1909 3119 stimulum

337 3161 582 3218 immittit
615 3160 809 3214 animis
851 3159 1086 3228 piorum,
1134 3173 1324 3214 eorum
1371 3173 1492 3228 quae
1529 3157 1598 3211 ab
1642 3158 1721 3211 eis
1766 3166 1912 3212 recte

337 3262 488 3323 gesta
517 3260 665 3316 sunt,
695 3249 959 3315 narratio,
985 3259 1040 3304 et
1065 3250 1132 3305 ad
1158 3249 1352 3304 similia
1383 3249 1625 3304 facienda
1658 3249 1912 3304 adhorta-

336 3356 445 3400 tur.
475 3346 710 3410 Quarum
747 3357 855 3398 una
889 3351 971 3398 est
999 3358 1062 3397 ea
1093 3356 1310 3412 quoque
1338 3343 1460 3406 vita,
1492 3357 1610 3412 quae
1641 3357 1784 3397 nunc
1816 3356 1912 3395 no-

337 3439 420 3494 liis
438 3447 521 3493 est
545 3439 818 3507 pr0posita
842 3433 909 3490 ad
934 3435 1287 3498 narrandum,
1313 3435 1460 3497 boni,
1485 3438 1721 3506 inquam,
1740 3433 1907 3489 Joan-

335 3534 456 3598 nis,
492 3531 649 3600 cnjus
679 3531 878 3586 actioni
920 3543 1112 3584 nomen
1153 3537 1237 3584 est
1274 3529 1606 3584 conveniens
1638 3547 1652 3583 :
1690 3538 1912 3582 vocatur

336 3627 480 3684 enim
522 3627 797 3691 Eleemon,
843 3625 894 3681 id
933 3635 1015 3681 est
1049 3623 1371 3690 Misericors,
1402 3632 1622 3694 promer
1661 3637 1909 3692 magnam

334 3734 490 3777 suam
521 3720 586 3774 ad
624 3720 724 3774 hoc
755 3721 1175 3789 propensionem
1206 3727 1260 3771 et
1289 3732 1556 3773 summam
1589 3715 1908 3771 bonitatem.

406 3888 476 3951 ll.
497 3892 664 3958 Quem
694 3891 812 3945 tulit
838 3890 1055 3960 quidem
1087 3888 1258 3944 insula
1295 3890 1522 3961 Cyprus,
1547 3900 1600 3945 et
1624 3891 1756 3944 aluit
1791 3903 1906 3944 tan-

337 3997 500 4052 quam
550 3980 786 4050 plantam
823 3981 1063 4050 aliquam
1099 3982 1378 4036 llorentem
1412 3991 1466 4035 et
1501 3994 1766 4037 comatam
1803 3985 1908 4037 vir-

341 4073 588 4129 tutibus:
633 4074 776 4127 clara
825 4081 1002 4129 autem
1051 4073 1374 4129 Alexandria
1422 4088 1545 4128 eum
1591 4077 1779 4128 sortita
1830 4087 1911 4131 est

343 4164 646 4235 pontificem
677 4173 734 4218 et
774 4173 1056 4235 patronum
1085 4165 1343 4221 civitatis.
1386 4163 1445 4218 Ei
1494 4175 1646 4234 pater
1689 4166 1906 4237 quidem

339 4268 462 4314 erat
493 4259 739 4324 illustris,
773 4259 993 4313 nomine
1035 4258 1389 4328 Epiphanius.
1419 4260 1518 4314 Cui
1542 4260 1703 4314 etiam
1742 4260 1910 4315 virtu-

337 4352 408 4406 tis
439 4351 750 4420 praestantia
782 4349 979 4414 eﬂ'ecit,
1017 4365 1076 4404 ιιι
1104 4352 1152 4405 ei
1185 4352 1617 4407 conunitteretnr
1651 4351 1794 4407 illius
1825 4351 1908 4407 in-

336 4443 467 4499 aula
505 4443 693 4498 rectio.
726 4441 894 4498 Mater
923 4457 1102 4498 autem
1137 4444 1396 4508 honesta,
1425 4453 1479 4498 et
1513 4460 1632 4514 qua:
1674 4445 1763 4498 tali
1798 4461 1913 4498 ma-

338 4536 443 4590 rito
483 4535 878 4598 conveniebat,
922 4546 977 4588 nt
1010 4552 1129 4603 qua:
1172 4536 1539 4604 resplenderet
1583 4537 1825 4605 corporis
1861 4547 1915 4590 et

333 4628 536 4683 animi?
558 4627 982 4698 pulchritudine.
1023 4626 1217 4682 Jnaiini
1261 4645 1384 4682 cum
1433 4628 1570 4683 tales
1595 4627 1935 4698 obtigissent‘

331 4728 614 4786 pereuntes,
645 4734 750 4773 non
778 4719 957 4774 alfeeit
983 4736 1152 4790 genus
1175 4737 1328 4772 suum
1355 4722 1619 4774 dedecore
1645 4737 1658 4773 :
1686 4721 1779 4775 sed
1803 4730 1916 4774 stn-

331 4810 448 4864 iluit
485 4811 661 4879 potius
693 4810 743 4864 id
771 4826 988 4873 ornare,
1015 4811 1151 4864 adeo
1177 4822 1231 4862 ut
1262 4815 1423 4865 arlior
1451 4828 1515 4865 ex
1553 4811 1727 4865 fructu
1762 4814 1916 4866 ﬁeret

334 4903 648 4967 manifesta,
677 4911 734 4958 et
767 4921 870 4958 non
909 4905 1023 4974 ipse
1049 4921 1116 4959 ex
1148 4905 1251 4958 illis
1281 4914 1661 4959 ornamentum
1694 4905 1912 4974 accipe-

338 5004 441 5059 ret,
478 4997 571 5052 sed
597 4996 670 5050 illi
705 4997 882 5070 potius
917 4997 1282 5066 gloriarentur
1311 4996 1443 5062 lilin,
1475 5011 1594 5048 cum
1623 5012 1916 5066 cognosce-

340 5100 537 5144 rentnr
555 5104 675 5144 esse
706 5101 888 5160 patres
917 5090 1038 5144 talis
1061 5090 1176 5144 lilii.

418 5273 502 5326 Ill.
539 5272 673 5328 Cum
730 5284 909 5328 autem
961 5285 1107 5330 recte
1156 5275 1416 5329 educatus
1463 5277 1800 5346 pervenisset
1850 5279 1915 5330 ad

342 5382 649 5423 mensuram
697 5369 892 5429 aetatis,
939 5367 1022 5422 vel
1065 5369 1266 5422 invitus
1308 5384 1337 5420 a
1391 5368 1706 5438 parentibus
1757 5371 1913 5423 uxori

1946 2773 1994 2824 Α

2309 2772 2499 2844 Κύριε.
2534 2774 2860 2841 εὐλόγησονῐ

2083 2882 2160 2937 A'.
2187 2885 2297 2947 Τὰς
2327 2885 2437 2938 τῶν
2472 2884 2695 2953 ἀγαθῶν
2724 2885 2936 2954 ἀνδρῶν
2971 2886 3360 2957 αναγράπτους
3388 2887 3603 2940 τιθέναι

2015 2973 2264 3044 πράξεις,
2306 2975 2399 3027 καὶ
2447 2975 2546 3044 τὴν
2593 2975 2798 3027 τούτων
2839 2975 3061 3045 μνήμην
3112 2975 3190 3045 τῷ
3227 2977 3372 3046 μετὰ
3428 2976 3606 3028 ταῦτα

2013 3067 2189 3136 χρόνῳ
2223 3066 2571 3137 παραδιδόναι
2597 3067 2830 3137 πρᾶγμα
2861 3066 3061 3136 πολλῆς
3097 3068 3365 3136 ὠφελείας
3389 3069 3466 3137 τῷ
3499 3067 3604 3138 βίῳ

2014 3157 2319 3229 καθέστηκε
2378 3157 2653 3230 πρίξενον.
2714 3159 2883 3229 Ζήλου
2929 3158 3035 3230 γάρ
3063 3177 3130 3212 τι.
3163 3161 3389 3232 κέντρον
3423 3161 3606 3227 ἐνίησι

2012 3253 2132 3314 ταῖς
2161 3249 2267 3303 τῶν
2299 3250 2561 3318 φιλοθέων
2591 3249 2792 3321 ψυχαῖς
2847 3251 2880 3321 ἡ
2925 3251 3032 3303 τῶν
3085 3253 3267 3316 αὐτοῖς
3316 3253 3604 3323 κατορθω-

2015 3343 2215 3396 Θέντων
2247 3342 2522 3413 διήγησις,
2561 3343 2654 3395 καὶ
2679 3342 2817 3412 πρὸς
2846 3343 2942 3413 τὴν
2972 3342 3078 3395 τῶν
3105 3343 3308 3414 ὁμοίων
3333 3345 3604 3414 ἐργασίαν

2015 3434 2343 3507 παρακαλεῖ.
2381 3427 2478 3486 Ὧν
2503 3427 2581 3497 εἷς
2614 3437 2730 3488 ἐστι
2764 3433 2859 3487 καὶ
2896 3435 2925 3488 ὁ
2949 3433 3046 3488 νῦν
3069 3436 3201 3505 ἡμῖν
3236 3437 3316 3499 είς
3343 3436 3606 3506 διήγησιν

2014 3528 2373 3598 προκείμενος
2404 3527 2536 3597 βίος,
2576 3528 2843 3594 Ἰωάννου,
2869 3525 3146 3599 φημὶ,τοῦ
3167 3527 3425 3598 χρηστοῦ,
3456 3522 3501 3596 ᾧ
3530 3533 3602 3599 τῇ

2013 3621 2211 3694 πράξει
2237 3621 2570 3692 κατάλληλος
2593 3623 2626 3692 ἡ
2653 3621 2960 3692 ἐπωνυμία.
2979 3621 3135 3692 Ἐλεή
3145 3640 3261 3693 μων
3283 3624 3392 3694 γὰρ
3426 3639 3606 3693 προσ-

2011 3714 2308 3784 ηγόρευται
2339 3713 2426 3768 διὰ
2456 3712 2554 3783 τὴν
2592 3712 2791 3783 πολλὴν
2819 3711 2956 3784 πρὸς
3002 3712 3163 3766 τοῦτο
3199 3714 3372 3785 ῥοπὴν
3405 3714 3501 3766 καὶ
3538 3716 3606 3768 τὸ

2013 3808 2204 3878 περιὸν
2228 3810 2326 3877 τῆς
2355 3807 2744 3879 χρηστότητος.

2084 3897 2158 3952 B'.
2201 3899 2296 3951 Ὃν
2352 3897 2552 3968 ἧνεγκε
2602 3897 2702 3967 μὲν
2750 3896 2974 3966 Κύπρος
3025 3897 3058 3966 ἡ
3123 3897 3319 3966 νῆσος·
3353 3899 3444 3950 καὶ
3478 3899 3606 3952 ὄστι

2014 3988 2174 4062 [Ῑυτι.
2199 3987 2274 4052 ὣς
2325 3987 2402 4059 τι]
2450 3990 2617 4058 φυτὸν
2650 3987 2874 4050 εὐθαλὲς
2908 3992 3010 4065 καὶ
3037 3989 3258 4060 ἀρεταῖς
3290 3990 3607 4059 κατάκομον

2014 4083 2428 4154 ἀνεθρέψατο,ή
2484 4081 2792 4152 περιφανὴς
2838 4080 2894 4134 δέ
2929 4080 3306 4150 Ἀλεξάνδρεια
3337 4081 3610 4151 ἀρχιερέα

2014 4193 2073 4228 τε
2097 4176 2191 4228 καὶ
2229 4174 2511 4245 πολιοῦχον
2543 4174 2860 4243 εὐμοίρησε.
2902 4172 3090 4243 Τούτῳ
3123 4171 3305 4243 πατὴρ
3338 4173 3438 4242 μὲν
3489 4174 3608 4225 τῶν

2014 4267 2314 4337 ἐπιφανῶν,
2357 4266 2672 4334 Ἐπιφάνιος
2693 4263 2954 4334 τοῦνομα,
2979 4258 3021 4330 ᾧ
3052 4263 3147 4316 καὶ
3173 4266 3234 4315 τὸ
3256 4263 3363 4315 τῶν
3388 4263 3608 4316 πολλῶν

2015 4361 2270 4430 διαφέρον
2320 4359 2401 4421 είς
2457 4357 2660 4430 ἀρετὴν
2731 4355 3103 4424 ἐπιτραπῆναι
3150 4354 3252 4423 τῆς
3302 4355 3468 4423 νήσου
3500 4357 3606 4424 τὴν

2015 4453 2189 4522 ἀρχὴν
2243 4448 2657 4518 παρεσκεύασε·
2724 4447 2906 4517 μήτηρ
2965 4445 3022 4498 δὲ
3069 4445 3272 4514 κοσμία
3305 4444 3400 4496 καὶ
3445 4445 3606 4514 ἀνδρὶ

2014 4541 2240 4612 τοιούτῳ
2263 4542 2637 4611 προσήκουσα,
2675 4539 2812 4608 προς
2833 4537 2912 4608 τῷ
2948 4535 3242 4607 σωματικῷ
3271 4535 3458 4588 κάλλει
3507 4537 3607 4589 καὶ

2016 4634 2094 4706 τῷ
2122 4633 2337 4704 ψυχικῷ
2369 4631 2776 4700 διαλάμπουσα,
2809 4629 3100 4691 Τοιούτους
3133 4629 3388 4696 Ἰωάννης
3419 4627 3604 4698 λαχὼν

2017 4725 2368 4796 γεννήτορας,
2417 4723 2516 4774 ούκ
2543 4722 2744 4790 ᾔσχυνε
2781 4719 2838 4771 τὸ
2866 4719 3045 4786 γένος,
3074 4716 3188 4769 ἀλλ’
3224 4717 3604 4786 ἐπικοσμῆσαι

2021 4819 2219 4888 μᾶλλον
2240 4816 2326 4869 διὰ
2361 4813 2597 4880 σπουδῆς
2629 4812 2782 4864 ἔθετο
2801 4829 2816 4842 ο
2847 4811 2986 4863 ὥστε
3015 4810 3171 4879 δῆλον
3199 4809 3306 4862 ἀπὸ
3342 4808 3435 4861 τοῦ
3459 4825 3604 4878 καρ-

2019 4908 2122 4962 ποῦ
2161 4907 2408 4976 γίνεσθαι
2456 4905 2517 4956 τὸ
2563 4904 2801 4973 δένδρον,
2837 4902 2932 4955 καὶ
2952 4903 3052 4954 οὐκ
3077 4901 3236 4954 αὑτὸν
3263 4900 3474 4952 ἐκεῖθεν
3503 4902 3602 4968 ἐγ-

2019 4999 2490 5062 καλλωπίζεσθαι,
2537 4996 2650 5048 ἁλλ⁹
2684 4994 2927 5055 ἐκείνους
2976 4993 3084 5045 ἀπὸ
3131 4991 3226 5044 τοῦ
3282 4993 3471 5055 παιδὸς
3510 5009 3600 5044 σε-

2023 5092 2314 5163 μνύνεσθαι
2351 5088 2570 5158 μᾶλλον,
2601 5087 2846 5156 πατέρας
2874 5081 3016 5136 εἶναι
3041 5083 3132 5136 τοῦ
3158 5082 3404 5136 τοιούτου
3455 5100 3601 5151 γνω-

2023 5185 2359 5255 ριζομένους.
2513 5239 2517 5243 _

2093 5275 2164 5332 Γ.
2215 5275 2367 5343 Ἐπεὶ
2388 5275 2443 5328 δὲ
2471 5271 2772 5340 εἰς’μέτρον
2805 5269 3018 5336 ἡλικίας
3049 5267 3229 5330 καλῶς
3255 5268 3347 5319 καὶ
3369 5268 3598 5336 τραφεὶς

2023 5370 2120 5424 καὶ
2154 5367 2465 5426 παιδευθεὶς
2499 5364 2674 5434 ὲληλύ’
2697 5381 2765 5427 ει,
2783 5361 3005 5430 γυναικὶ
3031 5361 3167 5430 πρὸς
3196 5360 3378 5428 γάμου
3406 5377 3598 5411 κοινω·

334 5459 578 5531 jungitur
612 5459 1000 5514 matrimonio:
1037 5476 1158 5514 cum
1199 5475 1305 5528 qua
1345 5459 1618 5524 habitare,
1657 5476 1810 5523 eum,
1853 5471 1911 5512 ut

2033 5463 2140 5514 νίαν
2164 5459 2258 5512 καὶ
2288 5458 2440 5512 ἄκων
2464 5457 2613 5524 παρὰ
2642 5453 2749 5504 τῶν
2778 5451 3120 5520 γεννητόρων
3167 5448 3490 5517 ζεύγνυται·
3531 5459 3596 5517 ης

345 5553 662 5624 parentibus
690 5553 956 5616 oliediret,
994 5553 1322 5617 admisisset,
1359 5563 1640 5607 aversatus
1674 5563 1755 5608 est
1786 5567 1917 5608 con-

338 5644 701 5712 junctionem,
723 5643 1135 5714 temperantiam
1155 5654 1208 5699 et
1229 5644 1616 5698 continentiam
1639 5644 1917 5712 amplexus

346 5737 510 5793 etiam
552 5737 606 5791 in
662 5735 1030 5792 matrimonio.
1087 5737 1192 5792 Sed
1251 5754 1437 5805 magna
1497 5740 1668 5792 soceri
1715 5739 1911 5805 impor-

2023 5557 2120 5624 τὴν
2153 5551 2465 5618 συνοίκησιν
2492 5547 2570 5617 τῷ
2593 5545 2875 5598 πείθεσθαι
2913 5545 3013 5594 xiv
3049 5540 3225 5610 τούτῳ
3245 5543 3357 5603 τοῖς
3379 5538 3597 5610 γονεῦσι

2023 5642 2462 5713 παραδεξάμενος
2485 5639 2581 5707 τὴν
2615 5635 2910 5703 συνάφειαν
2931 5631 3276 5701 ἀπεστράοη,
3299 5633 3359 5684 τὸ
3383 5632 3593 5699 σῶφρον

2027 5737 2128 5791 κᾶν
2161 5734 2234 5804 τῷ
2265 5733 2425 5802 γάμῳ
2479 5731 2568 5782 καὶ
2616 5727 2879 5795 ἑγκρατές
2940 5727 3347 5792 ἀσπασάμενος.
3396 5721 3593 5788 Ἀλκή
