  <div class='ocr_page' id='page_1' title='image "/cluster/home/n/w/nwhite01/storage/ocr_20150623/114/hvd.32044019208123/472.png"; bbox 0 0 3832 6470; ppageno 0'>
   <div class='ocr_carea' id='block_1_1' title="bbox 196 423 306 492">
    <p class='ocr_par' dir='ltr' id='par_1_1' title="bbox 196 423 306 492">
     <span class='ocr_line' id='line_1_1' title="bbox 196 423 306 492; baseline 0.036 -4"><span class='ocrx_word' id='word_1_1' title='bbox 196 423 306 492; x_wconf 73' lang='grc'>897</span> 
     </span>
    </p>
   </div>
   <div class='ocr_carea' id='block_1_2' title="bbox 1183 432 2496 501">
    <p class='ocr_par' dir='ltr' id='par_1_2' title="bbox 1183 432 2496 501">
     <span class='ocr_line' id='line_1_2' title="bbox 1183 432 2496 501; baseline 0.005 -8"><span class='ocrx_word' id='word_1_2' title='bbox 1183 433 1360 493; x_wconf 81' lang='lat' dir='ltr'><strong>VITA</strong></span> <span class='ocrx_word' id='word_1_3' title='bbox 1499 432 1820 494; x_wconf 80' lang='lat' dir='ltr'><strong>JOANNIS</strong></span> <span class='ocrx_word' id='word_1_4' title='bbox 1856 435 2496 501; x_wconf 76' lang='lat' dir='ltr'><strong>ELEEMOSYNARII.</strong></span> 
     </span>
    </p>
   </div>
   <div class='ocr_carea' id='block_1_3' title="bbox 3353 444 3462 508">
    <p class='ocr_par' dir='ltr' id='par_1_3' title="bbox 3353 444 3462 508">
     <span class='ocr_line' id='line_1_3' title="bbox 3353 444 3462 508; baseline 0.018 -1"><span class='ocrx_word' id='word_1_5' title='bbox 3353 444 3462 508; x_wconf 83' lang='lat'><strong>898</strong></span> 
     </span>
    </p>
   </div>
   <div class='ocr_carea' id='block_1_4' title="bbox 197 538 1766 624">
    <p class='ocr_par' dir='ltr' id='par_1_4' title="bbox 197 538 1766 617">
     <span class='ocr_line' id='line_1_4' title="bbox 197 538 1766 617; baseline 0.005 -25"><span class='ocrx_word' id='word_1_6' title='bbox 197 538 366 607; x_wconf 76' lang='grc' dir='ltr'>πολλὴ</span> <span class='ocrx_word' id='word_1_7' title='bbox 408 538 503 591; x_wconf 86' lang='grc' dir='ltr'><strong>τοῦ</strong></span> <span class='ocrx_word' id='word_1_8' title='bbox 563 539 824 607; x_wconf 74' lang='grc' dir='ltr'>κηδεστοῦ</span> <span class='ocrx_word' id='word_1_9' title='bbox 875 540 1121 607; x_wconf 75' lang='grc' dir='ltr'><strong>ἐπίθεσις</strong></span> <span class='ocrx_word' id='word_1_10' title='bbox 1170 544 1454 614; x_wconf 73' lang='grc' dir='ltr'>ἠνάγκασε</span> <span class='ocrx_word' id='word_1_11' title='bbox 1483 545 1573 600; x_wconf 86' lang='grc' dir='ltr'><strong>τδν</strong></span> <span class='ocrx_word' id='word_1_12' title='bbox 1601 545 1766 617; x_wconf 66' lang='grc' dir='ltr'>μέγαι</span> 
     </span>
    </p>
   </div>
   <div class='ocr_carea' id='block_1_5' title="bbox 1874 538 3464 624">
    <p class='ocr_par' dir='ltr' id='par_1_5' title="bbox 1884 549 3464 624">
     <span class='ocr_line' id='line_1_5' title="bbox 1884 549 3464 624; baseline 0.009 -22"><span class='ocrx_word' id='word_1_13' title='bbox 1884 549 2085 607; x_wconf 76' lang='lat' dir='ltr'><strong>[unitas</strong></span> <span class='ocrx_word' id='word_1_14' title='bbox 2121 553 2302 624; x_wconf 77' lang='lat' dir='ltr'><strong>coegit</strong></span> <span class='ocrx_word' id='word_1_15' title='bbox 2335 569 2588 624; x_wconf 79' lang='lat' dir='ltr'><strong>magnum</strong></span> <span class='ocrx_word' id='word_1_16' title='bbox 2623 554 2885 610; x_wconf 77' lang='lat' dir='ltr'><strong>Joannem</strong></span> <span class='ocrx_word' id='word_1_17' title='bbox 2915 554 3110 612; x_wconf 85' lang='lat' dir='ltr'><strong>cedere</strong></span> <span class='ocrx_word' id='word_1_18' title='bbox 3146 567 3353 616; x_wconf 68' lang='lat' dir='ltr'><strong>natura:</strong></span> <span class='ocrx_word' id='word_1_19' title='bbox 3387 560 3464 616; x_wconf 81' lang='lat' dir='ltr'><strong>le-</strong></span> 
     </span>
    </p>
   </div>
   <div class='ocr_carea' id='block_1_6' title="bbox 194 630 1778 712">
    <p class='ocr_par' dir='ltr' id='par_1_6' title="bbox 194 630 1778 712">
     <span class='ocr_line' id='line_1_6' title="bbox 194 630 1778 712; baseline 0.009 -30"><span class='ocrx_word' id='word_1_20' title='bbox 194 632 307 691; x_wconf 87' lang='grc' dir='ltr'>τοῖς</span> <span class='ocrx_word' id='word_1_21' title='bbox 365 633 614 712; x_wconf 76' lang='grc' dir='ltr'>φυσικοῖς</span> <span class='ocrx_word' id='word_1_22' title='bbox 669 630 889 696; x_wconf 80' lang='grc' dir='ltr'>ὑπεῖξαι</span> <span class='ocrx_word' id='word_1_23' title='bbox 946 633 1189 705; x_wconf 80' lang='grc' dir='ltr'><strong>θεσμοῖς,</strong></span> <span class='ocrx_word' id='word_1_24' title='bbox 1240 638 1299 703; x_wconf 79' lang='grc' dir='ltr'><strong>ἐξ</strong></span> <span class='ocrx_word' id='word_1_25' title='bbox 1332 635 1393 694; x_wconf 73' lang='grc' dir='ltr'>οὗ</span> <span class='ocrx_word' id='word_1_26' title='bbox 1433 640 1639 694; x_wconf 82' lang='grc' dir='ltr'>παίδων</span> <span class='ocrx_word' id='word_1_27' title='bbox 1676 640 1778 712; x_wconf 81' lang='grc' dir='ltr'>μὲν</span> 
     </span>
    </p>
   </div>
   <div class='ocr_carea' id='block_1_7' title="bbox 196 707 1777 804">
    <p class='ocr_par' dir='ltr' id='par_1_7' title="bbox 196 707 1777 804">
     <span class='ocr_line' id='line_1_7' title="bbox 196 707 1777 804; baseline 0.008 -30"><span class='ocrx_word' id='word_1_28' title='bbox 196 723 380 790; x_wconf 76' lang='grc' dir='ltr'>πατὴρ</span> <span class='ocrx_word' id='word_1_29' title='bbox 419 707 801 775; x_wconf 75' lang='grc' dir='ltr'>ἀπόδείκνυται</span> <span class='ocrx_word' id='word_1_30' title='bbox 821 740 833 753; x_wconf 77' lang='grc'><em>’</em></span> <span class='ocrx_word' id='word_1_31' title='bbox 857 722 1055 780; x_wconf 78' lang='grc' dir='ltr'>θᾶττον</span> <span class='ocrx_word' id='word_1_32' title='bbox 1088 726 1144 780; x_wconf 84' lang='grc' dir='ltr'><strong>δὲ</strong></span> <span class='ocrx_word' id='word_1_33' title='bbox 1188 729 1249 781; x_wconf 84' lang='grc' dir='ltr'><strong>τὸ</strong></span> <span class='ocrx_word' id='word_1_34' title='bbox 1280 730 1564 784; x_wconf 80' lang='grc' dir='ltr'>καλεῖσθαι</span> <span class='ocrx_word' id='word_1_35' title='bbox 1592 707 1777 804; x_wconf 77' lang='grc' dir='ltr'>πατὴρ</span> 
     </span>
    </p>
   </div>
   <div class='ocr_carea' id='block_1_8' title="bbox 194 814 1778 897">
    <p class='ocr_par' dir='ltr' id='par_1_8' title="bbox 194 814 1778 897">
     <span class='ocr_line' id='line_1_8' title="bbox 194 814 1778 897; baseline 0.007 -30"><span class='ocrx_word' id='word_1_36' title='bbox 194 816 529 885; x_wconf 84' lang='grc' dir='ltr'>ἀφαιρεῖται,</span> <span class='ocrx_word' id='word_1_37' title='bbox 577 814 808 869; x_wconf 82' lang='grc' dir='ltr'><strong>Θανάτου</strong></span> <span class='ocrx_word' id='word_1_38' title='bbox 855 820 995 889; x_wconf 83' lang='grc' dir='ltr'><strong>τομῇ</strong></span> <span class='ocrx_word' id='word_1_39' title='bbox 1053 819 1162 874; x_wconf 82' lang='grc' dir='ltr'>τῶν</span> <span class='ocrx_word' id='word_1_40' title='bbox 1197 821 1406 875; x_wconf 88' lang='grc' dir='ltr'>παίδων</span> <span class='ocrx_word' id='word_1_41' title='bbox 1472 823 1623 892; x_wconf 78' lang='grc' dir='ltr'>αῦτῷ</span> <span class='ocrx_word' id='word_1_42' title='bbox 1673 827 1778 897; x_wconf 78' lang='grc' dir='ltr'>πρὸ</span> 
     </span>
    </p>
   </div>
   <div class='ocr_carea' id='block_1_9' title="bbox 193 905 1776 987">
    <p class='ocr_par' dir='ltr' id='par_1_9' title="bbox 193 905 1776 987">
     <span class='ocr_line' id='line_1_9' title="bbox 193 905 1776 987; baseline 0.007 -27"><span class='ocrx_word' id='word_1_43' title='bbox 193 905 344 977; x_wconf 77' lang='grc' dir='ltr'>ὥρας</span> <span class='ocrx_word' id='word_1_44' title='bbox 373 906 737 961; x_wconf 80' lang='grc' dir='ltr'>ἑκκοπὲντων.</span> <span class='ocrx_word' id='word_1_45' title='bbox 774 908 927 962; x_wconf 81' lang='grc' dir='ltr'>Ἐπεὶ</span> <span class='ocrx_word' id='word_1_46' title='bbox 963 910 1020 964; x_wconf 82' lang='grc' dir='ltr'><strong>δὲ</strong></span> <span class='ocrx_word' id='word_1_47' title='bbox 1054 911 1166 974; x_wconf 73' lang='grc' dir='ltr'>τοῖς</span> <span class='ocrx_word' id='word_1_48' title='bbox 1200 913 1412 978; x_wconf 80' lang='grc' dir='ltr'><strong>κλάδοις</strong></span> <span class='ocrx_word' id='word_1_49' title='bbox 1439 916 1653 986; x_wconf 77' lang='grc' dir='ltr'>καὶτὴν</span> <span class='ocrx_word' id='word_1_50' title='bbox 1692 921 1776 987; x_wconf 79' lang='grc' dir='ltr'><strong>ῥί-</strong></span> 
     </span>
    </p>
   </div>
   <div class='ocr_carea' id='block_1_10' title="bbox 193 997 1777 1077">
    <p class='ocr_par' dir='ltr' id='par_1_10' title="bbox 193 997 1777 1077">
     <span class='ocr_line' id='line_1_10' title="bbox 193 997 1777 1077; baseline 0.008 -26"><span class='ocrx_word' id='word_1_51' title='bbox 193 997 293 1061; x_wconf 76' lang='grc' dir='ltr'>ζαν</span> <span class='ocrx_word' id='word_1_52' title='bbox 321 1000 349 1052; x_wconf 89' lang='grc' dir='ltr'><strong>ό</strong></span> <span class='ocrx_word' id='word_1_53' title='bbox 379 999 552 1061; x_wconf 71' lang='grc' dir='ltr'>κοινὸς</span> <span class='ocrx_word' id='word_1_54' title='bbox 581 998 674 1052; x_wconf 83' lang='grc' dir='ltr'><strong>τοῦ</strong></span> <span class='ocrx_word' id='word_1_55' title='bbox 697 1000 891 1068; x_wconf 77' lang='grc' dir='ltr'><strong>γένους</strong></span> <span class='ocrx_word' id='word_1_56' title='bbox 913 1000 1146 1072; x_wconf 79' lang='grc' dir='ltr'>φθορεὺς</span> <span class='ocrx_word' id='word_1_57' title='bbox 1178 1006 1426 1071; x_wconf 80' lang='grc' dir='ltr'>συνεξέτε</span> <span class='ocrx_word' id='word_1_58' title='bbox 1438 1025 1524 1075; x_wconf 84' lang='grc' dir='ltr'><strong>με,</strong></span> <span class='ocrx_word' id='word_1_59' title='bbox 1561 1009 1656 1062; x_wconf 78' lang='grc' dir='ltr'><strong>καὶ</strong></span> <span class='ocrx_word' id='word_1_60' title='bbox 1677 1009 1777 1077; x_wconf 76' lang='grc' dir='ltr'>τὴν</span> 
     </span>
    </p>
   </div>
   <div class='ocr_carea' id='block_1_11' title="bbox 192 1090 1776 1171">
    <p class='ocr_par' dir='ltr' id='par_1_11' title="bbox 192 1090 1776 1171">
     <span class='ocr_line' id='line_1_11' title="bbox 192 1090 1776 1171; baseline 0.006 -28"><span class='ocrx_word' id='word_1_61' title='bbox 192 1091 447 1145; x_wconf 81' lang='grc' dir='ltr'>κοινωνὸν</span> <span class='ocrx_word' id='word_1_62' title='bbox 506 1090 653 1161; x_wconf 84' lang='grc' dir='ltr'>αὐτῷ</span> <span class='ocrx_word' id='word_1_63' title='bbox 700 1091 795 1146; x_wconf 86' lang='grc' dir='ltr'><strong>τοῦ</strong></span> <span class='ocrx_word' id='word_1_64' title='bbox 850 1093 966 1164; x_wconf 82' lang='grc' dir='ltr'>βίου</span> <span class='ocrx_word' id='word_1_65' title='bbox 1001 1095 1274 1164; x_wconf 84' lang='grc' dir='ltr'>ἀφείλετο,</span> <span class='ocrx_word' id='word_1_66' title='bbox 1309 1099 1626 1168; x_wconf 79' lang='grc' dir='ltr'>εὐχαριστεῖ</span> <span class='ocrx_word' id='word_1_67' title='bbox 1677 1102 1776 1171; x_wconf 81' lang='grc' dir='ltr'><strong>μὲν</strong></span> 
     </span>
    </p>
   </div>
   <div class='ocr_carea' id='block_1_12' title="bbox 190 1183 1775 1258">
    <p class='ocr_par' dir='ltr' id='par_1_12' title="bbox 190 1183 1775 1258">
     <span class='ocr_line' id='line_1_12' title="bbox 190 1183 1775 1258; baseline 0.006 -22"><span class='ocrx_word' id='word_1_68' title='bbox 190 1184 283 1237; x_wconf 76' lang='grc' dir='ltr'><strong>ἐπὶ</strong></span> <span class='ocrx_word' id='word_1_69' title='bbox 332 1185 498 1238; x_wconf 82' lang='grc' dir='ltr'>πᾶσιν</span> <span class='ocrx_word' id='word_1_70' title='bbox 555 1183 919 1255; x_wconf 78' lang='grc' dir='ltr'>ήεύγνώμων</span> <span class='ocrx_word' id='word_1_71' title='bbox 946 1186 1094 1258; x_wconf 64' lang='grc' dir='ltr'>ψυχὴ</span> <span class='ocrx_word' id='word_1_72' title='bbox 1123 1186 1200 1258; x_wconf 87' lang='grc' dir='ltr'>τῷ</span> <span class='ocrx_word' id='word_1_73' title='bbox 1241 1189 1336 1241; x_wconf 82' lang='grc' dir='ltr'><strong>καὶ</strong></span> <span class='ocrx_word' id='word_1_74' title='bbox 1377 1190 1632 1245; x_wconf 81' lang='grc' dir='ltr'><strong>δεδωκότι</strong></span> <span class='ocrx_word' id='word_1_75' title='bbox 1679 1194 1775 1246; x_wconf 76' lang='grc' dir='ltr'><strong>καὶ</strong></span> 
     </span>
    </p>
   </div>
   <div class='ocr_carea' id='block_1_13' title="bbox 190 1275 1771 1350">
    <p class='ocr_par' dir='ltr' id='par_1_13' title="bbox 190 1275 1771 1350">
     <span class='ocr_line' id='line_1_13' title="bbox 190 1275 1771 1350; baseline 0.006 -23"><span class='ocrx_word' id='word_1_76' title='bbox 190 1275 514 1346; x_wconf 77' lang='grc' dir='ltr'><strong>ἀφελομένῳ</strong></span> <span class='ocrx_word' id='word_1_77' title='bbox 528 1275 670 1348; x_wconf 81' lang='grc' dir='ltr'>Θεῷ,</span> <span class='ocrx_word' id='word_1_78' title='bbox 694 1275 827 1347; x_wconf 81' lang='grc' dir='ltr'>ὕλην</span> <span class='ocrx_word' id='word_1_79' title='bbox 848 1277 904 1330; x_wconf 83' lang='grc' dir='ltr'>δὲ</span> <span class='ocrx_word' id='word_1_80' title='bbox 925 1277 1128 1349; x_wconf 81' lang='grc' dir='ltr'>ἀρετῆς</span> <span class='ocrx_word' id='word_1_81' title='bbox 1157 1280 1217 1333; x_wconf 75' lang='grc' dir='ltr'><strong>τὸ</strong></span> <span class='ocrx_word' id='word_1_82' title='bbox 1252 1283 1489 1350; x_wconf 82' lang='grc' dir='ltr'>πρᾶγμα</span> <span class='ocrx_word' id='word_1_83' title='bbox 1516 1287 1771 1350; x_wconf 80' lang='grc' dir='ltr'>ποιεῖται,</span> 
     </span>
    </p>
   </div>
   <div class='ocr_carea' id='block_1_14' title="bbox 192 1365 1776 1443">
    <p class='ocr_par' dir='ltr' id='par_1_14' title="bbox 192 1365 1776 1443">
     <span class='ocr_line' id='line_1_14' title="bbox 192 1365 1776 1443; baseline 0.005 -23"><span class='ocrx_word' id='word_1_84' title='bbox 192 1365 288 1420; x_wconf 72' lang='grc' dir='ltr'>καὶ</span> <span class='ocrx_word' id='word_1_85' title='bbox 324 1366 424 1436; x_wconf 80' lang='grc' dir='ltr'>τὴν</span> <span class='ocrx_word' id='word_1_86' title='bbox 449 1367 676 1421; x_wconf 79' lang='grc' dir='ltr'>ἐκείνων</span> <span class='ocrx_word' id='word_1_87' title='bbox 702 1369 961 1440; x_wconf 78' lang='grc' dir='ltr'><strong>στέρησιν</strong></span> <span class='ocrx_word' id='word_1_88' title='bbox 998 1369 1300 1439; x_wconf 76' lang='grc' dir='ltr'>φροντίδων</span> <span class='ocrx_word' id='word_1_89' title='bbox 1335 1373 1595 1427; x_wconf 72' lang='grc' dir='ltr'><strong>ἀπόθεσιν</strong></span> <span class='ocrx_word' id='word_1_90' title='bbox 1625 1374 1776 1443; x_wconf 83' lang='grc' dir='ltr'>λογι-</span> 
     </span>
    </p>
   </div>
   <div class='ocr_carea' id='block_1_15' title="bbox 192 1458 1774 1539">
    <p class='ocr_par' dir='ltr' id='par_1_15' title="bbox 192 1458 1774 1539">
     <span class='ocr_line' id='line_1_15' title="bbox 192 1458 1774 1539; baseline 0.005 -26"><span class='ocrx_word' id='word_1_91' title='bbox 192 1458 426 1530; x_wconf 75' lang='grc' dir='ltr'>σάμενος</span> <span class='ocrx_word' id='word_1_92' title='bbox 474 1462 900 1531; x_wconf 70' lang='grc' dir='ltr'>ἀπερισπάστως</span> <span class='ocrx_word' id='word_1_93' title='bbox 959 1465 1295 1533; x_wconf 67' lang='grc' dir='ltr'>προσήδρευε</span> <span class='ocrx_word' id='word_1_94' title='bbox 1347 1465 1423 1536; x_wconf 80' lang='grc' dir='ltr'><strong>τῷ</strong></span> <span class='ocrx_word' id='word_1_95' title='bbox 1478 1467 1619 1539; x_wconf 77' lang='grc' dir='ltr'>Θεῷ,</span> <span class='ocrx_word' id='word_1_96' title='bbox 1678 1470 1774 1521; x_wconf 75' lang='grc' dir='ltr'><strong>καὶ</strong></span> 
     </span>
    </p>
   </div>
   <div class='ocr_carea' id='block_1_16' title="bbox 191 1551 1775 1629">
    <p class='ocr_par' dir='ltr' id='par_1_16' title="bbox 191 1551 1775 1629">
     <span class='ocr_line' id='line_1_16' title="bbox 191 1551 1775 1629; baseline 0.006 -25"><span class='ocrx_word' id='word_1_97' title='bbox 191 1551 327 1620; x_wconf 72' lang='grc' dir='ltr'>πρὸς</span> <span class='ocrx_word' id='word_1_98' title='bbox 364 1555 428 1622; x_wconf 84' lang='grc' dir='ltr'>τῇ</span> <span class='ocrx_word' id='word_1_99' title='bbox 463 1552 554 1605; x_wconf 85' lang='grc' dir='ltr'><strong>τοῦ</strong></span> <span class='ocrx_word' id='word_1_100' title='bbox 586 1553 822 1622; x_wconf 81' lang='grc' dir='ltr'>Χριστοῦ</span> <span class='ocrx_word' id='word_1_101' title='bbox 856 1553 996 1625; x_wconf 70' lang='grc' dir='ltr'>θύρα</span> <span class='ocrx_word' id='word_1_102' title='bbox 1048 1556 1137 1609; x_wconf 86' lang='grc' dir='ltr'>διά</span> <span class='ocrx_word' id='word_1_103' title='bbox 1186 1558 1388 1620; x_wconf 79' lang='grc' dir='ltr'>παντὸς</span> <span class='ocrx_word' id='word_1_104' title='bbox 1418 1559 1673 1629; x_wconf 72' lang='grc' dir='ltr'>κρούοντι</span> <span class='ocrx_word' id='word_1_105' title='bbox 1707 1561 1775 1615; x_wconf 72' lang='grc' dir='ltr'>τὰ</span> 
     </span>
    </p>
   </div>
   <div class='ocr_carea' id='block_1_17' title="bbox 189 1640 1764 1714">
    <p class='ocr_par' dir='ltr' id='par_1_17' title="bbox 189 1640 1764 1714">
     <span class='ocr_line' id='line_1_17' title="bbox 189 1640 1764 1714; baseline 0.004 -22"><span class='ocrx_word' id='word_1_106' title='bbox 189 1640 478 1711; x_wconf 83' lang='grc' dir='ltr'>σπλάγχνα</span> <span class='ocrx_word' id='word_1_107' title='bbox 506 1640 607 1711; x_wconf 85' lang='grc' dir='ltr'>τῆς</span> <span class='ocrx_word' id='word_1_108' title='bbox 640 1640 792 1704; x_wconf 82' lang='grc' dir='ltr'>θείας</span> <span class='ocrx_word' id='word_1_109' title='bbox 841 1641 1210 1713; x_wconf 77' lang='grc' dir='ltr'>χρηστότητος</span> <span class='ocrx_word' id='word_1_110' title='bbox 1263 1642 1414 1714; x_wconf 83' lang='grc' dir='ltr'>αὐτῷ</span> <span class='ocrx_word' id='word_1_111' title='bbox 1462 1644 1764 1713; x_wconf 67' lang='grc' dir='ltr'>διενοίγον-</span> 
     </span>
    </p>
   </div>
   <div class='ocr_carea' id='block_1_18' title="bbox 188 1731 1775 1802">
    <p class='ocr_par' dir='ltr' id='par_1_18' title="bbox 188 1731 1775 1802">
     <span class='ocr_line' id='line_1_18' title="bbox 188 1731 1775 1802; baseline 0.003 -17"><span class='ocrx_word' id='word_1_112' title='bbox 188 1748 300 1787; x_wconf 89' lang='grc' dir='ltr'>ται.</span> <span class='ocrx_word' id='word_1_113' title='bbox 344 1732 400 1785; x_wconf 82' lang='grc' dir='ltr'><strong>’Δ</strong></span> <span class='ocrx_word' id='word_1_114' title='bbox 411 1732 560 1802; x_wconf 78' lang='grc' dir='ltr'>μέλει</span> <span class='ocrx_word' id='word_1_115' title='bbox 598 1731 730 1801; x_wconf 85' lang='grc' dir='ltr'>γοῦν</span> <span class='ocrx_word' id='word_1_116' title='bbox 754 1732 850 1785; x_wconf 79' lang='grc' dir='ltr'>καὶ</span> <span class='ocrx_word' id='word_1_117' title='bbox 878 1732 1041 1797; x_wconf 78' lang='grc' dir='ltr'>αὐτὸς</span> <span class='ocrx_word' id='word_1_118' title='bbox 1082 1736 1266 1789; x_wconf 79' lang='grc' dir='ltr'>ἐκεῖνα</span> <span class='ocrx_word' id='word_1_119' title='bbox 1298 1732 1442 1789; x_wconf 85' lang='grc' dir='ltr'><strong>κατά</strong></span> <span class='ocrx_word' id='word_1_120' title='bbox 1461 1735 1520 1788; x_wconf 73' lang='grc' dir='ltr'>τὸ</span> <span class='ocrx_word' id='word_1_121' title='bbox 1549 1737 1775 1790; x_wconf 60' lang='grc' dir='ltr'>δυνατὸν</span> 
     </span>
    </p>
   </div>
   <div class='ocr_carea' id='block_1_19' title="bbox 188 1822 1771 1898">
    <p class='ocr_par' dir='ltr' id='par_1_19' title="bbox 188 1822 1771 1898">
     <span class='ocr_line' id='line_1_19' title="bbox 188 1822 1771 1898; baseline 0.004 -22"><span class='ocrx_word' id='word_1_122' title='bbox 188 1822 624 1895; x_wconf 72' lang='grc' dir='ltr'>ἐκμιμούμενος,</span> <span class='ocrx_word' id='word_1_123' title='bbox 648 1824 857 1894; x_wconf 86' lang='grc' dir='ltr'>ἀνοίγει</span> <span class='ocrx_word' id='word_1_124' title='bbox 885 1825 982 1880; x_wconf 81' lang='grc' dir='ltr'>καὶ</span> <span class='ocrx_word' id='word_1_125' title='bbox 1030 1825 1314 1898; x_wconf 82' lang='grc' dir='ltr'>σπλάγχνα</span> <span class='ocrx_word' id='word_1_126' title='bbox 1342 1831 1436 1883; x_wconf 78' lang='grc' dir='ltr'>καὶ</span> <span class='ocrx_word' id='word_1_127' title='bbox 1474 1827 1643 1898; x_wconf 78' lang='grc' dir='ltr'>θύρας</span> <span class='ocrx_word' id='word_1_128' title='bbox 1666 1828 1771 1897; x_wconf 81' lang='grc' dir='ltr'>πά-</span> 
     </span>
    </p>
   </div>
   <div class='ocr_carea' id='block_1_20' title="bbox 1883 635 3460 713">
    <p class='ocr_par' dir='ltr' id='par_1_20' title="bbox 1883 635 3460 713">
     <span class='ocr_line' id='line_1_20' title="bbox 1883 635 3460 713; baseline 0.012 -28"><span class='ocrx_word' id='word_1_129' title='bbox 1883 635 2070 704; x_wconf 73' lang='lat' dir='ltr'><strong>gibus,</strong></span> <span class='ocrx_word' id='word_1_130' title='bbox 2121 653 2186 692; x_wconf 84' lang='lat' dir='ltr'><strong>ex</strong></span> <span class='ocrx_word' id='word_1_131' title='bbox 2232 654 2341 711; x_wconf 90' lang='lat' dir='ltr'><strong>quo</strong></span> <span class='ocrx_word' id='word_1_132' title='bbox 2387 640 2625 696; x_wconf 83' lang='lat' dir='ltr'><strong>efficitur</strong></span> <span class='ocrx_word' id='word_1_133' title='bbox 2677 644 2893 712; x_wconf 87' lang='lat' dir='ltr'><strong>quidem</strong></span> <span class='ocrx_word' id='word_1_134' title='bbox 2938 655 3092 713; x_wconf 87' lang='lat' dir='ltr'><strong>pater</strong></span> <span class='ocrx_word' id='word_1_135' title='bbox 3139 645 3460 705; x_wconf 85' lang='lat' dir='ltr'><strong>liberorum.</strong></span> 
     </span>
    </p>
   </div>
   <div class='ocr_carea' id='block_1_21' title="bbox 1881 726 3459 799">
    <p class='ocr_par' dir='ltr' id='par_1_21' title="bbox 1881 726 3459 799">
     <span class='ocr_line' id='line_1_21' title="bbox 1881 726 3459 799; baseline 0.01 -19"><span class='ocrx_word' id='word_1_136' title='bbox 1881 726 2095 783; x_wconf 83' lang='lat' dir='ltr'><strong>Patrem</strong></span> <span class='ocrx_word' id='word_1_137' title='bbox 2119 740 2302 786; x_wconf 90' lang='lat' dir='ltr'><strong>autem</strong></span> <span class='ocrx_word' id='word_1_138' title='bbox 2339 734 2520 788; x_wconf 81' lang='lat' dir='ltr'><strong>vocari</strong></span> <span class='ocrx_word' id='word_1_139' title='bbox 2552 734 2662 787; x_wconf 88' lang='lat' dir='ltr'><strong>cito</strong></span> <span class='ocrx_word' id='word_1_140' title='bbox 2684 735 2732 787; x_wconf 80' lang='lat' dir='ltr'><strong>ci</strong></span> <span class='ocrx_word' id='word_1_141' title='bbox 2769 746 2851 790; x_wconf 91' lang='lat' dir='ltr'><strong>est</strong></span> <span class='ocrx_word' id='word_1_142' title='bbox 2876 735 3140 799; x_wconf 87' lang='lat' dir='ltr'><strong>ablatum,</strong></span> <span class='ocrx_word' id='word_1_143' title='bbox 3172 737 3459 795; x_wconf 84' lang='lat' dir='ltr'><strong>immatura</strong></span> 
     </span>
    </p>
   </div>
   <div class='ocr_carea' id='block_1_22' title="bbox 1882 822 3462 896">
    <p class='ocr_par' dir='ltr' id='par_1_22' title="bbox 1882 822 3462 896">
     <span class='ocr_line' id='line_1_22' title="bbox 1882 822 3462 896; baseline 0.008 -25"><span class='ocrx_word' id='word_1_144' title='bbox 1882 832 2055 875; x_wconf 73' lang='lat' dir='ltr'><strong>inmte</strong></span> <span class='ocrx_word' id='word_1_145' title='bbox 2087 822 2135 874; x_wconf 79' lang='lat' dir='ltr'><strong>ei</strong></span> <span class='ocrx_word' id='word_1_146' title='bbox 2175 827 2459 892; x_wconf 59' lang='lat' dir='ltr'><strong>pragreptis</strong></span> <span class='ocrx_word' id='word_1_147' title='bbox 2492 826 2638 880; x_wconf 82' lang='lat' dir='ltr'><strong>filiis.</strong></span> <span class='ocrx_word' id='word_1_148' title='bbox 2672 824 2965 896; x_wconf 88' lang='lat' dir='ltr'><strong>Postquam</strong></span> <span class='ocrx_word' id='word_1_149' title='bbox 3002 841 3183 883; x_wconf 89' lang='lat' dir='ltr'><strong>autem</strong></span> <span class='ocrx_word' id='word_1_150' title='bbox 3219 845 3341 885; x_wconf 89' lang='lat' dir='ltr'><strong>cum</strong></span> <span class='ocrx_word' id='word_1_151' title='bbox 3377 847 3462 884; x_wconf 85' lang='lat' dir='ltr'><strong>ra-</strong></span> 
     </span>
    </p>
   </div>
   <div class='ocr_carea' id='block_1_23' title="bbox 1884 911 3459 986">
    <p class='ocr_par' dir='ltr' id='par_1_23' title="bbox 1884 911 3459 986">
     <span class='ocr_line' id='line_1_23' title="bbox 1884 911 3459 986; baseline 0.008 -22"><span class='ocrx_word' id='word_1_152' title='bbox 1884 911 1982 965; x_wconf 86' lang='lat' dir='ltr'><strong>mis</strong></span> <span class='ocrx_word' id='word_1_153' title='bbox 2018 914 2251 968; x_wconf 91' lang='lat' dir='ltr'><strong>radicem</strong></span> <span class='ocrx_word' id='word_1_154' title='bbox 2274 931 2489 986; x_wconf 89' lang='lat' dir='ltr'><strong>quoque</strong></span> <span class='ocrx_word' id='word_1_155' title='bbox 2511 917 2673 972; x_wconf 82' lang='lat' dir='ltr'><strong>simul</strong></span> <span class='ocrx_word' id='word_1_156' title='bbox 2704 922 2905 974; x_wconf 78' lang='lat' dir='ltr'><strong>excidit</strong></span> <span class='ocrx_word' id='word_1_157' title='bbox 2940 921 3244 976; x_wconf 87' lang='lat' dir='ltr'><strong>communis</strong></span> <span class='ocrx_word' id='word_1_158' title='bbox 3285 920 3459 976; x_wconf 83' lang='lat' dir='ltr'><strong>hostis</strong></span> 
     </span>
    </p>
   </div>
   <div class='ocr_carea' id='block_1_24' title="bbox 1880 1007 3458 1081">
    <p class='ocr_par' dir='ltr' id='par_1_24' title="bbox 1880 1007 3458 1081">
     <span class='ocr_line' id='line_1_24' title="bbox 1880 1007 3458 1081; baseline 0.01 -28"><span class='ocrx_word' id='word_1_159' title='bbox 1880 1007 2127 1070; x_wconf 69' lang='lat' dir='ltr'><strong>generis,</strong></span> <span class='ocrx_word' id='word_1_160' title='bbox 2165 1016 2219 1060; x_wconf 91' lang='lat' dir='ltr'><strong>et</strong></span> <span class='ocrx_word' id='word_1_161' title='bbox 2250 1008 2475 1061; x_wconf 88' lang='lat' dir='ltr'><strong>abstulit</strong></span> <span class='ocrx_word' id='word_1_162' title='bbox 2502 1009 2550 1060; x_wconf 90' lang='lat' dir='ltr'><strong>ei</strong></span> <span class='ocrx_word' id='word_1_163' title='bbox 2589 1009 2716 1064; x_wconf 69' lang='lat' dir='ltr'><strong>vitae</strong></span> <span class='ocrx_word' id='word_1_164' title='bbox 2744 1011 2984 1075; x_wconf 89' lang='lat' dir='ltr'><strong>sociam,</strong></span> <span class='ocrx_word' id='word_1_165' title='bbox 3029 1024 3250 1081; x_wconf 84' lang='lat' dir='ltr'><strong>propter</strong></span> <span class='ocrx_word' id='word_1_166' title='bbox 3278 1016 3458 1068; x_wconf 82' lang='lat' dir='ltr'><strong>omnia</strong></span> 
     </span>
    </p>
   </div>
   <div class='ocr_carea' id='block_1_25' title="bbox 1878 1097 3455 1172">
    <p class='ocr_par' dir='ltr' id='par_1_25' title="bbox 1878 1097 3455 1172">
     <span class='ocr_line' id='line_1_25' title="bbox 1878 1097 3455 1172; baseline 0.008 -24"><span class='ocrx_word' id='word_1_167' title='bbox 1878 1097 2091 1164; x_wconf 78' lang='lat' dir='ltr'><strong>quidem</strong></span> <span class='ocrx_word' id='word_1_168' title='bbox 2139 1098 2250 1168; x_wconf 83' lang='lat' dir='ltr'><strong>agit</strong></span> <span class='ocrx_word' id='word_1_169' title='bbox 2294 1100 2494 1165; x_wconf 80' lang='lat' dir='ltr'><strong>gratias</strong></span> <span class='ocrx_word' id='word_1_170' title='bbox 2521 1108 2674 1170; x_wconf 74' lang='lat' dir='ltr'><strong>grata</strong></span> <span class='ocrx_word' id='word_1_171' title='bbox 2726 1113 2779 1157; x_wconf 90' lang='lat' dir='ltr'><strong>et</strong></span> <span class='ocrx_word' id='word_1_172' title='bbox 2837 1118 3047 1158; x_wconf 90' lang='lat' dir='ltr'><strong>memor</strong></span> <span class='ocrx_word' id='word_1_173' title='bbox 3089 1103 3270 1158; x_wconf 89' lang='lat' dir='ltr'><strong>anima</strong></span> <span class='ocrx_word' id='word_1_174' title='bbox 3320 1103 3455 1172; x_wconf 84' lang='lat' dir='ltr'><strong>Deo,</strong></span> 
     </span>
    </p>
   </div>
   <div class='ocr_carea' id='block_1_26' title="bbox 1877 1182 3461 1260">
    <p class='ocr_par' dir='ltr' id='par_1_26' title="bbox 1877 1182 3461 1260">
     <span class='ocr_line' id='line_1_26' title="bbox 1877 1182 3461 1260; baseline 0.008 -20"><span class='ocrx_word' id='word_1_175' title='bbox 1877 1191 1968 1256; x_wconf 91' lang='lat' dir='ltr'><strong>qui</strong></span> <span class='ocrx_word' id='word_1_176' title='bbox 2014 1191 2238 1246; x_wconf 92' lang='lat' dir='ltr'><strong>dederat</strong></span> <span class='ocrx_word' id='word_1_177' title='bbox 2276 1200 2332 1246; x_wconf 90' lang='lat' dir='ltr'><strong>et</strong></span> <span class='ocrx_word' id='word_1_178' title='bbox 2372 1193 2708 1260; x_wconf 89' lang='lat' dir='ltr'><strong>abstulerat;</strong></span> <span class='ocrx_word' id='word_1_179' title='bbox 2753 1209 2873 1248; x_wconf 90' lang='lat' dir='ltr'><strong>eam</strong></span> <span class='ocrx_word' id='word_1_180' title='bbox 2914 1182 3090 1249; x_wconf 90' lang='lat' dir='ltr'><strong>autem</strong></span> <span class='ocrx_word' id='word_1_181' title='bbox 3131 1211 3245 1252; x_wconf 89' lang='lat' dir='ltr'><strong>rem</strong></span> <span class='ocrx_word' id='word_1_182' title='bbox 3292 1196 3461 1253; x_wconf 87' lang='lat' dir='ltr'><strong>efficit</strong></span> 
     </span>
    </p>
   </div>
   <div class='ocr_carea' id='block_1_27' title="bbox 1880 1284 3457 1358">
    <p class='ocr_par' dir='ltr' id='par_1_27' title="bbox 1880 1284 3457 1358">
     <span class='ocr_line' id='line_1_27' title="bbox 1880 1284 3457 1358; baseline 0.007 -24"><span class='ocrx_word' id='word_1_183' title='bbox 1880 1284 2163 1337; x_wconf 83' lang='lat' dir='ltr'><strong>materiam</strong></span> <span class='ocrx_word' id='word_1_184' title='bbox 2198 1284 2439 1349; x_wconf 86' lang='lat' dir='ltr'><strong>virtutis,</strong></span> <span class='ocrx_word' id='word_1_185' title='bbox 2486 1296 2539 1340; x_wconf 90' lang='lat' dir='ltr'><strong>et</strong></span> <span class='ocrx_word' id='word_1_186' title='bbox 2578 1301 2702 1341; x_wconf 90' lang='lat' dir='ltr'><strong>cum</strong></span> <span class='ocrx_word' id='word_1_187' title='bbox 2737 1287 2948 1341; x_wconf 90' lang='lat' dir='ltr'><strong>illorum</strong></span> <span class='ocrx_word' id='word_1_188' title='bbox 2980 1289 3337 1358; x_wconf 81' lang='lat' dir='ltr'><strong>privationem</strong></span> <span class='ocrx_word' id='word_1_189' title='bbox 3372 1306 3457 1345; x_wconf 78' lang='lat' dir='ltr'><strong>re-</strong></span> 
     </span>
    </p>
   </div>
   <div class='ocr_carea' id='block_1_28' title="bbox 1877 1378 3461 1451">
    <p class='ocr_par' dir='ltr' id='par_1_28' title="bbox 1877 1378 3461 1451">
     <span class='ocr_line' id='line_1_28' title="bbox 1877 1378 3461 1451; baseline 0.005 -25"><span class='ocrx_word' id='word_1_190' title='bbox 1877 1382 2124 1441; x_wconf 83' lang='lat' dir='ltr'><strong>putasset</strong></span> <span class='ocrx_word' id='word_1_191' title='bbox 2167 1390 2288 1431; x_wconf 91' lang='lat' dir='ltr'><strong>esse</strong></span> <span class='ocrx_word' id='word_1_192' title='bbox 2319 1392 2573 1431; x_wconf 84' lang='lat' dir='ltr'><strong>curarunt</strong></span> <span class='ocrx_word' id='word_1_193' title='bbox 2610 1379 3029 1448; x_wconf 87' lang='lat' dir='ltr'><strong>depositionem,</strong></span> <span class='ocrx_word' id='word_1_194' title='bbox 3065 1378 3172 1435; x_wconf 90' lang='lat' dir='ltr'><strong>Deo</strong></span> <span class='ocrx_word' id='word_1_195' title='bbox 3199 1390 3461 1451; x_wconf 85' lang='lat' dir='ltr'><strong>perpetuo</strong></span> 
     </span>
    </p>
   </div>
   <div class='ocr_carea' id='block_1_29' title="bbox 1879 1467 3458 1545">
    <p class='ocr_par' dir='ltr' id='par_1_29' title="bbox 1879 1467 3458 1545">
     <span class='ocr_line' id='line_1_29' title="bbox 1879 1467 3458 1545; baseline 0.006 -25"><span class='ocrx_word' id='word_1_196' title='bbox 1879 1468 1950 1521; x_wconf 88' lang='lat' dir='ltr'><strong>ita</strong></span> <span class='ocrx_word' id='word_1_197' title='bbox 1981 1467 2271 1536; x_wconf 83' lang='lat' dir='ltr'><strong>assidebat,</strong></span> <span class='ocrx_word' id='word_1_198' title='bbox 2319 1481 2375 1527; x_wconf 89' lang='lat' dir='ltr'><strong>ut</strong></span> <span class='ocrx_word' id='word_1_199' title='bbox 2412 1471 2589 1527; x_wconf 52' lang='lat' dir='ltr'><strong>divelli</strong></span> <span class='ocrx_word' id='word_1_200' title='bbox 2634 1488 2744 1528; x_wconf 94' lang='lat' dir='ltr'><strong>non</strong></span> <span class='ocrx_word' id='word_1_201' title='bbox 2787 1483 2991 1545; x_wconf 82' lang='lat' dir='ltr'><strong>posset,</strong></span> <span class='ocrx_word' id='word_1_202' title='bbox 3043 1481 3098 1528; x_wconf 88' lang='lat' dir='ltr'><strong>ct</strong></span> <span class='ocrx_word' id='word_1_203' title='bbox 3138 1475 3205 1529; x_wconf 84' lang='lat' dir='ltr'><strong>ad</strong></span> <span class='ocrx_word' id='word_1_204' title='bbox 3254 1473 3458 1530; x_wconf 83' lang='lat' dir='ltr'><strong>Christi</strong></span> 
     </span>
    </p>
   </div>
   <div class='ocr_carea' id='block_1_30' title="bbox 1878 1563 3459 1637">
    <p class='ocr_par' dir='ltr' id='par_1_30' title="bbox 1878 1563 3459 1637">
     <span class='ocr_line' id='line_1_30' title="bbox 1878 1563 3459 1637; baseline 0.004 -22"><span class='ocrx_word' id='word_1_205' title='bbox 1878 1571 2087 1631; x_wconf 90' lang='lat' dir='ltr'><strong>portam</strong></span> <span class='ocrx_word' id='word_1_206' title='bbox 2122 1563 2337 1618; x_wconf 85' lang='lat' dir='ltr'><strong>assidue</strong></span> <span class='ocrx_word' id='word_1_207' title='bbox 2372 1565 2639 1634; x_wconf 86' lang='lat' dir='ltr'><strong>pulsanti,</strong></span> <span class='ocrx_word' id='word_1_208' title='bbox 2692 1567 2741 1621; x_wconf 91' lang='lat' dir='ltr'><strong>ei</strong></span> <span class='ocrx_word' id='word_1_209' title='bbox 2790 1566 3110 1637; x_wconf 90' lang='lat' dir='ltr'><strong>aperiuntur</strong></span> <span class='ocrx_word' id='word_1_210' title='bbox 3138 1568 3345 1622; x_wconf 83' lang='lat' dir='ltr'><strong>viscera</strong></span> <span class='ocrx_word' id='word_1_211' title='bbox 3377 1568 3459 1621; x_wconf 80' lang='lat' dir='ltr'><strong>di-</strong></span> 
     </span>
    </p>
   </div>
   <div class='ocr_carea' id='block_1_31' title="bbox 1878 1653 3461 1730">
    <p class='ocr_par' dir='ltr' id='par_1_31' title="bbox 1878 1653 3461 1730">
     <span class='ocr_line' id='line_1_31' title="bbox 1878 1653 3461 1730; baseline 0.005 -24"><span class='ocrx_word' id='word_1_212' title='bbox 1878 1653 2015 1709; x_wconf 63' lang='lat' dir='ltr'><strong>vinae.</strong></span> <span class='ocrx_word' id='word_1_213' title='bbox 2046 1655 2414 1727; x_wconf 80' lang='lat' dir='ltr'><strong>benignitatis.</strong></span> <span class='ocrx_word' id='word_1_214' title='bbox 2466 1657 2650 1727; x_wconf 84' lang='lat' dir='ltr'><strong>Itaque</strong></span> <span class='ocrx_word' id='word_1_215' title='bbox 2691 1659 2806 1727; x_wconf 89' lang='lat' dir='ltr'><strong>ipse</strong></span> <span class='ocrx_word' id='word_1_216' title='bbox 2849 1675 3066 1730; x_wconf 90' lang='lat' dir='ltr'><strong>quoque</strong></span> <span class='ocrx_word' id='word_1_217' title='bbox 3107 1660 3194 1714; x_wconf 91' lang='lat' dir='ltr'><strong>illa</strong></span> <span class='ocrx_word' id='word_1_218' title='bbox 3240 1660 3461 1715; x_wconf 90' lang='lat' dir='ltr'><strong>imitans</strong></span> 
     </span>
    </p>
   </div>
   <div class='ocr_carea' id='block_1_32' title="bbox 1877 1746 3458 1819">
    <p class='ocr_par' dir='ltr' id='par_1_32' title="bbox 1877 1746 3458 1819">
     <span class='ocr_line' id='line_1_32' title="bbox 1877 1746 3458 1819; baseline 0.004 -21"><span class='ocrx_word' id='word_1_219' title='bbox 1877 1759 1974 1814; x_wconf 90' lang='lat' dir='ltr'><strong>pro</strong></span> <span class='ocrx_word' id='word_1_220' title='bbox 2007 1746 2238 1811; x_wconf 87' lang='lat' dir='ltr'><strong>viribus,</strong></span> <span class='ocrx_word' id='word_1_221' title='bbox 2280 1747 2452 1816; x_wconf 89' lang='lat' dir='ltr'><strong>aperit</strong></span> <span class='ocrx_word' id='word_1_222' title='bbox 2492 1752 2699 1804; x_wconf 90' lang='lat' dir='ltr'><strong>viscera</strong></span> <span class='ocrx_word' id='word_1_223' title='bbox 2733 1759 2786 1805; x_wconf 91' lang='lat' dir='ltr'><strong>et</strong></span> <span class='ocrx_word' id='word_1_224' title='bbox 2818 1762 3002 1819; x_wconf 73' lang='lat' dir='ltr'><strong>partas</strong></span> <span class='ocrx_word' id='word_1_225' title='bbox 3031 1765 3222 1806; x_wconf 92' lang='lat' dir='ltr'><strong>omnes</strong></span> <span class='ocrx_word' id='word_1_226' title='bbox 3257 1762 3312 1806; x_wconf 92' lang='lat' dir='ltr'><strong>et</strong></span> <span class='ocrx_word' id='word_1_227' title='bbox 3343 1767 3458 1805; x_wconf 57' lang='lat' dir='ltr'><strong>ma.</strong></span> 
     </span>
    </p>
   </div>
   <div class='ocr_carea' id='block_1_33' title="bbox 1880 1833 3457 1911">
    <p class='ocr_par' dir='ltr' id='par_1_33' title="bbox 1880 1833 3457 1911">
     <span class='ocr_line' id='line_1_33' title="bbox 1880 1833 3457 1911; baseline 0.005 -25"><span class='ocrx_word' id='word_1_228' title='bbox 1880 1847 2007 1886; x_wconf 91' lang='lat' dir='ltr'><strong>num</strong></span> <span class='ocrx_word' id='word_1_229' title='bbox 2047 1833 2436 1904; x_wconf 83' lang='lat' dir='ltr'><strong>indigentibus,</strong></span> <span class='ocrx_word' id='word_1_230' title='bbox 2468 1852 2573 1891; x_wconf 93' lang='lat' dir='ltr'><strong>non</strong></span> <span class='ocrx_word' id='word_1_231' title='bbox 2610 1838 2999 1894; x_wconf 72' lang='lat' dir='ltr'><strong>misericordiae</strong></span> <span class='ocrx_word' id='word_1_232' title='bbox 3027 1849 3208 1911; x_wconf 77' lang='lat' dir='ltr'><strong>guttas</strong></span> <span class='ocrx_word' id='word_1_233' title='bbox 3249 1838 3457 1910; x_wconf 76' lang='lat' dir='ltr'><strong>aliquas</strong></span> 
     </span>
    </p>
   </div>
   <div class='ocr_carea' id='block_1_34' title="bbox 189 1893 1766 2000">
    <p class='ocr_par' dir='ltr' id='par_1_34' title="bbox 189 1893 1766 1990">
     <span class='ocr_line' id='line_1_34' title="bbox 189 1893 1766 1990; baseline 0.003 -18"><span class='ocrx_word' id='word_1_234' title='bbox 189 1893 290 1982; x_wconf 83' lang='grc' dir='ltr'><strong>σας</strong></span> <span class='ocrx_word' id='word_1_235' title='bbox 310 1893 410 1972; x_wconf 75' lang='grc' dir='ltr'><strong>καὶ</strong></span> <span class='ocrx_word' id='word_1_236' title='bbox 427 1919 584 1988; x_wconf 84' lang='grc' dir='ltr'>χεῖρα</span> <span class='ocrx_word' id='word_1_237' title='bbox 602 1918 716 1980; x_wconf 86' lang='grc' dir='ltr'>τοῖς</span> <span class='ocrx_word' id='word_1_238' title='bbox 739 1893 1034 1988; x_wconf 81' lang='grc' dir='ltr'>δεομένοις,</span> <span class='ocrx_word' id='word_1_239' title='bbox 1057 1916 1118 1972; x_wconf 83' lang='grc' dir='ltr'>οὐ</span> <span class='ocrx_word' id='word_1_240' title='bbox 1147 1893 1390 1990; x_wconf 43' lang='lat' dir='ltr'><strong>aesaes;</strong></span> <span class='ocrx_word' id='word_1_241' title='bbox 1419 1893 1573 1985; x_wconf 78' lang='grc' dir='ltr'>τινὰς</span> <span class='ocrx_word' id='word_1_242' title='bbox 1594 1894 1766 1984; x_wconf 69' lang='grc' dir='ltr'>ἐλέους</span> 
     </span>
    </p>
   </div>
   <div class='ocr_carea' id='block_1_35' title="bbox 1874 1893 3459 2000">
    <p class='ocr_par' dir='ltr' id='par_1_35' title="bbox 1884 1893 3459 2000">
     <span class='ocr_line' id='line_1_35' title="bbox 1884 1893 3459 2000; baseline 0.006 -26"><span class='ocrx_word' id='word_1_243' title='bbox 1884 1936 2049 1992; x_wconf 88' lang='lat' dir='ltr'><strong>parce</strong></span> <span class='ocrx_word' id='word_1_244' title='bbox 2077 1926 2347 1993; x_wconf 67' lang='lat' dir='ltr'><strong>praebens,</strong></span> <span class='ocrx_word' id='word_1_245' title='bbox 2379 1926 2475 1981; x_wconf 88' lang='lat' dir='ltr'><strong>sed</strong></span> <span class='ocrx_word' id='word_1_246' title='bbox 2503 1927 2758 1984; x_wconf 89' lang='lat' dir='ltr'><strong>etnittens</strong></span> <span class='ocrx_word' id='word_1_247' title='bbox 2783 1929 2987 1986; x_wconf 89' lang='lat' dir='ltr'><strong>imbres</strong></span> <span class='ocrx_word' id='word_1_248' title='bbox 3009 1893 3380 2000; x_wconf 65' lang='lat' dir='ltr'><strong>benignitatis,</strong></span> <span class='ocrx_word' id='word_1_249' title='bbox 3404 1937 3459 1985; x_wconf 91' lang='lat' dir='ltr'><strong>et</strong></span> 
     </span>
    </p>
   </div>
   <div class='ocr_carea' id='block_1_36' title="bbox 190 2007 1774 2082">
    <p class='ocr_par' dir='ltr' id='par_1_36' title="bbox 190 2007 1774 2082">
     <span class='ocr_line' id='line_1_36' title="bbox 190 2007 1774 2082; baseline 0 -21"><span class='ocrx_word' id='word_1_250' title='bbox 190 2007 534 2079; x_wconf 81' lang='grc' dir='ltr'><strong>μικρολόγως</strong></span> <span class='ocrx_word' id='word_1_251' title='bbox 584 2007 865 2080; x_wconf 80' lang='grc' dir='ltr'><strong>παρέχων,</strong></span> <span class='ocrx_word' id='word_1_252' title='bbox 925 2008 1043 2062; x_wconf 83' lang='grc' dir='ltr'>ἀλλ’</span> <span class='ocrx_word' id='word_1_253' title='bbox 1073 2008 1317 2082; x_wconf 75' lang='grc' dir='ltr'>δμῦρους</span> <span class='ocrx_word' id='word_1_254' title='bbox 1368 2011 1522 2074; x_wconf 81' lang='grc' dir='ltr'><strong>ὅλους</strong></span> <span class='ocrx_word' id='word_1_255' title='bbox 1548 2012 1774 2077; x_wconf 78' lang='grc' dir='ltr'>ὕετίζων</span> 
     </span>
    </p>
   </div>
   <div class='ocr_carea' id='block_1_37' title="bbox 187 2100 1775 2173">
    <p class='ocr_par' dir='ltr' id='par_1_37' title="bbox 187 2100 1775 2173">
     <span class='ocr_line' id='line_1_37' title="bbox 187 2100 1775 2173; baseline 0.003 -20"><span class='ocrx_word' id='word_1_256' title='bbox 187 2100 590 2171; x_wconf 77' lang='grc' dir='ltr'>χρηστότητος,</span> <span class='ocrx_word' id='word_1_257' title='bbox 622 2102 720 2155; x_wconf 72' lang='grc' dir='ltr'><strong>καὶ</strong></span> <span class='ocrx_word' id='word_1_258' title='bbox 738 2100 1077 2173; x_wconf 80' lang='grc' dir='ltr'>ἀμφοτέραις</span> <span class='ocrx_word' id='word_1_259' title='bbox 1106 2103 1195 2156; x_wconf 72' lang='grc' dir='ltr'><strong>τὸν</strong></span> <span class='ocrx_word' id='word_1_260' title='bbox 1237 2102 1468 2157; x_wconf 85' lang='grc' dir='ltr'>πλοῦτον</span> <span class='ocrx_word' id='word_1_261' title='bbox 1501 2104 1775 2170; x_wconf 78' lang='grc' dir='ltr'>ἐξαντλῶν</span> 
     </span>
    </p>
   </div>
   <div class='ocr_carea' id='block_1_38' title="bbox 189 2192 654 2265">
    <p class='ocr_par' dir='ltr' id='par_1_38' title="bbox 189 2192 654 2265">
     <span class='ocr_line' id='line_1_38' title="bbox 189 2192 654 2265; baseline 0.006 -18"><span class='ocrx_word' id='word_1_262' title='bbox 189 2195 301 2258; x_wconf 85' lang='grc' dir='ltr'>τοῖς</span> <span class='ocrx_word' id='word_1_263' title='bbox 334 2192 654 2265; x_wconf 77' lang='grc' dir='ltr'>χρῄζουσιν.</span> 
     </span>
    </p>
   </div>
   <div class='ocr_carea' id='block_1_39' title="bbox 257 2284 1773 2356">
    <p class='ocr_par' dir='ltr' id='par_1_39' title="bbox 257 2284 1773 2356">
     <span class='ocr_line' id='line_1_39' title="bbox 257 2284 1773 2356; baseline 0.002 -17"><span class='ocrx_word' id='word_1_264' title='bbox 257 2288 335 2339; x_wconf 88' lang='grc' dir='ltr'><strong>Δ’.</strong></span> <span class='ocrx_word' id='word_1_265' title='bbox 353 2284 637 2339; x_wconf 78' lang='grc' dir='ltr'>Ἐντεῦθεν</span> <span class='ocrx_word' id='word_1_266' title='bbox 663 2285 916 2355; x_wconf 73' lang='grc' dir='ltr'>ἐπίδηλος</span> <span class='ocrx_word' id='word_1_267' title='bbox 942 2287 1053 2348; x_wconf 88' lang='grc' dir='ltr'>τοῖς</span> <span class='ocrx_word' id='word_1_268' title='bbox 1081 2287 1216 2340; x_wconf 82' lang='grc' dir='ltr'>πᾶσι</span> <span class='ocrx_word' id='word_1_269' title='bbox 1242 2288 1473 2356; x_wconf 85' lang='grc' dir='ltr'>γίνεται,</span> <span class='ocrx_word' id='word_1_270' title='bbox 1500 2289 1601 2343; x_wconf 79' lang='grc' dir='ltr'><strong>οὐκ</strong></span> <span class='ocrx_word' id='word_1_271' title='bbox 1632 2288 1773 2342; x_wconf 83' lang='grc' dir='ltr'>ίδιὼ-</span> 
     </span>
    </p>
   </div>
   <div class='ocr_carea' id='block_1_40' title="bbox 185 2378 1769 2450">
    <p class='ocr_par' dir='ltr' id='par_1_40' title="bbox 185 2378 1769 2450">
     <span class='ocr_line' id='line_1_40' title="bbox 185 2378 1769 2450; baseline 0.003 -19"><span class='ocrx_word' id='word_1_272' title='bbox 185 2394 307 2442; x_wconf 78' lang='grc' dir='ltr'>ταις</span> <span class='ocrx_word' id='word_1_273' title='bbox 348 2379 508 2448; x_wconf 87' lang='grc' dir='ltr'>μόνον</span> <span class='ocrx_word' id='word_1_274' title='bbox 544 2378 641 2431; x_wconf 74' lang='grc' dir='ltr'><strong>καὶ</strong></span> <span class='ocrx_word' id='word_1_275' title='bbox 673 2379 955 2449; x_wconf 80' lang='grc' dir='ltr'>ἄρχουσιν,</span> <span class='ocrx_word' id='word_1_276' title='bbox 994 2379 1131 2433; x_wconf 82' lang='grc' dir='ltr'><strong>ἀλλά</strong></span> <span class='ocrx_word' id='word_1_277' title='bbox 1194 2380 1291 2433; x_wconf 71' lang='grc' dir='ltr'>καὶ</span> <span class='ocrx_word' id='word_1_278' title='bbox 1349 2380 1499 2450; x_wconf 81' lang='grc' dir='ltr'>αὐτῷ</span> <span class='ocrx_word' id='word_1_279' title='bbox 1528 2379 1769 2448; x_wconf 81' lang='grc' dir='ltr'>βασιλεῖ’</span> 
     </span>
    </p>
   </div>
   <div class='ocr_carea' id='block_1_41' title="bbox 189 2468 1768 2549">
    <p class='ocr_par' dir='ltr' id='par_1_41' title="bbox 189 2468 1768 2549">
     <span class='ocr_line' id='line_1_41' title="bbox 189 2468 1768 2549; baseline 0.002 -25"><span class='ocrx_word' id='word_1_280' title='bbox 189 2471 518 2545; x_wconf 76' lang='grc' dir='ltr'>Ἡράκλειος</span> <span class='ocrx_word' id='word_1_281' title='bbox 551 2472 608 2526; x_wconf 84' lang='grc' dir='ltr'><strong>δὲ</strong></span> <span class='ocrx_word' id='word_1_282' title='bbox 624 2473 745 2526; x_wconf 88' lang='grc' dir='ltr'>τότε</span> <span class='ocrx_word' id='word_1_283' title='bbox 763 2468 831 2545; x_wconf 79' lang='grc' dir='ltr'><strong>ἦν</strong></span> <span class='ocrx_word' id='word_1_284' title='bbox 850 2473 918 2527; x_wconf 88' lang='grc' dir='ltr'><strong>τά</strong></span> <span class='ocrx_word' id='word_1_285' title='bbox 950 2473 1249 2549; x_wconf 22' lang='grc' dir='ltr'>Ῥωμαίων.</span> <span class='ocrx_word' id='word_1_286' title='bbox 1270 2475 1526 2546; x_wconf 83' lang='grc' dir='ltr'>σκῆπτρα</span> <span class='ocrx_word' id='word_1_287' title='bbox 1549 2476 1768 2529; x_wconf 75' lang='grc' dir='ltr'>διέπωντ</span> 
     </span>
    </p>
   </div>
   <div class='ocr_carea' id='block_1_42' title="bbox 180 2562 1769 2639">
    <p class='ocr_par' dir='ltr' id='par_1_42' title="bbox 180 2562 1769 2639">
     <span class='ocr_line' id='line_1_42' title="bbox 180 2562 1769 2639; baseline 0.001 -22"><span class='ocrx_word' id='word_1_288' title='bbox 180 2564 306 2618; x_wconf 81' lang='grc' dir='ltr'>ὃθεν</span> <span class='ocrx_word' id='word_1_289' title='bbox 331 2566 366 2635; x_wconf 74' lang='grc' dir='ltr'><strong>ἡ</strong></span> <span class='ocrx_word' id='word_1_290' title='bbox 392 2563 500 2617; x_wconf 84' lang='grc' dir='ltr'>τῶν</span> <span class='ocrx_word' id='word_1_291' title='bbox 517 2562 911 2635; x_wconf 79' lang='grc' dir='ltr'>Ἀλεξανδρέων</span> <span class='ocrx_word' id='word_1_292' title='bbox 946 2565 1123 2633; x_wconf 81' lang='grc' dir='ltr'>πόλις,</span> <span class='ocrx_word' id='word_1_293' title='bbox 1152 2568 1491 2639; x_wconf 83' lang='grc' dir='ltr'>πατριάρχου</span> <span class='ocrx_word' id='word_1_294' title='bbox 1524 2568 1646 2621; x_wconf 86' lang='grc' dir='ltr'>τότε</span> <span class='ocrx_word' id='word_1_295' title='bbox 1669 2586 1769 2638; x_wconf 63' lang='grc' dir='ltr'>χη-</span> 
     </span>
    </p>
   </div>
   <div class='ocr_carea' id='block_1_43' title="bbox 185 2656 1772 2731">
    <p class='ocr_par' dir='ltr' id='par_1_43' title="bbox 185 2656 1772 2731">
     <span class='ocr_line' id='line_1_43' title="bbox 185 2656 1772 2731; baseline 0.003 -22"><span class='ocrx_word' id='word_1_296' title='bbox 185 2656 441 2726; x_wconf 83' lang='grc' dir='ltr'>ρεύουσα,</span> <span class='ocrx_word' id='word_1_297' title='bbox 469 2657 562 2710; x_wconf 70' lang='grc' dir='ltr'><strong>ἐπὶ</strong></span> <span class='ocrx_word' id='word_1_298' title='bbox 586 2657 679 2711; x_wconf 84' lang='grc' dir='ltr'>τὸν</span> <span class='ocrx_word' id='word_1_299' title='bbox 713 2656 883 2729; x_wconf 79' lang='grc' dir='ltr'>ἄνδρα</span> <span class='ocrx_word' id='word_1_300' title='bbox 910 2657 1101 2711; x_wconf 87' lang='grc' dir='ltr'>τοῦτον</span> <span class='ocrx_word' id='word_1_301' title='bbox 1133 2660 1239 2731; x_wconf 75' lang='grc' dir='ltr'><strong>ὅλῳ</strong></span> <span class='ocrx_word' id='word_1_302' title='bbox 1271 2661 1420 2731; x_wconf 83' lang='grc' dir='ltr'>πόθῳ</span> <span class='ocrx_word' id='word_1_303' title='bbox 1451 2663 1643 2731; x_wconf 83' lang='grc' dir='ltr'>χωρεῖ,</span> <span class='ocrx_word' id='word_1_304' title='bbox 1680 2661 1772 2714; x_wconf 79' lang='grc' dir='ltr'><strong>καὶ</strong></span> 
     </span>
    </p>
   </div>
   <div class='ocr_carea' id='block_1_44' title="bbox 184 2747 1771 2821">
    <p class='ocr_par' dir='ltr' id='par_1_44' title="bbox 184 2747 1771 2821">
     <span class='ocr_line' id='line_1_44' title="bbox 184 2747 1771 2821; baseline 0.002 -20"><span class='ocrx_word' id='word_1_305' title='bbox 184 2747 453 2817; x_wconf 81' lang='grc' dir='ltr'>βασιλέως</span> <span class='ocrx_word' id='word_1_306' title='bbox 474 2748 644 2802; x_wconf 77' lang='grc' dir='ltr'>δεῖται</span> <span class='ocrx_word' id='word_1_307' title='bbox 671 2747 748 2820; x_wconf 79' lang='grc' dir='ltr'>μὴ</span> <span class='ocrx_word' id='word_1_308' title='bbox 770 2747 1097 2821; x_wconf 78' lang='grc' dir='ltr'>διαμαρτεῖν</span> <span class='ocrx_word' id='word_1_309' title='bbox 1139 2750 1234 2804; x_wconf 85' lang='grc' dir='ltr'><strong>τοῦ</strong></span> <span class='ocrx_word' id='word_1_310' title='bbox 1265 2749 1491 2813; x_wconf 80' lang='grc' dir='ltr'>σκοποῦ,</span> <span class='ocrx_word' id='word_1_311' title='bbox 1527 2753 1642 2804; x_wconf 77' lang='grc' dir='ltr'>ἀλλ’</span> <span class='ocrx_word' id='word_1_312' title='bbox 1667 2753 1771 2805; x_wconf 79' lang='grc' dir='ltr'>ὑπὸ</span> 
     </span>
    </p>
   </div>
   <div class='ocr_carea' id='block_1_45' title="bbox 182 2839 1770 2917">
    <p class='ocr_par' dir='ltr' id='par_1_45' title="bbox 182 2839 1770 2917">
     <span class='ocr_line' id='line_1_45' title="bbox 182 2839 1770 2917; baseline 0.002 -23"><span class='ocrx_word' id='word_1_313' title='bbox 182 2842 436 2909; x_wconf 81' lang='grc' dir='ltr'>ἀρχιερεῖ</span> <span class='ocrx_word' id='word_1_314' title='bbox 457 2839 593 2917; x_wconf 82' lang='grc' dir='ltr'>τῷδε</span> <span class='ocrx_word' id='word_1_315' title='bbox 615 2840 713 2908; x_wconf 84' lang='grc' dir='ltr'>τὴν</span> <span class='ocrx_word' id='word_1_316' title='bbox 742 2839 861 2894; x_wconf 82' lang='grc' dir='ltr'>κατ’</span> <span class='ocrx_word' id='word_1_317' title='bbox 891 2843 1089 2907; x_wconf 75' lang='grc' dir='ltr'>αὐτοὺς</span> <span class='ocrx_word' id='word_1_318' title='bbox 1118 2843 1507 2912; x_wconf 80' lang='grc' dir='ltr'>ποιμαίνεσθαι</span> <span class='ocrx_word' id='word_1_319' title='bbox 1541 2844 1770 2914; x_wconf 79' lang='grc' dir='ltr'><strong>Ἐκκλη⁴</strong></span> 
     </span>
    </p>
   </div>
   <div class='ocr_carea' id='block_1_46' title="bbox 187 2933 1769 3005">
    <p class='ocr_par' dir='ltr' id='par_1_46' title="bbox 187 2933 1769 3005">
     <span class='ocr_line' id='line_1_46' title="bbox 187 2933 1769 3005; baseline 0.002 -19"><span class='ocrx_word' id='word_1_320' title='bbox 187 2933 333 2986; x_wconf 90' lang='grc' dir='ltr'>σίαν.</span> <span class='ocrx_word' id='word_1_321' title='bbox 378 2934 488 2986; x_wconf 75' lang='grc' dir='ltr'><strong>Καὶ</strong></span> <span class='ocrx_word' id='word_1_322' title='bbox 535 2933 564 2984; x_wconf 84' lang='grc' dir='ltr'><strong>ό</strong></span> <span class='ocrx_word' id='word_1_323' title='bbox 616 2935 716 3004; x_wconf 69' lang='grc' dir='ltr'><strong>μὲν</strong></span> <span class='ocrx_word' id='word_1_324' title='bbox 750 2933 910 2996; x_wconf 78' lang='grc' dir='ltr'>εὐθὺς</span> <span class='ocrx_word' id='word_1_325' title='bbox 945 2936 1333 3004; x_wconf 75' lang='grc' dir='ltr'>μετακαλεῖται</span> <span class='ocrx_word' id='word_1_326' title='bbox 1354 2935 1444 2988; x_wconf 82' lang='grc' dir='ltr'><strong>τδν</strong></span> <span class='ocrx_word' id='word_1_327' title='bbox 1475 2934 1646 3005; x_wconf 83' lang='grc' dir='ltr'>μέγαν</span> <span class='ocrx_word' id='word_1_328' title='bbox 1678 2937 1769 2989; x_wconf 72' lang='grc' dir='ltr'><strong>καί</strong></span> 
     </span>
    </p>
   </div>
   <div class='ocr_carea' id='block_1_47' title="bbox 182 3024 1764 3098">
    <p class='ocr_par' dir='ltr' id='par_1_47' title="bbox 182 3024 1764 3098">
     <span class='ocr_line' id='line_1_47' title="bbox 182 3024 1764 3098; baseline 0.003 -22"><span class='ocrx_word' id='word_1_329' title='bbox 182 3024 322 3077; x_wconf 78' lang='grc' dir='ltr'>πᾶσι</span> <span class='ocrx_word' id='word_1_330' title='bbox 352 3026 575 3095; x_wconf 84' lang='grc' dir='ltr'>τρόποις</span> <span class='ocrx_word' id='word_1_331' title='bbox 598 3024 856 3094; x_wconf 74' lang='grc' dir='ltr'>ἐπιϐῆναι</span> <span class='ocrx_word' id='word_1_332' title='bbox 885 3025 977 3078; x_wconf 77' lang='grc' dir='ltr'><strong>τοῦ</strong></span> <span class='ocrx_word' id='word_1_333' title='bbox 1006 3026 1199 3096; x_wconf 83' lang='grc' dir='ltr'>θρόνου</span> <span class='ocrx_word' id='word_1_334' title='bbox 1226 3025 1416 3079; x_wconf 85' lang='grc' dir='ltr'>τοῦτον</span> <span class='ocrx_word' id='word_1_335' title='bbox 1472 3027 1764 3098; x_wconf 76' lang='grc' dir='ltr'>ἐπιχειρεῖ.</span> 
     </span>
    </p>
   </div>
   <div class='ocr_carea' id='block_1_48' title="bbox 192 3115 1768 3193">
    <p class='ocr_par' dir='ltr' id='par_1_48' title="bbox 192 3115 1768 3193">
     <span class='ocr_line' id='line_1_48' title="bbox 192 3115 1768 3193; baseline 0.003 -23"><span class='ocrx_word' id='word_1_336' title='bbox 192 3115 257 3170; x_wconf 86' lang='grc' dir='ltr'><em>Ὃ</em></span> <span class='ocrx_word' id='word_1_337' title='bbox 298 3117 355 3170; x_wconf 82' lang='grc' dir='ltr'><strong>δὲ</strong></span> <span class='ocrx_word' id='word_1_338' title='bbox 398 3117 717 3173; x_wconf 79' lang='grc' dir='ltr'>ἀνθίσταται</span> <span class='ocrx_word' id='word_1_339' title='bbox 745 3118 1141 3189; x_wconf 76' lang='grc' dir='ltr'>γενναιότερον,</span> <span class='ocrx_word' id='word_1_340' title='bbox 1179 3119 1271 3172; x_wconf 72' lang='grc' dir='ltr'><strong>τόν</strong></span> <span class='ocrx_word' id='word_1_341' title='bbox 1313 3119 1478 3187; x_wconf 84' lang='grc' dir='ltr'>δγκον</span> <span class='ocrx_word' id='word_1_342' title='bbox 1502 3120 1596 3173; x_wconf 87' lang='grc' dir='ltr'><strong>τοῦ</strong></span> <span class='ocrx_word' id='word_1_343' title='bbox 1627 3122 1768 3193; x_wconf 86' lang='grc' dir='ltr'>πρά-</span> 
     </span>
    </p>
   </div>
   <div class='ocr_carea' id='block_1_49' title="bbox 182 3208 1837 3296">
    <p class='ocr_par' dir='ltr' id='par_1_49' title="bbox 182 3208 1837 3296">
     <span class='ocr_line' id='line_1_49' title="bbox 182 3208 1837 3296; baseline 0.003 -35"><span class='ocrx_word' id='word_1_344' title='bbox 182 3227 394 3282; x_wconf 80' lang='grc' dir='ltr'>γματος</span> <span class='ocrx_word' id='word_1_345' title='bbox 419 3209 717 3264; x_wconf 79' lang='grc' dir='ltr'>δεδοικέναι</span> <span class='ocrx_word' id='word_1_346' title='bbox 745 3211 942 3279; x_wconf 81' lang='grc' dir='ltr'>λέγων,</span> <span class='ocrx_word' id='word_1_347' title='bbox 968 3212 1064 3265; x_wconf 79' lang='grc' dir='ltr'><strong>καὶ</strong></span> <span class='ocrx_word' id='word_1_348' title='bbox 1094 3213 1170 3281; x_wconf 81' lang='grc' dir='ltr'>μὴ</span> <span class='ocrx_word' id='word_1_349' title='bbox 1206 3208 1318 3274; x_wconf 75' lang='grc' dir='ltr'>οἷός</span> <span class='ocrx_word' id='word_1_350' title='bbox 1342 3229 1401 3266; x_wconf 82' lang='grc' dir='ltr'><strong>τε</strong></span> <span class='ocrx_word' id='word_1_351' title='bbox 1433 3209 1574 3267; x_wconf 82' lang='grc' dir='ltr'>εἶναι</span> <span class='ocrx_word' id='word_1_352' title='bbox 1601 3215 1767 3282; x_wconf 81' lang='grc' dir='ltr'>ἀξιὼ-</span> <span class='ocrx_word' id='word_1_353' title='bbox 1793 3234 1837 3296; x_wconf 78' lang='lat' dir='ltr'><strong>C</strong></span> 
     </span>
    </p>
   </div>
   <div class='ocr_carea' id='block_1_50' title="bbox 185 3301 1771 3378">
    <p class='ocr_par' dir='ltr' id='par_1_50' title="bbox 185 3301 1771 3378">
     <span class='ocr_line' id='line_1_50' title="bbox 185 3301 1771 3378; baseline 0.005 -25"><span class='ocrx_word' id='word_1_354' title='bbox 185 3318 361 3372; x_wconf 81' lang='grc' dir='ltr'>ματος</span> <span class='ocrx_word' id='word_1_355' title='bbox 389 3301 644 3355; x_wconf 84' lang='grc' dir='ltr'>τοσούτου</span> <span class='ocrx_word' id='word_1_356' title='bbox 680 3302 910 3373; x_wconf 84' lang='grc' dir='ltr'>μέγεθος</span> <span class='ocrx_word' id='word_1_357' title='bbox 944 3302 1219 3359; x_wconf 82' lang='grc' dir='ltr'>ὑπελθεῖν.</span> <span class='ocrx_word' id='word_1_358' title='bbox 1258 3305 1412 3359; x_wconf 77' lang='grc' dir='ltr'>Ἐπεὶ</span> <span class='ocrx_word' id='word_1_359' title='bbox 1447 3306 1503 3358; x_wconf 83' lang='grc' dir='ltr'><strong>δὲ</strong></span> <span class='ocrx_word' id='word_1_360' title='bbox 1525 3307 1771 3378; x_wconf 80' lang='grc' dir='ltr'>Νικήτας</span> 
     </span>
    </p>
   </div>
   <div class='ocr_carea' id='block_1_51' title="bbox 181 3394 1770 3472">
    <p class='ocr_par' dir='ltr' id='par_1_51' title="bbox 181 3394 1770 3472">
     <span class='ocr_line' id='line_1_51' title="bbox 181 3394 1770 3472; baseline 0.003 -24"><span class='ocrx_word' id='word_1_361' title='bbox 181 3396 211 3448; x_wconf 82' lang='grc' dir='ltr'>δ</span> <span class='ocrx_word' id='word_1_362' title='bbox 242 3394 343 3465; x_wconf 76' lang='grc' dir='ltr'><strong>τὴν</strong></span> <span class='ocrx_word' id='word_1_363' title='bbox 375 3394 534 3461; x_wconf 80' lang='grc' dir='ltr'>ἀξίαν</span> <span class='ocrx_word' id='word_1_364' title='bbox 564 3396 874 3467; x_wconf 79' lang='grc' dir='ltr'>πατρίκιος,</span> <span class='ocrx_word' id='word_1_365' title='bbox 937 3396 1147 3466; x_wconf 81' lang='grc' dir='ltr'>μεγάλα</span> <span class='ocrx_word' id='word_1_366' title='bbox 1198 3398 1258 3450; x_wconf 81' lang='grc' dir='ltr'><strong>τὸ</strong></span> <span class='ocrx_word' id='word_1_367' title='bbox 1284 3399 1587 3469; x_wconf 84' lang='grc' dir='ltr'>τηνικαῦτα</span> <span class='ocrx_word' id='word_1_368' title='bbox 1621 3402 1770 3472; x_wconf 81' lang='grc' dir='ltr'>παρὰ</span> 
     </span>
    </p>
   </div>
   <div class='ocr_carea' id='block_1_52' title="bbox 183 3483 1771 3560">
    <p class='ocr_par' dir='ltr' id='par_1_52' title="bbox 183 3483 1771 3560">
     <span class='ocr_line' id='line_1_52' title="bbox 183 3483 1771 3560; baseline 0.005 -25"><span class='ocrx_word' id='word_1_369' title='bbox 183 3483 399 3554; x_wconf 77' lang='grc' dir='ltr'>βασιλεῖ</span> <span class='ocrx_word' id='word_1_370' title='bbox 428 3484 747 3553; x_wconf 85' lang='grc' dir='ltr'>δυνάμενος,</span> <span class='ocrx_word' id='word_1_371' title='bbox 772 3484 999 3555; x_wconf 83' lang='grc' dir='ltr'>ἀδελφός</span> <span class='ocrx_word' id='word_1_372' title='bbox 1029 3502 1087 3539; x_wconf 87' lang='grc' dir='ltr'><strong>τε</strong></span> <span class='ocrx_word' id='word_1_373' title='bbox 1136 3487 1277 3540; x_wconf 84' lang='grc' dir='ltr'><strong>κατά</strong></span> <span class='ocrx_word' id='word_1_374' title='bbox 1309 3489 1524 3559; x_wconf 85' lang='grc' dir='ltr'>πνεῦμα</span> <span class='ocrx_word' id='word_1_375' title='bbox 1554 3489 1632 3560; x_wconf 80' lang='grc' dir='ltr'>τῷ</span> <span class='ocrx_word' id='word_1_376' title='bbox 1667 3508 1771 3560; x_wconf 91' lang='grc' dir='ltr'>μα-</span> 
     </span>
    </p>
   </div>
   <div class='ocr_carea' id='block_1_53' title="bbox 182 3568 1768 3650">
    <p class='ocr_par' dir='ltr' id='par_1_53' title="bbox 182 3568 1768 3650">
     <span class='ocr_line' id='line_1_53' title="bbox 182 3568 1768 3650; baseline 0.005 -24"><span class='ocrx_word' id='word_1_377' title='bbox 182 3568 586 3645; x_wconf 74' lang='grc' dir='ltr'>καρίῳτελῶν.</span> <span class='ocrx_word' id='word_1_378' title='bbox 615 3577 710 3631; x_wconf 77' lang='grc' dir='ltr'>καὶ</span> <span class='ocrx_word' id='word_1_379' title='bbox 740 3578 963 3648; x_wconf 83' lang='grc' dir='ltr'>δεσμοῖς</span> <span class='ocrx_word' id='word_1_380' title='bbox 996 3577 1145 3645; x_wconf 78' lang='grc' dir='ltr'>αὐτῷ</span> <span class='ocrx_word' id='word_1_381' title='bbox 1180 3578 1362 3647; x_wconf 80' lang='grc' dir='ltr'>φιλίας</span> <span class='ocrx_word' id='word_1_382' title='bbox 1412 3580 1616 3650; x_wconf 84' lang='grc' dir='ltr'>ἄριστα</span> <span class='ocrx_word' id='word_1_383' title='bbox 1641 3598 1768 3636; x_wconf 85' lang='grc' dir='ltr'>συν-</span> 
     </span>
    </p>
   </div>
   <div class='ocr_carea' id='block_1_54' title="bbox 178 3665 1768 3741">
    <p class='ocr_par' dir='ltr' id='par_1_54' title="bbox 178 3665 1768 3741">
     <span class='ocr_line' id='line_1_54' title="bbox 178 3665 1768 3741; baseline 0.006 -24"><span class='ocrx_word' id='word_1_384' title='bbox 178 3666 468 3738; x_wconf 78' lang='grc' dir='ltr'>ημμένος,</span> <span class='ocrx_word' id='word_1_385' title='bbox 500 3665 676 3731; x_wconf 76' lang='grc' dir='ltr'>ἄλλως</span> <span class='ocrx_word' id='word_1_386' title='bbox 700 3683 761 3721; x_wconf 87' lang='grc' dir='ltr'><strong>τε</strong></span> <span class='ocrx_word' id='word_1_387' title='bbox 812 3667 868 3720; x_wconf 82' lang='grc' dir='ltr'><strong>δὲ</strong></span> <span class='ocrx_word' id='word_1_388' title='bbox 920 3667 1016 3722; x_wconf 68' lang='grc' dir='ltr'>καὶ</span> <span class='ocrx_word' id='word_1_389' title='bbox 1045 3669 1108 3721; x_wconf 75' lang='grc' dir='ltr'>τὸ</span> <span class='ocrx_word' id='word_1_390' title='bbox 1139 3670 1519 3740; x_wconf 76' lang='grc' dir='ltr'>ἀπαράμιλλον</span> <span class='ocrx_word' id='word_1_391' title='bbox 1543 3672 1644 3741; x_wconf 83' lang='grc' dir='ltr'>τῆς</span> <span class='ocrx_word' id='word_1_392' title='bbox 1672 3673 1768 3726; x_wconf 85' lang='grc' dir='ltr'><strong>τοῦ</strong></span> 
     </span>
    </p>
   </div>
   <div class='ocr_carea' id='block_1_55' title="bbox 178 3757 1768 3832">
    <p class='ocr_par' dir='ltr' id='par_1_55' title="bbox 178 3757 1768 3832">
     <span class='ocr_line' id='line_1_55' title="bbox 178 3757 1768 3832; baseline 0.003 -20"><span class='ocrx_word' id='word_1_393' title='bbox 178 3758 377 3830; x_wconf 82' lang='grc' dir='ltr'>ἀνδρὸς</span> <span class='ocrx_word' id='word_1_394' title='bbox 398 3757 605 3830; x_wconf 85' lang='grc' dir='ltr'>ἀρετῆς</span> <span class='ocrx_word' id='word_1_395' title='bbox 632 3759 1028 3831; x_wconf 71' lang='grc' dir='ltr'>ἀκριϐέστερον</span> <span class='ocrx_word' id='word_1_396' title='bbox 1060 3761 1448 3832; x_wconf 76' lang='grc' dir='ltr'>ἐπιστάμενος,</span> <span class='ocrx_word' id='word_1_397' title='bbox 1491 3765 1584 3817; x_wconf 75' lang='grc' dir='ltr'><strong>καὶ</strong></span> <span class='ocrx_word' id='word_1_398' title='bbox 1619 3764 1768 3829; x_wconf 79' lang='grc' dir='ltr'>ἄξιον</span> 
     </span>
    </p>
   </div>
   <div class='ocr_carea' id='block_1_56' title="bbox 179 3842 1766 3930">
    <p class='ocr_par' dir='ltr' id='par_1_56' title="bbox 179 3842 1766 3930">
     <span class='ocr_line' id='line_1_56' title="bbox 179 3842 1766 3930; baseline 0.005 -26"><span class='ocrx_word' id='word_1_399' title='bbox 179 3846 321 3905; x_wconf 79' lang='grc' dir='ltr'>εἶναι</span> <span class='ocrx_word' id='word_1_400' title='bbox 342 3850 437 3904; x_wconf 81' lang='grc' dir='ltr'><strong>τοῦ</strong></span> <span class='ocrx_word' id='word_1_401' title='bbox 460 3850 674 3923; x_wconf 84' lang='grc' dir='ltr'>θρόνου,</span> <span class='ocrx_word' id='word_1_402' title='bbox 698 3853 750 3904; x_wconf 87' lang='grc' dir='ltr'><strong>εί</strong></span> <span class='ocrx_word' id='word_1_403' title='bbox 777 3853 869 3906; x_wconf 90' lang='grc' dir='ltr'><strong>καί</strong></span> <span class='ocrx_word' id='word_1_404' title='bbox 887 3870 1010 3917; x_wconf 86' lang='grc' dir='ltr'>τινα</span> <span class='ocrx_word' id='word_1_405' title='bbox 1040 3842 1250 3926; x_wconf 70' lang='grc' dir='ltr'>ἕτερον,</span> <span class='ocrx_word' id='word_1_406' title='bbox 1270 3853 1547 3923; x_wconf 76' lang='grc' dir='ltr'>ἐγνωκὼς,</span> <span class='ocrx_word' id='word_1_407' title='bbox 1577 3858 1653 3929; x_wconf 82' lang='grc' dir='ltr'>τῷ</span> <span class='ocrx_word' id='word_1_408' title='bbox 1672 3858 1766 3930; x_wconf 84' lang='grc' dir='ltr'><strong>βα-</strong></span> 
     </span>
    </p>
   </div>
   <div class='ocr_carea' id='block_1_57' title="bbox 178 3943 1768 4018">
    <p class='ocr_par' dir='ltr' id='par_1_57' title="bbox 178 3943 1768 4018">
     <span class='ocr_line' id='line_1_57' title="bbox 178 3943 1768 4018; baseline 0.004 -20"><span class='ocrx_word' id='word_1_409' title='bbox 178 3944 325 3998; x_wconf 86' lang='grc' dir='ltr'>σιλεῖ</span> <span class='ocrx_word' id='word_1_410' title='bbox 363 3943 605 4016; x_wconf 82' lang='grc' dir='ltr'>σφοδρῶς</span> <span class='ocrx_word' id='word_1_411' title='bbox 654 3944 914 4008; x_wconf 76' lang='grc' dir='ltr'>ἐνέκειτο,</span> <span class='ocrx_word' id='word_1_412' title='bbox 973 3947 1048 4017; x_wconf 84' lang='grc' dir='ltr'>μὴ</span> <span class='ocrx_word' id='word_1_413' title='bbox 1082 3947 1366 4002; x_wconf 85' lang='grc' dir='ltr'>ὑπανεῖναι</span> <span class='ocrx_word' id='word_1_414' title='bbox 1394 3949 1589 4018; x_wconf 86' lang='grc' dir='ltr'>λέγων,</span> <span class='ocrx_word' id='word_1_415' title='bbox 1633 3951 1768 4005; x_wconf 85' lang='grc' dir='ltr'><strong>ἀλλά</strong></span> 
     </span>
    </p>
   </div>
   <div class='ocr_carea' id='block_1_58' title="bbox 179 4035 1768 4113">
    <p class='ocr_par' dir='ltr' id='par_1_58' title="bbox 179 4035 1768 4113">
     <span class='ocr_line' id='line_1_58' title="bbox 179 4035 1768 4113; baseline 0.003 -22"><span class='ocrx_word' id='word_1_416' title='bbox 179 4035 281 4091; x_wconf 80' lang='grc' dir='ltr'>καὶ</span> <span class='ocrx_word' id='word_1_417' title='bbox 314 4035 519 4090; x_wconf 75' lang='grc' dir='ltr'>ἄκοντα</span> <span class='ocrx_word' id='word_1_418' title='bbox 552 4036 691 4107; x_wconf 72' lang='grc' dir='ltr'>πρὸς</span> <span class='ocrx_word' id='word_1_419' title='bbox 721 4036 818 4090; x_wconf 83' lang='grc' dir='ltr'><strong>τδν</strong></span> <span class='ocrx_word' id='word_1_420' title='bbox 838 4036 1029 4107; x_wconf 88' lang='grc' dir='ltr'>θρόνον</span> <span class='ocrx_word' id='word_1_421' title='bbox 1068 4040 1402 4108; x_wconf 81' lang='grc' dir='ltr'>ἀναγαγεῖν·</span> <span class='ocrx_word' id='word_1_422' title='bbox 1451 4042 1480 4095; x_wconf 86' lang='grc' dir='ltr'><strong>ὁ</strong></span> <span class='ocrx_word' id='word_1_423' title='bbox 1515 4040 1768 4113; x_wconf 79' lang='grc' dir='ltr'>βασιλεὺς</span> 
     </span>
    </p>
   </div>
   <div class='ocr_carea' id='block_1_59' title="bbox 176 4125 1762 4205">
    <p class='ocr_par' dir='ltr' id='par_1_59' title="bbox 176 4125 1762 4205">
     <span class='ocr_line' id='line_1_59' title="bbox 176 4125 1762 4205; baseline 0.004 -22"><span class='ocrx_word' id='word_1_424' title='bbox 176 4130 326 4199; x_wconf 71' lang='grc' dir='ltr'>ὁρμῇ</span> <span class='ocrx_word' id='word_1_425' title='bbox 357 4125 565 4181; x_wconf 81' lang='grc' dir='ltr'>πλείονι</span> <span class='ocrx_word' id='word_1_426' title='bbox 616 4131 712 4181; x_wconf 78' lang='grc' dir='ltr'>καὶ</span> <span class='ocrx_word' id='word_1_427' title='bbox 772 4127 1048 4199; x_wconf 85' lang='grc' dir='ltr'>πνεύματι</span> <span class='ocrx_word' id='word_1_428' title='bbox 1110 4130 1364 4202; x_wconf 84' lang='grc' dir='ltr'>προσχὼν</span> <span class='ocrx_word' id='word_1_429' title='bbox 1421 4132 1762 4205; x_wconf 84' lang='grc' dir='ltr'>θερμοτέρῳ,</span> 
     </span>
    </p>
   </div>
   <div class='ocr_carea' id='block_1_60' title="bbox 178 4218 1765 4292">
    <p class='ocr_par' dir='ltr' id='par_1_60' title="bbox 178 4218 1765 4292">
     <span class='ocr_line' id='line_1_60' title="bbox 178 4218 1765 4292; baseline 0.003 -18"><span class='ocrx_word' id='word_1_430' title='bbox 178 4218 359 4274; x_wconf 84' lang='grc' dir='ltr'>πείθει</span> <span class='ocrx_word' id='word_1_431' title='bbox 400 4219 496 4272; x_wconf 78' lang='grc' dir='ltr'>τὸν</span> <span class='ocrx_word' id='word_1_432' title='bbox 543 4218 714 4290; x_wconf 78' lang='grc' dir='ltr'>ἄνδρα</span> <span class='ocrx_word' id='word_1_433' title='bbox 743 4219 846 4292; x_wconf 83' lang='grc' dir='ltr'>τὴν</span> <span class='ocrx_word' id='word_1_434' title='bbox 868 4219 1173 4292; x_wconf 85' lang='grc' dir='ltr'>ίερωσύνην</span> <span class='ocrx_word' id='word_1_435' title='bbox 1202 4223 1628 4290; x_wconf 83' lang='grc' dir='ltr'>καταδέξασθαι,</span> <span class='ocrx_word' id='word_1_436' title='bbox 1664 4225 1765 4278; x_wconf 82' lang='grc' dir='ltr'><strong>οὐκ</strong></span> 
     </span>
    </p>
   </div>
   <div class='ocr_carea' id='block_1_61' title="bbox 178 4312 1765 4388">
    <p class='ocr_par' dir='ltr' id='par_1_61' title="bbox 178 4312 1765 4388">
     <span class='ocr_line' id='line_1_61' title="bbox 178 4312 1765 4388; baseline 0.004 -22"><span class='ocrx_word' id='word_1_437' title='bbox 178 4312 335 4366; x_wconf 79' lang='grc' dir='ltr'>ἀθεεὶ</span> <span class='ocrx_word' id='word_1_438' title='bbox 390 4312 644 4381; x_wconf 83' lang='grc' dir='ltr'>γενέσθαι</span> <span class='ocrx_word' id='word_1_439' title='bbox 696 4314 799 4384; x_wconf 81' lang='grc' dir='ltr'>τήν</span> <span class='ocrx_word' id='word_1_440' title='bbox 859 4330 919 4367; x_wconf 86' lang='grc' dir='ltr'><strong>τε</strong></span> <span class='ocrx_word' id='word_1_441' title='bbox 975 4314 1247 4385; x_wconf 85' lang='grc' dir='ltr'>τοσαύτην</span> <span class='ocrx_word' id='word_1_442' title='bbox 1302 4319 1397 4369; x_wconf 83' lang='grc' dir='ltr'><strong>τοῦ</strong></span> <span class='ocrx_word' id='word_1_443' title='bbox 1447 4316 1623 4388; x_wconf 85' lang='grc' dir='ltr'>δήμου</span> <span class='ocrx_word' id='word_1_444' title='bbox 1654 4318 1765 4372; x_wconf 84' lang='grc' dir='ltr'><strong>τῶν</strong></span> 
     </span>
    </p>
   </div>
   <div class='ocr_carea' id='block_1_62' title="bbox 190 4402 1763 4480">
    <p class='ocr_par' dir='ltr' id='par_1_62' title="bbox 190 4402 1763 4480">
     <span class='ocr_line' id='line_1_62' title="bbox 190 4402 1763 4480; baseline 0.004 -24"><span class='ocrx_word' id='word_1_445' title='bbox 190 4402 587 4474; x_wconf 75' lang='grc' dir='ltr'>Ἀλεξανδρέων</span> <span class='ocrx_word' id='word_1_446' title='bbox 617 4407 961 4477; x_wconf 83' lang='grc' dir='ltr'>συγκίνησιν,</span> <span class='ocrx_word' id='word_1_447' title='bbox 998 4408 1094 4459; x_wconf 72' lang='grc' dir='ltr'><strong>καὶ</strong></span> <span class='ocrx_word' id='word_1_448' title='bbox 1132 4406 1225 4460; x_wconf 80' lang='grc' dir='ltr'><strong>τοῦ</strong></span> <span class='ocrx_word' id='word_1_449' title='bbox 1283 4406 1616 4478; x_wconf 72' lang='grc' dir='ltr'>κρατοῦντος</span> <span class='ocrx_word' id='word_1_450' title='bbox 1660 4411 1763 4480; x_wconf 81' lang='grc' dir='ltr'>τὴν</span> 
     </span>
    </p>
   </div>
   <div class='ocr_carea' id='block_1_63' title="bbox 177 4497 1760 4573">
    <p class='ocr_par' dir='ltr' id='par_1_63' title="bbox 177 4497 1760 4573">
     <span class='ocr_line' id='line_1_63' title="bbox 177 4497 1760 4573; baseline 0.003 -23"><span class='ocrx_word' id='word_1_451' title='bbox 177 4497 456 4561; x_wconf 72' lang='grc' dir='ltr'>ινστασιν,</span> <span class='ocrx_word' id='word_1_452' title='bbox 492 4497 876 4568; x_wconf 84' lang='grc' dir='ltr'>λογισάμενον.</span> <span class='ocrx_word' id='word_1_453' title='bbox 914 4499 1126 4551; x_wconf 79' lang='grc' dir='ltr'>Γίνεται</span> <span class='ocrx_word' id='word_1_454' title='bbox 1152 4498 1330 4551; x_wconf 88' lang='grc' dir='ltr'>τοίνυν</span> <span class='ocrx_word' id='word_1_455' title='bbox 1371 4499 1465 4553; x_wconf 89' lang='grc' dir='ltr'><strong>τοῦ</strong></span> <span class='ocrx_word' id='word_1_456' title='bbox 1492 4502 1760 4573; x_wconf 88' lang='grc' dir='ltr'>μακαρίου</span> 
     </span>
    </p>
   </div>
   <div class='ocr_carea' id='block_1_64' title="bbox 1878 2012 3205 2092">
    <p class='ocr_par' dir='ltr' id='par_1_64' title="bbox 1878 2012 3205 2092">
     <span class='ocr_line' id='line_1_64' title="bbox 1878 2012 3205 2092; baseline 0.01 -27"><span class='ocrx_word' id='word_1_457' title='bbox 1878 2012 2140 2067; x_wconf 86' lang='lat' dir='ltr'><strong>ambabus</strong></span> <span class='ocrx_word' id='word_1_458' title='bbox 2177 2015 2427 2072; x_wconf 87' lang='lat' dir='ltr'><strong>manibus</strong></span> <span class='ocrx_word' id='word_1_459' title='bbox 2462 2033 2594 2088; x_wconf 90' lang='lat' dir='ltr'><strong>opes</strong></span> <span class='ocrx_word' id='word_1_460' title='bbox 2628 2016 2911 2076; x_wconf 67' lang='lat' dir='ltr'><strong>effundens</strong></span> <span class='ocrx_word' id='word_1_461' title='bbox 2938 2021 3205 2092; x_wconf 89' lang='lat' dir='ltr'><strong>inopibus.</strong></span> 
     </span>
    </p>
   </div>
   <div class='ocr_carea' id='block_1_65' title="bbox 1946 2269 3450 2352">
    <p class='ocr_par' dir='ltr' id='par_1_65' title="bbox 1946 2269 3450 2352">
     <span class='ocr_line' id='line_1_65' title="bbox 1946 2269 3450 2352; baseline 0.01 -28"><span class='ocrx_word' id='word_1_462' title='bbox 1946 2269 2035 2327; x_wconf 79' lang='grc' dir='ltr'><strong>ιν.</strong></span> <span class='ocrx_word' id='word_1_463' title='bbox 2076 2271 2216 2330; x_wconf 83' lang='lat' dir='ltr'><strong>Hine</strong></span> <span class='ocrx_word' id='word_1_464' title='bbox 2245 2275 2426 2331; x_wconf 81' lang='lat' dir='ltr'><strong>evadit</strong></span> <span class='ocrx_word' id='word_1_465' title='bbox 2448 2277 2702 2334; x_wconf 90' lang='lat' dir='ltr'><strong>omnibus</strong></span> <span class='ocrx_word' id='word_1_466' title='bbox 2726 2279 3066 2346; x_wconf 85' lang='lat' dir='ltr'><strong>manifestus,</strong></span> <span class='ocrx_word' id='word_1_467' title='bbox 3088 2296 3195 2337; x_wconf 93' lang='lat' dir='ltr'><strong>non</strong></span> <span class='ocrx_word' id='word_1_468' title='bbox 3220 2282 3450 2352; x_wconf 83' lang='lat' dir='ltr'><strong>privatis</strong></span> 
     </span>
    </p>
   </div>
   <div class='ocr_carea' id='block_1_66' title="bbox 1874 2365 3448 2448">
    <p class='ocr_par' dir='ltr' id='par_1_66' title="bbox 1874 2365 3448 2448">
     <span class='ocr_line' id='line_1_66' title="bbox 1874 2365 3448 2448; baseline 0.007 -28"><span class='ocrx_word' id='word_1_469' title='bbox 1874 2365 2048 2420; x_wconf 89' lang='lat' dir='ltr'><strong>solum</strong></span> <span class='ocrx_word' id='word_1_470' title='bbox 2078 2376 2134 2422; x_wconf 90' lang='lat' dir='ltr'><strong>et</strong></span> <span class='ocrx_word' id='word_1_471' title='bbox 2164 2369 2516 2439; x_wconf 85' lang='lat' dir='ltr'><strong>principibus,</strong></span> <span class='ocrx_word' id='word_1_472' title='bbox 2542 2375 2637 2427; x_wconf 88' lang='lat' dir='ltr'><strong>sed</strong></span> <span class='ocrx_word' id='word_1_473' title='bbox 2661 2374 2824 2426; x_wconf 84' lang='lat' dir='ltr'><strong>etiam</strong></span> <span class='ocrx_word' id='word_1_474' title='bbox 2859 2373 2957 2444; x_wconf 89' lang='lat' dir='ltr'><strong>ipsi</strong></span> <span class='ocrx_word' id='word_1_475' title='bbox 2995 2373 3315 2444; x_wconf 86' lang='lat' dir='ltr'><strong>imperatori</strong></span> <span class='ocrx_word' id='word_1_476' title='bbox 3345 2375 3448 2448; x_wconf 79' lang='lat' dir='ltr'><strong>(i).</strong></span> 
     </span>
    </p>
   </div>
   <div class='ocr_carea' id='block_1_67' title="bbox 1877 2455 3445 2535">
    <p class='ocr_par' dir='ltr' id='par_1_67' title="bbox 1877 2455 3445 2535">
     <span class='ocr_line' id='line_1_67' title="bbox 1877 2455 3445 2535; baseline 0.009 -26"><span class='ocrx_word' id='word_1_477' title='bbox 1877 2455 2154 2514; x_wconf 85' lang='lat' dir='ltr'><strong>Heraclius</strong></span> <span class='ocrx_word' id='word_1_478' title='bbox 2184 2471 2364 2516; x_wconf 86' lang='lat' dir='ltr'><strong>autem</strong></span> <span class='ocrx_word' id='word_1_479' title='bbox 2400 2471 2529 2518; x_wconf 90' lang='lat' dir='ltr'><strong>tunc</strong></span> <span class='ocrx_word' id='word_1_480' title='bbox 2556 2473 2767 2535; x_wconf 86' lang='lat' dir='ltr'><strong>sceptra</strong></span> <span class='ocrx_word' id='word_1_481' title='bbox 2805 2465 3024 2521; x_wconf 86' lang='lat' dir='ltr'><strong>tenebat</strong></span> <span class='ocrx_word' id='word_1_482' title='bbox 3052 2464 3445 2524; x_wconf 72' lang='lat' dir='ltr'><strong>Romanorum.</strong></span> 
     </span>
    </p>
   </div>
   <div class='ocr_carea' id='block_1_68' title="bbox 1873 2549 3456 2616">
    <p class='ocr_par' dir='ltr' id='par_1_68' title="bbox 1873 2549 3456 2616">
     <span class='ocr_line' id='line_1_68' title="bbox 1873 2549 3456 2616; baseline 0.009 -16"><span class='ocrx_word' id='word_1_483' title='bbox 1873 2549 2239 2616; x_wconf 84' lang='lat' dir='ltr'><strong>Quamobrem</strong></span> <span class='ocrx_word' id='word_1_484' title='bbox 2261 2567 2386 2608; x_wconf 91' lang='lat' dir='ltr'><strong>cum</strong></span> <span class='ocrx_word' id='word_1_485' title='bbox 2415 2556 2610 2611; x_wconf 82' lang='lat' dir='ltr'><strong>civitas</strong></span> <span class='ocrx_word' id='word_1_486' title='bbox 2641 2556 3007 2612; x_wconf 81' lang='lat' dir='ltr'><strong>Alexandrina</strong></span> <span class='ocrx_word' id='word_1_487' title='bbox 3042 2569 3170 2613; x_wconf 92' lang='lat' dir='ltr'><strong>tunc</strong></span> <span class='ocrx_word' id='word_1_488' title='bbox 3197 2571 3340 2614; x_wconf 87' lang='lat' dir='ltr'><strong>esset</strong></span> <span class='ocrx_word' id='word_1_489' title='bbox 3371 2579 3456 2614; x_wconf 85' lang='lat' dir='ltr'><strong>nr-</strong></span> 
     </span>
    </p>
   </div>
   <div class='ocr_carea' id='block_1_69' title="bbox 1875 2643 3454 2713">
    <p class='ocr_par' dir='ltr' id='par_1_69' title="bbox 1875 2643 3454 2713">
     <span class='ocr_line' id='line_1_69' title="bbox 1875 2643 3454 2713; baseline 0.006 -17"><span class='ocrx_word' id='word_1_490' title='bbox 1875 2643 1996 2697; x_wconf 89' lang='lat' dir='ltr'><strong>bata</strong></span> <span class='ocrx_word' id='word_1_491' title='bbox 2028 2646 2359 2713; x_wconf 84' lang='lat' dir='ltr'><strong>patriarcha,</strong></span> <span class='ocrx_word' id='word_1_492' title='bbox 2388 2648 2453 2702; x_wconf 81' lang='lat' dir='ltr'><strong>ad</strong></span> <span class='ocrx_word' id='word_1_493' title='bbox 2485 2648 2632 2703; x_wconf 90' lang='lat' dir='ltr'><strong>hunc</strong></span> <span class='ocrx_word' id='word_1_494' title='bbox 2659 2650 2840 2703; x_wconf 85' lang='lat' dir='ltr'><strong>virum</strong></span> <span class='ocrx_word' id='word_1_495' title='bbox 2864 2658 2977 2705; x_wconf 88' lang='lat' dir='ltr'><strong>toto</strong></span> <span class='ocrx_word' id='word_1_496' title='bbox 3002 2653 3283 2706; x_wconf 87' lang='lat' dir='ltr'><strong>contendit</strong></span> <span class='ocrx_word' id='word_1_497' title='bbox 3308 2652 3454 2707; x_wconf 78' lang='lat' dir='ltr'><strong>desi-</strong></span> 
     </span>
    </p>
   </div>
   <div class='ocr_carea' id='block_1_70' title="bbox 1872 2736 3453 2812">
    <p class='ocr_par' dir='ltr' id='par_1_70' title="bbox 1872 2736 3453 2812">
     <span class='ocr_line' id='line_1_70' title="bbox 1872 2736 3453 2812; baseline 0.006 -22"><span class='ocrx_word' id='word_1_498' title='bbox 1872 2736 2044 2801; x_wconf 88' lang='lat' dir='ltr'><strong>derio,</strong></span> <span class='ocrx_word' id='word_1_499' title='bbox 2080 2748 2135 2793; x_wconf 91' lang='lat' dir='ltr'><strong>et</strong></span> <span class='ocrx_word' id='word_1_500' title='bbox 2168 2749 2320 2809; x_wconf 78' lang='lat' dir='ltr'><strong>rogat</strong></span> <span class='ocrx_word' id='word_1_501' title='bbox 2370 2741 2771 2809; x_wconf 84' lang='lat' dir='ltr'><strong>imperatorem,</strong></span> <span class='ocrx_word' id='word_1_502' title='bbox 2804 2757 2871 2797; x_wconf 91' lang='lat' dir='ltr'><strong>ne</strong></span> <span class='ocrx_word' id='word_1_503' title='bbox 2911 2742 3022 2812; x_wconf 86' lang='lat' dir='ltr'><strong>ipsa</strong></span> <span class='ocrx_word' id='word_1_504' title='bbox 3068 2757 3099 2796; x_wconf 89' lang='lat' dir='ltr'><strong>a</strong></span> <span class='ocrx_word' id='word_1_505' title='bbox 3144 2757 3312 2812; x_wconf 81' lang='lat' dir='ltr'><strong>scopo</strong></span> <span class='ocrx_word' id='word_1_506' title='bbox 3351 2759 3453 2799; x_wconf 89' lang='lat' dir='ltr'><strong>suo</strong></span> 
     </span>
    </p>
   </div>
   <div class='ocr_carea' id='block_1_71' title="bbox 1872 2830 3448 2903">
    <p class='ocr_par' dir='ltr' id='par_1_71' title="bbox 1872 2830 3448 2903">
     <span class='ocr_line' id='line_1_71' title="bbox 1872 2830 3448 2903; baseline 0.003 -20"><span class='ocrx_word' id='word_1_507' title='bbox 1872 2830 2176 2897; x_wconf 80' lang='lat' dir='ltr'><strong>excideret,</strong></span> <span class='ocrx_word' id='word_1_508' title='bbox 2223 2832 2318 2885; x_wconf 87' lang='lat' dir='ltr'><strong>sed</strong></span> <span class='ocrx_word' id='word_1_509' title='bbox 2367 2832 2435 2887; x_wconf 84' lang='lat' dir='ltr'><strong>ab</strong></span> <span class='ocrx_word' id='word_1_510' title='bbox 2485 2847 2551 2888; x_wconf 91' lang='lat' dir='ltr'><strong>eo</strong></span> <span class='ocrx_word' id='word_1_511' title='bbox 2591 2833 2848 2903; x_wconf 72' lang='lat' dir='ltr'><strong>pontifice</strong></span> <span class='ocrx_word' id='word_1_512' title='bbox 2896 2844 3213 2902; x_wconf 88' lang='lat' dir='ltr'><strong>pasceretur</strong></span> <span class='ocrx_word' id='word_1_513' title='bbox 3259 2850 3448 2889; x_wconf 90' lang='lat' dir='ltr'><strong>eorum</strong></span> 
     </span>
    </p>
   </div>
   <div class='ocr_carea' id='block_1_72' title="bbox 1875 2914 3454 2994">
    <p class='ocr_par' dir='ltr' id='par_1_72' title="bbox 1875 2914 3454 2994">
     <span class='ocr_line' id='line_1_72' title="bbox 1875 2914 3454 2994; baseline 0.003 -18"><span class='ocrx_word' id='word_1_514' title='bbox 1875 2922 2134 2976; x_wconf 83' lang='lat' dir='ltr'><strong>Ecclesia.</strong></span> <span class='ocrx_word' id='word_1_515' title='bbox 2185 2923 2253 2977; x_wconf 87' lang='lat' dir='ltr'><strong>Et</strong></span> <span class='ocrx_word' id='word_1_516' title='bbox 2303 2922 2393 2979; x_wconf 90' lang='lat' dir='ltr'><strong>ille</strong></span> <span class='ocrx_word' id='word_1_517' title='bbox 2436 2924 2656 2994; x_wconf 86' lang='lat' dir='ltr'><strong>quidem</strong></span> <span class='ocrx_word' id='word_1_518' title='bbox 2711 2939 2964 2993; x_wconf 72' lang='lat' dir='ltr'><strong>maguum</strong></span> <span class='ocrx_word' id='word_1_519' title='bbox 3015 2923 3166 2978; x_wconf 87' lang='lat' dir='ltr'><strong>illum</strong></span> <span class='ocrx_word' id='word_1_520' title='bbox 3196 2914 3454 2981; x_wconf 53' lang='lat' dir='ltr'><strong>&#39;accersit</strong></span> 
     </span>
    </p>
   </div>
   <div class='ocr_carea' id='block_1_73' title="bbox 1873 3015 3451 3086">
    <p class='ocr_par' dir='ltr' id='par_1_73' title="bbox 1873 3015 3451 3086">
     <span class='ocr_line' id='line_1_73' title="bbox 1873 3015 3451 3086; baseline 0.003 -19"><span class='ocrx_word' id='word_1_521' title='bbox 1873 3015 2140 3085; x_wconf 85' lang='lat' dir='ltr'><strong>protinus,</strong></span> <span class='ocrx_word' id='word_1_522' title='bbox 2169 3027 2225 3071; x_wconf 89' lang='lat' dir='ltr'><strong>et</strong></span> <span class='ocrx_word' id='word_1_523' title='bbox 2253 3015 2504 3071; x_wconf 89' lang='lat' dir='ltr'><strong>onmibus</strong></span> <span class='ocrx_word' id='word_1_524' title='bbox 2549 3016 2725 3071; x_wconf 88' lang='lat' dir='ltr'><strong>modis</strong></span> <span class='ocrx_word' id='word_1_525' title='bbox 2752 3020 2985 3072; x_wconf 79' lang='lat' dir='ltr'><strong>conatur</strong></span> <span class='ocrx_word' id='word_1_526' title='bbox 3009 3016 3057 3071; x_wconf 91' lang='lat' dir='ltr'><strong>ei</strong></span> <span class='ocrx_word' id='word_1_527' title='bbox 3097 3017 3451 3086; x_wconf 79' lang='lat' dir='ltr'><strong>persuadere,</strong></span> 
     </span>
    </p>
   </div>
   <div class='ocr_carea' id='block_1_74' title="bbox 1873 3107 3449 3174">
    <p class='ocr_par' dir='ltr' id='par_1_74' title="bbox 1873 3107 3449 3174">
     <span class='ocr_line' id='line_1_74' title="bbox 1873 3107 3449 3174; baseline 0.002 -13"><span class='ocrx_word' id='word_1_528' title='bbox 1873 3116 1930 3162; x_wconf 92' lang='lat' dir='ltr'><strong>ut</strong></span> <span class='ocrx_word' id='word_1_529' title='bbox 1973 3108 2041 3162; x_wconf 91' lang='lat' dir='ltr'><strong>ad</strong></span> <span class='ocrx_word' id='word_1_530' title='bbox 2072 3107 2255 3162; x_wconf 88' lang='lat' dir='ltr'><strong>sedem</strong></span> <span class='ocrx_word' id='word_1_531' title='bbox 2295 3110 2579 3163; x_wconf 83' lang='lat' dir='ltr'><strong>ascendat.</strong></span> <span class='ocrx_word' id='word_1_532' title='bbox 2610 3109 2705 3163; x_wconf 83' lang='lat' dir='ltr'><strong>Ille</strong></span> <span class='ocrx_word' id='word_1_533' title='bbox 2731 3119 2913 3164; x_wconf 87' lang='lat' dir='ltr'><strong>autem</strong></span> <span class='ocrx_word' id='word_1_534' title='bbox 2967 3121 3191 3165; x_wconf 87' lang='lat' dir='ltr'><strong>strenue</strong></span> <span class='ocrx_word' id='word_1_535' title='bbox 3221 3111 3449 3174; x_wconf 87' lang='lat' dir='ltr'><strong>resistit,</strong></span> 
     </span>
    </p>
   </div>
   <div class='ocr_carea' id='block_1_75' title="bbox 1873 3199 3451 3273">
    <p class='ocr_par' dir='ltr' id='par_1_75' title="bbox 1873 3199 3451 3273">
     <span class='ocr_line' id='line_1_75' title="bbox 1873 3199 3451 3273; baseline 0.002 -19"><span class='ocrx_word' id='word_1_536' title='bbox 1873 3202 2059 3256; x_wconf 88' lang='lat' dir='ltr'><strong>dicens</strong></span> <span class='ocrx_word' id='word_1_537' title='bbox 2092 3217 2152 3257; x_wconf 91' lang='lat' dir='ltr'><strong>se</strong></span> <span class='ocrx_word' id='word_1_538' title='bbox 2202 3203 2396 3257; x_wconf 88' lang='lat' dir='ltr'><strong>timere</strong></span> <span class='ocrx_word' id='word_1_539' title='bbox 2431 3203 2510 3257; x_wconf 81' lang='lat' dir='ltr'><strong>rei</strong></span> <span class='ocrx_word' id='word_1_540' title='bbox 2545 3199 3008 3272; x_wconf 70' lang='lat' dir='ltr'><strong>magnitudinem,</strong></span> <span class='ocrx_word' id='word_1_541' title='bbox 3045 3217 3147 3259; x_wconf 90' lang='lat' dir='ltr'><strong>nec</strong></span> <span class='ocrx_word' id='word_1_542' title='bbox 3190 3217 3250 3258; x_wconf 89' lang='lat' dir='ltr'><strong>se</strong></span> <span class='ocrx_word' id='word_1_543' title='bbox 3287 3218 3451 3273; x_wconf 88' lang='lat' dir='ltr'><strong>posse</strong></span> 
     </span>
    </p>
   </div>
   <div class='ocr_carea' id='block_1_76' title="bbox 1872 3292 3452 3362">
    <p class='ocr_par' dir='ltr' id='par_1_76' title="bbox 1872 3292 3452 3362">
     <span class='ocr_line' id='line_1_76' title="bbox 1872 3292 3452 3362; baseline 0.004 -17"><span class='ocrx_word' id='word_1_544' title='bbox 1872 3301 2077 3347; x_wconf 79' lang='lat' dir='ltr'><strong>tantam</strong></span> <span class='ocrx_word' id='word_1_545' title='bbox 2135 3293 2408 3347; x_wconf 82' lang='lat' dir='ltr'><strong>sustinere</strong></span> <span class='ocrx_word' id='word_1_546' title='bbox 2464 3294 2801 3362; x_wconf 75' lang='lat' dir='ltr'><strong>dignitatem.</strong></span> <span class='ocrx_word' id='word_1_547' title='bbox 2852 3293 2986 3348; x_wconf 89' lang='lat' dir='ltr'><strong>Cum</strong></span> <span class='ocrx_word' id='word_1_548' title='bbox 3044 3309 3175 3349; x_wconf 86' lang='lat' dir='ltr'><strong>vero</strong></span> <span class='ocrx_word' id='word_1_549' title='bbox 3230 3292 3452 3352; x_wconf 70' lang='lat' dir='ltr'><strong>Nic-etas</strong></span> 
     </span>
    </p>
   </div>
   <div class='ocr_carea' id='block_1_77' title="bbox 1868 3382 3448 3456">
    <p class='ocr_par' dir='ltr' id='par_1_77' title="bbox 1868 3382 3448 3456">
     <span class='ocr_line' id='line_1_77' title="bbox 1868 3382 3448 3456; baseline 0.002 -19"><span class='ocrx_word' id='word_1_550' title='bbox 1868 3382 2130 3455; x_wconf 79' lang='lat' dir='ltr'><strong>dignitate</strong></span> <span class='ocrx_word' id='word_1_551' title='bbox 2166 3385 2446 3453; x_wconf 83' lang='lat' dir='ltr'><strong>patricius,</strong></span> <span class='ocrx_word' id='word_1_552' title='bbox 2486 3385 2577 3452; x_wconf 87' lang='lat' dir='ltr'><strong>qui</strong></span> <span class='ocrx_word' id='word_1_553' title='bbox 2609 3393 2736 3438; x_wconf 87' lang='lat' dir='ltr'><strong>tunc</strong></span> <span class='ocrx_word' id='word_1_554' title='bbox 2779 3385 3006 3439; x_wconf 89' lang='lat' dir='ltr'><strong>multum</strong></span> <span class='ocrx_word' id='word_1_555' title='bbox 3047 3397 3264 3456; x_wconf 84' lang='lat' dir='ltr'><strong>p0terat</strong></span> <span class='ocrx_word' id='word_1_556' title='bbox 3306 3388 3448 3456; x_wconf 88' lang='lat' dir='ltr'><strong>apud</strong></span> 
     </span>
    </p>
   </div>
   <div class='ocr_carea' id='block_1_78' title="bbox 1869 3475 3442 3547">
    <p class='ocr_par' dir='ltr' id='par_1_78' title="bbox 1869 3475 3442 3547">
     <span class='ocr_line' id='line_1_78' title="bbox 1869 3475 3442 3547; baseline 0.003 -18"><span class='ocrx_word' id='word_1_557' title='bbox 1869 3476 2275 3547; x_wconf 83' lang='lat' dir='ltr'><strong>imperatorem,</strong></span> <span class='ocrx_word' id='word_1_558' title='bbox 2326 3486 2381 3530; x_wconf 88' lang='lat' dir='ltr'><strong>et</strong></span> <span class='ocrx_word' id='word_1_559' title='bbox 2428 3476 2487 3530; x_wconf 88' lang='grc' dir='ltr'>Β.</span> <span class='ocrx_word' id='word_1_560' title='bbox 2534 3475 2726 3531; x_wconf 77' lang='lat' dir='ltr'><strong>Joanni</strong></span> <span class='ocrx_word' id='word_1_561' title='bbox 2774 3485 2893 3531; x_wconf 84' lang='lat' dir='ltr'><strong>erat</strong></span> <span class='ocrx_word' id='word_1_562' title='bbox 2922 3476 3091 3532; x_wconf 82' lang='lat' dir='ltr'><strong>frater</strong></span> <span class='ocrx_word' id='word_1_563' title='bbox 3123 3479 3340 3546; x_wconf 86' lang='lat' dir='ltr'><strong>spiritu,</strong></span> <span class='ocrx_word' id='word_1_564' title='bbox 3386 3490 3442 3534; x_wconf 91' lang='lat' dir='ltr'><strong>et</strong></span> 
     </span>
    </p>
   </div>
   <div class='ocr_carea' id='block_1_79' title="bbox 1870 3560 3447 3637">
    <p class='ocr_par' dir='ltr' id='par_1_79' title="bbox 1870 3560 3447 3637">
     <span class='ocr_line' id='line_1_79' title="bbox 1870 3560 3447 3637; baseline 0.001 -16"><span class='ocrx_word' id='word_1_565' title='bbox 1870 3560 2098 3622; x_wconf 83' lang='lat' dir='ltr'><strong>vinculis</strong></span> <span class='ocrx_word' id='word_1_566' title='bbox 2149 3568 2404 3622; x_wconf 72' lang='lat' dir='ltr'><strong>amicitia:</strong></span> <span class='ocrx_word' id='word_1_567' title='bbox 2449 3577 2568 3622; x_wconf 88' lang='lat' dir='ltr'><strong>erat</strong></span> <span class='ocrx_word' id='word_1_568' title='bbox 2623 3568 2672 3622; x_wconf 87' lang='lat' dir='ltr'><strong>ei</strong></span> <span class='ocrx_word' id='word_1_569' title='bbox 2722 3569 2926 3637; x_wconf 90' lang='lat' dir='ltr'><strong>optime</strong></span> <span class='ocrx_word' id='word_1_570' title='bbox 2975 3567 3332 3637; x_wconf 72' lang='lat' dir='ltr'><strong>coniunctus,</strong></span> <span class='ocrx_word' id='word_1_571' title='bbox 3390 3580 3447 3625; x_wconf 89' lang='lat' dir='ltr'><strong>et</strong></span> 
     </span>
    </p>
   </div>
   <div class='ocr_carea' id='block_1_80' title="bbox 1868 3658 3439 3730">
    <p class='ocr_par' dir='ltr' id='par_1_80' title="bbox 1868 3658 3439 3730">
     <span class='ocr_line' id='line_1_80' title="bbox 1868 3658 3439 3730; baseline -0.001 -16"><span class='ocrx_word' id='word_1_572' title='bbox 1868 3659 2069 3730; x_wconf 85' lang='lat' dir='ltr'><strong>alioqui</strong></span> <span class='ocrx_word' id='word_1_573' title='bbox 2092 3668 2242 3715; x_wconf 89' lang='lat' dir='ltr'><strong>recte</strong></span> <span class='ocrx_word' id='word_1_574' title='bbox 2267 3658 2477 3714; x_wconf 88' lang='lat' dir='ltr'><strong>sciebat</strong></span> <span class='ocrx_word' id='word_1_575' title='bbox 2502 3659 2760 3713; x_wconf 80' lang='lat' dir='ltr'><strong>virtutem</strong></span> <span class='ocrx_word' id='word_1_576' title='bbox 2789 3658 2906 3727; x_wconf 85' lang='lat' dir='ltr'><strong>ejus</strong></span> <span class='ocrx_word' id='word_1_577' title='bbox 2934 3659 3439 3729; x_wconf 77' lang='lat' dir='ltr'><strong>incomparabilem,</strong></span> 
     </span>
    </p>
   </div>
   <div class='ocr_carea' id='block_1_81' title="bbox 1867 3749 3448 3818">
    <p class='ocr_par' dir='ltr' id='par_1_81' title="bbox 1867 3749 3448 3818">
     <span class='ocr_line' id='line_1_81' title="bbox 1867 3749 3448 3818; baseline 0.001 -11"><span class='ocrx_word' id='word_1_578' title='bbox 1867 3762 1921 3808; x_wconf 88' lang='lat' dir='ltr'><strong>et</strong></span> <span class='ocrx_word' id='word_1_579' title='bbox 1946 3761 2174 3808; x_wconf 83' lang='lat' dir='ltr'><strong>neverat</strong></span> <span class='ocrx_word' id='word_1_580' title='bbox 2217 3751 2388 3818; x_wconf 91' lang='lat' dir='ltr'><strong>illum,</strong></span> <span class='ocrx_word' id='word_1_581' title='bbox 2417 3752 2459 3806; x_wconf 90' lang='lat' dir='ltr'><strong>si</strong></span> <span class='ocrx_word' id='word_1_582' title='bbox 2513 3749 2656 3806; x_wconf 90' lang='lat' dir='ltr'><strong>ullus</strong></span> <span class='ocrx_word' id='word_1_583' title='bbox 2686 3760 2832 3806; x_wconf 87' lang='lat' dir='ltr'><strong>esset</strong></span> <span class='ocrx_word' id='word_1_584' title='bbox 2860 3751 3021 3818; x_wconf 85' lang='lat' dir='ltr'><strong>alios,</strong></span> <span class='ocrx_word' id='word_1_585' title='bbox 3062 3766 3124 3807; x_wconf 89' lang='lat' dir='ltr'><strong>ea</strong></span> <span class='ocrx_word' id='word_1_586' title='bbox 3168 3755 3295 3806; x_wconf 85' lang='lat' dir='ltr'><strong>sede</strong></span> <span class='ocrx_word' id='word_1_587' title='bbox 3328 3765 3448 3808; x_wconf 80' lang='lat' dir='ltr'><strong>esse</strong></span> 
     </span>
    </p>
   </div>
   <div class='ocr_carea' id='block_1_82' title="bbox 1867 3844 3448 3917">
    <p class='ocr_par' dir='ltr' id='par_1_82' title="bbox 1867 3844 3448 3917">
     <span class='ocr_line' id='line_1_82' title="bbox 1867 3844 3448 3917; baseline 0.001 -18"><span class='ocrx_word' id='word_1_588' title='bbox 1867 3846 2112 3915; x_wconf 80' lang='lat' dir='ltr'><strong>dignum,</strong></span> <span class='ocrx_word' id='word_1_589' title='bbox 2145 3847 2496 3900; x_wconf 73' lang='lat' dir='ltr'><strong>vehementer</strong></span> <span class='ocrx_word' id='word_1_590' title='bbox 2527 3845 2753 3899; x_wconf 85' lang='lat' dir='ltr'><strong>instaret</strong></span> <span class='ocrx_word' id='word_1_591' title='bbox 2785 3844 3130 3915; x_wconf 78' lang='lat' dir='ltr'><strong>imperaturi,</strong></span> <span class='ocrx_word' id='word_1_592' title='bbox 3163 3845 3350 3917; x_wconf 76' lang='lat' dir='ltr'><strong>dicens</strong></span> <span class='ocrx_word' id='word_1_593' title='bbox 3380 3861 3448 3901; x_wconf 79' lang='lat' dir='ltr'><strong>ne</strong></span> 
     </span>
    </p>
   </div>
   <div class='ocr_carea' id='block_1_83' title="bbox 1869 3934 3448 3999">
    <p class='ocr_par' dir='ltr' id='par_1_83' title="bbox 1869 3934 3448 3999">
     <span class='ocr_line' id='line_1_83' title="bbox 1869 3934 3448 3999; baseline 0 -8"><span class='ocrx_word' id='word_1_594' title='bbox 1869 3953 1990 3991; x_wconf 89' lang='lat' dir='ltr'><strong>eum</strong></span> <span class='ocrx_word' id='word_1_595' title='bbox 2020 3938 2323 3993; x_wconf 80' lang='lat' dir='ltr'><strong>remitteret</strong></span> <span class='ocrx_word' id='word_1_596' title='bbox 2343 3978 2358 3999; x_wconf 89' lang='lat'><strong>,</strong></span> <span class='ocrx_word' id='word_1_597' title='bbox 2389 3936 2481 3991; x_wconf 89' lang='lat' dir='ltr'><strong>sed</strong></span> <span class='ocrx_word' id='word_1_598' title='bbox 2514 3937 2596 3990; x_wconf 83' lang='lat' dir='ltr'><strong>vel</strong></span> <span class='ocrx_word' id='word_1_599' title='bbox 2628 3934 2862 3990; x_wconf 85' lang='lat' dir='ltr'><strong>invitum</strong></span> <span class='ocrx_word' id='word_1_600' title='bbox 2894 3936 2961 3990; x_wconf 87' lang='lat' dir='ltr'><strong>ad</strong></span> <span class='ocrx_word' id='word_1_601' title='bbox 3006 3936 3190 3993; x_wconf 88' lang='lat' dir='ltr'><strong>sedem</strong></span> <span class='ocrx_word' id='word_1_602' title='bbox 3222 3936 3448 3991; x_wconf 77' lang='lat' dir='ltr'><strong>invehe-</strong></span> 
     </span>
    </p>
   </div>
   <div class='ocr_carea' id='block_1_84' title="bbox 1870 4027 3441 4100">
    <p class='ocr_par' dir='ltr' id='par_1_84' title="bbox 1870 4027 3441 4100">
     <span class='ocr_line' id='line_1_84' title="bbox 1870 4027 3441 4100; baseline 0.001 -18"><span class='ocrx_word' id='word_1_603' title='bbox 1870 4037 1992 4095; x_wconf 89' lang='lat' dir='ltr'><strong>ret;</strong></span> <span class='ocrx_word' id='word_1_604' title='bbox 2043 4044 2242 4100; x_wconf 77' lang='lat' dir='ltr'><strong>urgens</strong></span> <span class='ocrx_word' id='word_1_605' title='bbox 2284 4028 2583 4098; x_wconf 88' lang='lat' dir='ltr'><strong>imperator</strong></span> <span class='ocrx_word' id='word_1_606' title='bbox 2636 4027 2845 4089; x_wconf 86' lang='lat' dir='ltr'><strong>majore</strong></span> <span class='ocrx_word' id='word_1_607' title='bbox 2889 4028 3092 4096; x_wconf 88' lang='lat' dir='ltr'><strong>impetu</strong></span> <span class='ocrx_word' id='word_1_608' title='bbox 3130 4034 3187 4082; x_wconf 86' lang='lat' dir='ltr'><strong>et</strong></span> <span class='ocrx_word' id='word_1_609' title='bbox 3223 4027 3441 4096; x_wconf 86' lang='lat' dir='ltr'><strong>spiritu,</strong></span> 
     </span>
    </p>
   </div>
   <div class='ocr_carea' id='block_1_85' title="bbox 1868 4117 3442 4193">
    <p class='ocr_par' dir='ltr' id='par_1_85' title="bbox 1868 4117 3442 4193">
     <span class='ocr_line' id='line_1_85' title="bbox 1868 4117 3442 4193; baseline -0.003 -18"><span class='ocrx_word' id='word_1_610' title='bbox 1868 4123 2161 4193; x_wconf 78' lang='lat' dir='ltr'><strong>persuadet</strong></span> <span class='ocrx_word' id='word_1_611' title='bbox 2198 4118 2418 4186; x_wconf 80' lang='lat' dir='ltr'><strong>Joanui,</strong></span> <span class='ocrx_word' id='word_1_612' title='bbox 2448 4130 2504 4173; x_wconf 87' lang='lat' dir='ltr'><strong>ut</strong></span> <span class='ocrx_word' id='word_1_613' title='bbox 2539 4118 2802 4188; x_wconf 88' lang='lat' dir='ltr'><strong>suscipiat</strong></span> <span class='ocrx_word' id='word_1_614' title='bbox 2836 4117 3227 4188; x_wconf 86' lang='lat' dir='ltr'><strong>pontificatum,</strong></span> <span class='ocrx_word' id='word_1_615' title='bbox 3264 4127 3323 4173; x_wconf 86' lang='lat' dir='ltr'><strong>ut</strong></span> <span class='ocrx_word' id='word_1_616' title='bbox 3352 4120 3442 4187; x_wconf 86' lang='lat' dir='ltr'><strong>qui</strong></span> 
     </span>
    </p>
   </div>
   <div class='ocr_carea' id='block_1_86' title="bbox 1866 4211 3442 4284">
    <p class='ocr_par' dir='ltr' id='par_1_86' title="bbox 1866 4211 3442 4284">
     <span class='ocr_line' id='line_1_86' title="bbox 1866 4211 3442 4284; baseline -0.003 -16"><span class='ocrx_word' id='word_1_617' title='bbox 1866 4215 2197 4284; x_wconf 88' lang='lat' dir='ltr'><strong>reputaverit</strong></span> <span class='ocrx_word' id='word_1_618' title='bbox 2247 4230 2352 4268; x_wconf 92' lang='lat' dir='ltr'><strong>nou</strong></span> <span class='ocrx_word' id='word_1_619' title='bbox 2409 4212 2530 4269; x_wconf 88' lang='lat' dir='ltr'><strong>sine</strong></span> <span class='ocrx_word' id='word_1_620' title='bbox 2582 4212 2676 4268; x_wconf 84' lang='lat' dir='ltr'><strong>Dei</strong></span> <span class='ocrx_word' id='word_1_621' title='bbox 2730 4214 2955 4268; x_wconf 89' lang='lat' dir='ltr'><strong>numine</strong></span> <span class='ocrx_word' id='word_1_622' title='bbox 3004 4211 3175 4267; x_wconf 87' lang='lat' dir='ltr'><strong>fuisse</strong></span> <span class='ocrx_word' id='word_1_623' title='bbox 3238 4220 3442 4265; x_wconf 90' lang='lat' dir='ltr'><strong>tantam</strong></span> 
     </span>
    </p>
   </div>
   <div class='ocr_carea' id='block_1_87' title="bbox 1864 4302 3444 4376">
    <p class='ocr_par' dir='ltr' id='par_1_87' title="bbox 1864 4302 3444 4376">
     <span class='ocr_line' id='line_1_87' title="bbox 1864 4302 3444 4376; baseline -0.004 -15"><span class='ocrx_word' id='word_1_624' title='bbox 1864 4305 2217 4361; x_wconf 79' lang='lat' dir='ltr'><strong>Alexandrini</strong></span> <span class='ocrx_word' id='word_1_625' title='bbox 2267 4304 2447 4376; x_wconf 90' lang='lat' dir='ltr'><strong>populi</strong></span> <span class='ocrx_word' id='word_1_626' title='bbox 2498 4304 2925 4361; x_wconf 85' lang='lat' dir='ltr'><strong>commotionem</strong></span> <span class='ocrx_word' id='word_1_627' title='bbox 2983 4312 3040 4360; x_wconf 88' lang='lat' dir='ltr'><strong>et</strong></span> <span class='ocrx_word' id='word_1_628' title='bbox 3091 4302 3444 4371; x_wconf 80' lang='lat' dir='ltr'><strong>imperatoris</strong></span> 
     </span>
    </p>
   </div>
   <div class='ocr_carea' id='block_1_88' title="bbox 1865 4394 3441 4466">
    <p class='ocr_par' dir='ltr' id='par_1_88' title="bbox 1865 4394 3441 4466">
     <span class='ocr_line' id='line_1_88' title="bbox 1865 4394 3441 4466; baseline -0.001 -15"><span class='ocrx_word' id='word_1_629' title='bbox 1865 4396 2288 4451; x_wconf 88' lang='lat' dir='ltr'><strong>contentionem.</strong></span> <span class='ocrx_word' id='word_1_630' title='bbox 2344 4394 2432 4450; x_wconf 68' lang='lat' dir='ltr'><strong>Fit</strong></span> <span class='ocrx_word' id='word_1_631' title='bbox 2476 4394 2659 4466; x_wconf 85' lang='lat' dir='ltr'><strong>itaque</strong></span> <span class='ocrx_word' id='word_1_632' title='bbox 2711 4396 2857 4451; x_wconf 85' lang='lat' dir='ltr'><strong>sedis</strong></span> <span class='ocrx_word' id='word_1_633' title='bbox 2913 4395 3077 4451; x_wconf 78' lang='lat' dir='ltr'><strong>Marci</strong></span> <span class='ocrx_word' id='word_1_634' title='bbox 3130 4412 3441 4459; x_wconf 75' lang='lat' dir='ltr'><strong>successor,</strong></span> 
     </span>
    </p>
   </div>
   <div class='ocr_carea' id='block_1_89' title="bbox 1865 4487 3444 4558">
    <p class='ocr_par' dir='ltr' id='par_1_89' title="bbox 1865 4487 3444 4558">
     <span class='ocr_line' id='line_1_89' title="bbox 1865 4487 3444 4558; baseline -0.001 -16"><span class='ocrx_word' id='word_1_635' title='bbox 1865 4501 2108 4558; x_wconf 55' lang='lat' dir='ltr'><strong>tempore</strong></span> <span class='ocrx_word' id='word_1_636' title='bbox 2134 4487 2351 4556; x_wconf 84' lang='lat' dir='ltr'><strong>quidem</strong></span> <span class='ocrx_word' id='word_1_637' title='bbox 2381 4487 2452 4541; x_wconf 87' lang='lat' dir='ltr'><strong>ah</strong></span> <span class='ocrx_word' id='word_1_638' title='bbox 2478 4487 2568 4542; x_wconf 86' lang='lat' dir='ltr'><strong>illo</strong></span> <span class='ocrx_word' id='word_1_639' title='bbox 2591 4487 2746 4557; x_wconf 84' lang='lat' dir='ltr'><strong>longe</strong></span> <span class='ocrx_word' id='word_1_640' title='bbox 2771 4495 3031 4550; x_wconf 89' lang='lat' dir='ltr'><strong>remotus,</strong></span> <span class='ocrx_word' id='word_1_641' title='bbox 3054 4488 3146 4542; x_wconf 91' lang='lat' dir='ltr'><strong>sed</strong></span> <span class='ocrx_word' id='word_1_642' title='bbox 3174 4504 3277 4543; x_wconf 94' lang='lat' dir='ltr'><strong>non</strong></span> <span class='ocrx_word' id='word_1_643' title='bbox 3307 4490 3444 4543; x_wconf 88' lang='lat' dir='ltr'><strong>mul-</strong></span> 
     </span>
    </p>
   </div>
   <div class='ocr_carea' id='block_1_90' title="bbox 177 4571 1766 4661">
    <p class='ocr_par' dir='ltr' id='par_1_90' title="bbox 177 4571 1755 4661">
     <span class='ocr_line' id='line_1_90' title="bbox 177 4571 1755 4661; baseline 0.001 -18"><span class='ocrx_word' id='word_1_644' title='bbox 177 4588 375 4661; x_wconf 86' lang='grc' dir='ltr'>θρόνου</span> <span class='ocrx_word' id='word_1_645' title='bbox 399 4588 664 4658; x_wconf 83' lang='grc' dir='ltr'>διάδοχος.</span> <span class='ocrx_word' id='word_1_646' title='bbox 690 4589 768 4660; x_wconf 82' lang='grc' dir='ltr'>τῷ</span> <span class='ocrx_word' id='word_1_647' title='bbox 798 4591 979 4661; x_wconf 82' lang='grc' dir='ltr'>χρόνῳ</span> <span class='ocrx_word' id='word_1_648' title='bbox 1007 4591 1103 4661; x_wconf 79' lang='grc' dir='ltr'>μὲν</span> <span class='ocrx_word' id='word_1_649' title='bbox 1134 4591 1426 4653; x_wconf 83' lang='grc' dir='ltr'>πολλοστὸς</span> <span class='ocrx_word' id='word_1_650' title='bbox 1470 4593 1590 4661; x_wconf 87' lang='grc' dir='ltr'>μετ’</span> <span class='ocrx_word' id='word_1_651' title='bbox 1619 4571 1755 4646; x_wconf 80' lang='grc' dir='ltr'>ἐκεῖ·</span> 
     </span>
    </p>
   </div>
   <div class='ocr_carea' id='block_1_91' title="bbox 1874 4571 3438 4661">
    <p class='ocr_par' dir='ltr' id='par_1_91' title="bbox 1874 4580 3438 4649">
     <span class='ocr_line' id='line_1_91' title="bbox 1874 4580 3438 4649; baseline 0.004 -19"><span class='ocrx_word' id='word_1_652' title='bbox 1874 4586 1978 4635; x_wconf 85' lang='lat' dir='ltr'><strong>tum</strong></span> <span class='ocrx_word' id='word_1_653' title='bbox 2004 4588 2242 4636; x_wconf 89' lang='lat' dir='ltr'><strong>remotus</strong></span> <span class='ocrx_word' id='word_1_654' title='bbox 2267 4595 2297 4633; x_wconf 90' lang='lat' dir='ltr'><strong>a</strong></span> <span class='ocrx_word' id='word_1_655' title='bbox 2328 4581 2436 4633; x_wconf 85' lang='lat' dir='ltr'><strong>vita</strong></span> <span class='ocrx_word' id='word_1_656' title='bbox 2462 4580 2604 4634; x_wconf 86' lang='lat' dir='ltr'><strong>illius</strong></span> <span class='ocrx_word' id='word_1_657' title='bbox 2625 4588 2679 4634; x_wconf 89' lang='lat' dir='ltr'><strong>et</strong></span> <span class='ocrx_word' id='word_1_658' title='bbox 2708 4580 2912 4634; x_wconf 86' lang='lat' dir='ltr'><strong>virtute</strong></span> <span class='ocrx_word' id='word_1_659' title='bbox 2940 4597 2956 4634; x_wconf 88' lang='lat'><strong>:</strong></span> <span class='ocrx_word' id='word_1_660' title='bbox 2978 4581 3251 4649; x_wconf 90' lang='lat' dir='ltr'><strong>quomodo</strong></span> <span class='ocrx_word' id='word_1_661' title='bbox 3275 4582 3438 4636; x_wconf 88' lang='lat' dir='ltr'><strong>etiam</strong></span> 
     </span>
    </p>
   </div>
   <div class='ocr_carea' id='block_1_92' title="bbox 178 4680 1758 4755">
    <p class='ocr_par' dir='ltr' id='par_1_92' title="bbox 178 4680 1758 4755">
     <span class='ocr_line' id='line_1_92' title="bbox 178 4680 1758 4755; baseline 0.003 -22"><span class='ocrx_word' id='word_1_662' title='bbox 178 4697 292 4745; x_wconf 83' lang='lat' dir='ltr'><strong>vov,</strong></span> <span class='ocrx_word' id='word_1_663' title='bbox 325 4681 385 4733; x_wconf 86' lang='grc' dir='ltr'>οὐ</span> <span class='ocrx_word' id='word_1_664' title='bbox 411 4681 545 4734; x_wconf 81' lang='grc' dir='ltr'>πολὺ</span> <span class='ocrx_word' id='word_1_665' title='bbox 572 4681 628 4734; x_wconf 85' lang='grc' dir='ltr'><strong>δὲ</strong></span> <span class='ocrx_word' id='word_1_666' title='bbox 659 4680 755 4734; x_wconf 83' lang='grc' dir='ltr'><strong>τοῦ</strong></span> <span class='ocrx_word' id='word_1_667' title='bbox 783 4681 899 4752; x_wconf 83' lang='grc' dir='ltr'>βίου</span> <span class='ocrx_word' id='word_1_668' title='bbox 925 4685 1019 4736; x_wconf 61' lang='grc' dir='ltr'><strong>καί¹</strong></span> <span class='ocrx_word' id='word_1_669' title='bbox 1051 4681 1150 4753; x_wconf 80' lang='grc' dir='ltr'>τῆς</span> <span class='ocrx_word' id='word_1_670' title='bbox 1182 4684 1386 4754; x_wconf 78' lang='grc' dir='ltr'>ἀρετῆς</span> <span class='ocrx_word' id='word_1_671' title='bbox 1415 4683 1758 4755; x_wconf 81' lang='grc' dir='ltr'>λειπόμενος·</span> 
     </span>
    </p>
   </div>
   <div class='ocr_carea' id='block_1_93' title="bbox 177 4771 1759 4851">
    <p class='ocr_par' dir='ltr' id='par_1_93' title="bbox 177 4771 1759 4851">
     <span class='ocr_line' id='line_1_93' title="bbox 177 4771 1759 4851; baseline 0.004 -26"><span class='ocrx_word' id='word_1_672' title='bbox 177 4771 372 4842; x_wconf 83' lang='grc' dir='ltr'>ὥσπερ</span> <span class='ocrx_word' id='word_1_673' title='bbox 397 4772 506 4842; x_wconf 77' lang='grc' dir='ltr'>ἄρα</span> <span class='ocrx_word' id='word_1_674' title='bbox 559 4774 652 4826; x_wconf 76' lang='grc' dir='ltr'>καὶ</span> <span class='ocrx_word' id='word_1_675' title='bbox 679 4773 874 4844; x_wconf 80' lang='grc' dir='ltr'>δηλοῦν</span> <span class='ocrx_word' id='word_1_676' title='bbox 918 4775 1103 4845; x_wconf 77' lang='grc' dir='ltr'>ἔχουσι</span> <span class='ocrx_word' id='word_1_677' title='bbox 1149 4776 1220 4830; x_wconf 86' lang='grc' dir='ltr'><strong>τά</strong></span> <span class='ocrx_word' id='word_1_678' title='bbox 1261 4777 1400 4846; x_wconf 83' lang='grc' dir='ltr'>μετὰ</span> <span class='ocrx_word' id='word_1_679' title='bbox 1446 4777 1544 4851; x_wconf 81' lang='grc' dir='ltr'><strong>τὴν</strong></span> <span class='ocrx_word' id='word_1_680' title='bbox 1584 4778 1759 4849; x_wconf 75' lang='grc' dir='ltr'>ἀρχὴν</span> 
     </span>
    </p>
   </div>
   <div class='ocr_carea' id='block_1_94' title="bbox 177 4862 1142 4938">
    <p class='ocr_par' dir='ltr' id='par_1_94' title="bbox 177 4862 1142 4938">
     <span class='ocr_line' id='line_1_94' title="bbox 177 4862 1142 4938; baseline 0.007 -22"><span class='ocrx_word' id='word_1_681' title='bbox 177 4862 344 4927; x_wconf 74' lang='grc' dir='ltr'>εὐθὺς</span> <span class='ocrx_word' id='word_1_682' title='bbox 374 4864 469 4918; x_wconf 86' lang='grc' dir='ltr'><strong>τοῦ</strong></span> <span class='ocrx_word' id='word_1_683' title='bbox 500 4865 691 4937; x_wconf 72' lang='grc' dir='ltr'>ἀνδρὸς</span> <span class='ocrx_word' id='word_1_684' title='bbox 714 4867 1142 4938; x_wconf 81' lang='grc' dir='ltr'>κατορθώματα.</span> 
     </span>
    </p>
   </div>
   <div class='ocr_carea' id='block_1_95' title="bbox 253 4954 1757 5032">
    <p class='ocr_par' dir='ltr' id='par_1_95' title="bbox 253 4954 1757 5032">
     <span class='ocr_line' id='line_1_95' title="bbox 253 4954 1757 5032; baseline 0.006 -25"><span class='ocrx_word' id='word_1_685' title='bbox 253 4954 329 5010; x_wconf 87' lang='lat' dir='ltr'><strong>E&#39;.</strong></span> <span class='ocrx_word' id='word_1_686' title='bbox 351 4955 437 5019; x_wconf 84' lang='grc' dir='ltr'>Ὠς</span> <span class='ocrx_word' id='word_1_687' title='bbox 470 4955 579 5027; x_wconf 82' lang='grc' dir='ltr'>γὰρ</span> <span class='ocrx_word' id='word_1_688' title='bbox 604 4956 779 5028; x_wconf 75' lang='grc' dir='ltr'>επὲὁη</span> <span class='ocrx_word' id='word_1_689' title='bbox 808 4958 902 5012; x_wconf 82' lang='grc' dir='ltr'><strong>τοῦ</strong></span> <span class='ocrx_word' id='word_1_690' title='bbox 929 4958 1142 5029; x_wconf 87' lang='grc' dir='ltr'>θρόνου,</span> <span class='ocrx_word' id='word_1_691' title='bbox 1164 4959 1315 5029; x_wconf 80' lang='grc' dir='ltr'>ἀγὼν</span> <span class='ocrx_word' id='word_1_692' title='bbox 1337 4960 1485 5032; x_wconf 79' lang='grc' dir='ltr'><strong>αῦτῷ</strong></span> <span class='ocrx_word' id='word_1_693' title='bbox 1512 4959 1601 5015; x_wconf 79' lang='grc' dir='ltr'>διὰ</span> <span class='ocrx_word' id='word_1_694' title='bbox 1622 4978 1757 5016; x_wconf 86' lang='grc' dir='ltr'>παν-</span> 
     </span>
    </p>
   </div>
   <div class='ocr_carea' id='block_1_96' title="bbox 178 5046 1760 5124">
    <p class='ocr_par' dir='ltr' id='par_1_96' title="bbox 178 5046 1760 5124">
     <span class='ocr_line' id='line_1_96' title="bbox 178 5046 1760 5124; baseline 0.004 -25"><span class='ocrx_word' id='word_1_695' title='bbox 178 5047 273 5109; x_wconf 81' lang='grc' dir='ltr'><strong>τὸς</strong></span> <span class='ocrx_word' id='word_1_696' title='bbox 295 5046 485 5119; x_wconf 70' lang='grc' dir='ltr'>ἑτέρου</span> <span class='ocrx_word' id='word_1_697' title='bbox 506 5048 565 5102; x_wconf 79' lang='grc' dir='ltr'><strong>τὸ</strong></span> <span class='ocrx_word' id='word_1_698' title='bbox 585 5051 817 5120; x_wconf 79' lang='grc' dir='ltr'>Μάρκου</span> <span class='ocrx_word' id='word_1_699' title='bbox 844 5052 1108 5122; x_wconf 78' lang='grc' dir='ltr'>κήρυγμα</span> <span class='ocrx_word' id='word_1_700' title='bbox 1136 5054 1229 5106; x_wconf 77' lang='grc' dir='ltr'><strong>καὶ</strong></span> <span class='ocrx_word' id='word_1_701' title='bbox 1255 5052 1354 5124; x_wconf 79' lang='grc' dir='ltr'>τὴν</span> <span class='ocrx_word' id='word_1_702' title='bbox 1380 5054 1492 5108; x_wconf 87' lang='grc' dir='ltr'><strong>τῶν</strong></span> <span class='ocrx_word' id='word_1_703' title='bbox 1516 5054 1760 5123; x_wconf 86' lang='grc' dir='ltr'>φθασάν-</span> 
     </span>
    </p>
   </div>
   <div class='ocr_carea' id='block_1_97' title="bbox 179 5137 1757 5214">
    <p class='ocr_par' dir='ltr' id='par_1_97' title="bbox 179 5137 1757 5214">
     <span class='ocr_line' id='line_1_97' title="bbox 179 5137 1757 5214; baseline 0.004 -25"><span class='ocrx_word' id='word_1_704' title='bbox 179 5154 291 5190; x_wconf 92' lang='grc' dir='ltr'>των</span> <span class='ocrx_word' id='word_1_705' title='bbox 310 5137 455 5191; x_wconf 79' lang='grc' dir='ltr'>Πατέ</span> <span class='ocrx_word' id='word_1_706' title='bbox 466 5155 573 5210; x_wconf 88' lang='grc' dir='ltr'>ρων</span> <span class='ocrx_word' id='word_1_707' title='bbox 599 5139 782 5193; x_wconf 87' lang='grc' dir='ltr'>πίστιν</span> <span class='ocrx_word' id='word_1_708' title='bbox 808 5141 1244 5207; x_wconf 84' lang='grc' dir='ltr'>ἀνανεώσασθαι,</span> <span class='ocrx_word' id='word_1_709' title='bbox 1268 5142 1364 5195; x_wconf 76' lang='grc' dir='ltr'>καὶ</span> <span class='ocrx_word' id='word_1_710' title='bbox 1385 5142 1453 5195; x_wconf 74' lang='grc' dir='ltr'>τὰ</span> <span class='ocrx_word' id='word_1_711' title='bbox 1472 5142 1580 5195; x_wconf 86' lang='grc' dir='ltr'>τῶν</span> <span class='ocrx_word' id='word_1_712' title='bbox 1602 5142 1757 5214; x_wconf 77' lang='grc' dir='ltr'>αίρε-</span> 
     </span>
    </p>
   </div>
   <div class='ocr_carea' id='block_1_98' title="bbox 177 5229 1755 5305">
    <p class='ocr_par' dir='ltr' id='par_1_98' title="bbox 177 5229 1755 5305">
     <span class='ocr_line' id='line_1_98' title="bbox 177 5229 1755 5305; baseline 0.004 -23"><span class='ocrx_word' id='word_1_713' title='bbox 177 5229 353 5283; x_wconf 85' lang='grc' dir='ltr'>τικῶν</span> <span class='ocrx_word' id='word_1_714' title='bbox 411 5232 774 5301; x_wconf 80' lang='grc' dir='ltr'>παραφυέντα</span> <span class='ocrx_word' id='word_1_715' title='bbox 831 5232 1047 5298; x_wconf 77' lang='grc' dir='ltr'>ζιζάνια</span> <span class='ocrx_word' id='word_1_716' title='bbox 1102 5234 1280 5305; x_wconf 77' lang='grc' dir='ltr'>ῥίζαις</span> <span class='ocrx_word' id='word_1_717' title='bbox 1313 5234 1505 5291; x_wconf 77' lang='grc' dir='ltr'>αὐταῖς</span> <span class='ocrx_word' id='word_1_718' title='bbox 1533 5233 1755 5298; x_wconf 74' lang='grc' dir='ltr'>ἐξελεῖν.</span> 
     </span>
    </p>
   </div>
   <div class='ocr_carea' id='block_1_99' title="bbox 179 5318 1755 5398">
    <p class='ocr_par' dir='ltr' id='par_1_99' title="bbox 179 5318 1755 5398">
     <span class='ocr_line' id='line_1_99' title="bbox 179 5318 1755 5398; baseline 0.002 -21"><span class='ocrx_word' id='word_1_719' title='bbox 179 5318 290 5377; x_wconf 74' lang='grc' dir='ltr'>τοῦ</span> <span class='ocrx_word' id='word_1_720' title='bbox 300 5323 416 5396; x_wconf 83' lang='grc' dir='ltr'>γὰρ</span> <span class='ocrx_word' id='word_1_721' title='bbox 436 5324 699 5394; x_wconf 81' lang='grc' dir='ltr'>Κναφέως</span> <span class='ocrx_word' id='word_1_722' title='bbox 722 5326 928 5397; x_wconf 76' lang='grc' dir='ltr'>Πέτρου</span> <span class='ocrx_word' id='word_1_723' title='bbox 953 5326 1273 5398; x_wconf 78' lang='grc' dir='ltr'>προσθήκην</span> <span class='ocrx_word' id='word_1_724' title='bbox 1292 5327 1415 5380; x_wconf 78' lang='grc' dir='ltr'>τινὰ</span> <span class='ocrx_word' id='word_1_725' title='bbox 1438 5325 1755 5398; x_wconf 85' lang='grc' dir='ltr'>βλάσφημον</span> 
     </span>
    </p>
   </div>
   <div class='ocr_carea' id='block_1_100' title="bbox 256 5466 1755 5540">
    <p class='ocr_par' dir='ltr' id='par_1_100' title="bbox 256 5466 1755 5540">
     <span class='ocr_line' id='line_1_100' title="bbox 256 5466 1755 5540; baseline 0.001 -17"><span class='ocrx_word' id='word_1_726' title='bbox 256 5466 772 5540; x_wconf 73' lang='grc' dir='ltr'>(Ι)Μοιιιρ1ι..ιειεε</span> <span class='ocrx_word' id='word_1_727' title='bbox 826 5470 1078 5525; x_wconf 87' lang='lat' dir='ltr'><strong>fortassis</strong></span> <span class='ocrx_word' id='word_1_728' title='bbox 1131 5470 1296 5524; x_wconf 85' lang='lat' dir='ltr'><strong>verba</strong></span> <span class='ocrx_word' id='word_1_729' title='bbox 1350 5472 1465 5540; x_wconf 61' lang='lat' dir='ltr'><strong>haec</strong></span> <span class='ocrx_word' id='word_1_730' title='bbox 1517 5469 1755 5539; x_wconf 82' lang='lat' dir='ltr'><strong>adjecit:</strong></span> 
     </span>
    </p>
   </div>
   <div class='ocr_carea' id='block_1_101' title="bbox 180 5539 1755 5609">
    <p class='ocr_par' dir='ltr' id='par_1_101' title="bbox 180 5539 1755 5609">
     <span class='ocr_line' id='line_1_101' title="bbox 180 5539 1755 5609; baseline -0.001 -14"><span class='ocrx_word' id='word_1_731' title='bbox 180 5539 333 5595; x_wconf 84' lang='lat' dir='ltr'><strong>certe</strong></span> <span class='ocrx_word' id='word_1_732' title='bbox 363 5554 467 5592; x_wconf 92' lang='lat' dir='ltr'><strong>non</strong></span> <span class='ocrx_word' id='word_1_733' title='bbox 500 5539 590 5593; x_wconf 88' lang='lat' dir='ltr'><strong>diu</strong></span> <span class='ocrx_word' id='word_1_734' title='bbox 628 5552 756 5595; x_wconf 85' lang='lat' dir='ltr'><strong>ante</strong></span> <span class='ocrx_word' id='word_1_735' title='bbox 797 5541 973 5609; x_wconf 88' lang='lat' dir='ltr'><strong>potuit</strong></span> <span class='ocrx_word' id='word_1_736' title='bbox 1015 5554 1136 5594; x_wconf 90' lang='lat' dir='ltr'><strong>esse</strong></span> <span class='ocrx_word' id='word_1_737' title='bbox 1174 5552 1334 5593; x_wconf 89' lang='lat' dir='ltr'><strong>notus</strong></span> <span class='ocrx_word' id='word_1_738' title='bbox 1368 5539 1616 5593; x_wconf 86' lang='lat' dir='ltr'><strong>Heraclio</strong></span> <span class='ocrx_word' id='word_1_739' title='bbox 1644 5539 1755 5607; x_wconf 85' lang='lat' dir='ltr'><strong>jam</strong></span> 
     </span>
    </p>
   </div>
   <div class='ocr_carea' id='block_1_102' title="bbox 182 5609 1758 5679">
    <p class='ocr_par' dir='ltr' id='par_1_102' title="bbox 182 5609 1758 5679">
     <span class='ocr_line' id='line_1_102' title="bbox 182 5609 1758 5679; baseline 0 -15"><span class='ocrx_word' id='word_1_740' title='bbox 182 5609 521 5679; x_wconf 88' lang='lat' dir='ltr'><strong>imperatori,</strong></span> <span class='ocrx_word' id='word_1_741' title='bbox 552 5624 675 5663; x_wconf 90' lang='lat' dir='ltr'><strong>cum</strong></span> <span class='ocrx_word' id='word_1_742' title='bbox 698 5620 791 5663; x_wconf 91' lang='lat' dir='ltr'><strong>aut</strong></span> <span class='ocrx_word' id='word_1_743' title='bbox 816 5624 937 5663; x_wconf 76' lang='lat' dir='ltr'><strong>mox</strong></span> <span class='ocrx_word' id='word_1_744' title='bbox 964 5610 1269 5678; x_wconf 86' lang='lat' dir='ltr'><strong>patriarcha</strong></span> <span class='ocrx_word' id='word_1_745' title='bbox 1295 5610 1370 5664; x_wconf 90' lang='lat' dir='ltr'><strong>sit</strong></span> <span class='ocrx_word' id='word_1_746' title='bbox 1402 5620 1638 5674; x_wconf 86' lang='lat' dir='ltr'><strong>creatus,</strong></span> <span class='ocrx_word' id='word_1_747' title='bbox 1664 5620 1758 5664; x_wconf 86' lang='lat' dir='ltr'><strong>aut</strong></span> 
     </span>
    </p>
   </div>
   <div class='ocr_carea' id='block_1_103' title="bbox 181 5678 964 5749">
    <p class='ocr_par' dir='ltr' id='par_1_103' title="bbox 181 5678 964 5749">
     <span class='ocr_line' id='line_1_103' title="bbox 181 5678 964 5749; baseline -0.001 -16"><span class='ocrx_word' id='word_1_748' title='bbox 181 5678 368 5749; x_wconf 85' lang='lat' dir='ltr'><strong>potius</strong></span> <span class='ocrx_word' id='word_1_749' title='bbox 385 5678 756 5749; x_wconf 65' lang='lat' dir='ltr'><strong>aliquotante</strong></span> <span class='ocrx_word' id='word_1_750' title='bbox 783 5681 964 5734; x_wconf 85' lang='lat' dir='ltr'><strong>annis.</strong></span> 
     </span>
    </p>
   </div>
   <div class='ocr_carea' id='block_1_104' title="bbox 252 5746 1753 5820">
    <p class='ocr_par' dir='ltr' id='par_1_104' title="bbox 252 5746 1753 5820">
     <span class='ocr_line' id='line_1_104' title="bbox 252 5746 1753 5820; baseline 0.001 -18"><span class='ocrx_word' id='word_1_751' title='bbox 252 5750 330 5820; x_wconf 75' lang='lat'><strong>(2)</strong></span> <span class='ocrx_word' id='word_1_752' title='bbox 371 5746 569 5820; x_wconf 64' lang='lat' dir='ltr'><strong>Petrus</strong></span> <span class='ocrx_word' id='word_1_753' title='bbox 592 5747 1050 5820; x_wconf 32' lang='lat' dir='ltr'><strong>Cnapheusnsive</strong></span> <span class='ocrx_word' id='word_1_754' title='bbox 1076 5746 1252 5820; x_wconf 70' lang='lat' dir='ltr'><strong>Fullo,</strong></span> <span class='ocrx_word' id='word_1_755' title='bbox 1284 5749 1382 5804; x_wconf 88' lang='lat' dir='ltr'><strong>sub</strong></span> <span class='ocrx_word' id='word_1_756' title='bbox 1409 5747 1753 5820; x_wconf 10' lang='lat' dir='ltr'><strong>Leonegimp.</strong></span> 
     </span>
    </p>
   </div>
   <div class='ocr_carea' id='block_1_105' title="bbox 180 5816 1755 5888">
    <p class='ocr_par' dir='ltr' id='par_1_105' title="bbox 180 5816 1755 5888">
     <span class='ocr_line' id='line_1_105' title="bbox 180 5816 1755 5888; baseline 0.001 -17"><span class='ocrx_word' id='word_1_757' title='bbox 180 5816 369 5874; x_wconf 76' lang='lat' dir='ltr'><strong>favore</strong></span> <span class='ocrx_word' id='word_1_758' title='bbox 417 5816 651 5881; x_wconf 71' lang='lat' dir='ltr'><strong>Zenonis</strong></span> <span class='ocrx_word' id='word_1_759' title='bbox 698 5816 851 5873; x_wconf 83' lang='lat' dir='ltr'><strong>ducis</strong></span> <span class='ocrx_word' id='word_1_760' title='bbox 891 5816 1133 5874; x_wconf 89' lang='lat' dir='ltr'><strong>Orientis</strong></span> <span class='ocrx_word' id='word_1_761' title='bbox 1178 5818 1290 5888; x_wconf 88' lang='lat' dir='ltr'><strong>(qui</strong></span> <span class='ocrx_word' id='word_1_762' title='bbox 1343 5820 1539 5874; x_wconf 87' lang='lat' dir='ltr'><strong>deinde</strong></span> <span class='ocrx_word' id='word_1_763' title='bbox 1588 5816 1755 5874; x_wconf 84' lang='lat' dir='ltr'><strong>Leoni</strong></span> 
     </span>
    </p>
   </div>
   <div class='ocr_carea' id='block_1_106' title="bbox 178 5888 1754 5962">
    <p class='ocr_par' dir='ltr' id='par_1_106' title="bbox 178 5888 1754 5962">
     <span class='ocr_line' id='line_1_106' title="bbox 178 5888 1754 5962; baseline 0.001 -17"><span class='ocrx_word' id='word_1_764' title='bbox 178 5891 446 5948; x_wconf 78' lang='lat' dir='ltr'><strong>successit</strong></span> <span class='ocrx_word' id='word_1_765' title='bbox 469 5903 558 5946; x_wconf 88' lang='lat' dir='ltr'><strong>au.</strong></span> <span class='ocrx_word' id='word_1_766' title='bbox 585 5888 712 5960; x_wconf 73' lang='grc'><strong>474)</strong></span> <span class='ocrx_word' id='word_1_767' title='bbox 738 5889 1037 5948; x_wconf 66' lang='lat' dir='ltr'><strong>Antiochiae</strong></span> <span class='ocrx_word' id='word_1_768' title='bbox 1084 5897 1273 5946; x_wconf 87' lang='lat' dir='ltr'><strong>contra</strong></span> <span class='ocrx_word' id='word_1_769' title='bbox 1297 5889 1607 5962; x_wconf 88' lang='lat' dir='ltr'><strong>episcopum</strong></span> <span class='ocrx_word' id='word_1_770' title='bbox 1636 5890 1754 5962; x_wconf 73' lang='lat' dir='ltr'><strong>ejus</strong></span> 
     </span>
    </p>
   </div>
   <div class='ocr_carea' id='block_1_107' title="bbox 1867 4672 3443 4743">
    <p class='ocr_par' dir='ltr' id='par_1_107' title="bbox 1867 4672 3443 4743">
     <span class='ocr_line' id='line_1_107' title="bbox 1867 4672 3443 4743; baseline 0.001 -15"><span class='ocrx_word' id='word_1_771' title='bbox 1867 4682 2088 4743; x_wconf 83' lang='lat' dir='ltr'><strong>possunt</strong></span> <span class='ocrx_word' id='word_1_772' title='bbox 2135 4673 2446 4738; x_wconf 86' lang='lat' dir='ltr'><strong>ostendere,</strong></span> <span class='ocrx_word' id='word_1_773' title='bbox 2482 4686 2601 4742; x_wconf 65' lang='lat' dir='ltr'><strong>quae</strong></span> <span class='ocrx_word' id='word_1_774' title='bbox 2632 4672 2815 4727; x_wconf 87' lang='lat' dir='ltr'><strong>statim</strong></span> <span class='ocrx_word' id='word_1_775' title='bbox 2852 4682 2971 4742; x_wconf 84' lang='lat' dir='ltr'><strong>post</strong></span> <span class='ocrx_word' id='word_1_776' title='bbox 3020 4682 3327 4742; x_wconf 86' lang='lat' dir='ltr'><strong>susceptam</strong></span> <span class='ocrx_word' id='word_1_777' title='bbox 3359 4691 3443 4730; x_wconf 90' lang='lat' dir='ltr'><strong>re-</strong></span> 
     </span>
    </p>
   </div>
   <div class='ocr_carea' id='block_1_108' title="bbox 1865 4764 2851 4834">
    <p class='ocr_par' dir='ltr' id='par_1_108' title="bbox 1865 4764 2851 4834">
     <span class='ocr_line' id='line_1_108' title="bbox 1865 4764 2851 4834; baseline 0 -15"><span class='ocrx_word' id='word_1_778' title='bbox 1865 4765 2098 4821; x_wconf 89' lang='lat' dir='ltr'><strong>ctionem</strong></span> <span class='ocrx_word' id='word_1_779' title='bbox 2125 4771 2272 4820; x_wconf 88' lang='lat' dir='ltr'><strong>recte</strong></span> <span class='ocrx_word' id='word_1_780' title='bbox 2304 4764 2369 4818; x_wconf 91' lang='lat' dir='ltr'><strong>ah</strong></span> <span class='ocrx_word' id='word_1_781' title='bbox 2398 4764 2489 4818; x_wconf 87' lang='lat' dir='ltr'><strong>il&#39;o</strong></span> <span class='ocrx_word' id='word_1_782' title='bbox 2523 4772 2673 4834; x_wconf 75' lang='lat' dir='ltr'><strong>gesta</strong></span> <span class='ocrx_word' id='word_1_783' title='bbox 2705 4774 2851 4819; x_wconf 92' lang='lat' dir='ltr'><strong>sunt.</strong></span> 
     </span>
    </p>
   </div>
   <div class='ocr_carea' id='block_1_109' title="bbox 1941 4946 3439 5019">
    <p class='ocr_par' dir='ltr' id='par_1_109' title="bbox 1941 4946 3439 5019">
     <span class='ocr_line' id='line_1_109' title="bbox 1941 4946 3439 5019; baseline 0.001 -17"><span class='ocrx_word' id='word_1_784' title='bbox 1941 4947 2006 5004; x_wconf 85' lang='lat' dir='ltr'><strong>V.</strong></span> <span class='ocrx_word' id='word_1_785' title='bbox 2044 4949 2332 5019; x_wconf 87' lang='lat' dir='ltr'><strong>Postquam</strong></span> <span class='ocrx_word' id='word_1_786' title='bbox 2366 4949 2511 5004; x_wconf 88' lang='lat' dir='ltr'><strong>enim</strong></span> <span class='ocrx_word' id='word_1_787' title='bbox 2549 4947 2791 5004; x_wconf 89' lang='lat' dir='ltr'><strong>ascendit</strong></span> <span class='ocrx_word' id='word_1_788' title='bbox 2820 4949 3025 5011; x_wconf 89' lang='lat' dir='ltr'><strong>sedem,</strong></span> <span class='ocrx_word' id='word_1_789' title='bbox 3047 4946 3150 5004; x_wconf 89' lang='lat' dir='ltr'><strong>hoc</strong></span> <span class='ocrx_word' id='word_1_790' title='bbox 3180 4960 3307 5005; x_wconf 90' lang='lat' dir='ltr'><strong>ante</strong></span> <span class='ocrx_word' id='word_1_791' title='bbox 3335 4950 3439 5006; x_wconf 89' lang='lat' dir='ltr'><strong>alia</strong></span> 
     </span>
    </p>
   </div>
   <div class='ocr_carea' id='block_1_110' title="bbox 1866 5039 3440 5111">
    <p class='ocr_par' dir='ltr' id='par_1_110' title="bbox 1866 5039 3440 5111">
     <span class='ocr_line' id='line_1_110' title="bbox 1866 5039 3440 5111; baseline -0.003 -13"><span class='ocrx_word' id='word_1_792' title='bbox 1866 5045 2048 5098; x_wconf 88' lang='lat' dir='ltr'><strong>omnia</strong></span> <span class='ocrx_word' id='word_1_793' title='bbox 2073 5043 2371 5108; x_wconf 77' lang='lat' dir='ltr'><strong>contendit,</strong></span> <span class='ocrx_word' id='word_1_794' title='bbox 2399 5051 2454 5095; x_wconf 92' lang='lat' dir='ltr'><strong>ut</strong></span> <span class='ocrx_word' id='word_1_795' title='bbox 2479 5051 2763 5096; x_wconf 84' lang='lat' dir='ltr'><strong>renovaret</strong></span> <span class='ocrx_word' id='word_1_796' title='bbox 2783 5039 2952 5096; x_wconf 83' lang='lat' dir='ltr'><strong>Marci</strong></span> <span class='ocrx_word' id='word_1_797' title='bbox 2976 5040 3440 5111; x_wconf 67' lang='lat' dir='ltr'><strong>praedicationem,</strong></span> 
     </span>
    </p>
   </div>
   <div class='ocr_carea' id='block_1_111' title="bbox 1865 5118 3437 5202">
    <p class='ocr_par' dir='ltr' id='par_1_111' title="bbox 1865 5118 3437 5202">
     <span class='ocr_line' id='line_1_111' title="bbox 1865 5118 3437 5202; baseline -0.001 -11"><span class='ocrx_word' id='word_1_798' title='bbox 1865 5144 1917 5191; x_wconf 89' lang='lat' dir='ltr'><strong>et</strong></span> <span class='ocrx_word' id='word_1_799' title='bbox 1962 5134 2122 5191; x_wconf 79' lang='lat' dir='ltr'><strong>ﬁdem</strong></span> <span class='ocrx_word' id='word_1_800' title='bbox 2152 5134 2372 5188; x_wconf 84' lang='lat' dir='ltr'><strong>Patrum</strong></span> <span class='ocrx_word' id='word_1_801' title='bbox 2397 5135 2487 5202; x_wconf 89' lang='lat' dir='ltr'><strong>qui</strong></span> <span class='ocrx_word' id='word_1_802' title='bbox 2520 5118 2943 5201; x_wconf 65' lang='lat' dir='ltr'><strong>praecesserant,</strong></span> <span class='ocrx_word' id='word_1_803' title='bbox 2975 5143 3030 5190; x_wconf 86' lang='lat' dir='ltr'><strong>et</strong></span> <span class='ocrx_word' id='word_1_804' title='bbox 3062 5135 3437 5191; x_wconf 56' lang='lat' dir='ltr'><strong>haereticorum</strong></span> 
     </span>
    </p>
   </div>
   <div class='ocr_carea' id='block_1_112' title="bbox 1864 5222 3434 5303">
    <p class='ocr_par' dir='ltr' id='par_1_112' title="bbox 1864 5222 3434 5303">
     <span class='ocr_line' id='line_1_112' title="bbox 1864 5222 3434 5303; baseline -0.004 -18"><span class='ocrx_word' id='word_1_805' title='bbox 1864 5245 1986 5303; x_wconf 70' lang='lat' dir='ltr'><strong>qua:</strong></span> <span class='ocrx_word' id='word_1_806' title='bbox 2015 5237 2177 5284; x_wconf 76' lang='lat' dir='ltr'><strong>enata</strong></span> <span class='ocrx_word' id='word_1_807' title='bbox 2212 5225 2425 5281; x_wconf 84' lang='lat' dir='ltr'><strong>fuerant</strong></span> <span class='ocrx_word' id='word_1_808' title='bbox 2457 5225 2667 5279; x_wconf 83' lang='lat' dir='ltr'><strong>zizania</strong></span> <span class='ocrx_word' id='word_1_809' title='bbox 2698 5225 2954 5281; x_wconf 81' lang='lat' dir='ltr'><strong>evelleret</strong></span> <span class='ocrx_word' id='word_1_810' title='bbox 2983 5226 3265 5281; x_wconf 87' lang='lat' dir='ltr'><strong>radicitus.</strong></span> <span class='ocrx_word' id='word_1_811' title='bbox 3297 5222 3434 5279; x_wconf 83' lang='lat' dir='ltr'><strong>Nam</strong></span> 
     </span>
    </p>
   </div>
   <div class='ocr_carea' id='block_1_113' title="bbox 1865 5317 3434 5391">
    <p class='ocr_par' dir='ltr' id='par_1_113' title="bbox 1865 5317 3434 5391">
     <span class='ocr_line' id='line_1_113' title="bbox 1865 5317 3434 5391; baseline -0.003 -12"><span class='ocrx_word' id='word_1_812' title='bbox 1865 5338 1987 5379; x_wconf 89' lang='lat' dir='ltr'><strong>cum</strong></span> <span class='ocrx_word' id='word_1_813' title='bbox 2045 5321 2240 5376; x_wconf 86' lang='lat' dir='ltr'><strong>Petrus</strong></span> <span class='ocrx_word' id='word_1_814' title='bbox 2281 5317 2585 5387; x_wconf 83' lang='lat' dir='ltr'><strong>Cnapheus</strong></span> <span class='ocrx_word' id='word_1_815' title='bbox 2611 5317 2688 5391; x_wconf 73' lang='lat'><strong>(2)</strong></span> <span class='ocrx_word' id='word_1_816' title='bbox 2735 5319 3102 5389; x_wconf 81' lang='lat' dir='ltr'><strong>blasphemam</strong></span> <span class='ocrx_word' id='word_1_817' title='bbox 3146 5318 3434 5390; x_wconf 88' lang='lat' dir='ltr'><strong>quamdam</strong></span> 
     </span>
    </p>
   </div>
   <div class='ocr_carea' id='block_1_114' title="bbox 1857 5461 3429 5532">
    <p class='ocr_par' dir='ltr' id='par_1_114' title="bbox 1857 5461 3429 5532">
     <span class='ocr_line' id='line_1_114' title="bbox 1857 5461 3429 5532; baseline -0.006 -9"><span class='ocrx_word' id='word_1_818' title='bbox 1857 5470 2008 5523; x_wconf 86' lang='lat' dir='ltr'><strong>urbis</strong></span> <span class='ocrx_word' id='word_1_819' title='bbox 2036 5465 2398 5522; x_wconf 82' lang='lat' dir='ltr'><strong>orthodoxum</strong></span> <span class='ocrx_word' id='word_1_820' title='bbox 2423 5463 2737 5532; x_wconf 76' lang='lat' dir='ltr'><strong>Martyrium</strong></span> <span class='ocrx_word' id='word_1_821' title='bbox 2767 5463 3037 5520; x_wconf 87' lang='lat' dir='ltr'><strong>concitata</strong></span> <span class='ocrx_word' id='word_1_822' title='bbox 3065 5461 3429 5522; x_wconf 86' lang='lat' dir='ltr'><strong>multitudine,</strong></span> 
     </span>
    </p>
   </div>
   <div class='ocr_carea' id='block_1_115' title="bbox 1856 5531 3433 5604">
    <p class='ocr_par' dir='ltr' id='par_1_115' title="bbox 1856 5531 3433 5604">
     <span class='ocr_line' id='line_1_115' title="bbox 1856 5531 3433 5604; baseline -0.006 -10"><span class='ocrx_word' id='word_1_823' title='bbox 1856 5555 1975 5594; x_wconf 87' lang='lat' dir='ltr'><strong>eam</strong></span> <span class='ocrx_word' id='word_1_824' title='bbox 2005 5539 2186 5592; x_wconf 77' lang='lat' dir='ltr'><strong>sedem</strong></span> <span class='ocrx_word' id='word_1_825' title='bbox 2228 5536 2442 5597; x_wconf 87' lang='lat' dir='ltr'><strong>invasit,</strong></span> <span class='ocrx_word' id='word_1_826' title='bbox 2473 5552 2536 5589; x_wconf 87' lang='lat' dir='ltr'><strong>ac</strong></span> <span class='ocrx_word' id='word_1_827' title='bbox 2564 5534 3081 5604; x_wconf 85' lang='lat' dir='ltr'><strong>Theopascbitarum</strong></span> <span class='ocrx_word' id='word_1_828' title='bbox 3112 5531 3433 5604; x_wconf 83' lang='lat' dir='ltr'><strong>ittst_auravit</strong></span> 
     </span>
    </p>
   </div>
   <div class='ocr_carea' id='block_1_116' title="bbox 1860 5599 3431 5671">
    <p class='ocr_par' dir='ltr' id='par_1_116' title="bbox 1860 5599 3431 5671">
     <span class='ocr_line' id='line_1_116' title="bbox 1860 5599 3431 5671; baseline -0.008 -9"><span class='ocrx_word' id='word_1_829' title='bbox 1860 5608 2132 5671; x_wconf 72' lang='lat' dir='ltr'><strong>haeresim,</strong></span> <span class='ocrx_word' id='word_1_830' title='bbox 2156 5607 2222 5661; x_wconf 87' lang='lat' dir='ltr'><strong>tle</strong></span> <span class='ocrx_word' id='word_1_831' title='bbox 2252 5622 2354 5671; x_wconf 82' lang='lat' dir='ltr'><strong>qua</strong></span> <span class='ocrx_word' id='word_1_832' title='bbox 2385 5604 2623 5671; x_wconf 83' lang='lat' dir='ltr'><strong>pluribus</strong></span> <span class='ocrx_word' id='word_1_833' title='bbox 2650 5599 2823 5657; x_wconf 62' lang='lat' dir='ltr'><strong>acturi</strong></span> <span class='ocrx_word' id='word_1_834' title='bbox 2854 5620 3041 5657; x_wconf 68' lang='lat' dir='ltr'><strong>sumus</strong></span> <span class='ocrx_word' id='word_1_835' title='bbox 3071 5618 3174 5655; x_wconf 76' lang='lat' dir='ltr'><strong>xxv</strong></span> <span class='ocrx_word' id='word_1_836' title='bbox 3197 5599 3431 5671; x_wconf 47' lang='lat' dir='ltr'><strong>Februar</strong></span> 
     </span>
    </p>
   </div>
   <div class='ocr_carea' id='block_1_117' title="bbox 1859 5622 3431 5743">
    <p class='ocr_par' dir='ltr' id='par_1_117' title="bbox 1859 5622 3431 5743">
     <span class='ocr_line' id='line_1_117' title="bbox 1860 5622 3431 5671; baseline -0.006 -9"><span class='ocrx_word' id='word_1_837' title='bbox 1860 5622 2132 5671; x_wconf 72' lang='lat' dir='ltr'><strong>naeresun,</strong></span> <span class='ocrx_word' id='word_1_838' title='bbox 2156 5622 2222 5661; x_wconf 91' lang='lat' dir='ltr'><strong>ue</strong></span> <span class='ocrx_word' id='word_1_839' title='bbox 2290 5623 2354 5657; x_wconf 75' lang='lat' dir='ltr'><strong>tta</strong></span> <span class='ocrx_word' id='word_1_840' title='bbox 2385 5622 2623 5671; x_wconf 74' lang='lat' dir='ltr'><strong>plttrlutts</strong></span> <span class='ocrx_word' id='word_1_841' title='bbox 2650 5622 2823 5657; x_wconf 70' lang='lat' dir='ltr'><strong>al‘llll&#39;l</strong></span> <span class='ocrx_word' id='word_1_842' title='bbox 2854 5622 3041 5657; x_wconf 62' lang='lat' dir='ltr'><strong>smnus</strong></span> <span class='ocrx_word' id='word_1_843' title='bbox 3071 5622 3174 5655; x_wconf 76' lang='lat' dir='ltr'><strong>xxv</strong></span> <span class='ocrx_word' id='word_1_844' title='bbox 3197 5622 3431 5654; x_wconf 70' lang='lat' dir='ltr'><strong>reuma-</strong></span> 
     </span>
     <span class='ocr_line' id='line_1_118' title="bbox 1859 5622 3431 5743; baseline -0.006 -11"><span class='ocrx_word' id='word_1_845' title='bbox 1859 5678 1925 5732; x_wconf 90' lang='lat' dir='ltr'><strong>rii</strong></span> <span class='ocrx_word' id='word_1_846' title='bbox 1956 5679 2021 5732; x_wconf 84' lang='lat' dir='ltr'><strong>ad</strong></span> <span class='ocrx_word' id='word_1_847' title='bbox 2049 5675 2228 5731; x_wconf 84' lang='lat' dir='ltr'><strong>Vitam</strong></span> <span class='ocrx_word' id='word_1_848' title='bbox 2356 5674 2549 5729; x_wconf 83' lang='lat' dir='ltr'><strong>Felicis</strong></span> <span class='ocrx_word' id='word_1_849' title='bbox 2577 5672 2639 5726; x_wconf 87' lang='lat' dir='ltr'><strong>ill</strong></span> <span class='ocrx_word' id='word_1_850' title='bbox 2671 5689 2839 5743; x_wconf 60' lang='lat' dir='ltr'><strong>papas.</strong></span> <span class='ocrx_word' id='word_1_851' title='bbox 2867 5673 3126 5728; x_wconf 86' lang='lat' dir='ltr'><strong>Leontius</strong></span> <span class='ocrx_word' id='word_1_852' title='bbox 3157 5686 3333 5743; x_wconf 23' lang='lat' dir='ltr'><strong>nomn</strong></span> <span class='ocrx_word' id='word_1_853' title='bbox 3361 5667 3431 5723; x_wconf 82' lang='lat' dir='ltr'><strong>fil)</strong></span> 
     </span>
    </p>
   </div>
   <div class='ocr_carea' id='block_1_118' title="bbox 1858 5739 3429 5869">
    <p class='ocr_par' dir='ltr' id='par_1_118' title="bbox 1858 5739 3429 5869">
     <span class='ocr_line' id='line_1_119' title="bbox 1858 5739 3429 5810; baseline -0.006 -6"><span class='ocrx_word' id='word_1_854' title='bbox 1858 5745 2341 5810; x_wconf 86' lang='lat' dir='ltr'><strong>Severianitarum,</strong></span> <span class='ocrx_word' id='word_1_855' title='bbox 2367 5749 2480 5801; x_wconf 87' lang='lat' dir='ltr'><strong>sive</strong></span> <span class='ocrx_word' id='word_1_856' title='bbox 2511 5745 2618 5798; x_wconf 83' lang='lat' dir='ltr'><strong>Ace</strong></span> <span class='ocrx_word' id='word_1_857' title='bbox 2662 5739 2932 5806; x_wconf 76' lang='lat' dir='ltr'><strong>baiarum,</strong></span> <span class='ocrx_word' id='word_1_858' title='bbox 2959 5743 3298 5810; x_wconf 82' lang='lat' dir='ltr'><strong>aliorumque</strong></span> <span class='ocrx_word' id='word_1_859' title='bbox 3318 5739 3429 5795; x_wconf 75' lang='lat' dir='ltr'><strong>ha:-</strong></span> 
     </span>
     <span class='ocr_line' id='line_1_120' title="bbox 1860 5761 3337 5869; baseline -0.003 0"><span class='ocrx_word' id='word_1_860' title='bbox 1860 5820 2152 5869; x_wconf 86' lang='lat' dir='ltr'><strong>reticorum</strong></span> <span class='ocrx_word' id='word_1_861' title='bbox 2187 5817 2453 5869; x_wconf 90' lang='lat' dir='ltr'><strong>meminit.</strong></span> <span class='ocrx_word' id='word_1_862' title='bbox 2489 5831 2592 5869; x_wconf 93' lang='lat' dir='ltr'><strong>nou</strong></span> <span class='ocrx_word' id='word_1_863' title='bbox 2621 5761 2765 5869; x_wconf 62' lang='lat' dir='ltr'><strong>Betri</strong></span> <span class='ocrx_word' id='word_1_864' title='bbox 2792 5811 3057 5869; x_wconf 81' lang='lat' dir='ltr'><strong>Cuanhei.</strong></span> <span class='ocrx_word' id='word_1_865' title='bbox 3121 5824 3142 5836; x_wconf 77' lang='grc'><strong>“</strong></span> <span class='ocrx_word' id='word_1_866' title='bbox 3334 5854 3337 5857; x_wconf 94' lang='grc'><strong>.</strong></span> 
     </span>
    </p>
   </div>
   <div class='ocr_carea' id='block_1_119' title="bbox 1860 5811 3142 5884">
    <p class='ocr_par' dir='ltr' id='par_1_119' title="bbox 1860 5811 3142 5884">
     <span class='ocr_line' id='line_1_121' title="bbox 1860 5811 3142 5884; baseline -0.008 -10"><span class='ocrx_word' id='word_1_867' title='bbox 1860 5820 2152 5878; x_wconf 86' lang='lat' dir='ltr'><strong>reticorum</strong></span> <span class='ocrx_word' id='word_1_868' title='bbox 2187 5817 2453 5884; x_wconf 88' lang='lat' dir='ltr'><strong>meminit,</strong></span> <span class='ocrx_word' id='word_1_869' title='bbox 2489 5831 2592 5872; x_wconf 93' lang='lat' dir='ltr'><strong>nou</strong></span> <span class='ocrx_word' id='word_1_870' title='bbox 2621 5811 2765 5870; x_wconf 86' lang='lat' dir='ltr'><strong>Petri</strong></span> <span class='ocrx_word' id='word_1_871' title='bbox 2792 5811 3057 5884; x_wconf 84' lang='lat' dir='ltr'><strong>Cuaphei.</strong></span> <span class='ocrx_word' id='word_1_872' title='bbox 3121 5824 3142 5836; x_wconf 61' lang='grc' dir='ltr'><strong>ι</strong></span> 
     </span>
    </p>
   </div>
  </div>
