3832 6482
351 383 466 451 899

1592 381 1879 444 MENSIS
1906 381 2369 447 IANUARIUS.

3515 387 3620 452 900

351 500 406 555 in
443 496 784 552 Divinitatem
824 495 1158 551 additionem
1208 497 1408 569 hymno
1440 504 1523 551 ter
1549 505 1738 550 sancto
1768 509 1931 551 ausus

2037 494 2178 549 κατὰ
2205 495 2307 565 τῆς
2337 494 2593 566 θεότητος
2629 494 2706 567 τῷ
2734 497 3017 569 Τρισαγίῳ
3051 500 3371 570 παρενεῖραι
3419 500 3621 570 τολμή-

347 599 495 646 esset
522 589 784 654 inserere,
814 597 867 642 et
897 589 969 651 ei,
998 589 1141 655 quod
1180 596 1283 651 est,
1319 606 1337 638 ι
1373 586 1609 641 Sanctus
1645 586 1926 640 inunorta-

347 679 444 744 lis;
466 696 485 731 ι
521 677 830 746 adiecisset,
864 694 883 728 ι
921 678 1019 743 Qui
1053 676 1346 732 crucifixus
1375 686 1457 729 est
1496 684 1714 744 propter
1740 689 1872 738 nos;
1903 692 1922 725 ι

348 772 565 826 divinus
600 769 690 825 ille
722 769 824 836 vir,
857 770 959 824 hac
1005 767 1343 838 blasphemia
1390 766 1622 829 sublata,
1662 766 1931 835 itnpatibi-

349 861 453 916 lem
493 873 546 917 et
591 861 949 916 immortalem
995 862 1331 916 divinitatem
1365 877 1464 916 suo
1506 863 1757 930 dogmate
1779 875 1928 914 asse-

351 954 477 1019 ruit,
510 963 565 1008 et
590 969 806 1025 gregem
830 954 905 1007 ita
938 953 1143 1007 sentire
1176 953 1379 1007 docuit.
1411 951 1545 1007 Cum
1575 961 1755 1005 autem
1783 952 1930 1005 inve-

348 1048 521 1100 nisset
575 1058 780 1112 septem
844 1046 956 1098 sola
1021 1046 1446 1099 orthodoxoruu
1526 1044 1797 1108 oratoria,
1863 1058 1926 1095 ea

347 1138 516 1194 efficit
543 1139 722 1194 decies
768 1138 942 1208 plura,
996 1148 1052 1189 ut
1106 1138 1195 1206 qui
1243 1152 1303 1190 ea
1336 1138 1676 1208 septuaginta
1724 1136 1929 1191 consti-

351 1232 535 1286 tuerit.
573 1230 778 1285 Deinde
824 1244 987 1284 omne
1026 1230 1236 1284 confert
1266 1230 1525 1295 studium,
1560 1240 1616 1282 ut
1661 1229 1749 1298 qui
1784 1228 1925 1298 capti

351 1323 562 1378 fuerant
593 1338 751 1376 omne
797 1335 966 1389 genus
1013 1322 1327 1387 baeresibus,
1366 1332 1820 1377 converterentur
1860 1323 1929 1376 ad

352 1415 629 1486 pietatem.
688 1411 916 1482 Fuitque
964 1414 1113 1467 zelus
1158 1414 1275 1482 ejus
1319 1414 1827 1468 vehementissimus
1873 1415 1928 1468 in

349 1506 805 1569 ordinationibus,
848 1516 907 1559 ut
952 1521 1029 1560 ea:
1070 1505 1283 1574 quidem
1312 1520 1460 1574 pura:
1487 1513 1727 1561 essenta
1760 1505 1929 1559 lucris

350 1610 407 1655 et
435 1598 749 1654 muneribus
784 1615 799 1653 :
827 1601 966 1654 nulla
1011 1611 1190 1653 autem
1226 1614 1412 1654 earum
1449 1598 1604 1653 fleret
1632 1598 1766 1653 citra
1800 1614 1930 1654 exa-

351 1692 721 1746 minatiouctn.
756 1690 1020 1744 Prmterea
1071 1701 1250 1747 autem
1297 1692 1589 1746 maximum
1637 1691 1930 1747 adhibebat

350 1780 683 1852 diligentiam
721 1782 772 1834 in
803 1781 1159 1835 defendendis
1191 1782 1257 1836 iis
1283 1782 1480 1851 quibus
1509 1782 1669 1834 fiebat
1707 1781 1926 1847 injuria,

2033 603 2244 652 σαντος,
2273 587 2366 640 καὶ
2391 588 2470 659 τῷ
2493 587 2687 655 ’Ἀγιος
2716 588 3008 654 ἀθάνατος,
3029 588 3166 643 τδὍ
3190 588 3526 661 σταυρωθεὶς
3551 591 3619 643 δι’

2028 678 2179 748 ἡμᾶς
2209 677 2561 749 προσθέντος
2589 680 2616 732 ό
2640 678 2783 742 θεῖος
2803 682 3012 742 ἐκεῖνος
3038 681 3180 752 ἀνὴρ
3209 681 3271 736 τδ
3300 679 3619 752 βλάσφημον

2031 768 2190 822 τοῦτο
2237 768 2535 835 ὑπεξελὼν,
2572 771 2759 840 ἀπαθῆ
2809 773 2901 826 καὶ¹
2942 773 3209 828 ἀθάνατον
3238 777 3340 842 τὴν
3391 773 3619 839 θεάτητα

2030 857 2356 926 ἐδογμάτισέ
2378 875 2438 911 τε
2463 860 2559 912 καὶ
2583 860 2646 913 τὸ
2674 860 2924 931 ποίμνιον
2947 863 3091 917 οὕτω
3113 867 3331 936 φρονεῖν
3355 864 3616 929 ἐδίδαξεν.

2045 948 2218 1004 Ἑπτὰ
2244 949 2301 1002 δὲ
2337 951 2475 1020 μόνα
2507 950 2760 1021 εὑρηκὼς
2793 953 3090 1022 όρθοδόξων
3120 958 3389 1027 εύκτήρια
3410 998 3426 1022 ,
3457 958 3620 1011 δεκα-

2033 1041 2322 1106 πλασιάζει
2346 1041 2540 1108 ταῖιτα,
2571 1046 2651 1107 είς
2681 1045 3055 1114 ἐϐδομήκοντα
3085 1051 3459 1119 καταστήσας.
3485 1046 3620 1103 Εἶτα

2034 1134 2269 1201 σπουδήν
2296 1152 2354 1187 τε
2391 1136 2569 1190 πᾶσαν
2602 1137 2868 1207 εἰσφέρει,
2900 1141 3026 1201 τοὺς
3062 1141 3435 1205 παντοδαπαῖς
3464 1141 3619 1194 άλὸν-

2030 1242 2129 1289 τας
2166 1225 2445 1296 αἱρέσεσιν
2494 1227 2822 1299 ἐπιστρέψαι
2856 1230 2993 1301 πρὸς
3026 1232 3125 1302 τήν
3178 1233 3486 1298 εὐσέϐειαν,
3520 1235 3617 1287 καὶ

2032 1317 2191 1388 ζῆλον
2235 1314 2348 1371 οἷον
2383 1321 2512 1390 περὶ
2553 1319 2652 1383 τὰς
2690 1323 3033 1393 χειροτονίας
3065 1323 3400 1395 θερμότατον
3426 1368 3443 1391 ,
3474 1325 3616 1380 ὥστε

2031 1407 2332 1479 λημμάτων
2367 1410 2468 1479 μὲν
2510 1410 2680 1476 αὐτὰς
2720 1412 3069 1482 καθαρεύειν,
3116 1415 3275 1480 ἐκτὸς
3304 1417 3361 1471 δέ
3389 1417 3619 1487 ἄικιμα-

2032 1501 2153 1565 σίας
2187 1502 2461 1573 μηδεμίαν
2497 1502 2679 1558 αὐτῶν
2707 1504 2963 1573 γίνεσθαι
2991 1508 3125 1578 πρὸς
3160 1509 3384 1572 τούτους
3419 1511 3619 1580 ἐπιμέ-

2031 1594 2209 1648 λειαν·
2241 1596 2373 1666 δσην
2407 1598 2535 1669 περὶ
2559 1599 2658 1670 τὴν
2691 1599 2801 1652 τῶν
2848 1600 3222 1671 ἀδικουμένων
3253 1604 3612 1674 προστασίαν,

2032 1689 2125 1741 καὶ
2152 1687 2213 1741 τὸ
2255 1687 2330 1759 μή
2358 1690 2482 1752 τοὺς
2516 1689 2840 1756 δικάζοντας
2868 1692 3139 1765 θεραπείᾳ
3174 1694 3485 1765 προσώπων
3512 1714 3614 1749 κα-

2030 1779 2411 1849 ταπροδιδόναι
2453 1781 2515 1835 τὸ
2574 1782 2802 1852 δίκαιον,
2870 1784 3009 1840 ἀλλὰ
3049 1784 3200 1857 ζυγῷ
3260 1786 3615 1858 δικαιοσύνης

349 1886 405 1929 et
437 1875 741 1944 nejudices
788 1876 1149 1945 gratitieando
1196 1875 1445 1946 personis
1486 1875 1575 1945 jus
1614 1875 1929 1944 proderent,

2038 1869 2381 1940 σταθμᾶσθαι
2400 1870 2500 1936 τὰς
2521 1872 2754 1944 κρίσεις,
2781 1850 2874 1927 καὶ
2898 1875 3038 1947 μήτε
3066 1850 3206 1947 πρὸς
3228 1877 3389 1950 χάριν
3416 1850 3615 1944 αὐτούς

351 1966 446 2021 sed
480 1965 703 2036 iustitiae
739 1966 942 2020 trutina
986 1966 1349 2036 ponderareut
1375 1967 1606 2036 judicia,
1650 1976 1704 2020 et
1731 1982 1831 2021 nec
1865 1966 1932 2020 ad

351 2060 580 2131 gratiam
609 2059 938 2126 aspicerent,
966 2074 1064 2112 nee
1094 2058 1160 2112 ad
1193 2058 1408 2113 odium.

425 2149 515 2205 Vl.
573 2151 727 2217 Quod
770 2159 949 2204 autem
990 2160 1108 2204 erat
1152 2151 1200 2204 ei
1256 2153 1549 2205 maximum
1599 2159 1654 2206 et
1698 2153 1941 2206 maxime

354 2244 655 2314 proprium,
681 2252 801 2297 erat
832 2242 1046 2298 fervens
1071 2242 1445 2297 misericordia
1478 2244 1531 2298 in
1562 2258 1848 2313 pauperes,
1880 2256 1935 2298 et

355 2337 408 2391 iu
434 2335 692 2391 curandis
720 2335 1086 2405 indigentibus
1115 2336 1496 2392 insatiabilitas
1519 2349 1574 2393 et
1595 2338 1932 2407 proclivitas,

353 2443 476 2498 quae
508 2443 613 2481 non
664 2436 874 2496 poterat
915 2427 1246 2498 comprimi;
1279 2438 1336 2484 et
1379 2429 1512 2483 nihil
1554 2431 1777 2485 omnino
1805 2446 1931 2500 par-

359 2534 486 2573 cere
519 2520 784 2588 pccuniis,
805 2520 939 2574 adeo
968 2527 1026 2573 ut
1051 2520 1214 2574 etiam
1246 2535 1389 2591 saepe
1418 2524 1485 2576 ad
1509 2521 1729 2577 fundum
1757 2524 1933 2591 ipsum

354 2610 685 2679 perveniret.
729 2610 862 2665 Cum
900 2611 1086 2680 itaque
1131 2621 1327 2681 praeter
1366 2612 1470 2667 alia
1517 2628 1612 2668 sua
1648 2615 1929 2681 beneficia,

352 2704 716 2758 exstruxissct
758 2702 1103 2772 xenqdochia
1143 2714 1198 2758 et
1239 2706 1549 2760 uosocomia
1606 2715 1663 2760 et
1708 2706 1934 2776 ptocbo-

354 2795 596 2862 tropbia,
657 2794 739 2850 eis
790 2795 1124 2851 frumentum
1175 2797 1425 2852 attribuit
1482 2799 1859 2868 quotidianum
1915 2813 1929 2850 :

352 2895 621 2956 tantaque
649 2886 766 2940 haec
790 2896 947 2940 erant
988 2886 1038 2941 ei
1074 2901 1238 2948 cura,
1278 2899 1336 2941 ut
1382 2887 1544 2941 etiam
1600 2889 1934 2957 pauperibus

354 2978 592 3044 feminis,
638 2980 839 3049 quibus
887 2983 954 3034 ad
989 2980 1303 3050 pariendum
1355 2993 1461 3033 non
1507 2992 1667 3034 erant
1719 2980 1934 3034 habita-

350 3071 497 3136 cula,
527 3076 702 3139 neque
734 3071 936 3142 aliquid
960 3086 1148 3127 eorum
1175 3086 1296 3142 quae
1335 3080 1458 3127 sunt
1490 3082 1613 3141 apta
1640 3073 1707 3127 ad
1744 3088 1932 3127 earum

352 3166 716 3230 curationem,
764 3176 975 3236 septem
1006 3165 1197 3220 domos
1236 3165 1547 3220 attribuerit
1599 3167 1650 3220 in
1703 3165 1932 3220 diversis

356 3256 489 3313 locis
526 3257 787 3319 civitatis,
811 3253 1163 3325 ell‘eceritqne
1193 3264 1252 3309 ut
1281 3257 1331 3308 in
1371 3256 1451 3311 eis
1494 3268 1676 3312 essent
1723 3257 1845 3313 lecti
1877 3268 1933 3312 et
1962 3253 2000 3278 "

354 3346 594 3418 stragula
626 3355 682 3399 et
714 3345 1076 3415 suppeditatio
1101 3344 1503 3411 alimentorum,
1535 3362 1641 3417 qua
1677 3347 1928 3403 reficere-

358 3448 448 3495 tur
476 3439 769 3508 indigentia
819 3437 1165 3507 parientium.
1206 3437 1411 3495 Praeter
1451 3438 1567 3494 haec
1603 3440 1932 3510 pauperibus

352 3544 570 3601 quoque
596 3529 812 3584 clericis
844 3528 1187 3599 providebat.
1218 3538 1274 3583 et
1303 3529 1591 3598 unicuique
1622 3545 1808 3585 eorum
1841 3547 1933 3599 pc-

353 3625 528 3677 cnniae
551 3620 929 3689 prazbebantur
958 3634 1175 3675 annuae.
1200 3620 1317 3676 Non
1344 3622 1425 3676 eis
1451 3632 1630 3676 autem
1663 3621 1815 3687 solis,
1839 3623 1933 3677 sed

354 3715 517 3768 etiam
546 3712 851 3782 episcopis,
886 3712 1083 3780 quibus
1125 3722 1378 3783 sumptus
1414 3713 1634 3768 minime
1673 3725 1930 3786 suppete-

356 3796 486 3857 bant
534 3805 598 3857 ad
646 3805 870 3858 victum.
911 3803 1016 3858 Sed
1064 3804 1193 3874 quid
1232 3806 1346 3860 haec
1372 3806 1437 3859 ad
1482 3821 1737 3875 magnum
1784 3823 1935 3862 mare

351 3894 472 3965 ejus
516 3893 755 3950 liberalis
808 3895 1120 3959 voluntatis,
1165 3905 1220 3949 et
1259 3905 1473 3950 vastum
1529 3885 1659 3950 illud
1710 3896 1933 3968 pelagus

355 3986 749 4057 benignitatis?
790 3985 919 4038 Erat
945 3986 1089 4038 enim
1126 3984 1268 4039 alter
1301 3986 1452 4040 Nilus
1478 3987 1700 4053 c0pioso
1735 3986 1935 4042 fluento

352 4077 734 4146 eleentosynaa,
774 4087 881 4127 non
913 4073 1107 4136 solam,
1150 4083 1209 4127 ut
1248 4072 1361 4139 ille,
1405 4075 1586 4146 rigans
1613 4074 1931 4148 Egyptum,

353 4168 448 4222 sed
477 4164 650 4234 ipsam
677 4162 1005 4226 universam,
1053 4172 1111 4217 ut
1143 4163 1315 4218 semel
1358 4163 1560 4230 dicant,
1584 4174 1785 4221 terram
1829 4167 1935 4220 cir-

351 4255 673 4314 cutnlluens.
704 4252 842 4322 Quis
887 4254 1034 4311 enim
1063 4270 1131 4311 ex
1172 4256 1239 4312 iis
1273 4256 1366 4326 qui
1400 4258 1636 4330 undique
1673 4260 1936 4315 adventa-

356 4353 509 4416 bant,
546 4351 687 4405 victu
719 4347 991 4421 indigens,
1023 4349 1069 4403 si
1099 4347 1167 4403 ad
1207 4349 1379 4419 ipsum
1409 4352 1757 4416 accessisset,
1792 4356 1931 4409 tristi

353 4444 506 4501 vultu
539 4454 606 4509 et
639 4446 825 4499 vacuis
872 4457 1126 4498 reversus
1169 4452 1255 4497 est
1298 4444 1568 4511 manilms,
1608 4454 1662 4502 et
1703 4463 1810 4501 non
1851 4458 1935 4503 est

354 4537 739 4607 benignitatem
772 4535 983 4591 abunde
1012 4544 1341 4592 consecutus
1365 4536 1521 4593 llmo
1557 4552 1684 4594 vero
1710 4542 1929 4608 quinam

354 4643 420 4684 ex
452 4630 538 4693 iis,
583 4627 678 4698 qui
714 4637 957 4698 egestate
1008 4627 1336 4684 laborabant
1386 4629 1695 4700 ubicunque
1752 4640 1925 4685 terra-

358 4737 477 4775 rum
510 4736 632 4775 eum
662 4736 783 4777 esse
813 4720 1113 4790 accepisset
1143 4762 1159 4787 ,
1197 4738 1304 4777 non
1335 4737 1398 4778 ea
1440 4724 1692 4791 praebuit,
1723 4739 1843 4793 quae
1863 4725 1931 4778 ad

357 4826 513 4866 usum
560 4810 923 4868 sufficerent?
955 4809 1090 4865 Nam
1135 4826 1259 4866 cum
1296 4821 1423 4868 tunc
1463 4813 1650 4867 Persae
1698 4814 1932 4883 populati

354 4910 538 4957 essent
570 4901 883 4957 universam
915 4901 1154 4972 Syriam,
1181 4904 1275 4972 qui
1314 4903 1507 4961 eorum
1540 4920 1735 4961 manus
1778 4915 1933 4974 pote-

357 5001 483 5048 rant
510 4991 764 5062 effugere,
794 5005 848 5049 et
872 4993 1021 5059 laici,
1048 5002 1155 5049 tam
1191 4996 1224 5050 ii
1257 4997 1347 5065 qui
1376 4998 1753 5068 magistratum
1788 5012 1936 5069 gere-

358 5085 510 5160 bant,
544 5100 706 5155 quatn
749 5087 967 5157 privati,
1014 5101 1072 5142 et
1117 5087 1300 5143 clerici
1331 5104 1451 5143 cum
1502 5090 1773 5160 episc0pis
1812 5105 1937 5144 con-

358 5159 571 5249 fugiunt
600 5176 1003 5233 Alexandriam.
1035 5176 1243 5245 Quibus
1283 5159 1546 5235 omnibus
1581 5159 1732 5239 dives
1767 5184 1852 5238 ille
1883 5192 1936 5264 c_t

359 5268 582 5323 minime
626 5280 888 5339 angustus
921 5271 1238 5325 convivator
1260 5273 1503 5341 quotidie
1557 5276 1935 5343 suppeditabat

355 5372 478 5427 quae
499 5367 655 5411 erant
687 5360 753 5409 ad
784 5372 939 5411 usum
966 5360 1298 5423 necessaria,
1332 5375 1435 5413 non
1478 5359 1547 5415 ad
1580 5362 1932 5431 indigentium

364 5448 634 5518 aspiciens
682 5448 1109 5511 multitudinem,
1165 5463 1221 5503 ut
1262 5450 1464 5521 aliquid
1512 5453 1735 5516 faceret,
1792 5458 1934 5524 quod

357 5549 503 5596 esset
530 5539 737 5596 sordidi
774 5550 827 5593 et
871 5541 1150 5595 illiberalis
1177 5543 1365 5607 animi,
1431 5548 1526 5599 sed
1560 5550 1625 5599 ad
1669 5564 1811 5612 eum,
1842 5550 1931 5618 qui

362 5633 539 5703 aperit
561 5648 805 5694 manum,
829 5642 884 5687 et
904 5648 1064 5686 omne
1086 5634 1286 5687 animal
1318 5636 1503 5705 implet
1537 5638 1932 5693 benedictione.

358 5726 496 5781 Cum
527 5738 708 5782 autem
746 5723 1059 5780 Rasmiszus
1092 5724 1195 5798 (5).
1234 5727 1342 5781 dux
1380 5735 1647 5785 exercitus
1672 5732 1932 5795 Cbosroe,

429 5840 507 5910 (5)
550 5839 646 5895 Ms.
691 5839 864 5896 Graec.
913 5840 1296 5907 Rhusmiozus;
1333 5844 1556 5899 alterum
1611 5865 1711 5902 nts.
1749 5848 1922 5904 Graec.

359 5909 675 6021 Romam}.
720 5912 1054 5969 Describitur
1091 5915 1205 5969 lucc
1239 5912 1526 5969 Persarum
1559 5920 1829 5989 capeditto
1876 5937 1929 5975 tn

2034 1964 2183 2033 όρᾷν,
2214 1964 2351 2034 μήτε
2378 1964 2485 2036 μὴν
2513 1964 2648 2037 πρὸς
2668 1965 2989 2038 ἀπέχθειαν.

2107 2140 2300 2207 (7.,Τδ
2330 2139 2387 2193 δὲ
2425 2140 2610 2210 μεῖξον
2657 2140 2806 2213 αὐτῷ
2835 2142 2929 2197 καὶ
2964 2142 3253 2198 ίδιαίτατον
3292 2148 3320 2199 ό
3351 2146 3617 2219 διάπυρος

2035 2231 2171 2303 πρὸς
2200 2232 2326 2295 τοὺς
2357 2231 2598 2302 πένητας
2648 2232 2797 2298 ἔλεος
2826 2230 2914 2306 ἦν,
2942 2235 3035 2287 καὶ
3064 2235 3127 2289 τὸ
3156 2238 3289 2309 περὶ
3320 2238 3420 2309 τήν
3446 2239 3614 2311 θερα-

2036 2325 2199 2378 πείαν
2225 2325 2335 2380 τῶν
2359 2324 2628 2396 δεομένων
2658 2325 2934 2396 ἄπληστον
2980 2328 3071 2382 καὶ
3107 2329 3417 2397 ἀφύλακτον
3438 2371 3456 2397 ,
3518 2332 3617 2385 καὶ

2034 2417 2095 2470 τὸ
2132 2416 2265 2489 μηδὲ
2292 2418 2428 2481 ὅλως
2460 2417 2627 2487 φειδὼ
2661 2419 2936 2473 ποιεῖσθαι
2979 2422 3280 2492 χρημάτων
3300 2462 3314 2488 ,
3346 2421 3489 2476 ὥστε
3520 2424 3618 2479 καὶ

2034 2510 2199 2563 αὐτοῦ
2229 2511 2489 2575 πολλάκις
2532 2511 2625 2565 τοῦ
2674 2514 2950 2583 πυθμένος
3003 2514 3266 2586 ἅψασθαι.
3299 2516 3621 2587 Ξενοδοχεῖα

2035 2602 2167 2669 γοῦν
2216 2604 2311 2657 καὶ⁵
2362 2597 2715 2675 νοέιοκομεῖα,
2750 2607 3164 2678 πτωχοτροφείά
3207 2625 3267 2661 τε
3324 2608 3461 2678 πρὸς
3494 2612 3619 2673 ταῖς

2035 2695 2223 2760 ἄλλαις
2250 2696 2414 2749 αὑτοῦ
2450 2696 2724 2761 εὐποιίαις
2755 2698 3105 2770 δειμάμενος,
3140 2700 3380 2767 άπέταξε
3403 2702 3619 2765 τούτοις

2035 2789 2382 2861 καθημερινὰ
2406 2791 2712 2861 σιτηρέσια,
2741 2794 2836 2845 καὶ
2858 2792 3111 2846 τοσοῦτον
3136 2795 3287 2865 αὺτῷ
3312 2797 3374 2848 τὸ
3396 2796 3527 2868 περὶ
3549 2798 3620 2850 τὲ

2033 2881 2259 2934 τοιαῦτα
2317 2881 2571 2953 ἐπιμελὲ;
2610 2877 2700 2954 ἦν,
2733 2884 2808 2946 ὠς
2856 2886 2951 2939 καὶ
2981 2886 3227 2954 γυναιξὶν
3259 2888 3490 2960 ἀπόροις
3527 2884 3620 2953 αἷς

2035 2972 2171 3043 πρὸς
2193 2973 2253 3025 τὸ
2276 2973 2483 3026 τίκτειν
2508 2974 2608 3027 οὐκ
2629 2970 2697 3045 ἦν
2727 2975 3070 3046 καταγώγια,
3101 2978 3222 3033 οὐδέ
3252 2997 3305 3033 τι
3338 2981 3449 3034 τῶν
3479 2981 3639 3051 πρὸς.

2035 3062 2333 3134 θεραπείαν
2387 3067 2732 3136 ἐπιτηδείων,
2775 3067 2959 3131 οἴκους
3024 3070 3165 3124 ἑπτὰ
3223 3072 3281 3124 ἐν
3333 3070 3621 3142 διαφόροις

2036 3156 2307 3222 ἁποτάξαι
2359 3159 2547 3225 τόποις
2581 3160 2678 3229 τῆς
2729 3162 2962 3229 πόλεως,
2995 3162 3184 3228 κλίνας
3215 3180 3273 3217 τε
3308 3164 3404 3217 καὶ
3435 3181 3625 3234 στρω-

2038 3250 2177 3320 μνὰς
2232 3251 2291 3303 ὲν
2324 3252 2535 3317 τούτοις
2588 3249 2728 3307 εἶναι
2775 3257 3231 3328 παρασκευάσαι,
3266 3257 3357 3310 καὶ
3396 3257 3619 3326 τροφῶν

2036 3340 2302 3410 χορηγίαν
2344 3342 2403 3396 τὸ
2449 3343 2558 3396 τῶν
2584 3345 2887 3398 τικτουσῶν
2928 3346 3139 3411 ἐπιδεές
3178 3345 3615 3417 θεραπεύουσιν.

2048 3432 2172 3485 Ἐπὶ
2195 3436 2406 3497 τούτοις
2437 3434 2545 3488 τῶν
2571 3438 2884 3503 πενομένων
2910 3437 3005 3490 τοῦ
3035 3438 3239 3510 κλήρου
3276 3439 3619 3508 προμήθεια,

2036 3527 2130 3577 καὶ
2154 3527 2212 3578 τδ
2236 3527 2451 3599 ἑκάστῳ
2479 3526 2681 3582 τούτων
2707 3530 2898 3598 ἐτήσια
2925 3532 3183 3601 χρήματα
3206 3532 3453 3603 ἐπιρρεῖν
3472 3547 3487 3561 '
3516 3534 3622 3585 οὐκ

2036 3618 2220 3682 αὐτοῖς
2248 3619 2303 3673 δὲ
2331 3619 2534 3690 μόνοις,
2564 3620 2700 3674 ἀλλὰ
2732 3624 2826 3674 καὶ
2854 3625 2961 3674 τῶν
2986 3623 3300 3676 ἐπισκόπων
3346 3625 3492 3687 ὅσοις
3512 3623 3623 3677 οὐκ

2036 3709 2287 3781 αὐτάρκη
2333 3713 2400 3764 τὰ
2452 3714 2588 3784 πρὸς
2644 3715 2703 3767 τὸ
2762 3711 2865 3784 ζῇν
2904 3714 3167 3786 ἐτύγχανε
3220 3716 3617 3786 δαπανήματα.

2048 3799 2210 3853 Ἀλλὰ
2241 3800 2292 3853 τί
2321 3800 2493 3855 ταῦτα
2517 3803 2659 3872 πρὸς
2682 3803 2780 3874 τὴν
2805 3803 3049 3875 μεγάλην
3100 3804 3200 3875 τῆς
3233 3808 3622 3876 προαιρέσεως

2035 3890 2200 3944 αὑτοῦ
2234 3892 2528 3955 θάλασσαν,
2576 3896 2674 3947 καὶ
2703 3895 2764 3948 τὸ
2798 3896 2993 3964 ἀχανὲς
3024 3897 3198 3949 ἐκεῖνο
3228 3897 3467 3966 πέλαγος
3512 3900 3620 3969 τῆς

2037 3983 2442 4055 χρηστότητος;
2476 3984 2666 4049 Νεῖλος
2700 3987 2807 4059 γάρ
2836 4005 2918 4050 τις
2947 3983 3015 4059 ἦν
3063 3987 3249 4057 ἔτερος
3282 3989 3500 4059 δαψιλεῖ
3534 3990 3617 4061 τῷ

2040 4074 2271 4146 ῥεύματι
2297 4076 2397 4147 τῆς
2420 4078 2809 4151 ἐλεημοσύνης,
2836 4080 2896 4134 ού
2932 4082 3030 4151 τὴν
3058 4080 3334 4151 Αἴγυπτον
3362 4081 3439 4145 ὡς
3470 4084 3620 4135 ἐκεί-

2037 4183 2125 4228 νος
2149 4166 2326 4237 ἄρδων
2389 4169 2581 4238 μόνην.
2625 4169 2762 4224 ἀλλὰ
2791 4171 2885 4224 καὶ
2936 4171 3105 4243 αὐτὴν
3146 4173 3246 4240 τήν
3289 4173 3616 4241 σύμπασαν,

2035 4257 2110 4321 ὡς
2130 4260 2329 4326 εἰπεῖν,
2353 4261 2680 4334 περιρρέων.
2713 4263 2807 4325 Τίς
2831 4262 2937 4334 γάρ
2956 4263 3064 4317 τῶν
3087 4264 3462 4333 ἁπανταχόθεν
3491 4266 3619 4318 ἐπι-
3650 4313 3659 4319 .

2035 4349 2371 4422 δημούντων,
2427 4351 2542 4422 βίου
2600 4353 2874 4418 σπανίζων
2938 4355 3031 4408 καὶ
3087 4354 3237 4426 αύτῷ
3270 4355 3618 4425 προσελθὼν,

2038 4442 2253 4511 στυγνῷ
2283 4444 2583 4515 προσώπῳ,
2614 4448 2797 4509 κεναῖς
2830 4446 3100 4515 ἐπανῆλθε
3153 4448 3331 4517 χερσὶ,
3367 4448 3618 4520 καὶ.ούχὶ

2037 4536 2295 4600 πλουσίας
2320 4537 2603 4607 άπήλαυσε
2619 4543 2717 4608 τῆς
2743 4540 3109 4611 χρηστότητος
3132 4556 3146 4603 ;
3181 4541 3385 4608 μᾶλλον
3408 4541 3465 4593 δὲ
3490 4542 3617 4594 τίνα

2033 4627 2143 4680 τῶν
2178 4627 2368 4688 ἐνδεῶς
2418 4629 2649 4698 ἐχόντων
2692 4629 2828 4683 ὅπου
2867 4630 2987 4682 ποτ’
3018 4629 3084 4684 ἂν
3130 4632 3225 4685 καὶ
3259 4634 3361 4698 γῆς
3397 4632 3616 4701 ὑπῆρχε

2040 4716 2250 4786 μαθὼν,
2286 4720 2386 4773 οὐκ
2414 4721 2662 4791 αὐτάρκη
2686 4722 2753 4775 τὰ
2785 4723 2918 4783 πρὸς
2947 4724 3044 4793 τὴν
3073 4722 3262 4793 χρείαν
3291 4722 3443 4794 αύτῷ
3472 4741 3616 4794 παρ-

2037 4811 2162 4881 έσχε
2189 4829 2204 4877 ;
2239 4813 2463 4883 Περσῶν
2490 4816 2598 4885 γάρ
2630 4815 2689 4866 τὸ
2715 4816 3016 4884 τηνικαῦτα
3036 4816 3132 4886 τὴν
3154 4817 3342 4887 Σύρων
3370 4817 3476 4888 γῆν
3503 4819 3613 4870 πᾶ-

2038 4918 2136 4953 σαν
2187 4903 2551 4970 ληῖσαμένων,
2615 4906 2663 4959 οἱ
2718 4907 2817 4968 τὰς
2874 4905 3079 4959 τούτων
3111 4911 3297 4978 χεῖρας
3348 4910 3617 4977 ἐκφυγεῖν

2035 4992 2377 5063 δυνηθέιτες,
2413 4995 2526 5047 ὅσοι
2554 5012 2611 5049 τε
2638 4998 2746 5049 τῶν
2778 4997 2978 5053 λαῖκῷν
3010 4994 3150 5069 ἦσαν
3179 5001 3439 5069 ἄρχοντες
3474 5001 3617 5070 ὁμοῦ

2037 5090 2131 5140 καὶ
2161 5088 2476 5157 ἀρχόμενοι,
2508 5089 2605 5141 καὶ
2628 5091 2743 5142 ὅσοι
2774 5090 2865 5142 τοῦ
2896 5089 3098 5160 κλήρου
3145 5092 3327 5153 αὐτοῖς
3388 5094 3616 5145 ἐπισκό-

2037 5198 2158 5243 ποις
2189 5182 2268 5243 εἰς
2307 5182 2711 5251 Ἀλεξάνδρειαν
2759 5184 3198 5250 καταφεύγουσιν
3220 5201 3234 5215 ·
3267 5179 3349 5249 οἷς
3377 5189 3543 5239 πᾶσιν
3588 5188 3616 5237 ό

2036 5272 2288 5334 πλούσιος
2325 5273 2526 5336 ἐκεῖνος
2566 5290 2599 5325 κ
2637 5275 2658 5324 l.
2690 5275 3131 5345 ἀστενοχώρητος
3192 5278 3464 5347 ἑστιάτωρ
3495 5280 3615 5330 ίλα-

2040 5366 2146 5433 pi};
2171 5363 2289 5415 καθ’
2316 5349 2551 5434 ἐκαστην
2585 5368 2839 5438 ἐχορήγει
2886 5370 2954 5419 τὰ
2980 5369 3116 5437 πρὸς
3143 5368 3242 5437 τὴν
3291 5371 3503 5440 χρείαν,
3552 5370 3613 5420 οὐ

2038 5456 2179 5524 πρὸς
2199 5456 2259 5509 τὸ
2281 5457 2483 5523 πλῆθος
2510 5458 2725 5527 βλέπων
2741 5458 2849 5511 τῶν
2875 5460 3168 5530 δεομένων,
3206 5462 3291 5513 ἵνα
3319 5479 3371 5513 τι
3397 5466 3489 5515 καὶ
3525 5479 3617 5530 μι-

2039 5550 2311 5621 κρόψυχον
2360 5552 2589 5623 ύποστῇ,
2647 5552 2781 5607 ἀλλὰ
2813 5553 2947 5625 πρὸς
2991 5555 3084 5607 τὸν
3113 5557 3402 5622 ἀνοίγοντα
3459 5559 3614 5624 χεῖρα

2040 5644 2132 5694 καί
2163 5644 2324 5695 παντὶ
2357 5644 2481 5714 qua,»
2504 5645 2753 5706 εὐδοκίας
2787 5646 3162 5712 μεταδιδόντα.
3210 5647 3532 5715 Ῥασμιόζου
3555 5647 3613 5697 δὲ

2044 5733 2137 5785 τοῦ
2171 5737 2608 5805 ἀρχιστρατήγου
2658 5736 2900 5804 Χοσρόου
2948 5737 3074 5798 τοὺς
3121 5737 3452 5801 σεϐντίως
3500 5738 3649 5789 τῶν-

2037 5851 2310 5906 Chronico
2356 5854 2721 5907 Alexattdtino
2759 5870 2902 5923 anno
2946 5854 3179 5909 lleraclti
3224 5871 3380 5920 tv;a
3440 5856 3614 5910 Theo-

2042 5923 2218 5992 phane
2248 5923 2339 5978 lib.
2373 5940 2524 5989 mu,
2559 5938 2679 5994 cap.
2714 5924 2767 5991 ὅ,
2804 5940 2912 5981 non
2939 5928 3217 5981 nominato
3245 5931 3381 5990 duce
3407 5929 3613 5982 Μενοῦν
