3832 6472
216 380 318 444 9m

1181 378 1352 440 VITA
1391 376 1450 437 S.
1495 377 1820 439 JOANNIS
1861 376 2502 438 ELEEMOSYNARII.

3362 378 3467 444 902

201 492 465 566 ἰεροσολύ
475 510 589 563 μων
615 491 812 555 τόπους
847 490 1154 562 δῃιῖισαντὸς
1184 508 1243 544 τε
1271 490 1363 545 καὶ
1384 490 1768 561 ἐκπορθήσαν-

1878 500 2145 546 vastasset
2169 502 2224 545 et
2251 492 2605 561 depopulatus
2650 501 2796 547 esset
2829 490 3143 547 veneranda
3185 493 3299 550 loca
3345 495 3467 550 Ilie-

185 604 278 649 τος
300 628 315 650 ,
346 584 470 637 ἐπεὶ
500 584 659 636 τοῦτο
700 583 932 652 ἠκουσεν
975 585 1003 636 δ
1033 583 1127 636 τοῦ
1162 583 1298 636 Θεοῦ
1330 582 1642 653 ἄνθρωπος,
1674 583 1771 635 καὶ

188 677 266 740 ὡς
287 676 463 729 πάντα
496 675 562 727 τὰ
592 673 723 740 ἆγια
756 674 888 741 πυρὶ
915 673 1212 743 παρεδόθη,
1241 674 1429 744 θρηνεῖ
1463 673 1561 744 μὲν
1580 674 1772 742 ἐπίσης

201 767 444 838 Ἱερεμίᾳ
464 765 526 817 τὸ
560 763 803 832 γεγονὸς,
827 764 886 815 οὐ
927 763 1086 833 μέχρι
1113 764 1168 816 δὲ
1188 762 1376 817 τούτου
1398 764 1458 816 τὸ
1488 764 1771 832 συμπαθὲς

190 858 396 928 ἵστησι.
419 856 741 925 Κτήσιππὸν
761 871 883 906 τινα
914 856 1134 922 θεοφιλῆ
1154 856 1439 926 ἄνθρωπον
1454 857 1770 911 ἀποστέλλει

188 922 411 1020 χρυσίον
439 947 589 1018 αὐτῷ
610 947 801 1015 συχνὸν
835 945 1147 1016 ἐγχειρίσας
1171 986 1186 1009 ,
1214 948 1357 998 σῖτόν
1372 965 1430 999 τε
1451 950 1543 1000 καὶ
1565 950 1771 1019 τροφὰς

198 1043 390 1111 ἐτέρας
425 1042 518 1093 καὶ
540 1038 884 1108 περιὸὁλαια,
926 1039 1025 1089 καὶ
1067 1039 1199 1108 πρὸς
1240 1039 1340 1108 τὴν
1382 1040 1562 1092 αὐτῶν
1605 1056 1771 1109 μετα-

191 1132 419 1203 κομιὸὴν
443 1128 720 1199 ὑποζύγια
762 1129 1080 1199 πάμπολλα,
1116 1129 1252 1199 ὁμοῦ
1288 1130 1387 1200 μὲν
1420 1132 1518 1190 τὴν
1542 1131 1767 1201 ἐρήμω-

192 1243 279 1278 σιν
305 1224 675 1293 κατοψόμενον
702 1262 716 1285 ,
739 1223 875 1292 ὁμοῦ
907 1223 963 1275 δὲ
1004 1222 1129 1284 τοὺς
1160 1224 1223 1275 ἐκ
1262 1223 1358 1291 τῆς
1394 1222 1771 1293 αἰχμαλωσίας

194 1315 643 1388 περιλειφθέντας
679 1313 881 1377 ικανῶς
919 1313 1008 1366 διὰ
1034 1312 1143 1365 τῶν
1167 1313 1478 1383 εἰρημένων
1523 1313 1769 1385 ἀνακτη-

192 1410 438 1486 σάμενον.
494 1408 636 1477 Πρὸς
693 1406 869 1476 τούτῳ
917 1405 1010 1459 καὶ
1063 1405 1337 1474 Θεόδωρον
1407 1404 1770 1475 Ἀμαθοῦντος

190 1500 511 1560 ἐπίσκοπον,
548 1500 641 1551 καὶ
700 1499 1048 1552 ’Λναστάσιον
1092 1498 1184 1550 τὸν
1228 1497 1321 1552 τοῦ
1354 1497 1513 1568 ὅρους
1544 1498 1640 1553 τοῦ
1674 1517 1770 1570 με·

191 1591 359 1660 γάλου
389 1590 802 1661 καθηγούμενον
847 1589 1155 1656 Ἀντωνίου,
1187 1589 1282 1642 καὶ
1311 1589 1617 1661 Γρηγόριον
1653 1591 1769 1644 Ῥι-

188 1680 567 1751 νοκουρούρων
590 1680 910 1744 ἐπίσκοπον,
940 1679 1034 1732 ἐπὶ
1061 1680 1330 1754 ἀναλήψει
1351 1680 1458 1735 τῶν
1483 1681 1766 1752 αἰχμαλω-

188 1773 487 1827 τισθέντων
551 1773 866 1843 ἐκπέμπει,
937 1772 1161 1843 χρυσίον
1226 1773 1327 1826 ούκ
1394 1773 1767 1846 εὐαρίθμητον

192 1881 342 1934 παρα
350 1863 632 1934 σχόμενος.

1878 583 2325 653 rosolymorum;
2385 593 2667 654 postquam
2731 585 2833 639 hoc
2893 587 3101 640 audivit
3150 586 3314 641 humo
3371 590 3461 645 ille

1878 673 1995 738 Dei,
2041 683 2093 727 et
2126 677 2269 741 quod
2321 675 2499 728 omnia
2549 686 2738 729 sancta
2793 674 3026 729 fuissent
3082 678 3188 745 igni
3241 681 3458 744 tradita,

1873 764 2035 820 deﬂet
2073 764 2324 833 quidem,
2360 781 2464 820 non
2507 781 2665 822 secus
2690 778 2852 837 atque
2892 769 3189 835 Jeremias,
3226 771 3277 825 id
3314 774 3458 840 quod

1874 852 2075 909 factum
2122 853 2334 907 fuerat:
2381 871 2484 909 non
2529 856 2792 912 hactenus
2823 871 3003 912 autem
3046 864 3294 915 constitit
3341 862 3458 929 ejus

1872 945 2299 1008 commiseratio,
2323 948 2415 1000 sed
2441 949 2604 1001 mittit
2632 949 2797 1002 etiam
2822 950 3134 1020 Cctsippnm
3158 952 3235 1021 (4)
3264 969 3458 1023 queui-

1872 1041 2020 1101 dam,
2059 1042 2231 1091 virum
2257 1039 2428 1107 pium,
2450 1040 2672 1095 tradens
2694 1042 2743 1096 ei
2771 1043 2997 1095 multum
3032 1044 3170 1109 auri,
3204 1044 3451 1099 frumen-

1874 1142 2093 1200 tumque
2144 1140 2198 1186 et
2240 1132 2343 1184 alia
2386 1131 2643 1186 alimenta
2697 1142 2752 1186 et
2803 1133 3148 1198 indumenta,
3195 1146 3250 1189 et
3292 1139 3454 1191 adea
3491 1163 3505 1173 -

1872 1222 2117 1277 vehenda
2145 1220 2388 1288 jumeuta
2418 1222 2649 1290 plurima
2677 1239 2691 1276 :
2736 1230 2847 1276 tum
2887 1232 2946 1276 ut
2982 1226 3251 1292 aspiceret
3283 1228 3454 1281 vasti-

1871 1322 2059 1378 tatem,
2094 1322 2204 1365 tum
2230 1313 2418 1377 etiam,
2452 1322 2513 1367 ut
2551 1328 2644 1368 eos
2671 1313 2765 1382 qui
2800 1324 3171 1371 remanserant
3193 1329 3259 1371 ex
3284 1320 3460 1386 capti-

1823 1392 1827 1397 ’
1871 1405 2059 1468 vitate,
2098 1406 2232 1460 satis
2275 1420 2370 1474 per
2410 1419 2472 1460 ea
2519 1419 2641 1474 qua:
2688 1406 2831 1460 dicta
2864 1404 3111 1469 fuerunt,
3161 1420 3454 1469 recrearet.

1877 1496 2152 1550 Praeterea
2202 1508 2382 1551 autem
2438 1496 2782 1551 Theodorum
2840 1513 3056 1567 quoque
3109 1501 3459 1555 Amathuntis

1870 1588 2180 1656 episcopum
2205 1627 2221 1653 ,
2266 1597 2320 1641 et
2350 1588 2693 1642 Anastasiqu
2749 1588 3061 1658 praefectum
3095 1592 3270 1660 magni
3305 1606 3458 1646 mon-

1871 1678 1941 1731 tis
1983 1678 2202 1732 Antouii
2244 1678 2320 1748 (5)
2350 1720 2365 1743 ,
2406 1691 2460 1732 et
2491 1677 2810 1748 Gregorium
2860 1681 3172 1749 episcopum
3211 1681 3452 1738 lliuocu-

1872 1785 2054 1824 rorum
2083 1770 2182 1841 (6),
2217 1771 2417 1824 emittit
2451 1771 2518 1824 ad
2557 1785 2650 1826 eos
2689 1772 3057 1841 recipiendos.
3099 1773 3191 1843 qui
3234 1774 3456 1829 abducti

1875 1861 2089 1916 fuerant
2135 1863 2188 1916 in
2234 1864 2634 1932 captivitatem,
2682 1862 2789 1916 vim
2836 1864 2954 1919 auri
2996 1865 3245 1935 praebens
3288 1880 3457 1937 prope

1877 1953 2353 2011 innumerabilem.

1658 2067 1890 2123 CAPUT
1926 2071 1987 2124 ΙΙ.

1291 2162 1455 2235 Varia
1476 2163 1856 2220 mism'mrdia:
1888 2182 2046 2234 opera
2067 2170 2329 2223 exercita.

262 2282 337 2337 Z'.
371 2281 490 2346 Πῶς
520 2283 563 2337 δ’
603 2283 668 2336 ἄν
692 2299 774 2347 τις
811 2282 967 2337 τοῦτο
1011 2286 1190 2355 σιωπῇ
1226 2283 1517 2354 παραδοίη,
1544 2282 1637 2337 καὶ
1690 2284 1765 2354 μὴ

190 2378 394 2445 μᾶλλον
442 2378 632 2439 ἀκοαῖς
694 2377 1085 2447 εὐσπλάγχνων
1142 2377 1429 2446 χαρίσαιτο
1481 2376 1548 2430 δι’
1578 2376 1765 2440 αὑτοῦ,

187 2466 287 2521 ἅτε
312 2469 405 2520 καὶ
428 2466 587 2519 πλέον
608 2467 962 2537 διασημαῖνον
992 2467 1053 2520 τὸ
1085 2470 1211 2538 περὶ
1242 2467 1339 2538 τὴν
1392 2467 1765 2538 ἐλεημοσύνην

186 2554 281 2610 τοῦ
310 2556 502 2628 ἀνδρὸς
561 2558 987 2629 ἐπιμελέστατον
1042 2559 1141 2613 καὶ·
1190 2558 1558 2630 θερμότατονς
1613 2559 1766 2629 Ἅμα

187 2650 300 2722 γὰρ
356 2649 436 2720 τῷ
485 2650 840 2719 πιστευθῆναι
892 2651 988 2719 τὴν
1041 2650 1472 2721 ἀρχιερωσύνην,
1528 2668 1766 2719 μετακα-

188 2742 488 2813 λεσάμενος
507 2744 633 2806 τοὺς
661 2744 757 2806 τὰς
777 2744 1070 2811 ἐκκλησίας
1091 2742 1530 2811 οἰκονομοῦντας,
1546 2742 1770 2796 ἀκουόν-

186 2850 299 2885 των
332 2834 467 2902 ὁμοῦ
496 2835 591 2887 καὶ
621 2832 731 2886 τῶν
776 2833 869 2887 τοῦ
902 2835 1162 2903 σεκρέτου
1183 2852 1195 2865 ·
1232 2834 1308 2887 Ού
1335 2833 1561 2897 δίκαιον,
1596 2829 1767 2901 εἶπεν,

189 2922 413 2990 ἀδελφοί
441 2940 500 2976 τε
523 2924 617 2977 καὶ
641 2923 1067 2995 συλλειτουργοὶ,
1097 2923 1282 2994 ἕτερόν
1307 2939 1360 2975 τι
1384 2921 1489 2992 πρὸ
1517 2920 1610 2975 τοῦ
1633 2924 1768 2993 Χρι-

190 3012 321 3066 στοῦ
351 3015 439 3068 διὰ
497 3014 775 3085 φροντίδος
809 3016 956 3083 ἡμᾶς
1004 3013 1352 3084 ποιήσασθαι.
1400 3012 1613 3066 Οὐκοῦν
1664 3014 1769 3066 δινὰ

190 3108 373 3161 πᾶσαν
397 3106 753 3176 πορευθέντες
774 3107 873 3177 τὴν
904 3107 1058 3159 πόλιν
1084 3106 1204 3160 καθ’
1238 3106 1334 3159 ἕνα
1361 3106 1424 3177 δὴ
1454 3107 1579 3168 τοὺς
1604 3106 1769 3174 ἐμοὺς

189 3198 590 3270 ἀπογράψασθε
620 3199 906 3262 δεσπότας.
966 3200 1087 3251 Τῶν
1143 3199 1199 3252 δὲ
1242 3199 1336 3252 ἐπὶ
1367 3198 1611 3269 τῷλόγῳ
1656 3198 1771 3251 δια-

188 3292 575 3363 πορουμένων,
612 3295 706 3343 καὶ
762 3292 906 3355 τίνες
936 3291 1001 3345 ἂν
1029 3289 1139 3343 εἷεν
1171 3292 1220 3345 oi
1272 3290 1370 3344 τοῦ
1426 3292 1768 3361 πατριάρχου

186 3381 451 3438 δεσπόται
474 3382 1009 3450 διαπυνθανομένων,
1039 3380 1146 3445 Οὓς
1174 3383 1350 3451 ὑμεῖς,
1376 3380 1501 3451 ἔφη,
1535 3380 1770 3449 πένητας

190 3477 286 3529 καὶ
310 3475 609 3547 προσαίτας
633 3473 815 3528 καλεῖν
836 3472 1083 3537 εἰώθατε,
1110 3473 1333 3535 τούτους
1364 3469 1475 3539 ἐγὼ
1505 3470 1772 3533 δεσπότας

189 3565 330 3636 ὁμοῦ
357 3566 451 3619 καὶ
473 3565 847 3637 συλλήπτορας
887 3563 1158 3634 ὀνομάζω.
1190 3564 1356 3617 Αὐτοὶ
1390 3563 1497 3634 γάρ
1552 3578 1644 3631 μοι
1676 3562 1767 3614 καὶ
1793 3550 1837 3609 C

193 3660 349 3729 μόνοι
380 3656 612 3712 δύναιντ’
640 3658 706 3711 ἂν
726 3657 1085 3711 συλλαϐέσθαι
1117 3656 1252 3726 πρὸς
1281 3656 1341 3709 τὸ
1363 3655 1460 3725 τῆς
1495 3653 1770 3725 βασιλείας

191 3750 432 3820 Χριστοῦ
481 3750 556 3821 μὴ
597 3750 944 3821 διαμαρτεῖν.
1008 3750 1092 3812 Ὠς
1127 3749 1182 3801 δὲ
1244 3752 1382 3818 ταχὺ
1439 3746 1662 3816 γεγονὸς
1710 3749 1771 3799 τὸ

192 3841 539 3914 προσταχθὲν
563 3841 879 3911 κατενόησε,
906 3841 1002 3895 καὶ
1021 3842 1100 3903 εἰς
1128 3837 1568 3909 ἑπτακισχιλίους
1596 3837 1772 3891 ἄπαν-

188 3952 293 3998 τας
322 3932 461 4005 πρὸς
494 3935 603 3996 τοῖς
639 3934 1019 3997 πεντακοσίοις
1081 3916 1511 4002 ἀριθμηθέντας,
1549 3929 1766 4001 ἑκάστῳ

190 4025 403 4080 τούτων
437 4025 724 4080 ἐκέλευσεν
783 4024 1092 4097 ἡμερησίαν
1147 4021 1482 4095 παρέχεσθαι
1538 4021 1635 4093 τὴν
1679 4020 1772 4075 δα-

191 4119 396 4187 πάνην.

265 4209 350 4261 ll'.
383 4206 517 4262 Μετ’
538 4207 715 4261 ἐκεῖνο
738 4204 1061 4277 σπούδασμα
1092 4204 1187 4257 τοῦ
1228 4204 1422 4276 ἀνδρὸς
1444 4202 1677 4273 γίνεται,
1707 4202 1767 4255 τὸ

191 4298 424 4363 δικαίοις
451 4296 638 4366 ζυγοῖς
665 4297 763 4352 καὶ⁵
795 4299 1054 4368 σταθμοῖς
1083 4296 1321 4367 χρῆσθαι
1376 4297 1502 4359 τοὺς
1529 4295 1598 4350 τὰ
1636 4295 1769 4348 ὥνια

193 4390 513 4453 πωλοῦντας
562 4393 704 4444 κατὰ
749 4390 848 4458 τὴν
881 4391 979 4459 τῆς
1010 4389 1218 4452 πόλεως
1252 4389 1479 4458 ἀγορὰν,
1504 4386 1533 4441 ὅ
1566 4386 1631 4458 δὴ
1676 4388 1769 4439 καὶ

190 4482 261 4536 δι’
297 4480 593 4551 ἐγγράφων
627 4480 987 4553 πῳθεμάτων
1026 4478 1384 4551 κατώρθωται
1428 4478 1507 4549 τῷ
1551 4476 1765 4548 δικαίῳο

190 4572 291 4627 καὶ
332 4572 492 4626 τοῦτο
530 4572 587 4626 δὲ
618 4571 781 4644 ἔργον
829 4572 1039 4627 ἐκείνου
1066 4612 1080 4638 ,
1112 4571 1252 4625 κατὰ
1282 4570 1483 4642 πολλὴν
1514 4570 1769 4639 πρόνοιαν

188 4664 306 4718 τῶν
353 4664 729 4734 ἀδικουμένων
769 4664 1082 4734 γενόμενον.
1126 4661 1332 4717 Μαθὼν
1381 4663 1489 4731 γὰρ
1539 4661 1768 4725 πολλοὺς

192 4756 348 4826 αὐτῷ
378 4756 702 4826 προσελθεῖν
746 4755 1038 4826 μέλλοντας
1068 4757 1163 4808 καὶ
1214 4754 1339 4823 περὶ
1372 4746 1445 4807 ὧν
1485 4752 1769 4823 ἠδίκηνται

190 4849 475 4919 δεηθῆναι,
505 4849 784 4921 εἴργεσθαι
840 4848 991 4920 παρὰ
1039 4846 1147 4900 τῶν
1183 4846 1464 4915 ἑπομένων
1511 4845 1660 4916 αὐτῷ
1709 4845 1763 4898 τί

192 4943 345 4995 ποιεῖ
364 4959 378 5007 ;
396 4941 499 4994 Δύο
526 4941 625 5010 τῆς
654 4940 945 5010 ἐὸδομὰδος
970 4939 1245 5005 ἀποτάξας
1274 4940 1380 5009 ήμέ
1392 4955 1510 5010 ρας,
1534 4939 1763 5010 τετράδα

192 5033 365 5106 φημὶ,
417 5033 513 5087 καὶ
559 5033 943 5104 Παρασκευὴν,
1002 5034 1061 5086 ἐν
1098 5032 1319 5095 ταύταις
1370 5032 1520 5100 παρὰ
1565 5031 1634 5084 τὰ
1670 5030 1765 5083 τοῦ

190 5125 326 5178 ναοῦ
362 5124 677 5197 προπύλαια
734 5125 1119 5195 καθεζόμενος,
1183 5125 1345 5177 παντὶ
1396 5123 1476 5194 τῷ
1526 5125 1766 5193 ἐντυχεῖν

192 5217 511 5289 βουλομένῳ
548 5218 736 5283 ἄνετος
780 5214 850 5290 ἦν
900 5219 992 5272 καὶ
1039 5218 1378 5289 εὐπρόσιτος,
1432 5215 1606 5279 ἐνίους
1655 5214 1767 5267 τῶν

191 5390 285 5435 tus
309 5394 329 5438 ε
362 5389 441 5436 ast
469 5381 537 5434 ab
563 5380 664 5432 hoc
687 5394 803 5445 cap.
837 5378 907 5433 55
929 5392 1156 5432 vocatur
1182 5376 1546 5431 Sarbarazan.
1589 5374 1768 5429 Theo-

191 5451 743 5573 R||8i10.d-I.SBQUI.IIII‘
809 5448 1131 5515 Cedreuus;
1195 5452 1335 5514 apud
1402 5463 1541 5515 quos
1619 5448 1764 5500 nulla

245 5535 465 5573 asmtszt
502 5530 728 5573 mentio.

245 5521 465 5573 asmiszi
502 5520 728 5573 mentio.

267 5590 346 5656 (ι)
390 5590 584 5644 Suritts
608 5589 940 5659 Cresippum,
980 5587 1246 5644 Baronius
1284 5604 1374 5642 an.
1422 5586 1546 5653 6H,
1592 5585 1764 5650 n.15,

193 5660 547 5728 Chrysippum
577 5670 754 5715 vocat.

264 5725 343 5799 (Si
390 5725 464 5784 De
494 5732 690 5784 montis
718 5730 880 5799 hujus
905 5729 1007 5783 situ
1031 5738 1210 5799 actum
1243 5739 1325 5783 est
1361 5725 1766 5799 xvntlanuarii,

190 5797 348 5855 ad“
380 5815 465 5854 aut
504 5799 562 5855 S.
598 5797 816 5856 Antonii
863 5799 891 5871 §
936 5799 972 5853 2
1020 5800 1073 5855 in
1116 5797 1414 5872 Prolegnm.
1466 5797 1540 5853 De
1582 5799 1772 5867 primis

1943 2283 2053 2339 VII.
2083 2285 2550 2352 Quemadmodum
2588 2296 2769 2342 autem
2800 2287 2907 2346 hoc
2936 2289 3202 2363 quispiam
3233 2289 3455 2344 manda.

1871 2378 1941 2432 rit
1981 2377 2230 2441 silentio,
2277 2388 2332 2431 et
2377 2394 2482 2431 non
2530 2380 2708 2446 potius
2758 2380 3187 2435 misericordium
3233 2381 3456 2437 auribus

1869 2486 1965 2539 per
2004 2470 2182 2537 ipsum
2220 2470 2385 2523 fuerit
2419 2469 2771 2538 gratificatus,
2812 2480 2865 2524 ut
2902 2470 3045 2540 quod
3084 2470 3255 2541 magis
3289 2471 3455 2541 signi-

1873 2559 2028 2623 ticet,
2063 2574 2223 2628 quam
2258 2559 2303 2611 is
2350 2558 2401 2611 in
2438 2559 2779 2629 eleemosyua
2813 2558 2968 2629 longe
3007 2557 3453 2629 diligentissimus

1868 2648 2031 2703 fuerit
2070 2659 2125 2703 et
2166 2649 2721 2703 vehementissimus?
2749 2648 2882 2703 Nam
2912 2664 3035 2705 cum
3072 2650 3303 2717 primum
3332 2649 3452 2717 ejus

1871 2741 1991 2796 ﬁdei
2032 2742 2269 2796 creditus
2306 2740 2495 2793 fuisset
2525 2740 2894 2808 pontificatus,
2933 2740 2999 2795 iis
3041 2739 3325 2794 accersitis
3360 2740 3451 2808 qui

1873 2849 1957 2888 res
1993 2833 2249 2889 Ecclesia:
2283 2833 2691 2900 disticnsahaut,
2732 2833 2797 2887 iis
2835 2834 2997 2887 etiam
3029 2833 3188 2888 simul
3227 2832 3451 2887 audien-

1879 2924 2027 2979 tibus
2058 2923 2150 2992 qui
2187 2930 2345 2977 erant
2379 2937 2407 2973 a
2435 2935 2681 2976 secreto:
2713 2921 2829 2977 Non
2868 2932 2972 2987 est,
3003 2924 3193 2993 inquit,
3218 2924 3449 2994 justum,

1870 3032 1903 3072 o
1948 3018 2147 3072 fratres
2200 3025 2255 3071 et
2286 3008 2681 3069 in'ministerio
2718 3017 2883 3084 socii,
2931 3017 3089 3071 ullius
3124 3016 3345 3071 alterius
3373 3016 3450 3071 rei

1871 3126 2055 3166 curam
2098 3123 2287 3180 gerere
2328 3108 2507 3176 prius,
2547 3124 2707 3177 quam
2758 3109 2981 3163 Christi.
3029 3109 3233 3163 Euntes
3264 3108 3448 3176 itaque

1872 3218 1967 3273 per
2011 3210 2178 3255 totam
2224 3202 2538 3267 civitatem,
2592 3199 2901 3271 singulatim
2951 3200 3248 3254 describite
3302 3214 3453 3253 meos

1872 3297 2141 3349 dominos.
2185 3295 2316 3349 Cum
2350 3304 2534 3348 autem
2582 3293 2689 3358 illi,
2727 3303 3010 3360 postquam
3057 3287 3450 3355 hoc'dixissct,

1874 3388 2214 3451 dubitarent,
2257 3397 2312 3440 et
2343 3387 2563 3455 quinam
2609 3394 2793 3439 essent
2849 3384 3171 3452 patriarcha:
3218 3381 3447 3441 domini.

1878 3479 2316 3547 interrogarent,
2356 3476 2502 3542 Quos
2549 3490 2661 3539 vos,
2717 3473 2854 3526 dixit
2902 3472 3021 3537 ille,
3064 3486 3325 3540 pauperes
3399 3480 3453 3524 et

1872 3570 2150 3624 mendicos
2181 3569 2368 3623 soletis
2397 3566 2668 3637 appellare
2689 3606 2706 3631 ,
2742 3580 2837 3619 eos
2888 3578 2986 3634 ego
3022 3563 3269 3617 dominos
3302 3575 3452 3616 meos

1870 3661 2210 3728 etailjntores
2232 3660 2471 3713 nomino.
2506 3657 2638 3712 Nam
2664 3657 2701 3711 ii
2735 3655 2836 3710 soli
2877 3654 3003 3708 mihi
3030 3663 3254 3723 possunt
3287 3668 3445 3722 opem

1871 3751 2050 3814 ferre,
2096 3761 2152 3802 ut
2190 3767 2218 3804 a
2260 3750 2458 3806 Christi
2500 3765 2667 3818 regno
2709 3764 2813 3803 non
2851 3747 3122 3802 excidam.
3158 3744 3449 3814 Postquam

1870 3856 2050 3897 autem
2096 3843 2205 3897 cito
2247 3842 2449 3897 factum
2487 3842 2663 3896 fuerat
2695 3841 2835 3910 quod
2873 3840 3149 3910 jusserat,
3184 3838 3453 3893 intellexit

1869 3949 2078 3998 omnes,
2118 3934 2209 4003 qui
2240 3934 2508 3987 numerati
2538 3933 2777 3996 fuerant,
2806 3932 3028 3987 efficere
3054 3940 3260 4000 septem
3284 3929 3449 3983 millia

1868 4038 1924 4082 et
1988 4027 2345 4095 quingentos,
2413 4034 2467 4079 et
2522 4024 2685 4095 jussit
2743 4022 3035 4091 unicuique
3096 4036 3284 4076 corum
3332 4020 3451 4075 dari

1870 4125 2139 4186 sumptum
2177 4116 2456 4172 diurnum.

1938 4206 2071 4261 VIII.
2113 4206 2242 4261 Post
2287 4205 2403 4261 hinc
2438 4221 2592 4260 suum
2636 4205 2905 4261 convertit
2937 4203 3175 4258 studium
3221 4204 3287 4257 ad
3323 4203 3453 4268 hoc,

1868 4308 1929 4355 ut
1957 4298 2119 4369 justis
2141 4298 2469 4367 ponderibus
2491 4305 2545 4351 et
2570 4298 2841 4351 mensuris
2869 4282 3170 4358 uterentur,
3205 4296 3292 4362 qui
3325 4310 3452 4348 ven-

1868 4390 2065 4444 debant
2117 4389 2167 4442 in
2206 4388 2445 4442 civitate.
2481 4388 2629 4453 Quod
2662 4389 2876 4455 quidem
2919 4386 3145 4454 pulchre
3192 4387 3315 4439 l’etit
3369 4389 3453 4439 er

1864 4482 2066 4549 justus,
2103 4480 2320 4550 publice
2353 4479 2681 4549 praescriptis
2719 4477 2932 4532 edictis.
2978 4476 3145 4532 Porro
3182 4491 3309 4529 vero
3349 4478 3450 4532 hoc

1869 4588 2091 4644 quoque
2133 4573 2199 4625 ab
2249 4571 2339 4625 illo
2377 4570 2579 4623 factum
2628 4578 2739 4633 est,
2784 4570 2928 4639 quod
2970 4582 3217 4634 magnam
3262 4582 3448 4621 curaui

1870 4667 2093 4731 gerebat
2140 4677 2359 4725 eorum,
2410 4660 2608 4727 quibus
2657 4660 2819 4712 ﬁebat
2876 4658 3092 4727 injuria.
3146 4655 3280 4709 Nam
3324 4673 3445 4711 cum

1872 4759 2169 4828 accepisset
2203 4756 2403 4809 multos
2434 4754 2498 4806 ad
2529 4767 2649 4805 eum
2681 4766 3020 4815 accessuros,
3049 4760 3102 4804 et
3133 4753 3197 4805 de
3230 4751 3299 4804 iis
3329 4766 3450 4820 qua:

1874 4850 1979 4905 illis
2012 4849 2168 4904 factm
2198 4848 2409 4902 fuerant
2446 4845 2653 4913 injuriis
2692 4845 3117 4913 supplicaturus,
3159 4844 3226 4895 ab
3261 4843 3324 4903 iis
3354 4841 3446 4912 qui

1873 4943 2046 5009 ipsum
2072 4939 2458 5007 sequebantur,
2483 4934 2689 4999 arceri;
2722 4934 2848 5002 quid
2871 4932 3039 4987 facit?
3068 4933 3285 4985 Duobus
3315 4933 3446 4985 heb-

1874 5033 2116 5088 doniadie
2149 5030 2460 5084 constitutis
2490 5025 2699 5090 diebus,
2728 5038 2948 5095 quarto,
2981 5029 3223 5095 inquam,
3260 5026 3449 5087 die,.ct

1872 5124 1958 5179 die
1985 5123 2331 5186 Parasceves,
2361 5122 2553 5175 sedens
2582 5118 2633 5173 in
2669 5119 2854 5188 templi
2888 5120 3206 5185 porticibus,
3238 5133 3295 5172 se
3326 5117 3447 5170 cui-
3476 5112 3494 5127 ⁵

1872 5215 2004 5270 libet
2033 5213 2232 5267 volenti
2258 5211 2530 5279 prtebebat
2562 5211 2898 5274 adeundum,
2949 5209 3232 5263 nonnullos
3274 5223 3340 5262 ex
3381 5207 3448 5260 iis

1868 5374 2274 5457 sticeegsoribus
2300 5382 2353 5427 et
2384 5365 2675 5426 abbatibus
2715 5387 2809 5427 seu
2852 5368 3126 5441 praafectis
3170 5378 3445 5422 monaste-

1873 5445 2463 5581 ruit§)5llbinocorura,
2497 5514 2608 5569 sive
2642 5512 3027 5574 Rhinocolura,
3062 5507 3190 5563 urbs
3223 5507 3272 5560 iu
3302 5521 3435 5561 cou-

1872 5584 2001 5639 finio
2043 5583 2274 5655 Aﬂgypti
2303 5593 2356 5635 ct
2387 5582 2575 5655 Syria),
2618 5593 2674 5655 ut
2704 5584 2967 5655 pluribus
2990 5582 3193 5655 dictum
3237 5584 3438 5655 ,εει-κω

1871 5647 2194 5710 ,Ιιιιιιιιιι-διιῖί
2240 5647 2508 5707 γιιςὶιιίδ.
2547 5647 2716 5718 Melan,
2764 5654 2879 5708 sive
2924 5651 3167 5712 Melanis,
3205 5647 3439 5713 ejusdem

1874 5726 2025 5780 urbis
2060 5726 2320 5796 episcopi.
