3832 6462
363 401 468 464 903

1574 377 1860 440 MENSIS
1904 373 2364 436 JANUARIUS.

3516 363 3614 426 904

369 526 460 579 qui
509 516 664 564 erant
692 508 892 558 virtute
922 499 1184 569 insignes.
1215 496 1424 550 habens
1450 505 1635 547 secum
1665 489 1946 544 conﬁden-

2087 485 2142 537 π’
2173 485 2342 555 ἀρετῇ
2373 482 2661 553 διασήμων
2698 481 2840 551 ἔχων
2869 473 3020 545 αὐτῷ
3067 470 3502 540 συνεδρεύοντας,
3549 466 3622 534 οἷς

375 615 474 656 tes.
495 596 703 664 Quibus
733 607 874 662 sat-pe
892 589 1177 645 dictitabat
1206 584 1357 650 illud,
1388 583 1607 654 dignum
1634 581 1776 650 quod
1810 579 1951 634 scri-

371 701 476 764 ptts
505 700 561 746 et
601 685 876 742 memoriae
917 681 1205 736 mandetur
1234 695 1247 731 :
1287 676 1348 731 Si
1379 675 1572 736 nobis,
1611 674 1824 735 dicens,
1857 669 1950 739 qui

372 761 557 840 sumus
581 780 846 842 homines,
868 775 994 830 licet
1014 772 1235 826 omnino
1259 771 1324 822 ad
1350 769 1514 822 Deum
1547 763 1806 819 accedere
1832 761 1952 815 ahs«

372 890 476 944 que
515 873 623 927 ullo
669 871 1058 930 intercessore,
1115 871 1171 917 et
1215 861 1280 915 de
1311 858 1510 928 quibus
1541 855 1792 909 volumus
1829 865 1952 906 eum

379 981 600 1036 rogare;
633 961 903 1031 quomodo
929 971 1032 1010 non
1067 954 1168 1023 ipsi
1199 965 1412 1019 quoque
1443 946 1649 1002 nostris
1677 941 1956 998 conservis

376 1067 560 1126 portas
591 1053 902 1124 aperuimus
928 1047 1132 1116 absque
1165 1043 1272 1098 ullo
1302 1042 1690 1111 impedimento
1711 1077 1727 1102 ,
1767 1043 1820 1089 et
1851 1047 1954 1086 non

375 1123 636 1210 cuilibet,
664 1146 748 1199 cui
778 1152 861 1197 est
895 1153 1032 1209 opus
1054 1177 1069 1204 ,
1113 1135 1402 1205 benignam
1435 1145 1622 1186 aurem
1667 1123 1960 1197 praebueri-

383 1239 543 1295 mus?
601 1237 818 1292 Scimus
845 1234 1013 1297 enim,
1045 1248 1150 1301 qua
1184 1228 1353 1285 mensi
1386 1225 1650 1281 fuerimus
1676 1232 1956 1280 mensura,

379 1333 569 1388 eadem
605 1345 701 1384 nos
726 1342 848 1382 esse
883 1339 1129 1380 mensum
1161 1321 1406 1376 vicissim
1441 1323 1763 1385 accepturos
1795 1312 1838 1363 ‘.

452 1423 543 1478 IX.
583 1423 717 1478 Cum
751 1429 958 1483 autem,
990 1424 1048 1470 ut
1075 1420 1459 1475 consueverat,
1493 1405 1785 1476 aliquando
1822 1415 1963 1472 prte-

380 1517 630 1580 sedisset,
659 1523 713 1567 et
741 1512 922 1567 nullus
951 1511 1296 1568 accessisset,
1333 1516 1568 1573 surgens
1598 1511 1845 1567 vespere,
1875 1508 1962 1549 re-

379 1608 548 1664 cessit
587 1604 759 1660 tristis
799 1613 854 1660 et
887 1602 1216 1672 lacrymans.
1249 1595 1403 1652 Nullo
1438 1607 1565 1647 vero
1599 1590 1837 1645 audente
1875 1601 1963 1641 ro-

383 1715 511 1770 gare
554 1713 774 1752 causam
816 1709 915 1748 cur
955 1702 1102 1747 esset
1149 1690 1350 1752 tristis,
1395 1686 1612 1740 divinus
1653 1681 1744 1752 qui
1775 1681 1965 1733 aderat

387 1769 751 1859 Sophronius,
795 1784 940 1852 Quid
964 1791 1067 1844 est,
1105 1779 1303 1848 inquit,
1331 1792 1363 1832 o
1391 1776 1476 1831 vir
1502 1773 1702 1836 divine,
1738 1769 1878 1839 quod
1909 1776 1964 1822 te

382 1881 564 1936 affecit
603 1877 882 1940 molestia,
925 1882 981 1928 et
1021 1872 1188 1926 animi
1223 1868 1561 1940 regritudine‘
1588 1864 1782 1919 bonam
1815 1870 1963 1916 tuam

386 1970 627 2040 implevit
651 1965 925 2023 animant?
955 1964 1047 2018 llle
1075 1973 1255 2018 autem
1290 1960 1405 2014 miti
1437 1967 1491 2013 et
1523 1957 1626 2011 leni
1662 1969 1825 2008 voce:
1859 1951 1970 2006 Hoc

2057 577 2292 647 ἐπέφερε
2347 575 2586 645 συνεχῶς
2636 574 2696 627 τδ
2748 570 2973 643 γραφῆς
3029 568 3208 620 έκεῖνο
3257 565 3350 618 καὶ
3411 565 3624 633 μνήμης

2054 670 2226 735 ἀξιον,
2254 668 2315 720 El
2350 669 2502 737 ἡμῖν,
2540 667 2738 733 λέγων,
2775 661 3082 732 ἀνθρώποις
3116 656 3268 710 οὖσιν
3300 655 3452 709 ἄδεια
3483 657 3622 708 πάσα

2056 759 2376 838 προσελθεῖν
2409 759 2628 829 ἀμέσως
2654 757 2732 827 τῷ
2765 754 2907 824 Θεῷ,
2940 755 3034 806 καί⁵
3065 750 3195 820 περὶ
3225 743 3301 801 ὧν
3331 746 3625 817 βουλόμεθα

2054 852 2334 922 δεηθῆναι,
2352 837 2486 912 πῶς
2517 851 2638 920 οὐχί
2666 850 2781 909 τοῖς
2801 844 3115 915 ὁμοδούλοις
3147 839 3459 901 ἀκωλύτους
3481 837 3626 891 αὐτοὶ

2056 945 2154 1007 τὰς
2184 943 2354 1014 θύρας
2376 941 2716 1010 ἀνοίξαιμεν,
2732 939 2828 992 καὶ
2845 937 3008 989 παντὶ
3030 933 3108 1002 τῷ
3126 931 3316 1002 χρείαν
3340 929 3516 999 ἔχοντι
3542 925 3626 992 οὖς

2060 1037 2319 1108 φιλήκοον
2365 1034 2794 1101 ὑποκλίναιμενς
2821 1028 3060 1096 Οἴδαμεν
3097 1025 3228 1094 γὰρ,
3256 1024 3338 1076 ὅτι
3361 1016 3416 1090 ᾧ.
3461 1023 3630 1091 μέτρῳ

2064 1127 2428 1200 μετρήσομεν,
2466 1124 2605 1179 κατά
2636 1123 2698 1176 τὸ
2725 1121 2856 1175 αὐτὸ
2889 1121 2983 1174 καί
3015 1118 3146 1188 ἡμῖν
3176 1118 3292 1169 ἀντι
3303 1111 3632 1183 μετρηθήσε-

2059 1238 2167 1274 ται.

2133 1395 2211 1450 Θ’.
2246 1392 2499 1466 Συνήθως
2530 1389 2661 1460 γοῦν
2691 1404 2823 1443 ποτε
2853 1380 3327 1458 προκαθεσθέντος
3355 1375 3522 1432 αὐτοῦ
3551 1377 3637 1430 καὶ

2069 1487 2298 1560 μηδενὸς
2333 1481 2748 1552 προσελθόντος,
2779 1475 3020 1538 ἀναστὰς
3071 1471 3203 1542 περὶ
3233 1469 3418 1540 δείλην
3466 1466 3634 1537 ὀψίαν,

2063 1559 2314 1648 κατηφὴς
2340 1575 2417 1629 ὢν
2446 1574 2542 1628 καὶ
2566 1571 2869 1641 σύνδακρυς
2895 1565 3124 1637 ἐπανῄει
3147 1579 3163 1596 ο
3202 1561 3429 1633 μηδενὸς
3453 1559 3508 1613 δὲ
3529 1559 3639 1611 τολ-

2068 1673 2277 1744 μῶντος
2308 1668 2574 1724 πυθέσθαι
2626 1665 2724 1736 τὴν
2774 1662 2954 1718 αἰτίαν
2984 1661 3081 1730 τῆς
3114 1655 3589 1728 σκυθρωπότητος,
3613 1653 3639 1704 δ

2067 1742 2210 1824 θεῖος
2239 1758 2432 1830 παρὼν
2461 1758 2794 1827 Σωφρόνιος,
2829 1753 2896 1808 Τί
2944 1752 3005 1805 τὸ
3055 1748 3329 1817 λυπῆσαν,
3381 1745 3510 1816 ἔφη,
3557 1742 3639 1795 θε-

1999 1829 2040 1887 B
2072 1854 2281 1918 σπέσιε,
2297 1829 2393 1906 καὶ
2409 1850 2646 1921 ἀθυμίας
2663 1848 2761 1920 τὴν
2776 1845 2988 1917 ἀγαθήν
3007 1861 3100 1897 σου
3125 1839 3424 1912 πληρῶσαν
3440 1836 3639 1907 ψυχήν;

2080 1945 2139 1998 '0
2171 1944 2229 1998 δὲ
2262 1943 2467 2014 πραείᾳ
2496 1942 2591 1996 καὶ
2617 1940 2828 2010 γαληνῇ
2850 1940 2917 2008 τῇ
2943 1938 3122 2006 φωνῇ,
3148 1935 3398 2004 Σήμερον
3418 1930 3449 1983 δ
3472 1944 3643 1982 ταπει-

386 2021 514 2131 dier,
565 2062 779 2131 inquit,
812 2021 1170 2114 miserandus
1214 2053 1456 2108 Joannes
1513 2066 1618 2104 non
1667 2049 1734 2103 ab
1785 2047 1969 2115 aliquo

2086 2038 2162 2101 νὸς
2202 2037 2478 2105 Ἰωάννης,
2523 2030 2668 2098 εἷπε,
2725 2030 2917 2102 μισθὸν
2975 2028 3088 2082 οὐδ’
3121 2026 3228 2079 ὑπό
3264 2041 3414 2086 τινος
3466 2021 3644 2075 οὐδένα

2275 2128 2282 2131 ,
2664 2125 2685 2131 _
2970 2121 2984 2131 .
3206 2119 3218 2131 .
3298 2118 3311 2131 .
3477 2117 3492 2131 .
3568 2113 3614 2131 ..

386 2157 547 2211 ullam
569 2153 778 2222 accepit
805 2150 1134 2212 mercedem,
1162 2161 1339 2215 neque
1377 2144 1544 2197 ullum
1573 2141 1656 2195 vel
1683 2138 1966 2193 minimum

2086 2128 2418 2200 Ξιεκομίσατο
2438 2167 2453 2191 ,
2509 2127 2617 2180 οὐδ’
2662 2125 2789 2196 ἔσχε
2819 2121 3016 2194 μικρόν
3045 2137 3098 2174 τι
3135 2119 3229 2172 καί⁵
3261 2118 3324 2171 τὸ
3372 2117 3534 2186 τυχὸν
3565 2113 3643 2180 ιε-

387 2243 657 2317 piaculmu
701 2206 876 2312 potuit
917 2206 1132 2292 oﬂcrre'
1155 2206 1377 2288 Christo
1420 2246 1516 2300 pro
1550 2227 1734 2282 multis
1765 2233 1823 2280 et
1858 2238 1973 2278 ma-

2086 2223 2304 2293 ἱλασμα,
2323 2221 2464 2293 ὑπὲρ
2488 2220 2596 2273 τῶν
2632 2218 2884 2290 μεγάλων
2907 2214 3073 2268 αὐτοῦ
3107 2214 3199 2266 καὶ
3233 2210 3450 2265 πολλῶν
3480 2206 3640 2276 σφαλ-

390 2297 663 2411 ίιιιίεειιὶε
701 2297 956 2401 delictis,
1005 2329 1276 2400 quomodo
1318 2297 1495 2394 neque
1539 2321 1674 2376 alias
1706 2332 1969 2389 unquam.

2086 2315 2265 2384 μάτων
2295 2313 2688 2384 προσενεγκεῖν
2713 2307 2791 2379 τῷ
2837 2305 3060 2377 Χριστῷ
3087 2343 3101 2367 ,
3149 2302 3344 2372 ὥσπερ
3379 2298 3510 2369 γοῦν
3530 2297 3639 2351 οὐδὲ

2086 2407 2154 2411 ___
2250 2405 2262 2411 -
2521 2401 2586 2411 _.
2689 2401 2710 2411 -
2822 2401 2835 2411 .
2923 2399 2934 2411 .
3091 2396 3134 2411 ..ς
3387 2395 3422 2411 κ.
3506 2391 3527 2411 ι

389 2434 527 2501 Quid
581 2431 683 2485 hoc
735 2428 826 2482 illo
873 2426 1088 2489 minus,
1138 2420 1241 2476 nisi
1297 2419 1463 2474 etiam
1511 2414 1686 2482 majus
1741 2411 1970 2476 dixeris,

2086 2405 2265 2462 ἱλλοτέ
2319 2421 2482 2458 ποτε.
2520 2401 2587 2457 Τί
2623 2401 2781 2455 τοῦτο
2820 2399 3030 2454 ἐκείνου
3091 2396 3339 2457 ἓλαττον,
3375 2395 3425 2446 εξ
3462 2391 3533 2462 μὴ
3563 2391 3645 2443 καὶ

568 2483 752 2578 dicunt
785 2535 906 2576 esse
940 2483 1220 2588 cujusdam
1252 2512 1331 2583 (Ἰ)
1372 2508 1716 2579 imperatoris
1770 2503 1974 2559 Roma-

2086 2497 2266 2570 μεῖζον
2294 2497 2465 2566 ἐρεῖς,
2498 2495 2526 2548 δ
2554 2494 2714 2548 Τίτου
2741 2490 2835 2546 τοῦ
2873 2490 3160 2560 Ῥωμαίων
3183 2485 3452 2557 ἄρξαντος
3478 2483 3647 2550 λέγου-

393 2577 610 2680 norum,
640 2613 734 2683 qui
760 2611 894 2666 dixit
925 2631 938 2666 :
973 2608 1144 2664 Hodie
1179 2620 1282 2659 non
1320 2601 1685 2672 regnavimus,
1715 2597 1974 2667 quoniam

2086 2610 2164 2645 σιν
2185 2585 2346 2655 εἶναι,
2379 2587 2544 2658 τὸμὴ
2566 2584 2883 2658 βασιλεῦσαι
2915 2584 3152 2654 σήμερον
3174 2582 3376 2644 εἰπεῖν,
3408 2577 3528 2630 ἐπεὶ
3553 2593 3646 2644 μη-

394 2709 665 2765 neminem
710 2705 992 2760 all'ecimus
1035 2697 1344 2754 beneﬁt-io?
1379 2695 1510 2750 Cum
1559 2695 1742 2762 itaque
1787 2706 1974 2746 sacro-

2086 2682 2201 2736 δένα
2263 2681 2747 2750 εὐεργετήσαμεν;
2826 2675 2885 2728 '0
2921 2676 3101 2727 τοίνυν
3159 2671 3305 2740 ίερδς
3357 2669 3646 2737 Σωφρόνιος

396 2809 616 2857 sanctus
665 2796 1018 2853 intellexisset
1064 2789 1441 2860 Sophronius,
1487 2775 1618 2856 quid
1661 2784 1764 2839 sibi
1797 2782 1974 2842 vellet,

2086 2775 2268 2838 συνεὶς
2300 2773 2328 2825 ὃ
2359 2774 2417 2825 τὸ
2448 2770 2613 2842 ῥηθὲν
2667 2768 2814 2839 αὐτῷ
2853 2765 3123 2827 ἐϐούλετο,
3158 2764 3387 2833 Χαίρειν
3415 2762 3522 2814 ἔδει
3563 2761 3646 2828 σή-

393 2847 638 2966 qucdwa-h
663 2847 1164 2945 eoid‘ictumfuera't
1193 2901 1205 2936 :
1239 2881 1316 2936 Te
1347 2847 1547 2952 potius,
1581 2877 1778 2947 inquit,
1809 2874 1974 2928 laetari

2086 2884 2248 2938 μερον
2284 2865 2378 2918 καὶ
2406 2853 2690 2932 εὐθυμεῖν,
2732 2858 3120 2932 μακαριώτατε
3147 2856 3406 2916 δέσποτα,
3434 2849 3546 2906 ἀνθ’
3583 2847 3648 2904 ὧν

2112 2958 2135 2966 .-
2288 2958 2298 2966 ι
2588 2955 2609 2966 Α
2648 2957 2668 2966 .-
2721 2955 2731 2966 ο
3026 2951 3037 2966 Ι
3238 2949 3294 2966 νερ
3385 2947 3401 2966 Ι
3434 2965 3438 2966 ,
3478 2945 3581 2966 _!__l
3615 2960 3641 2966 μ

398 2945 533 2966 τ-νγ
621 2945 624 2946 ν
1347 2945 1361 2952 -
1658 2945 1671 2947 _

396 2995 631 3055 oportet,
660 2990 713 3036 et
747 2995 853 3035 non
889 2978 1108 3034 tristitia
1133 2973 1298 3037 allici,
1325 2989 1357 3026 ο
1388 2971 1702 3025 beatissime
1732 2965 1974 3031 domine,

2086 2958 2224 3012 οὕτω
2251 2958 2348 3028 τὴν
2387 2955 2772 3009 πιστευθεῖσάν
2818 2971 2899 3006 σοι
2948 2951 3186 3020 ποίμνην
3233 2949 3334 3018 ζῇν
3382 2947 3440 3000 ιν
3471 2945 3647 3015 εἰρήνῃ

2346 3049 2357 3055 .
2562 3049 2575 3055 -
2743 3046 2793 3055 -.
2979 3043 3018 3055 -.
3083 3039 3108 3055 τ
3322 3037 3344 3055 τ
3491 3038 3506 3055 ι
3583 3039 3612 3055 ν,

397 3078 541 3148 quod
570 3075 662 3130 tibi
691 3073 1045 3128 commissum
1069 3083 1286 3137 gregem
1315 3064 1508 3119 feceris
1533 3064 1714 3114 vivere
1748 3060 1800 3114 in
1831 3067 1974 3111 tanta

2086 3049 2521 3122 παρεσκεύασας,
2547 3049 2619 3110 ὡς
2659 3046 2864 3118 μηδένα
2897 3043 3018 3115 μηδ’
3055 3039 3261 3106 οὗτινος
3286 3037 3382 3094 οὖν
3411 3038 3544 3110 πρὸς
3570 3039 3650 3090 τίν

397 3183 561 3240 pace,
605 3174 664 3219 ut
705 3163 884 3217 nullus
930 3161 999 3215 de
1047 3175 1104 3212 re
1153 3158 1332 3224 aliqua
1385 3170 1510 3210 cum
1559 3153 1736 3206 vicino
1784 3151 1974 3205 habeat

2087 3144 2314 3216 πλησίον
2357 3141 2746 3211 ἀμφισϐητεῖν,
2807 3136 2922 3191 ἀλλ’
2956 3136 3147 3205 ὥσπερ
3197 3134 3351 3197 τινάς
3399 3130 3650 3200 ἀγγέλους

397 3256 828 3317 controversiam
857 3273 872 3309 :
909 3253 1005 3308 sed
1039 3262 1292 3320 tanquam
1331 3247 1506 3318 angeli
1536 3244 1738 3316 aliqui,
1777 3243 1974 3312 absque

2086 3241 2314 3310 ἀμάχως
2339 3238 2545 3306 διάγειν
2575 3236 2701 3299 τοὺς
2751 3232 3072 3302 ἀνθρώπους
3121 3230 3215 3282 ἐπὶ
3262 3230 3363 3297 τῆς
3408 3228 3531 3296 γῆς.
3580 3224 3654 3285 Ὠς

401 3351 510 3408 ulla
555 3351 648 3404 lite
695 3358 746 3404 et
791 3346 1140 3402 contentione
1191 3343 1438 3396 homines
1480 3339 1667 3394 vivant
1718 3339 1773 3392 in
1815 3345 1974 3391 terra.

2086 3332 2177 3387 οὖν
2197 3330 2395 3402 ἀληθὲς
2441 3325 2673 3381 εἶναιτὸ
2729 3324 2895 3398 ῥηθὲν
2953 3322 3209 3394 εὕρισκεν
3260 3321 3288 3372 ὁ
3339 3319 3654 3389 πραότατος,

404 3443 540 3499 Cum
566 3448 746 3496 autem
771 3452 957 3492 verum
987 3451 1110 3490 esse
1131 3434 1274 3503 quod
1305 3433 1540 3496 dixerat,
1571 3427 1865 3484 invenisset
1901 3425 1974 3479 vit

2087 3423 2180 3477 ἐπὶ
2211 3422 2273 3475 τὸ
2303 3419 2666 3489 εὐθυμότερον
2701 3417 2862 3478 εὐθὺς
2900 3413 3285 3486 μετεϐάλλετο,
3322 3412 3419 3465 καὶ
3449 3409 3523 3480 τῷ
3550 3406 3653 3474 θεῷ

407 3533 744 3595 mitissimus,
775 3528 957 3584 statim
990 3527 1090 3581 fuit
1115 3525 1395 3579 traductus
1420 3523 1488 3577 ad
1513 3519 1684 3575 animi
1715 3517 1982 3580 laetitiam,

403 3637 458 3682 et
499 3639 596 3696 pro
629 3638 696 3677 eo
726 3621 836 3676 Deo
873 3621 984 3690 egit
1021 3619 1246 3688 gratias.
1283 3615 1397 3670 Hoc
1435 3615 1624 3670 dicunt
1667 3612 1834 3668 etiam
1869 3624 1988 3665 esse

407 3719 711 3778 itt'itatnm,
750 3714 841 3784 qui
879 3712 1128 3766 lleraclio
1168 3712 1219 3766 in
1257 3709 1486 3779 imperio
1514 3706 1810 3768 successit,
1846 3703 1990 3758 Con-

406 3820 725 3873 stanttnntu,
758 3807 847 3876 qui
875 3805 1034 3859 etiam
1075 3802 1238 3872 hujus
1261 3800 1428 3856 divini
1458 3799 1559 3853 viri
1595 3797 1696 3852 fuit
1725 3796 1867 3851 [ilius
1905 3809 1990 3850 se-

406 3902 646 3962 cundum
691 3897 968 3967 spiritum.

483 3996 551 4052 Χ.
577 3994 683 4047 Sed
705 4006 824 4061 quae
849 3996 976 4044 sunt
1002 3986 1301 4058 proposita,
1327 3990 1689 4054 persequatur
1712 3979 1909 4042 oratio,
1937 3989 1991 4033 et

410 4085 592 4140 tradat
629 4080 854 4134 auribus
891 4093 956 4132 ea
994 4091 1114 4145 qua:
1149 4084 1278 4130 sunt.
1308 4073 1496 4128 auditu
1530 4073 1690 4142 digna
1727 4080 1780 4126 et
1815 4070 1992 4125 utilis-

411 4177 568 4230 sima.
593 4171 973 4233 Tuncmttetn,
1001 4183 1124 4222 cum
1151 4167 1216 4221 ad
1250 4164 1311 4221 Β.
1343 4164 1604 4220 Joannem
1637 4161 1993 4218 accessissent

413 4262 473 4330 ii,
511 4264 708 4333 quibus
735 4259 912 4314 fuerat
941 4255 1233 4313 commissa
1269 4253 1578 4310 distributio
1615 4252 1990 4320 eleemosynae,

411 4365 468 4411 et
489 4353 596 4408 tale
625 4351 753 4422 quid
776 4348 1214 4413 annuntiassent,
1233 4345 1377 4415 quod
1405 4345 1612 4399 scilicet
1633 4342 1823 4414 puella:
1844 4357 1995 4413 quze-

413 4449 536 4503 dam
578 4449 711 4500 bene
751 4452 979 4507 ornatae,
1010 4449 1067 4496 et
1094 4454 1214 4510 qua;
1250 4437 1394 4494 collo
1428 4437 1712 4508 gestabant
1753 4435 1992 4499 monilia,

2087 3517 2317 3588 χάριτας
2345 3514 2486 3584 ὑπὲρ
2515 3511 2706 3565 τούτου
2739 3509 3086 3579 διωμολόγει.
3139 3505 3312 3560 Τοῦτό
3339 3521 3471 3574 φασι
3505 3503 3658 3573 μιμή-

2091 3607 2284 3662 σασθαι
2317 3606 2412 3660 καὶ
2447 3605 2537 3658 τὸν
2587 3604 2728 3674 μετά
2771 3601 3093 3673 Ἡράκλειον
3117 3599 3214 3670 τῆς
3264 3595 3542 3668 βασιλείας
3571 3593 3658 3660 ἀρ·

2091 3700 2256 3764 ξαντα
2295 3697 2728 3758 Κωνσταντϊνον,
2763 3693 2820 3758 ὃς
2853 3694 2948 3748 καὶ
2998 3691 3142 3746 κατὰ
3172 3688 3394 3761 πνεῦμα
3425 3689 3534 3752 υίὸς
3574 3685 3656 3739 τοῦ

2092 3793 2239 3847 θείου
2270 3789 2465 3860 ἀνδρὸς
2511 3787 2776 3857 ἐγεγόνει.

2167 3974 2224 4030 ι’.
2284 3976 2425 4030 Ἀλλ’
2483 3975 2693 4046 ὲχέσθω
2722 3975 2831 4028 τῶν
2871 3971 3253 4045 προκειμένων
3310 3973 3340 4026 δ
3370 3971 3548 4039 λόγος,
3578 3965 3659 4021 καὶ

2093 4069 2286 4130 ἀκοαῖς
2339 4069 2532 4122 διδότω
2594 4067 2662 4121 τὰ
2700 4068 2870 4135 ἀκοῆς
2922 4064 3047 4131 ἀξια
3097 4066 3195 4118 καὶ
3247 4064 3658 4134 ὠφελιμώτατα.

2094 4160 2228 4212 Τότε
2260 4157 2392 4226 γοῦν
2429 4157 2506 4228 τῷ
2540 4157 2796 4229 μακαρίῳ
2830 4156 3238 4229 προσελθόντων
3265 4156 3376 4209 τῶν
3415 4153 3513 4224 τὴν
3556 4153 3660 4204 δια-

2094 4251 2266 4322 νομὴν
2290 4252 2390 4320 τὴν
2435 4252 2535 4320 τῆς
2569 4251 2938 4324 έλεημοσύνης
3001 4249 3433 4314 πιστευθέντων,
3485 4245 3574 4298 καί
3615 4260 3659 4295 τι

2095 4344 2306 4399 τοιοῦτο
2338 4343 2882 4415 προσαγγειλάντων.
2925 4343 3000 4405 ὡς
3032 4343 3190 4414 κόραι
3219 4341 3365 4406 τινὲς
3391 4339 3591 4406 κόσμια
3611 4352 3660 4388 τε

2098 4441 2189 4491 καὶ
2223 4437 2545 4508 περιδέραια
2569 4437 2865 4508 περιδεδλη
2877 4436 3037 4505 μέναι
3078 4419 3434 4505 συνέρχονται
3459 4433 3551 4485 καὶ
3578 4423 3660 4482 αὖ·

414 4540 544 4612 ipsa:
571 4552 788 4608 quoque
829 4535 1158 4590 conveniunt
1189 4541 1244 4586 ut
1289 4533 1400 4588 sint.
1445 4529 1739 4600 participes
1778 4542 1967 4582 eorum

2099 4545 2188 4579 ται
2226 4528 2334 4578 τῶν
2363 4529 2477 4590 τοῖς
2529 4527 2726 4596 πένησι
2782 4527 3075 4596 διδομένων
3125 4527 3476 4597 μεταλαϐεῖν,
3515 4525 3600 4580 καί
3619 4523 3660 4574 εί

413 4647 534 4702 quae
555 4633 755 4683 dantur
779 4625 1146 4698 pauperibus,
1189 4631 1246 4678 et
1279 4622 1562 4692 petiissent
1583 4637 1651 4675 an
1678 4620 1758 4676 eis
1778 4633 1994 4689 quoque

416 4720 660 4791 praebere
690 4725 940 4786 Oporteat
959 4753 977 4779 ,
1018 4713 1337 4768 mitissimus
1367 4711 1603 4767 Jonnnes
1639 4721 1788 4764 torve
1817 4710 1870 4762 in
1903 4724 1996 4763 eos

416 4808 674 4862 intuens:
717 4804 773 4858 Si
812 4803 1032 4858 humilis
1059 4801 1277 4871 quidem
1308 4810 1363 4855 et
1395 4800 1591 4870 abjecti
1629 4799 1872 4864 Joannis,
1909 4797 1992 4852 vel

419 4899 596 4968 potius
637 4897 804 4965 ipsius
833 4894 1034 4950 Christi
1079 4893 1317 4948 ministri
1349 4907 1473 4947 esse
1511 4893 1671 4946 vultis
1709 4905 1763 4946 et
1804 4893 1992 4947 distri-

418 4991 661 5054 hutores,
695 4998 881 5060 parete
915 4989 1102 5042 divino
1129 4987 1329 5057 jussui,
1360 4988 1450 5056 qui
1479 4985 1632 5054 jubet
1661 4987 1792 5040 dare
1821 4988 1992 5041 cuivis

421 5081 649 5151 petenti.
683 5081 777 5135 Sin
810 5090 989 5134 autem
1023 5079 1210 5135 dicitis
1236 5095 1332 5134 vos
1352 5094 1474 5135 esse
1499 5077 1726 5147 alicujus
1753 5080 1991 5144 alterius,

2041 4665 2056 4694 ο
2101 4619 2207 4688 Χρὴ
2242 4616 2470 4682 ταύταις
2487 4617 2703 4688 ὀρέγειν
2725 4634 2740 4649 ⁶
2773 4621 2800 4672 ὁ
2823 4620 3131 4690 πραότατος
3161 4619 3326 4690 δριμύ
3346 4637 3400 4674 τι
3435 4620 3524 4673 καὶ
3557 4616 3658 4687 βλο-

2102 4711 2265 4780 συρὸν
2313 4713 2392 4774 είς
2425 4711 2624 4774 αὐτοὺς
2658 4711 2996 4782 ἀποϐλέψας,
3034 4711 3096 4765 El
3127 4712 3224 4782 μὲν
3268 4712 3365 4764 τοῦ
3399 4707 3657 4768 ταπεινοῦ,

2100 4806 2287 4872 φησὶν,
2305 4804 2576 4888 Ἰωάννου,
2615 4805 2813 4874 μᾶλλον
2839 4806 2896 4858 δὲ
2925 4805 3191 4878 Χριστοῦ,
3229 4805 3503 4877 ὑπηρέται
3537 4798 3659 4854 εῖναι

2100 4899 2194 4949 καὶ
2211 4896 2484 4966 διανομεῖς
2504 4896 2781 4966 βούλεσθε,
2808 4897 2888 4969 τῷ
2912 4900 3041 4970 θείῳ
3064 4899 3257 4952 τούτου
3292 4897 3658 4969 προστάγματι

2099 4985 2374 5052 πείθεσθε,
2400 4987 2428 5041 ὃ
2457 4989 2622 5042 παντὶ
2640 4989 2714 5058 τῷ
2741 4990 2981 5043 αἰτοῦντι
3009 4990 3247 5044 δίδοσθαι
3279 4988 3520 5044 κελεύειο
3547 4988 3591 5039 εί
3611 4982 3658 5036 ἃ

2098 5083 2196 5137 καὶ
2219 5083 2408 5152 ἑτέρου
2441 5083 2587 5147 τινδς
2620 5081 2761 5137 εῐναι
2786 5085 2994 5153 λέγετε,
3025 5085 3083 5147 ὃς
3110 5082 3389 5149 ἐξετάζειν
3429 5083 3554 5153 ὑμῖν
3579 5077 3658 5132 καὶ

416 5172 508 5242 qtti
536 5173 765 5239 imperat
804 5180 861 5225 nt
893 5172 1221 5226 examinetis
1256 5172 1422 5224 vitam
1457 5179 1514 5225 et
1551 5181 1752 5225 statum
1793 5175 1974 5226 ntendi

2095 5175 2478 5246 διερευνᾶσθαι
2509 5177 2634 5240 τοὺς
2664 5178 2773 5230 τῶν
2805 5179 3245 5246 προσαιτούντων
3276 5177 3427 5248 βίσυς
3463 5178 3552 5230 καὶ
3572 5172 3656 5241 τὴν

418 5263 679 5328 cautium,
737 5263 923 5318 sciatis
961 5264 1105 5333 quod
1148 5278 1319 5332 neque
1362 5263 1607 5317 Christus
1637 5265 1783 5333 ipse,
1825 5280 1997 5333 tteqtte

420 5357 640 5412 humilis
667 5356 910 5413 Joannes
932 5373 1070 5428 Opus
1098 5359 1260 5412 habet
1287 5357 1519 5412 curiosis
1547 5358 1834 5413 ministris.
1860 5357 1995 5411 Nam

497 5537 514 5571 ⁸
549 5537 682 5595 Luc.
708 5554 782 5606 νε,
825 5538 919 5594 58.

488 5695 575 5779 t7)
597 5696 816 5779 Titnsis
841 5697 968 5762 fuit,
999 5708 1064 5750 ne
1078 5712 1187 5779 quo
1207 5693 1504 5753 Suetonius
1529 5711 1651 5766 cap.
1677 5696 1709 5750 8
1733 5717 1744 5751 :
1775 5719 1794 5748 ι
1820 5701 1992 5779 Atque

428 5768 591 5850 alium
623 5770 937 5850 recordatus
963 5768 1232 5846 quondam
1260 5782 1421 5833 super
1448 5782 1656 5822 «mnam
1686 5774 1826 5834 quod
1857 5771 1990 5823 nihil

422 5840 676 5910 cuiquam
717 5846 832 5894 toto
861 5838 946 5894 die
990 5839 1359 5925 praestitisset,
1410 5838 1812 5894 memorabilem
1843 5840 1989 5894 illam

2099 5267 2436 5319 κατάστασιν
2474 5270 2787 5320 ἐπιτάττει·
2833 5271 2948 5321 ἴστε
2971 5269 3046 5333 ὡς
3081 5269 3202 5322 οὐτε
3235 5270 3471 5341 Χριστὸς
3489 5264 3652 5326 αὐτὸς,

2097 5357 2211 5414 οὗθ’
2267 5362 2296 5413 ό
2334 5363 2590 5423 ταπεινὸς
2654 5360 2900 5432 Ἰωάννης
2957 5360 3250 5432 ὑπηρετῶν
3301 5362 3476 5415 δεῖται
3523 5355 3653 5426 φιλο-

2103 5712 2341 5826 agique
2372 5697 2645 5759 laudatam
2680 5717 2864 5760 vocem
2899 5702 3104 5761 edidit:
3139 5703 3345 5772 Amici,
3374 5702 3515 5759 diem
3550 5712 3656 5771 pel-
