3832 6474
234 426 239 432 ’
262 469 372 533 905

1227 474 1405 536 VITA
1447 473 1504 535 s.
1543 456 1864 536 JOANNIS
1902 439 2541 548 ELEEMOSYNARII.

3400 496 3506 571 906

257 582 612 653 πραγμόνων.
666 581 729 635 ΕΙ
779 581 878 652 μὲν
925 582 1034 651 γὰρ
1066 583 1311 655 ἡμέτερα
1366 581 1435 655 ἦν
1464 585 1533 637 τά
1581 585 1821 657 διδόμενα

1939 591 1981 644 si
2016 604 2198 648 nostra
2229 595 2446 665 quidem
2479 611 2683 668 essent,
2712 618 2830 675 qum
2857 610 3075 678 dantur,
3104 620 3159 668 et
3182 627 3245 670 ea
3280 630 3309 670 a
3350 621 3507 677 nobis

257 674 352 727 καὶ
386 675 517 744 παρ’
563 673 721 745 ἡμῶν
749 673 922 726 ταῦτα
956 675 1329 743 εἰσενήνεκται
1362 678 1441 740 είς
1478 676 1568 729 τὸν
1607 679 1828 748 κόσμον,

258 766 386 828 ἴσως
415 765 482 818 ἂν
516 765 610 817 καὶ
670 764 965 836 συγγνώμη
1021 759 1106 829 τις
1152 762 1222 838 ἦν
1267 769 1346 838 τῷ
1396 770 1569 838 φειδοῖ
1623 770 1833 835 τούτοις

255 859 554 928 χρωμένην
588 861 636 912 εί
667 859 723 911 δὲ
753 858 846 913 τοῦ
874 858 1009 912 Θεοῦ
1055 860 1232 914 πάντα
1276 863 1638 932 τυγχάνουσιν
1677 864 1828 930 ὄντα,

252 951 314 1003 τὸ
342 950 508 1005 αὑτοῦ
535 954 867 1022 πρόσταγμα
888 953 1106 1018 πάντως
1129 956 1188 1008 ἐν
1220 958 1335 1020 τοῖς
1371 956 1539 1011 αὑτοῦ
1566 959 1830 1030 προσήκει

254 1044 651 1111 φυλάττεσθαι’
685 1048 734 1098 εί
762 1045 819 1099 δὲ
854 1047 1140 1116 καὶηφόϐος
1171 1049 1316 1120 ὑμᾶς
1351 1049 1593 1120 ὑπῆλθεν
1626 1052 1686 1117 ἐξ
1703 1054 1832 1106 άπι-

255 1133 429 1197 στίας,
454 1134 529 1198 ὠς
550 1135 624 1206 μή
659 1153 790 1188 ποτε
819 1136 881 1189 τὸ
898 1136 1007 1191 τῶν
1025 1138 1472 1210 ἀναλισκομένων
1505 1139 1711 1210 πλῆθος
1732 1142 1831 1205 τὰς

253 1225 714 1297 ὲκκλησιαστικάς
756 1229 1055 1298 προσόδους
1088 1230 1454 1302 ὑπερϐάλλον
1495 1230 1607 1302 ἐγὼ
1633 1252 1829 1289 κοινω-

252 1320 366 1370 νεῖν
396 1318 528 1389 ὑμῖν
556 1320 656 1389 τῆς
686 1319 1062 1390 όλιγοπιστίας
1110 1322 1314 1395 ταύτης
1365 1325 1487 1379 οὐδὲ
1527 1326 1709 1391 ποσῶς
1738 1328 1831 1382 ἀν-

251 1409 447 1477 έξομαι
471 1425 486 1440 ο
524 1411 829 1482 πέπεισμαι
856 1413 965 1483 γὰρ
988 1414 1070 1467 ὅτι
1104 1415 1210 1469 κᾶν
1238 1416 1329 1469 τὸν
1368 1416 1573 1487 κόσμον
1601 1419 1721 1472 ὅλον
1749 1420 1829 1483 είς

250 1497 350 1570 τὴν
387 1499 794 1573 Ἀλεξάνδρειαν
837 1506 895 1557 ὲν
936 1504 1120 1576 ταυτῷ
1155 1506 1369 1574 γένοιτο
1406 1507 1684 1564 συνελθεῖν
1732 1511 1829 1564 εὑ-

250 1591 435 1655 ποιίας
458 1593 710 1663 δεόμενον
727 1634 744 1661 ,
772 1594 974 1665 ἥκιστα
1007 1596 1073 1651 ἂν
1095 1598 1223 1662 τοὺς
1243 1598 1338 1652 τοῦ
1370 1599 1505 1653 Θεοῦ
1534 1600 1826 1656 ηστενώσειε

253 1685 586 1756 θησαυρούς.

325 1775 426 1831 ιΑι.
469 1777 558 1841 Ὠς
583 1778 640 1832 δὲ
665 1781 844 1835 πᾶσαν
863 1781 1045 1837 αὑτῶν
1068 1783 1325 1841 ἀπιστίαν
1359 1790 1606 1854 συνεταῖς
1626 1791 1827 1862 παραι-

142 1938 155 1953 ⁸
250 1870 434 1923 νὲσεσι
464 1870 812 1944 θεραπεύσας
839 1876 1114 1949 ἐξέπεμψε
1136 1917 1152 1942 ,
1181 1882 1294 1943 τοῖς
1336 1884 1827 1955 συγκαθεζομένοις

1938 682 2082 738 illata
2132 697 2315 742 essent
2368 690 2420 743 in
2473 694 2765 762 mundum;
2817 696 3048 758 fortasse
3097 704 3273 776 aliqua
3327 708 3506 768 danda

1934 785 2080 831 esset
2110 780 2266 860 venia
2299 780 2372 848 ei,
2399 783 2491 852 qui
2515 799 2679 855 parce
2708 789 2789 843 eis
2820 801 3084 851 uteretur.
3116 796 3175 853 Si
3197 810 3376 856 autem
3411 804 3504 860 Dei

1934 874 2059 920 sunt
2107 858 2289 924 omnia
2332 887 2449 940 quae
2497 883 2624 929 sunt
2665 876 2814 946 ejus,
2857 896 3077 939 servare
3123 898 3354 956 oportet;
3411 890 3505 947 Sin

1934 966 2114 1013 autem
2147 975 2241 1017 vos
2285 964 2456 1019 subiit
2497 967 2661 1023 timor
2701 984 2766 1024 ex
2814 971 3211 1047 incredulitate,
3258 995 3325 1037 ne
3364 980 3507 1039 forte

1933 1054 2227 1111 multitudo
2258 1057 2623 1128 impensarum
2648 1075 2867 1133 superet
2896 1069 3137 1127 redditus
3173 1075 3510 1133 ecclesiasti-

1933 1160 2047 1211 cos,
2079 1162 2179 1218 ego
2208 1165 2274 1205 ne
2304 1151 2572 1207 tantillum
2604 1155 2821 1224 quidem
2854 1161 3135 1219 sustinebo
3170 1179 3292 1222 esse
3324 1172 3507 1224 socius

1933 1248 2130 1294 vestrae
2167 1243 2389 1298 modicae
2417 1244 2561 1301 tidei.
2594 1246 2918 1305 Persuasum
2953 1254 3100 1313 enim
3135 1256 3332 1326 habeo,
3365 1262 3507 1329 quod

1932 1331 2145 1387 etiamsi
2184 1335 2522 1407 contingeret
2560 1339 2872 1398 universum
2907 1346 3165 1425 mundum
3203 1349 3390 1407 venire
3427 1353 3506 1408 si-

1933 1423 2041 1477 mul
2088 1424 2493 1494 Alexandriam,
2536 1442 2784 1500 egentem
2830 1423 3221 1508 beneﬁcentia,
3267 1441 3367 1500 bos
3414 1445 3507 1501 Dei

1932 1516 2219 1573 thesauros
2248 1535 2588 1592 nequaquam
2620 1524 2674 1578 in
2712 1538 2999 1597 angustum
3043 1534 3332 1607 redegerit.

2002 1768 2094 1839 XI.
2119 1786 2412 1858 Postquam
2445 1803 2626 1847 antem
2670 1806 2856 1849 eorum
2889 1792 3270 1851 incredulitate
3317 1798 3505 1853 adma”-

1934 1875 2230 1931 nitionibus
2270 1890 2496 1946 curata,
2534 1896 2629 1937 eos
2669 1885 2880 1951 emisit,
2916 1885 2983 1940 iis
3017 1888 3110 1956 qui
3147 1889 3505 1943 considebant

248 1964 344 2017 ἐπὶ
370 1963 446 2034 τῷ
477 1965 840 2039 μεγαλοδώρῳ
869 1969 967 2040 τῆς
994 1970 1159 2025 αὑτοῦ
1188 1963 1565 2045 προαιρέσεως
1592 1954 1821 2048 ἐκπλητ-

1932 1967 2243 2023 munilicum
2280 1970 2398 2037 ejus
2435 1973 2673 2028 animum
2714 1954 3086 2046 stupentibus,
3125 1979 3283 2034 talem
3319 1983 3503 2036 retulit

247 2055 520 2126 τομένοις,
569 2057 810 2113 τοιοῦτόν
857 2078 911 2114 τι
948 2062 1237 2119 ἀναλαϐὼν
1280 2065 1528 2137 ἐξηγεῖτο
1557 2067 1822 2140 διήγημα,

260 2149 438 2219 Ἐμοὶ,
474 2150 669 2218 λέγων,
706 2153 874 2206 πέντε
927 2155 1063 2226 πρὸς
1101 2159 1215 2220 τοῖς
1243 2156 1378 2211 δέκα
1408 2160 1616 2230 χρόνων
1651 2161 1827 2233 ὑπάρ-

250 2256 422 2308 χοντι,
476 2241 621 2294 κατὰ
653 2242 753 2313 τὴν
787 2243 1013 2316 Κύπρον
1063 2264 1124 2300 τε
1156 2247 1510 2317 διατρίϐοντι,
1557 2253 1688 2319 μιᾶς
1716 2253 1826 2306 τῶν

250 2328 486 2399 νυκτῶν,
543 2333 681 2404 κόρη
728 2353 811 2400 τις
858 2337 992 2408 ὄναρ
1043 2339 1429 2410 ὲπιφαίνεται’
1462 2343 1654 2405 κάλλος
1714 2341 1826 2398 οἷον

247 2420 490 2486 ἐξαίσιον
512 2426 605 2476 καί
621 2425 955 2498 ἀπόρρητον,
974 2428 1200 2484 ἔσταλτο
1223 2431 1279 2485 δὲ
1307 2431 1596 2504 λαμπρῶς,
1626 2434 1722 2488 καὶ
1748 2435 1826 2504 τῷ

245 2510 310 2577 ἐξ
339 2513 538 2568 ἐλαιῶν
572 2520 821 2590 στεφάνῳ
848 2520 948 2589 τὴν
980 2521 1226 2593 κεφαλὴν
1246 2524 1496 2578 ἕστεπτο.
1544 2526 1738 2593 Ἐγγὺς
1770 2526 1826 2579 δέ

250 2613 346 2670 μοι
380 2606 728 2672 παραστᾶσα,
752 2607 847 2660 καὶ
867 2611 932 2679 τῇ
970 2612 1113 2681 χειρὶ
1134 2612 1275 2664 κατὰ
1314 2612 1555 2684 πλευρὰν
1597 2614 1823 2680 νύξασα,

247 2693 551 2763 θροηθέντα
583 2714 651 2766 με
680 2697 951 2764 διυπνίζει
976 2713 989 2727 ·
1014 2701 1110 2755 καὶ
1133 2703 1293 2766 εὑθὺς
1320 2704 1504 2758 οὑκέτι
1541 2704 1826 2777 δναρ,όιλλ’

250 2782 403 2854 ῦπαρ
430 2780 499 2856 ἦν
523 2786 584 2839 τὸ
612 2788 937 2859 φαινόμενον
961 2807 975 2822 ’
998 2792 1092 2844 καὶ
1128 2791 1210 2856 τίς
1241 2792 1325 2862 εἴη
1367 2794 1583 2864 ἠρόμην
1628 2795 1820 2867 αὐτὴν,

246 2874 416 2935 πόΰεν
447 2899 506 2934 τε
535 2884 761 2954 παρείη,
798 2885 891 2938 καὶ
929 2887 1046 2948 πῶς
1075 2882 1334 2938 ὑπνοῦντί
1370 2902 1461 2956 μοι
1498 2885 1821 2959 τολμήσειεν

246 2972 522 3027 ἐπελθεῖν.
555 2974 617 3027 'll
649 2976 706 3028 δὲ
738 2976 1012 3045 μειδιῶντι
1054 2977 1146 3030 καὶ
1167 2976 1287 3048 ἡδεῖ
1314 2977 1589 3047 προσώπῳ
1641 2980 1825 3049 ἱλαρόν

245 3068 304 3114 τι
333 3063 429 3116 καὶ
450 3064 705 3134 γαλήνιον
747 3056 1017 3134 ἐνιδοῦσα,
1063 3068 1204 3137 Ἐγὼ
1267 3069 1458 3143 πρώτη
1507 3071 1616 3124 τῶν
1657 3071 1827 3139 θυγα-

244 3156 425 3229 τέρων
453 3157 544 3209 τοῦ
601 3157 836 3228 μεγάλου
865 3159 1162 3229 Βασιλέως,
1190 3162 1348 3233 φησί’
1403 3164 1504 3233 ἐμὲ
1536 3164 1698 3234 φίλην
1728 3165 1825 3216 αὑ·

241 3249 340 3312 τὸς
367 3250 416 3301 εί
447 3251 645 3321 κτήσῃ,
671 3251 1095 3319 προσοικειῶσαί
1126 3270 1184 3305 σε
1214 3253 1364 3325 αὑτῷ
1395 3253 1653 3325 δύναμαι·
1681 3256 1820 3324 ἐμοῦ

243 3335 361 3407 γάρ
389 3336 683 3392 οὑδενὶτῶν
707 3337 881 3394 ἄλλων
902 3342 1183 3413 παρρησία
1206 3342 1409 3399 πλείων
1435 3362 1520 3408 τις
1542 3346 1617 3409 ὡς
1639 3346 1822 3412 αὑτὸν,

243 3429 334 3482 ὅτι
366 3447 448 3483 τοι
472 3430 564 3483 καὶ
592 3431 870 3486 κατελθεῖν
915 3434 1078 3487 αὑτὸν
1127 3435 1420 3508 οὐρανόθεν
1462 3438 1542 3500 εἰς
1568 3438 1695 3508 γῆν,
1729 3439 1824 3491 καὶ

247 3522 432 3593 σάρκα
480 3524 664 3578 λαϐεῖν
702 3525 1091 3599 ἀνθρωπίνην,
1147 3526 1258 3597 ἐγὼ
1315 3530 1590 3600 πείσαιμι.
1639 3530 1823 3584 Ταῦτα

245 3612 395 3676 εἷπε,
431 3615 523 3669 καὶ
554 3615 716 3679 εὐθὺς
763 3615 1003 3671 ἀπιοῦσα
1034 3617 1229 3689 ᾤχετο.
1267 3620 1409 3688 Ἐγὼ
1430 3620 1486 3673 δὲ
1514 3624 1572 3676 ὲν
1603 3623 1825 3693 ἐμαυτῷ

242 3707 561 3777 γενόμενος,
590 3710 685 3763 καὶ
716 3710 777 3762 τὸ
795 3710 1099 3766 θεαθὲνότι
1120 3712 1205 3784 ετη
1236 3714 1482 3783 στρέφων
1512 3716 1661 3769 κατὰ.
1678 3718 1820 3782 νοῦν,

240 3798 346 3868 τὴν
381 3800 751 3873 ἐλεημοσύνην
781 3803 951 3872 αὐτὴν
1000 3801 1217 3874 ἔκρινον
1247 3801 1387 3859 εἶναι
1414 3820 1426 3833 ⁸
1478 3806 1587 3860 διὰ¹
1619 3809 1823 3880 ταύτης

243 3890 359 3960 γὰρ
386 3893 479 3944 καὶ
505 3892 637 3956 Θεὸς
672 3893 764 3946 ἐπὶ
811 3894 914 3966 γῆς
944 3894 1120 3948 ἐλθεῖν
1156 3895 1253 3950 xal.
1292 3897 1602 3967 ἀνθρώποις
1639 3899 1822 3970 ὅμοιος

241 3978 477 4050 ὀφθῆναι
507 3983 609 4035 οὑκ
630 3983 960 4052 ἀπηξίωσεν.
1215 4056 1225 4066 ,

324 4074 423 4128 13'.
453 4074 673 4140 Εὐθέως
695 4073 786 4130 οὖν
822 4079 1062 4143 ἀναστὰς
1085 4080 1175 4133 ἐπὶ
1207 4082 1305 4151 τὴν
1337 4083 1633 4155 ἐκκλησίαν
1664 4085 1821 4155 μόνος

243 4165 514 4232 ἐϐάδιζον
550 4166 746 4239 ὄρθρος
795 4168 904 4241 γὰρ
931 4170 1250 4241 ὑπηύγαζεν
1290 4173 1389 4245 ἤδη
1413 4189 1428 4205 ο
1455 4176 1548 4228 καὶ
1578 4178 1822 4230 συναντῶ

243 4259 442 4329 πένητι
465 4258 618 4330 ἀνδρὶ
651 4260 846 4331 γυμνῷ
883 4278 942 4313 τε
987 4261 1101 4316 ὄντι
1126 4265 1220 4316 καὶ
1258 4264 1336 4334 τῷ
1370 4265 1528 4337 κρύει
1578 4268 1822 4339 σφοδρῶς

242 4349 582 4419 πηγνυμένῳ
607 4364 621 4378 ο
652 4351 828 4422 τούτῳ
880 4351 1289 4422 ἀποδυσάμενος
1325 4353 1352 4406 ὃ
1378 4356 1820 4426 περιεϐεϐλήμην
1860 4366 1863 4371 ’

246 4441 467 4507 ἱμάτιον
497 4440 804 4511 ἐπιδίδωμι,
839 4442 974 4511 πρὸς
1001 4442 1234 4512 ἐμαυτὸν
1260 4442 1518 4514 εἰρηκὼς,
1548 4445 1620 4508 ὡς
1650 4447 1821 4515 Εἴπερ

241 4533 447 4602 ἀληθὲς
474 4532 563 4603 εἴη
594 4533 687 4592 καὶ
713 4531 788 4605 μὴ
812 4533 995 4604 ἀπάτη
1026 4534 1086 4586 τὸ
1114 4534 1326 4599 θεαθὶν,
1350 4535 1586 4605 εἴσομαι.
1616 4537 1820 4607 Πρότεο

1927 2055 2337 2124 narrationem,
2388 2057 2614 2117 dicens:
2665 2063 2826 2131 Mihi,
2855 2079 2976 2119 cum
3020 2083 3196 2123 essem
3231 2086 3301 2125 xv
3329 2086 3503 2127 annos

1926 2156 2108 2209 natus,
2141 2154 2197 2202 et
2233 2161 2485 2205 versarer
2521 2152 2574 2205 in
2612 2151 2821 2224 Cypro,
2859 2157 3091 2226 quadam
3135 2170 3295 2216 nocte
3326 2162 3503 2231 puella

1927 2237 2172 2304 quaedam
2203 2251 2429 2310 apparet
2459 2240 2513 2296 in
2536 2245 2742 2300 somnis
2771 2247 2969 2303 eximia
3000 2250 3423 2319 pulchritudine,
3448 2264 3503 2311 et

1928 2340 2049 2395 quae
2083 2327 2265 2387 verbis
2302 2345 2410 2386 non
2447 2342 2629 2401 potest
2655 2336 2923 2405 exprimi,
2952 2348 3073 2394 erat
3110 2352 3289 2397 autem
3320 2345 3503 2413 splen-
3554 2376 3557 2381 ·

1929 2417 2054 2472 dide
2082 2419 2303 2485 vestita,
2333 2431 2390 2477 et
2421 2422 2671 2493 oleagina
2700 2440 2901 2483 corona
2944 2438 3063 2485 erat
3095 2429 3144 2487 ei
3173 2444 3335 2503 caput
3365 2437 3503 2491 redis

1929 2507 2140 2564 mitam.
2173 2509 2309 2566 Cum
2338 2527 2466 2568 vero
2487 2529 2656 2585 prope
2683 2531 2770 2572 me
2790 2520 3059 2586 stetisset,
3094 2531 3148 2577 et
3173 2538 3335 2578 manu
3352 2525 3499 2598 latus

1928 2599 2265 2668 pupugisset,
2294 2617 2379 2657 me
2405 2604 2654 2659 territum
2683 2621 2713 2661 e
2738 2622 2930 2664 somno
2956 2612 3179 2673 excitat,
3211 2616 3502 2685 statimque

1930 2705 2033 2743 non
2075 2691 2309 2760 amplius
2348 2708 2630 2761 somnum,
2667 2697 2763 2752 sed
2792 2713 2851 2753 re
2881 2715 3009 2755 vera
3046 2704 3232 2759 aderat
3266 2706 3316 2760 id
3354 2710 3497 2776 quod

1927 2780 2242 2848 apparebat.
2289 2781 2490 2852 Rogavi
2530 2794 2707 2840 autem
2761 2802 2917 2855 eam,
2961 2804 3207 2859 quaenam
3253 2807 3397 2851 esset
3443 2810 3499 2851 et

1929 2872 2071 2926 unde
2106 2872 2342 2938 veniret,
2382 2883 2437 2929 et
2484 2878 2755 2945 quomodo
2796 2894 2924 2936 ausa
2953 2893 3098 2938 esset
3135 2886 3394 2943 accedere
3429 2894 3497 2943 ad

1929 2980 2013 3019 me
2043 2966 2424 3023 dormientem.
2456 2968 2547 3023 Illa
2575 2982 2753 3027 autem
2780 2972 3081 3030 subridenti
3112 2988 3168 3032 et
3197 2978 3318 3035 laeto
3348 2983 3495 3036 vultu

1928 3072 2013 3110 me
2035 3057 2280 3114 hilariter
2307 3070 2363 3116 et
2395 3062 2604 3131 placide
2625 3064 2878 3121 intuens:
2912 3066 3066 3135 Sum,
3101 3069 3298 3142 inquit,
3326 3073 3501 3143 prima

1927 3164 1991 3203 ex
2022 3150 2236 3207 filiabus
2258 3155 2440 3225 magni
2474 3155 2657 3226 Regis.
2686 3157 2743 3213 Si
2769 3167 2822 3212 tu
2859 3175 2945 3215 me
2970 3162 3062 3217 tibi
3091 3165 3319 3221 amicam
3349 3183 3502 3238 para-

1931 3240 2102 3308 veris,
2143 3255 2335 3313 potero
2375 3256 2426 3301 te
2457 3248 2505 3302 ei
2546 3248 2764 3306 efficere
2798 3251 3142 3310 familiarem.
3175 3255 3315 3311 Nulli
3353 3259 3497 3314 enim

1928 3331 2101 3398 major
2128 3342 2210 3388 est
2246 3338 2386 3403 apud
2413 3352 2559 3404 eum,
2593 3355 2754 3410 quam
2780 3343 2938 3408 mihi,
2970 3344 3161 3401 fiducia
3188 3365 3204 3401 :
3237 3352 3495 3420 quoniam

1925 3424 1997 3491 ei,
2028 3433 2087 3480 ut
2107 3441 2138 3481 e
2160 3427 2299 3483 caelo
2323 3429 2673 3488 descenderet
2700 3435 2753 3489 in
2784 3445 3007 3503 terram,
3037 3454 3088 3494 et
3119 3455 3339 3498 carnem
3360 3445 3499 3501 aecis

1924 3528 2077 3584 pcret
2107 3520 2425 3588 humanam,
2453 3539 2554 3595 ego
2582 3529 2848 3594 persuasi.
2880 3528 3003 3586 ll:ec
3030 3533 3194 3600 dixit,
3224 3545 3278 3589 et
3307 3540 3493 3593 statim

1926 3613 2170 3667 recessit.
2196 3612 2307 3683 Ego
2338 3631 2466 3670 vero
2490 3633 2610 3672 cum
2644 3622 2711 3675 ad
2747 3636 2833 3674 me
2864 3622 3164 3691 rediissem,
3191 3637 3245 3682 et
3272 3629 3322 3683 id
3351 3635 3493 3699 quod

1925 3704 2096 3757 visum
2126 3704 2321 3771 fuerat,
2352 3720 2533 3764 mente
2565 3724 2860 3778 versaretn,
2885 3714 3190 3791 iudicabam
3226 3735 3344 3774 eam
3374 3738 3496 3779 esse

1928 3794 2372 3850 misericordiam.
2399 3797 2627 3869 Propter
2654 3818 2772 3858 eam
2797 3804 2942 3859 enim
2968 3815 3025 3862 et
3048 3808 3190 3864 Deus
3214 3810 3264 3865 in
3294 3820 3492 3867 terram

1925 3887 2129 3951 venire,
2159 3896 2219 3964 et
2251 3889 2560 3955 hominibus
2582 3893 2781 3985 similis
2816 3899 3057 3968 conspici
3089 3915 3193 3956 non
3228 3912 3314 3958 est
3343 3906 3494 3960 dedi-

1922 3986 2137 4046 gnatus.

1997 4090 2110 4146 ΧΠ.
2137 4093 2332 4148 Statim
2366 4110 2496 4165 ergo
2529 4110 2756 4168 surgens
2791 4099 2860 4156 it'i
2887 4102 3035 4160 solus
3071 4106 3136 4161 ad
3170 4105 3450 4166 ecclesiam
3479 4128 3491 4164 :

1927 4198 2083 4237 mane.
2122 4186 2265 4238 enim
2308 4186 2422 4256 jam
2468 4188 2865 4247 illucescebat:
2915 4204 2969 4250 et
3011 4194 3079 4250 lio
3104 4200 3336 4255 .obviam
3373 4202 3495 4258 'viro

1924 4277 2168 4346 pauperi,
2201 4278 2292 4348 qui
2321 4288 2439 4333 erat
2463 4282 2639 4336 nudus
2661 4292 2713 4338 et
2734 4285 2889 4340 valde
2909 4287 3250 4360 alﬂigebatur
3268 4292 3491 4364 frigore.

1924 4368 2004 4432 Ei,
2038 4384 2158 4423 cum
2189 4385 2276 4425 me
2306 4372 2575 4427 exuissem
2610 4389 2671 4429 ea
2709 4386 2890 4444 veste,
2933 4394 3038 4449 qua
3072 4396 3221 4438 eram
3251 4385 3489 4452 indutus,

1925 4458 2099 4525 trado,
2129 4463 2267 4529 apud
2300 4477 2385 4516 me
2412 4465 2599 4519 dicens
2623 4483 2637 4519 :
2668 4466 2873 4536 Sciam,
2899 4486 2966 4526 an
2994 4473 3068 4527 sit
3093 4490 3280 4530 .verum
3305 4487 3359 4535 et
3384 4495 3489 4535 nOn

1921 4550 2167 4617 deceptio
2197 4552 2249 4605 id
2267 4555 2409 4622 quod
2441 4570 2468 4607 a
2502 4566 2586 4610 me
2608 4558 2776 4613 visum
2806 4570 2910 4616 est.
2932 4562 2999 4618 Et
3026 4565 3178 4633 prius
3209 4582 3368 4637 quam
3402 4587 3491 4626 vc-

245 4642 344 4695 ρον
371 4621 464 4679 οῦν
493 4626 526 4695 ἦ
561 4624 658 4695 τὴν
684 4625 981 4696 ἐκκλησίαν
1012 4627 1339 4680 καταλαδείν
1380 4627 1691 4696 προσελθών
1726 4627 1816 4697 μοί

1928 4642 2120 4695 uissem
2149 4643 2201 4696 in
2255 4644 2573 4712 ecclesiam,
2606 4653 2672 4704 ad
2709 4666 2794 4707 me
2841 4657 3107 4711 accedens
3141 4659 3223 4712 vir
3270 4661 3486 4730 quidam

239 4733 328 4778 τις
362 4719 500 4787 ἀνὴρ
546 4716 719 4771 λευκὰ
761 4716 1249 4790 περιϐεϐλημένος,
1287 4718 1563 4773 ἐπιδίδωσι
1590 4720 1815 4790 χρυσίου

243 4808 555 4878 ἀπόδεσμον
585 4808 780 4863 ἑκατὸν
837 4810 1223 4879 νομισμάτων,
1260 4810 1445 4895 Δέξαι,
1481 4811 1814 4882 προσειπὼν,

243 4902 391 4970 φίλε,
424 4902 616 4958 ταῦτα.
656 4904 811 4975 Ἐμοὶ
848 4905 904 4958 δὲ
958 4906 1135 4958 καίτοι
1192 4906 1446 4975 ἁσμένως
1489 4906 1627 4959 αὑτά
1663 4906 1817 4970 δεξα-

246 4995 398 5062 μένῳ
456 4995 755 5064 μετέμελεν
796 4995 973 5062 αὖθις,
1013 4998 1105 5049 καὶ
1144 4996 1204 5049 τὸ
1254 4998 1416 5067 τάχος
1465 4999 1818 5067 ἐπιστραφεὶς

241 5085 541 5139 ἀποδοῦναι
577 5086 656 5157 τῷ
693 5086 947 5139 δεδωκότι
978 5087 1039 5140 τὸ
1076 5088 1295 5159 χρυσίον
1333 5089 1674 5161 διενοούμην,
1721 5093 1815 5144 ἅτε

246 5177 418 5245 μηδὲν
446 5178 699 5249 δεόμενος
735 5193 749 5207 ⁸
785 5178 878 5231 καὶ
906 5180 935 5231 ό
983 5178 1233 5244 δεδωκὼς
1266 5180 1425 5244 eoos;
1482 5182 1694 5252 ἀφανὴς
1724 5179 1812 5253 ἦν.

242 5268 381 5320 ἰ’ότε
433 5271 671 5339 συνῆκα,
725 5270 801 5341 μὴ
843 5270 1144 5340 φαντασίαν
1198 5267 1337 5324 εἶναι
1390 5270 1486 5341 τὴν
1525 5271 1812 5337 ὀπτασίαν,

239 5361 380 5414 ἀλλὰ
407 5361 575 5433 δήλην
635 5363 916 5435 ἀλήθειαν.
963 5362 1052 5431 Ἐξ
1103 5364 1310 5419 ἐκείνου
1364 5365 1545 5418 τοίνυν
1594 5366 1812 5418 ἐπειδάν

237 5456 348 5507 τινί
385 5472 439 5509 τι
464 5459 748 5528 παρεῖχον,
791 5457 1009 5528 Ἴδοιμι,
1048 5458 1257 5526 ἔλεγον,
1300 5458 1415 5526 εἴγε
1437 5458 1501 5529 δὴ
1556 5459 1697 5513 κατὰ
1715 5460 1813 5527 τὴ)

243 5547 540 5620 ὑπόσχεσιν
567 5550 1100 5605 ἑκατονταπλασίονα
1155 5568 1247 5620 μοι
1284 5552 1733 5622 ἁντιμετρήσειεν
1786 5554 1813 5604 ό

240 5641 510 5710 Χριστός·
536 5642 611 5707 ὡς
629 5644 684 5695 δὲ
709 5644 967 5714 μυριάκις
993 5642 1135 5697 οὑτω
1162 5643 1330 5696 ποιῶν
1350 5644 1533 5705 αὐτοῖς
1563 5645 1813 5695 ἐπιστούρ

244 5750 354 5802 μην
386 5733 587 5803 ἔργοις,
614 5736 850 5801 Παῦσαι,
881 5737 1017 5806 πρὸς
1043 5735 1296 5805 ἐμαυτὸν,
1321 5734 1475 5805 ἔφην,
1510 5734 1638 5806 ἄχρι
1668 5736 1810 5798 τίνος

240 5823 335 5876 τὸν
389 5826 716 5895 ἁπείραστον
775 5827 1160 5897 ἐκπειράσειςς
1219 5826 1496 5890 Τοσαύτας
1558 5828 1807 5898 ἐναργεῖς

243 5915 381 5987 ἐμοῦ
434 5918 536 5980 τὰς
579 5918 789 5979 πίστεις
816 5918 1141 5989 δεξαμένου,
1190 5921 1237 5971 οἱ
1265 5919 1586 5991 μικρόψυχοι
1638 5917 1802 5983 οὗτοι,

487 6014 760 6073 ΡΑτιιοι..
795 6013 913 6072 Gn.
945 6013 1141 6073 CXIV.

1919 4734 2238 4792 candidatus
2259 4739 2420 4793 tradit
2449 4740 2580 4795 mihi
2603 4743 2720 4797 auri
2741 4744 3054 4802 iasciculum
3083 4764 3097 4803 :
3127 4748 3250 4807 Haec
3280 4756 3486 4826 accipe,

1919 4827 2128 4892 dicens,
2150 4843 2181 4881 ο
2211 4830 2401 4884 amice.
2427 4827 2538 4899 Ego
2560 4844 2737 4888 autem
2774 4837 2873 4891 etsi
2919 4837 3046 4893 illud
3083 4841 3313 4900 libenter
3334 4863 3487 4904 accc-

1918 4919 2153 4988 pissem,
2195 4921 2387 4977 ductus
2428 4939 2545 4978 sum
2601 4927 2945 4995 paenitentia,
2984 4941 3036 4986 et
3087 4941 3482 5009 quamprimum

1917 5024 2231 5075 conversus,
2264 5013 2566 5083 cogitabam
2600 5018 2652 5071 id
2690 5021 2912 5077 reddere
2938 5023 2987 5078 ei
3017 5027 3107 5095 qui
3137 5027 3387 5098 dederat,
3427 5046 3487 5088 ut

1918 5106 2008 5172 qui
2043 5120 2147 5159 non
2177 5106 2494 5174 indigerem.
2532 5107 2579 5163 ls
2612 5120 2792 5166 autem
2824 5115 2914 5183 qui
2956 5115 3196 5181 dederat;
3240 5124 3484 5191 pro-tinus

1889 5206 2230 5265 ‘evauuerat.
2268 5196 2420 5253 Tune
2444 5199 2681 5256 intellexi
2715 5204 2975 5261 visionem
3016 5225 3123 5265 non
3159 5227 3280 5269 esse
3308 5224 3483 5285 phan—

1918 5287 2134 5351 tasiam,
2156 5289 2250 5341 sed
2281 5298 2520 5354 apertam
2549 5291 2835 5348 visionem.
2864 5295 2945 5351 Ah
2971 5297 3061 5354 illo
3089 5308 3331 5371 tempore
3358 5322 3481 5359 cum

1916 5380 2118 5448 aliquid
2162 5378 2305 5433 aliud
2347 5381 2732 5449 praebuissem,
2790 5385 3045 5454 Videam,
3092 5393 3374 5460 dicebam,
3414 5415 3480 5450 an

1916 5462 2299 5525 convenienter
2342 5474 2686 5540 promissioni
2723 5478 2796 5532 sit
2838 5481 2967 5533 mihi
3005 5482 3254 5539 Christus
3289 5500 3481 5540 (τιοηῑιι-

1916 5559 2058 5627 plum
2104 5561 2429 5619 redditurus.
2481 5564 2613 5619 Cur:
2659 5579 2841 5621 autem
2887 5572 3077 5626 millies
3128 5576 3209 5628 sic
3256 5576 3479 5645 faciens,

1916 5649 2045 5717 ipsis
2085 5648 2241 5703 factis
2277 5667 2386 5704 rem
2426 5652 2497 5706 ita
2529 5671 2650 5711 esse
2673 5672 2845 5713 essem
2871 5671 3156 5728 expertus,
3203 5664 3309 5716 dixi
3341 5669 3478 5732 apud

1915 5756 2037 5795 me:
2074 5741 2273 5809 Cessa;
2299 5759 2579 5816 quousque
2613 5751 2843 5806 tentahis
2867 5767 3012 5814 eum,
3044 5754 3133 5822 qui
3169 5769 3270 5807 non
3303 5767 3482 5825 potest

1914 5832 2150 5887 tentari?
2178 5835 2311 5888 Cum
2341 5851 2462 5907 ego,
2493 5840 2684 5910 inquit,
2718 5853 2821 5895 tam
2853 5845 3123 5898 evidentia
3149 5850 3475 5916 accepissem

1914 5935 2255 5998 argumenta,
2282 5929 2394 5995 isti,
2421 5932 2511 6001 qui
2536 5946 2659 5989 sunt
2682 5937 2883 5991 sordidi
2905 5948 2959 5992 et
2989 5938 3298 6008 illiberales,
3325 5958 3479 6000 veno-

3113 6031 3187 6092 29
