3832 6480
394 400 500 467 907

1617 385 1776 449 ΜΕΝ
1781 387 1895 448 SIS
1932 386 2386 449 JANUAIIIUS.

3517 382 3610 447 9l8

393 522 517 569 runt
559 516 615 565 ut
646 523 729 563 me
756 505 1059 576 arriperent
1092 512 1143 558 et
1190 500 1471 557 eflicerent
1502 487 1707 555 socium
1739 514 1849 555 sua:
1874 500 1957 553 tn-

2068 499 2216 571 φησὶ,
2257 499 2496 568 τήμερον
2546 490 2710 566 ἦλθον
2757 494 3102 569 συναρπάσαι
3149 510 3212 548 τε
3244 492 3336 547 καὶ
3373 498 3608 550 κοινωνὸν

394 601 687 669 ﬁdelitatis,
714 607 769 655 et
802 613 886 653 me
910 593 1258 651 vocarentad
1288 590 1820 648 itnmisertcordiun.

461 781 597 837 XIII.
624 781 790 851 tlujus
819 777 1107 834 maximam
1140 773 1675 844 henignitatemcum
1710 771 1960 827 conside-

394 880 569 926 rasset
599 871 816 940 quidam
849 869 1055 923 advena
1076 906 1090 929 ,
1137 864 1390 934 cogitavit
1427 879 1550 917 cum
1583 872 1825 926 tentare,
1867 862 1957 932 qui

391 972 508 1017 erat
537 960 784 1031 superior
818 959 965 1014 omni
999 956 1313 1013 tentatione.
1351 954 1485 1008 Cum
1518 969 1575 1007 se
1603 968 1733 1023 ergo
1773 952 1962 1019 panni-

390 1055 527 1111 culis
558 1054 841 1116 induisset,
873 1048 1084 1106 accedit
1109 1048 1177 1102 ad
1212 1061 1333 1101 eum
1364 1056 1581 1100 euntem
1609 1047 1675 1099 ad
1704 1043 1961 1099 visendos

391 1161 485 1202 cos
507 1144 599 1216 qui
629 1157 783 1199 erant
812 1144 862 1196 in
894 1138 1209 1195 nosocomio
1232 1136 1462 1209 (solebat
1491 1137 1631 1191 enim
1678 1136 1780 1191 hoc
1803 1136 1886 1191 bis
1908 1145 1963 1189 et

393 1250 474 1292 ter
509 1236 686 1291 facere
712 1234 763 1289 in
801 1230 1154 1301 hebdomade)
1183 1239 1236 1286 et
1269 1230 1443 1285 verbis
1473 1229 1823 1299 lugubribus:
1858 1228 1963 1281 Mi-

391 1344 573 1384 serere
605 1326 707 1381 mei
731 1368 747 1393 ,
780 1325 977 1396 inquit,
1022 1325 1270 1388 domine,
1298 1321 1389 1392 qui
1420 1336 1541 1377 sum
1572 1320 1840 1390 captivus.
1872 1319 1963 1374 Ille

392 1431 573 1476 autem
606 1418 763 1489 jubet
797 1416 1135 1473 distributori
1177 1414 1309 1470 dare
1347 1414 1396 1468 ei
1429 1427 1525 1468 sex
1566 1426 1838 1467 nummos.
1870 1410 1962 1466 Ille

391 1528 520 1568 vero
548 1512 615 1567 iis
647 1510 884 1579 acceptis
915 1516 969 1563 et
1006 1515 1210 1561 mutato
1242 1504 1459 1567 habitu,
1498 1517 1593 1560 uer
1621 1503 1783 1558 aliam
1819 1503 1961 1556 viam

390 1603 597 1659 accedit
646 1614 837 1655 rursus
884 1597 1133 1653 similiter
1183 1609 1400 1666 rogans.
1443 1593 1638 1648 Beatus
1682 1601 1861 1648 autem
1911 1590 1961 1646 ei

393 1708 578 1749 rursus
611 1691 764 1763 jubet
792 1689 905 1744 dari
940 1702 1034 1743 sex
1067 1701 1335 1743 nummos.
1388 1686 1465 1740 Ad
1494 1698 1745 1755 magnum
1779 1694 1960 1737 autem

390 1787 564 1841 virum
596 1782 861 1839 accedens
890 1781 957 1844 is,
990 1780 1079 1848 qui
1115 1778 1301 1843 dabat,
1335 1776 1409 1831 illi
1441 1777 1496 1830 in
1532 1788 1720 1830 aurem
1750 1773 1959 1843 signiﬁ-

2061 590 2161 659 τῆς
2192 591 2373 644 αὐτῶν
2399 590 2660 655 ἀπιστίας
2711 589 2902 655 δεῖξαι,
2938 588 3032 643 καὶ
3080 586 3213 660 πρὸς
3254 586 3609 659 ἀσπλαγχνίαν

2065 700 2129 753 με
2166 682 2585 736 ἐκκαλέσασθαι.

2132 779 2231 833 IP.
2262 777 2463 831 Τούτου
2496 777 2595 849 τὴν
2616 775 2820 847 πολλὴν
2852 775 3194 845 χρηστότητα
3215 773 3322 826 τῶν
3347 772 3611 844 ἐπηλύῖων

2063 886 2144 932 τις
2175 868 2508 939 κατανοῆσαι
2542 866 3066 939 πειράσαςδιενοήοη
3104 865 3195 917 τὸν
3238 865 3416 935 πάσης
3435 866 3611 933 πείρας

2064 962 2359 1032 ἀνώτερον.
2412 960 2608 1013 Ῥάκια
2637 959 2819 1012 τοίνυν
2857 956 3308 1028 ἀμφιασάμενος,
3350 957 3611 1027 πρόσεισιν

2063 1051 2211 1121 αὐτῷ
2253 1052 2532 1122 προσιόντι
2583 1049 2979 1119 ἐπισκέψασθαι
3010 1049 3136 1111 τοὺς
3171 1050 3229 1101 ἐν
3286 1048 3364 1118 τῷ
3415 1066 3613 1102 νοσοκο-

2067 1144 2201 1215 μείῳ
2240 1144 2465 1215 (εἴθιστο
2487 1127 2594 1215 γάρ
2637 1141 2785 1213 αὐτῷ
2812 1141 2895 1205 δίς
2920 1142 3012 1194 καὶ
3040 1141 3159 1210 τρὶς
3181 1141 3339 1193 τοῦτο
3362 1140 3456 1207 τῆς
3485 1141 3617 1194 ἐϐδο-

2066 1237 2228 1307 μάῖος
2252 1236 2468 1308 ποιεῖν),
2496 1238 2587 1288 καὶ
2614 1238 2820 1307 ῥήμασι
2849 1236 3081 1307 γοεροῖςο,
3100 1225 3255 1304 Ἐλέη
3268 1234 3350 1286 τόν
3380 1251 3445 1303 με
3490 1234 3617 1288 οὕτω

2066 1327 2221 1395 φησι,
2254 1327 2513 1394 δέσποτα,
2546 1328 2638 1380 τον
2664 1315 3032 1397 αἰχμάλωτον.
3076 1322 3137 1378 '0
3177 1325 3234 1378 δὲ
3266 1325 3343 1394 τῷ
3368 1325 3613 1397 διανομεῖ,

2063 1418 2121 1485 ἒξ
2147 1419 2296 1490 αὐτῷ
2345 1416 2655 1490 νομίσματα
2703 1420 2883 1474 δοῦναι
2933 1419 3143 1474 κελεύει
3169 1434 3184 1451 ο
3217 1420 3312 1472 καὶ
3360 1411 3419 1483 ὃς
3458 1419 3616 1474 ταῦτα

2063 1509 2242 1564 λαϐὼν
2279 1510 2373 1563 καὶ
2421 1509 2659 1579 ἀμείψας
2702 1509 2761 1562 τὸ
2809 1508 3015 1580 σχῆμα,
3056 1510 3307 1580 πρόσεισι
3361 1507 3431 1561 δι’
3468 1509 3617 1579 ἄλλης

2063 1599 2225 1653 πάλιν
2258 1598 2458 1669 ὁμοίως
2481 1598 2751 1669 δεόμενος.
2791 1597 2850 1653 '0
2884 1598 3066 1653 τοίνυν
3105 1598 3377 1670 μακάριος
3404 1597 3463 1662 ἓξ
3487 1598 3619 1667 αὐτῷ

2063 1690 2157 1743 καὶ
2176 1688 2332 1755 αὖθις
2356 1690 2670 1762 νομίσματα
2698 1692 2984 1764 ἐπιτρέπει
3023 1692 3264 1763 δοθῆναι.
3302 1691 3552 1759 Ἑγγίσας
3569 1692 3617 1744 δὲ

2063 1781 2142 1853 τῷ
2174 1781 2397 1853 μεγάλῳ
2426 1782 2564 1853 πρὸς
2606 1781 2667 1836 τὸ
2695 1778 2787 1847 οὖς
2816 1783 2844 1836 6
2862 1782 3059 1850 διδοὺς,
3084 1782 3276 1837 τοῦτον
3307 1781 3469 1837 αὑτὸν
3494 1776 3618 1834 εἶναι

389 1889 477 1935 cat
508 1893 630 1933 eum
674 1887 829 1939 esse,
865 1875 955 1942 qui
986 1870 1144 1941 paulo
1176 1878 1301 1923 ante
1342 1868 1478 1923 alios
1513 1881 1609 1922 sex
1649 1874 1955 1934 acceperat.

2068 1871 2152 1926 τὸν
2189 1872 2285 1926 καὶ
2302 1874 2408 1945 πρὸ
2436 1872 2666 1944 βραχέος
2696 1874 2765 1928 τά
2788 1874 2954 1946 ἕτερα
2983 1875 3042 1942 ἒξ
3070 1875 3335 1944 εἰληφότα
3357 1874 3617 1947 γνωρίζει.

388 1972 523 2027 Cum
556 1984 683 2024 vero
713 1967 979 2023 simulans
1012 1965 1174 2019 tertio
1213 1977 1405 2017 rursus
1434 1961 1676 2015 venisset
1714 1958 1783 2013 ad
1819 1959 1963 2014 acci-

389 2063 674 2133 piendum,
724 2058 1048 2115 distributor
1092 2055 1269 2109 innuit
1320 2050 1678 2122 patriarchae,
1710 2051 1960 2106 eumdem

389 2169 512 2210 esse
553 2167 742 2206 rursus
779 2147 1108 2218 signiﬁcans.
1150 2143 1243 2199 Ille
1274 2153 1453 2199 autem
1487 2144 1620 2198 illud
1645 2141 1961 2214 praeclarum

391 2260 581 2302 rursus
621 2244 752 2299 dicit
781 2251 838 2295 et
874 2240 1018 2301 facit,
1063 2246 1122 2291 ut
1161 2237 1251 2306 qui
1296 2236 1538 2291 dixerit:
1573 2236 1651 2291 Da
1688 2235 1736 2290 ei
1764 2234 1965 2291 duode-

392 2336 496 2389 cim
526 2345 774 2386 Illlmtllos
800 2347 815 2395 ;
849 2344 971 2383 nam
1004 2326 1093 2382 ille
1122 2327 1237 2395 ipse
1268 2334 1350 2381 est
1382 2324 1644 2380 Dominus
1669 2338 1841 2390 meus,
1869 2325 1962 2395 qui

392 2431 700 2485 metentat.
727 2418 851 2474 'Sed
893 2419 1009 2474 haec
1037 2417 1252 2487 quidem
1291 2415 1392 2471 sic.
1424 2413 1613 2470 Oratio
1641 2425 1818 2471 autem
1848 2414 1960 2470 vult

390 2517 554 2593 etiam
598 2513 703 2568 alia
768 2511 995 2582 plurima
1050 2519 1323 2573 tractare,
1369 2506 1729 2577 signiﬁcantia
1782 2507 1958 2579 qualis

389 2618 533 2666 esset
554 2609 637 2663 vir
665 2605 756 2662 ille
779 2618 1025 2661 summus
1054 2602 1198 2658 circa
1231 2600 1636 2671 benignitatem.

2071 1963 2171 2028 Ὠς
2201 1965 2259 2020 δὲ
2290 1966 2722 2039 ὑποκρινάμενος
2751 1970 2816 2022 ὲκ
2853 1968 3042 2040 τρίτου
3069 1969 3230 2023 πάλιν
3254 1967 3397 2022 ἔλθοι
3427 1968 3616 2031 λαϐεῖν,

2058 2058 2086 2109 6
2106 2056 2397 2127 διανομεὺς
2428 2058 2612 2112 νύττει
2657 2059 2748 2113 τὸν
2776 2059 3144 2131 πατριάρχην,
3174 2059 3265 2113 τὸν
3304 2058 3465 2113 αύτδν
3493 2054 3619 2112 εἶναι

2059 2150 2340 2220 σημαίνων
2360 2166 2373 2180 ·
2406 2151 2500 2205 καὶ
2548 2151 2607 2215 ὃς
2626 2151 2686 2205 τδ
2718 2151 2963 2223 ἀοίδιμον
3008 2153 3180 2208 έκεῖνο
3208 2152 3303 2205 καὶ
3337 2150 3618 2222 φθέγγεται

2060 2242 2344 2307 καί’ποιεῖ,
2405 2242 2625 2299 Δώδεκα
2655 2243 2745 2309 δὸς
2799 2244 2947 2316 αὐτῷ
2978 2244 3313 2316 νομίσματα,
3370 2242 3613 2315 εἰρηκὼς,

2062 2334 2136 2405 μή
2166 2351 2295 2388 ποτε
2333 2336 2429 2389 καὶ
2460 2334 2623 2400 αὐτὸς
2664 2336 2875 2401 ἐκεῖνος
2904 2336 2934 2388 6
2990 2334 3194 2407 Κύριός
3236 2334 3342 2405 μοῦ
3393 2335 3508 2388 ἐστι
3539 2335 3621 2387 καὶ

2068 2424 2303 2496 πειράζῃ
2335 2441 2425 2495 με.
2465 2424 2629 2480 Ἀλλά
2670 2425 2844 2480 ταῦτα
2874 2426 2975 2497 μὲν
2996 2418 3121 2482 ὧδε.
3166 2425 3228 2479 ’0
3254 2424 3417 2494 λόγος
3451 2423 3507 2478 δι
3539 2424 3621 2477 καὶ

2065 2513 2228 2585 ἓτερα
2251 2516 2472 2571 πλεῖστα
2492 2516 2765 2572 διαλαϐεῖν
2793 2516 3064 2589 βούλεται,
3083 2513 3193 2582 οἷος
3216 2513 3287 2589 ἦν
3317 2518 3485 2590 άκρος
3510 2518 3622 2587 περὶ

2071 2607 2129 2659 τὸ
2160 2606 2540 2679 φιλάνθρωπον
2569 2612 2595 2663 6
2631 2611 2803 2681 μέγας
2838 2610 3121 2682 δηλοῦντα.

1868 2743 2098 2802 CAPLT
2140 2745 2225 2801 111.

1414 2864 1730 2919 Snbrenlum
1763 2864 1981 2932 pauperi
2020 2869 2332 2932 mercatori,
2365 2879 2410 2922 el
2444 2868 2623 2923 nobili.

463 2980 603 3038 XIV.
632 2979 895 3037 Mercator
925 2979 1004 3050 (9)
1038 2979 1256 3049 quidam
1293 2978 1578 3048 possidens
1609 2990 1798 3029 navem
1838 2990 1959 3044 pro-
1990 2986 2034 3044 ο

390 3077 586 3149 priam,
627 3090 748 3130 cum
798 3072 847 3129 ei
899 3070 1277 3127 infelicissimo
1331 3069 1589 3124 cessisset
1634 3075 1964 3130 mercatura,

390 3169 538 3241 gravi
578 3164 923 3237 premebatur
962 3163 1167 3232 inopia.
1204 3161 1265 3216 Ei
1303 3176 1453 3232 ergo,
1499 3176 1618 3215 eum
1647 3160 1966 3215 accessisset

391 3275 446 3314 et
479 3258 727 3329 petiisset
756 3252 957 3324 aliquid
1003 3252 1221 3319 auxilii,
1263 3250 1630 3319 beatusjnhet
1663 3250 1778 3305 dari
1806 3252 1968 3321 quin-

391 3365 496 3420 que
526 3350 691 3403 libras
728 3347 865 3401 auri.
895 3345 1043 3412 Quas
1071 3344 1287 3415 quidem
1321 3359 1443 3399 cum
1472 3345 1794 3414 accepisset,
1821 3354 1875 3397 et
1900 3358 1964 3397 ea

392 3442 587 3513 quibus
635 3453 769 3510 opus
819 3438 1054 3494 habebat
1103 3449 1248 3493 esset
1299 3446 1606 3501 mercatus,
1667 3436 1967 3507 navigavit:

392 3534 682 3603 Postquam
729 3540 907 3588 autem
947 3529 1049 3586 fuit
1094 3529 1238 3586 circa
1284 3529 1529 3596 Pharon,
1581 3528 1629 3583 vi
1677 3538 1964 3583 ventorum

394 3637 644 3691 vexatus,
663 3625 865 3678 amittit
895 3623 1110 3693 quidem
1134 3637 1215 3686 ea,
1247 3637 1364 3691 qua:
1393 3622 1660 3688 vehebat;
1689 3621 1962 3692 navigium

395 3733 522 3772 vero
554 3718 727 3772 solum
758 3726 939 3770 servat
970 3730 1218 3769 vacuum.
1262 3715 1486 3769 Accedit
1517 3729 1647 3784 ergo
1682 3728 1869 3768 rursus
1899 3716 1963 3768 ad

397 3808 758 3879 patriarcham
798 3805 959 3861 simu1
990 3805 1211 3874 quidem
1243 3802 1453 3872 tragice
1488 3801 1689 3859 deﬂens
1725 3802 1778 3857 id
1819 3803 1962 3871 quod

395 3900 690 3963 acciderat,
714 3907 910 3952 etcum
938 3898 1003 3952 ad
1030 3893 1293 3973 majorem.
1312 3909 1511 3949 vocans
1535 3894 1966 3951 commiseratio-

398 4005 543 4046 nem.
575 3989 667 4045 Ille
698 3999 875 4044 autem
901 4004 1022 4044 cum
1053 3987 1329 4053 andiisset,
1371 3987 1617 4041 hortatur
1644 3984 1862 4053 quidem
1901 4000 1968 4040 ne

394 4085 638 4139 animum
661 4083 1009 4151 despondeat,
1034 4093 1218 4150 aperte
1240 4090 1417 4134 autem
1442 4076 1739 4145 subjungit,
1756 4076 1961 4131 dicens:

396 4177 510 4232 Nisi
540 4178 624 4243 iis,
649 4189 768 4245 qua:
797 4173 894 4228 tibi
919 4175 1141 4244 reliquae
1168 4181 1325 4227 erant
1351 4184 1414 4225 ex
1446 4168 1751 4237 iniquitate,
1779 4167 1967 4222 Eccle-

393 4273 485 4328 sia:
504 4284 719 4341 quoque
747 4267 1001 4340 pecunias
1024 4264 1416 4336 conjuruisses,
1448 4275 1556 4316 non
1587 4260 1688 4314 hoc
1716 4260 1808 4315 tibi
1830 4274 1964 4314 cou-

2142 2980 2241 3035 IA'.
2279 2982 2556 3051 Ἐμπορὸς
2591 3000 2671 3046 τις
2709 2983 2841 3036 ναῦν
2884 2984 3217 3055 κεκτημένος
3255 2986 3417 3051 ἰδίαν,
3447 2986 3626 3038 δυστυ-

2067 3072 2301 3142 χέστατα
2342 3073 2603 3136 διατεθεὶς
2632 3074 2763 3144 πρὸς
2789 3075 2886 3146 τὴν
2925 3075 3217 3147 ἐμπορίαν,
3244 3077 3454 3150 ἀπορίᾳ
3491 3077 3626 3129 ἐτιιέ-

2069 3160 2190 3227 ζετο
2225 3163 2456 3233 χαλεπῇ.
2516 3164 2702 3235 Τούτῳ
2758 3165 2888 3234 γοῦν
2942 3166 3313 3238 προσελθόντι,
3374 3170 3466 3221 καί
3496 3185 3624 3231 τινος

2067 3253 2385 3325 ἐπικουρίας
2406 3253 2642 3318 ἀξιοῦντι
2660 3257 2863 3324 τυχεῖν,
2886 3256 2913 3308 6
2934 3257 3201 3328 μακάριος
3225 3258 3391 3311 πέντε
3419 3276 3450 3328 χ
3458 3258 3624 3329 ρυσίον

2067 3345 2253 3419 λίτρας
2286 3347 2501 3419 δοθῆναι
2534 3350 2888 3419 προστάττει·
2912 3350 3091 3422 ἇσπερ
3114 3351 3178 3421 δὴ
3212 3354 3307 3405 καὶ
3333 3353 3510 3405 λαϐὼν
3542 3352 3625 3405 καὶ

2069 3431 2143 3492 ιῖσν
2166 3439 2336 3491 ἐδεῖτο
2368 3439 2870 3509 ἐμπορευσάμενος,
2926 3438 3101 3496 ἔπλει.
3150 3441 3239 3504 Ὠς
3274 3443 3333 3496 δὲ
3369 3442 3498 3513 περὶ
3545 3440 3624 3494 τὸν

2065 3531 2243 3602 Φάρον
2278 3532 2514 3599 ἐγένετο,
2570 3531 2714 3602 βίαις
2746 3532 3102 3603 περιληφθεὶς
3132 3535 3353 3606 ἀνέμων
3398 3535 3625 3591 ἀποϐάλ-

2068 3620 2216 3674 λεται
2259 3620 2356 3691 μὲν
2387 3621 2453 3674 τά
2490 3622 2770 3708 ἀγώγιμα,
2805 3622 2962 3693 μόνον
2995 3622 3143 3708 esea
3178 3623 3363 3676 πλοῖον
3390 3623 3627 3687 διασώζει

2069 3711 2241 3764 κενόν.
2272 3709 2642 3780 Προσέρχεται
2674 3706 2851 3763 τοίνυν
2886 3712 2976 3763 καὶ
3007 3706 3160 3773 αὖθις
3179 3710 3257 3781 τῷ
3301 3711 3624 3781 πατριάρχη,

2050 3802 2185 3872 ἅμα
2216 3802 2315 3872 μὲν
2345 3802 2705 3871 ὲκτραγῳδῶν
2766 3804 2827 3855 τὸ
2862 3802 3095 3872 συμϐὰν,
3132 3802 3246 3873 ἃμα
3273 3803 3330 3856 δὲ
3382 3805 3477 3857 καὶ
3506 3801 3628 3874 πρὸς

2072 3893 2416 3963 συμπάθειαν
2456 3893 2617 3946 αὐτὸν
2672 3892 2889 3946 πλείονα
2947 3893 3374 3964 ὲκκςλούμενος.
3416 3894 3524 3947 Καὶ
3573 3893 3625 3954 ὃς

2069 3986 2328 4053 ἀκούσας,
2367 3992 2621 4059 παραινεῖ
2647 3989 2746 4058 μὲν
2776 3991 2851 4059 μὴ
2877 3990 3267 4060 ἀπαγορεύειν,
3313 3989 3552 4058 ἐπιλέγει
3575 3987 3626 4041 δὲ

2069 4078 2318 4147 φανερῶς
2338 4078 2413 4142 ὡς
2435 4119 2451 4145 ,
2479 4080 2538 4132 Εἰ
2567 4081 2641 4150 μὴ
2671 4084 2782 4144 τοῖς
2808 4080 2867 4145 ἒξ
2891 4080 3100 4144 ἀδικίας
3127 4081 3522 4150 περιλειφθεῖσι
3547 4078 3628 4131 καὶ

2069 4170 2135 4223 τά
2158 4171 2255 4240 τῆς
2293 4171 2617 4242 Ἐκκλησίας
2666 4174 2925 4244 χρήματα
2959 4174 3219 4244 συνῆψας,
3245 4175 3345 4228 οὐκ
3374 4174 3441 4227 ἂν
3486 4170 3630 4226 τοῦτο

2072 4261 2430 4332 συμϐεϐήκοι.
2484 4260 2646 4326 Αὖθις
2671 4260 2763 4317 οὖν
2815 4265 2947 4318 δέκα
2984 4264 3175 4337 λίτρας
3231 4264 3384 4335 αὐτῷ
3422 4264 3628 4332 δοθῆναι

396 4364 623 4436 tigisset.
669 4361 879 4419 Rursus
933 4374 1062 4433 ergo
1103 4359 1253 4429 jubet
1306 4356 1355 4411 ei
1405 4354 1520 4409 dari
1563 4354 1749 4409 decem
1794 4352 1961 4409 libras

2069 4354 2277 4407 κελεύει
2307 4354 2551 4425 χρυσίου,
2600 4357 2972 4427 παραγγείλας
2990 4358 3163 4429 ’ἕτερα
3187 4358 3403 4423 τούτοις
3441 4358 3513 4428 μὴ
3540 4358 3628 4424 ἐμ-

392 4458 548 4524 auri,
578 4456 804 4528 jubens,
840 4469 908 4509 ue
941 4466 1034 4507 eas
1064 4450 1310 4519 injiceret
1339 4460 1460 4501 cum
1485 4444 1641 4526 aliis.
1675 4443 1965 4511 Quampri-

394 4566 539 4604 mum
573 4562 702 4618 ergo
728 4544 1002 4616 navigavit
1032 4551 1323 4602 mercator,
1364 4537 1563 4593 accidit
1592 4546 1649 4589 ut
1674 4545 1729 4589 et
1753 4546 1962 4605 patere-

394 4650 481 4696 tur
520 4639 686 4711 priori
730 4638 949 4707 gravius
995 4632 1376 4701 nanl‘raginm,
1423 4636 1482 4682 ut
1529 4629 1619 4697 qui
1662 4642 1788 4681 cum
1831 4640 1967 4679 nave

392 4747 531 4786 unus
560 4729 722 4785 simul
761 4725 1025 4781 amiserit.
1064 4721 1199 4778 Cum
1236 4733 1367 4790 ergo
1395 4718 1450 4771 in
1492 4726 1792 4772 extremam
1820 4715 1965 4769 ceci-

392 4823 561 4879 disset
588 4819 1019 4892 desperationem
1038 4854 1053 4882 ,
1085 4822 1140 4869 et
1169 4812 1346 4867 victus
1375 4818 1522 4865 esset
1549 4808 1716 4863 animi
1751 4806 1966 4876 mgrilu-

390 4914 553 4978 dine,
584 4923 637 4968 et
666 4926 765 4966 nee
799 4907 1065 4963 tantillum
1096 4902 1312 4974 quidem
1346 4909 1531 4972 posset
1566 4900 1819 4954 cohibere
1847 4913 1967 4953 mo-

393 5015 506 5059 tum
548 5002 749 5066 animi,
790 5009 844 5054 et
880 4998 992 5069 jam
1048 5008 1267 5049 manum
1317 4992 1421 5048 sibi
1475 4999 1621 5046 esset
1665 4989 1964 5056 allaturos;

394 5098 587 5151 deinde
624 5109 744 5149 cum
776 5092 917 5160 quod
959 5088 1158 5143 factum
1201 5091 1358 5151 erat,
1404 5097 1593 5143 rursus
1634 5080 1964 5144 rescivisset,

396 5185 701 5257 patriarcha
741 5198 863 5237 eum
903 5180 1157 5236 accersit.
1190 5175 1285 5230 Ille
1330 5186 1509 5230 autem
1542 5174 1774 5229 accessit
1815 5184 1968 5229 veste

394 5278 674 5343 disrupta,
706 5288 862 5328 coma
909 5271 1118 5334 evulsa,
1168 5276 1221 5321 et
1255 5275 1418 5337 caput
1451 5264 1660 5321 habens
1700 5280 1965 5333 consper—

350 5392 363 5401 ι
393 5386 512 5425 sum
543 5367 759 5430 cinere,
791 5365 978 5420 habitu
1015 5359 1360 5423 miserabilis,
1387 5356 1747 5413 miserabilior
1785 5368 1965 5413 autem

392 5461 660 5535 gravitate
701 5458 1047 5522 calamitatis,
1090 5466 1143 5512 et
1174 5452 1358 5508 multis
1406 5452 1658 5522 Iaerymis
1700 5451 1969 5523 lacrymas

393 5551 673 5607 oculorum
707 5550 1005 5603 attraltens.
1046 5547 1218 5612 Quem
1248 5544 1409 5598 etiam
1448 5541 1536 5596 hic
1576 5557 1802 5618 magnus
1843 5558 1965 5597 cum

395 5641 620 5697 vidisset
649 5658 663 5695 :
689 5638 981 5709 Propitius,
1015 5636 1215 5709 inquit,
1260 5634 1332 5692 sit
1368 5633 1460 5689 tibi
1502 5632 1662 5687 Deus.
1698 5631 1811 5687 Cur
1842 5649 1966 5703 pro-

384 5790 393 5795 1
469 5782 607 5872 Ili-9)
647 5797 929 5869 Leontius,
977 5799 1289 5873 nauclerus,
1319 5797 1462 5867 quod
1506 5794 1644 5852 intra
1690 5796 1776 5852 hic
1819 5795 2036 5850 dicitur.

2068 4444 2275 4502 ϐαλεῖν.
2337 4446 2492 4500 Κατά
2524 4446 2688 4516 τάχος
2740 4443 2891 4502 οὖνὸ
2929 4449 3165 4520 ἔμπορος
3199 4449 3355 4504 ἔπλει
3392 4451 3486 4505 καὶ
3519 4468 3631 4502 ναυ-

2065 4537 2207 4608 αγίῳ
2234 4536 2395 4592 πάλιν
2425 4539 2620 4609 χρῆται
2641 4539 2734 4592 τοῦ
2771 4540 3042 4611 προτέρου
3089 4542 3478 4614 χαλεπωτέρῳ,
3503 4543 3625 4611 αὐτῇ

2066 4628 2154 4699 νηῒ
2196 4630 2292 4683 καὶ
2347 4630 2436 4683 τὸν
2467 4632 2664 4701 φόρτον
2714 4631 3024 4686 ἀποϐαλών.
3087 4634 3324 4705 Ἐσχάτῃ
3351 4633 3628 4705 τοιγαροῦν

2067 4721 2372 4788 ἀπογνώσει
2396 4723 2731 4793 περιπεσὼν,
2751 4723 2930 4793 ἥττων
2947 4740 3005 4777 τε
3022 4725 3121 4795 τῆς
3147 4726 3389 4796 ἀθυμίας
3411 4727 3627 4795 γενόμε-

2068 4827 2156 4874 νος
2185 4812 2276 4865 καὶ
2305 4811 2440 4882 μηδὲ
2474 4813 2648 4884 βραχὺ
2679 4813 2772 4867 τοῦ
2832 4816 3037 4878 πάθους
3073 4818 3349 4889 ἐγκρατὴς
3381 4812 3519 4870 εἶναι
3547 4817 3627 4868 δυ-

2068 4901 2323 4970 νάμενος,
2347 4904 2440 4956 καὶ
2463 4905 2655 4959 ἑαυτὸν
2680 4906 2779 4976 ήδη
2827 4907 3251 4979 διαχειρίζεσθαι
3274 4908 3489 4978 ἔμελλε,
3520 4904 3627 4959 εἶτα

2067 4996 2128 5047 τὸ
2150 4996 2371 5062 γεγονὸς
2396 4998 2488 5050 καὶ
2519 4994 2674 5061 αὖθις
2707 5002 2735 5052 6
2770 5002 3112 5071 πατριάρχης
3135 5000 3432 5070 ἀναμαθὼν
3457 5005 3627 5055 aiax:-

2068 5085 2239 5138 λεῖται
2267 5084 2453 5140 τοῦτον
2477 5105 2491 5119 ·
2524 5087 2619 5141 καὶ
2643 5087 2700 5152 δς
2718 5089 2943 5161 προσῄει
2961 5092 3059 5162 τὴν
3084 5092 3287 5162 ἐσθῆτα
3307 5091 3625 5165 διερρηγμέ-

2068 5192 2178 5240 νος,
2209 5177 2310 5247 τὴν
2365 5178 2544 5248 κόμην
2574 5178 2990 5250 διεσπασμένος,
3050 5183 3197 5237 κόνει
3236 5186 3338 5255 τὴν
3393 5185 3623 5254 κεφαλὴν

2069 5268 2586 5336 καταπεπασμένος,
2640 5269 2870 5330 ἐλεεινὸς
2915 5271 2977 5324 τὸ
3014 5272 3222 5342 σχῆμα,
3278 5274 3622 5345 ἐλεεινότερος

2068 5358 2144 5426 τῷ
2176 5358 2332 5429 βάρει
2365 5361 2473 5414 τῶν
2504 5361 2821 5431 συμφορῶν,
2850 5362 3080 5433 δάκρυσί
3103 5380 3162 5416 τε
3187 5363 3401 5428 πολλοῖς
3427 5365 3622 5433 δάκρυα

2067 5449 2177 5502 τῶν
2204 5448 2500 5521 ὀφθαλμῶν
2521 5452 2904 5523 ἐφελκόμενος.
2940 5455 3038 5506 ’ον
3066 5456 3159 5509 καὶ
3188 5457 3217 5508 6
3254 5456 3428 5525 μέγας
3475 5454 3623 5515 αὐτὸς

2070 5540 2404 5613 θεασάμενος
2424 5581 2439 5607 ,
2469 5543 2656 5606 Ἵλεώς
2693 5560 2795 5610 σοι,
2857 5547 3041 5617 φησὶν,
3106 5549 3135 5599 6
3182 5548 3333 5610 θεὸς.
3366 5547 3434 5599 Τί
3463 5545 3620 5605 οὕτως

2070 5631 2231 5687 αὑτὸν
2289 5633 2351 5685 ἐκ
2403 5633 2768 5705 μικροψυχίας
2815 5635 3106 5708 διέθηκαςς
3145 5638 3384 5693 Πέποιθα
3415 5636 3490 5707 τῷ
3518 5631 3624 5702 Θεῷ
