  <div class='ocr_page' id='page_1' title='image "/cluster/home/n/w/nwhite01/storage/ocr_20150623/114/hvd.32044019208123/478.png"; bbox 0 0 3832 6468; ppageno 0'>
   <div class='ocr_carea' id='block_1_1' title="bbox 272 468 383 532">
    <p class='ocr_par' dir='ltr' id='par_1_1' title="bbox 272 468 383 532">
     <span class='ocr_line' id='line_1_1' title="bbox 272 468 383 532; baseline -0.018 0"><span class='ocrx_word' id='word_1_1' title='bbox 272 468 383 532; x_wconf 78' lang='lat'><strong>909</strong></span> 
     </span>
    </p>
   </div>
   <div class='ocr_carea' id='block_1_2' title="bbox 1257 455 2567 526">
    <p class='ocr_par' dir='ltr' id='par_1_2' title="bbox 1257 455 2567 526">
     <span class='ocr_line' id='line_1_2' title="bbox 1257 455 2567 526; baseline -0.001 0"><span class='ocrx_word' id='word_1_2' title='bbox 1257 455 1433 526; x_wconf 65' lang='lat' dir='ltr'><strong>VITA</strong></span> <span class='ocrx_word' id='word_1_3' title='bbox 1473 465 1529 522; x_wconf 90' lang='lat' dir='ltr'><strong>S.</strong></span> <span class='ocrx_word' id='word_1_4' title='bbox 1574 461 1892 523; x_wconf 82' lang='lat' dir='ltr'><strong>JOANNIS</strong></span> <span class='ocrx_word' id='word_1_5' title='bbox 1931 458 2567 526; x_wconf 82' lang='lat' dir='ltr'><strong>ELEEMOSYNARII.</strong></span> 
     </span>
    </p>
   </div>
   <div class='ocr_carea' id='block_1_3' title="bbox 2798 414 2824 436">
    <p class='ocr_par' dir='ltr' id='par_1_3' title="bbox 2798 414 2824 436">
     <span class='ocr_line' id='line_1_3' title="bbox 2798 414 2824 436; baseline 0 0"><span class='ocrx_word' id='word_1_6' title='bbox 2798 414 2824 436; x_wconf 76' lang='grc' dir='ltr'>ιι</span> 
     </span>
    </p>
   </div>
   <div class='ocr_carea' id='block_1_4' title="bbox 2800 436 2819 447">
    <p class='ocr_par' dir='ltr' id='par_1_4' title="bbox 2800 436 2819 447">
     <span class='ocr_line' id='line_1_4' title="bbox 2800 436 2819 447; baseline 0 0"><span class='ocrx_word' id='word_1_7' title='bbox 2800 436 2819 447; x_wconf 61' lang='grc' dir='ltr'>νδ</span> 
     </span>
    </p>
   </div>
   <div class='ocr_carea' id='block_1_5' title="bbox 3415 450 3520 530">
    <p class='ocr_par' dir='ltr' id='par_1_5' title="bbox 3415 450 3520 530">
     <span class='ocr_line' id='line_1_5' title="bbox 3415 450 3520 530; baseline 0 -1"><span class='ocrx_word' id='word_1_8' title='bbox 3415 450 3520 530; x_wconf 66' lang='lat' dir='ltr'><strong>9ft)</strong></span> 
     </span>
    </p>
   </div>
   <div class='ocr_carea' id='block_1_6' title="bbox 275 552 1874 647">
    <p class='ocr_par' dir='ltr' id='par_1_6' title="bbox 275 568 1849 647">
     <span class='ocr_line' id='line_1_6' title="bbox 275 568 1849 647; baseline -0.006 -16"><span class='ocrx_word' id='word_1_9' title='bbox 275 594 406 647; x_wconf 77' lang='grc' dir='ltr'>μου,</span> <span class='ocrx_word' id='word_1_10' title='bbox 476 576 550 641; x_wconf 85' lang='grc' dir='ltr'>ὡς</span> <span class='ocrx_word' id='word_1_11' title='bbox 612 575 793 629; x_wconf 76' lang='grc' dir='ltr'>οὐκέτι</span> <span class='ocrx_word' id='word_1_12' title='bbox 832 591 912 627; x_wconf 87' lang='grc' dir='ltr'><strong>σοι</strong></span> <span class='ocrx_word' id='word_1_13' title='bbox 981 572 1074 626; x_wconf 83' lang='grc' dir='ltr'>τοῦ</span> <span class='ocrx_word' id='word_1_14' title='bbox 1126 569 1311 626; x_wconf 83' lang='grc' dir='ltr'>λοιποῦ</span> <span class='ocrx_word' id='word_1_15' title='bbox 1371 571 1555 623; x_wconf 88' lang='grc' dir='ltr'>πλοῖον</span> <span class='ocrx_word' id='word_1_16' title='bbox 1612 568 1849 639; x_wconf 78' lang='grc' dir='ltr'>ούδαμοῦ</span> 
     </span>
    </p>
   </div>
   <div class='ocr_carea' id='block_1_7' title="bbox 1981 552 3522 647">
    <p class='ocr_par' dir='ltr' id='par_1_7' title="bbox 1981 567 3522 638">
     <span class='ocr_line' id='line_1_7' title="bbox 1981 567 3522 638; baseline 0.008 -19"><span class='ocrx_word' id='word_1_17' title='bbox 1981 579 2075 621; x_wconf 65' lang='grc' dir='ltr'>ηδτ</span> <span class='ocrx_word' id='word_1_18' title='bbox 2110 567 2362 638; x_wconf 85' lang='lat' dir='ltr'><strong>pusillum</strong></span> <span class='ocrx_word' id='word_1_19' title='bbox 2392 577 2447 623; x_wconf 91' lang='lat' dir='ltr'><strong>et</strong></span> <span class='ocrx_word' id='word_1_20' title='bbox 2479 570 2745 637; x_wconf 85' lang='lat' dir='ltr'><strong>abjectum</strong></span> <span class='ocrx_word' id='word_1_21' title='bbox 2788 571 3028 627; x_wconf 76' lang='lat' dir='ltr'><strong>annuum</strong></span> <span class='ocrx_word' id='word_1_22' title='bbox 3068 572 3141 627; x_wconf 91' lang='lat' dir='ltr'><strong>ita</strong></span> <span class='ocrx_word' id='word_1_23' title='bbox 3169 587 3229 628; x_wconf 83' lang='lat' dir='ltr'><strong>es</strong></span> <span class='ocrx_word' id='word_1_24' title='bbox 3257 569 3522 631; x_wconf 69' lang='lat' dir='ltr'><strong>affectus?</strong></span> 
     </span>
    </p>
   </div>
   <div class='ocr_carea' id='block_1_8' title="bbox 279 662 1849 741">
    <p class='ocr_par' dir='ltr' id='par_1_8' title="bbox 279 662 1849 741">
     <span class='ocr_line' id='line_1_8' title="bbox 279 662 1849 741; baseline -0.004 -19"><span class='ocrx_word' id='word_1_25' title='bbox 279 669 602 741; x_wconf 79' lang='grc' dir='ltr'>ναυαγήσει.</span> <span class='ocrx_word' id='word_1_26' title='bbox 646 668 791 736; x_wconf 73' lang='grc' dir='ltr'>Πλὴν</span> <span class='ocrx_word' id='word_1_27' title='bbox 843 666 952 720; x_wconf 76' lang='grc' dir='ltr'>ἴσθι</span> <span class='ocrx_word' id='word_1_28' title='bbox 987 665 1171 734; x_wconf 72' lang='grc' dir='ltr'>σαφῶς</span> <span class='ocrx_word' id='word_1_29' title='bbox 1222 664 1353 735; x_wconf 81' lang='grc' dir='ltr'>παρ’</span> <span class='ocrx_word' id='word_1_30' title='bbox 1379 663 1529 717; x_wconf 70' lang='grc' dir='ltr'>οὐδὲν</span> <span class='ocrx_word' id='word_1_31' title='bbox 1576 662 1703 717; x_wconf 81' lang='grc' dir='ltr'>ἄλλο</span> <span class='ocrx_word' id='word_1_32' title='bbox 1755 663 1849 716; x_wconf 61' lang='grc' dir='ltr'>καὶ</span> 
     </span>
    </p>
   </div>
   <div class='ocr_carea' id='block_1_9' title="bbox 276 752 1848 829">
    <p class='ocr_par' dir='ltr' id='par_1_9' title="bbox 276 752 1848 829">
     <span class='ocr_line' id='line_1_9' title="bbox 276 752 1848 829; baseline -0.007 -14"><span class='ocrx_word' id='word_1_33' title='bbox 276 762 435 815; x_wconf 80' lang='grc' dir='ltr'>τοῦτο</span> <span class='ocrx_word' id='word_1_34' title='bbox 466 760 760 829; x_wconf 74' lang='grc' dir='ltr'>συμϐῆναι,</span> <span class='ocrx_word' id='word_1_35' title='bbox 806 758 837 826; x_wconf 78' lang='grc' dir='ltr'>ἢ</span> <span class='ocrx_word' id='word_1_36' title='bbox 891 758 971 810; x_wconf 86' lang='grc' dir='ltr'>ὅτι</span> <span class='ocrx_word' id='word_1_37' title='bbox 1020 773 1102 809; x_wconf 92' lang='grc' dir='ltr'><strong>σοι</strong></span> <span class='ocrx_word' id='word_1_38' title='bbox 1141 757 1232 809; x_wconf 71' lang='grc' dir='ltr'>καὶ</span> <span class='ocrx_word' id='word_1_39' title='bbox 1284 753 1415 807; x_wconf 73' lang='grc' dir='ltr'>αὐτο</span> <span class='ocrx_word' id='word_1_40' title='bbox 1452 753 1513 807; x_wconf 80' lang='grc' dir='ltr'><strong>τὺ</strong></span> <span class='ocrx_word' id='word_1_41' title='bbox 1575 752 1755 806; x_wconf 86' lang='grc' dir='ltr'>πλοῖον</span> <span class='ocrx_word' id='word_1_42' title='bbox 1788 753 1848 805; x_wconf 86' lang='grc' dir='ltr'><strong>ού</strong></span> 
     </span>
    </p>
   </div>
   <div class='ocr_carea' id='block_1_10' title="bbox 275 843 1556 916">
    <p class='ocr_par' dir='ltr' id='par_1_10' title="bbox 275 843 1556 916">
     <span class='ocr_line' id='line_1_10' title="bbox 275 843 1556 916; baseline -0.005 -12"><span class='ocrx_word' id='word_1_43' title='bbox 275 850 502 916; x_wconf 84' lang='grc' dir='ltr'>δικαίως</span> <span class='ocrx_word' id='word_1_44' title='bbox 524 848 646 901; x_wconf 77' lang='grc' dir='ltr'>οὐδὲ</span> <span class='ocrx_word' id='word_1_45' title='bbox 674 846 853 910; x_wconf 83' lang='grc' dir='ltr'>καλῶς</span> <span class='ocrx_word' id='word_1_46' title='bbox 894 845 1158 915; x_wconf 82' lang='grc' dir='ltr'>ἐτύγχανε</span> <span class='ocrx_word' id='word_1_47' title='bbox 1192 843 1556 914; x_wconf 85' lang='grc' dir='ltr'>προσκτηθέν.</span> 
     </span>
    </p>
   </div>
   <div class='ocr_carea' id='block_1_11' title="bbox 353 1018 1852 1090">
    <p class='ocr_par' dir='ltr' id='par_1_11' title="bbox 353 1018 1852 1090">
     <span class='ocr_line' id='line_1_11' title="bbox 353 1018 1852 1090; baseline -0.003 -14"><span class='ocrx_word' id='word_1_48' title='bbox 353 1023 452 1076; x_wconf 79' lang='grc' dir='ltr'><strong>1Ε¹.</strong></span> <span class='ocrx_word' id='word_1_49' title='bbox 480 1021 667 1076; x_wconf 80' lang='grc' dir='ltr'>Ταῦτα</span> <span class='ocrx_word' id='word_1_50' title='bbox 688 1019 857 1074; x_wconf 82' lang='grc' dir='ltr'>εἰπὼν</span> <span class='ocrx_word' id='word_1_51' title='bbox 882 1020 1099 1087; x_wconf 84' lang='grc' dir='ltr'>δοθῆναί</span> <span class='ocrx_word' id='word_1_52' title='bbox 1117 1020 1166 1073; x_wconf 88' lang='grc' dir='ltr'>οἱ</span> <span class='ocrx_word' id='word_1_53' title='bbox 1189 1020 1245 1073; x_wconf 86' lang='grc' dir='ltr'>ἒν</span> <span class='ocrx_word' id='word_1_54' title='bbox 1267 1021 1376 1074; x_wconf 79' lang='grc' dir='ltr'><strong>τῶν</strong></span> <span class='ocrx_word' id='word_1_55' title='bbox 1400 1019 1500 1090; x_wconf 77' lang='grc' dir='ltr'>τῆς</span> <span class='ocrx_word' id='word_1_56' title='bbox 1521 1018 1852 1089; x_wconf 85' lang='grc' dir='ltr'>Ἐκκλησίας</span> 
     </span>
    </p>
   </div>
   <div class='ocr_carea' id='block_1_12' title="bbox 282 1111 1851 1182">
    <p class='ocr_par' dir='ltr' id='par_1_12' title="bbox 282 1111 1851 1182">
     <span class='ocr_line' id='line_1_12' title="bbox 282 1111 1851 1182; baseline -0.002 -14"><span class='ocrx_word' id='word_1_57' title='bbox 282 1114 484 1168; x_wconf 87' lang='grc' dir='ltr'>πλοίων</span> <span class='ocrx_word' id='word_1_58' title='bbox 531 1111 764 1178; x_wconf 75' lang='grc' dir='ltr'><strong>κελεύει,</strong></span> <span class='ocrx_word' id='word_1_59' title='bbox 797 1113 945 1166; x_wconf 82' lang='grc' dir='ltr'><strong>σίτου</strong></span> <span class='ocrx_word' id='word_1_60' title='bbox 974 1112 1252 1182; x_wconf 76' lang='grc' dir='ltr'><strong>μυριάδων</strong></span> <span class='ocrx_word' id='word_1_61' title='bbox 1281 1111 1374 1165; x_wconf 85' lang='grc' dir='ltr'><strong>δύο</strong></span> <span class='ocrx_word' id='word_1_62' title='bbox 1402 1111 1851 1182; x_wconf 73' lang='grc' dir='ltr'><strong>πεπληρωμένον,</strong></span> 
     </span>
    </p>
   </div>
   <div class='ocr_carea' id='block_1_13' title="bbox 281 1204 1851 1277">
    <p class='ocr_par' dir='ltr' id='par_1_13' title="bbox 281 1204 1851 1277">
     <span class='ocr_line' id='line_1_13' title="bbox 281 1204 1851 1277; baseline -0.002 -18"><span class='ocrx_word' id='word_1_63' title='bbox 281 1208 421 1277; x_wconf 83' lang='grc' dir='ltr'>ὅπερ</span> <span class='ocrx_word' id='word_1_64' title='bbox 453 1204 632 1257; x_wconf 76' lang='grc' dir='ltr'>λαϐὼν</span> <span class='ocrx_word' id='word_1_65' title='bbox 663 1204 878 1269; x_wconf 75' lang='grc' dir='ltr'><strong>ἐξέπλει</strong></span> <span class='ocrx_word' id='word_1_66' title='bbox 917 1205 1016 1274; x_wconf 77' lang='grc' dir='ltr'><strong>τῆς</strong></span> <span class='ocrx_word' id='word_1_67' title='bbox 1052 1204 1424 1274; x_wconf 75' lang='grc' dir='ltr'><strong>Ἀλεξάνδρου.</strong></span> <span class='ocrx_word' id='word_1_68' title='bbox 1455 1205 1565 1258; x_wconf 76' lang='grc' dir='ltr'><strong>Καὶ</strong></span> <span class='ocrx_word' id='word_1_69' title='bbox 1587 1204 1722 1273; x_wconf 79' lang='grc' dir='ltr'>δῆτα</span> <span class='ocrx_word' id='word_1_70' title='bbox 1737 1204 1851 1256; x_wconf 61' lang='grc' dir='ltr'>ἔπι-η</span> 
     </span>
    </p>
   </div>
   <div class='ocr_carea' id='block_1_14' title="bbox 284 1294 1856 1366">
    <p class='ocr_par' dir='ltr' id='par_1_14' title="bbox 284 1294 1856 1366">
     <span class='ocr_line' id='line_1_14' title="bbox 284 1294 1856 1366; baseline -0.001 -18"><span class='ocrx_word' id='word_1_71' title='bbox 284 1297 435 1366; x_wconf 71' lang='grc' dir='ltr'>φόρῳ</span> <span class='ocrx_word' id='word_1_72' title='bbox 480 1295 823 1365; x_wconf 86' lang='grc' dir='ltr'>χρησάμενος</span> <span class='ocrx_word' id='word_1_73' title='bbox 877 1294 1187 1363; x_wconf 77' lang='grc' dir='ltr'>πνεύματι,</span> <span class='ocrx_word' id='word_1_74' title='bbox 1240 1295 1513 1365; x_wconf 79' lang='grc' dir='ltr'>παραδοὺς</span> <span class='ocrx_word' id='word_1_75' title='bbox 1545 1294 1734 1348; x_wconf 69' lang='grc' dir='ltr'>ἑαυτὸν</span> <span class='ocrx_word' id='word_1_76' title='bbox 1780 1294 1856 1364; x_wconf 79' lang='grc' dir='ltr'>τῷ</span> 
     </span>
    </p>
   </div>
   <div class='ocr_carea' id='block_1_15' title="bbox 285 1385 1858 1456">
    <p class='ocr_par' dir='ltr' id='par_1_15' title="bbox 285 1385 1858 1456">
     <span class='ocr_line' id='line_1_15' title="bbox 285 1385 1858 1456; baseline -0.002 -17"><span class='ocrx_word' id='word_1_77' title='bbox 285 1389 525 1456; x_wconf 77' lang='grc' dir='ltr'><strong>φέροντι,</strong></span> <span class='ocrx_word' id='word_1_78' title='bbox 585 1387 749 1455; x_wconf 75' lang='grc' dir='ltr'>ἤγετο</span> <span class='ocrx_word' id='word_1_79' title='bbox 782 1386 944 1455; x_wconf 84' lang='grc' dir='ltr'>μηδὲν</span> <span class='ocrx_word' id='word_1_80' title='bbox 993 1385 1149 1449; x_wconf 80' lang='grc' dir='ltr'>εἰδὼς</span> <span class='ocrx_word' id='word_1_81' title='bbox 1178 1388 1300 1441; x_wconf 86' lang='grc' dir='ltr'>ὅποι</span> <span class='ocrx_word' id='word_1_82' title='bbox 1350 1386 1445 1440; x_wconf 82' lang='grc' dir='ltr'>καὶ</span> <span class='ocrx_word' id='word_1_83' title='bbox 1491 1385 1613 1453; x_wconf 75' lang='grc' dir='ltr'>εἴη·</span> <span class='ocrx_word' id='word_1_84' title='bbox 1645 1385 1858 1456; x_wconf 76' lang='grc' dir='ltr'>ἡμέρας</span> 
     </span>
    </p>
   </div>
   <div class='ocr_carea' id='block_1_16' title="bbox 285 1471 1859 1556">
    <p class='ocr_par' dir='ltr' id='par_1_16' title="bbox 285 1471 1859 1556">
     <span class='ocr_line' id='line_1_16' title="bbox 285 1471 1859 1556; baseline -0.002 -29"><span class='ocrx_word' id='word_1_85' title='bbox 285 1475 394 1547; x_wconf 73' lang='grc' dir='ltr'>γὰρ</span> <span class='ocrx_word' id='word_1_86' title='bbox 432 1475 604 1527; x_wconf 70' lang='grc' dir='ltr'>εἴκοςι</span> <span class='ocrx_word' id='word_1_87' title='bbox 624 1476 716 1527; x_wconf 74' lang='grc' dir='ltr'><strong>καὶ</strong></span> <span class='ocrx_word' id='word_1_88' title='bbox 747 1475 943 1539; x_wconf 87' lang='grc' dir='ltr'>νύκτας</span> <span class='ocrx_word' id='word_1_89' title='bbox 973 1474 1073 1537; x_wconf 74' lang='grc' dir='ltr'><strong>τὰς</strong></span> <span class='ocrx_word' id='word_1_90' title='bbox 1111 1474 1233 1538; x_wconf 74' lang='grc' dir='ltr'>[σας</span> <span class='ocrx_word' id='word_1_91' title='bbox 1255 1474 1355 1544; x_wconf 84' lang='grc' dir='ltr'>τῆς</span> <span class='ocrx_word' id='word_1_92' title='bbox 1382 1473 1510 1542; x_wconf 76' lang='grc' dir='ltr'>νηὸς</span> <span class='ocrx_word' id='word_1_93' title='bbox 1534 1471 1675 1556; x_wconf 65' lang='grc' dir='ltr'>ούτω</span> <span class='ocrx_word' id='word_1_94' title='bbox 1706 1471 1859 1525; x_wconf 89' lang='grc' dir='ltr'>θεού-</span> 
     </span>
    </p>
   </div>
   <div class='ocr_carea' id='block_1_17' title="bbox 288 1562 1860 1635">
    <p class='ocr_par' dir='ltr' id='par_1_17' title="bbox 288 1562 1860 1635">
     <span class='ocr_line' id='line_1_17' title="bbox 288 1562 1860 1635; baseline -0.001 -19"><span class='ocrx_word' id='word_1_95' title='bbox 288 1581 409 1635; x_wconf 87' lang='grc' dir='ltr'>σης,</span> <span class='ocrx_word' id='word_1_96' title='bbox 445 1562 563 1616; x_wconf 74' lang='grc' dir='ltr'>οὔτ’</span> <span class='ocrx_word' id='word_1_97' title='bbox 592 1563 774 1629; x_wconf 76' lang='grc' dir='ltr'>αὐτὸς,</span> <span class='ocrx_word' id='word_1_98' title='bbox 806 1562 929 1616; x_wconf 83' lang='grc' dir='ltr'>οὔτε</span> <span class='ocrx_word' id='word_1_99' title='bbox 958 1581 1042 1627; x_wconf 87' lang='grc' dir='ltr'><strong>τις</strong></span> <span class='ocrx_word' id='word_1_100' title='bbox 1070 1564 1178 1617; x_wconf 85' lang='grc' dir='ltr'><strong>τῶν</strong></span> <span class='ocrx_word' id='word_1_101' title='bbox 1211 1565 1271 1617; x_wconf 80' lang='grc' dir='ltr'>ὲν</span> <span class='ocrx_word' id='word_1_102' title='bbox 1292 1567 1357 1634; x_wconf 79' lang='grc' dir='ltr'><strong>τῇ</strong></span> <span class='ocrx_word' id='word_1_103' title='bbox 1391 1562 1481 1634; x_wconf 80' lang='grc' dir='ltr'><strong>νηῒ</strong></span> <span class='ocrx_word' id='word_1_104' title='bbox 1511 1562 1727 1635; x_wconf 73' lang='grc' dir='ltr'>ἕτερος,</span> <span class='ocrx_word' id='word_1_105' title='bbox 1761 1564 1860 1615; x_wconf 77' lang='grc' dir='ltr'><strong>οὐκ</strong></span> 
     </span>
    </p>
   </div>
   <div class='ocr_carea' id='block_1_18' title="bbox 286 1638 1859 1727">
    <p class='ocr_par' dir='ltr' id='par_1_18' title="bbox 286 1638 1859 1727">
     <span class='ocr_line' id='line_1_18' title="bbox 286 1638 1859 1727; baseline 0.001 -19"><span class='ocrx_word' id='word_1_106' title='bbox 286 1658 352 1708; x_wconf 83' lang='grc' dir='ltr'>ὲκ</span> <span class='ocrx_word' id='word_1_107' title='bbox 376 1655 486 1709; x_wconf 85' lang='grc' dir='ltr'><strong>τῶν</strong></span> <span class='ocrx_word' id='word_1_108' title='bbox 500 1638 714 1727; x_wconf 68' lang='grc' dir='ltr'>ἄστρων</span> <span class='ocrx_word' id='word_1_109' title='bbox 734 1696 748 1719; x_wconf 93' lang='grc'><strong>,</strong></span> <span class='ocrx_word' id='word_1_110' title='bbox 778 1656 877 1710; x_wconf 78' lang='grc' dir='ltr'>οὐκ</span> <span class='ocrx_word' id='word_1_111' title='bbox 894 1656 950 1722; x_wconf 75' lang='grc' dir='ltr'>ἐξ</span> <span class='ocrx_word' id='word_1_112' title='bbox 976 1654 1257 1726; x_wconf 77' lang='grc' dir='ltr'>ἐγχωρίων</span> <span class='ocrx_word' id='word_1_113' title='bbox 1283 1655 1345 1727; x_wconf 86' lang='grc' dir='ltr'>δή</span> <span class='ocrx_word' id='word_1_114' title='bbox 1367 1672 1528 1708; x_wconf 89' lang='grc' dir='ltr'>τινων</span> <span class='ocrx_word' id='word_1_115' title='bbox 1546 1656 1859 1724; x_wconf 87' lang='grc' dir='ltr'>γνωρισμά-</span> 
     </span>
    </p>
   </div>
   <div class='ocr_carea' id='block_1_19' title="bbox 286 1742 1863 1819">
    <p class='ocr_par' dir='ltr' id='par_1_19' title="bbox 286 1742 1863 1819">
     <span class='ocr_line' id='line_1_19' title="bbox 286 1742 1863 1819; baseline 0 -21"><span class='ocrx_word' id='word_1_116' title='bbox 286 1756 394 1800; x_wconf 74' lang='grc' dir='ltr'><strong>των</strong></span> <span class='ocrx_word' id='word_1_117' title='bbox 432 1747 565 1801; x_wconf 82' lang='grc' dir='ltr'>ὅπου</span> <span class='ocrx_word' id='word_1_118' title='bbox 587 1746 717 1800; x_wconf 83' lang='grc' dir='ltr'>ποτὲ</span> <span class='ocrx_word' id='word_1_119' title='bbox 742 1746 843 1815; x_wconf 86' lang='grc' dir='ltr'>γῆς</span> <span class='ocrx_word' id='word_1_120' title='bbox 868 1742 1030 1817; x_wconf 72' lang='grc' dir='ltr'>ἦσαν,</span> <span class='ocrx_word' id='word_1_121' title='bbox 1062 1745 1315 1799; x_wconf 84' lang='grc' dir='ltr'>ὲδύναντο</span> <span class='ocrx_word' id='word_1_122' title='bbox 1337 1745 1651 1819; x_wconf 79' lang='grc' dir='ltr'>διαγνῶναι,</span> <span class='ocrx_word' id='word_1_123' title='bbox 1682 1747 1763 1800; x_wconf 86' lang='grc' dir='ltr'>ὅτι</span> <span class='ocrx_word' id='word_1_124' title='bbox 1787 1746 1863 1817; x_wconf 83' lang='grc' dir='ltr'>μὴ</span> 
     </span>
    </p>
   </div>
   <div class='ocr_carea' id='block_1_20' title="bbox 287 1836 1862 1908">
    <p class='ocr_par' dir='ltr' id='par_1_20' title="bbox 287 1836 1862 1908">
     <span class='ocr_line' id='line_1_20' title="bbox 287 1836 1862 1908; baseline 0.002 -20"><span class='ocrx_word' id='word_1_125' title='bbox 287 1836 367 1907; x_wconf 81' lang='grc' dir='ltr'>τῷ</span> <span class='ocrx_word' id='word_1_126' title='bbox 399 1838 707 1908; x_wconf 68' lang='grc' dir='ltr'>κυϐερνήτῃ</span> <span class='ocrx_word' id='word_1_127' title='bbox 762 1838 909 1907; x_wconf 79' lang='grc' dir='ltr'>μόνῳ</span> <span class='ocrx_word' id='word_1_128' title='bbox 968 1841 995 1891; x_wconf 84' lang='grc' dir='ltr'>ὁ</span> <span class='ocrx_word' id='word_1_129' title='bbox 1041 1838 1386 1908; x_wconf 82' lang='grc' dir='ltr'>πατριάρχης</span> <span class='ocrx_word' id='word_1_130' title='bbox 1434 1839 1862 1908; x_wconf 74' lang='grc' dir='ltr'>ύποφαινόμενος</span> 
     </span>
    </p>
   </div>
   <div class='ocr_carea' id='block_1_21' title="bbox 286 1924 1862 2000">
    <p class='ocr_par' dir='ltr' id='par_1_21' title="bbox 286 1924 1862 2000">
     <span class='ocr_line' id='line_1_21' title="bbox 286 1924 1862 2000; baseline 0 -19"><span class='ocrx_word' id='word_1_131' title='bbox 286 1924 378 1999; x_wconf 77' lang='grc' dir='ltr'>ἦν,</span> <span class='ocrx_word' id='word_1_132' title='bbox 416 1928 611 1983; x_wconf 81' lang='grc' dir='ltr'>ἰθύνων</span> <span class='ocrx_word' id='word_1_133' title='bbox 647 1929 743 1982; x_wconf 82' lang='grc' dir='ltr'><strong>σὺν</strong></span> <span class='ocrx_word' id='word_1_134' title='bbox 788 1928 936 1999; x_wconf 82' lang='grc' dir='ltr'>αὐτῷ</span> <span class='ocrx_word' id='word_1_135' title='bbox 963 1928 1025 1981; x_wconf 81' lang='grc' dir='ltr'>τὸ</span> <span class='ocrx_word' id='word_1_136' title='bbox 1054 1929 1337 2000; x_wconf 78' lang='grc' dir='ltr'>πηδάλιον.</span> <span class='ocrx_word' id='word_1_137' title='bbox 1375 1929 1528 1982; x_wconf 71' lang='grc' dir='ltr'>Ἐπεὶ</span> <span class='ocrx_word' id='word_1_138' title='bbox 1552 1929 1609 1981; x_wconf 81' lang='grc' dir='ltr'>δὲ</span> <span class='ocrx_word' id='word_1_139' title='bbox 1644 1930 1862 1998; x_wconf 76' lang='grc' dir='ltr'>εἰκοστὴ</span> 
     </span>
    </p>
   </div>
   <div class='ocr_carea' id='block_1_22' title="bbox 290 2019 1860 2091">
    <p class='ocr_par' dir='ltr' id='par_1_22' title="bbox 290 2019 1860 2091">
     <span class='ocr_line' id='line_1_22' title="bbox 290 2019 1860 2091; baseline -0.001 -18"><span class='ocrx_word' id='word_1_140' title='bbox 290 2019 572 2089; x_wconf 77' lang='grc' dir='ltr'>παρέλθοι,</span> <span class='ocrx_word' id='word_1_141' title='bbox 639 2021 824 2091; x_wconf 76' lang='grc' dir='ltr'>νήσοις</span> <span class='ocrx_word' id='word_1_142' title='bbox 874 2019 1262 2090; x_wconf 73' lang='grc' dir='ltr'><strong>ἐντυγχάνουσι</strong></span> <span class='ocrx_word' id='word_1_143' title='bbox 1312 2023 1433 2084; x_wconf 86' lang='grc' dir='ltr'>ταῖς</span> <span class='ocrx_word' id='word_1_144' title='bbox 1484 2023 1860 2090; x_wconf 81' lang='grc' dir='ltr'>Βρετανικαίς,</span> 
     </span>
    </p>
   </div>
   <div class='ocr_carea' id='block_1_23' title="bbox 292 2104 1863 2184">
    <p class='ocr_par' dir='ltr' id='par_1_23' title="bbox 292 2104 1863 2184">
     <span class='ocr_line' id='line_1_23' title="bbox 292 2104 1863 2184; baseline 0 -19"><span class='ocrx_word' id='word_1_145' title='bbox 292 2104 423 2167; x_wconf 82' lang='grc' dir='ltr'>ἔνθα</span> <span class='ocrx_word' id='word_1_146' title='bbox 464 2112 529 2183; x_wconf 76' lang='grc' dir='ltr'>δὴ</span> <span class='ocrx_word' id='word_1_147' title='bbox 581 2113 676 2166; x_wconf 77' lang='grc' dir='ltr'>καὶ</span> <span class='ocrx_word' id='word_1_148' title='bbox 723 2113 1245 2183; x_wconf 74' lang='grc' dir='ltr'>προσορμισάμενοι,</span> <span class='ocrx_word' id='word_1_149' title='bbox 1302 2112 1460 2183; x_wconf 79' lang='grc' dir='ltr'>λιμὸν</span> <span class='ocrx_word' id='word_1_150' title='bbox 1516 2112 1863 2184; x_wconf 72' lang='grc' dir='ltr'>εὑρίσκουσιν</span> 
     </span>
    </p>
   </div>
   <div class='ocr_carea' id='block_1_24' title="bbox 292 2203 1865 2275">
    <p class='ocr_par' dir='ltr' id='par_1_24' title="bbox 292 2203 1865 2275">
     <span class='ocr_line' id='line_1_24' title="bbox 292 2203 1865 2275; baseline -0.001 -19"><span class='ocrx_word' id='word_1_151' title='bbox 292 2204 685 2275; x_wconf 81' lang='grc' dir='ltr'>ἀπηνέστατον,</span> <span class='ocrx_word' id='word_1_152' title='bbox 721 2203 877 2274; x_wconf 74' lang='grc' dir='ltr'>λιμὸν</span> <span class='ocrx_word' id='word_1_153' title='bbox 912 2203 1110 2267; x_wconf 80' lang='grc' dir='ltr'>ἀθλίως</span> <span class='ocrx_word' id='word_1_154' title='bbox 1159 2205 1287 2267; x_wconf 75' lang='grc' dir='ltr'>τοὺς</span> <span class='ocrx_word' id='word_1_155' title='bbox 1341 2205 1640 2275; x_wconf 77' lang='grc' dir='ltr'>ἐγχωρίους</span> <span class='ocrx_word' id='word_1_156' title='bbox 1667 2219 1865 2273; x_wconf 86' lang='grc' dir='ltr'>κατερ-</span> 
     </span>
    </p>
   </div>
   <div class='ocr_carea' id='block_1_25' title="bbox 294 2293 1863 2365">
    <p class='ocr_par' dir='ltr' id='par_1_25' title="bbox 294 2293 1863 2365">
     <span class='ocr_line' id='line_1_25' title="bbox 294 2293 1863 2365; baseline -0.004 -17"><span class='ocrx_word' id='word_1_157' title='bbox 294 2294 615 2365; x_wconf 76' lang='grc' dir='ltr'>γαζόμενον.</span> <span class='ocrx_word' id='word_1_158' title='bbox 658 2294 810 2346; x_wconf 77' lang='grc' dir='ltr'>Ἐπεὶ</span> <span class='ocrx_word' id='word_1_159' title='bbox 840 2293 895 2345; x_wconf 80' lang='grc' dir='ltr'>δὲ</span> <span class='ocrx_word' id='word_1_160' title='bbox 928 2293 1004 2362; x_wconf 82' lang='grc' dir='ltr'><strong>τῷ</strong></span> <span class='ocrx_word' id='word_1_161' title='bbox 1059 2293 1260 2364; x_wconf 78' lang='grc' dir='ltr'>πρώτῳ</span> <span class='ocrx_word' id='word_1_162' title='bbox 1311 2293 1517 2346; x_wconf 85' lang='grc' dir='ltr'>τούτων</span> <span class='ocrx_word' id='word_1_163' title='bbox 1579 2294 1863 2361; x_wconf 75' lang='grc' dir='ltr'>ἐνέτυχον,</span> 
     </span>
    </p>
   </div>
   <div class='ocr_carea' id='block_1_26' title="bbox 296 2385 1867 2457">
    <p class='ocr_par' dir='ltr' id='par_1_26' title="bbox 296 2385 1867 2457">
     <span class='ocr_line' id='line_1_26' title="bbox 296 2385 1867 2457; baseline -0.002 -16"><span class='ocrx_word' id='word_1_164' title='bbox 296 2390 390 2441; x_wconf 81' lang='grc' dir='ltr'><strong>καί</strong></span> <span class='ocrx_word' id='word_1_165' title='bbox 419 2389 500 2440; x_wconf 86' lang='grc' dir='ltr'>ὅτι</span> <span class='ocrx_word' id='word_1_166' title='bbox 529 2390 671 2439; x_wconf 84' lang='grc' dir='ltr'>σῖτον</span> <span class='ocrx_word' id='word_1_167' title='bbox 706 2387 920 2455; x_wconf 77' lang='grc' dir='ltr'>φέροιεν</span> <span class='ocrx_word' id='word_1_168' title='bbox 952 2385 1099 2456; x_wconf 81' lang='grc' dir='ltr'>αὐτῷ</span> <span class='ocrx_word' id='word_1_169' title='bbox 1126 2386 1557 2457; x_wconf 83' lang='grc' dir='ltr'>διεγνώσθησαν,</span> <span class='ocrx_word' id='word_1_170' title='bbox 1601 2385 1867 2454; x_wconf 76' lang='grc' dir='ltr'>εὐθυμίας</span> 
     </span>
    </p>
   </div>
   <div class='ocr_carea' id='block_1_27' title="bbox 296 2477 1869 2549">
    <p class='ocr_par' dir='ltr' id='par_1_27' title="bbox 296 2477 1869 2549">
     <span class='ocr_line' id='line_1_27' title="bbox 296 2477 1869 2549; baseline -0.003 -18"><span class='ocrx_word' id='word_1_171' title='bbox 296 2478 601 2549; x_wconf 77' lang='grc' dir='ltr'>ἐπληροῦτο</span> <span class='ocrx_word' id='word_1_172' title='bbox 624 2479 822 2546; x_wconf 70' lang='grc' dir='ltr'>πάσης,</span> <span class='ocrx_word' id='word_1_173' title='bbox 863 2481 957 2530; x_wconf 74' lang='grc' dir='ltr'>καὶ</span> <span class='ocrx_word' id='word_1_174' title='bbox 992 2478 1088 2530; x_wconf 79' lang='grc' dir='ltr'>σὺν</span> <span class='ocrx_word' id='word_1_175' title='bbox 1110 2478 1279 2548; x_wconf 78' lang='grc' dir='ltr'>πολλῇ</span> <span class='ocrx_word' id='word_1_176' title='bbox 1304 2477 1527 2540; x_wconf 76' lang='grc' dir='ltr'>τούτους</span> <span class='ocrx_word' id='word_1_177' title='bbox 1579 2477 1869 2545; x_wconf 81' lang='grc' dir='ltr'>ὑπεδέχετο</span> 
     </span>
    </p>
   </div>
   <div class='ocr_carea' id='block_1_28' title="bbox 294 2568 1883 2649">
    <p class='ocr_par' dir='ltr' id='par_1_28' title="bbox 294 2568 1883 2649">
     <span class='ocr_line' id='line_1_28' title="bbox 294 2568 1883 2649; baseline -0.002 -25"><span class='ocrx_word' id='word_1_178' title='bbox 294 2574 362 2649; x_wconf 69' lang='grc' dir='ltr'>τῇ</span> <span class='ocrx_word' id='word_1_179' title='bbox 410 2570 753 2642; x_wconf 76' lang='grc' dir='ltr'>περιχαρείᾳ,</span> <span class='ocrx_word' id='word_1_180' title='bbox 805 2569 904 2623; x_wconf 75' lang='grc' dir='ltr'>οὐκ</span> <span class='ocrx_word' id='word_1_181' title='bbox 949 2570 1101 2623; x_wconf 73' lang='grc' dir='ltr'>ἀθεεὶ</span> <span class='ocrx_word' id='word_1_182' title='bbox 1146 2570 1473 2641; x_wconf 81' lang='grc' dir='ltr'>γεγενῆσθαι</span> <span class='ocrx_word' id='word_1_183' title='bbox 1523 2569 1623 2639; x_wconf 84' lang='grc' dir='ltr'>τὴν</span> <span class='ocrx_word' id='word_1_184' title='bbox 1684 2568 1883 2623; x_wconf 81' lang='grc' dir='ltr'>αὐτῶν·</span> 
     </span>
    </p>
   </div>
   <div class='ocr_carea' id='block_1_29' title="bbox 294 2658 1869 2733">
    <p class='ocr_par' dir='ltr' id='par_1_29' title="bbox 294 2658 1869 2733">
     <span class='ocr_line' id='line_1_29' title="bbox 294 2658 1869 2733; baseline -0.002 -18"><span class='ocrx_word' id='word_1_185' title='bbox 294 2662 653 2732; x_wconf 81' lang='grc' dir='ltr'>λογισάμενος</span> <span class='ocrx_word' id='word_1_186' title='bbox 685 2662 1007 2731; x_wconf 81' lang='grc' dir='ltr'>παρουσίαν.</span> <span class='ocrx_word' id='word_1_187' title='bbox 1056 2661 1214 2715; x_wconf 76' lang='grc' dir='ltr'>Ἐπεὶ</span> <span class='ocrx_word' id='word_1_188' title='bbox 1238 2658 1331 2715; x_wconf 76' lang='grc' dir='ltr'>οὖν</span> <span class='ocrx_word' id='word_1_189' title='bbox 1364 2664 1412 2715; x_wconf 83' lang='grc' dir='ltr'>οἱ</span> <span class='ocrx_word' id='word_1_190' title='bbox 1437 2662 1537 2733; x_wconf 82' lang='grc' dir='ltr'>τῆς</span> <span class='ocrx_word' id='word_1_191' title='bbox 1572 2662 1734 2732; x_wconf 84' lang='grc' dir='ltr'>νήσου</span> <span class='ocrx_word' id='word_1_192' title='bbox 1777 2660 1869 2713; x_wconf 76' lang='grc' dir='ltr'>τὸν</span> 
     </span>
    </p>
   </div>
   <div class='ocr_carea' id='block_1_30' title="bbox 295 2751 1869 2824">
    <p class='ocr_par' dir='ltr' id='par_1_30' title="bbox 295 2751 1869 2824">
     <span class='ocr_line' id='line_1_30' title="bbox 295 2751 1869 2824; baseline -0.001 -18"><span class='ocrx_word' id='word_1_193' title='bbox 295 2753 420 2807; x_wconf 79' lang='grc' dir='ltr'>ὅλον</span> <span class='ocrx_word' id='word_1_194' title='bbox 452 2754 713 2823; x_wconf 78' lang='grc' dir='ltr'>ἐπρίαντο</span> <span class='ocrx_word' id='word_1_195' title='bbox 753 2752 1172 2824; x_wconf 74' lang='grc' dir='ltr'>σῖτον,-χρυσίον</span> <span class='ocrx_word' id='word_1_196' title='bbox 1206 2753 1302 2823; x_wconf 84' lang='grc' dir='ltr'>μὲν</span> <span class='ocrx_word' id='word_1_197' title='bbox 1333 2752 1473 2823; x_wconf 80' lang='grc' dir='ltr'>ὑπὲρ</span> <span class='ocrx_word' id='word_1_198' title='bbox 1500 2752 1595 2805; x_wconf 82' lang='grc' dir='ltr'>τοῦ</span> <span class='ocrx_word' id='word_1_199' title='bbox 1624 2751 1869 2823; x_wconf 78' lang='grc' dir='ltr'>ἡμίσεως</span> 
     </span>
    </p>
   </div>
   <div class='ocr_carea' id='block_1_31' title="bbox 298 2840 1870 2916">
    <p class='ocr_par' dir='ltr' id='par_1_31' title="bbox 298 2840 1870 2916">
     <span class='ocr_line' id='line_1_31' title="bbox 298 2840 1870 2916; baseline -0.003 -19"><span class='ocrx_word' id='word_1_200' title='bbox 298 2846 729 2916; x_wconf 75' lang='grc' dir='ltr'>παρασχόμενοι,</span> <span class='ocrx_word' id='word_1_201' title='bbox 759 2845 1090 2915; x_wconf 84' lang='grc' dir='ltr'>κασσίτερον</span> <span class='ocrx_word' id='word_1_202' title='bbox 1119 2844 1175 2897; x_wconf 83' lang='grc' dir='ltr'>δὲ</span> <span class='ocrx_word' id='word_1_203' title='bbox 1207 2843 1303 2897; x_wconf 78' lang='grc' dir='ltr'>τοῦ</span> <span class='ocrx_word' id='word_1_204' title='bbox 1332 2842 1517 2898; x_wconf 84' lang='grc' dir='ltr'>λοιποῦ</span> <span class='ocrx_word' id='word_1_205' title='bbox 1576 2842 1738 2915; x_wconf 73' lang='grc' dir='ltr'>(οὕτω</span> <span class='ocrx_word' id='word_1_206' title='bbox 1764 2840 1870 2912; x_wconf 86' lang='grc' dir='ltr'>γὰρ</span> 
     </span>
    </p>
   </div>
   <div class='ocr_carea' id='block_1_32' title="bbox 298 2932 1922 3008">
    <p class='ocr_par' dir='ltr' id='par_1_32' title="bbox 298 2932 1922 3008">
     <span class='ocr_line' id='line_1_32' title="bbox 298 2932 1922 3008; baseline -0.006 -14"><span class='ocrx_word' id='word_1_207' title='bbox 298 2939 544 3008; x_wconf 75' lang='grc' dir='ltr'>ὑπῆρχεν</span> <span class='ocrx_word' id='word_1_208' title='bbox 596 2937 927 3008; x_wconf 77' lang='grc' dir='ltr'>ἀμφοτέροις</span> <span class='ocrx_word' id='word_1_209' title='bbox 969 2936 1369 3007; x_wconf 78' lang='grc' dir='ltr'>συμφωνηθὲν),</span> <span class='ocrx_word' id='word_1_210' title='bbox 1416 2934 1511 2988; x_wconf 76' lang='grc' dir='ltr'>καὶ</span> <span class='ocrx_word' id='word_1_211' title='bbox 1551 2936 1580 2988; x_wconf 82' lang='grc' dir='ltr'><strong><em>ὁ</em></strong></span> <span class='ocrx_word' id='word_1_212' title='bbox 1633 2933 1872 3005; x_wconf 79' lang='grc' dir='ltr'>ἔμπορος</span> <span class='ocrx_word' id='word_1_213' title='bbox 1919 2932 1922 2934; x_wconf 53' lang='grc'>⁷</span> 
     </span>
    </p>
   </div>
   <div class='ocr_carea' id='block_1_33' title="bbox 301 3024 1873 3103">
    <p class='ocr_par' dir='ltr' id='par_1_33' title="bbox 301 3024 1873 3103">
     <span class='ocr_line' id='line_1_33' title="bbox 301 3024 1873 3103; baseline -0.005 -19"><span class='ocrx_word' id='word_1_214' title='bbox 301 3028 405 3103; x_wconf 73' lang='grc' dir='ltr'><strong>ἠδη</strong></span> <span class='ocrx_word' id='word_1_215' title='bbox 437 3028 811 3100; x_wconf 77' lang='grc' dir='ltr'>ἀνεκομίζετο,</span> <span class='ocrx_word' id='word_1_216' title='bbox 834 3028 1041 3097; x_wconf 84' lang='grc' dir='ltr'>γίνεταί</span> <span class='ocrx_word' id='word_1_217' title='bbox 1069 3045 1119 3080; x_wconf 88' lang='grc' dir='ltr'><strong>τι</strong></span> <span class='ocrx_word' id='word_1_218' title='bbox 1145 3028 1375 3097; x_wconf 74' lang='grc' dir='ltr'>πρᾶγμα</span> <span class='ocrx_word' id='word_1_219' title='bbox 1400 3027 1619 3096; x_wconf 85' lang='grc' dir='ltr'>μνήμης</span> <span class='ocrx_word' id='word_1_220' title='bbox 1658 3024 1756 3095; x_wconf 82' lang='grc' dir='ltr'>μὲν</span> <span class='ocrx_word' id='word_1_221' title='bbox 1783 3024 1873 3077; x_wconf 72' lang='grc' dir='ltr'>καὶ</span> 
     </span>
    </p>
   </div>
   <div class='ocr_carea' id='block_1_34' title="bbox 301 3114 1873 3194">
    <p class='ocr_par' dir='ltr' id='par_1_34' title="bbox 301 3114 1873 3194">
     <span class='ocr_line' id='line_1_34' title="bbox 301 3114 1873 3194; baseline -0.008 -16"><span class='ocrx_word' id='word_1_222' title='bbox 301 3121 548 3194; x_wconf 76' lang='grc' dir='ltr'>γραφῆς,</span> <span class='ocrx_word' id='word_1_223' title='bbox 596 3121 752 3190; x_wconf 79' lang='grc' dir='ltr'>εἴπερ</span> <span class='ocrx_word' id='word_1_224' title='bbox 798 3118 921 3175; x_wconf 81' lang='grc' dir='ltr'>ἄλλο</span> <span class='ocrx_word' id='word_1_225' title='bbox 966 3136 1040 3179; x_wconf 88' lang='grc' dir='ltr'><strong>τι,</strong></span> <span class='ocrx_word' id='word_1_226' title='bbox 1098 3115 1266 3183; x_wconf 77' lang='grc' dir='ltr'>ἄξιον,</span> <span class='ocrx_word' id='word_1_227' title='bbox 1307 3116 1646 3180; x_wconf 76' lang='grc' dir='ltr'>εἰσδέξασθαι</span> <span class='ocrx_word' id='word_1_228' title='bbox 1690 3114 1748 3167; x_wconf 80' lang='grc' dir='ltr'>δὲ</span> <span class='ocrx_word' id='word_1_229' title='bbox 1779 3114 1873 3167; x_wconf 76' lang='grc' dir='ltr'>καὶ</span> 
     </span>
    </p>
   </div>
   <div class='ocr_carea' id='block_1_35' title="bbox 1952 659 3518 730">
    <p class='ocr_par' dir='ltr' id='par_1_35' title="bbox 1952 659 3518 730">
     <span class='ocr_line' id='line_1_35' title="bbox 1952 659 3518 730; baseline 0.004 -16"><span class='ocrx_word' id='word_1_230' title='bbox 1952 659 2174 714; x_wconf 81' lang='lat' dir='ltr'><strong>Confido</strong></span> <span class='ocrx_word' id='word_1_231' title='bbox 2201 659 2252 712; x_wconf 92' lang='lat' dir='ltr'><strong>in</strong></span> <span class='ocrx_word' id='word_1_232' title='bbox 2286 659 2392 715; x_wconf 91' lang='lat' dir='ltr'><strong>Deo</strong></span> <span class='ocrx_word' id='word_1_233' title='bbox 2417 677 2556 725; x_wconf 86' lang='lat' dir='ltr'><strong>meo,</strong></span> <span class='ocrx_word' id='word_1_234' title='bbox 2597 662 2737 730; x_wconf 88' lang='lat' dir='ltr'><strong>quod</strong></span> <span class='ocrx_word' id='word_1_235' title='bbox 2766 662 2829 717; x_wconf 92' lang='lat' dir='ltr'><strong>de</strong></span> <span class='ocrx_word' id='word_1_236' title='bbox 2854 672 3049 718; x_wconf 72' lang='lat' dir='ltr'><strong>caetero</strong></span> <span class='ocrx_word' id='word_1_237' title='bbox 3077 665 3169 719; x_wconf 91' lang='lat' dir='ltr'><strong>tibi</strong></span> <span class='ocrx_word' id='word_1_238' title='bbox 3203 666 3353 721; x_wconf 84' lang='lat' dir='ltr'><strong>navis</strong></span> <span class='ocrx_word' id='word_1_239' title='bbox 3391 670 3518 721; x_wconf 60' lang='lat' dir='ltr'><strong>nulo</strong></span> 
     </span>
    </p>
   </div>
   <div class='ocr_carea' id='block_1_36' title="bbox 1953 748 3516 821">
    <p class='ocr_par' dir='ltr' id='par_1_36' title="bbox 1953 748 3516 821">
     <span class='ocr_line' id='line_1_36' title="bbox 1953 748 3516 821; baseline 0.006 -21"><span class='ocrx_word' id='word_1_240' title='bbox 1953 748 2062 801; x_wconf 91' lang='lat' dir='ltr'><strong>lum</strong></span> <span class='ocrx_word' id='word_1_241' title='bbox 2097 750 2332 818; x_wconf 84' lang='lat' dir='ltr'><strong>patietur</strong></span> <span class='ocrx_word' id='word_1_242' title='bbox 2376 750 2734 821; x_wconf 73' lang='lat' dir='ltr'><strong>naufragium.</strong></span> <span class='ocrx_word' id='word_1_243' title='bbox 2779 751 2883 808; x_wconf 84' lang='lat' dir='ltr'><strong>Sed</strong></span> <span class='ocrx_word' id='word_1_244' title='bbox 2932 755 3072 809; x_wconf 72' lang='lat' dir='ltr'><strong>Scias</strong></span> <span class='ocrx_word' id='word_1_245' title='bbox 3120 757 3220 811; x_wconf 80' lang='lat' dir='ltr'><strong>hoc</strong></span> <span class='ocrx_word' id='word_1_246' title='bbox 3250 757 3343 812; x_wconf 88' lang='lat' dir='ltr'><strong>tibi</strong></span> <span class='ocrx_word' id='word_1_247' title='bbox 3371 758 3516 812; x_wconf 75' lang='lat' dir='ltr'><strong>nulla</strong></span> 
     </span>
    </p>
   </div>
   <div class='ocr_carea' id='block_1_37' title="bbox 1956 830 3515 915">
    <p class='ocr_par' dir='ltr' id='par_1_37' title="bbox 1956 830 3515 915">
     <span class='ocr_line' id='line_1_37' title="bbox 1956 830 3515 915; baseline 0.006 -23"><span class='ocrx_word' id='word_1_248' title='bbox 1956 830 2056 892; x_wconf 72' lang='lat' dir='ltr'><strong>alia</strong></span> <span class='ocrx_word' id='word_1_249' title='bbox 2087 840 2151 892; x_wconf 92' lang='lat' dir='ltr'><strong>de</strong></span> <span class='ocrx_word' id='word_1_250' title='bbox 2190 831 2357 893; x_wconf 85' lang='lat' dir='ltr'><strong>causa</strong></span> <span class='ocrx_word' id='word_1_251' title='bbox 2398 841 2686 905; x_wconf 85' lang='lat' dir='ltr'><strong>accidisse,</strong></span> <span class='ocrx_word' id='word_1_252' title='bbox 2717 841 2822 896; x_wconf 88' lang='lat' dir='ltr'><strong>nisi</strong></span> <span class='ocrx_word' id='word_1_253' title='bbox 2867 845 3009 912; x_wconf 76' lang='lat' dir='ltr'><strong>quod</strong></span> <span class='ocrx_word' id='word_1_254' title='bbox 3058 847 3169 900; x_wconf 75' lang='lat' dir='ltr'><strong>haec</strong></span> <span class='ocrx_word' id='word_1_255' title='bbox 3201 847 3371 915; x_wconf 59' lang='lat' dir='ltr'><strong>:navis</strong></span> <span class='ocrx_word' id='word_1_256' title='bbox 3406 858 3515 902; x_wconf 84' lang='lat' dir='ltr'><strong>neu</strong></span> 
     </span>
    </p>
   </div>
   <div class='ocr_carea' id='block_1_38' title="bbox 1949 930 3169 1002">
    <p class='ocr_par' dir='ltr' id='par_1_38' title="bbox 1949 930 3169 1002">
     <span class='ocr_line' id='line_1_38' title="bbox 1949 930 3169 1002; baseline 0.007 -19"><span class='ocrx_word' id='word_1_257' title='bbox 1949 930 2113 1000; x_wconf 73' lang='lat' dir='ltr'><strong>iuste,</strong></span> <span class='ocrx_word' id='word_1_258' title='bbox 2157 946 2261 984; x_wconf 92' lang='lat' dir='ltr'><strong>non</strong></span> <span class='ocrx_word' id='word_1_259' title='bbox 2297 933 2544 996; x_wconf 77' lang='lat' dir='ltr'><strong>beneste,</strong></span> <span class='ocrx_word' id='word_1_260' title='bbox 2580 948 2608 984; x_wconf 87' lang='lat' dir='ltr'><strong>a</strong></span> <span class='ocrx_word' id='word_1_261' title='bbox 2638 940 2691 987; x_wconf 90' lang='lat' dir='ltr'><strong>te</strong></span> <span class='ocrx_word' id='word_1_262' title='bbox 2714 943 2859 988; x_wconf 87' lang='lat' dir='ltr'><strong>esset</strong></span> <span class='ocrx_word' id='word_1_263' title='bbox 2884 934 3169 1002; x_wconf 78' lang='lat' dir='ltr'><strong>acquisita.</strong></span> 
     </span>
    </p>
   </div>
   <div class='ocr_carea' id='block_1_39' title="bbox 2026 1022 3523 1095">
    <p class='ocr_par' dir='ltr' id='par_1_39' title="bbox 2026 1022 3523 1095">
     <span class='ocr_line' id='line_1_39' title="bbox 2026 1022 3523 1095; baseline 0.007 -19"><span class='ocrx_word' id='word_1_264' title='bbox 2026 1022 2140 1078; x_wconf 81' lang='lat' dir='ltr'><strong>XV.</strong></span> <span class='ocrx_word' id='word_1_265' title='bbox 2185 1022 2306 1078; x_wconf 73' lang='lat' dir='ltr'><strong>llaec</strong></span> <span class='ocrx_word' id='word_1_266' title='bbox 2350 1039 2470 1078; x_wconf 91' lang='lat' dir='ltr'><strong>cum</strong></span> <span class='ocrx_word' id='word_1_267' title='bbox 2515 1023 2765 1090; x_wconf 80' lang='lat' dir='ltr'><strong>dixisset,</strong></span> <span class='ocrx_word' id='word_1_268' title='bbox 2809 1025 2971 1095; x_wconf 86' lang='lat' dir='ltr'><strong>jussit</strong></span> <span class='ocrx_word' id='word_1_269' title='bbox 3010 1027 3059 1082; x_wconf 91' lang='lat' dir='ltr'><strong>ei</strong></span> <span class='ocrx_word' id='word_1_270' title='bbox 3092 1029 3207 1083; x_wconf 88' lang='lat' dir='ltr'><strong>dari</strong></span> <span class='ocrx_word' id='word_1_271' title='bbox 3247 1045 3409 1086; x_wconf 85' lang='lat' dir='ltr'><strong>unam</strong></span> <span class='ocrx_word' id='word_1_272' title='bbox 3456 1044 3523 1086; x_wconf 76' lang='lat' dir='ltr'><strong>ex</strong></span> 
     </span>
    </p>
   </div>
   <div class='ocr_carea' id='block_1_40' title="bbox 1958 1114 3525 1187">
    <p class='ocr_par' dir='ltr' id='par_1_40' title="bbox 1958 1114 3525 1187">
     <span class='ocr_line' id='line_1_40' title="bbox 1958 1114 3525 1187; baseline 0.004 -18"><span class='ocrx_word' id='word_1_273' title='bbox 1958 1116 2195 1171; x_wconf 82' lang='lat' dir='ltr'><strong>navibus.</strong></span> <span class='ocrx_word' id='word_1_274' title='bbox 2217 1114 2491 1179; x_wconf 67' lang='lat' dir='ltr'><strong>Ecclesim,</strong></span> <span class='ocrx_word' id='word_1_275' title='bbox 2528 1117 2800 1187; x_wconf 88' lang='lat' dir='ltr'><strong>impletam</strong></span> <span class='ocrx_word' id='word_1_276' title='bbox 2829 1120 3017 1186; x_wconf 78' lang='lat' dir='ltr'><strong>viginti</strong></span> <span class='ocrx_word' id='word_1_277' title='bbox 3057 1120 3291 1178; x_wconf 88' lang='lat' dir='ltr'><strong>millibus</strong></span> <span class='ocrx_word' id='word_1_278' title='bbox 3319 1125 3525 1179; x_wconf 81' lang='lat' dir='ltr'><strong>modiu-</strong></span> 
     </span>
    </p>
   </div>
   <div class='ocr_carea' id='block_1_41' title="bbox 1960 1196 3523 1284">
    <p class='ocr_par' dir='ltr' id='par_1_41' title="bbox 1960 1196 3523 1284">
     <span class='ocr_line' id='line_1_41' title="bbox 1960 1196 3523 1284; baseline 0.008 -25"><span class='ocrx_word' id='word_1_279' title='bbox 1960 1224 2075 1260; x_wconf 89' lang='lat' dir='ltr'><strong>rmu</strong></span> <span class='ocrx_word' id='word_1_280' title='bbox 2110 1208 2386 1261; x_wconf 76' lang='lat' dir='ltr'><strong>frumenti.</strong></span> <span class='ocrx_word' id='word_1_281' title='bbox 2433 1207 2551 1275; x_wconf 84' lang='lat' dir='ltr'><strong>Qua</strong></span> <span class='ocrx_word' id='word_1_282' title='bbox 2597 1196 2815 1278; x_wconf 82' lang='lat' dir='ltr'><strong>quidem</strong></span> <span class='ocrx_word' id='word_1_283' title='bbox 2852 1220 3094 1280; x_wconf 64' lang='lat' dir='ltr'><strong>aetepta,</strong></span> <span class='ocrx_word' id='word_1_284' title='bbox 3138 1212 3407 1284; x_wconf 81' lang='lat' dir='ltr'><strong>navigavi:</strong></span> <span class='ocrx_word' id='word_1_285' title='bbox 3456 1231 3523 1270; x_wconf 80' lang='lat' dir='ltr'><strong>ex</strong></span> 
     </span>
    </p>
   </div>
   <div class='ocr_carea' id='block_1_42' title="bbox 1959 1299 3522 1375">
    <p class='ocr_par' dir='ltr' id='par_1_42' title="bbox 1959 1299 3522 1375">
     <span class='ocr_line' id='line_1_42' title="bbox 1959 1299 3522 1375; baseline 0.003 -23"><span class='ocrx_word' id='word_1_286' title='bbox 1959 1299 2279 1354; x_wconf 77' lang='lat' dir='ltr'><strong>Alexandria</strong></span> <span class='ocrx_word' id='word_1_287' title='bbox 2316 1338 2332 1365; x_wconf 95' lang='lat'><strong>,</strong></span> <span class='ocrx_word' id='word_1_288' title='bbox 2379 1310 2435 1354; x_wconf 92' lang='lat' dir='ltr'><strong>et</strong></span> <span class='ocrx_word' id='word_1_289' title='bbox 2462 1309 2625 1355; x_wconf 77' lang='lat' dir='ltr'><strong>\ento</strong></span> <span class='ocrx_word' id='word_1_290' title='bbox 2655 1315 2783 1356; x_wconf 90' lang='lat' dir='ltr'><strong>usus</strong></span> <span class='ocrx_word' id='word_1_291' title='bbox 2818 1304 3075 1368; x_wconf 84' lang='lat' dir='ltr'><strong>secundo,</strong></span> <span class='ocrx_word' id='word_1_292' title='bbox 3100 1318 3223 1358; x_wconf 91' lang='lat' dir='ltr'><strong>cum</strong></span> <span class='ocrx_word' id='word_1_293' title='bbox 3256 1319 3318 1361; x_wconf 91' lang='lat' dir='ltr'><strong>se</strong></span> <span class='ocrx_word' id='word_1_294' title='bbox 3348 1306 3522 1375; x_wconf 89' lang='lat' dir='ltr'><strong>ipsum</strong></span> 
     </span>
    </p>
   </div>
   <div class='ocr_carea' id='block_1_43' title="bbox 1962 1390 3528 1461">
    <p class='ocr_par' dir='ltr' id='par_1_43' title="bbox 1962 1390 3528 1461">
     <span class='ocr_line' id='line_1_43' title="bbox 1962 1390 3528 1461; baseline 0.004 -18"><span class='ocrx_word' id='word_1_295' title='bbox 1962 1391 2277 1446; x_wconf 71' lang='lat' dir='ltr'><strong>tradidisset</strong></span> <span class='ocrx_word' id='word_1_296' title='bbox 2314 1393 2386 1458; x_wconf 87' lang='lat' dir='ltr'><strong>ei,</strong></span> <span class='ocrx_word' id='word_1_297' title='bbox 2427 1391 2517 1461; x_wconf 84' lang='lat' dir='ltr'><strong>qui</strong></span> <span class='ocrx_word' id='word_1_298' title='bbox 2558 1390 2799 1455; x_wconf 84' lang='lat' dir='ltr'><strong>ferebat,</strong></span> <span class='ocrx_word' id='word_1_299' title='bbox 2839 1391 3137 1448; x_wconf 79' lang='lat' dir='ltr'><strong>ducebatur</strong></span> <span class='ocrx_word' id='word_1_300' title='bbox 3166 1395 3302 1450; x_wconf 86' lang='lat' dir='ltr'><strong>nihil</strong></span> <span class='ocrx_word' id='word_1_301' title='bbox 3347 1398 3528 1452; x_wconf 84' lang='lat' dir='ltr'><strong>sciens</strong></span> 
     </span>
    </p>
   </div>
   <div class='ocr_carea' id='block_1_44' title="bbox 1963 1480 3502 1553">
    <p class='ocr_par' dir='ltr' id='par_1_44' title="bbox 1963 1480 3502 1553">
     <span class='ocr_line' id='line_1_44' title="bbox 1963 1480 3502 1553; baseline 0.005 -21"><span class='ocrx_word' id='word_1_302' title='bbox 1963 1480 2177 1534; x_wconf 82' lang='lat' dir='ltr'><strong>ubinam</strong></span> <span class='ocrx_word' id='word_1_303' title='bbox 2212 1491 2375 1535; x_wconf 79' lang='lat' dir='ltr'><strong>esset.</strong></span> <span class='ocrx_word' id='word_1_304' title='bbox 2422 1481 2555 1535; x_wconf 85' lang='lat' dir='ltr'><strong>Nam</strong></span> <span class='ocrx_word' id='word_1_305' title='bbox 2586 1497 2708 1536; x_wconf 90' lang='lat' dir='ltr'><strong>cum</strong></span> <span class='ocrx_word' id='word_1_306' title='bbox 2747 1480 2930 1553; x_wconf 76' lang='lat' dir='ltr'><strong>viginti</strong></span> <span class='ocrx_word' id='word_1_307' title='bbox 2956 1483 3071 1538; x_wconf 86' lang='lat' dir='ltr'><strong>dies</strong></span> <span class='ocrx_word' id='word_1_308' title='bbox 3103 1494 3157 1540; x_wconf 89' lang='lat' dir='ltr'><strong>et</strong></span> <span class='ocrx_word' id='word_1_309' title='bbox 3181 1486 3399 1542; x_wconf 84' lang='lat' dir='ltr'><strong>totidem</strong></span> <span class='ocrx_word' id='word_1_310' title='bbox 3430 1503 3502 1542; x_wconf 77' lang='lat' dir='ltr'><strong>no</strong></span> 
     </span>
    </p>
   </div>
   <div class='ocr_carea' id='block_1_45' title="bbox 1963 1568 3530 1647">
    <p class='ocr_par' dir='ltr' id='par_1_45' title="bbox 1963 1568 3530 1647">
     <span class='ocr_line' id='line_1_45' title="bbox 1963 1568 3530 1647; baseline 0.005 -22"><span class='ocrx_word' id='word_1_311' title='bbox 1963 1583 2077 1625; x_wconf 80' lang='lat' dir='ltr'><strong>etes</strong></span> <span class='ocrx_word' id='word_1_312' title='bbox 2124 1568 2278 1627; x_wconf 86' lang='lat' dir='ltr'><strong>navis</strong></span> <span class='ocrx_word' id='word_1_313' title='bbox 2310 1572 2387 1627; x_wconf 88' lang='lat' dir='ltr'><strong>sic</strong></span> <span class='ocrx_word' id='word_1_314' title='bbox 2426 1582 2693 1638; x_wconf 90' lang='lat' dir='ltr'><strong>curreret,</strong></span> <span class='ocrx_word' id='word_1_315' title='bbox 2745 1588 2922 1643; x_wconf 88' lang='lat' dir='ltr'><strong>neque</strong></span> <span class='ocrx_word' id='word_1_316' title='bbox 2972 1575 3109 1645; x_wconf 90' lang='lat' dir='ltr'><strong>ipse,</strong></span> <span class='ocrx_word' id='word_1_317' title='bbox 3158 1592 3335 1647; x_wconf 89' lang='lat' dir='ltr'><strong>neque</strong></span> <span class='ocrx_word' id='word_1_318' title='bbox 3390 1578 3530 1633; x_wconf 86' lang='lat' dir='ltr'><strong>ullus</strong></span> 
     </span>
    </p>
   </div>
   <div class='ocr_carea' id='block_1_46' title="bbox 1965 1662 3532 1735">
    <p class='ocr_par' dir='ltr' id='par_1_46' title="bbox 1965 1662 3532 1735">
     <span class='ocr_line' id='line_1_46' title="bbox 1965 1662 3532 1735; baseline 0.004 -20"><span class='ocrx_word' id='word_1_319' title='bbox 1965 1662 2099 1716; x_wconf 87' lang='lat' dir='ltr'><strong>alius</strong></span> <span class='ocrx_word' id='word_1_320' title='bbox 2128 1678 2193 1717; x_wconf 84' lang='lat' dir='ltr'><strong>ex</strong></span> <span class='ocrx_word' id='word_1_321' title='bbox 2238 1662 2324 1728; x_wconf 88' lang='lat' dir='ltr'><strong>iis,</strong></span> <span class='ocrx_word' id='word_1_322' title='bbox 2362 1663 2450 1731; x_wconf 86' lang='lat' dir='ltr'><strong>qui</strong></span> <span class='ocrx_word' id='word_1_323' title='bbox 2495 1672 2654 1718; x_wconf 90' lang='lat' dir='ltr'><strong>erant</strong></span> <span class='ocrx_word' id='word_1_324' title='bbox 2696 1663 2751 1717; x_wconf 92' lang='lat' dir='ltr'><strong>in</strong></span> <span class='ocrx_word' id='word_1_325' title='bbox 2787 1663 2932 1729; x_wconf 88' lang='lat' dir='ltr'><strong>navi,</strong></span> <span class='ocrx_word' id='word_1_326' title='bbox 2971 1680 3071 1721; x_wconf 93' lang='lat' dir='ltr'><strong>nee</strong></span> <span class='ocrx_word' id='word_1_327' title='bbox 3112 1681 3180 1721; x_wconf 84' lang='lat' dir='ltr'><strong>ex</strong></span> <span class='ocrx_word' id='word_1_328' title='bbox 3210 1668 3391 1735; x_wconf 86' lang='lat' dir='ltr'><strong>astris,</strong></span> <span class='ocrx_word' id='word_1_329' title='bbox 3428 1684 3532 1723; x_wconf 89' lang='lat' dir='ltr'><strong>nec</strong></span> 
     </span>
    </p>
   </div>
   <div class='ocr_carea' id='block_1_47' title="bbox 1964 1751 3528 1826">
    <p class='ocr_par' dir='ltr' id='par_1_47' title="bbox 1964 1751 3528 1826">
     <span class='ocr_line' id='line_1_47' title="bbox 1964 1751 3528 1826; baseline 0.006 -21"><span class='ocrx_word' id='word_1_330' title='bbox 1964 1767 2029 1805; x_wconf 79' lang='lat' dir='ltr'><strong>ex</strong></span> <span class='ocrx_word' id='word_1_331' title='bbox 2070 1752 2301 1821; x_wconf 83' lang='lat' dir='ltr'><strong>regionis</strong></span> <span class='ocrx_word' id='word_1_332' title='bbox 2354 1751 2588 1819; x_wconf 85' lang='lat' dir='ltr'><strong>indiciis,</strong></span> <span class='ocrx_word' id='word_1_333' title='bbox 2628 1755 2845 1808; x_wconf 84' lang='lat' dir='ltr'><strong>ubinam</strong></span> <span class='ocrx_word' id='word_1_334' title='bbox 2891 1766 3070 1811; x_wconf 80' lang='lat' dir='ltr'><strong>essent</strong></span> <span class='ocrx_word' id='word_1_335' title='bbox 3112 1765 3363 1826; x_wconf 84' lang='lat' dir='ltr'><strong>poterant</strong></span> <span class='ocrx_word' id='word_1_336' title='bbox 3415 1759 3528 1814; x_wconf 81' lang='lat' dir='ltr'><strong>dis—</strong></span> 
     </span>
    </p>
   </div>
   <div class='ocr_carea' id='block_1_48' title="bbox 1965 1844 3527 1920">
    <p class='ocr_par' dir='ltr' id='par_1_48' title="bbox 1965 1844 3527 1920">
     <span class='ocr_line' id='line_1_48' title="bbox 1965 1844 3527 1920; baseline 0.004 -23"><span class='ocrx_word' id='word_1_337' title='bbox 1965 1858 2210 1908; x_wconf 82' lang='lat' dir='ltr'><strong>cernere,</strong></span> <span class='ocrx_word' id='word_1_338' title='bbox 2262 1844 2363 1899; x_wconf 88' lang='lat' dir='ltr'><strong>nisi</strong></span> <span class='ocrx_word' id='word_1_339' title='bbox 2398 1845 2542 1914; x_wconf 90' lang='lat' dir='ltr'><strong>quod</strong></span> <span class='ocrx_word' id='word_1_340' title='bbox 2584 1844 2682 1899; x_wconf 90' lang='lat' dir='ltr'><strong>soli</strong></span> <span class='ocrx_word' id='word_1_341' title='bbox 2717 1846 3064 1916; x_wconf 87' lang='lat' dir='ltr'><strong>gubernatori</strong></span> <span class='ocrx_word' id='word_1_342' title='bbox 3109 1849 3406 1919; x_wconf 86' lang='lat' dir='ltr'><strong>apparebat</strong></span> <span class='ocrx_word' id='word_1_343' title='bbox 3430 1865 3527 1920; x_wconf 82' lang='lat' dir='ltr'><strong>pa-</strong></span> 
     </span>
    </p>
   </div>
   <div class='ocr_carea' id='block_1_49' title="bbox 1964 1933 3530 2007">
    <p class='ocr_par' dir='ltr' id='par_1_49' title="bbox 1964 1933 3530 2007">
     <span class='ocr_line' id='line_1_49' title="bbox 1964 1933 3530 2007; baseline 0.006 -20"><span class='ocrx_word' id='word_1_344' title='bbox 1964 1934 2219 1998; x_wconf 89' lang='lat' dir='ltr'><strong>triarcha,</strong></span> <span class='ocrx_word' id='word_1_345' title='bbox 2253 1948 2373 1988; x_wconf 89' lang='lat' dir='ltr'><strong>eum</strong></span> <span class='ocrx_word' id='word_1_346' title='bbox 2404 1947 2470 1988; x_wconf 91' lang='lat' dir='ltr'><strong>eo</strong></span> <span class='ocrx_word' id='word_1_347' title='bbox 2499 1933 2706 1988; x_wconf 81' lang='lat' dir='ltr'><strong>clavam</strong></span> <span class='ocrx_word' id='word_1_348' title='bbox 2733 1934 2993 2004; x_wconf 81' lang='lat' dir='ltr'><strong>dirigens.</strong></span> <span class='ocrx_word' id='word_1_349' title='bbox 3026 1934 3160 1991; x_wconf 88' lang='lat' dir='ltr'><strong>Cum</strong></span> <span class='ocrx_word' id='word_1_350' title='bbox 3184 1946 3365 1993; x_wconf 86' lang='lat' dir='ltr'><strong>autem</strong></span> <span class='ocrx_word' id='word_1_351' title='bbox 3399 1952 3530 2007; x_wconf 54' lang='lat' dir='ltr'><strong>pra-</strong></span> 
     </span>
    </p>
   </div>
   <div class='ocr_carea' id='block_1_50' title="bbox 1966 2022 3528 2093">
    <p class='ocr_par' dir='ltr' id='par_1_50' title="bbox 1966 2022 3528 2093">
     <span class='ocr_line' id='line_1_50' title="bbox 1966 2022 3528 2093; baseline 0.004 -18"><span class='ocrx_word' id='word_1_352' title='bbox 1966 2024 2204 2079; x_wconf 76' lang='lat' dir='ltr'><strong>teriisset</strong></span> <span class='ocrx_word' id='word_1_353' title='bbox 2259 2022 2550 2079; x_wconf 71' lang='lat' dir='ltr'><strong>vicesimus</strong></span> <span class='ocrx_word' id='word_1_354' title='bbox 2602 2024 2750 2092; x_wconf 85' lang='lat' dir='ltr'><strong>dies,</strong></span> <span class='ocrx_word' id='word_1_355' title='bbox 2817 2025 3137 2093; x_wconf 81' lang='lat' dir='ltr'><strong>perveniunt</strong></span> <span class='ocrx_word' id='word_1_356' title='bbox 3196 2026 3262 2080; x_wconf 90' lang='lat' dir='ltr'><strong>ad</strong></span> <span class='ocrx_word' id='word_1_357' title='bbox 3323 2027 3528 2083; x_wconf 80' lang='lat' dir='ltr'><strong>insulas</strong></span> 
     </span>
    </p>
   </div>
   <div class='ocr_carea' id='block_1_51' title="bbox 1974 2115 3529 2190">
    <p class='ocr_par' dir='ltr' id='par_1_51' title="bbox 1974 2115 3529 2190">
     <span class='ocr_line' id='line_1_51' title="bbox 1974 2115 3529 2190; baseline 0.005 -22"><span class='ocrx_word' id='word_1_358' title='bbox 1974 2115 2329 2171; x_wconf 73' lang='lat' dir='ltr'><strong>Britannicas.</strong></span> <span class='ocrx_word' id='word_1_359' title='bbox 2354 2115 2521 2182; x_wconf 86' lang='lat' dir='ltr'><strong>Quem</strong></span> <span class='ocrx_word' id='word_1_360' title='bbox 2554 2117 2604 2169; x_wconf 93' lang='lat' dir='ltr'><strong>in</strong></span> <span class='ocrx_word' id='word_1_361' title='bbox 2628 2116 2803 2170; x_wconf 86' lang='lat' dir='ltr'><strong>locum</strong></span> <span class='ocrx_word' id='word_1_362' title='bbox 2838 2125 2960 2171; x_wconf 88' lang='lat' dir='ltr'><strong>cum</strong></span> <span class='ocrx_word' id='word_1_363' title='bbox 2991 2117 3344 2190; x_wconf 66' lang='lat' dir='ltr'><strong>appulissent,</strong></span> <span class='ocrx_word' id='word_1_364' title='bbox 3382 2120 3529 2175; x_wconf 85' lang='lat' dir='ltr'><strong>iuve-</strong></span> 
     </span>
    </p>
   </div>
   <div class='ocr_carea' id='block_1_52' title="bbox 1966 2204 3529 2280">
    <p class='ocr_par' dir='ltr' id='par_1_52' title="bbox 1966 2204 3529 2280">
     <span class='ocr_line' id='line_1_52' title="bbox 1966 2204 3529 2280; baseline 0.002 -18"><span class='ocrx_word' id='word_1_365' title='bbox 1966 2212 2118 2262; x_wconf 87' lang='lat' dir='ltr'><strong>niunt</strong></span> <span class='ocrx_word' id='word_1_366' title='bbox 2152 2208 2345 2264; x_wconf 89' lang='lat' dir='ltr'><strong>famem</strong></span> <span class='ocrx_word' id='word_1_367' title='bbox 2386 2208 2832 2275; x_wconf 79' lang='lat' dir='ltr'><strong>crudelissimam,</strong></span> <span class='ocrx_word' id='word_1_368' title='bbox 2865 2209 3060 2265; x_wconf 82' lang='lat' dir='ltr'><strong>famem</strong></span> <span class='ocrx_word' id='word_1_369' title='bbox 3112 2226 3235 2280; x_wconf 73' lang='lat' dir='ltr'><strong>qua:</strong></span> <span class='ocrx_word' id='word_1_370' title='bbox 3282 2204 3529 2267; x_wconf 83' lang='lat' dir='ltr'><strong>homines</strong></span> 
     </span>
    </p>
   </div>
   <div class='ocr_carea' id='block_1_53' title="bbox 1967 2300 3527 2367">
    <p class='ocr_par' dir='ltr' id='par_1_53' title="bbox 1967 2300 3527 2367">
     <span class='ocr_line' id='line_1_53' title="bbox 1967 2300 3527 2367; baseline 0.002 -14"><span class='ocrx_word' id='word_1_371' title='bbox 1967 2300 2111 2354; x_wconf 89' lang='lat' dir='ltr'><strong>illius</strong></span> <span class='ocrx_word' id='word_1_372' title='bbox 2173 2300 2409 2367; x_wconf 79' lang='lat' dir='ltr'><strong>regionis</strong></span> <span class='ocrx_word' id='word_1_373' title='bbox 2476 2300 2674 2355; x_wconf 86' lang='lat' dir='ltr'><strong>misere</strong></span> <span class='ocrx_word' id='word_1_374' title='bbox 2734 2300 3077 2356; x_wconf 77' lang='lat' dir='ltr'><strong>coitliciebat.</strong></span> <span class='ocrx_word' id='word_1_375' title='bbox 3148 2303 3284 2358; x_wconf 84' lang='lat' dir='ltr'><strong>Cum</strong></span> <span class='ocrx_word' id='word_1_376' title='bbox 3348 2314 3527 2359; x_wconf 85' lang='lat' dir='ltr'><strong>autem</strong></span> 
     </span>
    </p>
   </div>
   <div class='ocr_carea' id='block_1_54' title="bbox 1966 2389 3526 2464">
    <p class='ocr_par' dir='ltr' id='par_1_54' title="bbox 1966 2389 3526 2464">
     <span class='ocr_line' id='line_1_54' title="bbox 1966 2389 3526 2464; baseline 0.002 -19"><span class='ocrx_word' id='word_1_377' title='bbox 1966 2404 2154 2445; x_wconf 90' lang='lat' dir='ltr'><strong>eorum</strong></span> <span class='ocrx_word' id='word_1_378' title='bbox 2191 2389 2492 2459; x_wconf 86' lang='lat' dir='ltr'><strong>principem</strong></span> <span class='ocrx_word' id='word_1_379' title='bbox 2517 2392 2921 2457; x_wconf 82' lang='lat' dir='ltr'><strong>convenissent,</strong></span> <span class='ocrx_word' id='word_1_380' title='bbox 2951 2399 3008 2448; x_wconf 90' lang='lat' dir='ltr'><strong>et</strong></span> <span class='ocrx_word' id='word_1_381' title='bbox 3051 2395 3120 2449; x_wconf 90' lang='lat' dir='ltr'><strong>ab</strong></span> <span class='ocrx_word' id='word_1_382' title='bbox 3148 2394 3227 2449; x_wconf 87' lang='lat' dir='ltr'><strong>eis</strong></span> <span class='ocrx_word' id='word_1_383' title='bbox 3255 2395 3526 2464; x_wconf 81' lang='lat' dir='ltr'><strong>cognitum</strong></span> 
     </span>
    </p>
   </div>
   <div class='ocr_carea' id='block_1_55' title="bbox 1964 2480 3530 2557">
    <p class='ocr_par' dir='ltr' id='par_1_55' title="bbox 1964 2480 3530 2557">
     <span class='ocr_line' id='line_1_55' title="bbox 1964 2480 3530 2557; baseline 0.003 -22"><span class='ocrx_word' id='word_1_384' title='bbox 1964 2490 2134 2544; x_wconf 85' lang='lat' dir='ltr'><strong>esset,</strong></span> <span class='ocrx_word' id='word_1_385' title='bbox 2160 2480 2301 2548; x_wconf 88' lang='lat' dir='ltr'><strong>quod</strong></span> <span class='ocrx_word' id='word_1_386' title='bbox 2331 2480 2659 2536; x_wconf 82' lang='lat' dir='ltr'><strong>frttmentum</strong></span> <span class='ocrx_word' id='word_1_387' title='bbox 2693 2481 2971 2549; x_wconf 73' lang='lat' dir='ltr'><strong>afferrent,</strong></span> <span class='ocrx_word' id='word_1_388' title='bbox 2998 2498 3191 2557; x_wconf 89' lang='lat' dir='ltr'><strong>magna</strong></span> <span class='ocrx_word' id='word_1_389' title='bbox 3222 2483 3332 2557; x_wconf 80' lang='grc'>(10)</span> <span class='ocrx_word' id='word_1_390' title='bbox 3363 2487 3530 2541; x_wconf 89' lang='lat' dir='ltr'><strong>animi</strong></span> 
     </span>
    </p>
   </div>
   <div class='ocr_carea' id='block_1_56' title="bbox 1967 2567 3527 2645">
    <p class='ocr_par' dir='ltr' id='par_1_56' title="bbox 1967 2567 3527 2645">
     <span class='ocr_line' id='line_1_56' title="bbox 1967 2567 3527 2645; baseline 0.004 -24"><span class='ocrx_word' id='word_1_391' title='bbox 1967 2567 2245 2639; x_wconf 72' lang='lat' dir='ltr'><strong>alacritate</strong></span> <span class='ocrx_word' id='word_1_392' title='bbox 2265 2568 2486 2640; x_wconf 88' lang='lat' dir='ltr'><strong>impleta</strong></span> <span class='ocrx_word' id='word_1_393' title='bbox 2511 2581 2596 2626; x_wconf 87' lang='lat' dir='ltr'><strong>est</strong></span> <span class='ocrx_word' id='word_1_394' title='bbox 2622 2580 2732 2627; x_wconf 89' lang='lat' dir='ltr'><strong>tota</strong></span> <span class='ocrx_word' id='word_1_395' title='bbox 2758 2573 2970 2638; x_wconf 83' lang='lat' dir='ltr'><strong>civitas,</strong></span> <span class='ocrx_word' id='word_1_396' title='bbox 2999 2583 3053 2629; x_wconf 89' lang='lat' dir='ltr'><strong>et</strong></span> <span class='ocrx_word' id='word_1_397' title='bbox 3081 2590 3174 2630; x_wconf 92' lang='lat' dir='ltr'><strong>eos</strong></span> <span class='ocrx_word' id='word_1_398' title='bbox 3192 2589 3321 2630; x_wconf 87' lang='lat' dir='ltr'><strong>eum</strong></span> <span class='ocrx_word' id='word_1_399' title='bbox 3339 2591 3527 2645; x_wconf 85' lang='lat' dir='ltr'><strong>magna</strong></span> 
     </span>
    </p>
   </div>
   <div class='ocr_carea' id='block_1_57' title="bbox 1969 2658 3533 2727">
    <p class='ocr_par' dir='ltr' id='par_1_57' title="bbox 1969 2658 3533 2727">
     <span class='ocr_line' id='line_1_57' title="bbox 1969 2658 3533 2727; baseline 0.006 -16"><span class='ocrx_word' id='word_1_400' title='bbox 1969 2659 2178 2727; x_wconf 89' lang='lat' dir='ltr'><strong>accepit</strong></span> <span class='ocrx_word' id='word_1_401' title='bbox 2212 2658 2393 2713; x_wconf 82' lang='lat' dir='ltr'><strong>laetitia</strong></span> <span class='ocrx_word' id='word_1_402' title='bbox 2414 2699 2430 2725; x_wconf 89' lang='lat'><strong>,</strong></span> <span class='ocrx_word' id='word_1_403' title='bbox 2461 2676 2566 2717; x_wconf 88' lang='lat' dir='ltr'><strong>non</strong></span> <span class='ocrx_word' id='word_1_404' title='bbox 2602 2663 2718 2718; x_wconf 89' lang='lat' dir='ltr'><strong>sine</strong></span> <span class='ocrx_word' id='word_1_405' title='bbox 2744 2663 2838 2719; x_wconf 85' lang='lat' dir='ltr'><strong>Dei</strong></span> <span class='ocrx_word' id='word_1_406' title='bbox 2865 2666 3083 2720; x_wconf 76' lang='lat' dir='ltr'><strong>numine</strong></span> <span class='ocrx_word' id='word_1_407' title='bbox 3126 2680 3221 2722; x_wconf 84' lang='lat' dir='ltr'><strong>eos</strong></span> <span class='ocrx_word' id='word_1_408' title='bbox 3250 2667 3533 2721; x_wconf 83' lang='lat' dir='ltr'><strong>advenisse</strong></span> 
     </span>
    </p>
   </div>
   <div class='ocr_carea' id='block_1_58' title="bbox 1970 2752 3531 2823">
    <p class='ocr_par' dir='ltr' id='par_1_58' title="bbox 1970 2752 3531 2823">
     <span class='ocr_line' id='line_1_58' title="bbox 1970 2752 3531 2823; baseline 0.003 -16"><span class='ocrx_word' id='word_1_409' title='bbox 1970 2762 2249 2823; x_wconf 88' lang='lat' dir='ltr'><strong>reputans.</strong></span> <span class='ocrx_word' id='word_1_410' title='bbox 2281 2752 2427 2808; x_wconf 82' lang='lat' dir='ltr'><strong>Cum&#39;</strong></span> <span class='ocrx_word' id='word_1_411' title='bbox 2462 2765 2640 2811; x_wconf 89' lang='lat' dir='ltr'><strong>autem</strong></span> <span class='ocrx_word' id='word_1_412' title='bbox 2677 2757 2942 2813; x_wconf 88' lang='lat' dir='ltr'><strong>insulares</strong></span> <span class='ocrx_word' id='word_1_413' title='bbox 2983 2761 3151 2813; x_wconf 82' lang='lat' dir='ltr'><strong>totum</strong></span> <span class='ocrx_word' id='word_1_414' title='bbox 3199 2758 3531 2815; x_wconf 76' lang='lat' dir='ltr'><strong>frumentum</strong></span> 
     </span>
    </p>
   </div>
   <div class='ocr_carea' id='block_1_59' title="bbox 1970 2845 3533 2921">
    <p class='ocr_par' dir='ltr' id='par_1_59' title="bbox 1970 2845 3533 2921">
     <span class='ocr_line' id='line_1_59' title="bbox 1970 2845 3533 2921; baseline 0.004 -20"><span class='ocrx_word' id='word_1_415' title='bbox 1970 2845 2251 2911; x_wconf 87' lang='lat' dir='ltr'><strong>emissent,</strong></span> <span class='ocrx_word' id='word_1_416' title='bbox 2302 2862 2403 2916; x_wconf 82' lang='lat' dir='ltr'><strong>pro</strong></span> <span class='ocrx_word' id='word_1_417' title='bbox 2441 2847 2663 2904; x_wconf 90' lang='lat' dir='ltr'><strong>dimidio</strong></span> <span class='ocrx_word' id='word_1_418' title='bbox 2705 2850 2920 2919; x_wconf 84' lang='lat' dir='ltr'><strong>quidem</strong></span> <span class='ocrx_word' id='word_1_419' title='bbox 2968 2866 3161 2906; x_wconf 87' lang='lat' dir='ltr'><strong>aurtnn</strong></span> <span class='ocrx_word' id='word_1_420' title='bbox 3209 2852 3533 2921; x_wconf 70' lang='lat' dir='ltr'><strong>praebentes,</strong></span> 
     </span>
    </p>
   </div>
   <div class='ocr_carea' id='block_1_60' title="bbox 1973 2934 3536 3006">
    <p class='ocr_par' dir='ltr' id='par_1_60' title="bbox 1973 2934 3536 3006">
     <span class='ocr_line' id='line_1_60' title="bbox 1973 2934 3536 3006; baseline 0.003 -19"><span class='ocrx_word' id='word_1_421' title='bbox 1973 2949 2072 3004; x_wconf 82' lang='lat' dir='ltr'><strong>pro</strong></span> <span class='ocrx_word' id='word_1_422' title='bbox 2100 2934 2306 3004; x_wconf 86' lang='lat' dir='ltr'><strong>reliquo</strong></span> <span class='ocrx_word' id='word_1_423' title='bbox 2335 2945 2514 2989; x_wconf 91' lang='lat' dir='ltr'><strong>autem</strong></span> <span class='ocrx_word' id='word_1_424' title='bbox 2552 2945 2805 2990; x_wconf 86' lang='lat' dir='ltr'><strong>stannum</strong></span> <span class='ocrx_word' id='word_1_425' title='bbox 2853 2936 2950 3006; x_wconf 90' lang='lat' dir='ltr'><strong>(ita</strong></span> <span class='ocrx_word' id='word_1_426' title='bbox 3005 2936 3150 2992; x_wconf 84' lang='lat' dir='ltr'><strong>enim</strong></span> <span class='ocrx_word' id='word_1_427' title='bbox 3185 2947 3325 2991; x_wconf 88' lang='lat' dir='ltr'><strong>tnter</strong></span> <span class='ocrx_word' id='word_1_428' title='bbox 3359 2940 3536 2991; x_wconf 87' lang='lat' dir='ltr'><strong>utros-</strong></span> 
     </span>
    </p>
   </div>
   <div class='ocr_carea' id='block_1_61' title="bbox 1972 3028 3537 3100">
    <p class='ocr_par' dir='ltr' id='par_1_61' title="bbox 1972 3028 3537 3100">
     <span class='ocr_line' id='line_1_61' title="bbox 1972 3028 3537 3100; baseline 0.001 -21"><span class='ocrx_word' id='word_1_429' title='bbox 1972 3042 2077 3098; x_wconf 88' lang='lat' dir='ltr'><strong>que</strong></span> <span class='ocrx_word' id='word_1_430' title='bbox 2109 3029 2469 3097; x_wconf 78' lang='lat' dir='ltr'><strong>convenerat)</strong></span> <span class='ocrx_word' id='word_1_431' title='bbox 2519 3036 2573 3082; x_wconf 90' lang='lat' dir='ltr'><strong>et</strong></span> <span class='ocrx_word' id='word_1_432' title='bbox 2614 3036 2882 3083; x_wconf 84' lang='lat' dir='ltr'><strong>mercator</strong></span> <span class='ocrx_word' id='word_1_433' title='bbox 2918 3028 3030 3100; x_wconf 83' lang='lat' dir='ltr'><strong>jam</strong></span> <span class='ocrx_word' id='word_1_434' title='bbox 3078 3028 3298 3094; x_wconf 82' lang='lat' dir='ltr'><strong>rediret,</strong></span> <span class='ocrx_word' id='word_1_435' title='bbox 3343 3028 3402 3083; x_wconf 87' lang='lat' dir='ltr'><strong>fit</strong></span> <span class='ocrx_word' id='word_1_436' title='bbox 3451 3042 3537 3081; x_wconf 78' lang='lat' dir='ltr'><strong>res</strong></span> 
     </span>
    </p>
   </div>
   <div class='ocr_carea' id='block_1_62' title="bbox 1973 3120 3537 3191">
    <p class='ocr_par' dir='ltr' id='par_1_62' title="bbox 1973 3120 3537 3191">
     <span class='ocr_line' id='line_1_62' title="bbox 1973 3120 3537 3191; baseline 0.002 -18"><span class='ocrx_word' id='word_1_437' title='bbox 1973 3121 2238 3191; x_wconf 63' lang='lat' dir='ltr'><strong>quaedam,</strong></span> <span class='ocrx_word' id='word_1_438' title='bbox 2274 3135 2395 3190; x_wconf 61' lang='lat' dir='ltr'><strong>quae</strong></span> <span class='ocrx_word' id='word_1_439' title='bbox 2425 3122 2579 3191; x_wconf 80' lang='lat' dir='ltr'><strong>digna</strong></span> <span class='ocrx_word' id='word_1_440' title='bbox 2608 3128 2721 3187; x_wconf 88' lang='lat' dir='ltr'><strong>est,</strong></span> <span class='ocrx_word' id='word_1_441' title='bbox 2749 3120 2793 3176; x_wconf 89' lang='lat' dir='ltr'><strong>si</strong></span> <span class='ocrx_word' id='word_1_442' title='bbox 2830 3120 2935 3177; x_wconf 87' lang='lat' dir='ltr'><strong>ulla</strong></span> <span class='ocrx_word' id='word_1_443' title='bbox 2967 3121 3092 3187; x_wconf 86' lang='lat' dir='ltr'><strong>alia,</strong></span> <span class='ocrx_word' id='word_1_444' title='bbox 3121 3136 3240 3191; x_wconf 78' lang='lat' dir='ltr'><strong>quae</strong></span> <span class='ocrx_word' id='word_1_445' title='bbox 3267 3121 3537 3177; x_wconf 76' lang='lat' dir='ltr'><strong>memoria:</strong></span> 
     </span>
    </p>
   </div>
   <div class='ocr_carea' id='block_1_63' title="bbox 304 3207 1874 3298">
    <p class='ocr_par' dir='ltr' id='par_1_63' title="bbox 304 3207 1874 3284">
     <span class='ocr_line' id='line_1_63' title="bbox 304 3207 1874 3284; baseline -0.004 -16"><span class='ocrx_word' id='word_1_446' title='bbox 304 3216 590 3270; x_wconf 83' lang='grc' dir='ltr'>πιστεῦσαι</span> <span class='ocrx_word' id='word_1_447' title='bbox 627 3216 692 3284; x_wconf 82' lang='grc' dir='ltr'><strong>τῇ</strong></span> <span class='ocrx_word' id='word_1_448' title='bbox 723 3214 798 3284; x_wconf 82' lang='grc' dir='ltr'>μὴ</span> <span class='ocrx_word' id='word_1_449' title='bbox 830 3212 968 3267; x_wconf 87' lang='grc' dir='ltr'>πάνυ</span> <span class='ocrx_word' id='word_1_450' title='bbox 998 3210 1293 3282; x_wconf 72' lang='grc' dir='ltr'>πιστοτάτη</span> <span class='ocrx_word' id='word_1_451' title='bbox 1326 3210 1434 3263; x_wconf 80' lang='grc' dir='ltr'>τῶν</span> <span class='ocrx_word' id='word_1_452' title='bbox 1480 3208 1680 3275; x_wconf 83' lang='grc' dir='ltr'>ἀκοῶν,</span> <span class='ocrx_word' id='word_1_453' title='bbox 1715 3207 1874 3261; x_wconf 74' lang='grc' dir='ltr'>οὐδα-</span> 
     </span>
    </p>
   </div>
   <div class='ocr_carea' id='block_1_64' title="bbox 1981 3207 3542 3298">
    <p class='ocr_par' dir='ltr' id='par_1_64' title="bbox 1981 3212 3542 3284">
     <span class='ocr_line' id='line_1_64' title="bbox 1981 3212 3542 3284; baseline 0.001 -17"><span class='ocrx_word' id='word_1_454' title='bbox 1981 3212 2193 3284; x_wconf 84' lang='lat' dir='ltr'><strong>quidem</strong></span> <span class='ocrx_word' id='word_1_455' title='bbox 2228 3220 2281 3267; x_wconf 87' lang='lat' dir='ltr'><strong>et</strong></span> <span class='ocrx_word' id='word_1_456' title='bbox 2319 3213 2535 3281; x_wconf 89' lang='lat' dir='ltr'><strong>scriptis</strong></span> <span class='ocrx_word' id='word_1_457' title='bbox 2570 3214 2855 3268; x_wconf 86' lang='lat' dir='ltr'><strong>mandetur</strong></span> <span class='ocrx_word' id='word_1_458' title='bbox 2900 3232 2915 3269; x_wconf 88' lang='lat'><strong>:</strong></span> <span class='ocrx_word' id='word_1_459' title='bbox 2952 3214 3241 3271; x_wconf 88' lang='lat' dir='ltr'><strong>admittere</strong></span> <span class='ocrx_word' id='word_1_460' title='bbox 3268 3223 3446 3269; x_wconf 88' lang='lat' dir='ltr'><strong>autem</strong></span> <span class='ocrx_word' id='word_1_461' title='bbox 3486 3226 3542 3270; x_wconf 92' lang='lat' dir='ltr'><strong>et</strong></span> 
     </span>
    </p>
   </div>
   <div class='ocr_carea' id='block_1_65' title="bbox 308 3306 660 3379">
    <p class='ocr_par' dir='ltr' id='par_1_65' title="bbox 308 3306 660 3379">
     <span class='ocr_line' id='line_1_65' title="bbox 308 3306 660 3379; baseline -0.009 -16"><span class='ocrx_word' id='word_1_462' title='bbox 308 3307 428 3379; x_wconf 82' lang='grc' dir='ltr'><strong>μῶς</strong></span> <span class='ocrx_word' id='word_1_463' title='bbox 456 3306 660 3379; x_wconf 74' lang='grc' dir='ltr'>ῥᾴδιον.</span> 
     </span>
    </p>
   </div>
   <div class='ocr_carea' id='block_1_66' title="bbox 378 3480 1878 3556">
    <p class='ocr_par' dir='ltr' id='par_1_66' title="bbox 378 3480 1878 3556">
     <span class='ocr_line' id='line_1_66' title="bbox 378 3480 1878 3556; baseline -0.005 -17"><span class='ocrx_word' id='word_1_464' title='bbox 378 3488 496 3553; x_wconf 72' lang='lat' dir='ltr'><strong>1G&quot;.</strong></span> <span class='ocrx_word' id='word_1_465' title='bbox 530 3486 617 3547; x_wconf 76' lang='lat'><strong>&#39;0;</strong></span> <span class='ocrx_word' id='word_1_466' title='bbox 648 3485 757 3555; x_wconf 78' lang='grc' dir='ltr'>γὰρ</span> <span class='ocrx_word' id='word_1_467' title='bbox 788 3485 884 3556; x_wconf 74' lang='grc' dir='ltr'>τὴν</span> <span class='ocrx_word' id='word_1_468' title='bbox 910 3484 1208 3538; x_wconf 84' lang='grc' dir='ltr'>Δεκάπολιν</span> <span class='ocrx_word' id='word_1_469' title='bbox 1229 3482 1328 3554; x_wconf 74' lang='grc' dir='ltr'>ἤδη</span> <span class='ocrx_word' id='word_1_470' title='bbox 1362 3480 1660 3535; x_wconf 77' lang='grc' dir='ltr'>κατέλαϐον</span> <span class='ocrx_word' id='word_1_471' title='bbox 1693 3480 1878 3532; x_wconf 58' lang='grc' dir='ltr'>πλέονι</span> 
     </span>
    </p>
   </div>
   <div class='ocr_carea' id='block_1_67' title="bbox 306 3572 1880 3649">
    <p class='ocr_par' dir='ltr' id='par_1_67' title="bbox 306 3572 1880 3649">
     <span class='ocr_line' id='line_1_67' title="bbox 306 3572 1880 3649; baseline -0.005 -17"><span class='ocrx_word' id='word_1_472' title='bbox 306 3596 423 3645; x_wconf 79' lang='grc' dir='ltr'>τες,</span> <span class='ocrx_word' id='word_1_473' title='bbox 469 3579 497 3630; x_wconf 90' lang='grc' dir='ltr'><strong>ὁ</strong></span> <span class='ocrx_word' id='word_1_474' title='bbox 549 3577 851 3649; x_wconf 80' lang='grc' dir='ltr'>ναύκληρος</span> <span class='ocrx_word' id='word_1_475' title='bbox 884 3578 982 3648; x_wconf 83' lang='grc' dir='ltr'>τῆς</span> <span class='ocrx_word' id='word_1_476' title='bbox 1032 3576 1158 3646; x_wconf 79' lang='grc' dir='ltr'>νηὸς</span> <span class='ocrx_word' id='word_1_477' title='bbox 1200 3573 1431 3639; x_wconf 75' lang='grc' dir='ltr'>ἀποϐὰς,</span> <span class='ocrx_word' id='word_1_478' title='bbox 1463 3573 1603 3643; x_wconf 78' lang='grc' dir='ltr'>φίλῳ</span> <span class='ocrx_word' id='word_1_479' title='bbox 1631 3572 1739 3625; x_wconf 73' lang='grc' dir='ltr'>τινὶ</span> <span class='ocrx_word' id='word_1_480' title='bbox 1786 3573 1880 3624; x_wconf 73' lang='grc' dir='ltr'>καὶ</span> 
     </span>
    </p>
   </div>
   <div class='ocr_carea' id='block_1_68' title="bbox 306 3664 1878 3741">
    <p class='ocr_par' dir='ltr' id='par_1_68' title="bbox 306 3664 1878 3741">
     <span class='ocr_line' id='line_1_68' title="bbox 306 3664 1878 3741; baseline -0.005 -18"><span class='ocrx_word' id='word_1_481' title='bbox 306 3670 528 3741; x_wconf 78' lang='grc' dir='ltr'>συνήθει</span> <span class='ocrx_word' id='word_1_482' title='bbox 566 3669 934 3740; x_wconf 82' lang='grc' dir='ltr'>ἀργυροκόπῳ</span> <span class='ocrx_word' id='word_1_483' title='bbox 975 3668 1071 3738; x_wconf 82' lang='grc' dir='ltr'>τὴν</span> <span class='ocrx_word' id='word_1_484' title='bbox 1106 3668 1301 3737; x_wconf 86' lang='grc' dir='ltr'>τέχνην</span> <span class='ocrx_word' id='word_1_485' title='bbox 1357 3664 1689 3735; x_wconf 85' lang='grc' dir='ltr'>περιτυχὼν,</span> <span class='ocrx_word' id='word_1_486' title='bbox 1747 3680 1878 3716; x_wconf 85' lang='grc' dir='ltr'>πεν-</span> 
     </span>
    </p>
   </div>
   <div class='ocr_carea' id='block_1_69' title="bbox 307 3752 1879 3830">
    <p class='ocr_par' dir='ltr' id='par_1_69' title="bbox 307 3752 1879 3830">
     <span class='ocr_line' id='line_1_69' title="bbox 307 3752 1879 3830; baseline -0.003 -19"><span class='ocrx_word' id='word_1_487' title='bbox 307 3762 543 3830; x_wconf 76' lang='grc' dir='ltr'>τήκοντα</span> <span class='ocrx_word' id='word_1_488' title='bbox 563 3761 753 3829; x_wconf 87' lang='grc' dir='ltr'>λίτρας</span> <span class='ocrx_word' id='word_1_489' title='bbox 786 3754 933 3830; x_wconf 86' lang='grc' dir='ltr'><strong>αύτῴ</strong></span> <span class='ocrx_word' id='word_1_490' title='bbox 962 3758 1053 3827; x_wconf 72' lang='grc' dir='ltr'>ἀφ’</span> <span class='ocrx_word' id='word_1_491' title='bbox 1094 3752 1265 3827; x_wconf 71' lang='grc' dir='ltr'>οὗπερ</span> <span class='ocrx_word' id='word_1_492' title='bbox 1316 3755 1511 3825; x_wconf 74' lang='grc' dir='ltr'>εἴληφε</span> <span class='ocrx_word' id='word_1_493' title='bbox 1556 3754 1879 3825; x_wconf 81' lang='grc' dir='ltr'>κασσιτέρου</span> 
     </span>
    </p>
   </div>
   <div class='ocr_carea' id='block_1_70' title="bbox 306 3844 1884 3923">
    <p class='ocr_par' dir='ltr' id='par_1_70' title="bbox 306 3844 1884 3923">
     <span class='ocr_line' id='line_1_70' title="bbox 306 3844 1884 3923; baseline -0.005 -19"><span class='ocrx_word' id='word_1_494' title='bbox 306 3851 453 3916; x_wconf 74' lang='grc' dir='ltr'>δοὺς,</span> <span class='ocrx_word' id='word_1_495' title='bbox 480 3852 577 3923; x_wconf 79' lang='grc' dir='ltr'>τὴν</span> <span class='ocrx_word' id='word_1_496' title='bbox 608 3852 746 3922; x_wconf 78' lang='grc' dir='ltr'>ὑπὲρ</span> <span class='ocrx_word' id='word_1_497' title='bbox 778 3848 944 3904; x_wconf 89' lang='grc' dir='ltr'><strong>αύτοῦ</strong></span> <span class='ocrx_word' id='word_1_498' title='bbox 980 3850 1144 3921; x_wconf 77' lang='grc' dir='ltr'>τιμὴν</span> <span class='ocrx_word' id='word_1_499' title='bbox 1173 3846 1569 3918; x_wconf 72' lang='grc' dir='ltr'>ἀπελάμϐανε.</span> <span class='ocrx_word' id='word_1_500' title='bbox 1590 3846 1648 3900; x_wconf 86' lang='grc' dir='ltr'>Ὀ</span> <span class='ocrx_word' id='word_1_501' title='bbox 1685 3844 1741 3898; x_wconf 85' lang='grc' dir='ltr'>δὲ</span> <span class='ocrx_word' id='word_1_502' title='bbox 1770 3845 1884 3899; x_wconf 87' lang='grc' dir='ltr'>δια-</span> 
     </span>
    </p>
   </div>
   <div class='ocr_carea' id='block_1_71' title="bbox 308 3928 1883 4013">
    <p class='ocr_par' dir='ltr' id='par_1_71' title="bbox 308 3928 1883 4013">
     <span class='ocr_line' id='line_1_71' title="bbox 308 3928 1883 4013; baseline -0.004 -18"><span class='ocrx_word' id='word_1_503' title='bbox 308 3944 601 3999; x_wconf 75' lang='grc' dir='ltr'>ϐασανίσαι</span> <span class='ocrx_word' id='word_1_504' title='bbox 621 3944 809 3997; x_wconf 78' lang='grc' dir='ltr'>τοῦτον</span> <span class='ocrx_word' id='word_1_505' title='bbox 839 3942 975 4013; x_wconf 67' lang='grc' dir='ltr'>πυρὶ</span> <span class='ocrx_word' id='word_1_506' title='bbox 1008 3942 1349 4013; x_wconf 83' lang='grc' dir='ltr'>βουλόμενος,</span> <span class='ocrx_word' id='word_1_507' title='bbox 1383 3938 1525 3993; x_wconf 82' lang='grc' dir='ltr'>ὥστε</span> <span class='ocrx_word' id='word_1_508' title='bbox 1558 3937 1750 4009; x_wconf 84' lang='grc' dir='ltr'>μαθεῖν</span> <span class='ocrx_word' id='word_1_509' title='bbox 1775 3928 1883 4000; x_wconf 81' lang='grc' dir='ltr'>οἶος</span> 
     </span>
    </p>
   </div>
   <div class='ocr_carea' id='block_1_72' title="bbox 307 4027 1881 4105">
    <p class='ocr_par' dir='ltr' id='par_1_72' title="bbox 307 4027 1881 4105">
     <span class='ocr_line' id='line_1_72' title="bbox 307 4027 1881 4105; baseline -0.001 -22"><span class='ocrx_word' id='word_1_510' title='bbox 307 4033 421 4102; x_wconf 80' lang='grc' dir='ltr'>εἴη,</span> <span class='ocrx_word' id='word_1_511' title='bbox 454 4034 691 4105; x_wconf 80' lang='grc' dir='ltr'>ἄργυρον</span> <span class='ocrx_word' id='word_1_512' title='bbox 721 4033 971 4105; x_wconf 77' lang='grc' dir='ltr'>εὑρίσκει</span> <span class='ocrx_word' id='word_1_513' title='bbox 1002 4033 1223 4105; x_wconf 77' lang='grc' dir='ltr'>δόκιμον</span> <span class='ocrx_word' id='word_1_514' title='bbox 1245 4049 1304 4084; x_wconf 82' lang='grc' dir='ltr'><strong>τε</strong></span> <span class='ocrx_word' id='word_1_515' title='bbox 1334 4031 1430 4085; x_wconf 79' lang='grc' dir='ltr'>καὶ</span> <span class='ocrx_word' id='word_1_516' title='bbox 1471 4027 1881 4100; x_wconf 85' lang='grc' dir='ltr'>καθαρώτατον.</span> 
     </span>
    </p>
   </div>
   <div class='ocr_carea' id='block_1_73' title="bbox 306 4112 1886 4196">
    <p class='ocr_par' dir='ltr' id='par_1_73' title="bbox 306 4112 1886 4196">
     <span class='ocr_line' id='line_1_73' title="bbox 306 4112 1886 4196; baseline -0.004 -17"><span class='ocrx_word' id='word_1_517' title='bbox 306 4112 555 4194; x_wconf 78' lang='grc' dir='ltr'>Νομίσας</span> <span class='ocrx_word' id='word_1_518' title='bbox 583 4125 676 4178; x_wconf 80' lang='grc' dir='ltr'>οὖν</span> <span class='ocrx_word' id='word_1_519' title='bbox 711 4124 1039 4196; x_wconf 77' lang='grc' dir='ltr'>πειράζοντα</span> <span class='ocrx_word' id='word_1_520' title='bbox 1083 4124 1281 4196; x_wconf 76' lang='grc' dir='ltr'>μᾶλλον</span> <span class='ocrx_word' id='word_1_521' title='bbox 1330 4122 1363 4194; x_wconf 80' lang='grc' dir='ltr'>ἢ</span> <span class='ocrx_word' id='word_1_522' title='bbox 1411 4120 1745 4193; x_wconf 83' lang='grc' dir='ltr'>ἀληθεύοντα</span> <span class='ocrx_word' id='word_1_523' title='bbox 1795 4121 1886 4173; x_wconf 81' lang='grc' dir='ltr'>τὸν</span> 
     </span>
    </p>
   </div>
   <div class='ocr_carea' id='block_1_74' title="bbox 309 4212 1887 4288">
    <p class='ocr_par' dir='ltr' id='par_1_74' title="bbox 309 4212 1887 4288">
     <span class='ocr_line' id='line_1_74' title="bbox 309 4212 1887 4288; baseline -0.003 -18"><span class='ocrx_word' id='word_1_524' title='bbox 309 4217 614 4288; x_wconf 78' lang='grc' dir='ltr'>ναύκληρον</span> <span class='ocrx_word' id='word_1_525' title='bbox 636 4215 777 4270; x_wconf 73' lang='grc' dir='ltr'>οὕτω</span> <span class='ocrx_word' id='word_1_526' title='bbox 802 4217 1017 4287; x_wconf 83' lang='grc' dir='ltr'>δρᾶσαι,</span> <span class='ocrx_word' id='word_1_527' title='bbox 1041 4215 1279 4279; x_wconf 82' lang='grc' dir='ltr'>ὠνείδιζε</span> <span class='ocrx_word' id='word_1_528' title='bbox 1303 4215 1610 4285; x_wconf 76' lang='grc' dir='ltr'>παραστὰς,</span> <span class='ocrx_word' id='word_1_529' title='bbox 1642 4214 1709 4267; x_wconf 87' lang='grc' dir='ltr'>Τί</span> <span class='ocrx_word' id='word_1_530' title='bbox 1732 4212 1887 4267; x_wconf 78' lang='grc' dir='ltr'>τοῦτό</span> 
     </span>
    </p>
   </div>
   <div class='ocr_carea' id='block_1_75' title="bbox 312 4303 1887 4376">
    <p class='ocr_par' dir='ltr' id='par_1_75' title="bbox 312 4303 1887 4376">
     <span class='ocr_line' id='line_1_75' title="bbox 312 4303 1887 4376; baseline -0.003 -19"><span class='ocrx_word' id='word_1_531' title='bbox 312 4322 396 4359; x_wconf 86' lang='grc' dir='ltr'><strong>σοι</strong></span> <span class='ocrx_word' id='word_1_532' title='bbox 428 4306 735 4375; x_wconf 75' lang='grc' dir='ltr'>πέπρακται</span> <span class='ocrx_word' id='word_1_533' title='bbox 755 4321 770 4372; x_wconf 88' lang='grc'><strong>;</strong></span> <span class='ocrx_word' id='word_1_534' title='bbox 792 4305 964 4373; x_wconf 83' lang='grc' dir='ltr'>λέγων</span> <span class='ocrx_word' id='word_1_535' title='bbox 996 4322 1009 4335; x_wconf 92' lang='grc'><strong>·</strong></span> <span class='ocrx_word' id='word_1_536' title='bbox 1047 4305 1139 4374; x_wconf 84' lang='grc' dir='ltr'><strong>Μὴ</strong></span> <span class='ocrx_word' id='word_1_537' title='bbox 1167 4306 1275 4376; x_wconf 81' lang='grc' dir='ltr'>γὰρ</span> <span class='ocrx_word' id='word_1_538' title='bbox 1321 4305 1421 4375; x_wconf 87' lang='grc' dir='ltr'><strong>ούχ</strong></span> <span class='ocrx_word' id='word_1_539' title='bbox 1458 4304 1638 4367; x_wconf 78' lang='grc' dir='ltr'>ἱκανὸς</span> <span class='ocrx_word' id='word_1_540' title='bbox 1667 4303 1696 4355; x_wconf 86' lang='grc' dir='ltr'><strong>ὁ</strong></span> <span class='ocrx_word' id='word_1_541' title='bbox 1724 4303 1887 4373; x_wconf 81' lang='grc' dir='ltr'>μέχρι</span> 
     </span>
    </p>
   </div>
   <div class='ocr_carea' id='block_1_76' title="bbox 310 4396 1888 4469">
    <p class='ocr_par' dir='ltr' id='par_1_76' title="bbox 310 4396 1888 4469">
     <span class='ocr_line' id='line_1_76' title="bbox 310 4396 1888 4469; baseline -0.003 -20"><span class='ocrx_word' id='word_1_542' title='bbox 310 4400 550 4469; x_wconf 77' lang='grc' dir='ltr'>τήμερον</span> <span class='ocrx_word' id='word_1_543' title='bbox 599 4397 974 4452; x_wconf 71' lang='grc' dir='ltr'>πιστώσασθαι</span> <span class='ocrx_word' id='word_1_544' title='bbox 1019 4401 1231 4469; x_wconf 84' lang='grc' dir='ltr'>χρόνος,</span> <span class='ocrx_word' id='word_1_545' title='bbox 1285 4398 1435 4459; x_wconf 82' lang='grc' dir='ltr'>ὅπως</span> <span class='ocrx_word' id='word_1_546' title='bbox 1476 4396 1677 4459; x_wconf 82' lang='grc' dir='ltr'>ἀδόλως</span> <span class='ocrx_word' id='word_1_547' title='bbox 1730 4396 1888 4465; x_wconf 81' lang='grc' dir='ltr'>ἡμεῖς</span> 
     </span>
    </p>
   </div>
   <div class='ocr_carea' id='block_1_77' title="bbox 314 4484 1885 4560">
    <p class='ocr_par' dir='ltr' id='par_1_77' title="bbox 314 4484 1885 4560">
     <span class='ocr_line' id='line_1_77' title="bbox 314 4484 1885 4560; baseline -0.003 -18"><span class='ocrx_word' id='word_1_548' title='bbox 314 4489 446 4560; x_wconf 73' lang='grc' dir='ltr'>περὶ</span> <span class='ocrx_word' id='word_1_549' title='bbox 478 4490 547 4542; x_wconf 85' lang='grc' dir='ltr'><strong>τά</strong></span> <span class='ocrx_word' id='word_1_550' title='bbox 580 4489 1006 4559; x_wconf 76' lang='grc' dir='ltr'>συναλλάγματα</span> <span class='ocrx_word' id='word_1_551' title='bbox 1044 4507 1127 4543; x_wconf 87' lang='grc' dir='ltr'><strong>σοι</strong></span> <span class='ocrx_word' id='word_1_552' title='bbox 1160 4485 1559 4559; x_wconf 81' lang='grc' dir='ltr'>συγχρώμεθα,</span> <span class='ocrx_word' id='word_1_553' title='bbox 1599 4487 1663 4539; x_wconf 83' lang='grc' dir='ltr'>σὺ</span> <span class='ocrx_word' id='word_1_554' title='bbox 1688 4484 1745 4538; x_wconf 82' lang='grc' dir='ltr'>δὲ</span> <span class='ocrx_word' id='word_1_555' title='bbox 1781 4486 1885 4555; x_wconf 81' lang='grc' dir='ltr'>ἀρ-</span> 
     </span>
    </p>
   </div>
   <div class='ocr_carea' id='block_1_78' title="bbox 1979 3303 3541 3377">
    <p class='ocr_par' dir='ltr' id='par_1_78' title="bbox 1979 3303 3541 3377">
     <span class='ocr_line' id='line_1_78' title="bbox 1979 3303 3541 3377; baseline 0 -16"><span class='ocrx_word' id='word_1_556' title='bbox 1979 3305 2219 3370; x_wconf 89' lang='lat' dir='ltr'><strong>credere,</strong></span> <span class='ocrx_word' id='word_1_557' title='bbox 2269 3303 2371 3358; x_wconf 89' lang='lat' dir='ltr'><strong>nisi</strong></span> <span class='ocrx_word' id='word_1_558' title='bbox 2423 3304 2749 3359; x_wconf 80' lang='lat' dir='ltr'><strong>fidelissimis</strong></span> <span class='ocrx_word' id='word_1_559' title='bbox 2797 3306 3037 3372; x_wconf 86' lang='lat' dir='ltr'><strong>auribus,</strong></span> <span class='ocrx_word' id='word_1_560' title='bbox 3084 3316 3431 3377; x_wconf 83' lang='lat' dir='ltr'><strong>nequaquam</strong></span> <span class='ocrx_word' id='word_1_561' title='bbox 3458 3310 3541 3364; x_wconf 75' lang='lat' dir='ltr'><strong>est</strong></span> 
     </span>
    </p>
   </div>
   <div class='ocr_carea' id='block_1_79' title="bbox 1978 3396 2155 3452">
    <p class='ocr_par' dir='ltr' id='par_1_79' title="bbox 1978 3396 2155 3452">
     <span class='ocr_line' id='line_1_79' title="bbox 1978 3396 2155 3452; baseline -0.006 -1"><span class='ocrx_word' id='word_1_562' title='bbox 1978 3396 2155 3452; x_wconf 86' lang='lat' dir='ltr'><strong>facile.</strong></span> 
     </span>
    </p>
   </div>
   <div class='ocr_carea' id='block_1_80' title="bbox 2046 3481 3548 3554">
    <p class='ocr_par' dir='ltr' id='par_1_80' title="bbox 2046 3481 3548 3554">
     <span class='ocr_line' id='line_1_80' title="bbox 2046 3481 3548 3554; baseline -0.005 -15"><span class='ocrx_word' id='word_1_563' title='bbox 2046 3481 2185 3539; x_wconf 81' lang='lat' dir='ltr'><strong>XVI.</strong></span> <span class='ocrx_word' id='word_1_564' title='bbox 2226 3483 2360 3539; x_wconf 84' lang='lat' dir='ltr'><strong>Cum</strong></span> <span class='ocrx_word' id='word_1_565' title='bbox 2387 3483 2660 3551; x_wconf 79' lang='lat' dir='ltr'><strong>enimjatn</strong></span> <span class='ocrx_word' id='word_1_566' title='bbox 2691 3483 2993 3552; x_wconf 88' lang='lat' dir='ltr'><strong>Deeapolim</strong></span> <span class='ocrx_word' id='word_1_567' title='bbox 3020 3482 3133 3554; x_wconf 86' lang='lat' dir='ltr'><strong>(ll)</strong></span> <span class='ocrx_word' id='word_1_568' title='bbox 3167 3481 3548 3553; x_wconf 72' lang='lat' dir='ltr'><strong>pervenissent</strong></span> 
     </span>
    </p>
   </div>
   <div class='ocr_carea' id='block_1_81' title="bbox 1979 3568 3544 3644">
    <p class='ocr_par' dir='ltr' id='par_1_81' title="bbox 1979 3568 3544 3644">
     <span class='ocr_line' id='line_1_81' title="bbox 1979 3568 3544 3644; baseline -0.003 -18"><span class='ocrx_word' id='word_1_569' title='bbox 1979 3573 2315 3644; x_wconf 83' lang='lat' dir='ltr'><strong>navigantes,</strong></span> <span class='ocrx_word' id='word_1_570' title='bbox 2341 3571 2627 3625; x_wconf 89' lang='lat' dir='ltr'><strong>nauclerus</strong></span> <span class='ocrx_word' id='word_1_571' title='bbox 2662 3570 2728 3625; x_wconf 89' lang='lat' dir='ltr'><strong>de</strong></span> <span class='ocrx_word' id='word_1_572' title='bbox 2774 3584 2908 3625; x_wconf 87' lang='lat' dir='ltr'><strong>nave</strong></span> <span class='ocrx_word' id='word_1_573' title='bbox 2954 3571 3309 3637; x_wconf 87' lang='lat' dir='ltr'><strong>descendens,</strong></span> <span class='ocrx_word' id='word_1_574' title='bbox 3338 3584 3462 3625; x_wconf 90' lang='lat' dir='ltr'><strong>cum</strong></span> <span class='ocrx_word' id='word_1_575' title='bbox 3490 3568 3544 3623; x_wconf 91' lang='lat' dir='ltr'><strong>in</strong></span> 
     </span>
    </p>
   </div>
   <div class='ocr_carea' id='block_1_82' title="bbox 1980 3659 3549 3733">
    <p class='ocr_par' dir='ltr' id='par_1_82' title="bbox 1980 3659 3549 3733">
     <span class='ocr_line' id='line_1_82' title="bbox 1980 3659 3549 3733; baseline -0.002 -17"><span class='ocrx_word' id='word_1_576' title='bbox 1980 3662 2266 3733; x_wconf 87' lang='lat' dir='ltr'><strong>quemdam</strong></span> <span class='ocrx_word' id='word_1_577' title='bbox 2316 3660 2597 3716; x_wconf 84' lang='lat' dir='ltr'><strong>incidisset</strong></span> <span class='ocrx_word' id='word_1_578' title='bbox 2644 3661 2877 3714; x_wconf 85' lang='lat' dir='ltr'><strong>amicum</strong></span> <span class='ocrx_word' id='word_1_579' title='bbox 2927 3669 2982 3715; x_wconf 92' lang='lat' dir='ltr'><strong>et</strong></span> <span class='ocrx_word' id='word_1_580' title='bbox 3033 3659 3375 3726; x_wconf 82' lang='lat' dir='ltr'><strong>familiarem,</strong></span> <span class='ocrx_word' id='word_1_581' title='bbox 3428 3668 3549 3713; x_wconf 81' lang='lat' dir='ltr'><strong>arte</strong></span> 
     </span>
    </p>
   </div>
   <div class='ocr_carea' id='block_1_83' title="bbox 1980 3751 3548 3823">
    <p class='ocr_par' dir='ltr' id='par_1_83' title="bbox 1980 3751 3548 3823">
     <span class='ocr_line' id='line_1_83' title="bbox 1980 3751 3548 3823; baseline -0.001 -14"><span class='ocrx_word' id='word_1_582' title='bbox 1980 3755 2277 3817; x_wconf 78' lang='lat' dir='ltr'><strong>aurificem,</strong></span> <span class='ocrx_word' id='word_1_583' title='bbox 2322 3753 2461 3807; x_wconf 87' lang='lat' dir='ltr'><strong>datis</strong></span> <span class='ocrx_word' id='word_1_584' title='bbox 2492 3753 2539 3807; x_wconf 91' lang='lat' dir='ltr'><strong>ei</strong></span> <span class='ocrx_word' id='word_1_585' title='bbox 2592 3752 2981 3823; x_wconf 80' lang='lat' dir='ltr'><strong>quinquaginta</strong></span> <span class='ocrx_word' id='word_1_586' title='bbox 3032 3751 3184 3806; x_wconf 85' lang='lat' dir='ltr'><strong>libris</strong></span> <span class='ocrx_word' id='word_1_587' title='bbox 3239 3767 3270 3807; x_wconf 89' lang='lat' dir='ltr'><strong>e</strong></span> <span class='ocrx_word' id='word_1_588' title='bbox 3311 3762 3548 3818; x_wconf 85' lang='lat' dir='ltr'><strong>stanno.</strong></span> 
     </span>
    </p>
   </div>
   <div class='ocr_carea' id='block_1_84' title="bbox 1982 3844 3549 3917">
    <p class='ocr_par' dir='ltr' id='par_1_84' title="bbox 1982 3844 3549 3917">
     <span class='ocr_line' id='line_1_84' title="bbox 1982 3844 3549 3917; baseline 0.001 -18"><span class='ocrx_word' id='word_1_589' title='bbox 1982 3847 2125 3917; x_wconf 87' lang='lat' dir='ltr'><strong>quod</strong></span> <span class='ocrx_word' id='word_1_590' title='bbox 2154 3853 2468 3916; x_wconf 78' lang='lat' dir='ltr'><strong>acceperat,</strong></span> <span class='ocrx_word' id='word_1_591' title='bbox 2493 3859 2590 3914; x_wconf 84' lang='lat' dir='ltr'><strong>pro</strong></span> <span class='ocrx_word' id='word_1_592' title='bbox 2620 3860 2684 3900; x_wconf 92' lang='lat' dir='ltr'><strong>eo</strong></span> <span class='ocrx_word' id='word_1_593' title='bbox 2712 3844 2919 3914; x_wconf 84' lang='lat' dir='ltr'><strong>accepit</strong></span> <span class='ocrx_word' id='word_1_594' title='bbox 2944 3845 3199 3916; x_wconf 90' lang='lat' dir='ltr'><strong>pretium.</strong></span> <span class='ocrx_word' id='word_1_595' title='bbox 3230 3844 3323 3901; x_wconf 88' lang='lat' dir='ltr'><strong>Ille</strong></span> <span class='ocrx_word' id='word_1_596' title='bbox 3345 3856 3549 3912; x_wconf 90' lang='lat' dir='ltr'><strong>autem,</strong></span> 
     </span>
    </p>
   </div>
   <div class='ocr_carea' id='block_1_85' title="bbox 1985 3936 3550 4009">
    <p class='ocr_par' dir='ltr' id='par_1_85' title="bbox 1985 3936 3550 4009">
     <span class='ocr_line' id='line_1_85' title="bbox 1985 3936 3550 4009; baseline -0.001 -15"><span class='ocrx_word' id='word_1_597' title='bbox 1985 3954 2107 3994; x_wconf 87' lang='lat' dir='ltr'><strong>eum</strong></span> <span class='ocrx_word' id='word_1_598' title='bbox 2159 3938 2212 3993; x_wconf 90' lang='lat' dir='ltr'><strong>id</strong></span> <span class='ocrx_word' id='word_1_599' title='bbox 2244 3937 2405 3993; x_wconf 91' lang='lat' dir='ltr'><strong>vellet</strong></span> <span class='ocrx_word' id='word_1_600' title='bbox 2443 3938 2568 4008; x_wconf 90' lang='lat' dir='ltr'><strong>igne</strong></span> <span class='ocrx_word' id='word_1_601' title='bbox 2599 3936 2849 4008; x_wconf 89' lang='lat' dir='ltr'><strong>probare,</strong></span> <span class='ocrx_word' id='word_1_602' title='bbox 2884 3946 2942 3992; x_wconf 92' lang='lat' dir='ltr'><strong>ut</strong></span> <span class='ocrx_word' id='word_1_603' title='bbox 2981 3938 3145 3993; x_wconf 81' lang='lat' dir='ltr'><strong>sciret</strong></span> <span class='ocrx_word' id='word_1_604' title='bbox 3181 3938 3341 4009; x_wconf 89' lang='lat' dir='ltr'><strong>quale</strong></span> <span class='ocrx_word' id='word_1_605' title='bbox 3383 3949 3550 4004; x_wconf 89' lang='lat' dir='ltr'><strong>esset,</strong></span> 
     </span>
    </p>
   </div>
   <div class='ocr_carea' id='block_1_86' title="bbox 1986 4016 3552 4103">
    <p class='ocr_par' dir='ltr' id='par_1_86' title="bbox 1986 4016 3552 4103">
     <span class='ocr_line' id='line_1_86' title="bbox 1986 4016 3552 4103; baseline -0.001 -16"><span class='ocrx_word' id='word_1_606' title='bbox 1986 4032 2195 4088; x_wconf 82' lang='lat' dir='ltr'><strong>invenit</strong></span> <span class='ocrx_word' id='word_1_607' title='bbox 2227 4016 2510 4103; x_wconf 78' lang='lat' dir='ltr'><strong>argentum</strong></span> <span class='ocrx_word' id='word_1_608' title='bbox 2550 4033 2778 4103; x_wconf 87' lang='lat' dir='ltr'><strong>probum</strong></span> <span class='ocrx_word' id='word_1_609' title='bbox 2810 4039 2865 4085; x_wconf 92' lang='lat' dir='ltr'><strong>et</strong></span> <span class='ocrx_word' id='word_1_610' title='bbox 2905 4031 3278 4101; x_wconf 87' lang='lat' dir='ltr'><strong>purissimum.</strong></span> <span class='ocrx_word' id='word_1_611' title='bbox 3306 4031 3552 4086; x_wconf 76' lang='lat' dir='ltr'><strong>Arbitra~</strong></span> 
     </span>
    </p>
   </div>
   <div class='ocr_carea' id='block_1_87' title="bbox 1992 4120 3545 4191">
    <p class='ocr_par' dir='ltr' id='par_1_87' title="bbox 1992 4120 3545 4191">
     <span class='ocr_line' id='line_1_87' title="bbox 1992 4120 3545 4191; baseline -0.001 -14"><span class='ocrx_word' id='word_1_612' title='bbox 1992 4133 2074 4178; x_wconf 89' lang='lat' dir='ltr'><strong>tus</strong></span> <span class='ocrx_word' id='word_1_613' title='bbox 2103 4122 2288 4191; x_wconf 88' lang='lat' dir='ltr'><strong>itaque</strong></span> <span class='ocrx_word' id='word_1_614' title='bbox 2328 4120 2638 4177; x_wconf 87' lang='lat' dir='ltr'><strong>nauelerum</strong></span> <span class='ocrx_word' id='word_1_615' title='bbox 2683 4122 2735 4175; x_wconf 88' lang='lat' dir='ltr'><strong>id</strong></span> <span class='ocrx_word' id='word_1_616' title='bbox 2771 4120 2941 4191; x_wconf 83' lang='lat' dir='ltr'><strong>magis</strong></span> <span class='ocrx_word' id='word_1_617' title='bbox 2969 4120 3173 4186; x_wconf 89' lang='lat' dir='ltr'><strong>facere,</strong></span> <span class='ocrx_word' id='word_1_618' title='bbox 3203 4130 3261 4176; x_wconf 91' lang='lat' dir='ltr'><strong>ut</strong></span> <span class='ocrx_word' id='word_1_619' title='bbox 3291 4130 3545 4188; x_wconf 85' lang='lat' dir='ltr'><strong>tentaret,</strong></span> 
     </span>
    </p>
   </div>
   <div class='ocr_carea' id='block_1_88' title="bbox 1988 4201 3538 4285">
    <p class='ocr_par' dir='ltr' id='par_1_88' title="bbox 1988 4201 3538 4285">
     <span class='ocr_line' id='line_1_88' title="bbox 1988 4201 3538 4285; baseline 0.002 -19"><span class='ocrx_word' id='word_1_620' title='bbox 1988 4230 2150 4285; x_wconf 88' lang='lat' dir='ltr'><strong>quam</strong></span> <span class='ocrx_word' id='word_1_621' title='bbox 2180 4214 2320 4283; x_wconf 90' lang='lat' dir='ltr'><strong>quod</strong></span> <span class='ocrx_word' id='word_1_622' title='bbox 2344 4201 2528 4267; x_wconf 76' lang='lat' dir='ltr'><strong>verum</strong></span> <span class='ocrx_word' id='word_1_623' title='bbox 2564 4229 2682 4270; x_wconf 88' lang='lat' dir='ltr'><strong>esse</strong></span> <span class='ocrx_word' id='word_1_624' title='bbox 2708 4222 2941 4284; x_wconf 88' lang='lat' dir='ltr'><strong>putaret,</strong></span> <span class='ocrx_word' id='word_1_625' title='bbox 2973 4214 3236 4269; x_wconf 88' lang='lat' dir='ltr'><strong>accedens</strong></span> <span class='ocrx_word' id='word_1_626' title='bbox 3259 4228 3380 4269; x_wconf 89' lang='lat' dir='ltr'><strong>eum</strong></span> <span class='ocrx_word' id='word_1_627' title='bbox 3412 4227 3538 4283; x_wconf 89' lang='lat' dir='ltr'><strong>pro-</strong></span> 
     </span>
    </p>
   </div>
   <div class='ocr_carea' id='block_1_89' title="bbox 1990 4305 3553 4373">
    <p class='ocr_par' dir='ltr' id='par_1_89' title="bbox 1990 4305 3553 4373">
     <span class='ocr_line' id='line_1_89' title="bbox 1990 4305 3553 4373; baseline -0.001 -12"><span class='ocrx_word' id='word_1_628' title='bbox 1990 4307 2102 4361; x_wconf 88' lang='lat' dir='ltr'><strong>bris</strong></span> <span class='ocrx_word' id='word_1_629' title='bbox 2129 4316 2213 4361; x_wconf 91' lang='lat' dir='ltr'><strong>est</strong></span> <span class='ocrx_word' id='word_1_630' title='bbox 2251 4307 2569 4368; x_wconf 78' lang='lat' dir='ltr'><strong>insectatus,</strong></span> <span class='ocrx_word' id='word_1_631' title='bbox 2611 4307 2831 4362; x_wconf 90' lang='lat' dir='ltr'><strong>dicens:</strong></span> <span class='ocrx_word' id='word_1_632' title='bbox 2867 4305 3005 4373; x_wconf 85' lang='lat' dir='ltr'><strong>Quid</strong></span> <span class='ocrx_word' id='word_1_633' title='bbox 3053 4306 3156 4362; x_wconf 91' lang='lat' dir='ltr'><strong>hoc</strong></span> <span class='ocrx_word' id='word_1_634' title='bbox 3201 4320 3232 4360; x_wconf 90' lang='lat' dir='ltr'><strong>a</strong></span> <span class='ocrx_word' id='word_1_635' title='bbox 3269 4314 3322 4362; x_wconf 91' lang='lat' dir='ltr'><strong>te</strong></span> <span class='ocrx_word' id='word_1_636' title='bbox 3355 4306 3553 4360; x_wconf 80' lang='lat' dir='ltr'><strong>factum</strong></span> 
     </span>
    </p>
   </div>
   <div class='ocr_carea' id='block_1_90' title="bbox 1991 4395 3556 4468">
    <p class='ocr_par' dir='ltr' id='par_1_90' title="bbox 1991 4395 3556 4468">
     <span class='ocr_line' id='line_1_90' title="bbox 1991 4395 3556 4468; baseline 0 -17"><span class='ocrx_word' id='word_1_637' title='bbox 1991 4397 2119 4452; x_wconf 83' lang='lat' dir='ltr'><strong>est?</strong></span> <span class='ocrx_word' id='word_1_638' title='bbox 2155 4399 2348 4450; x_wconf 78' lang='lat' dir='ltr'><strong>Annon</strong></span> <span class='ocrx_word' id='word_1_639' title='bbox 2395 4395 2598 4452; x_wconf 86' lang='lat' dir='ltr'><strong>sufficit</strong></span> <span class='ocrx_word' id='word_1_640' title='bbox 2659 4405 2867 4468; x_wconf 88' lang='lat' dir='ltr'><strong>tempus</strong></span> <span class='ocrx_word' id='word_1_641' title='bbox 2917 4398 2984 4452; x_wconf 90' lang='lat' dir='ltr'><strong>ad</strong></span> <span class='ocrx_word' id='word_1_642' title='bbox 3053 4397 3210 4453; x_wconf 89' lang='lat' dir='ltr'><strong>ftdem</strong></span> <span class='ocrx_word' id='word_1_643' title='bbox 3252 4397 3556 4452; x_wconf 87' lang='lat' dir='ltr'><strong>faciendam</strong></span> 
     </span>
    </p>
   </div>
   <div class='ocr_carea' id='block_1_91' title="bbox 1992 4487 3561 4557">
    <p class='ocr_par' dir='ltr' id='par_1_91' title="bbox 1992 4487 3561 4557">
     <span class='ocr_line' id='line_1_91' title="bbox 1992 4487 3561 4557; baseline 0.001 -16"><span class='ocrx_word' id='word_1_644' title='bbox 1992 4501 2162 4557; x_wconf 88' lang='lat' dir='ltr'><strong>usque</strong></span> <span class='ocrx_word' id='word_1_645' title='bbox 2193 4488 2245 4541; x_wconf 92' lang='lat' dir='ltr'><strong>in</strong></span> <span class='ocrx_word' id='word_1_646' title='bbox 2276 4487 2596 4543; x_wconf 82' lang='lat' dir='ltr'><strong>hodiernum</strong></span> <span class='ocrx_word' id='word_1_647' title='bbox 2620 4488 2781 4553; x_wconf 90' lang='lat' dir='ltr'><strong>diem,</strong></span> <span class='ocrx_word' id='word_1_648' title='bbox 2812 4492 2952 4557; x_wconf 91' lang='lat' dir='ltr'><strong>quod</strong></span> <span class='ocrx_word' id='word_1_649' title='bbox 2984 4489 3101 4545; x_wconf 91' lang='lat' dir='ltr'><strong>sine</strong></span> <span class='ocrx_word' id='word_1_650' title='bbox 3131 4488 3251 4544; x_wconf 89' lang='lat' dir='ltr'><strong>dolo</strong></span> <span class='ocrx_word' id='word_1_651' title='bbox 3283 4502 3561 4545; x_wconf 82' lang='lat' dir='ltr'><strong>versamur</strong></span> 
     </span>
    </p>
   </div>
   <div class='ocr_carea' id='block_1_92' title="bbox 313 4573 1874 4651">
    <p class='ocr_par' dir='ltr' id='par_1_92' title="bbox 313 4573 1874 4651">
     <span class='ocr_line' id='line_1_92' title="bbox 313 4573 1874 4651; baseline -0.012 -7"><span class='ocrx_word' id='word_1_652' title='bbox 313 4580 507 4648; x_wconf 72' lang='grc' dir='ltr'>γύριον</span> <span class='ocrx_word' id='word_1_653' title='bbox 566 4580 659 4633; x_wconf 82' lang='grc' dir='ltr'>νῦν</span> <span class='ocrx_word' id='word_1_654' title='bbox 724 4580 799 4643; x_wconf 81' lang='grc' dir='ltr'>ὡς</span> <span class='ocrx_word' id='word_1_655' title='bbox 862 4580 928 4634; x_wconf 83' lang='grc' dir='ltr'>ἂν</span> <span class='ocrx_word' id='word_1_656' title='bbox 988 4579 1335 4651; x_wconf 76' lang='grc' dir='ltr'>ἐκπειράζων</span> <span class='ocrx_word' id='word_1_657' title='bbox 1386 4577 1508 4630; x_wconf 78' lang='grc' dir='ltr'>ἀντὶ</span> <span class='ocrx_word' id='word_1_658' title='bbox 1556 4573 1874 4645; x_wconf 75' lang='grc' dir='ltr'>κασσιτέροι</span> 
     </span>
    </p>
   </div>
   <div class='ocr_carea' id='block_1_93' title="bbox 1981 4573 3557 4651">
    <p class='ocr_par' dir='ltr' id='par_1_93' title="bbox 1993 4579 3557 4650">
     <span class='ocr_line' id='line_1_93' title="bbox 1993 4579 3557 4650; baseline 0.001 -17"><span class='ocrx_word' id='word_1_659' title='bbox 1993 4579 2045 4633; x_wconf 90' lang='lat' dir='ltr'><strong>in</strong></span> <span class='ocrx_word' id='word_1_660' title='bbox 2090 4579 2501 4635; x_wconf 84' lang='lat' dir='ltr'><strong>contractibus?</strong></span> <span class='ocrx_word' id='word_1_661' title='bbox 2533 4580 2610 4634; x_wconf 88' lang='lat' dir='ltr'><strong>Tu</strong></span> <span class='ocrx_word' id='word_1_662' title='bbox 2658 4589 2838 4635; x_wconf 90' lang='lat' dir='ltr'><strong>autem</strong></span> <span class='ocrx_word' id='word_1_663' title='bbox 2890 4595 3052 4644; x_wconf 92' lang='lat' dir='ltr'><strong>nunc,</strong></span> <span class='ocrx_word' id='word_1_664' title='bbox 3088 4590 3271 4650; x_wconf 85' lang='lat' dir='ltr'><strong>utpote</strong></span> <span class='ocrx_word' id='word_1_665' title='bbox 3321 4588 3557 4649; x_wconf 83' lang='lat' dir='ltr'><strong>tentans,</strong></span> 
     </span>
    </p>
   </div>
   <div class='ocr_carea' id='block_1_94' title="bbox 312 4666 1893 4740">
    <p class='ocr_par' dir='ltr' id='par_1_94' title="bbox 312 4666 1893 4740">
     <span class='ocr_line' id='line_1_94' title="bbox 312 4666 1893 4740; baseline -0.006 -15"><span class='ocrx_word' id='word_1_666' title='bbox 312 4670 658 4740; x_wconf 79' lang='grc' dir='ltr'>κατέθηκας;</span> <span class='ocrx_word' id='word_1_667' title='bbox 696 4673 903 4726; x_wconf 80' lang='grc' dir='ltr'>Αὐτίκα</span> <span class='ocrx_word' id='word_1_668' title='bbox 947 4671 1076 4740; x_wconf 82' lang='grc' dir='ltr'>γοῦν</span> <span class='ocrx_word' id='word_1_669' title='bbox 1106 4673 1199 4724; x_wconf 71' lang='grc' dir='ltr'><strong>ἐπὶ</strong></span> <span class='ocrx_word' id='word_1_670' title='bbox 1230 4668 1308 4740; x_wconf 80' lang='grc' dir='ltr'>τῷ</span> <span class='ocrx_word' id='word_1_671' title='bbox 1338 4668 1480 4739; x_wconf 84' lang='grc' dir='ltr'>λόγῳ</span> <span class='ocrx_word' id='word_1_672' title='bbox 1525 4666 1893 4737; x_wconf 64' lang='grc' dir='ltr'>καταπλαγεὶς</span> 
     </span>
    </p>
   </div>
   <div class='ocr_carea' id='block_1_95' title="bbox 311 4758 1889 4835">
    <p class='ocr_par' dir='ltr' id='par_1_95' title="bbox 311 4758 1889 4835">
     <span class='ocr_line' id='line_1_95' title="bbox 311 4758 1889 4835; baseline -0.002 -20"><span class='ocrx_word' id='word_1_673' title='bbox 311 4765 342 4815; x_wconf 84' lang='grc' dir='ltr'><em>ὁ</em></span> <span class='ocrx_word' id='word_1_674' title='bbox 371 4765 701 4834; x_wconf 74' lang='grc' dir='ltr'>ναύκληρος,</span> <span class='ocrx_word' id='word_1_675' title='bbox 732 4766 829 4830; x_wconf 84' lang='grc' dir='ltr'><strong>Ού,</strong></span> <span class='ocrx_word' id='word_1_676' title='bbox 860 4766 1049 4835; x_wconf 74' lang='grc' dir='ltr'>φησὶν,</span> <span class='ocrx_word' id='word_1_677' title='bbox 1102 4765 1308 4834; x_wconf 80' lang='grc' dir='ltr'>ἑταῖρε,</span> <span class='ocrx_word' id='word_1_678' title='bbox 1357 4764 1434 4832; x_wconf 87' lang='grc' dir='ltr'><strong>μά</strong></span> <span class='ocrx_word' id='word_1_679' title='bbox 1464 4760 1561 4832; x_wconf 82' lang='grc' dir='ltr'>τὴν</span> <span class='ocrx_word' id='word_1_680' title='bbox 1607 4758 1889 4829; x_wconf 78' lang='grc' dir='ltr'>ἀλήθειαν,</span> 
     </span>
    </p>
   </div>
   <div class='ocr_carea' id='block_1_96' title="bbox 312 4846 1888 4928">
    <p class='ocr_par' dir='ltr' id='par_1_96' title="bbox 312 4846 1888 4928">
     <span class='ocr_line' id='line_1_96' title="bbox 312 4846 1888 4928; baseline -0.004 -20"><span class='ocrx_word' id='word_1_681' title='bbox 312 4846 468 4909; x_wconf 63' lang='grc' dir='ltr'>οὐδὲν</span> <span class='ocrx_word' id='word_1_682' title='bbox 492 4858 571 4919; x_wconf 86' lang='grc' dir='ltr'><strong>είς</strong></span> <span class='ocrx_word' id='word_1_683' title='bbox 602 4860 795 4925; x_wconf 79' lang='grc' dir='ltr'>πεῖραν</span> <span class='ocrx_word' id='word_1_684' title='bbox 826 4858 1007 4928; x_wconf 78' lang='grc' dir='ltr'>ἡμεῖς,</span> <span class='ocrx_word' id='word_1_685' title='bbox 1050 4855 1185 4912; x_wconf 84' lang='grc' dir='ltr'><strong>ἀλλά</strong></span> <span class='ocrx_word' id='word_1_686' title='bbox 1244 4848 1567 4924; x_wconf 85' lang='grc' dir='ltr'>κασσίτερον</span> <span class='ocrx_word' id='word_1_687' title='bbox 1622 4852 1888 4919; x_wconf 82' lang='grc' dir='ltr'>ἄντικρυς</span> 
     </span>
    </p>
   </div>
   <div class='ocr_carea' id='block_1_97' title="bbox 313 4938 1885 5017">
    <p class='ocr_par' dir='ltr' id='par_1_97' title="bbox 313 4938 1885 5017">
     <span class='ocr_line' id='line_1_97' title="bbox 313 4938 1885 5017; baseline -0.001 -21"><span class='ocrx_word' id='word_1_688' title='bbox 313 4942 433 4999; x_wconf 75' lang='grc' dir='ltr'><strong>(ιῖδᾶ</strong></span> <span class='ocrx_word' id='word_1_689' title='bbox 462 4963 543 4999; x_wconf 92' lang='grc' dir='ltr'><strong>σοι</strong></span> <span class='ocrx_word' id='word_1_690' title='bbox 576 4938 893 5017; x_wconf 72' lang='grc' dir='ltr'>παρασχών.</span> <span class='ocrx_word' id='word_1_691' title='bbox 926 4948 989 5000; x_wconf 82' lang='lat' dir='ltr'><strong>El</strong></span> <span class='ocrx_word' id='word_1_692' title='bbox 1038 4946 1214 5001; x_wconf 75' lang='grc' dir='ltr'>δὲκαὶ</span> <span class='ocrx_word' id='word_1_693' title='bbox 1253 4947 1374 5009; x_wconf 87' lang='grc' dir='ltr'>ταῖς</span> <span class='ocrx_word' id='word_1_694' title='bbox 1404 4944 1499 4999; x_wconf 79' lang='grc' dir='ltr'><strong>τοῦ</strong></span> <span class='ocrx_word' id='word_1_695' title='bbox 1546 4942 1885 5013; x_wconf 81' lang='grc' dir='ltr'>πατριάρχου</span> 
     </span>
    </p>
   </div>
   <div class='ocr_carea' id='block_1_98' title="bbox 316 5032 1879 5112">
    <p class='ocr_par' dir='ltr' id='par_1_98' title="bbox 316 5032 1879 5112">
     <span class='ocr_line' id='line_1_98' title="bbox 316 5032 1879 5112; baseline -0.01 -9"><span class='ocrx_word' id='word_1_696' title='bbox 316 5032 500 5109; x_wconf 68' lang='grc' dir='ltr'><strong>εὖχαῖς</strong></span> <span class='ocrx_word' id='word_1_697' title='bbox 524 5040 818 5110; x_wconf 80' lang='grc' dir='ltr'>ἀμειφθείη</span> <span class='ocrx_word' id='word_1_698' title='bbox 850 5041 987 5112; x_wconf 67' lang='grc' dir='ltr'>προς</span> <span class='ocrx_word' id='word_1_699' title='bbox 1017 5039 1281 5109; x_wconf 84' lang='grc' dir='ltr'>ἄργυρον,</span> <span class='ocrx_word' id='word_1_700' title='bbox 1332 5038 1490 5092; x_wconf 84' lang='grc' dir='ltr'>τοῦτο</span> <span class='ocrx_word' id='word_1_701' title='bbox 1524 5035 1674 5103; x_wconf 80' lang='grc' dir='ltr'>ξένον</span> <span class='ocrx_word' id='word_1_702' title='bbox 1705 5034 1879 5088; x_wconf 80' lang='grc' dir='ltr'>οὐδέν·</span> 
     </span>
    </p>
   </div>
   <div class='ocr_carea' id='block_1_99' title="bbox 316 5120 1885 5199">
    <p class='ocr_par' dir='ltr' id='par_1_99' title="bbox 316 5120 1885 5199">
     <span class='ocr_line' id='line_1_99' title="bbox 316 5120 1885 5199; baseline -0.003 -19"><span class='ocrx_word' id='word_1_703' title='bbox 316 5128 518 5181; x_wconf 74' lang='grc' dir='ltr'>δυνατὰ</span> <span class='ocrx_word' id='word_1_704' title='bbox 542 5130 649 5199; x_wconf 82' lang='grc' dir='ltr'>γὰρ</span> <span class='ocrx_word' id='word_1_705' title='bbox 682 5129 875 5199; x_wconf 64' lang='grc' dir='ltr'>ἐκείνῳ</span> <span class='ocrx_word' id='word_1_706' title='bbox 904 5129 1095 5194; x_wconf 74' lang='grc' dir='ltr'>ταῦτα,</span> <span class='ocrx_word' id='word_1_707' title='bbox 1123 5127 1181 5193; x_wconf 82' lang='grc' dir='ltr'>ὃς</span> <span class='ocrx_word' id='word_1_708' title='bbox 1210 5127 1304 5182; x_wconf 70' lang='grc' dir='ltr'>καὶ</span> <span class='ocrx_word' id='word_1_709' title='bbox 1326 5126 1470 5197; x_wconf 78' lang='grc' dir='ltr'>ὕδωρ</span> <span class='ocrx_word' id='word_1_710' title='bbox 1499 5128 1580 5189; x_wconf 85' lang='grc' dir='ltr'><strong>είς</strong></span> <span class='ocrx_word' id='word_1_711' title='bbox 1600 5120 1744 5179; x_wconf 72' lang='grc' dir='ltr'>οἶνον</span> <span class='ocrx_word' id='word_1_712' title='bbox 1789 5125 1885 5177; x_wconf 73' lang='grc' dir='ltr'>καὶ</span> 
     </span>
    </p>
   </div>
   <div class='ocr_carea' id='block_1_100' title="bbox 320 5216 1885 5292">
    <p class='ocr_par' dir='ltr' id='par_1_100' title="bbox 320 5216 1885 5292">
     <span class='ocr_line' id='line_1_100' title="bbox 320 5216 1885 5292; baseline -0.003 -20"><span class='ocrx_word' id='word_1_713' title='bbox 320 5223 401 5283; x_wconf 77' lang='grc' dir='ltr'><strong>εἰς</strong></span> <span class='ocrx_word' id='word_1_714' title='bbox 428 5217 565 5289; x_wconf 80' lang='grc' dir='ltr'>αἷμα</span> <span class='ocrx_word' id='word_1_715' title='bbox 598 5220 760 5274; x_wconf 80' lang='grc' dir='ltr'>πάλιν</span> <span class='ocrx_word' id='word_1_716' title='bbox 815 5221 1003 5274; x_wconf 78' lang='grc' dir='ltr'>ἄλλοτε</span> <span class='ocrx_word' id='word_1_717' title='bbox 1060 5219 1485 5292; x_wconf 80' lang='grc' dir='ltr'>μεταϐέϐληκεν.</span> <span class='ocrx_word' id='word_1_718' title='bbox 1527 5219 1641 5271; x_wconf 85' lang='grc' dir='ltr'>Ἵνα</span> <span class='ocrx_word' id='word_1_719' title='bbox 1694 5216 1751 5270; x_wconf 75' lang='grc' dir='ltr'>δὲ</span> <span class='ocrx_word' id='word_1_720' title='bbox 1790 5217 1885 5269; x_wconf 72' lang='grc' dir='ltr'>καὶ</span> 
     </span>
    </p>
   </div>
   <div class='ocr_carea' id='block_1_101' title="bbox 318 5303 1897 5384">
    <p class='ocr_par' dir='ltr' id='par_1_101' title="bbox 318 5303 1897 5384">
     <span class='ocr_line' id='line_1_101' title="bbox 318 5303 1897 5384; baseline -0.003 -19"><span class='ocrx_word' id='word_1_721' title='bbox 318 5303 545 5367; x_wconf 70' lang='grc' dir='ltr'>αὐτόθεν</span> <span class='ocrx_word' id='word_1_722' title='bbox 578 5315 661 5384; x_wconf 77' lang='grc' dir='ltr'>εἴη</span> <span class='ocrx_word' id='word_1_723' title='bbox 695 5326 777 5366; x_wconf 85' lang='grc' dir='ltr'><strong>σοι</strong></span> <span class='ocrx_word' id='word_1_724' title='bbox 829 5313 889 5366; x_wconf 74' lang='grc' dir='ltr'><strong>τὸ</strong></span> <span class='ocrx_word' id='word_1_725' title='bbox 928 5313 1240 5380; x_wconf 81' lang='grc' dir='ltr'>πιστεῦσαι,</span> <span class='ocrx_word' id='word_1_726' title='bbox 1277 5313 1357 5375; x_wconf 83' lang='grc' dir='ltr'><strong>είς</strong></span> <span class='ocrx_word' id='word_1_727' title='bbox 1402 5311 1463 5365; x_wconf 77' lang='grc' dir='ltr'>τὸ</span> <span class='ocrx_word' id='word_1_728' title='bbox 1506 5306 1693 5364; x_wconf 86' lang='grc' dir='ltr'>πλοῖον</span> <span class='ocrx_word' id='word_1_729' title='bbox 1716 5307 1897 5378; x_wconf 79' lang='grc' dir='ltr'>ὲμδάς</span> 
     </span>
    </p>
   </div>
   <div class='ocr_carea' id='block_1_102' title="bbox 319 5399 1888 5476">
    <p class='ocr_par' dir='ltr' id='par_1_102' title="bbox 319 5399 1888 5476">
     <span class='ocr_line' id='line_1_102' title="bbox 319 5399 1888 5476; baseline -0.003 -20"><span class='ocrx_word' id='word_1_730' title='bbox 319 5407 415 5456; x_wconf 69' lang='grc' dir='ltr'>καὶ</span> <span class='ocrx_word' id='word_1_731' title='bbox 441 5405 502 5456; x_wconf 70' lang='grc' dir='ltr'>τὸ</span> <span class='ocrx_word' id='word_1_732' title='bbox 528 5405 647 5457; x_wconf 81' lang='grc' dir='ltr'>ὅλον</span> <span class='ocrx_word' id='word_1_733' title='bbox 695 5404 770 5468; x_wconf 80' lang='grc' dir='ltr'>ὡς</span> <span class='ocrx_word' id='word_1_734' title='bbox 817 5406 928 5476; x_wconf 75' lang='grc' dir='ltr'>ἔχει</span> <span class='ocrx_word' id='word_1_735' title='bbox 964 5406 1178 5475; x_wconf 78' lang='grc' dir='ltr'>φύσεως</span> <span class='ocrx_word' id='word_1_736' title='bbox 1222 5402 1628 5473; x_wconf 86' lang='grc' dir='ltr'>καταμάνθανε.</span> <span class='ocrx_word' id='word_1_737' title='bbox 1671 5402 1784 5454; x_wconf 76' lang='grc' dir='ltr'><strong>Καὶ</strong></span> <span class='ocrx_word' id='word_1_738' title='bbox 1829 5399 1888 5463; x_wconf 87' lang='grc' dir='ltr'>ὃς</span> 
     </span>
    </p>
   </div>
   <div class='ocr_carea' id='block_1_103' title="bbox 316 5492 1896 5567">
    <p class='ocr_par' dir='ltr' id='par_1_103' title="bbox 316 5492 1896 5567">
     <span class='ocr_line' id='line_1_103' title="bbox 316 5492 1896 5567; baseline 0.001 -22"><span class='ocrx_word' id='word_1_739' title='bbox 316 5493 578 5548; x_wconf 78' lang='grc' dir='ltr'>εἰσελθὼν</span> <span class='ocrx_word' id='word_1_740' title='bbox 601 5495 845 5566; x_wconf 82' lang='grc' dir='ltr'>εὑρίσκει</span> <span class='ocrx_word' id='word_1_741' title='bbox 872 5498 965 5550; x_wconf 76' lang='grc' dir='ltr'>καὶ</span> <span class='ocrx_word' id='word_1_742' title='bbox 991 5498 1153 5550; x_wconf 83' lang='grc' dir='ltr'>αὐτὸν</span> <span class='ocrx_word' id='word_1_743' title='bbox 1176 5493 1463 5567; x_wconf 80' lang='grc' dir='ltr'>ἐμφανῶς,</span> <span class='ocrx_word' id='word_1_744' title='bbox 1500 5493 1691 5564; x_wconf 78' lang='grc' dir='ltr'>ὥσπερ</span> <span class='ocrx_word' id='word_1_745' title='bbox 1714 5492 1779 5561; x_wconf 81' lang='grc' dir='ltr'>δὴ</span> <span class='ocrx_word' id='word_1_746' title='bbox 1803 5493 1896 5546; x_wconf 76' lang='grc' dir='ltr'>καὶ</span> 
     </span>
    </p>
   </div>
   <div class='ocr_carea' id='block_1_104' title="bbox 315 5581 1899 5661">
    <p class='ocr_par' dir='ltr' id='par_1_104' title="bbox 315 5581 1899 5661">
     <span class='ocr_line' id='line_1_104' title="bbox 315 5581 1899 5661; baseline 0 -21"><span class='ocrx_word' id='word_1_747' title='bbox 315 5581 410 5657; x_wconf 85' lang='grc' dir='ltr'>ἦν,</span> <span class='ocrx_word' id='word_1_748' title='bbox 440 5589 683 5660; x_wconf 78' lang='grc' dir='ltr'>ἄργυρον</span> <span class='ocrx_word' id='word_1_749' title='bbox 714 5590 1125 5661; x_wconf 83' lang='grc' dir='ltr'>καθαρώτατον.</span> <span class='ocrx_word' id='word_1_750' title='bbox 1182 5590 1241 5645; x_wconf 87' lang='lat'><strong>&#39;0</strong></span> <span class='ocrx_word' id='word_1_751' title='bbox 1269 5588 1577 5659; x_wconf 83' lang='grc' dir='ltr'>ναύκληρος</span> <span class='ocrx_word' id='word_1_752' title='bbox 1631 5586 1687 5640; x_wconf 85' lang='grc' dir='ltr'>δὲ</span> <span class='ocrx_word' id='word_1_753' title='bbox 1721 5587 1899 5641; x_wconf 85' lang='grc' dir='ltr'>πάντα</span> 
     </span>
    </p>
   </div>
   <div class='ocr_carea' id='block_1_105' title="bbox 395 5723 1901 5809">
    <p class='ocr_par' dir='ltr' id='par_1_105' title="bbox 395 5723 1901 5809">
     <span class='ocr_line' id='line_1_105' title="bbox 395 5723 1901 5809; baseline 0 -30"><span class='ocrx_word' id='word_1_754' title='bbox 395 5728 510 5809; x_wconf 74' lang='grc'>(10)</span> <span class='ocrx_word' id='word_1_755' title='bbox 535 5728 971 5809; x_wconf 42' lang='lat' dir='ltr'><strong>&quot;Itanfientianus,</strong></span> <span class='ocrx_word' id='word_1_756' title='bbox 1016 5729 1081 5783; x_wconf 86' lang='lat' dir='ltr'><strong>ad</strong></span> <span class='ocrx_word' id='word_1_757' title='bbox 1118 5728 1246 5809; x_wconf 69' lang='lat' dir='ltr'><strong>Mss.</strong></span> <span class='ocrx_word' id='word_1_758' title='bbox 1284 5728 1335 5782; x_wconf 88' lang='lat' dir='ltr'><strong>id</strong></span> <span class='ocrx_word' id='word_1_759' title='bbox 1381 5728 1627 5809; x_wconf 80' lang='lat' dir='ltr'><strong>referunt</strong></span> <span class='ocrx_word' id='word_1_760' title='bbox 1672 5725 1741 5781; x_wconf 88' lang='lat' dir='ltr'><strong>de</strong></span> <span class='ocrx_word' id='word_1_761' title='bbox 1784 5723 1901 5780; x_wconf 86' lang='lat' dir='ltr'><strong>solo</strong></span> 
     </span>
    </p>
   </div>
   <div class='ocr_carea' id='block_1_106' title="bbox 326 5800 1581 5871">
    <p class='ocr_par' dir='ltr' id='par_1_106' title="bbox 326 5800 1581 5871">
     <span class='ocr_line' id='line_1_106' title="bbox 326 5800 1581 5871; baseline 0.002 -21"><span class='ocrx_word' id='word_1_762' title='bbox 326 5800 579 5871; x_wconf 74' lang='lat' dir='ltr'><strong>principe</strong></span> <span class='ocrx_word' id='word_1_763' title='bbox 613 5800 756 5871; x_wconf 76' lang='lat' dir='ltr'><strong>illius</strong></span> <span class='ocrx_word' id='word_1_764' title='bbox 785 5800 909 5871; x_wconf 76' lang='lat' dir='ltr'><strong>loci,</strong></span> <span class='ocrx_word' id='word_1_765' title='bbox 942 5815 1101 5866; x_wconf 79' lang='lat' dir='ltr'><strong>qunn</strong></span> <span class='ocrx_word' id='word_1_766' title='bbox 1126 5800 1340 5871; x_wconf 78' lang='grc' dir='ltr'>πρῶτον</span> <span class='ocrx_word' id='word_1_767' title='bbox 1369 5808 1581 5871; x_wconf 78' lang='lat' dir='ltr'><strong>vocant.</strong></span> 
     </span>
    </p>
   </div>
   <div class='ocr_carea' id='block_1_107' title="bbox 392 5867 1800 5941">
    <p class='ocr_par' dir='ltr' id='par_1_107' title="bbox 392 5867 1800 5941">
     <span class='ocr_line' id='line_1_107' title="bbox 392 5867 1800 5941; baseline -0.001 -20"><span class='ocrx_word' id='word_1_768' title='bbox 392 5870 438 5941; x_wconf 73' lang='lat' dir='ltr'><strong>tl</strong></span> <span class='ocrx_word' id='word_1_769' title='bbox 460 5869 506 5941; x_wconf 80' lang='grc' dir='ltr'>Ι)</span> <span class='ocrx_word' id='word_1_770' title='bbox 546 5869 622 5923; x_wconf 86' lang='lat' dir='ltr'><strong>lta</strong></span> <span class='ocrx_word' id='word_1_771' title='bbox 656 5869 782 5925; x_wconf 73' lang='lat' dir='ltr'><strong>Mss.</strong></span> <span class='ocrx_word' id='word_1_772' title='bbox 816 5869 1022 5937; x_wconf 74' lang='lat' dir='ltr'><strong>Gneca,</strong></span> <span class='ocrx_word' id='word_1_773' title='bbox 1062 5884 1127 5925; x_wconf 88' lang='lat' dir='ltr'><strong>ac</strong></span> <span class='ocrx_word' id='word_1_774' title='bbox 1155 5867 1413 5926; x_wconf 85' lang='lat' dir='ltr'><strong>Leontius</strong></span> <span class='ocrx_word' id='word_1_775' title='bbox 1438 5867 1800 5938; x_wconf 70' lang='lat' dir='ltr'><strong>Pentapolim.</strong></span> 
     </span>
    </p>
   </div>
   <div class='ocr_carea' id='block_1_108' title="bbox 1995 4670 3561 4743">
    <p class='ocr_par' dir='ltr' id='par_1_108' title="bbox 1995 4670 3561 4743">
     <span class='ocr_line' id='line_1_108' title="bbox 1995 4670 3561 4743; baseline 0.003 -18"><span class='ocrx_word' id='word_1_776' title='bbox 1995 4681 2278 4742; x_wconf 85' lang='lat' dir='ltr'><strong>argentum</strong></span> <span class='ocrx_word' id='word_1_777' title='bbox 2323 4672 2617 4740; x_wconf 86' lang='lat' dir='ltr'><strong>deposuisti</strong></span> <span class='ocrx_word' id='word_1_778' title='bbox 2655 4687 2752 4741; x_wconf 89' lang='lat' dir='ltr'><strong>pro</strong></span> <span class='ocrx_word' id='word_1_779' title='bbox 2778 4682 2996 4728; x_wconf 87' lang='lat' dir='ltr'><strong>stanno.</strong></span> <span class='ocrx_word' id='word_1_780' title='bbox 3022 4670 3276 4727; x_wconf 86' lang='lat' dir='ltr'><strong>Pretinus</strong></span> <span class='ocrx_word' id='word_1_781' title='bbox 3304 4686 3456 4743; x_wconf 79' lang='lat' dir='ltr'><strong>ergo,</strong></span> <span class='ocrx_word' id='word_1_782' title='bbox 3493 4686 3561 4729; x_wconf 89' lang='lat' dir='ltr'><strong>eo</strong></span> 
     </span>
    </p>
   </div>
   <div class='ocr_carea' id='block_1_109' title="bbox 1990 4754 3560 4836">
    <p class='ocr_par' dir='ltr' id='par_1_109' title="bbox 1990 4754 3560 4836">
     <span class='ocr_line' id='line_1_109' title="bbox 1990 4754 3560 4836; baseline 0.005 -22"><span class='ocrx_word' id='word_1_783' title='bbox 1990 4754 2132 4834; x_wconf 84' lang='lat' dir='ltr'><strong>quod</strong></span> <span class='ocrx_word' id='word_1_784' title='bbox 2157 4764 2366 4818; x_wconf 82' lang='lat' dir='ltr'><strong>dixerat</strong></span> <span class='ocrx_word' id='word_1_785' title='bbox 2398 4763 2804 4833; x_wconf 80' lang='lat' dir='ltr'><strong>obstupefactus</strong></span> <span class='ocrx_word' id='word_1_786' title='bbox 2827 4763 3113 4819; x_wconf 84' lang='lat' dir='ltr'><strong>nauclerus</strong></span> <span class='ocrx_word' id='word_1_787' title='bbox 3142 4762 3345 4831; x_wconf 82' lang='lat' dir='ltr'><strong>:Nihil,</strong></span> <span class='ocrx_word' id='word_1_788' title='bbox 3366 4766 3560 4836; x_wconf 88' lang='lat' dir='ltr'><strong>inquit,</strong></span> 
     </span>
    </p>
   </div>
   <div class='ocr_carea' id='block_1_110' title="bbox 1987 4854 3564 4926">
    <p class='ocr_par' dir='ltr' id='par_1_110' title="bbox 1987 4854 3564 4926">
     <span class='ocr_line' id='line_1_110' title="bbox 1987 4854 3564 4926; baseline 0.001 -17"><span class='ocrx_word' id='word_1_789' title='bbox 1987 4869 2084 4926; x_wconf 82' lang='lat' dir='ltr'><strong>per</strong></span> <span class='ocrx_word' id='word_1_790' title='bbox 2105 4856 2299 4923; x_wconf 83' lang='lat' dir='ltr'><strong>ipsam,</strong></span> <span class='ocrx_word' id='word_1_791' title='bbox 2329 4871 2361 4910; x_wconf 88' lang='grc' dir='ltr'><strong>ο</strong></span> <span class='ocrx_word' id='word_1_792' title='bbox 2385 4855 2577 4921; x_wconf 87' lang='lat' dir='ltr'><strong>amice,</strong></span> <span class='ocrx_word' id='word_1_793' title='bbox 2615 4856 2920 4920; x_wconf 81' lang='lat' dir='ltr'><strong>veritatem,</strong></span> <span class='ocrx_word' id='word_1_794' title='bbox 2944 4855 3075 4910; x_wconf 87' lang='lat' dir='ltr'><strong>nihil</strong></span> <span class='ocrx_word' id='word_1_795' title='bbox 3103 4854 3331 4913; x_wconf 88' lang='lat' dir='ltr'><strong>fecimus</strong></span> <span class='ocrx_word' id='word_1_796' title='bbox 3355 4866 3415 4911; x_wconf 90' lang='lat' dir='ltr'><strong>ut</strong></span> <span class='ocrx_word' id='word_1_797' title='bbox 3448 4866 3564 4911; x_wconf 56' lang='lat' dir='ltr'><strong>ten‘</strong></span> 
     </span>
    </p>
   </div>
   <div class='ocr_carea' id='block_1_111' title="bbox 1990 4945 3566 5018">
    <p class='ocr_par' dir='ltr' id='par_1_111' title="bbox 1990 4945 3566 5018">
     <span class='ocr_line' id='line_1_111' title="bbox 1990 4945 3566 5018; baseline 0.002 -20"><span class='ocrx_word' id='word_1_798' title='bbox 1990 4955 2227 5000; x_wconf 79' lang='lat' dir='ltr'><strong>taremus</strong></span> <span class='ocrx_word' id='word_1_799' title='bbox 2275 4962 2290 4998; x_wconf 91' lang='lat'><strong>:</strong></span> <span class='ocrx_word' id='word_1_800' title='bbox 2340 4945 2433 4998; x_wconf 88' lang='lat' dir='ltr'><strong>sed</strong></span> <span class='ocrx_word' id='word_1_801' title='bbox 2495 4946 2610 4999; x_wconf 85' lang='lat' dir='ltr'><strong>seio</strong></span> <span class='ocrx_word' id='word_1_802' title='bbox 2651 4961 2738 5000; x_wconf 91' lang='lat' dir='ltr'><strong>me</strong></span> <span class='ocrx_word' id='word_1_803' title='bbox 2785 4946 2878 5001; x_wconf 90' lang='lat' dir='ltr'><strong>tibi</strong></span> <span class='ocrx_word' id='word_1_804' title='bbox 2918 4955 3167 5002; x_wconf 76' lang='lat' dir='ltr'><strong>stantium</strong></span> <span class='ocrx_word' id='word_1_805' title='bbox 3202 4956 3388 5017; x_wconf 89' lang='lat' dir='ltr'><strong>aperte</strong></span> <span class='ocrx_word' id='word_1_806' title='bbox 3428 4964 3566 5018; x_wconf 76' lang='lat' dir='ltr'><strong>pra:-</strong></span> 
     </span>
    </p>
   </div>
   <div class='ocr_carea' id='block_1_112' title="bbox 1996 5034 3565 5106">
    <p class='ocr_par' dir='ltr' id='par_1_112' title="bbox 1996 5034 3565 5106">
     <span class='ocr_line' id='line_1_112' title="bbox 1996 5034 3565 5106; baseline 0.002 -15"><span class='ocrx_word' id='word_1_807' title='bbox 1996 5038 2200 5091; x_wconf 72' lang='lat' dir='ltr'><strong>lruisse.</strong></span> <span class='ocrx_word' id='word_1_808' title='bbox 2240 5034 2295 5090; x_wconf 88' lang='lat' dir='ltr'><strong>Si</strong></span> <span class='ocrx_word' id='word_1_809' title='bbox 2326 5044 2505 5090; x_wconf 85' lang='lat' dir='ltr'><strong>autem</strong></span> <span class='ocrx_word' id='word_1_810' title='bbox 2536 5036 2861 5103; x_wconf 71' lang='lat' dir='ltr'><strong>patriarcha:</strong></span> <span class='ocrx_word' id='word_1_811' title='bbox 2892 5038 3148 5106; x_wconf 85' lang='lat' dir='ltr'><strong>precibus</strong></span> <span class='ocrx_word' id='word_1_812' title='bbox 3180 5047 3445 5093; x_wconf 86' lang='lat' dir='ltr'><strong>mutatum</strong></span> <span class='ocrx_word' id='word_1_813' title='bbox 3481 5048 3565 5094; x_wconf 82' lang='lat' dir='ltr'><strong>est</strong></span> 
     </span>
    </p>
   </div>
   <div class='ocr_carea' id='block_1_113' title="bbox 1998 5128 3568 5198">
    <p class='ocr_par' dir='ltr' id='par_1_113' title="bbox 1998 5128 3568 5198">
     <span class='ocr_line' id='line_1_113' title="bbox 1998 5128 3568 5198; baseline 0.003 -17"><span class='ocrx_word' id='word_1_814' title='bbox 1998 5130 2047 5181; x_wconf 89' lang='lat' dir='ltr'><strong>in</strong></span> <span class='ocrx_word' id='word_1_815' title='bbox 2079 5138 2387 5198; x_wconf 89' lang='lat' dir='ltr'><strong>argentum,</strong></span> <span class='ocrx_word' id='word_1_816' title='bbox 2432 5143 2539 5181; x_wconf 90' lang='lat' dir='ltr'><strong>non</strong></span> <span class='ocrx_word' id='word_1_817' title='bbox 2585 5137 2670 5183; x_wconf 89' lang='lat' dir='ltr'><strong>est</strong></span> <span class='ocrx_word' id='word_1_818' title='bbox 2703 5128 2806 5183; x_wconf 91' lang='lat' dir='ltr'><strong>hoc</strong></span> <span class='ocrx_word' id='word_1_819' title='bbox 2836 5143 3031 5182; x_wconf 81' lang='lat' dir='ltr'><strong>novum</strong></span> <span class='ocrx_word' id='word_1_820' title='bbox 3086 5140 3137 5186; x_wconf 91' lang='lat' dir='ltr'><strong>et</strong></span> <span class='ocrx_word' id='word_1_821' title='bbox 3174 5130 3433 5186; x_wconf 87' lang='lat' dir='ltr'><strong>alienum.</strong></span> <span class='ocrx_word' id='word_1_822' title='bbox 3475 5131 3568 5185; x_wconf 88' lang='lat' dir='ltr'><strong>llle</strong></span> 
     </span>
    </p>
   </div>
   <div class='ocr_carea' id='block_1_114' title="bbox 1993 5220 3568 5291">
    <p class='ocr_par' dir='ltr' id='par_1_114' title="bbox 1993 5220 3568 5291">
     <span class='ocr_line' id='line_1_114' title="bbox 1993 5220 3568 5291; baseline 0.002 -17"><span class='ocrx_word' id='word_1_823' title='bbox 1993 5221 2134 5274; x_wconf 90' lang='lat' dir='ltr'><strong>enim</strong></span> <span class='ocrx_word' id='word_1_824' title='bbox 2178 5222 2291 5274; x_wconf 62' lang='lat' dir='ltr'><strong>hate</strong></span> <span class='ocrx_word' id='word_1_825' title='bbox 2331 5228 2505 5288; x_wconf 80' lang='lat' dir='ltr'><strong>pmest</strong></span> <span class='ocrx_word' id='word_1_826' title='bbox 2557 5221 2646 5290; x_wconf 88' lang='lat' dir='ltr'><strong>qui</strong></span> <span class='ocrx_word' id='word_1_827' title='bbox 2681 5234 2877 5291; x_wconf 91' lang='lat' dir='ltr'><strong>aquam</strong></span> <span class='ocrx_word' id='word_1_828' title='bbox 2922 5220 2975 5275; x_wconf 90' lang='lat' dir='ltr'><strong>in</strong></span> <span class='ocrx_word' id='word_1_829' title='bbox 3025 5222 3245 5290; x_wconf 84' lang='lat' dir='ltr'><strong>vinum,</strong></span> <span class='ocrx_word' id='word_1_830' title='bbox 3276 5235 3332 5277; x_wconf 90' lang='lat' dir='ltr'><strong>et</strong></span> <span class='ocrx_word' id='word_1_831' title='bbox 3380 5239 3568 5278; x_wconf 84' lang='lat' dir='ltr'><strong>rursus</strong></span> 
     </span>
    </p>
   </div>
   <div class='ocr_carea' id='block_1_115' title="bbox 1993 5310 3560 5382">
    <p class='ocr_par' dir='ltr' id='par_1_115' title="bbox 1993 5310 3560 5382">
     <span class='ocr_line' id='line_1_115' title="bbox 1993 5310 3560 5382; baseline -0.001 -17"><span class='ocrx_word' id='word_1_832' title='bbox 1993 5311 2283 5380; x_wconf 84' lang='lat' dir='ltr'><strong>aliquando</strong></span> <span class='ocrx_word' id='word_1_833' title='bbox 2311 5326 2429 5365; x_wconf 86' lang='lat' dir='ltr'><strong>eam</strong></span> <span class='ocrx_word' id='word_1_834' title='bbox 2451 5310 2561 5382; x_wconf 75' lang='lat' dir='ltr'><strong>(l2)</strong></span> <span class='ocrx_word' id='word_1_835' title='bbox 2593 5312 2820 5367; x_wconf 82' lang='lat' dir='ltr'><strong>mutavit</strong></span> <span class='ocrx_word' id='word_1_836' title='bbox 2847 5311 2901 5367; x_wconf 95' lang='lat' dir='ltr'><strong>in</strong></span> <span class='ocrx_word' id='word_1_837' title='bbox 2921 5313 3265 5382; x_wconf 83' lang='lat' dir='ltr'><strong>sanguinem.</strong></span> <span class='ocrx_word' id='word_1_838' title='bbox 3291 5311 3360 5367; x_wconf 92' lang='lat' dir='ltr'><strong>Ut</strong></span> <span class='ocrx_word' id='word_1_839' title='bbox 3381 5323 3560 5367; x_wconf 89' lang='lat' dir='ltr'><strong>autem</strong></span> 
     </span>
    </p>
   </div>
   <div class='ocr_carea' id='block_1_116' title="bbox 1996 5401 3569 5472">
    <p class='ocr_par' dir='ltr' id='par_1_116' title="bbox 1996 5401 3569 5472">
     <span class='ocr_line' id='line_1_116' title="bbox 1996 5401 3569 5472; baseline 0.001 -19"><span class='ocrx_word' id='word_1_840' title='bbox 1996 5403 2076 5456; x_wconf 76' lang='lat' dir='ltr'><strong>vel</strong></span> <span class='ocrx_word' id='word_1_841' title='bbox 2111 5401 2237 5456; x_wconf 92' lang='lat' dir='ltr'><strong>hinc</strong></span> <span class='ocrx_word' id='word_1_842' title='bbox 2264 5403 2438 5472; x_wconf 84' lang='lat' dir='ltr'><strong>possis</strong></span> <span class='ocrx_word' id='word_1_843' title='bbox 2476 5402 2718 5468; x_wconf 88' lang='lat' dir='ltr'><strong>credere,</strong></span> <span class='ocrx_word' id='word_1_844' title='bbox 2746 5402 2987 5459; x_wconf 89' lang='lat' dir='ltr'><strong>ascende</strong></span> <span class='ocrx_word' id='word_1_845' title='bbox 3011 5403 3064 5457; x_wconf 90' lang='lat' dir='ltr'><strong>in</strong></span> <span class='ocrx_word' id='word_1_846' title='bbox 3100 5418 3290 5458; x_wconf 86' lang='lat' dir='ltr'><strong>navem</strong></span> <span class='ocrx_word' id='word_1_847' title='bbox 3319 5412 3373 5458; x_wconf 92' lang='lat' dir='ltr'><strong>et</strong></span> <span class='ocrx_word' id='word_1_848' title='bbox 3402 5413 3569 5457; x_wconf 91' lang='lat' dir='ltr'><strong>totum</strong></span> 
     </span>
    </p>
   </div>
   <div class='ocr_carea' id='block_1_117' title="bbox 1993 5492 3569 5566">
    <p class='ocr_par' dir='ltr' id='par_1_117' title="bbox 1993 5492 3569 5566">
     <span class='ocr_line' id='line_1_117' title="bbox 1993 5492 3569 5566; baseline -0.001 -17"><span class='ocrx_word' id='word_1_849' title='bbox 1993 5494 2146 5549; x_wconf 89' lang='lat' dir='ltr'><strong>disce</strong></span> <span class='ocrx_word' id='word_1_850' title='bbox 2188 5493 2492 5562; x_wconf 86' lang='lat' dir='ltr'><strong>cujnsmodi</strong></span> <span class='ocrx_word' id='word_1_851' title='bbox 2546 5495 2616 5550; x_wconf 87' lang='lat' dir='ltr'><strong>sit</strong></span> <span class='ocrx_word' id='word_1_852' title='bbox 2670 5504 2895 5550; x_wconf 73' lang='lat' dir='ltr'><strong>naturae.</strong></span> <span class='ocrx_word' id='word_1_853' title='bbox 2947 5495 3041 5551; x_wconf 90' lang='lat' dir='ltr'><strong>llle</strong></span> <span class='ocrx_word' id='word_1_854' title='bbox 3083 5509 3212 5549; x_wconf 88' lang='lat' dir='ltr'><strong>vero</strong></span> <span class='ocrx_word' id='word_1_855' title='bbox 3265 5492 3569 5566; x_wconf 84' lang='lat' dir='ltr'><strong>ingressus.</strong></span> 
     </span>
    </p>
   </div>
   <div class='ocr_carea' id='block_1_118' title="bbox 1994 5582 3572 5655">
    <p class='ocr_par' dir='ltr' id='par_1_118' title="bbox 1994 5582 3572 5655">
     <span class='ocr_line' id='line_1_118' title="bbox 1994 5582 3572 5655; baseline -0.001 -17"><span class='ocrx_word' id='word_1_856' title='bbox 1994 5590 2178 5654; x_wconf 79' lang='lat' dir='ltr'><strong>aperte</strong></span> <span class='ocrx_word' id='word_1_857' title='bbox 2228 5582 2435 5639; x_wconf 86' lang='lat' dir='ltr'><strong>invenit</strong></span> <span class='ocrx_word' id='word_1_858' title='bbox 2487 5584 2662 5655; x_wconf 88' lang='lat' dir='ltr'><strong>ipsum</strong></span> <span class='ocrx_word' id='word_1_859' title='bbox 2686 5626 2701 5652; x_wconf 95' lang='lat'><strong>,</strong></span> <span class='ocrx_word' id='word_1_860' title='bbox 2736 5585 2877 5640; x_wconf 88' lang='lat' dir='ltr'><strong>sicut</strong></span> <span class='ocrx_word' id='word_1_861' title='bbox 2909 5594 3046 5651; x_wconf 88' lang='lat' dir='ltr'><strong>erat,</strong></span> <span class='ocrx_word' id='word_1_862' title='bbox 3081 5593 3359 5655; x_wconf 83' lang='lat' dir='ltr'><strong>argentum</strong></span> <span class='ocrx_word' id='word_1_863' title='bbox 3390 5584 3572 5652; x_wconf 64' lang='lat' dir='ltr'><strong>puris-</strong></span> 
     </span>
    </p>
   </div>
   <div class='ocr_carea' id='block_1_119' title="bbox 2086 5720 3571 5792">
    <p class='ocr_par' dir='ltr' id='par_1_119' title="bbox 2086 5720 3571 5792">
     <span class='ocr_line' id='line_1_119' title="bbox 2086 5720 3571 5792; baseline -0.001 -19"><span class='ocrx_word' id='word_1_864' title='bbox 2086 5720 2197 5788; x_wconf 78' lang='grc' dir='ltr'><strong>(Ιὲ)</strong></span> <span class='ocrx_word' id='word_1_865' title='bbox 2245 5721 2576 5784; x_wconf 85' lang='lat' dir='ltr'><strong>Gentianus,</strong></span> <span class='ocrx_word' id='word_1_866' title='bbox 2627 5723 2703 5789; x_wconf 78' lang='lat' dir='ltr'><strong>id,</strong></span> <span class='ocrx_word' id='word_1_867' title='bbox 2751 5724 2902 5790; x_wconf 84' lang='lat' dir='ltr'><strong>quasi</strong></span> <span class='ocrx_word' id='word_1_868' title='bbox 2947 5722 3125 5777; x_wconf 75' lang='lat' dir='ltr'><strong>vinum</strong></span> <span class='ocrx_word' id='word_1_869' title='bbox 3174 5722 3225 5776; x_wconf 91' lang='lat' dir='ltr'><strong>in</strong></span> <span class='ocrx_word' id='word_1_870' title='bbox 3257 5721 3571 5792; x_wconf 68' lang='lat' dir='ltr'><strong>sanguinem</strong></span> 
     </span>
    </p>
   </div>
   <div class='ocr_carea' id='block_1_120' title="bbox 2013 5791 3575 5862">
    <p class='ocr_par' dir='ltr' id='par_1_120' title="bbox 2013 5791 3575 5862">
     <span class='ocr_line' id='line_1_120' title="bbox 2013 5791 3575 5862; baseline -0.002 -16"><span class='ocrx_word' id='word_1_871' title='bbox 2013 5804 2283 5846; x_wconf 87' lang='lat' dir='ltr'><strong>mutatum</strong></span> <span class='ocrx_word' id='word_1_872' title='bbox 2324 5793 2487 5846; x_wconf 87' lang='lat' dir='ltr'><strong>dicat.</strong></span> <span class='ocrx_word' id='word_1_873' title='bbox 2535 5792 2661 5847; x_wconf 84' lang='lat' dir='ltr'><strong>Mss.</strong></span> <span class='ocrx_word' id='word_1_874' title='bbox 2712 5794 2884 5862; x_wconf 85' lang='lat' dir='ltr'><strong>ipsam</strong></span> <span class='ocrx_word' id='word_1_875' title='bbox 2929 5808 3121 5859; x_wconf 84' lang='lat' dir='ltr'><strong>aquam</strong></span> <span class='ocrx_word' id='word_1_876' title='bbox 3164 5792 3227 5846; x_wconf 89' lang='lat' dir='ltr'><strong>in.</strong></span> <span class='ocrx_word' id='word_1_877' title='bbox 3263 5791 3575 5861; x_wconf 82' lang='lat' dir='ltr'><strong>sanguinem</strong></span> 
     </span>
    </p>
   </div>
   <div class='ocr_carea' id='block_1_121' title="bbox 2017 5863 3573 5933">
    <p class='ocr_par' dir='ltr' id='par_1_121' title="bbox 2017 5863 3573 5933">
     <span class='ocr_line' id='line_1_121' title="bbox 2017 5863 3573 5933; baseline 0 -18"><span class='ocrx_word' id='word_1_878' title='bbox 2017 5874 2274 5917; x_wconf 87' lang='lat' dir='ltr'><strong>mutatam</strong></span> <span class='ocrx_word' id='word_1_879' title='bbox 2315 5863 2542 5928; x_wconf 85' lang='lat' dir='ltr'><strong>habent,</strong></span> <span class='ocrx_word' id='word_1_880' title='bbox 2574 5866 2712 5933; x_wconf 88' lang='lat' dir='ltr'><strong>quod</strong></span> <span class='ocrx_word' id='word_1_881' title='bbox 2742 5864 2947 5918; x_wconf 85' lang='lat' dir='ltr'><strong>scilicet</strong></span> <span class='ocrx_word' id='word_1_882' title='bbox 2986 5863 3150 5918; x_wconf 73' lang='lat' dir='ltr'><strong>Exodi</strong></span> <span class='ocrx_word' id='word_1_883' title='bbox 3189 5877 3258 5919; x_wconf 79' lang='lat' dir='ltr'><strong>vn</strong></span> <span class='ocrx_word' id='word_1_884' title='bbox 3301 5871 3573 5917; x_wconf 74' lang='lat' dir='ltr'><strong>narratur.</strong></span> 
     </span>
    </p>
   </div>
  </div>
