3832 6462
323 505 421 568 911

1550 503 1831 564 MENSIS
1865 497 2324 568 JANUARIUS.

3462 506 3562 572 912

323 616 540 668 simum.
586 608 882 667 Nauclerus
929 621 1108 667 autem
1158 628 1280 667 cum
1335 614 1516 667 munia
1575 617 1756 670 statim
1824 616 1890 668 ah

2005 618 2152 680 εὐθὺς
2177 618 2248 672 τά
2300 618 2392 669 ἅττ’
2425 617 2598 687 ἑρχῆς
2629 617 2756 688 ἄχρι
2777 615 2868 670 καὶ
2902 616 3084 680 τέλους
3129 609 3557 688 ἐξηγησάμενος.

323 703 480 758 initio
503 716 674 772 usque
703 701 769 756 ad
813 702 972 758 linem
1019 704 1378 773 exposuisset,
1421 705 1487 758 ad
1535 706 1759 774 gloriam
1793 705 1884 758 lici

315 804 371 850 et
402 794 610 848 laudem
649 794 990 862 patriarchas,
1037 795 1126 864 qui
1175 796 1273 848 l'uit
1303 796 1350 849 ei
1383 797 1735 864 gratiﬁcatus,
1767 809 1885 848 mu-

323 901 420 942 nes
475 888 719 942 evocavit
775 887 1070 942 auditores.
1137 886 1242 942 Sed
1307 889 1634 958 pergendum
1679 897 1762 942 est
1819 889 1882 942 ml

317 985 632 1046 sequentem
665 979 1054 1033 narrationem.

375 1067 550 1150 _X\lll.
590 1069 668 1122 Ad
694 1084 945 1139 magnum
967 1068 1256 1140 aliquando
1276 1077 1492 1124 euntem
1516 1071 1582 1126 ad
1601 1071 1884 1127 ecclesiam

311 1166 522 1221 accedit
552 1167 771 1237 quidam
823 1167 1036 1234 nobilis,
1066 1167 1155 1222 cui
1191 1167 1338 1224 fures
1375 1154 1512 1239 quas
1543 1171 1773 1225 habebat
1806 1171 1884 1225 fa-

318 1259 554 1312 cultates
594 1258 952 1326 diripuerant,
1001 1269 1054 1313 et
1091 1261 1183 1328 qui
1223 1262 1302 1316 sic
1331 1271 1448 1316 erat
1488 1263 1553 1317 ad
1589 1273 1884 1318 extremam

318 1351 566 1405 redactus
615 1359 985 1421 paupertatem
1029 1368 1043 1405 :
1087 1353 1240 1422 cujus
1290 1356 1566 1418 misertus,
1618 1372 1737 1424 qua:
1780 1366 1885 1409 tam

320 1440 469 1494 brevi
494 1452 734 1510 tempore
763 1441 1051 1505 acciderat,
1082 1443 1296 1512 inopiae,
1317 1440 1480 1513 jussit
1509 1444 1554 1498 ei
1591 1447 1705 1499 dari
1729 1445 1888 1516 quin—

316 1532 492 1587 decim
533 1533 702 1586 libras
751 1533 890 1586 auri.
941 1532 1034 1586 llle
1088 1542 1290 1600 autem,
1343 1537 1433 1604 qui
1482 1535 1666 1603 jussus
1711 1538 1887 1592 fuerat

319 1627 468 1690 dare,
515 1624 712 1693 partim
753 1623 966 1692 quidem
1007 1625 1202 1680 cedens
1248 1627 1642 1694 iuobedieutia',
1692 1631 1884 1699 partim

325 1726 501 1769 autem
543 1715 880 1786 sugges‘tioni
927 1731 1136 1782 eorum,
1181 1718 1272 1786 qui
1318 1720 1771 1776 administrabant
1800 1737 1888 1775 res

323 1806 608 1872 Ecclesite,
639 1816 888 1876 tauquam
921 1823 1026 1861 non
1053 1817 1234 1863 essent
1258 1811 1423 1866 multa
1452 1813 1682 1884 reliqua,
1707 1824 1890 1883 utpote

315 1899 456 1974 quod
501 1900 737 1954 nesciret
785 1916 1012 1970 magnus
1047 1899 1291 1964 Joannes
1337 1904 1648 1959 thesaurum
1702 1921 1890 1960 recon-

1993 714 2072 772 εῐς
2100 709 2256 772 δόξαν
2277 708 2435 772 Θεοῦ,
2465 708 2684 761 ἔπαινόν
2715 724 2772 760 τε
2820 707 2912 761 τοῦ
2966 707 3111 778 αὐτῷ
3160 707 3559 778 κεχαρισμένου

1995 801 2332 869 πατριάρχου
2360 841 2374 862 ,
2410 799 2534 859 τοὺς
2583 798 2855 870 ἀκροατάς
2913 799 3120 864 πάντας
3169 799 3557 864 ἐξεκαλέσατο·

1993 891 2107 947 ἀλλ’
2134 891 2226 945 ἐπὶ
2248 891 2312 944 τὰ
2342 890 2465 959 ἐξῆς
2493 890 2632 944 ἰτέον
2655 893 2754 962 τῆς
2793 890 3114 962 διηγήσεως.

2065 1072 2161 1128 ΙΖ’.
2208 1074 2446 1126 ’Λπιόντι
2508 1072 2588 1143 τῷ
2619 1073 2840 1143 μεγάλῳ
2897 1076 3027 1126 ποτὲ
3074 1073 3209 1144 πρὸς
3238 1073 3337 1140 τὴν
3371 1072 3565 1143 ἐκκλη-

1995 1165 2137 1230 σίαν,
2168 1165 2414 1234 πρόσεισί
2446 1181 2524 1224 τις
2560 1165 2667 1217 τῶν
2684 1163 2919 1232 εὐγενῶν
2949 1165 3053 1218 ὑπὸ
3070 1165 3319 1218 κλεπτῶν
3343 1165 3412 1219 τά
3439 1166 3564 1219 ὄντα

1991 1258 2465 1328 διασεσυλημένος,
2514 1259 2608 1311 καὶ
2668 1262 2847 1313 πάντα
2901 1260 3038 1331 πρὸς
3097 1261 3331 1331 ἐσχάτην
3377 1261 3564 1313 πενίαν

1997 1351 2304 1414 συνελαθείς
2325 1367 2339 1381 ·
2364 1350 2421 1403 ὃν
2449 1352 2672 1422 ἐλεήσας
2698 1353 2794 1422 τῆς
2814 1353 2870 1405 ἐν
2895 1352 3088 1424 βραχεῖ
3106 1354 3306 1425 ταύτης
3336 1354 3565 1418 ἐνδείας,

1995 1443 2384 1496 πεντεκαίδεκα
2438 1445 2664 1513 χρυσίου
2713 1443 2901 1516 λίτρας
2956 1445 3171 1515 δοθῆναί
3214 1447 3264 1498 οἱ
3296 1445 3566 1499 διεκελεύ-

1997 1552 2144 1587 σατο.
2198 1533 2255 1588 '0
2293 1534 2476 1602 μέντοι
2510 1535 2692 1588 δοῦναι
2721 1537 3216 1606 προστεταγμένος,
3249 1535 3410 1588 τοῦτο
3467 1535 3564 1604 μὲν

1996 1626 2248 1694 παρακοῇ
2307 1625 2476 1691 εἴξας,
2534 1623 2692 1678 τοῦτο
2721 1625 2777 1678 δὲ
2834 1626 2927 1680 καὶ
2978 1625 3214 1698 ὑποϐολῇ
3241 1626 3348 1678 τῶν
3371 1628 3439 1679 τά
3466 1625 3566 1694 τῆς

2005 1714 2331 1783 Ἑκκλησίας
2369 1715 2914 1785 διοικονομουμένων,
2945 1715 3021 1779 ὡς
3048 1717 3122 1786 μὴ
3154 1715 3364 1768 πολλῶν
3394 1715 3564 1768 ὄντων

1993 1809 2102 1861 τῶν
2117 1807 2611 1878 ὑπολελειμμένων,
2631 1808 2723 1860 ἆτε
2741 1806 2832 1860 τοῦ
2853 1808 3089 1878 μεγάλου
3125 1808 3197 1878 μὴ
3218 1807 3567 1878 θησαυρίζειν

1995 1896 2385 1968 ἐπισταμένου,
2433 1898 2594 1949 πέντε
2625 1898 2793 1967 μόνας
2827 1898 2902 1968 τῷ
2957 1897 3202 1968 δεηθέντι
3238 1898 3564 1968 παρέσχετο.

316 1991 467 2056 dere,
498 1991 728 2060 praebuit
761 1993 998 2061 quinque
1025 1993 1168 2048 solas
1189 1993 1239 2048 ei
1271 1993 1364 2063 qui
1393 2005 1699 2063 rogaverat.
1725 1997 1887 2050 Beato

2005 1989 2230 2055 Ἐξιόντι
2285 1983 2342 2042 δὲ
2372 1987 2448 2058 τῷ
2507 1989 2764 2060 μακαρίῳ
2811 1990 2910 2060 τῆς
2945 1989 3264 2060 ἐκκλησίας,
3318 1991 3457 2061 γυνή
3484 2007 3566 2053 τις

319 2092 500 2140 autem
541 2083 734 2140 Joanni
769 2100 835 2140 ex
880 2085 1108 2141 ecclesia
1147 2087 1468 2154 egredienti,
1517 2087 1712 2144 mulier
1745 2104 1890 2158 qusc-

319 2178 442 2230 dam
480 2175 641 2230 vidua
677 2176 962 2230 admodum
1009 2176 1180 2240 dives,
1232 2177 1282 2230 ei
1313 2176 1477 2232 tradit
1521 2177 1790 2250 chartam,
1837 2179 1888 2230 in

319 2283 423 2334 qua
453 2268 715 2337 scriptum
746 2277 861 2320 erat
901 2267 1102 2322 donum
1151 2268 1569 2337 quingentarum
1602 2269 1886 2326 librarum.

321 2361 496 2424 Quam
547 2373 671 2411 cum
726 2357 962 2428 legisset,
1013 2357 1277 2412 intellexit
1317 2373 1381 2413 ex
1416 2361 1511 2426 eaf,
1538 2375 1659 2428 quae
1689 2361 1741 2414 in
1778 2361 1893 2430 ipso

322 2452 624 2516 habitabat,
665 2451 860 2521 gratia,
897 2448 950 2503 id
985 2449 1131 2520 quod
1162 2466 1269 2504 non
1296 2450 1470 2505 fuerat
1502 2452 1704 2508 factum
1737 2464 1896 2523 prout

313 2544 664 2613 jusserat,‘de
690 2543 1065 2608 diminutione,
1104 2543 1343 2612 inqttam,
1380 2543 1686 2612 quindecim
1731 2545 1894 2599 libra-

334 2653 450 2690 rum
492 2635 632 2690 auri.
665 2632 802 2690 Cum
841 2619 935 2690 eos
964 2649 1112 2706 ergo,
1156 2636 1250 2704 qui
1283 2636 1334 2688 id
1367 2634 1630 2701 fecerant,
1659 2637 1897 2692 accersi-

324 2732 509 2793 vissrt,
543 2730 608 2784 de
635 2743 700 2784 eo
731 2726 1086 2783 examinavit.
1119 2725 1254 2782 Cum
1287 2725 1324 2781 ii
1348 2737 1526 2782 autem
1558 2728 1625 2783 de
1661 2743 1719 2782 re
1745 2738 1893 2800 gesta

319 2821 566 2879 imeutiri
599 2828 947 2886 conarentur,
984 2827 1038 2874 et
1072 2833 1178 2874 non
1209 2821 1383 2874 solum
1412 2820 1466 2874 in
1507 2836 1564 2876 re
1603 2823 1772 2891 prius,
1803 2822 1894 2876 sed

321 2913 486 2968 etiam
529 2913 818 2966 mendaces
857 2909 1124 2966 exsistere
1157 2910 1212 2964 in
1249 2926 1522 2976 sermone,
1551 2928 1616 2967 eo
1658 2913 1774 2981 ipso
1803 2911 1895 2980 qui

324 3016 607 3077 rogaverat
642 3004 930 3068 accersito,
959 3017 1086 3057 cum
1130 3001 1438 3056 rescivisset
1468 3018 1590 3056 eum
1621 3005 1897 3072 accepisse

327 3100 474 3154 solas
519 3098 758 3165 quinque
797 3094 1138 3169 lihrasrauri,
1172 3095 1467 3150 Ostendeus
1499 3096 1606 3149 illis
1650 3097 1893 3150 chartam

329 3183 614 3245 mulieris:
650 3188 693 3240 A
746 3186 922 3252 vobis,
965 3185 1160 3256 inquit,
1196 3185 1456 3241 Dominus
1481 3196 1566 3242 est
1603 3195 1896 3242 exacturus

327 3281 464 3335 alias
487 3278 651 3332 mille.
692 3275 748 3332 Si
779 3278 921 3332 enim
959 3291 1052 3332 vos
1083 3277 1388 3347 quindecim
1426 3277 1612 3342 libras,
1643 3286 1754 3333 uta
1793 3294 1892 3332 no-

1994 2083 2136 2152 χήρα
2188 2081 2328 2134 πάνυ
2379 2081 2582 2154 σφόδρα
2621 2081 2874 2147 πλουσία,
2905 2082 3114 2154 χάρτην
3151 2082 3299 2150 αὐτῷ
3332 2081 3569 2152 ἐγχειρί-

1993 2174 2094 2238 ζει,
2119 2167 2162 2242 ᾧ
2190 2173 2370 2244 δωρεὰ
2399 2175 2623 2243 χρυσίου
2653 2174 3026 2227 πεντακοσίων
3073 2173 3272 2244 λιτρῶν
3301 2175 3571 2243 ἐγγέγρα-

1995 2285 2118 2334 πτο,
2149 2267 2209 2319 ὃν
2242 2266 2486 2319 ἐπελθὼν
2536 2267 2706 2337 συνῆν
2737 2266 2842 2321 ὑπὸ
2873 2265 2974 2336 τῆς
2999 2265 3148 2337 αὐτῷ
3193 2267 3566 2338 ἐνσκηνοὺσης

1993 2359 2244 2430 χάριτος,
2273 2358 2302 2410 ὃ
2326 2360 2402 2430 μὴ
2436 2359 2576 2412 κατὰ
2609 2358 2668 2412 τὸ
2709 2359 3136 2429 ἐπιτεταγμένον
3163 2357 3255 2434 {mf
3283 2356 3449 2412 αὐτοῦ
3475 2357 3566 2426 γέ-

1993 2470 2171 2522 γονεν,
2199 2451 2292 2507 ἐπὶ
2319 2455 2384 2524 τῇ
2421 2452 2607 2519 ὑφέσει
2637 2451 2809 2520 δήπου
2838 2450 2948 2504 τῶν
2969 2450 3129 2504 πέντε
3152 2449 3248 2504 καὶ
3275 2449 3406 2503 δέκα
3432 2467 3557 2520 χριο

1997 2547 2110 2600 σίου
2144 2544 2362 2618 λιτρῶν.
2390 2545 2528 2609 Τοὺς
2567 2540 2660 2598 οὖν
2690 2543 3142 2614 διενεργήσαντας
3193 2542 3567 2612 μετακαλεσάη

1998 2656 2157 2710 μενος
2177 2637 2344 2710 ῆταζε
2367 2637 2497 2708 περὶ
2516 2636 2732 2691 τούτου.
2763 2637 2854 2700 Ὧς
2874 2635 2928 2689 δὲ
2950 2636 3104 2689 αὐτοὶ
3123 2634 3218 2688 τοῦ
3245 2635 3569 2706 πεπραγμέο

1997 2748 2087 2784 νου
2147 2729 2578 2800 καταψεύδεσθαι
2631 2728 2955 2798 ἐπειρῶντο,
3011 2727 3108 2782 καὶ
3141 2728 3404 2799 πρότερον
3439 2729 3566 2798 περὶ

1995 2823 2057 2876 τὸ
2087 2824 2318 2892 πρᾶγμα
2345 2823 2524 2892 μόνον,
2557 2822 2672 2876 ἀλλ’
2703 2821 2804 2892 ήδη
2847 2820 2944 2875 καὶ
2973 2820 3101 2890 περὶ
3130 2820 3218 2872 τὸν
3249 2819 3406 2888 λόγον
3434 2817 3567 2888 ψεύ-

2000 2930 2128 2976 στας
2146 2913 2413 2981 γίνεσθαι,
2437 2913 2598 2965 αὐτὸν
2617 2911 2708 2964 τὸν
2731 2911 2992 2981 δεηθέντα
3047 2910 3562 2980 μεταπεμψάμενος,

1997 3007 2091 3059 καὶ⁸
2127 3003 2315 3074 μαθὼν
2344 3005 2427 3057 ὃτι
2462 3003 2623 3057 πέντε
2654 3004 2822 3073 μόνας
2845 3001 3057 3072 εἰλήφει
3093 3001 3284 3072 λίτρας
3304 2999 3525 3071 χρυσίου
3548 3036 3566 3062 ,

1998 3099 2088 3150 τὸν
2127 3096 2224 3165 τῆς
2249 3095 2508 3164 γυναικὸς
2535 3095 2741 3165 χάρτην
2779 3094 3008 3157 ἐκείνοις
3039 3092 3439 3152 ὑποδεικνύων,
3480 3089 3567 3154 Ἐξ

1999 3188 2176 3260 ἡμῶν,
2209 3189 2334 3258 ἐρη,
2367 3187 2566 3258 Κύριος
2594 3187 2694 3250 τὰς
2724 3187 2916 3258 ἐτέρας
2945 3185 3124 3256 χιλίας
3159 3183 3415 3238 ἀπαιτεῖν
3442 3180 3566 3252 μέλι

1999 3281 2100 3335 λεί.
2125 3281 2186 3332 El
2209 3279 2317 3349 γάρ
2352 3279 2508 3348 ὑμεῖς
2537 3278 2635 3340 τάς
2670 3277 2833 3331 πέντε
2865 3279 2964 3330 καὶ
3001 3275 3130 3328 δέκα
3161 3274 3370 3349 λίτρας,
3401 3271 3475 3334 ὥς
3503 3287 3566 3340 γε

331 3373 414 3426 his
460 3377 723 3426 statutum
777 3368 970 3435 fuerat,
1018 3368 1066 3422 ei
1097 3345 1188 3438 qui
1243 3377 1460 3438 rogarat
1509 3370 1893 3436 praebuissctis,

2005 3345 2252 3441 διώριστο
2283 3345 2414 3441 παρ’
2441 3368 2626 3438 ἡμῶν,
2661 3367 2740 3438 τῷ
2763 3366 3010 3438 δεηθέντι
3061 3345 3353 3434 παρέχετε,
3396 3363 3568 3432 χιλίας

328 3463 474 3516 mille
500 3473 553 3517 et
584 3460 908 3532 quingentas
941 3458 1048 3514 Deo
1077 3459 1394 3530 praebuisset
1429 3459 1640 3514 mulier.
1692 3460 1763 3516 Ut
1801 3459 1897 3516 an;

332 3565 440 3611 tem
477 3553 632 3608 factis
669 3553 802 3607 lldes
827 3549 920 3606 liat
945 3551 1064 3622 ejus
1097 3552 1238 3620 quod
1271 3553 1421 3607 vobis
1448 3559 1530 3607 est
1561 3552 1895 3617 incredibile,

327 3647 592 3705 accersite
617 3645 767 3713 mihi,
798 3645 994 3714 inquit,
1027 3646 1166 3700 hanc
1196 3645 1340 3714 piam
1377 3646 1682 3701 mulierem.

400 3737 590 3795 XVlll.
630 3736 762 3794 Cum
788 3751 849 3790 ea
885 3746 1062 3790 autem
1093 3738 1433 3803 accessisset,
1467 3745 1738 3792 claurum
1777 3751 1900 3805 pro-

331 3833 555 3888 missum
603 3829 869 3884 attulisset
896 3844 911 3882 τ
949 3827 1042 3882 Dic
1074 3828 1226 3892 mihi,
1259 3829 1431 3898 inquit
1462 3828 1798 3898 patriarcha,
1831 3845 1897 3883 an

325 3935 538 3985 tantum
586 3923 829 3993 pecuniae
871 3921 1155 3976 statuisses
1197 3920 1306 3976 Deo
1349 3921 1547 3976 ollerre
1590 3921 1658 3975 ab
1705 3921 1902 3976 initio?

329 4021 422 4075 llla
452 4034 581 4075 vero
613 4033 734 4073 cum
768 4018 1030 4072 sensisset
1066 4017 1215 4070 illmn
1261 4033 1365 4070 non
1408 4017 1629 4071 latuisse
1673 4016 1726 4070 id
1759 4017 1900 4087 quod

331 4126 576 4166 seorsum
600 4111 666 4164 ab
688 4124 752 4164 ea
781 4107 983 4164 factum
1012 4106 1207 4172 fuerat,
1231 4124 1424 4178 magno
1453 4118 1594 4161 metu
1627 4119 1897 4178 correpta,

334 4203 641 4256 universum
681 4215 944 4256 arcanum
997 4201 1340 4262 enuntiavit,
1389 4192 1623 4254 dit-eus:
1670 4199 1899 4264 Ile-vera,

337 4295 598 4361 Domine,
633 4293 778 4348 mille
821 4302 874 4349 et
916 4292 1243 4363 quingentas
1287 4290 1450 4345 libras
1490 4293 1814 4361 scripseram
1849 4295 1900 4346 in
1934 4325 1941 4333 -

333 4390 520 4440 charta
574 4385 670 4439 tibi
722 4385 866 4440 data.
917 4382 1112 4438 Paucis
1160 4392 1338 4436 autem
1390 4394 1510 4452 post
1541 4382 1733 4436 diebus
1779 4397 1902 4436 cum

334 4495 453 4532 eam
516 4477 876 4542 evolvissem.
917 4475 1093 4530 inveni
1147 4473 1309 4538 mille,
1355 4475 1534 4527 nescio
1578 4488 1685 4543 quo
1745 4475 1902 4526 modo

335 4587 432 4625 sua
467 4581 656 4638 sponte
681 4569 907 4626 deletas.
945 4566 1078 4622 lliuc
1121 4566 1352 4633 Iudicavi
1391 4564 1498 4618 Deo
1540 4565 1764 4618 omnino
1797 4582 1900 4619 non

340 4657 574 4726 placere,
623 4665 681 4710 ut
715 4655 894 4725 plures
924 4653 1234 4726 quingentis
1277 4654 1426 4708 libris
1469 4653 1738 4710 oll‘errem.
1780 4654 1900 4709 llaec

318 4751 470 4812 'illis,
498 4749 591 4819 qui
619 4747 924 4812 audierant,
960 4760 1210 4814 magnum
1242 4756 1436 4799 metum
1467 4743 1766 4814 injecet‘uttt
1801 4763 1817 4801 :
1850 4759 1905 4802 et

1933 4705 1980 4764 D

1999 3467 2091 3516 καὶ
2125 3461 2484 3525 πεντακοσίας
2534 3461 2601 3514 ἂν
2633 3461 2726 3513 καὶ
2760 3461 2793 3529 ἡ
2829 3458 2966 3531 γυνὴ
3004 3458 3081 3527 τῷ
3107 3457 3226 3528 Θεῷ
3253 3453 3522 3527 παρέσχεν
3549 3470 3562 3484 ·

2001 3559 2087 3610 ἵνα
2113 3557 2170 3610 δὲ
2201 3555 2293 3610 καὶ
2325 3554 2505 3625 ἔργοις
2539 3550 2838 3622 πιστωθείη
2872 3551 2932 3604 τὸ
2967 3549 3125 3618 ὑμῶν
3158 3547 3389 3602 ἄπιστον
3412 3587 3428 3612 ,
3468 3560 3566 3598 κα-

1999 3648 2136 3700 λεῖτέ
2171 3665 2282 3718 μοι,
2323 3647 2450 3716 ἐφη,
2484 3643 2582 3716 τὴν
2616 3642 2840 3710 θεοφιλῆ
2867 3641 3070 3712 ταύτην
3102 3641 3357 3708 γυναῖκα.

2071 3739 2177 3792 IH'.
2211 3739 2289 3808 Τῇ
2316 3735 2372 3790 δὲ
2402 3737 2731 3809 παραστάσῃ
2760 3735 2854 3788 καὶ
2890 3734 2950 3786 τὸ
2977 3731 3316 3802 ἐπαγγελθεν
3344 3729 3564 3814 χρυσίον

1999 3830 2474 3905 διακομισαμένη,
2533 3827 2669 3881 Εἰπέ
2732 3844 2844 3898 μτι,
2899 3824 3003 3894 ἔφη
3043 3827 3072 3878 ὀ
3118 3823 3486 3893 πατριάρχης.
3521 3821 3569 3873 εί

2001 3923 2241 3975 τοσαῦτα
2272 3920 2350 3990 τῷ
2389 3919 2509 3992 Θεῷ
2539 3922 2800 3992 χρήματα
2831 3923 2896 3973 ἐκ
2925 3916 3149 3990 πρώτης
3183 3916 3356 3984 ἔγνως
3400 3929 3565 3985 προσ-

2004 4019 2269 4086 ενεγκεῖν.
2306 4017 2377 4070 Ἦ
2427 4017 2483 4070 δὲ
2533 4017 2608 4080 ὡς
2651 4015 2848 4088 ⁴ᾔσθετο
2892 4015 2966 4086 μὴ
3013 4013 3262 4067 διαλαθὸν
3315 4007 3568 4064 ἐκεῖνονδ

2005 4110 2144 4163 κατὰ
2176 4108 2341 4180 μόνας
2403 4109 2540 4179 αὐτῇ
2589 4109 2895 4177 πέπρακτο,
2945 4105 3054 4158 δέει
3101 4103 3278 4175 πολλῴ
3305 4102 3569 4172 ληφθεῖσα

2005 4201 2114 4254 πᾶν
2152 4200 2212 4252 τὸ
2239 4198 2548 4270 ἀπόρρητον
2575 4198 2950 4268 ἐξηγόρευσεν,
2987 4194 3287 4250 ἐπειποῦσα
3318 4193 3415 4260 ὡς,
3443 4193 3570 4254 Ταῖς

2003 4292 2305 4364 ἀληθείαις,
2326 4291 2578 4358 δέσποτα,
2595 4291 2771 4364 χιλίας
2803 4294 2894 4344 καὶ
2916 4289 3272 4351 πεντακοσίας
3292 4287 3475 4355 λίτρας
3497 4283 3569 4352 τῷ

2006 4385 2306 4440 ἐπιδοθέντι
2356 4403 2438 4438 σοι
2472 4386 2650 4457 χάρτῃ
2700 4383 3029 4454 ἐγγράψασα
3083 4377 3170 4454 ἦν.
3227 4379 3466 4448 Ὀλίγαις
3516 4377 3570 4430 δὲ

2005 4479 2268 4550 πρότερον
2291 4479 2523 4549 ἡμέραις
2551 4475 2844 4542 ἁνελίξασα.
2883 4474 3093 4540 τοῦτον,
3126 4474 3227 4536 τὰς
3265 4471 3447 4542 χιλίας
3475 4468 3569 4520 οὒκ

2005 4566 2098 4622 οἷδ’
2136 4570 2284 4633 ὅπως
2315 4563 2472 4636 εὗρον
2501 4568 2638 4622 κατὰ
2665 4567 2725 4621 τὸ
2753 4565 3060 4637 αὐτόματον
3081 4561 3536 4634 ἀπαληλιμμένας
3555 4573 3568 4587 °

2009 4660 2301 4715 κάντεῦθεν
2331 4660 2523 4732 ἔκρινα
2555 4659 2630 4732 μὴ
2677 4657 2870 4712 δοκοῦν
2917 4653 3056 4711 εἶναι
3086 4655 3163 4726 τῷ
3209 4654 3329 4724 Θεῷ
3359 4653 3570 4711 πάντως

2009 4752 2190 4806 πλεῖόν
2242 4769 2309 4823 με
2348 4751 2458 4805 τῶν
2493 4741 2896 4805 πεντακοσίων’
2925 4747 3333 4820 προσενεγκεῖν.
3395 4741 3572 4796 Ταῦτα

339 4843 661 4895 accedentes
695 4837 856 4893 simul
881 4838 946 4891 ad
975 4840 1137 4908 pedes
1155 4838 1330 4906 magni
1359 4835 1603 4905 Joannis,
1635 4840 1906 4908 petierunt

2005 4843 2234 4904 ἐκείνοις
2268 4843 2557 4905 ἀκούσασι,
2614 4841 2781 4894 πολὺν
2811 4838 3124 4909 ἐμϐέϐληκε
3175 4835 3342 4905 φόϐον
3376 4833 3456 4896 είς
3482 4832 3572 4902 τὴν

341 4942 400 4985 ιιι
429 4933 529 4986 sibi
563 4931 933 4984 remitteretur
961 4939 1240 4999 peccatum
1273 4931 1667 4984 inobcdicntim.
1702 4930 1779 4984 Illi
1812 4945 1907 4983 au—

2006 4934 2207 5005 ψυχὴν,
2227 4935 2320 4987 καὶ
2346 4932 2744 5004 προσπεσόντες
2773 4930 2889 5001 ἅμα
2907 4932 3020 4991 τεῖς
3037 4931 3161 4983 ποσὶ
3188 4927 3283 4980 τοῦ
3314 4925 3571 4997 μεγάλου,

343 5037 447 5078 tem
478 5021 680 5076 Christi
727 5022 928 5075 amanti
966 5021 1136 5074 vidua:
1173 5021 1393 5076 multam
1446 5039 1474 5077 a
1505 5023 1617 5078 Deo
1652 5035 1912 5094 precatus

2008 5027 2274 5098 ἀφεθῆναι
2302 5027 2512 5088 τούτοις
2537 5024 2598 5077 τὸ
2644 5025 2950 5094 ἁμάρτημα
2985 5021 3086 5091 τῆς
3137 5019 3425 5090 παρακοῆς
3450 5015 3578 5088 ᾐτή-

341 5112 794 5178 benedictionem,
824 5112 1031 5166 dimisit
1070 5116 1254 5166 beatus
1273 5109 1529 5182 Joannes,
1561 5127 1618 5170 ut
1645 5118 1820 5171 abiret
1856 5117 1908 5172 in

343 5223 493 5278 pace.

2012 5133 2192 5170 σαντο.
2227 5117 2305 5186 Τῇ
2343 5115 2524 5185 μέντοι
2561 5111 2888 5184 φιλοχρίστῳ
2933 5111 3136 5179 πολλὴν
3175 5109 3285 5164 ἀπὸ
3313 5107 3452 5162 Θεοῦ
3479 5106 3573 5176 τὴν

2011 5209 2262 5278 εὐλογίαν
2292 5207 2661 5279 ἐπευξάμενος
2690 5207 2720 5259 ὁ
2746 5207 3038 5279 μακάριος,
3069 5205 3282 5276 ἀφῆκεν
3324 5199 3572 5258 ἀπελθεῖν

2016 5305 2072 5354 ἐν
2103 5301 2316 5373 εἰρήνῃ.

1767 5442 1997 5498 (IAI‘ET
2046 5443 2134 5498 IV.

1195 5553 1415 5611 Abunde
1456 5555 1850 5610 subministrata
1877 5597 1892 5620 ,
1938 5572 2054 5627 qua:
2101 5556 2387 5627 largi-retur
2433 5555 2771 5626 pauperibus.

415 5665 557 5722 XIX.
599 5664 735 5721 Huic
789 5664 1039 5723 muniﬁco
1093 5666 1274 5720 animo
1321 5678 1375 5720 et
1426 5667 1604 5720 manui
1660 5667 1908 5724 invidens

347 5761 614 5828 malignus
652 5759 882 5826 dtemon,
916 5759 1157 5829 suggerit
1203 5758 1433 5830 patricio
1480 5759 1702 5826 Nicetes,
1743 5774 1905 5830 quem

346 5851 396 5904 ei
431 5851 598 5904 luisse
641 5851 872 5904 amicum
921 5861 978 5905 et
1021 5849 1343 5906 familiarem
1375 5849 1525 5920 prius
1567 5851 1820 5917 diximus,
1854 5861 1914 5906 ut

345 5941 602 6008 quddam
619 5955 772 5996 suam
796 5940 992 5998 virtute
1013 5939 1291 6010 indignum
1314 5941 1578 6011 cogitaret
1605 5951 1659 5996 et
1684 5941 1909 5998 diceret.

2088 5668 2190 5723 16'.
2235 5668 2420 5738 Τούτῳ
2478 5668 2578 5738 τῆς
2611 5664 2992 5738 μεγαλοδώρου
3028 5669 3230 5737 ταύτης
3263 5667 3358 5721 καὶ
3392 5683 3573 5736 προαι·

2019 5759 2223 5831 ρέσεως
2256 5759 2350 5814 καὶ
2385 5760 2565 5832 χειρὸς
2594 5761 2623 5812 ὁ
2653 5760 2886 5830 πονηρὸς
2920 5759 3133 5831 δαίμων
3190 5760 3574 5830 διαϐασκήναςο

2019 5853 2407 5924 ὑποϐάλλειτῷ
2435 5855 2711 5926 πατρικίῳ
2733 5854 2980 5925 Νικήτᾳ,
3009 5853 3067 5906 ὃν
3088 5854 3290 5924 συνήθη
3319 5852 3463 5922 αὑτῷ
3491 5847 3576 5903 καὶ

2023 5943 2176 6014 φὲλον
2202 5945 2454 6014 γενέσθαι
2482 5947 2510 5998 ὁ
2531 5946 2685 6014 λόγος
2715 5945 2926 6014 φθάσας
2958 5945 3246 6016 ἐδήλωιςεν,
3287 5944 3494 6008 ἀνάξιόν
3520 5955 3569 5990 τι
