3832 6478
290 273 399 338 913

1247 284 1426 345 VITA
1465 285 1525 348 S.
1568 286 1892 364 JOANNIS
1926 288 2570 357 ELEEMOSYNARII.

3434 294 3551 360 911

287 391 391 462 τῆς
423 389 631 456 οίκείας
668 391 870 465 ἀρετῆς
898 392 1148 467 ἐννοῆσαί
1178 413 1240 451 τε
1273 399 1370 455 καὶ
1398 372 1595 455 ε’ίπεῖν.
1632 401 1854 473 Προσελ-

1969 407 2248 467 Accedens
2284 412 2468 482 itaque
2496 409 2565 466 ad
2589 411 2814 467 Beatum
2845 422 2860 465 :
2895 404 3104 478 Manus,
3140 406 3337 481 inquit,
3374 410 3545 482 impe.

289 480 403 536 θὼν
420 482 598 537 τοίνυν
622 482 700 555 τῷ
731 487 1004 559 μακαρίῳ,
1053 488 1119 542 Ἡ
1167 489 1419 564 βασιλικὴ
1460 494 1603 564 χεὶρ,
1637 494 1761 566 ἔφη,
1790 496 1876 549 δέ·

297 592 497 642 σποτα,
540 576 751 630 πολλῶν
794 578 963 633 δεῖται
995 582 1296 652 χρημάτων
1339 587 1419 649 είς
1450 586 1754 655 ἀναγκαίας
1780 590 1875 643 τοῦ

297 667 481 720 κοινοῦ
510 667 701 738 χρείας
727 669 848 723 ὅσαι
890 665 1029 741 ὧραι
1061 674 1539 732 καταναλίσκουσα
1559 691 1576 709 ο
1611 679 1742 751 ὁρᾷς
1767 681 1874 752 γὰρ

288 758 388 811 καὶ
411 758 679 827 αύτὸς,ὡ;
704 762 763 815 ὲν
780 762 951 833 στενῷ
973 766 1167 838 κομιδῇ
1185 766 1255 821 τὰ
1269 767 1362 822 τοῦ
1385 768 1568 823 κοινοῦ
1592 773 1871 844 περιέστη.

288 849 575 920 Προσῆκον
608 851 701 906 οῦν
726 853 841 908 ἐστι
883 855 950 910 τὰ
980 858 1101 926 είκῆ
1143 859 1237 914 καὶ
1267 861 1345 924 είς
1373 862 1529 917 οὐδὲν
1560 861 1682 917 δέον
1720 867 1872 936 παρὰ

287 942 386 995 σοῦ
428 943 819 1015 δαπανώμενα,
848 949 928 1019 τῷ
955 948 1049 1004 τοῦ
1076 951 1338 1022 δημοσίου
1363 955 1577 1027 ταμείῳ
1612 973 1875 1029 προσενεο

288 1035 509 1105 χ’ἦναι.
538 1037 604 1091 ⁸0
633 1037 692 1092 δὲ
730 1039 895 1110 μηδὲν
941 1042 1028 1096 ἐπ’
1059 1045 1207 1115 αὐτῷ
1239 1046 1649 1120 διαταραχθεὶς,
1686 1051 1761 1104 Ού
1789 1050 1872 1104 δί-

291 1143 471 1193 καιον,
489 1129 617 1203 ἔφη,
638 1132 708 1185 τὰ
730 1132 808 1203 τῷ
829 1133 1134 1207 ἐπουρανίῳ
1162 1138 1372 1208 βασιλεί
1399 1142 1780 1214 καθιερωμένα
1795 1143 1872 1215 τῷ

181 1264 184 1267 .
288 1220 523 1308 ἐπιγείῳ
580 1226 1011 1295 καταπροέσθαι.
1082 1228 1378 1302 Ἷεροσυλία
1435 1235 1544 1304 γὰρ
1604 1237 1870 1308 ἄντικρυς

288 1301 472 1373 τοῦτο,
504 1312 598 1365 καὶ
626 1315 706 1377 είς
751 1314 885 1368 Θεὸν
915 1318 976 1371 ού
1011 1318 1213 1387 φαῦλον
1243 1301 1567 1396 ἁμάρτημα.
1601 1327 1664 1380 El
1690 1327 1746 1380 δέ
1771 1301 1868 1382 ’σοι

287 1396 436 1490 οὕτω
493 1400 738 1490 δέδοκται
784 1407 1066 1474 πράττειν,
1113 1410 1222 1465 ίδοὺ
1277 1412 1346 1466 τὰ
1397 1415 1496 1485 τῆς
1538 1415 1869 1490 Ἑκκλησίας

286 1487 468 1540 πάντα
495 1488 676 1544 λαϐὼν
703 1492 844 1546 ποίει
872 1497 1010 1550 κατὰ
1044 1497 1144 1570 τὴν
1193 1500 1293 1570 σὴν
1328 1501 1565 1573 θέλησιν,
1620 1487 1738 1575 ειγέ
1766 1526 1868 1579 μη-

281 1579 401 1643 δείς
435 1597 495 1634 σε
540 1582 696 1653 λόγος
719 1585 819 1655 τῆς
841 1586 1069 1660 γνώμης
1109 1591 1312 1663 ταύτης
1351 1595 1630 1667 ἀφίστησισ
1668 1616 1865 1670 προαι-

292 1671 445 1741 ρέσει
501 1673 610 1745 γὰρ
660 1678 858 1750 οἰκείᾳ,
902 1680 1012 1733 οὐδ’
1067 1682 1254 1737 ὀϐολὸν
1297 1685 1396 1740 ἕνα
1430 1687 1540 1743 τῶν
1593 1690 1864 1762 κειμένων

294 1765 635 1856 προήῌσομαι.
695 1769 862 1823 Οὐδὲν
916 1771 1013 1827 οῦν
1065 1777 1093 1829 6
1155 1774 1461 1845 θαυμάσιος
1487 1782 1694 1846 ἐκεῖνος
1722 1783 1863 1856 ἀνὴρ

282 1854 388 1907 οὐκ
407 1852 507 1909 οἷδ’
527 1857 675 1923 ὅπως
706 1861 1187 1936 ὑποστειλάμενος,
1226 1870 1563 1927 είσκαλείται
1584 1875 1711 1939 τοὺς
1735 1878 1864 1931 ἑπο-

288 1947 487 2040 μένους
519 1951 706 2005 καὶτὰ
756 1955 1013 2025 χρήματα
1042 1958 1206 2023 εὐθὺς
1233 1956 1368 2040 ἆραι
1419 1963 1653 2031 κελεύει,
1697 1969 1863 2040 μηδὲν

285 2038 473 2106 πλέον,
518 2042 598 2095 ὅτι
632 2043 706 2115 μὴ
739 2045 949 2100 ἐκατδν-
967 2048 1137 2118 μόνας
1166 2038 1262 2105 τοῦ
1295 2054 1521 2124 χρυσίου
1552 2038 1861 2130 λίτραςήτῷ

285 2129 600 2203 πατριάρχῃ
636 2135 970 2191 καταλιπών.
1279 2189 1290 2198 .

356 2217 441 2274 κ’.
477 2222 568 2274 Ἐν
597 2215 640 2291 ᾧ
670 2224 727 2278 δὲ
777 2228 1053 2299 κατῄεσαν
1096 2232 1146 2286 oi
1177 2232 1353 2289 ταῦτα
1379 2235 1857 2310 διαϐαστάζοντες,

284 2312 1029 2406 συναντῶσιννάνερχομένοις
1069 2322 1184 2377 τισὶ
1213 2310 1349 2397 πρὸς
1373 2329 1464 2383 τὸν
1492 2335 1857 2406 πατριάρχην,

281 2401 521 2473 κεράμια
552 2405 765 2475 μέλιτος
787 2409 1287 2482 ἐπικομιζομένοιςο
1324 2411 1401 2471 ὧν
1424 2422 1536 2484 τοῖς
1560 2401 1678 2491 μὲν,

278 2496 444 2558 τεῖον,
482 2500 592 2560 τοῖς
622 2497 698 2561 δὲ,
736 2501 1022 2556 Ἀκαπνον
1062 2506 1455 2578 ἐπιγέγραπτο.
1504 2512 1657 2565 Ἐπεὶ
1694 2513 1787 2568 οὖν
1833 2519 1861 2569 6

281 2585 575 2675 πατρίκιος
606 2589 869 2654 ἐθεάσατο
898 2595 1093 2662 ταῦτα,
1135 2599 1229 2651 καὶ
1254 2601 1354 2671 τὴν
1377 2602 1692 2675 ἐπιγραφὴν
1711 2606 1859 2671 ὅπως

277 2672 430 2747 εἶχεν
461 2680 692 2749 ἀνέγνω,
725 2682 876 2754 δηλοί
924 2689 1266 2759 παραχρῆμα
1313 2691 1392 2762 τῷ
1431 2672 1743 2768 πατριᾶρχῃ
1801 2698 1859 2752 ἓν

239 2825 247 2832 ο
277 2768 391 2821 τῶν
420 2772 699 2841 κεραμίων
727 2775 875 2846 αύτῷ
901 2779 1307 2849 ἐκπεμφθῆναι.
1333 2782 1440 2838 Τοῦ
1460 2785 1518 2840 δὲ
1542 2789 1858 2842 πιστευθέν-

273 2864 368 2922 τος
399 2861 538 2914 αὐτὰ
551 2863 857 2939 διάπειραν,
883 2867 958 2930 ὡς
989 2867 1129 2935 ἔθος,
1164 2871 1347 2926 αὐτῶν.
1368 2877 1710 2946 ποιουμένου·
1740 2875 1859 2935 εἶτα

275 2950 372 3015 καὶ
393 2953 455 3003 τὸ
483 2956 706 3021 γεγονὸς
727 2958 813 3010 ἐπ’
855 2960 1040 3023 αὐτοῖς
1073 2960 1259 3033 θαῦμα
1292 2969 1725 3037 καταμαθόντος,
1764 2973 1857 3026 καὶ

1980 502 2179 558 ratoris
2206 510 2327 574 eget
2355 502 2535 558 multis
2563 502 2832 574 pecuniis,
2865 512 2924 559 ut
2951 516 3088 574 quas
3112 503 3180 558 ad
3207 503 3546 561 necessarios

1980 607 2107 648 usus
2119 593 2427 663 reipublicae
2451 595 2695 665 quotidie
2707 604 3013 652 consumat.
3035 595 3171 650 Nam
3192 593 3308 666 ipse
3328 595 3545 667 quoque
3608 648 3613 654 .
3686 636 3687 639 η

1977 682 2153 746 vides,
2183 684 2496 753 ili-quantas
2531 685 2810 756 angustias
2850 686 3065 741 redacta
3105 686 3177 741 sit
3214 685 3541 756 respublica.
3598 688 3605 693 ’

1974 772 2195 846 Oportet
2224 791 2373 847 ergo,
2398 786 2457 833 ut
2489 793 2610 849 quae
2640 787 2841 835 temere
2864 786 2917 834 et
2948 779 3014 834 ad
3038 779 3172 835 nihil
3208 781 3352 849 quod
3381 794 3544 849 opor-

1977 879 2051 926 tet
2085 884 2114 925 a
2160 878 2212 926 te
2247 880 2642 928 consumuntur
2660 914 2679 939 ,
2714 871 3027 929 deferantur
3053 874 3118 927 ad
3156 872 3406 928 aerarium
3444 888 3543 942 pu-

1974 961 2192 1018 blicum.
2223 963 2316 1019 llle
2342 972 2520 1019 autem
2544 965 2676 1020 nihil
2697 974 2981 1036 prepterea
3005 950 3360 1020 conturbatus
3384 981 3398 1019 :
3423 961 3539 1018 Non

1946 1062 2077 1119 .est,
2116 1054 2311 1125 inquit,
2339 1055 2568 1125 justum,
2598 1065 2658 1112 ut
2685 1072 2807 1126 qua:
2846 1056 2978 1125 Regi
3006 1056 3212 1112 caelesti
3252 1067 3543 1125 sunt_con-

1972 1153 2205 1209 sacrata,
2238 1145 2535 1213 prodantur
2561 1146 2672 1215 regi
2705 1156 2942 1201 terreno.
2960 1145 3055 1205 Est
3078 1145 3181 1201 hoc
3207 1144 3348 1200 enim
3381 1144 3541 1213 plane

1936 1248 1950 1261 ⁶
1973 1236 2337 1309 sacrilegium,
2367 1246 2422 1292 et
2453 1252 2559 1293 non
2585 1252 2808 1308 parvum
2838 1238 2893 1292 in
2924 1237 3090 1293 Deum
3110 1242 3413 1308 peceatum.
3441 1234 3536 1289 Sin

1973 1337 2151 1383 autem
2194 1329 2291 1383 tibi
2335 1329 2510 1385 visum
2557 1337 2641 1386 est
2682 1331 2762 1386 sic
2796 1328 2995 1395 facere,
3028 1342 3156 1385 ecce
3202 1344 3541 1400 quaecunque

1971 1427 2097 1473 sunt
2129 1418 2400 1485 Ecclesiae,
2428 1432 2489 1474 ea
2524 1419 2730 1488 accipe,
2766 1427 2822 1474 et
2860 1417 2946 1473 l‘ac
2973 1426 3029 1473 ut
3056 1415 3313 1482 volueris,
3338 1416 3386 1471 si
3420 1416 3540 1485 qui-

1972 1512 2090 1566 dem
2124 1517 2177 1566 te
2210 1510 2534 1567 nulla'ratio
2556 1513 2625 1567 ab
2664 1512 2767 1567 hac
2802 1509 3023 1566 abducit
3063 1508 3336 1575 sententia
3371 1525 3385 1562 :
3421 1522 3537 1562 mea

1969 1602 2112 1657 enim
2139 1601 2410 1658 voluntate
2440 1619 2506 1659 ne
2537 1603 2753 1659 obolum
2783 1603 3003 1674 quidem
3038 1600 3306 1656 dimittam
3349 1612 3538 1654 eorum

1969 1708 2090 1762 qua;
2121 1702 2247 1749 sunt
2286 1695 2541 1765 reposita.
2592 1694 2737 1750 Nihil
2783 1710 2937 1765 ergo,
2972 1694 3156 1750 nescio
3198 1707 3306 1762 quo
3355 1693 3535 1757 modo,

1966 1801 2031 1840 ex
2064 1800 2128 1841 eo
2161 1801 2443 1856 repressus
2475 1789 2556 1842 vir
2588 1787 2678 1844 ille
2708 1786 3065 1853 admirabilis,
3103 1792 3259 1841 vocat
3300 1799 3395 1839 eos
3442 1783 3535 1853 qui

1965 1876 2353 1945 sequebantur,
2388 1886 2443 1933 et
2464 1878 2646 1934 statim
2678 1877 2831 1946 jubet
2871 1876 3059 1932 tollere
3082 1875 3365 1946 pecunias,
3398 1874 3535 1929 nihil

1966 1965 2109 2020 aliud
2142 1966 2451 2038 relinquens
2470 1967 2785 2038 patriarchae
2818 1968 2924 2024 nisi
2951 1967 3094 2024 solas
3117 1973 3332 2023 centum
3368 1964 3534 2021 libras

1965 2067 2105 2119 auri.

2033 2240 2151 2301 XX.
2192 2243 2412 2302 Interim
2439 2255 2619 2303 autem
2646 2246 3202 2308 dumdcsceudebant
3230 2250 3293 2315 ii,
3322 2250 3413 2321 qui
3443 2265 3533 2307 cas

1965 2337 2290 2407 portabant,
2328 2350 2620 2395 occurrunt
2659 2341 2975 2409 quibusdam
3018 2342 3437 2399 ascendentibus
3467 2346 3531 2398 ad

1964 2430 2362 2498 patriarcham,
2405 2432 2495 2502 qui
2544 2432 2719 2487 mellis
2752 2432 2866 2504 (l5)
2902 2434 3192 2504 amphoras
3233 2434 3534 2491 at'ferebant

1964 2521 2030 2575 ad
2077 2536 2236 2585 eum,
2288 2523 2341 2576 in
2379 2538 2607 2593 quarmn
2658 2524 2933 2580 nonnullis
2963 2526 3279 2594 inscriptum
3314 2527 3529 2596 quidem

1960 2620 2098 2675 erat,
2152 2609 2511 2680 Primarium;
2566 2612 2620 2668 in
2662 2614 2784 2684 aliis
2825 2622 3037 2681 autem,
3090 2614 3264 2672 Fumo
3313 2632 3528 2676 carens.

1960 2695 2254 2772 Postquam
2278 2719 2409 2774 ergo
2453 2706 2567 2760 hare
2601 2706 2732 2760 vidit
2773 2706 3063 2776 Patricius,
3099 2716 3154 2764 et
3185 2711 3404 2779 agnovit
3443 2711 3530 2766 in-

1960 2794 2340 2864 scriptionem,
2383 2796 2711 2868 signiﬁcavit
2754 2799 3107 2868 patriarchae,
3143 2808 3204 2855 ut
3242 2801 3309 2855 ad
3351 2799 3527 2869 ipsum

1961 2885 2208 2940 mittatur
2237 2901 2345 2942 una
2387 2901 2453 2942 ex
2502 2888 2800 2956 amphoris.
2843 2888 2977 2944 Cum
3020 2890 3068 2945 is
3110 2897 3330 2956 autem,
3376 2889 3532 2960 cujus

1962 2978 2084 3034 ﬁdei
2115 2979 2231 3035 haec
2263 2979 2556 3035 commissa
2586 2980 2816 3048 fuerant,
2846 2995 3057 3049 eorum,
3089 2990 3149 3036 ut
3178 2996 3295 3037 mos
3312 2990 3416 3048 est,
3452 2981 3532 3038 fe-

272 3043 354 3115 τῷ
382 3047 637 3118 μακαρίῳ
670 3050 1060 3122 γνωρίσαντος,
1090 3055 1167 3119 ὡς
1207 3058 1387 3113 πάντα
1426 3063 1600 3130 μεστὰ
1629 3066 1854 3135 χρυσίου

1961 3072 2125 3128 cisset
2178 3071 2511 3141 periculum,
2545 3080 2602 3128 et
2634 3043 2832 3129 deinde
2869 3043 3258 3140 intellexisset,
3296 3074 3440 3144 quod
3475 3076 3527 3130 in

270 3138 636 3206 τυγχάνουσιν
664 3142 814 3212 ὄντα,
869 3143 928 3211 ἓν
952 3147 1134 3202 αὐτῶν
1159 3153 1508 3223 παραχρῆμα
1539 3138 1745 3225 πέμπει
1776 3160 1854 3228 τῷ

274 3230 571 3302 πατρικίῳ,
621 3232 651 3288 ὃ
705 3235 844 3290 Μέλι
896 3243 1185 3309 πρωτεῖον,
1218 3244 1318 3314 τὴν
1373 3246 1684 3321 ἐπιγραφὴν
1717 3246 1852 3321 εἶχε.

275 3322 464 3394 Τούτῳ
501 3326 795 3409 τοιγαροῦν
824 3331 916 3383 καὶ
945 3333 1249 3404 γράμματα
1275 3335 1502 3402 στέλλει,
1540 3332 1615 3393 ὧν
1641 3343 1673 3412 ἠ
1695 3341 1855 3395 δύνα-

277 3432 372 3489 μις
394 3416 563 3481 οὕτως
587 3413 656 3489 ἦν
675 3437 684 3447 ·
705 3418 762 3472 '0
779 3421 947 3474 εἰπὼν
978 3425 1318 3495 Κύριος,‹οὐ
1340 3431 1412 3500 μή
1429 3446 1486 3483 σε
1511 3431 1644 3499 ἀνῶ,
1668 3434 1777 3489 οὐδ’
1794 3436 1853 3488 ού

277 3510 352 3578 μή
387 3524 446 3560 σε
477 3510 900 3583 ἐγκαταλ.ίπω,ζι
939 3514 1175 3587 ἀψευδὴς
1202 3515 1277 3570 ὢν
1306 3519 1487 3585 αὐτὸς,
1527 3522 1620 3575 καὶ
1650 3522 1745 3579 νῦν
1781 3517 1854 3579 ὧν

273 3603 309 3672 ἡ
348 3602 415 3671 σὴ
445 3603 654 3668 ὲνδοξία
690 3605 940 3675 ἀφείλετο
970 3610 1267 3679 χρημάτων
1293 3613 1633 3668 ἀντιδίδωσιν
1664 3616 1847 3689 ἕτερα.

272 3693 517 3764 Δηλώσει
552 3695 608 3748 δέ
642 3713 724 3749 σοι
751 3699 846 3755 καὶ
897 3698 960 3752 τὸ
990 3699 1087 3753 νῦν
1118 3702 1439 3773 ὲκπεμφθὲν
1471 3706 1762 3779 κεράμιον,
1794 3710 1852 3764 ἓν

274 3787 478 3842 τούτων
528 3789 798 3861 ὑπάρχον.
832 3792 1174 3847 Ἰσθιτοίνυν
1224 3796 1470 3866 ἀκριϐῶς
1507 3799 1589 3853 ὅτι
1623 3802 1714 3855 τὸν
1759 3805 1852 3856 καὶ

272 3879 443 3952 πνοὴν
469 3881 563 3934 καὶ
583 3881 792 3953 τροφὴν
822 3883 957 3936 πᾶσι
986 3882 1417 3955 διαχορηγοῦντα
1438 3888 1591 3955 Θεὸν,
1612 3892 1850 3963 φθαρτὸς

270 3971 563 4042 ἄνθρωπος
610 3974 871 4027 στενῶσαι
901 3972 961 4027 οὔ
991 3991 1122 4028 ποτε
1157 3976 1223 4028 ἂν
1257 3978 1511 4049 οὐδαμῶς
1536 3982 1843 4053 δυνήσεται.

270 4065 618 4135 Παρήγγειλε
656 4066 711 4119 δὲ
743 4067 838 4119 καὶ
881 4070 994 4130 τοῖς
1025 4067 1087 4120 τὸ
1113 4069 1379 4141 κεράμιον
1409 4072 1839 4145 διακομίζουσιν,

271 4155 369 4209 ἐπὶ
401 4158 672 4226 μάρτυσιν
700 4157 1188 4231 αὖτοίςλὰνοιγῆναι
1223 4160 1344 4213 κατ’
1376 4160 1499 4231 ὄψιν
1518 4163 1612 4215 τοῦ
1644 4182 1845 4237 πατρι-

268 4246 414 4309 κίου,
441 4248 772 4316 ἀπαγγεῖλαί
797 4266 857 4303 τε
897 4249 971 4313 ὡς
1004 4251 1098 4304 καὶ
1121 4251 1288 4304 τᾶλλα
1311 4254 1509 4320 πάντα,
1536 4257 1638 4311 ὅσα
1666 4258 1729 4329 δὴ
1753 4260 1845 4312 καὶ

266 4339 544 4400 τεθέαται,
571 4339 740 4409 οὕτως
770 4340 882 4411 ἔχει
906 4383 918 4404 ,
953 4342 1048 4399 καὶ
1073 4344 1301 4413 χρυσίου
1336 4347 1593 4416 τυγχάνει
1634 4350 1847 4420 πεπλη-

1960 3164 2267 3221 eis-l‘actum
2296 3174 2415 3220 erat
2445 3165 2790 3233 miraculum,
2822 3174 2874 3220 et
2903 3166 3064 3221 beato
3090 3165 3286 3223 Joanui
3321 3167 3531 3238 signiti-

1959 3266 2156 3324 cusset,
2174 3258 2317 3329 quod
2333 3265 2459 3315 sunt
2474 3258 2653 3315 omnia
2675 3259 2789 3313 auri
2806 3272 2991 3328 plena,
3013 3258 3157 3313 illico
3174 3274 3336 3313 unum
3367 3258 3530 3314 mittit

1957 3352 2024 3405 ad
2061 3349 2393 3418 Patricium,
2439 3351 2583 3421 quod
2628 3350 2948 3420 inscriptum
2987 3358 3141 3415 erat,
3180 3349 3281 3406 Mel
3321 3350 3524 3420 prima-

1960 3442 2120 3497 rium.
2153 3443 2235 3497 Ad
2261 3458 2383 3499 eum
2419 3454 2599 3499 autem
2637 3442 2801 3497 mittit
2829 3442 2993 3497 etiam
3026 3442 3262 3506 litteras,
3297 3456 3526 3512 quarum

1959 3535 2072 3590 haec
2102 3541 2223 3590 erat
2259 3534 2381 3590 vis:
2423 3533 2683 3589 Dominus
2719 3533 2807 3602 qui
2838 3533 3001 3597 dixit,
3041 3550 3060 3584 ι
3104 3532 3222 3587 Non
3260 3541 3310 3587 te
3343 3532 3532 3587 dimit-

1958 3635 2087 3693 tam,
2115 3640 2219 3682 nec
2249 3635 2301 3681 te
2337 3625 2741 3695 derelinquam,
2776 3645 2797 3677 ι
2827 3625 2941 3694 ipse
2984 3638 3082 3693 pro
3120 3624 3217 3688 iis,
3265 3638 3400 3693 quas
3441 3633 3525 3678 tua

1956 3716 2226 3773 Celsitudo
2265 3733 2408 3773 nunc
2454 3716 2708 3783 abstulit,
2764 3715 3010 3787 pecuniis
3056 3715 3235 3771 reddit
3282 3716 3438 3770 alias.
3472 3714 3525 3769 ld

1955 3814 2133 3864 autem
2180 3809 2275 3864 tibi
2323 3808 2622 3864 declarabit
2657 3824 2780 3879 qua:
2827 3823 2970 3862 nunc
3016 3808 3081 3862 ad
3129 3819 3179 3862 te
3223 3806 3382 3862 missa
3428 3806 3528 3861 fuit

1954 3901 2242 3971 amphora,
2293 3914 2412 3968 qum
2458 3908 2541 3954 est
2580 3913 2685 3961 una
2729 3914 2795 3956 ex
2839 3897 2928 3952 iis.
2991 3897 3145 3952 Scias
3187 3911 3336 3966 ergo,
3384 3898 3526 3966 quod

1957 3994 2119 4047 Deum
2141 4035 2156 4059 ,
2192 3993 2283 4062 qui
2326 3990 2579 4063 spiritum
2608 3999 2663 4048 et
2698 3991 3013 4046 alimentum
3050 3989 3300 4045 omnibus
3329 4004 3524 4059 suppe-

1952 4084 2117 4149 ditat,
2156 4081 2352 4149 bomo,
2397 4084 2449 4138 in
2476 4098 2637 4154 quem
2669 4082 2814 4138 cadit
2854 4080 3143 4146 interitus,
3187 4093 3523 4149 nequaquam

1952 4176 2149 4245 poterit
2174 4176 2226 4229 in
2254 4185 2541 4246 angustum
2573 4174 2836 4244 redigere.
2866 4172 3033 4227 Porro
3057 4181 3237 4228 autem
3273 4171 3529 4240 prmeepit

1950 4273 2113 4326 etiam
2143 4272 2227 4337 iis,
2262 4274 2351 4340 qui
2389 4271 2635 4327 ferebant
2668 4269 3007 4340 amphoram,
3039 4279 3098 4323 ut
3132 4268 3213 4324 eis
3243 4267 3527 4338 praesenti-

1949 4367 2049 4419 bus
2087 4365 2390 4434 aperiretur
2433 4365 2485 4418 in
2525 4370 2818 4433 conspectu
2858 4360 3112 4428 Patricii,
3151 4361 3287 4416 etei
3323 4375 3526 4416 renun-

270 4430 512 4500 ρωμένα.
542 4431 931 4501 Εύωχούμενον
945 4433 1122 4487 τοίνυν
1151 4435 1571 4503 καταλαϐόντες,
1604 4441 1843 4511 ἐγχειρί-

1960 4456 2170 4522 liarent,
2203 4456 2342 4524 quod
2370 4456 2488 4509 aliae
2517 4453 2727 4517 omnes,
2755 4468 2891 4523 quas
2917 4453 3069 4517 v'rdit,
3101 4453 3175 4506 ita
3206 4467 3264 4506 se
3297 4452 3541 4516 habent,-

267 4523 454 4587 ζουσιν
486 4525 630 4594 αὐτῴ
674 4526 773 4596 τὴν
800 4525 1086 4598 ἐπιστολὴν
1115 4524 1515 4595 ἐπιδεικνύντες
1544 4536 1640 4585 καὶ
1672 4535 1731 4587 τὸ
1754 4553 1847 4588 κε-

268 4619 497 4688 ράμιονο
554 4618 689 4688 ὅπερ
729 4617 804 4682 ὼς
859 4620 1140 4683 ἐθεάσατο,
1215 4623 1360 4694 Χολᾷ
1412 4640 1499 4693 μοι
1553 4626 1769 4689 πάντως
1818 4629 1846 4679 6

264 4711 532 4779 δεσπότης
559 4727 681 4780 μου,
703 4710 827 4779 ἔφη,
859 4712 982 4764 ἐπεὶ
1007 4713 1104 4766 ούκ
1129 4712 1193 4766 ἂν
1212 4715 1270 4767 ἓν
1291 4731 1379 4784 μοι
1402 4716 1559 4785 μόνον
1589 4718 1845 4773 ἐπέστελ-

264 4802 382 4856 λεν.
415 4804 476 4855 Oi
533 4806 717 4871 μέντοι
747 4803 1116 4873 διακομισταλ,
1152 4805 1335 4871 καθὼς
1398 4802 1466 4876 ἦν
1500 4808 1685 4871 αὐτοῖς
1722 4811 1841 4861 ἐπι-

264 4891 691 4956 τετεταγμὲνον,
719 4891 811 4943 ὑπ’
841 4890 964 4960 ὄψιν
991 4892 1155 4945 αὑτοῦ
1198 4894 1564 4960 διανοίξαντες
1583 4898 1645 4949 τὸ
1676 4898 1840 4969 κερά-

268 4998 395 5051 μιον
423 4982 516 5033 καὶ
548 4980 617 5034 τὰ
664 4982 924 5051 χρήματα
985 4984 1411 5051 ἐκκενώσαντες,
1465 4989 1688 5059 χρυσίου
1745 5009 1840 5043 πε-

265 5073 585 5145 πληρῶσθαι
615 5077 708 5128 καὶ
726 5076 795 5129 τὰ
827 5076 990 5130 λοιπὰ
1022 5078 1223 5145 ὁμοίως
1254 5081 1620 5148 ἀπήγγελλον.
1660 5083 1750 5146 Ὠς
1778 5083 1834 5137 δὲ

262 5168 363 5223 καὶ
386 5167 487 5236 τὴν
515 5168 803 5237 ὶπιστολὴν
845 5167 1036 5235 ἐπιὼν,
1079 5166 1236 5241 εὗρεν
1263 5172 1344 5225 ὅτι
1376 5173 1506 5225 Θεὸν
1551 5175 1837 5246 ἄνθρωπος

261 5260 556 5315 στενῶσαν
587 5261 647 5314 ού
682 5261 942 5329 δύναται,
1000 5264 1286 5328 συσταλεὶς
1343 5266 1435 5319 ἐπὶ
1481 5267 1678 5340 τούτῳ,
1736 5272 1831 5323 καὶ

259 5350 413 5413 δέους
445 5351 813 5423 ὑποπλησθεὶς
844 5355 1059 5426 (ταχεῖα
1106 5356 1214 5426 γὰρ
1248 5357 1328 5420 είς
1357 5357 1455 5427 τὴν
1499 5358 1594 5412 τοῦ
1628 5360 1702 5431 μὴ
1729 5378 1831 5415 κα-

339 5536 451 5601 (15)
495 5539 762 5617 Leontius
789 5543 1108 5613 lagonculas
1154 5546 1363 5617 scribit
1407 5550 1600 5601 missas
1644 5550 1866 5617 fuisse,‘

266 5612 526 5663 labentes
575 5612 865 5677 pet-unius,
911 5630 1014 5665 non
1065 5615 1165 5669 mel
1195 5633 1209 5669 :
1244 5634 1340 5671 nec
1385 5620 1700 5673 miraculum
1744 5612 1830 5675 hic

267 5680 434 5743 ullum
467 5683 649 5735 mutati
685 5682 735 5734 in
771 5686 1048 5751 pecuniam
1085 5687 1279 5748 mellis,
1304 5691 1395 5741 sul
1429 5688 1663 5742 divinam
1704 5689 1830 5745 Prop.

1955 4552 2007 4597 et
2035 4543 2115 4597 sic
2143 4551 2272 4596 sunt
2311 4558 2442 4596 auro
2472 4543 2667 4612 plenae.
2705 4543 2838 4598 Cum
2873 4556 2995 4596 eum
3030 4556 3162 4611 ergo
3192 4540 3523 4597 invenissent

1952 4633 2363 4699 convivantem,
2416 4634 2467 4688 'ei
2523 4639 2740 4689 tradunt
2789 4632 3110 4702 epistolam,
3167 4635 3521 4687 ostendentes

1948 4724 2111 4779 etiam
2157 4725 2492 4796 amphoram.
2534 4726 2704 4792 Quam
2756 4726 2973 4796 quidem
3025 4734 3308 4794 postquam
3343 4724 3515 4787 vidit:

1948 4813 2202 4868 Irascitur
2226 4816 2354 4868 mihi
2384 4816 2607 4870 omnino
2629 4816 2877 4869 dominus
2903 4830 3080 4875 meus.
3103 4815 3311 4883 inquit:
3344 4830 3519 4883 neque

1946 4907 2090 4960 enim
2125 4922 2283 4960 unam
2318 4907 2447 4961 mihi
2479 4909 2647 4961 solam
2691 4908 2946 4963 misisset.
2977 4907 3079 4974 Qui
3118 4916 3296 4962 autem
3337 4918 3519 4977 porta-

1948 4997 2095 5064 bant,
2131 4999 2398 5069 qoomodo
2439 5001 2611 5056 fuerat
2641 5000 2720 5053 eis
2760 5000 3105 5069 imperatum,
3146 5015 3269 5054 cum
3311 5001 3362 5054 in
3398 5001 3516 5070 ejus

1944 5099 2236 5160 conspectu
2269 5092 2607 5160 aperuissent
2636 5092 2973 5163 amphoram,
3008 5104 3061 5146 et
3096 5094 3354 5163 pecunias
3376 5092 3516 5147 ellu-

1945 5180 2168 5247 dissent,
2210 5182 2607 5237 annnntiabant
2641 5182 2809 5238 fuisse
2840 5183 3076 5252 reliquas
3103 5198 3237 5238 auro
3261 5184 3516 5239 similiter

1946 5272 2198 5340 repletas.
2233 5272 2367 5326 Cum
2405 5288 2531 5329 vero
2563 5275 2846 5345 perlegens
2881 5276 3189 5345 epistolam,
3222 5277 3516 5332 invenisset

1943 5366 2083 5433 quod
2109 5369 2269 5420 homo
2305 5366 2468 5421 Deum
2500 5383 2602 5423 non
2633 5378 2808 5437 potest
2840 5369 2892 5422 in
2923 5379 3213 5439 angustum
3244 5371 3508 5439 redigere,

1943 5557 2234 5637 videntium
2275 5561 2520 5631 agnoscit
2563 5562 2616 5617 in
2645 5562 2793 5619 hisce
2821 5561 3138 5617 muneribus
3168 5575 3233 5615 co
3273 5567 3511 5631 tempore

1943 5644 2142 5683 llilﬁSlS.
