3832 6466
237 370 347 439 917

1242 379 1420 441 VlTA
1458 381 1522 441 S.
1563 379 1883 443 IOANNIS
1920 379 2558 443 EIEEMOSYNARII.

3377 378 3484 445 918

313 489 437 547 Kl".
465 491 905 549 Μεταστέλλεται
930 492 1110 550 τοίνυν
1140 495 1170 549 6
1199 497 1549 569 πατριάρχης
1587 497 1695 569 ibi;
1714 497 1792 553 τδι

1982 496 2173 555 XXIII.
2216 499 2350 555 Eum
2396 514 2527 572 ergo
2573 512 2822 557 seorsum
2870 499 3101 557 accersit
3148 500 3479 572 patriarcha,
3526 500 3536 509 '

235 584 430 655 ἄνδρα,
459 584 709 657 αἰσχῦναι
739 586 928 642 τοῦτον
969 587 1063 643 ἰπὶ
1092 589 1305 645 πολλῶν
1352 590 1429 664 μὴ
1458 590 1805 664 βουλόμενος,

238 679 332 727 sui
369 693 536 747 φησιν
589 677 727 745 πρὸς
774 678 938 734 αὐτόν
969 697 985 714 ·
1024 680 1093 736 Ἠ
1151 682 1252 753 μὲν
1303 687 1639 758 προσαγωγή
1689 704 1807 753 σου,

233 767 448 834 τέκνον,
482 770 650 842 πολλή
683 789 739 826 τε
760 772 855 826 καὶ
876 772 955 845 τῷ
984 772 1078 829 νῦν
1108 776 1287 849 καιρῷ
1332 778 1628 847 ἀναγκαία,
1677 781 1801 833 ἐπί-

240 876 431 931 μωμος
459 862 517 916 δὲ
538 865 632 919 καὶ
651 864 719 918 δι’
746 866 880 920 αὐτὸ
911 866 1070 922 τοῦτο
1117 870 1214 923 καὶ
1245 871 1624 943 άπαράδεκτος
1647 890 1660 904 ·
1707 874 1807 928 οὐκ

232 954 453 1019 ἀγνοεῖς
488 954 597 1025 γὰρ
617 956 700 1009 ὅτι
720 955 790 1010 τὰ
817 957 958 1012 κατὰ
990 959 1154 1031 νόμον
1185 963 1572 1034 προσαγόμενα
1600 965 1808 1036 πρόϐα-

232 1060 326 1109 τα,
351 1047 401 1098 εί
426 1048 501 1117 μὴ
522 1045 731 1119 ἄμωμα
758 1045 849 1121 ἦν,
873 1049 975 1104 κᾶν
1009 1052 1218 1122 μεγάλα
1233 1052 1527 1126 ἐτύγχανεν
1553 1057 1701 1123 ὄντα,
1726 1060 1807 1122 εἰς

234 1137 431 1192 θυσίαν
473 1141 821 1211 άπρόσδεκτα
853 1139 922 1215 ἧν
943 1160 957 1176 ·
995 1145 1120 1199 καθ’
1145 1148 1212 1218 ἢν
1233 1148 1413 1203 αίτίαν
1449 1149 1572 1203 οὐδὲ
1619 1152 1687 1205 τά
1708 1153 1803 1205 τοῦ

232 1229 377 1283 Κάῖν
424 1229 503 1299 τῷ
550 1231 668 1302 Θεῷ
715 1234 1072 1308 προσεδέχθη.
1130 1238 1204 1292 Τὸ
1256 1238 1315 1292 δὲ
1353 1240 1412 1305 ἐξ
1435 1240 1680 1314 ἀνάγκης
1708 1245 1805 1297 καὶ

231 1318 401 1389 νόμου
430 1322 722 1392 μετάθεσιν
755 1324 1023 1395 γίνεσθαι,
1068 1329 1227 1384 τοῦτο
1255 1332 1384 1403 περὶ
1429 1332 1523 1387 τοῦ
1570 1335 1801 1389 παλαιοῦ

229 1412 396 1481 νόμου
428 1413 678 1484 είρῆσθαι
702 1417 783 1487 τῷ
821 1417 1130 1492 ’Δποστόλῳ
1162 1420 1524 1495 γινώσκομεν.
1569 1427 1723 1479 Ἐπεὶ
1749 1428 1801 1480 τί

230 1519 314 1557 σοι
338 1503 487 1558 δοκεῖ
514 1507 576 1560 τὸ
603 1508 755 1579 παρὰ
796 1509 873 1581 τῷ
912 1511 1190 1584 θεαδέλφῳ
1217 1516 1473 1585 κείμενον
1521 1516 1799 1590 ’1ακὼ6ῳ;

241 1595 402 1667 Ἔχει
421 1597 479 1651 δὲ
501 1599 707 1665 οὖτωςο
739 1621 757 1655 ι
792 1604 895 1657 Τὸν
928 1606 1109 1660 πάντα
1147 1607 1239 1661 τὸν
1291 1609 1452 1680 νόμον
1481 1610 1798 1677 τελέσαντα,

226 1686 533 1742 πταίσαντα
554 1688 612 1742 δὲ
640 1691 701 1744 ὲν
731 1692 833 1760 ἑνὶ,
863 1692 1047 1766 ἔνοχον
1076 1690 1218 1750 εἶναι
1258 1698 1497 1754 πάντων.
1530 1700 1715 1765 νΤοῦς
1742 1704 1798 1756 δὲ

225 1775 488 1845 ἀδελφοὺς
508 1780 664 1850 ήμῶν
691 1783 820 1848 τοὺς
865 1786 1121 1856 πένητας,
1150 1787 1254 1842 κᾶν
1295 1791 1457 1862 ἡμεῖς
1494 1792 1798 1865 ἀπορήσαι-

1914 608 2019 648 non
2051 591 2239 649 volens
2276 592 2465 649 multis
2506 592 2865 662 przesentibus
2905 607 3028 649 eum
3062 592 3280 650 afﬁcere
3314 594 3482 649 dedo—

1911 699 2058 749 core,
2096 694 2152 740 et
2194 685 2323 741 dicit
2358 685 2409 741 ei
2441 703 2454 740 :
2490 684 2602 739 Tua
2643 685 2861 756 quidem
2912 685 3148 752 oblatio,
3190 699 3224 741 ο
3255 684 3363 748 iiIi,
3398 693 3481 739 est

1912 793 2105 848 magna
2143 785 2199 832 et
2238 777 2363 833 huic
2390 777 2617 848 tempori
2652 776 2984 836 necessaria.
3019 774 3126 832 Sed
3156 786 3240 832 est
3268 775 3474 855 vitiosa,

1908 880 1965 925 et
1985 878 2204 939 propter
2229 868 2331 924 boc
2359 867 2535 940 ipsum
2561 883 2667 924 non
2697 868 3050 926 admittenda.
3105 866 3221 925 Non
3263 868 3478 937 ignoras

1907 962 2076 1027 enim,
2106 961 2248 1032 quod
2278 976 2442 1028 oves,
2477 976 2597 1032 quae
2626 976 2691 1017 ex
2722 961 2839 1033 lege
2862 960 3246 1026 otl’erebantur,
3286 958 3333 1018 si
3367 974 3472 1015 non

1906 1062 2094 1111 essent
2118 1055 2235 1109 vitii
2255 1066 2523 1122 expertes,
2541 1054 2751 1109 etiamsi
2773 1062 2957 1110 essent
2984 1069 3209 1126 magna,
3244 1067 3349 1108 non
3376 1068 3475 1123 po-

1886 1155 2086 1202 terant
2126 1146 2335 1201 admitti
2382 1145 2449 1200 ad
2497 1145 2846 1202 sacriﬁcium.
2891 1145 3010 1212 Qua
3054 1145 3121 1201 de
3168 1159 3329 1200 causa
3375 1159 3473 1199 nec

1907 1256 2129 1297 munera
2159 1239 2289 1296 Cain
2321 1240 2431 1295 Deo
2465 1236 2685 1293 fuerunt
2713 1244 2954 1307 accepta.
2992 1235 3124 1292 Illud
3165 1245 3362 1300 autem,
3395 1235 3469 1289 Ετ

1906 1332 2230 1389 necessitate
2264 1331 2428 1386 etiam
2464 1329 2582 1387 ﬁeri
2617 1329 2750 1400 legis
2786 1329 3193 1385 translationem
3217 1370 3233 1395 ,
3266 1328 3371 1383 hoc
3408 1329 3474 1380 ab

1903 1425 2161 1498 Apostolo
2204 1424 2412 1482 dictum.
2447 1437 2570 1479 esse
2602 1423 2806 1479 sciurus
2846 1422 2913 1478 de
2950 1421 3068 1492 lege
3106 1419 3299 1477 veteri.
3336 1418 3472 1486 Quid

1902 1518 2045 1571 errim
2089 1515 2184 1571 tibi
2236 1515 2483 1580 videtur,
2534 1514 2677 1584 quod
2714 1514 2879 1570 situm
2926 1521 3019 1569 est-
3057 1514 3196 1583 apud
3249 1511 3471 1568 fratrem

1904 1609 2114 1664 Domini
2156 1606 2454 1662 Jacobum?
2491 1603 2583 1661 Sic
2625 1614 2803 1661 autem
2839 1604 3046 1660 habet:
3095 1622 3114 1655 ι
3156 1603 3257 1670 Qui
3307 1611 3471 1659 totam

1902 1699 2072 1767 legem
2101 1696 2424 1767 impleverit,
2455 1694 2508 1748 in
2540 1708 2648 1750 uno
2683 1701 2859 1748 autem
2886 1693 3065 1763 lapsus
3087 1693 3178 1757 sit,
3208 1705 3329 1748 esse
3357 1707 3473 1747 om-

1902 1790 2050 1844 nium
2094 1804 2243 1845 reum
2276 1788 2318 1843 ³.
2363 1806 2383 1840 ι
2431 1785 2653 1842 Fratres
2695 1794 2878 1841 autem
2925 1791 3139 1840 nostros
3184 1799 3468 1856 pauperes,

227 1882 351 1934 μεν,
381 1865 497 1919 ἀλλ’
518 1869 612 1938 ὅγε
634 1872 837 1943 θρέψας
863 1876 942 1940 είς
963 1853 1122 1949 δεῦρο
1143 1877 1295 1946 Θεὸς,
1316 1853 1492 1944 ἀὑτός
1520 1853 1792 1955 περίτοὺ-

1900 1880 2115 1939 etiamsi
2154 1895 2256 1937 nos
2296 1894 2580 1937 versemur
2611 1878 2667 1934 in
2707 1878 2917 1949 in0pia,
2953 1886 3009 1930 at
3046 1876 3136 1946 qui
3166 1853 3307 1931 aluit
3331 1876 3472 1931 Deus

222 1974 333 2010 των
359 1960 455 2013 καὶ
479 1962 573 2016 τοῦ
600 1963 788 2020 λοιποῦ
833 1974 1091 2042 φροντιεῖ,
1125 1973 1285 2044 μόνον
1314 1978 1361 2029 εί
1392 1979 1556 2047 ήμεῖς
1586 1980 1685 2045 τὰς
1715 1984 1799 2035 ὲν-

220 2049 384 2149 τολὰς
411 2053 591 2149 αὐτοῦ.
609 2058 801 2130 εἴημεν
851 2062 1124 2135 ἀκινήτως
1150 2066 1550 2138 διατηροῦντες.
1584 2074 1650 2127 Τί
1687 2076 1797 2149 γὰρ

220 2139 551 2239 ἀδύνατον
570 2146 832 2223 δυσχερὲς
851 2152 928 2224 τῷ
958 2156 1084 2220 τοὺς
1111 2158 1269 2213 πέντε
1303 2161 1503 2234 ἄρτους
1525 2166 1581 2219 ἐν
1604 2139 1797 2239 ὲρήψμιρ

223 2233 358 2330 ποτε
379 2235 740 2330 πληθύναντι,
773 2244 867 2297 καὶ⁵
896 2247 1023 2310 τοὺς
1064 2247 1199 2304 δέκα
1224 2233 1439 2321 μοδίους
1459 2256 1584 2320 τοὺς
1611 2233 1668 2311 ἐν

223 2325 411 2426 fita"
540 2330 657 2402 ἐμῷ
677 2334 1032 2426 εὐλογήσαντι
1055 2378 1071 2407 ν
1110 2343 1248 2412 πρὸς
1277 2344 1413 2399 πολὺ
1463 2347 1666 2420 πλῆθος
1696 2325 1795 2404 ab;

220 2412 403 2482 ξῆσαι.
432 2418 523 2473 Διό
558 2437 661 2490 σοι,
695 2423 904 2492 τέκνον,
934 2429 994 2481 τὸ
1024 2431 1082 2483 ὲν
1111 2434 1229 2497 ταῖς
1260 2435 1501 2506 Πράξεσι
1537 2412 1674 2507 πρὸς
1702 2442 1793 2495 Σί-

223 2522 383 2606 μωνα
408 2511 704 2606 είρημένον
739 2517 970 2589 ἁρμόσει
999 2521 1103 2588 ὅτι,
1131 2541 1150 2575 ι
1190 2526 1304 2580 Οὐκ
1348 2528 1466 2583 ἐστι
1519 2547 1600 2584 σοι
1633 2534 1791 2606 μερὶς

218 2597 342 2657 οὐδὲ
372 2600 571 2673 κλῆρος
596 2606 847 2681 ἐντούτῳ
884 2611 964 2683 τῷ
999 2615 1173 2685 μέρει.
1212 2633 1230 2666 ι

292 2778 421 2835 KA'.
445 2781 614 2838 Οὔπω
636 2785 727 2841 τὸν
756 2789 951 2846 ἑαυτοῦ
976 2786 1137 2849 οἷκον
1166 2794 1374 2862 ἐκεῖνος
1404 2802 1793 2873 ἀποπεμφθεὶς

168 2916 177 2925 .
216 2874 507 2966 ἄπρακτος
533 2878 746 2952 ὑπῆρχε
775 2885 1122 2955 καταλαϐὼν,
1152 2889 1253 2944 καὶ
1295 2891 1560 2963 μηνύεται
1593 2894 1671 2965 τῷ
1696 2912 1793 2966 με-

216 2964 374 3037 γάλῳ
400 2966 496 3023 δύο
526 2970 639 3061 τῶν
679 2977 780 3044 τῆς
804 2976 1132 3050 Ἐκκλησίας
1163 2982 1363 3039 πλοίων
1404 2987 1462 3040 ἐν
1482 2985 1560 3058 τῷ
1609 2964 1792 3058 λιμένι

215 3060 479 3153 κατάραι,
503 3061 652 3118 σίτου
676 3065 877 3134 πολλάς
899 3071 1149 3142 χιλιάδας
1168 3076 1233 3131 ὲκ
1256 3077 1507 3143 Σικελίας
1532 3080 1656 3153 ἄρτι
1683 3081 1793 3135 δια-

1900 1989 2072 2045 usque
2108 1974 2164 2030 in
2192 1973 2512 2030 hodiernum
2548 1973 2713 2037 diem,
2761 1972 2878 2043 ipse
2916 1984 3106 2027 eorum
3146 1982 3361 2038 quoque
3403 1967 3470 2022 dc

1897 2074 2093 2121 caetero
2117 2078 2305 2120 curam
2336 2071 2507 2133 geret,
2539 2064 2583 2119 si
2611 2062 2769 2119 modo
2797 2076 2898 2118 nos
2925 2059 3043 2129 ejus
3073 2059 3328 2115 mandata
3354 2072 3467 2114 ser-

1899 2170 2089 2212 vamus
2127 2154 2448 2210 immobilia.
2491 2152 2631 2221 Quid
2667 2161 2754 2210 est
2781 2152 2926 2210 enim
2963 2152 3106 2223 quod
3144 2149 3331 2206 facere
3363 2164 3468 2204 nou

1896 2247 2106 2318 possit?
2140 2255 2234 2302 aut
2261 2246 2389 2317 quid
2418 2246 2490 2301 sit
2511 2244 2732 2302 difficile
2755 2245 2827 2310 ei.
2850 2244 2940 2315 qui
2967 2243 3205 2314 quinque
3228 2254 3395 2312 panes
3417 2240 3469 2294 in

1895 2339 2117 2397 deserto
2154 2338 2446 2410 aliquando
2484 2336 2885 2408 multiplicavit,
2923 2336 2970 2391 si
3004 2335 3194 2390 decem
3238 2331 3466 2397 modios,

1894 2432 1989 2504 qui
2016 2440 2144 2489 sunt
2163 2432 2217 2487 in
2246 2444 2366 2487 meo
2391 2429 2616 2493 horreo,
2636 2426 2995 2493 benedixerit,
3020 2440 3113 2482 eos
3135 2424 3189 2479 in
3220 2438 3467 2495 magnam

1897 2540 2097 2597 augere
2126 2523 2562 2581 multitudinem?
2587 2520 2952 2591 Quamobrem
2989 2519 3108 2583 tibi,
3142 2532 3174 2573 o
3208 2516 3303 2585 (ili,
3339 2530 3469 2572 con-

1894 2616 2076 2672 veniet
2109 2616 2162 2672 id
2181 2655 2196 2681 ,
2225 2614 2371 2686 quod
2398 2613 2606 2669 Simoni
2632 2613 2833 2669 dictum
2863 2621 2947 2669 est
2978 2611 3034 2666 in
3063 2609 3216 2666 Actis
3241 2626 3256 2663 :
3296 2626 3316 2662 ι
3348 2605 3466 2663 Non

1894 2719 1978 2767 est
2000 2710 2093 2765 tibi
2121 2723 2270 2778 pars,
2311 2722 2489 2779 neque
2509 2719 2630 2763 sors
2658 2706 2711 2760 in
2739 2707 2844 2761 bac
2876 2713 3030 2775 parte
3051 2704 3094 2758 ⁸.
3134 2722 3154 2756 ι
3394 2713 3398 2717 ‘

1967 2800 2154 2857 XXIV.
2188 2799 2437 2856 Nondum
2465 2799 2555 2855 ille
2583 2798 2838 2854 dimissus
2871 2800 3117 2863 domum,
3148 2811 3207 2853 re
3240 2795 3462 2862 infecta,

1895 2895 2154 2960 redierat,
2183 2907 2305 2948 cum
2344 2906 2540 2963 magno
2560 2889 2752 2946 Joanni
2779 2888 3116 2960 significatur
3141 2889 3275 2945 duas
3296 2902 3465 2943 naves

1896 2987 2149 3044 Ecclesia:
2186 2987 2241 3042 in
2285 2993 2500 3057 portum
2550 2980 3126 3054 appulisse,rferentes
3170 2996 3236 3039 ex
3277 2979 3463 3037 Siciiia

1896 3080 2060 3136 multa
2091 3077 2348 3135 frumenti
2373 3077 2560 3132 millia.
2590 3076 2756 3143 Quod
2776 3075 2992 3145 quidem
3027 3089 3150 3130 cum
3192 3073 3286 3131 ille
3314 3074 3465 3129 audi-

214 3149 537 3251 κομίζονταο
552 3155 691 3251 ὅπερ
718 3159 978 3232 ἀκούσας,
1022 3167 1229 3230 ἐκεῖνος
1247 3171 1328 3233 εἰς
1351 3156 1556 3238 γόνατα
1572 3149 1788 3239 πεσὼν,

1900 3175 2086 3241 visset,
2110 3170 2400 3243 procidens
2424 3170 2479 3224 in
2502 3182 2698 3238 genua,
2725 3165 2836 3222 Deo
2863 3166 2973 3236 egit
2994 3165 3216 3235 gratias,
3243 3165 3463 3221 dicens:

212 3241 542 3315 ηὑχαρίστει
569 3249 647 3321 τῷ
674 3251 794 3324 Θεῷ
837 3254 1033 3325 λέγων,
1085 3259 1166 3315 ὅτι
1197 3262 1266 3315 Oi
1299 3261 1659 3334 ὲκζητοῦντές
1709 3282 1793 3330 σε,

218 3335 422 3408 Κύριε,
452 3340 671 3408 καὶτὰς
699 3346 921 3413 ἐντολάς
954 3367 1047 3405 σου
1082 3352 1468 3424 φυλάττοντες,
1489 3402 1494 3406 .
1512 3356 1613 3411 οὐκ
1635 3358 1793 3413 ἐλατ-

212 3428 578 3497 ιτωθήσονιταιΔ
605 3436 807 3518 παντὸς
868 3440 1104 3511 ἀγαθοῦ⁸
1150 3444 1230 3499 διὸ
1271 3427 1560 3517 μεγαλὺνω
1591 3466 1683 3503 σου
1731 3452 1792 3504 τὸ

213 3521 486 3591 πανάγιον
511 3523 703 3598 ὄνομα,
738 3530 821 3585 ὅτι
864 3534 940 3605 μὴ
965 3537 1350 3609 συνεχώρησας
1387 3541 1465 3612 τῷ
1492 3541 1664 3613 δούλῳ
1697 3560 1790 3597 σου

212 3616 520 3687 χρημάτων
563 3619 724 3676 ὢνιον
769 3624 869 3696 τὴν
911 3627 1073 3701 χάριν
1099 3647 1191 3684 σου
1223 3632 1433 3689 θέσθαι.
1478 3635 1618 3689 Ἀλλ’
1645 3636 1791 3690 οὕτω

215 3707 321 3780 μὶν
344 3708 404 3762 ἑν
433 3712 689 3768 στενώσει
725 3716 1051 3785 πλατυνθεὶς
1078 3723 1107 3776 6
1131 3723 1375 3794 ἀοίδιμος
1403 3725 1463 3779 οὐ
1509 3729 1790 3799 προήκατο

210 3800 319 3873 τῆς
351 3803 656 3875 ἀναγκαίας
683 3808 878 3880 χρείας
905 3810 1006 3883 τὴν
1036 3813 1128 3866 τοῦ
1161 3815 1384 3880 κανόνος
1411 3816 1715 3890 ἀκρίϐειαν.

1896 3263 2002 3332 Qui
2028 3272 2080 3319 te
2113 3270 2381 3333 quaerunt,
2416 3259 2678 3326 Domine,
2706 3266 2763 3313 et
2799 3265 3021 3313 servant
3052 3265 3140 3311 tua
3185 3255 3463 3321 mandata,

1894 3374 2003 3413 non
2038 3355 2353 3412 minuentur
2389 3352 2538 3408 omni
2576 3352 2741 3407 bono.
2785 3350 3145 3418 Quamobrem
3182 3348 3465 3421 magniﬁco

1894 3448 2298 3506 sanctissimum
2339 3459 2538 3501 nomen
2585 3453 2769 3510 tuum,
2820 3442 2961 3511 quod
3002 3456 3105 3497 non
3149 3441 3465 3511 permiseris

1894 3557 2054 3600 servo
2087 3549 2211 3609 tuo,
2258 3548 2317 3594 ut
2356 3548 2500 3593 tuam
2537 3536 2779 3608 'gratiam
2827 3535 3183 3590 venurndaret
3212 3534 3461 3604 pecunia.

1838 3630 1843 3635 ’
1896 3636 2002 3692 Sed
2041 3633 2121 3690 sic
2163 3631 2382 3702 quidem
2409 3629 2463 3685 in
2499 3627 2764 3700 angustiis
2798 3627 3052 3683 dilatatus
3090 3627 3176 3682 vir
3207 3626 3463 3698 inclytus,

1895 3741 2000 3783 non
2032 3722 2271 3797 prodidit
2298 3737 2397 3792 pro
2425 3735 2522 3776 usu
2556 3733 2740 3775 rerum
2770 3717 3200 3777 necessariarum
3236 3731 3463 3774 accura-

1898 3830 2005 3877 tam
2026 3816 2242 3897 ‘regula:
2271 3811 2724 3871 observationem.

1686 3984 1913 4043 CAPUT
1955 3986 2020 4045 V..

1564 4101 1922 4159 Mansuetudo
1962 4104 2153 4158 animi.

287 4233 417 4290 ΚΗ.
450 4235 543 4293 Δεῖ
568 4233 623 4289 δὲ
651 4237 745 4293 καὶ
767 4237 965 4326 δεῖγμα
996 4238 1096 4326 τῆς
1117 4241 1317 4315 πολλῆς
1345 4238 1414 4316 ἧς
1436 4240 1582 4317 εἶχεν
1606 4247 1791 4316 άνεξι-.

209 4326 413 4390 κακίας
439 4329 603 4398 ἐρεῖν,
637 4330 733 4383 καὶ
759 4330 846 4383 οἵα
874 4325 943 4402 ἦν
971 4325 1120 4405 αὖτῷ
1150 4334 1279 4407 περὶ
1304 4337 1462 4408 τήνδε
1515 4337 1614 4411 τὴν
1639 4341 1786 4394 ἐντο-

207 4417 311 4489 λὴν
343 4420 377 4489 ἡ
410 4418 667 4490 ἀκρίϐεια
717 4421 1103 4493 διηγήσασθαι.
1148 4424 1255 4480 Δύο
1282 4428 1437 4492 τινας
1477 4429 1586 4484 τῶν
1615 4431 1785 4486 αὑτοῦ

206 4512 490 4584 κληρικῶν
544 4512 799 4586 ἀλλήλοις
852 4518 1224 4587 ὲπιμανέντας
1275 4521 1568 4592 ἀφορισμῷ
1651 4523 1786 4585 καθ-

208 4606 485 4660 υπέϐαλεν
513 4608 541 4661 6
562 4609 888 4680 θαυμάσιος·
913 4605 988 4665 ὧν
1020 4613 1048 4665 6
1085 4612 1186 4682 μὲν
1210 4610 1311 4678 εἷς,
1378 4614 1612 4686 ἄσμενος
1656 4635 1791 4671 κατ-

1967 4249 2136 4307 XXV.
2177 4248 2400 4319 Oportet
2432 4252 2614 4303 autem
2645 4243 2826 4302 dicere
2852 4241 3017 4300 etiam
3052 4239 3310 4313 indicium
3342 4253 3462 4295 ma-
3496 4224 3502 4227 ’

1893 4358 2034 4413 gnte,
2068 4356 2227 4412 quam
2258 4340 2448 4397 habuit
2467 4380 2483 4409 ,
2517 4339 2849 4406 tolerantiae,
2876 4345 2931 4393 et
2958 4349 3186 4391 narrare
3212 4348 3373 4404 quam
3403 4348 3463 4389 se

1893 4434 2135 4505 perfecre
2159 4441 2368 4505 gereret
2394 4432 2449 4487 in
2476 4431 2580 4487 hoc
2607 4436 2898 4500 praecepto.
2928 4426 3076 4484 Duos
3101 4426 3371 4497 quosdam
3390 4439 3457 4480 ex

1896 4526 2012 4582 suis
2041 4524 2257 4580 clericis
2279 4566 2293 4591 ,
2340 4522 2433 4593 qui
2465 4522 2606 4577 inter
2643 4535 2705 4577 se
2741 4519 2969 4575 invicem
3002 4517 3216 4573 fuerant
3259 4516 3474 4602 delrec-u~

1898 4615 2066 4684 chati,
2095 4617 2178 4670 vir
2205 4613 2554 4670 admirandus
2582 4611 2887 4681 subiecerat
2910 4606 3292 4679 segregationi.
3319 4607 3464 4675 Quo-

208 4700 435 4767 εδέξατο
480 4701 580 4773 τὴν
626 4703 910 4774 ἐπιτιμίαν
932 4720 946 4735 °
977 4703 1205 4777 θάτερος
1234 4706 1581 4779 δὲςπρόφασιν
1602 4708 1790 4784 ὥσπερ

1900 4726 2016 4767 rum
2049 4724 2189 4766 unus
2221 4708 2437 4780 quidem
2479 4721 2696 4779 poenam
2736 4705 2967 4762 libenter
3006 4705 3282 4769 subierat;
3324 4701 3463 4756 alter
3520 4750 3532 4761 ,

204 4796 311 4865 τῆς
336 4795 531 4848 ἑαυτοῦ
566 4795 841 4868 ῥᾳθυμίας
861 4797 1033 4869 αὐτὴν
1053 4799 1324 4872 εὑρηκὼς,
1360 4801 1535 4872 εὐχῶν
1569 4802 1667 4873 μὲν
1693 4803 1786 4857 καὶ

207 4889 487 4956 συνάξεων
532 4891 593 4945 τὸ
624 4893 891 4964 παράπαν
938 4894 1168 4964 ἠμέλει,
1221 4896 1543 4967 ἐπιθυμίαις
1574 4898 1633 4953 δὲ
1664 4901 1785 4964 ταῖς

206 4981 373 5044 ίδὶαις
402 4981 693 5048 διαπαντὸς
742 4986 1133 5056 ὲνεσχόλαζενο
1156 4983 1276 5041 εἶτα
1304 4989 1666 5061 προσηπείλει
1690 4991 1787 5045 καὶ

205 5076 289 5145 τῷ
321 5078 542 5150 μεγάλῳ
600 5083 1229 5153 καταπανουργήσασθαι
1263 5084 1363 5154 τῆς
1393 5085 1597 5156 mm;
1634 5086 1782 5140 ὲκεί-

207 5184 309 5236 νης
350 5171 446 5221 καὶ
494 5170 805 5242 ἁγιωτάτης
855 5172 1175 5243 ἁπλότητος.
1227 5175 1364 5229 Φασὶ
1424 5175 1481 5229 δέ
1515 5193 1662 5239 τινες
1695 5176 1788 5229 καὶ

204 5259 400 5312 τοῦτον
424 5260 587 5314 αὐτὸν
610 5258 752 5316 εῖναι
781 5262 873 5317 τὸν
902 5264 1314 5335 ὑποόεὸληκότα
1338 5260 1553 5339 Νικήτᾳ
1590 5284 1789 5339 πατρι-

205 5351 316 5422 κξῳ
343 5354 413 5406 τὰ
433 5356 530 5424 τῆς
554 5354 885 5425 Ἑκκλησίας
919 5357 1204 5415 ἀνελέσθαι
1226 5360 1509 5430 χρήματα,
1540 5359 1788 5431 οίόμενον

204 5446 275 5497 ἐκ
310 5445 502 5500 τούτου
533 5445 713 5518 λύπης
740 5449 913 5503 αἴτιον
943 5452 1282 5522 καταστῆναι
1322 5451 1400 5522 τῷ
1444 5452 1783 5524 πατριάρχῃ.

219 5534 381 5588 Ἐπεὶ
407 5539 590 5591 τοίνυν
617 5539 858 5607 ἔγνωστο
884 5541 1034 5594 τουτὶ
1065 5542 1144 5612 τῷ
1177 5544 1788 5614 μεγάλῳ,λογισάμενος

208 5627 427 5707 μήποτε
458 5630 650 5704 καὶτῷ
678 5631 911 5704 διαϐόλῳ
932 5635 1306 5706 παρανάλωμα
1331 5637 1571 5708 γένηται,
1601 5637 1787 5692 καλεῖν

274 5813 297 5845 ³
323 5810 439 5870 Jac.
464 5831 526 5881 ιι,
556 5815 637 5871 i0.
708 5817 725 5848 ⁵
750 5816 868 5872 Act.
901 5834 1022 5884 vm,
1067 5818 1149 5879 12.

1890 4809 2070 4858 autem
2092 4818 2214 4859 cum
2242 4817 2361 4859 eam
2385 4799 2682 4857 invenisset
2714 4806 2973 4869 tanquam
3003 4804 3321 4867 praetextum
3348 4810 3464 4851 suae

1889 4896 2174 4961 socordiae,
2192 4909 2414 4967 precum
2438 4892 2654 4965 quidem
2677 4900 2733 4946 et
2752 4888 3236 4962 congregationum
3259 4887 3471 4945 nullam

1890 4989 2111 5044 omnino
2135 5002 2320 5046 curam
2350 4985 2591 5057 gerebat,
2625 4982 2855 5039 vacabat
2882 4993 3062 5045 autem
3091 4982 3316 5037 omnino
3345 4981 3483 5039 suis.

1890 5081 2278 5160 cupiditatibus
2314 5096 2330 5133 :
2363 5077 2560 5134 deinde
2603 5076 2910 5132 minabatur
2944 5076 3141 5143 etiam,
3180 5089 3239 5130 se
3280 5075 3462 5144 magni

1892 5175 2036 5231 illius
2067 5174 2166 5227 viri
2198 5185 2465 5228 summam
2503 5169 2647 5224 illam
2678 5177 2733 5224 et
2762 5168 3165 5225 sanctissimam
3201 5166 3461 5236 simplici-

1895 5275 2056 5322 tatem
2108 5264 2405 5320 calliditate
2452 5263 2635 5334 aliqua
2693 5261 3213 5317 circumventurum.
3267 5258 3478 5316 Dicunt.

1891 5373 2021 5413 vero
2051 5356 2240 5427 aliqui,
2270 5357 2413 5412 hunc
2436 5369 2652 5427 quoque
2679 5370 2803 5410 eum
2831 5368 2972 5421 esse,
3004 5353 3099 5424 qui
3131 5349 3336 5407 Nicetze
3368 5365 3462 5417 pan

1895 5448 2051 5504 tricio
2099 5458 2474 5519 suggesserat,
2522 5455 2579 5502 ut
2621 5445 2881 5516 pecunias
2924 5445 3137 5501 tolleret
3179 5441 3459 5505 Ecclesiae,

1894 5541 2020 5596 dum
2055 5540 2394 5598 existimaret
2418 5555 2478 5597 se
2500 5554 2564 5596 ea
2593 5539 2803 5594 ratione
2831 5536 3196 5609 patriarcham
3232 5533 3460 5588 allectu-

1893 5648 2011 5690 rum
2057 5632 2321 5690 molestia;
2371 5634 2504 5699 Cum
2547 5646 2677 5701 ergo
2709 5631 2812 5687 hoc
2857 5644 3079 5709 magnus
3119 5625 3463 5700 cognovisset
