3832 6460
330 244 431 349 εει

1279 290 1455 349 νΙΤΑ
1497 291 1553 349 S.
1598 287 1916 349 JOANNIS
1951 287 2591 354 ELEEMOSYNARIL

3471 291 3583 354 922

331 397 825 469 μεγαλοπρέπειαν.
850 397 915 451 Τί
936 398 1005 465 γὰ
1016 415 1065 467 ρ,
1095 399 1142 451 εί
1166 399 1260 451 καὶ
1277 401 1306 453 6
1336 400 1515 461 κοινὸς
1535 398 1690 469 ἡμῶν
1709 398 1884 450 Δεσπό

2015 404 2256 456 molestia
2296 403 2616 465 afl'ccissent,
2670 404 2808 459 forte
2849 404 2985 459 nihil
3018 402 3266 457 dubitans
3311 410 3403 456 aut
3428 408 3579 472 pensi

326 507 429 561 της
471 492 572 543 οὑκ
602 490 834 560 ἀπηξίου
875 490 1016 544 κατὰ
1057 491 1244 555 πόλεις
1297 491 1496 547 διιέναι
1541 493 1634 546 καὶ
1684 492 1899 562 κώμας,

326 582 595 654 ὠφελείας
622 583 782 654 χάριν
810 583 901 636 καὶ
937 582 1270 654 θεραπείας;

398 839 535 897 KH'.
567 842 791 895 Πάντων
816 841 871 896 δὲ
916 841 1025 895 τῶν
1074 843 1188 896 ὅσοι
1238 842 1360 895 τότε
1395 842 1647 914 παρῆσαν
1671 838 1773 912 τῆς
1806 859 1904 913 μεν

323 935 613 1004 τριότητος
674 933 774 1002 τὴν
840 933 1145 1005 ὑπερϐολὴν
1197 935 1511 1005 άγαμένων,
1555 936 1585 988 ό
1616 935 1901 1006 πατρίκιος

324 1026 465 1094 πρὸς
488 1026 672 1089 αὑτὸν,
695 1025 891 1079 Οὐκέτι
924 1041 1024 1095 μου
1040 1028 1108 1081 τά
1129 1021 1264 1092 ὦτα,
1286 1026 1410 1096 ἔφη,
1430 1029 1618 1097 χωρεῖ,
1642 1024 1899 1092 δέσποτα,

322 1118 436 1169 τῶν
487 1117 941 1171 ένδιαϐαλλόντων
986 1116 1299 1188 μηνύματα.
1334 1119 1479 1189 Πρὸς
1507 1119 1565 1172 ὃν
1582 1122 1612 1173 6
1636 1116 1797 1187 σοφὸς
1818 1120 1898 1173 δι-

321 1209 591 1271 δάσκαλος
614 1251 626 1274 ,
657 1208 916 1273 Πέπεισο,
949 1207 1091 1276 εἶπε,
1142 1209 1332 1262 τέκνον
1357 1211 1702 1274 πιστότατον,
1749 1210 1826 1275 ὡς
1851 1212 1899 1263 εί

327 1300 619 1370 μέλλοιμεν
664 1300 837 1362 οὕτως
881 1301 1069 1364 ἁπλῶς
1116 1302 1208 1355 καὶ
1256 1301 1736 1366 ἀϐασανίστωςτὰ
1783 1298 1898 1357 ὦτα

322 1394 493 1445 πᾶσιν
524 1393 765 1462 ὑπέχειν,
821 1393 1029 1463 μυρίων
1059 1394 1227 1462 ἑσμὸν
1257 1395 1667 1465 ἁμαρτημάτων
1688 1395 1899 1460 ἑαυτοῖς

326 1482 685 1553 ποριούμεθα,
714 1485 809 1537 καὶ
843 1485 1077 1554 μάλιστα
1103 1485 1197 1540 νῦν
1239 1486 1298 1538 ἐν
1320 1486 1497 1557 καιρῷ
1524 1486 1771 1558 τοιούτῳ,
1807 1487 1897 1539 ὅτε

321 1574 387 1643 δὴ
432 1576 525 1627 καὶ
557 1573 870 1642 ἀπέψυκται
921 1576 1058 1628 πᾶσι
1110 1575 1180 1629 τὰ
1210 1576 1306 1646 τῆς
1337 1577 1579 1647 ἀγάπης.
1633 1573 1763 1632 Οἶδα
1790 1578 1897 1648 γάρ

322 1665 435 1733 ἐγὼ
462 1666 743 1729 πολλάκις,
774 1666 852 1737 τῷ
878 1666 1164 1722 πιστεῦσαί
1198 1686 1307 1722 τισι
1337 1670 1446 1722 τῶν
1492 1671 1561 1723 τὰ
1595 1670 1750 1724 κοινά
1795 1671 1896 1739 τῆς

324 1762 530 1823 πόλεως
564 1761 869 1831 πράγματα
898 1760 1172 1829 λαχόντων
1209 1760 1429 1825 ἰθύνειν,
1462 1762 1689 1825 καὶτοῖς
1713 1738 1894 1816 αὑτῶν
1925 1738 1974 1798 Β

322 1853 504 1921 λόγοις
526 1854 712 1917 ἁπλῶς
742 1853 1072 1924 ὑπαχθῆναι,
1095 1851 1343 1925 λυπήσας
1365 1856 1516 1909 οὐδὲν
1543 1856 1661 1909 δέον
1697 1856 1892 1920 ἐνίους.

333 1945 460 2012 Ἐφ”
479 1940 559 2007 οἷς
580 1945 679 2023 οὐκ
708 1945 864 2014 ὀλίγα
896 1961 986 2015 μοι
1007 1946 1069 1997 τὸ
1092 1944 1279 2000 λοιπὸν
1311 1946 1699 2017 μετεμέλησεν.
1733 1948 1895 2000 Ὅθεν

319 2037 397 2099 ὡς
437 2037 583 2103 ἆτιαξ
616 2039 709 2091 καὶ
744 2037 825 2101 δὶς
858 2037 956 2092 καὶ
1007 2038 1270 2101 πολλάκις
1297 2038 1654 2109 παρενεχθεὶς
1706 2038 1896 2108 ἔτυχον

318 2129 385 2197 τῇ
421 2128 530 2180 τῶν
555 2127 944 2181 διαϐαλλόντων
983 2129 1189 2200 ἀπάτῃ,
1246 2129 1306 2182 τὸ
1366 2130 1502 2197 μετὰ
1555 2129 1728 2183 ταῦτα
1770 2131 1895 2199 ὅρον

318 2218 543 2288 ἐμαυτῴ
566 2219 907 2290 περιέϐαλον,
950 2225 1024 2291 μὴ
1053 2221 1317 2292 πρότερόν
1339 2239 1389 2275 τι
1421 2221 1561 2274 κατά
1580 2239 1726 2284 τινος
1754 2222 1893 2274 ἀποο

320 2311 612 2379 φήνασθαι,
640 2315 769 2382 πρὶν
796 2312 862 2367 ἂν
896 2314 1174 2383 ἑκατέρων
1197 2314 1376 2384 μερῶν
1406 2314 1502 2378 τὰς
1529 2314 1891 2382 δικαιολογίας

319 2404 651 2475 ἀκούσαιμι*
679 2408 772 2468 καὶ
800 2410 913 2470 τοῖς
956 2408 1428 2479 προσαναιρέρουσι
1452 2408 1514 2477 δή
1552 2426 1641 2479 μοι
1663 2410 1730 2461 τά
1751 2427 1894 2478 πρα-

319 2497 454 2550 κτέα
503 2498 772 2569 ἠπείλησα
796 2539 809 2564 ,
856 2500 932 2563 ὡς
966 2502 1013 2553 εί
1044 2500 1350 2570 φωραθεῖεν
1394 2502 1485 2564 είς·
1519 2501 1577 2553 τὸ
1604 2502 1733 2572 ἑξῆς
1787 2501 1893 2571 μά-

316 2593 470 2646 ταιόν
519 2609 571 2646 τι
618 2594 710 2646 καὶ
752 2594 1146 2663 συκοφαντικὸν
1197 2594 1306 2647 τῶν
1338 2594 1484 2664 ὲμῶν
1536 2594 1689 2647 ὢτων
1723 2613 1891 2647 κατα-

320 2683 728 2753 φλυαροῦντες,
791 2685 892 2755 τὴν
946 2687 1118 2755 αὐτὴν
1175 2688 1241 2758 ἢν
1302 2689 1329 2739 6
1390 2687 1891 2755 συκοφαντούμενος

319 2777 512 2845 ἔμελλε
566 2774 875 2848 φιλαλήθως
916 2778 1391 2849 κατηγορούμενος
1449 2781 1655 2832 τίσουσι
1710 2780 1887 2851 δίκην.

330 2870 424 2935 Ἐξ
478 2870 686 2923 ἐκείνου
732 2869 864 2939 γοῦν
924 2873 1072 2924 πᾶσα
1099 2873 1209 2925 τῶν
1257 2873 1609 2942 συκοφαντῶν
1656 2872 1888 2941 ἐξεκόπη

315 2962 575 3033 διαϐολή’
609 2962 689 3016 διὸ
734 2964 825 3015 καὶ
867 2964 966 3034 τῆς
1004 2964 1104 3033 σῆς
1143 2965 1334 3035 δέομαι
1387 2966 1887 3036 μεγαλοπρεπείας,

1991 2522 2078 2592 jus
2115 2522 2392 2590 utriusque
2438 2524 2605 2590 partis
2657 2538 2669 2575 :

2009 495 2233 558 habens,
2283 496 2397 564 ipse
2463 497 2526 551 ad
2580 507 2727 551 tuam
2774 496 3044 552 venissem
3101 493 3578 564 Magnificentiam.

2007 584 2146 653 Quid
2182 588 2350 652 enim,
2396 589 2439 643 si
2475 590 2776 644 communis
2823 602 3038 659 quoque
3092 596 3277 642 noster
3321 585 3581 641 Dominus

2006 694 2110 733 non
2142 690 2225 734 est
2251 681 2573 751 dedignatus
2604 681 2754 737 obire
2786 683 3034 739 civitates
3057 690 3111 737 et
3142 680 3307 747 vicos,
3331 680 3580 735 utilitatis

2005 772 2177 840 gratia
2205 784 2257 826 et
2290 774 2634 829 curationis?
2790 780 2793 783 ’

2073 862 2311 919 XXVIII.
2350 863 2615 920 Omnibus
2652 876 2829 921 autem
2866 867 2956 935 qui
2989 867 3218 922 aderant
3257 865 3577 919 admiranti-

2005 955 2104 1008 bus
2148 972 2411 1009 summam
2459 958 2923 1023 moderationem,
2978 958 3114 1013 diXit
3162 958 3209 1013 ei
3262 956 3574 1027 patricius:

2003 1038 2117 1097 Non
2151 1046 2383 1113 amplius
2413 1047 2632 1114 capiunt
2662 1060 2825 1102 aures
2851 1062 3005 1111 mem,
3032 1046 3228 1115 inqttit,
3256 1063 3288 1101 o
3333 1047 3571 1109 domine,

2004 1136 2303 1190 delationes
2352 1153 2562 1202 eorum,
2595 1139 2684 1207 qui
2727 1138 3112 1192 criminantur.
3158 1136 3255 1207 Cui
3306 1138 3442 1191 dixit
3489 1151 3576 1189 sa-

2004 1229 2154 1299 piens
2200 1229 2502 1299 magister’:
2551 1228 2873 1284 Persuasum
2922 1230 3018 1284 tibi
3065 1230 3154 1290 sit,
3191 1229 3388 1296 inquit,
3428 1244 3460 1281 ο
3502 1228 3574 1280 fili

2004 1320 2331 1385 fidelissime,
2368 1322 2509 1389 quod
2545 1323 2587 1376 si
2626 1322 2941 1391 simpliciter
2982 1332 3033 1376 et
3064 1322 3265 1389 absque
3300 1320 3577 1374 examina-

2006 1414 2147 1467 tione
2177 1428 2418 1469 essemus
2449 1428 2608 1469 aures
2648 1415 2920 1483 pra‘bituri
2950 1415 3223 1479 omnibus,
3254 1424 3571 1483 pararemus

2004 1505 2161 1560 nobis
2194 1519 2422 1560 examen
2458 1506 2640 1561 decies
2670 1506 2815 1560 mille
2842 1517 3183 1575 peccatorum
3211 1546 3226 1571 ,
3258 1515 3313 1559 et
3342 1506 3576 1559 maxime

2002 1610 2142 1650 nunc
2188 1597 2278 1650 tali
2314 1598 2365 1650 itt
2400 1606 2661 1666 tempore,
2701 1599 2913 1665 quando
2937 1598 3149 1651 refrixit
3175 1598 3427 1651 omnibus
3448 1595 3575 1649 chao

2004 1692 2153 1745 ritas.
2196 1689 2319 1744 Scio
2350 1690 2492 1744 enim
2525 1705 2644 1759 ego,
2672 1689 2815 1759 quod
2846 1698 3129 1758 propterea
3151 1687 3292 1757 quod
3332 1688 3574 1742 credide-

2003 1796 2119 1834 ram
2148 1779 2451 1848 aliquibus,
2486 1780 2683 1849 quibus
2725 1779 2989 1848 obtigerat
3022 1779 3193 1833 rectio
3221 1778 3478 1842 civitatis,
3518 1788 3573 1831 et

1999 1887 2186 1927 eorum
2244 1872 2424 1927 verbis
2473 1872 2648 1926 solum
2700 1886 2876 1925 esst-nt
2933 1872 3203 1937 indm-tus,
3252 1871 3565 1932 nontmllos,

1997 1981 2118 2021 cum
2154 1966 2373 2020 minime
2422 1973 2718 2034 oporteret,
2772 1981 2912 2034 smpe
2970 1963 3240 2018 affecerint
3297 1963 3566 2020 molestia.

1998 2057 2116 2126 Quo
2148 2057 2345 2111 factum
2384 2067 2485 2123 ρει,
2515 2068 2572 2111 ιιι
2626 2073 2731 2111 non
2783 2073 3077 2127 paucorum
3127 2071 3210 2110 me
3260 2058 3323 2111 de
3372 2066 3572 2110 (ποιοῖο

1947 2168 1950 2171 λ
1998 2151 2224 2205 Subierit
2257 2149 2973 2219 pmnitentia.Quamobrem
3008 2166 3129 2203 cum
3149 2150 3313 2203 semel
3338 2148 3490 2202 etbis
3516 2158 3573 2201 et

1998 2260 2139 2311 saepe
2173 2243 2485 2297 incidissem
2519 2243 2571 2296 in
2610 2243 2858 2296 fraudem
2891 2258 3075 2296 eorum
3098 2282 3111 2306 ,
3145 2242 3236 2311 qui
3274 2242 3564 2294 criminan-

2000 2349 2104 2402 tur,
2135 2337 2199 2391 de
2229 2348 2425 2391 caetero
2461 2337 2600 2407 apud
2634 2350 2716 2389 me
2744 2335 3021 2396 constitui,
3070 2351 3175 2388 non
3208 2333 3438 2402 amplius
3469 2331 3537 2384 ali

1996 2430 2122 2500 quid
2156 2428 2506 2499 pronuntiare
2536 2429 2588 2481 itt
2623 2428 2878 2495 aliquem,
2911 2427 3222 2495 prinSqnam
3270 2425 3559 2478 audiissent

2717 2532 2768 2574 et
2822 2521 2889 2575 iis
2926 2520 3017 2589 qui
3054 2519 3196 2572 facta
3232 2517 3297 2572 ad
3339 2513 3423 2571 me
3473 2519 3567 2569 dc-

1999 2615 2270 2675 l‘vrebant,
2308 2630 2426 2668 sum
2464 2614 2721 2674 minatus,
2766 2612 2906 2681 quod
2954 2613 2998 2666 si
3044 2612 3293 2678 deinceps
3345 2609 3570 2663 fuissent

1994 2704 2314 2770 deprehensi
2344 2704 2531 2757 inanes
2567 2702 2772 2770 aliquas
2814 2718 2983 2771 nugas
3025 2702 3088 2753 ad
3120 2718 3265 2755 tuens
3290 2716 3447 2753 aures
3473 2699 3566 2749 dc-

1998 2795 2138 2849 l'erre
2164 2810 2259 2860 per
2296 2794 2642 2857 calumniam,
2680 2794 2894 2847 easdem
2929 2790 3102 2845 daturi
3136 2800 3317 2845 essent
3353 2805 3563 2860 ptenas,

1995 2903 2131 2957 quas
2182 2889 2378 2955 quiest
2433 2900 2619 2940 revera
2672 2886 3054 2941 calumniator.
3102 2885 3185 2937 Ab
3239 2883 3331 2937 illo
3386 2884 3568 2951 itaque

1999 2991 2236 3048 tempore
2268 2978 2448 3033 excisa
2480 2978 2579 3032 fuit
2602 2977 2780 3032 omnis
2804 2977 3068 3031 calumnia
3091 2963 3564 3046 sycophantarum.

321 3054 396 3124 μὴ
420 3054 606 3118 ἁπλῶς
638 3055 779 3109 οὔτω
828 3057 920 3111 καὶ
949 3057 1369 3125 εύπαραδέκτως
1415 3059 1550 3128 πρὸς
1588 3059 1686 3119 τὰς
1709 3048 1888 3111 διαϐοέ

1998 3070 2354 3138 Quamobrem
2390 3081 2535 3124 tuam
2571 3085 2786 3140 quoque
2821 3061 2952 3139 rogo
2988 3067 3464 3137 Magnificentiam,
3500 3083 3566 3119 ne

318 3148 416 3212 Λάς
443 3146 587 3217 ἔχειν
630 3147 738 3200 τῶν
772 3142 1240 3211 ἐθὲλοκακούντων
1271 3150 1501 3219 ἀνδρῶν,
1552 3151 1687 3203 ἀλλὰ
1722 3151 1887 3221 πολλῇ

319 3243 584 3311 πρότερον
624 3242 949 3296 ὑποϐάλλειν
997 3242 1218 3314 ἐρεύνῃ.
1245 3243 1379 3297 Οὐδὲ
1426 3243 1533 3314 γὰρ
1577 3244 1645 3296 τὰ
1696 3246 1891 3314 μέτρια

318 3331 570 3385 ἐντεῦθεν
598 3332 745 3405 κακὰ
769 3333 1067 3395 τίκτονται,
1120 3333 1259 3386 ἀλλὰ
1309 3334 1403 3387 καὶ
1442 3333 1759 3404 δημεύσεις,
1796 3334 1889 3386 καὶ

322 3423 606 3491 μάστιγες,
660 3422 756 3475 καὶ
819 3423 967 3489 φόνοι
1023 3422 1282 3487 πολλάκις
1343 3425 1610 3486 ἀναίτιοι,
1674 3425 1889 3487 πολλοῖς

316 3512 882 3582 ὶπικαταψευσθέντες
914 3512 1147 3582 ἐπῆλθον
1179 3528 1194 3543 ⁸
1228 3518 1323 3566 καὶ
1361 3515 1545 3584 σχεδὸν
1587 3516 1615 3568 6
1665 3516 1889 3585 σύμπας

318 3604 425 3659 ὑπὸ
449 3604 558 3658 τῶν
586 3604 841 3658 τοιούτων
869 3606 1270 3676 ἀνατέτραπται
1302 3606 1435 3677 βίος.
1478 3607 1693 3671 Ταύτας
1720 3608 1794 3672 ὡς
1823 3611 1887 3663 ἐκ

316 3697 454 3750 θεοῦ
482 3696 581 3760 τάς
623 3697 972 3767 παραινέσεις
1007 3698 1341 3767 παραλαϐὼν
1370 3699 1399 3751 6
1443 3700 1750 3771 πατρίκιος,
1782 3719 1885 3771 φυ-

316 3789 534 3857 λάττειν
562 3789 930 3866 ἐπηγγείλατο
958 3792 1086 3862 ἄχρι
1117 3792 1323 3857 τέλους.

391 3966 517 4023 Κθ’.
573 3970 797 4041 Ἕτερον
848 3973 1204 4043 προστεθήτω
1255 3977 1369 4037 τοῖς
1397 3964 1741 4047 είρημένοις,
1792 3978 1887 4030 καὶ

280 4138 293 4143 _
315 4061 448 4114 αυτδ
469 4060 529 4113 τὸ
564 4063 739 4132 πρᾶον
780 4064 875 4116 καὶ
905 4064 1230 4128 ἀνεξίκακον
1256 4065 1349 4118 τοῦ
1401 4066 1597 4137 ἀνδρὸς
1652 4067 1886 4139 ἀρκούν-

312 4170 422 4213 τως
454 4146 854 4224 χαρακτηρίσαι
899 4155 1220 4226 δυνάμενον.
1281 4158 1524 4227 Ἀνεψιδς
1561 4154 1629 4230 ἦν
1682 4159 1759 4229 τῷ
1790 4176 1882 4229 με·

314 4243 467 4312 γάλῳ
494 4242 763 4314 Γεώργιος
786 4244 1023 4316 τοῦνομα
1040 4263 1053 4275 ·
1073 4241 1227 4310 οὗτος
1254 4247 1533 4317 ὑϐρισθεὶς
1560 4249 1709 4317 παρά
1740 4265 1884 4311 τινος

310 4340 422 4391 τῶν
450 4338 711 4407 καπήλων
763 4338 863 4407 τῆς
894 4338 1121 4403 πόλεως,
1165 4340 1399 4408 ἰσχυρῶς
1448 4356 1509 4392 τε
1557 4339 1756 4410 ἐδήχθη
1789 4340 1883 4393 καὶ

1997 3173 2103 3216 tam
2136 3162 2457 3231 simpliciter
2494 3171 2547 3217 et
2585 3171 2692 3216 tam
2728 3161 2887 3217 facile
2919 3161 3177 3232 admittas
3206 3160 3560 3229 malignorum

1996 3255 2270 3308 hominum
2311 3255 2633 3321 calumnias,
2674 3253 2768 3308 sed
2795 3268 2889 3308 eas
2923 3254 3074 3324 prius
3115 3252 3402 3321 diligenter
3434 3265 3565 3305 exa-

1997 3346 2188 3400 mines.
2211 3344 2395 3414 Neque
2414 3348 2556 3398 enim
2580 3344 2706 3398 hinc
2730 3345 2869 3399 mala
2898 3354 3193 3397 nascuntur
3226 3342 3516 3397 mediocria
3546 3359 3559 3394 :

1994 3438 2089 3493 sed
2128 3446 2182 3492 et
2206 3438 2467 3491 bonorum
2501 3434 2915 3505 publicationes,
2951 3445 3002 3487 et
3025 3434 3268 3497 verbera,
3308 3448 3360 3486 et
3391 3432 3564 3486 cmdcs

1993 3545 2133 3600 Smpe
2158 3544 2251 3599 per
2280 3528 2618 3581 mendacium
2654 3526 2807 3581 multi
2843 3527 3155 3579 innocentes
3183 3524 3485 3588 subierunt,
3510 3533 3565 3577 et

1993 3622 2061 3676 ab
2095 3621 2162 3675 iis
2197 3620 2443 3673 universa
2484 3618 2873 3687 propemodum
2905 3624 2988 3672 est
3019 3632 3209 3671 eversa
3246 3617 3351 3669 vita
3384 3615 3561 3669 homi-

1994 3728 2143 3767 num.
2176 3709 2285 3764 Has
2314 3708 2710 3764 admonitiones
2746 3722 2871 3760 cum
2906 3716 3158 3776 tanquant
3198 3722 3224 3758 a
3266 3706 3372 3759 Deo
3399 3718 3560 3757 acce-

1993 3805 2164 3873 pisset
2193 3799 2454 3872 patricius
2475 3841 2489 3865 ,
2515 3798 2786 3871 pollicitus
2819 3807 2902 3854 est
2941 3812 2999 3854 se
3031 3813 3123 3853 eas
3153 3810 3274 3853 esse
3304 3806 3563 3866 perpetuo

1992 3915 2065 3950 set
2084 3900 2353 3948 vatu'rum.

2059 3988 2252 4044 XXIX.
2296 3989 2452 4043 Aliud
2486 3990 2714 4042 addatur
2759 3987 2823 4041 iis
2865 4001 2984 4056 quae
3023 3985 3164 4039 dicta
3211 3994 3370 4048 sunt,
3421 3984 3563 4053 quol

1990 4080 2124 4133 Satis
2167 4089 2336 4149 potest
2379 4082 2683 4145 exprimere
2719 4076 2837 4145 ejus
2879 4074 3342 4145 manSuetudinem
3399 4080 3564 4140 atque

1990 4171 2322 4237 patienziam.
2352 4170 2529 4235 Magni
2552 4167 2776 4222 Joannis
2801 4165 3159 4221 censobrinus
3183 4175 3323 4230 erat,
3349 4164 3562 4217 nomine

1989 4262 2275 4332 Georgius.
2309 4261 2351 4316 it
2386 4261 2711 4314 contumelia
2745 4260 2974 4314 affectus
3000 4260 3067 4312 ab
3108 4259 3289 4326 aliquo
3319 4270 3562 4325 eaupone

1990 4356 2226 4409 civitatis
2275 4356 2621 4408 vehementer
2663 4352 2836 4406 fuerat
2880 4368 3128 4418 morsus,
3171 4361 3225 4404 et
3262 4351 3311 4403 id
3359 4348 3563 4402 ferebat

310 4429 676 4509 χαλεπώτατα
728 4430 949 4499 ἤνεγκε.
987 4428 1157 4482 Τοῦτο
1205 4431 1312 4500 γάρ
1345 4431 1518 4483 ἐποίει
1567 4432 1629 4485 τὸ
1658 4433 1794 4486 πολὺ
1823 4434 1883 4485 τὸ

1998 4448 2326 4518 gravissime.
2355 4446 2412 4499 ld
2452 4445 2597 4498 enim
2630 4443 2861 4498 faciebat
2888 4455 2941 4496 et
2981 4458 3235 4514 magnum
3273 4441 3413 4510 quod
3444 4448 3561 4492 crat

314 4521 519 4593 μεταξὺ
576 4522 940 4591 ἀμφοτέρων,
988 4522 1023 4593 ἦ
1051 4539 1111 4576 τε
1148 4522 1286 4591 πρὸς
1336 4522 1430 4576 τὸν
1486 4523 1664 4591 μέγαν
1713 4525 1881 4578 αὑτοῦ

311 4612 621 4684 ἀγχιστεία,
643 4614 740 4666 καὶ
764 4615 823 4665 τὸ
851 4614 993 4667 πάνυ
1024 4614 1118 4667 τοῦ
1159 4614 1482 4685 ὑϐρίσαντος
1513 4615 1883 4688 ὲξουδενωμέ-

309 4726 421 4762 νον.
480 4708 852 4778 Προσέρχεται
909 4705 1089 4758 τοίνυν
1136 4707 1450 4775 καταμόνας
1498 4708 1577 4779 τῷ
1624 4710 1880 4782 μακαρίῳ

305 4803 569 4871 δάκρυσιν
593 4803 621 4854 6
649 4800 766 4864 νέος
816 4800 909 4853 καὶ
937 4801 1131 4869 συνοχῇ
1162 4800 1395 4869 καρδίας
1427 4801 1525 4872 τὴν
1553 4800 1711 4872 ὓϐριν
1748 4805 1881 4858 ἀνα-

305 4893 645 4962 κλαιόμενος.
672 4893 739 4947 '0
763 4891 820 4943 δὲ
842 4890 1015 4955 οὕτως
1047 4890 1169 4945 ἰδὼν
1199 4891 1498 4962 ἡττηθέντα
1527 4893 1621 4946 τοῦ
1649 4894 1877 4962 πάθους,

304 4987 558 5057 καταψᾷν
587 4987 747 5039 αὑτὸν
769 4985 956 5056 ὥσπερ
979 4984 1075 5039 καὶ
1088 4985 1496 5055 ἀναλαμϐάνειν
1528 4984 1876 5057 βουλόμενος,

303 5081 422 5144 καὶ,
446 5078 648 5141 Ὄλως,
675 5078 860 5148 φησὶν,
888 5078 1153 5148 ἐτόλμησε
1182 5079 1322 5132 κατὰ
1346 5077 1441 5131 σού
1471 5079 1643 5150 στόμα
1672 5081 1875 5150 διᾶραι,

302 5172 439 5234 ὅλως
469 5169 798 5241 καθυϐρίσαι
843 5187 930 5234 τις
954 5170 1046 5224 τδν
1075 5171 1209 5241 ὲμὸν
1234 5170 1486 5238 φίλτατον
1515 5189 1530 5236 ;
1569 5172 1876 5243 Εὐλογητὸς

302 5264 533 5335 Κύριοςο
570 5265 806 5335 πρᾶγμα
836 5264 924 5317 ἐπ’
956 5264 1105 5334 αὑτῷ
1134 5266 1364 5335 ποιήσω,
1394 5264 1541 5319 ὥστε
1574 5268 1755 5320 πᾶσαν
1790 5268 1880 5320 ὲκ-

302 5355 578 5425 πλαγῆναι
632 5352 730 5424 τὴν
767 5356 1195 5427 Ἀλεξάνδρειαν.
1239 5358 1327 5421 Ὠς
1373 5358 1429 5412 δὲ
1476 5354 1624 5412 εἶδεν
1677 5360 1771 5412 ἐπὶ
1797 5359 1876 5429 τῷ

298 5447 447 5517 λόγῳ
474 5447 646 5519 βραχύ
676 5466 725 5501 τι
760 5449 1017 5503 ἀνεθέντα
1043 5449 1144 5519 τῆς
1164 5449 1423 5520 ἀθυμίας,
1447 5451 1671 5517 Τέκνον,
1700 5448 1876 5519 εἶπεν,

300 5542 427 5610 ἐμοὶ
454 5541 856 5609 ποθεινότατον,
889 5544 936 5596 εί
964 5545 1083 5604 ταῖς
1111 5541 1393 5613 ἀληθείαις
1446 5544 1627 5613 βούλει
1656 5545 1876 5615 ἀνεψιός

297 5634 399 5702 τῆς
435 5632 576 5704 ἐμῆς
635 5635 982 5704 μετριότητος
1040 5631 1181 5688 εἷναί
1241 5653 1299 5688 τε
1354 5636 1871 5715 καὶοόνομάςεσθαε,

297 5726 725 5796 παρασκεύασον
751 5729 991 5796 σεαυτὸν,
1023 5729 1079 5781 ού
1112 5728 1243 5802 πρὸς
1278 5729 1433 5801 ὕϐριν
1468 5730 1645 5799 μόνον,
1679 5732 1792 5783 ἀλλ’
1826 5734 1871 5783 εξ

1993 4542 2136 4593 inter
2165 4554 2256 4593 eas
2284 4538 2596 4603 discrimen,
2631 4551 2819 4606 nempe
2846 4548 2900 4590 et
2936 4537 3052 4606 ejus
3078 4550 3198 4589 cum
3232 4534 3421 4603 Magno
3444 4530 3561 4584 affl-

1992 4630 2154 4691 nitas,
2178 4636 2231 4682 et
2264 4627 2440 4681 nimia:
2474 4627 2668 4680 sordes
2695 4636 2748 4679 et
2781 4627 3058 4680 humilitas
3087 4626 3202 4696 ejus
3230 4629 3319 4694 qtti
3359 4625 3561 4678 fecerat

1992 4719 2266 4788 iniuriam.
2292 4718 2516 4772 Accedit
2536 4734 2665 4786 ergo
2688 4732 2930 4771 seorsum
2957 4718 3022 4769 ad
3058 4716 3270 4771 beatum
3293 4716 3554 4771 Joannem

1989 4811 2323 4873 adolescens,
2357 4824 2476 4863 cum
2506 4808 2780 4879 factymis,
2806 4816 2860 4862 et
2891 4808 3072 4861 dolore
3102 4808 3280 4861 cordis
3305 4823 3411 4876 quo
3432 4820 3559 4876 age-

1989 4901 2175 4967 Latur,
2208 4898 2494 4967 deplorans
2533 4897 2809 4967 injuriant.
2867 4897 3000 4951 Cum
3055 4898 3132 4952 sic
3174 4914 3297 4951 cum
3339 4899 3561 4952 vidisset

1991 4992 2192 5047 victum
2238 4991 2305 5045 ab
2337 4990 2506 5044 animi
2553 4990 2959 5059 perturbatione
2988 4989 3323 5059 patriarcha,
3374 4989 3561 5042 volens

1986 5102 2110 5141 eum
2142 5085 2449 5140 denmlcere
2491 5093 2546 5138 et
2583 5083 2745 5138 veluti
2780 5097 3057 5147 recreare,
3099 5092 3155 5137 et
3190 5101 3204 5137 :
3237 5083 3415 5139 Ausus
3453 5092 3557 5141 est.

1987 5177 2191 5244 inquit,
2216 5175 2440 5228 omnino
2474 5188 2536 5229 os
2582 5173 2844 5227 adversus
2880 5180 2931 5226 te
2970 5172 3211 5240 aperire,
3240 5182 3293 5228 et
3335 5171 3556 5226 omnino

1985 5264 2308 5322 centumelia
2339 5263 2555 5319 afficere
2585 5262 2781 5332 aliquis
2804 5279 2946 5328 eum,
2978 5263 3067 5332 qui
3094 5274 3176 5317 est
3197 5263 3325 5317 mihi
3347 5261 3555 5319 charis-

1986 5356 2191 5413 simus?
2222 5355 2542 5410 Benedictus
2570 5355 2850 5420 Dominus,
2878 5369 2989 5408 rem
3022 5355 3074 5409 in
3108 5355 3220 5425 ipso
3248 5356 3465 5418 faciam,
3500 5364 3556 5406 ut

1988 5450 2288 5505 admiretur
2315 5449 2493 5502 omnis
2516 5448 2862 5505 Alexandria.
2892 5448 3181 5515 Postquam
3207 5457 3389 5499 autem
3421 5444 3555 5499 vidit

1984 5559 2105 5597 eum
2140 5549 2357 5610 propter
2385 5539 2461 5604 id,
2495 5540 2638 5609 quod
2670 5538 2911 5603 dixerat,
2965 5539 3235 5609 paululum
3274 5538 3550 5591 remisisse

1984 5638 2047 5688 de
2068 5634 2232 5689 animi
2259 5634 2607 5701 mgritudiuc:
2634 5633 2755 5700 Fili,
2777 5632 2970 5702 inquit,
2996 5629 3549 5698 tttihijucundissimc.

1986 5732 2028 5786 si
2068 5741 2250 5783 rcvcra
2284 5729 2363 5781 vis
2406 5744 2534 5783 nica:
2565 5727 2845 5798 partit-alis
2877 5742 2996 5782 csse
3031 5734 3081 5779 et
3124 5721 3386 5777 nominari
3422 5736 3553 5777 con-
