3832 6520
261 370 371 434 923

1432 361 1716 424 MENSIS
1768 363 2229 430 JANUARIUS.

3416 370 3536 439 92L

254 485 545 550 sobrinus,
576 494 708 549 para
742 488 792 535 te
833 476 1011 548 ipsum
1044 490 1148 530 non
1191 475 1364 531 solum
1410 480 1673 531 adversbs
1704 491 1840 531 con-

1966 479 2026 532 ἱεῖ
2056 496 2107 532 τι
2138 478 2233 533 καὶ
2264 478 2428 533 πλέον
2456 478 2658 547 εἰπεῖν,
2717 479 2812 535 καὶ
2842 478 2981 551 πρὸς
3034 481 3206 548 αὑτὰς
3238 481 3537 553 μάστιγας.

258 574 528 638 tumelias,
549 570 642 628 sed
664 570 851 633 etiam,
871 568 914 625 si
944 567 1014 622 sit
1041 565 1270 635 amplius
1297 565 1503 636 aliquid
1533 566 1841 634 dicendum,

256 667 421 719 etiam
452 663 710 718 adversus
742 661 857 729 ipsa
883 658 1068 729 flagra.
1103 655 1239 711 Vera
1271 656 1414 711 enim
1448 657 1706 712 nobilitas
1733 674 1838 712 non

256 765 322 804 ex
352 751 613 821 sanguine
642 757 696 802 ct
722 761 916 813 carne,
955 745 1049 801 scd
1090 760 1157 800 ex
1190 745 1390 801 virtute
1421 746 1619 800 animae
1645 748 1845 818 accipit

256 843 487 896 formam
514 851 566 896 ct
591 842 991 896 characterem.
1022 837 1217 893 Statim
1247 854 1377 908 ergo
1400 839 1669 895 accersito
1693 837 1846 909 prin-

256 935 377 1005 cipe
393 949 717 1003 cauponam,
736 933 784 987 ei
804 931 1155 996 denuntiavit,
1173 945 1239 986 ne
1256 942 1570 988 consuetum
1591 931 1848 1001 deinceps

256 1025 483 1091 vectigal
503 1025 769 1094 acciperet
783 1022 849 1076 ab
868 1038 952 1088 eo,
974 1024 1061 1091 qui
1079 1037 1235 1076 suum
1258 1008 1640 1078 consobrinum
1657 1021 1844 1079 aﬂ‘ece-

258 1128 343 1170 rat
366 1115 710 1180 contumelia,
743 1123 833 1168 aut
862 1113 1060 1182 aliquid
1093 1129 1155 1166 ex
1183 1112 1406 1183 iis,quaa
1429 1114 1493 1165 ab
1521 1128 1585 1169 eo
1612 1115 1675 1168 de
1701 1130 1849 1171 more

259 1211 530 1265 dabantur
592 1207 871 1273 Ecclesiae.
908 1207 1135 1276 Propter
1186 1222 1303 1276 quae
1350 1206 1605 1261 admirati
1644 1207 1850 1261 incom-

262 1301 554 1371 parabilem
577 1300 717 1354 illius
755 1299 1091 1369 patientiam,
1126 1300 1508 1355 intellexerunt
1529 1314 1720 1375 omnes
1749 1299 1848 1353 hoc

259 1409 379 1449 esse
396 1393 741 1463 supplicium,
763 1393 902 1461 quod
924 1401 1040 1447 erat
1063 1391 1321 1446 miratnra
1366 1400 1476 1446 tota
1495 1390 1845 1449 Alexandria.

284 1554 289 1558 δ
331 1486 502 1542 XXX.
545 1485 653 1541 Sed
684 1485 823 1541 forte
847 1484 898 1538 in
924 1486 989 1540 iis
1020 1485 1262 1555 quidem,
1290 1483 1382 1553 qui
1411 1483 1478 1537 ad
1512 1484 1688 1554 ipsum
1717 1497 1839 1552 per-

263 1580 538 1646 tinebant,
585 1587 693 1631 tam
734 1576 1023 1647 diligenter
1055 1576 1314 1641 cavebat,
1351 1591 1417 1629 ne
1460 1589 1667 1630 memor
1695 1583 1844 1630 esset

262 1679 501 1737 acceptae
545 1668 800 1738 injurias,
846 1666 980 1721 alios
1018 1677 1196 1722 autem
1243 1665 1548 1736 negligebat
1590 1666 1644 1720 in
1686 1666 1847 1720 rebus

1950 573 1983 640 ή
2033 571 2142 642 γὰρ
2186 570 2395 643 ἀληθὴς
2422 571 2692 641 εὐγένεια,
2716 572 2817 626 οὐκ
2845 571 2905 637 ἐξ
2930 572 3163 644 αἵματος
3186 575 3283 629 καὶ
3309 575 3538 645 σαρκὸς,

1951 664 2069 718 ἀλλ’
2098 664 2157 730 ἐξ
2187 663 2389 736 ἀρετῆς
2407 663 2586 736 ψυχῆς
2615 660 2723 718 οἶδε
2756 665 3286 737 χαρακτηρίζεσθαι.
3332 663 3407 721 Τὸ
3435 668 3540 721 τά-

1950 772 2044 824 χος
2075 750 2168 809 οὖν
2196 755 2287 808 τὸν
2310 752 2417 808 τῶν
2445 755 2706 826 καπήλων
2736 754 3036 829 ὲξάρχοντα
3083 755 3544 828 μετακαλεσάμε-

1954 863 2065 911 νος,
2099 845 2444 917 παραγγελία
2498 845 2839 917 παρήγγειλε
2888 844 3164 916 μηδέποτε
3212 847 3310 901 τοῦ
3340 847 3539 901 λοιποῦ

1950 937 2104 1009 παρὰ
2122 937 2216 990 τοῦ
2246 936 2594 1011 ἐξυϐρικότος
2631 937 2715 1001 είς
2745 938 2838 992 τὸν
2862 937 3085 1008 ἀνεψιὸν
3107 939 3169 992 τὸ
3191 938 3422 1010 σύνηθες
3450 941 3544 993 τέο

1950 1028 2041 1093 λος
2072 1028 2282 1094 λαϐεῖν,
2310 1028 2344 1098 ή
2374 1028 2503 1082 ἄλλο
2533 1046 2588 1082 τι
2615 1028 2726 1083 τῶν
2772 1030 2916 1083 κατὰ
2967 1029 3260 1100 συνήθειαν
3290 1033 3377 1101 ’τῇ
3416 1032 3545 1085 Ἐκο

1952 1120 2151 1192 κλησίᾳ
2185 1122 2316 1191 παρ’
2343 1120 2508 1175 αὑτοῦ
2543 1120 2860 1190 διδομένων.
2892 1121 3007 1188 Ἐφ’
3038 1115 3120 1184 οἷς
3152 1122 3543 1190 ἐκπλαγέντες

1950 1212 2011 1292 τὸ
2034 1212 2422 1283 ἁπαράκλητον
2445 1211 2548 1281 τῆς
2568 1212 2662 1265 τοῦ
2689 1212 2879 1282 ἀνδρὺς
2901 1211 3545 1281 ἀνεξικακίας,συνῆκαν

1951 1305 2192 1369 ἅπαντες
2255 1304 2463 1374 ταύτην
2508 1300 2649 1358 εἶναι
2722 1306 2821 1375 τὴν
2862 1305 3156 1374 τιμωρίαν,
3207 1304 3275 1374 ἣν
3325 1306 3541 1375 πᾶσαή

1964 1392 2345 1466 ’Δλεξάνδρεια
2384 1393 2832 1465 ὲκπλαγήσεσθαι
2866 1394 3116 1466 ἔμελλεν.

2022 1486 2103 1540 Λ’.
2130 1480 2257 1556 'Ap'
2285 1480 2379 1539 οὖν
2401 1484 2469 1539 τὰ
2500 1485 2601 1556 μὲν
2648 1487 2785 1558 πρὸς
2815 1486 2978 1542 αὑτὸν
3009 1487 3153 1542 οὕτω
3184 1488 3544 1560 πεφυλαγμέο

1952 1594 2043 1640 νος
2070 1572 2138 1647 ἦν
2167 1561 2247 1639 είς
2270 1577 2662 1647 μνησικακίαν,
2691 1578 2887 1649 ἠμέλει
2911 1578 2968 1634 δὲ
2989 1579 3098 1634 τῶν
3135 1579 3312 1635 ἄλλων
3338 1582 3397 1634 ἐν
3424 1584 3543 1644 τοῖς

1951 1665 2256 1733 τοιούτοις;
2291 1667 2579 1739 Οὐδαμῶς.
2639 1667 2776 1724 Ttth
2806 1671 2915 1741 γὰρ
2943 1670 3050 1724 τῶν
3079 1671 3367 1736 διακόνων,
3425 1675 3543 1726 Δα-

264 1759 595 1826 Iiujnsmodi.
659 1758 1046 1827 Nequaquam.
1116 1757 1252 1812 Cum
1322 1756 1467 1811 enim
1540 1756 1851 1812 rescivisset

1966 1759 2145 1829 μιανὸν
2163 1758 2424 1831 τοῦνομα,
2461 1765 2819 1832 μνησικακεῖν
2845 1762 2922 1834 τῷ
2948 1763 3178 1834 πλησίον
3208 1765 3308 1819 ἀνα
3319 1765 3540 1835 μαθὼν,

264 1851 554 1921 quemdam
602 1865 669 1908 ex
721 1849 997 1914 diaconis,
1050 1848 1269 1904 nomine
1319 1848 1672 1915 Damianum,
1724 1850 1847 1903 odio

1966 1852 2026 1922 ῖῷ
2055 1852 2416 1925 ἀρχιδιακόνῳ
2452 1855 2823 1926 παρήγγειλεν
2872 1855 3019 1910 κατὰ
3043 1858 3135 1911 τὸν
3180 1858 3373 1927 καιρὸν
3431 1859 3531 1926 τῆς

263 1941 466 1999 habere
511 1943 907 2013 propinquum,
951 1950 1012 1997 ut
1052 1943 1142 2011 qui
1188 1942 1568 2000 recordaretur
1607 1950 1846 2011 acceptae

1966 1943 2056 1997 τῶν
2087 1946 2400 2017 μυστηρίων
2448 1946 2827 2018 μεταλήψεως,
2861 1947 3018 2016 δῆλον
3046 1948 3196 2021 αὐτῷ
3227 1949 3416 2004 θέσθαι
3443 1951 3539 2003 τὸν

270 2033 523 2103 injuria,
565 2034 906 2088 denuntiavit
946 2033 1369 2099 arcliidiacono,
1411 2042 1469 2087 ut
1512 2033 1566 2087 in
1601 2041 1850 2102 tempore

1966 2036 2421 2105 μνησικακοῦντα.
2457 2037 2613 2091 Ἐπεὶ
2651 2033 2745 2092 οὖν
2773 2038 2937 2105 ἔγνω,
2960 2028 3263 2111 λαϐόμενος
3293 2041 3391 2109 τῆς
3424 2057 3544 2110 χειρ

263 2123 699 2192 participationis
736 2121 1215 2177 Sacratnentorum
1260 2124 1309 2177 ei
1347 2122 1659 2178 ostenderet
1700 2136 1849 2190 eum,

1966 2123 2069 2195 ρδς,
2099 2123 2342 2193 "Ta-ave,
2399 2124 2548 2195 αὑτῷ
2579 2125 2818 2197 πρῶτον,
2850 2126 2979 2198 ἔφη,
3008 2127 3088 2200 τῷ
3141 2127 3358 2200 ἀδελφῷ
3395 2129 3546 2183 κατὰ

267 2215 358 2284 qui
410 2230 616 2269 memor
667 2224 784 2269 erat
832 2215 1066 2283 injurite.
1115 2213 1251 2270 Cum
1305 2229 1438 2286 ergo
1483 2216 1852 2285 cognovisset,

265 2321 389 2360 cum
426 2321 588 2360 manu
620 2304 892 2376 accipiens
925 2320 940 2358 :
978 2302 1160 2371 Vade,
1191 2303 1324 2360 dicit
1351 2305 1422 2372 ei,
1462 2312 1515 2359 et
1548 2303 1703 2358 I'ratri
1743 2302 1858 2373 pri-

268 2411 413 2451 mum
441 2395 817 2461 reconciliare,
840 2406 899 2450 ut
920 2396 1032 2451 vult
1056 2402 1404 2466 praeceptum,
1432 2404 1487 2450 et
1512 2404 1642 2450 tunc
1672 2409 1860 2451 sumes

270 2496 614 2543 sacramenta
669 2487 904 2554 Christi,
947 2487 1039 2559 qui
1085 2503 1190 2541 non
1244 2495 1327 2541 est
1370 2501 1579 2541 memor
1624 2492 1860 2555 acceptae

270 2579 502 2647 injuriae.
535 2578 626 2633 Ille
651 2589 830 2632 autem
853 2579 1057 2648 pudore
1077 2578 1324 2641 allectus,
1355 2576 1715 2648 prmsentibus
1737 2590 1859 2629 0m-

278 2671 437 2726 nibus
472 2672 719 2741 promisit
750 2686 810 2727 se
848 2672 949 2726 l:oc
979 2686 1101 2727 esse
1132 2671 1406 2728 facturum
1430 2711 1447 2736 ,
1481 2679 1538 2724 et
1572 2678 1701 2724 tune
1733 2683 1857 2722 eum

275 2764 519 2833 impertit
562 2765 937 2819 sanetiticzitis.
981 2764 1245 2833 Deinceps
1291 2778 1421 2831 ergo
1466 2762 1665 2818 invasit
1696 2759 1859 2815 timor

274 2874 378 2913 non
428 2856 602 2911 solum
652 2856 901 2922 clericos,
928 2854 1022 2912 sed
1072 2856 1236 2911 etiam
1273 2854 1460 2918 laicos,
1485 2863 1541 2908 et
1580 2852 1859 2908 cavebant

274 2965 344 3004 ne
376 2951 538 3005 ullum
574 2950 709 3006 odio
741 2950 1038 3014 baberent,
1070 2956 1126 3003 et
1156 2955 1339 3002 essent
1376 2954 1613 3014 acceptae
1644 2942 1856 3014 injuria:

277 3057 549 3096 memores
570 3082 585 3108 ,
623 3042 877 3098 timentes
916 3058 982 3097 ne
1027 3041 1214 3096 multis
1247 3038 1607 3109 praesentibus
1641 3037 1721 3092 sic
1753 3050 1854 3104 pu-

1954 2215 2051 2285 τὴν
2072 2214 2293 2287 ἐντολὴν
2328 2215 2739 2287 καταλλάγηθι,
2767 2218 2862 2271 καὶ
2884 2220 3006 2273 τότε
3035 2219 3146 2272 τῶν
3171 2218 3264 2272 τοῦ
3298 2220 3546 2289 ἀμνησι·

1962 2305 2133 2359 κάκου
2163 2306 2477 2377 μυστηρίων
2513 2307 2795 2379 μεταλήψῃ
2824 2307 3087 2379 Χριστοῦ.
3135 2309 3195 2363 Ὀ
3223 2309 3282 2364 δὲ
3315 2310 3546 2380 αἰσχυν-

1960 2394 2073 2457 θείς
2102 2393 2197 2447 ἐπὶ
2235 2393 2472 2461 πάντων,
2533 2394 2694 2453 τοῦτο
2724 2397 2968 2467 ποιήσειν
3022 2397 3408 2467 ἐπηγγείλατο,
3442 2398 3545 2463 καὶ

1959 2485 2083 2539 τότε
2111 2484 2219 2540 τῶν
2249 2485 2610 2556 ἀγιασμάτων
2657 2488 2805 2559 αὒτῷ
2830 2489 3210 2559 μεταδίδωσι,
3243 2489 3412 2553 Φόϐος
3446 2486 3545 2544 οὖν

1963 2576 2027 2632 τὸ
2055 2577 2164 2631 ἀπὸ
2188 2578 2365 2643 τοῦδε,
2397 2578 2457 2632 οὗ
2483 2580 2609 2651 τοὺς
2636 2581 2730 2635 τοῦ
2786 2582 2990 2653 κλήρου
3046 2583 3229 2653 μόνον,
3270 2584 3408 2637 ἀλλὰ
3449 2586 3547 2637 καὶ

1959 2670 2087 2733 τοὺς
2119 2668 2341 2734 λαῐκοὺς
2365 2671 2773 2743 κατελάμϐανε’
2808 2675 2902 2728 καὶ
2931 2675 2993 2728 τὸ
3014 2680 3377 2747 μνησικακεῖν
3405 2679 3546 2747 ἐφυ-

1958 2762 2236 2826 λάττοντο,
2266 2762 2496 2828 δεδιότες
2530 2765 2607 2836 μή
2629 2763 2801 2828 οὕτως
2833 2766 2925 2819 ἐπὶ
2952 2766 3162 2820 πολλῶν
3194 2768 3302 2821 τῶν
3335 2767 3544 2839 παρόν-

1964 2872 2072 2909 των
2097 2855 2197 2925 τὴν
2224 2856 2490 2926 αἰσχύνην
2541 2857 2861 2927 ὀφλήσαιεν.
2898 2857 3040 2912 Ἀλλ’
3062 2857 3206 2913 οὕτω
3254 2860 3355 2930 μὲν
3380 2862 3545 2931 ἀκρι-

1962 2945 2114 3011 ϐείας
2145 2946 2282 3017 βίον,
2312 2947 2448 3019 πρὸς
2479 2946 2670 3002 ἐαυτόν
2697 2967 2756 3003 τε
2781 2944 2915 3021 εἶχε,
2939 2951 3034 3005 καὶ
3058 2952 3183 3017 τοὺς
3213 2953 3305 3006 ὑπ’
3330 2953 3549 3011 ἐκείνου

1962 3036 2441 3107 ποιμαινομένους.

274 3138 405 3191 dore
449 3135 817 3192 afﬁcerentur.
859 3135 966 3190 Sed
1013 3142 1123 3188 tam
1175 3125 1427 3188 accurata
1488 3129 1744 3201 quidem,
1789 3136 1845 3185 et
1889 3140 2077 3185 exacta
2109 3131 2212 3186 fuit
2271 3130 2392 3204 ejus
2441 3131 2575 3201 vita,
2627 3143 2735 3190 tam
2775 3136 2921 3207 quod
2949 3137 3013 3191 ad
3047 3136 3220 3206 ipsum
3257 3138 3541 3201 attinebat

275 3241 435 3294 quam
472 3226 613 3293 quod
641 3225 707 3277 ad
748 3236 840 3278 eos
861 3264 876 3286 ,
910 3224 1003 3294 qui
1031 3223 1098 3278 ab
1127 3223 1221 3278 illo
1251 3224 1615 3294 pascebantur
1639 3262 1657 3279 .

1770 3342 2001 3402 CAPUT
2053 3343 2141 3400 Vl.

1270 3466 1568 3538 Disciplina
1593 3466 1906 3539 domestica,
1950 3469 2161 3541 ratioqu
2177 3485 2205 3523 ε
2234 3468 2357 3525 vita:
2383 3469 2634 3526 exterior.

349 3589 541 3646 XXXI.
605 3589 811 3646 Prmter
865 3590 971 3647 alia
1016 3598 1195 3647 autem
1247 3592 1426 3660 bona,
1476 3592 1532 3648 in
1578 3608 1853 3649 sacrarum

2031 3594 2159 3648 ΛΜ.
2196 3592 2338 3664 Πρὸς
2358 3594 2471 3656 τοῖς
2502 3590 2687 3655 ἄλλοις
2710 3591 2768 3646 δὲ
2800 3589 3024 3662 ἀγαθοῖς
3049 3590 3148 3646 καὶ
3173 3592 3208 3663 ή
3232 3591 3344 3646 τῶν
3375 3589 3549 3662 ἁγίων

276 3697 492 3755 quoque
515 3680 920 3752 Scripturarum
941 3684 1252 3751 cognitione
1271 3699 1490 3740 summe
1517 3686 1853 3741 laboraverat

1966 3683 2197 3759 Γραφῶν
2220 3684 2422 3755 γνῶσις
2442 3685 2523 3748 είς
2551 3683 2720 3756 ἄκρον
2747 3683 2897 3756 αὐτῷ
2925 3685 3218 3753 πεπόνητο,
3258 3686 3354 3738 καὶ
3383 3682 3543 3755 μελέη

277 3783 334 3828 et
377 3774 669 3842 plurimum
711 3782 796 3831 est
844 3775 1168 3842 meditatus,
1212 3791 1316 3831 non
1364 3777 1483 3832 sine
1510 3775 1782 3846 voluptate
1809 3785 1853 3830 et

1966 3796 2111 3850 τημα
2164 3772 2233 3849 ἦν
2262 3776 2620 3847 χαριέστατον
2658 3793 2718 3831 τε
2752 3775 2848 3831 καὶ
2894 3771 3389 3844 περισπούδαστον.·
3430 3770 3540 3834 Ἦν

278 3865 457 3920 studio
508 3868 799 3922 acerrimo.
848 3866 1073 3923 Licebat
1115 3882 1245 3938 ergo
1297 3868 1483 3923 videre
1529 3867 1770 3938 quotidie
1808 3868 1853 3922 in

1966 3868 2056 3924 οὖν
2110 3868 2238 3923 ἰδεῖν
2274 3858 2514 3940 ἑκάστης
2547 3868 2762 3941 ἡμέρας
2796 3868 2854 3921 ὲν
2881 3871 2948 3939 τῇ
2996 3868 3137 3922 κατὰ
3168 3868 3228 3921 τὸ
3277 3868 3540 3938 σέκρετον

280 3959 666 4028 congressione
706 3975 827 4030 quae
862 3960 1026 4014 ﬁebat
1056 3960 1108 4015 in
1141 3969 1388 4024 secreto,
1430 3974 1555 4015 eum
1592 3959 1726 4015 nihil
1751 3958 1853 4015 fere

1966 3960 2270 4016 συνελεύσει
2297 3962 2462 4033 μηδὲν
2489 3960 2619 4015 ἄλλο
2649 3960 2832 4032 σχεδὸν
2854 3958 3274 4030 διαλαλοὺμενον
3296 3960 3329 4031 ἦ
3352 3958 3548 4030 ζητού-

278 4052 423 4107 aliud
455 4052 760 4123 loquentem
795 4062 886 4107 aut
923 4062 1284 4123 quaerentem,
1321 4068 1480 4122 quam
1516 4052 1853 4108 narrationes

1966 4070 2144 4124 μενον,
2175 4053 2208 4124 ἢ
2235 4053 2552 4125 διηγήματα
2585 4053 2849 4124 Πατέρων
2872 4052 2982 4107 τῶν
3015 4052 3211 4107 πολλοῦ
3240 4069 3302 4122 γε
3329 4052 3538 4123 ὀνόμας-

282 4145 534 4209 Patrum,
581 4144 671 4213 qui
717 4153 873 4198 erant
908 4144 1083 4213 magni
1132 4144 1394 4209 nominis,
1436 4153 1491 4199 et
1523 4142 1853 4214 problemata

1966 4160 2051 4206 τος
2080 4142 2417 4214 ἠξιωμένων,
2432 4141 2437 4145 ’
2452 4142 2660 4215 προόλή
2671 4144 2818 4213 ματα
2841 4160 2901 4197 τε
2924 4143 3251 4212 δογματικὰ,
3274 4145 3370 4198 καὶ
3398 4145 3541 4215 Γρα-

279 4238 587 4306 dogmatica
611 4244 667 4291 et
686 4236 1012 4306 quaestiones
1042 4235 1107 4289 ad
1134 4235 1470 4304 Scripturam
1501 4235 1853 4303 pertinentes.

283 4327 410 4383 Ilaec
445 4337 625 4383 autem
668 4329 903 4384 maxime
942 4338 1249 4398 propterea,
1283 4327 1424 4397 quod
1460 4337 1586 4383 tunc
1620 4329 1862 4383 abunda-

282 4420 374 4474 bat
398 4418 687 4474 multitudo
719 4419 1120 4484 baereticorum,
1149 4418 1214 4472 ad
1248 4433 1384 4488 quos
1413 4420 1735 4474 evertendos
1768 4420 1863 4473 ad-

284 4514 525 4567 sciverat
568 4527 687 4579 eos,
722 4512 815 4582 qui
842 4512 947 4567 illis
976 4512 1306 4582 temporibus
1334 4522 1491 4568 erant
1515 4512 1862 4569 excellentis-

282 4606 430 4670 simi,
459 4603 742 4671 Joannem,
774 4606 1014 4675 inquam,
1037 4619 1093 4659 et
1120 4603 1507 4674 Sopltronium.

354 4695 570 4752 XXXII.
610 4695 780 4753 Porro
812 4706 993 4752 autem
1026 4697 1074 4751 ei
1105 4712 1323 4768 quoque
1355 4706 1474 4752 erat
1503 4698 1683 4754 studio
1716 4712 1853 4752 con-

282 4794 849 4843 servare‘consessum
875 4788 1005 4843 nulli
1029 4788 1348 4843 detractioni
1374 4788 1613 4853 afﬁnem,
1639 4799 1695 4843 et
1725 4789 1858 4844 nulli

286 4895 422 4933 vano
445 4882 709 4935 sermoni.
745 4879 897 4946 Quod
923 4880 968 4935 si
1001 4880 1124 4950 quis
1154 4894 1221 4934 ex
1254 4880 1322 4936 iis
1353 4881 1444 4949 qui
1479 4880 1856 4946 considebant,

289 4971 395 5026 tale
420 4970 548 5040 quid
579 4970 972 5042 proposuisset,
1001 4972 1093 5028 ille
1122 4973 1402 5043 ingeniose
1428 4980 1487 5026 et
1519 4981 1646 5041 apte
1679 4972 1732 5027 id
1771 4987 1858 5027 re-

287 5061 553 5132 pellebat,
593 5061 844 5133 injiciens
888 5064 1081 5118 bonam
1132 5064 1366 5133 aliquam
1415 5065 1769 5133 quaestionem
1806 5073 1862 5119 et

287 5156 480 5210 animae
507 5146 715 5210 utilem.
747 5154 802 5210 Si
828 5155 874 5210 is
896 5165 1074 5212 autem
1101 5164 1242 5211 esset
1264 5170 1484 5211 crassus
1505 5165 1560 5211 et
1585 5155 1860 5226 plebeius,

289 5260 339 5302 et
366 5247 460 5317 qni
486 5262 591 5302 non
623 5247 908 5303 recedebat
934 5248 1001 5303 ab
1030 5248 1095 5303 iis
1124 5263 1243 5317 quae
1266 5257 1391 5303 sunt
1416 5257 1700 5312 consueta,
1726 5262 1865 5318 pra:-

1963 4235 2098 4304 φικά
2124 4232 2419 4306 ζητήματα
2449 4252 2464 4266 ·
2490 4235 2586 4289 καὶ
2613 4234 2789 4291 ταῦτα
2815 4235 2873 4289 δὲ
2904 4234 3139 4306 μάλιστα
3169 4234 3258 4288 διὰ
3290 4236 3351 4289 τὸ
3385 4236 3543 4290 πλεο-

1962 4326 2124 4393 νάζον
2169 4326 2471 4395 τηνικαῦτα
2512 4326 2622 4382 τῶν
2679 4326 2972 4396 αἰρετικῶν
3038 4325 3275 4397 πλῆθοςθ
3346 4321 3422 4381 ὧν
3457 4329 3543 4382 ἐπ’

1961 4421 2242 4492 ἀνατροπῇ
2264 4419 2361 4474 καὶ
2380 4419 2720 4491 καθαιρέσει,
2735 4419 2861 4483 τοὺς
2878 4420 2935 4472 ὲν
2953 4420 3066 4482 τοῖς
3080 4435 3173 4472 και
3181 4420 3302 4490 ροίς.
3320 4419 3545 4482 ἐκείνοις

1961 4511 2413 4582 διαφορωτάτους
2452 4510 2918 4583 προσηταιρίσατο
2939 4547 2955 4576 ,
3011 4510 3265 4581 Ἰωάννην
3289 4511 3434 4580 φημὶ
3456 4510 3545 4564 καὶ

1969 4604 2304 4674 Σωφρόνιον.

2034 4699 2158 4752 AB’.
2201 4696 2565 4752 Ἐσπούδαστο
2617 4696 2676 4750 δὲ
2708 4696 2863 4768 αὐτῷ
2901 4696 2999 4751 καὶ
3058 4696 3394 4760 καταλαλιᾶς
3452 4697 3543 4754 καὶ

1962 4787 2286 4859 ἀργολογίας
2316 4788 2496 4859 πάσης
2530 4788 2806 4858 ἄψαυστον
2846 4789 3121 4858 διατηρεῖν
3151 4788 3212 4842 τὸ
3242 4788 3536 4858 συνέδριον*

1964 4879 2064 4934 κᾶν
2092 4897 2178 4943 τις
2224 4879 2333 4933 τῶν
2387 4878 2844 4950 συνεδριαζόντων
2905 4878 3145 4933 τοιοῦτον
3201 4878 3533 4949 προέτεινεν,

1969 4971 2084 5025 ἀλλ’
2112 4973 2319 5034 ἐκεῖνος
2369 4971 2586 5042 εὐφυῶς
2653 4972 2784 5028 αὐτὸ
2835 4971 3110 5038 διωθεῖτο,
3160 4970 3450 5057 σπουδαῖόν
3491 4984 3545 5024 τι

1967 5063 2061 5118 καὶ
2113 5062 2427 5133 ψυχωφελὲς
2456 5062 2827 5135 παρεμόαλὼν
2876 5061 3193 5134 πρόϐλημα.
3248 5061 3437 5133 Ila.be
3486 5060 3541 5113 δὲ

1962 5155 2147 5208 τοῦτον
2169 5153 2391 5226 εἰτύχοι
2419 5155 2547 5210 ὄντα
2580 5159 2675 5215 καὶ
2702 5155 3117 5226 δημωδέστερον
3142 5186 3145 5189 ~
3176 5155 3270 5209 καὶ
3294 5153 3404 5208 τῶν
3434 5170 3548 5209 συν·
3594 5201 3599 5205 .

1963 5247 2114 5318 ήθων
2140 5247 2240 5302 οὐκ
2268 5248 2637 5323 ἀφιστᾲμενον
2662 5287 2679 5313 ,
2713 5249 2834 5302 κατ’
2858 5248 2984 5318 δψιν
3016 5248 3114 5318 μὲν
3140 5245 3294 5323 οὐδὲν
3327 5244 3541 5299 διετίθει

291 5353 504 5396 sentem
530 5339 745 5409 quidem
773 5355 879 5393 non
904 5339 1042 5395 male
1070 5339 1356 5402 tractabat,
1389 5354 1486 5395 nec
1515 5354 1573 5394 se
1602 5340 1853 5395 iracunde

1968 5336 2176 5403 κακῶς,
2206 5336 2326 5391 οὐδὲ
2354 5321 2571 5407 ὀργίλον
2594 5353 2648 5389 τι
2682 5336 2778 5389 καὶ
2802 5336 2976 5408 τραχὺ
3022 5321 3175 5404 αὐτῷ
3238 5333 3542 5393 ἐπεδείκνυ,

292 5444 348 5489 et
378 5447 570 5503 aspere
604 5432 656 5486 in
691 5447 812 5488 eum
842 5432 1083 5502 gerebat,
1117 5433 1462 5503 praecipiebat
1494 5448 1622 5489 vero
1649 5446 1853 5489 neeun

1972 5435 2314 5506 παρήγγελλε
2344 5434 2401 5488 δὲ
2436 5434 2638 5505 μηκέτι
2668 5433 2831 5488 αὐτὸν
2863 5434 2957 5505 ὲᾷν
3011 5433 3111 5499 τῆς
3141 5431 3364 5486 συνόδου
3398 5428 3539 5497 γίνε-

292 5524 537 5583 sinerent
565 5523 795 5594 amplius
829 5539 949 5580 esse
979 5539 1009 5580 e
1036 5525 1289 5590 concilio,
1328 5534 1386 5579 ut
1416 5539 1514 5596 per
1542 5539 1665 5580 eum
1696 5539 1853 5579 unum

1977 5525 2128 5579 σθαι·
2155 5525 2297 5579 ὥστε
2327 5524 2395 5579 δι’
2420 5524 2538 5589 ἑνὸς
2561 5522 2715 5578 τοῦδε
2745 5524 2872 5588 τοὺς
2899 5520 3406 5595 ἄλλουςάκριδείας
3428 5520 3542 5598 ἐπει-

293 5615 487 5672 ﬁerent
515 5616 605 5671 alii
638 5618 908 5672 cautiores
934 5624 988 5671 et
1014 5615 1404 5686 diligentiores.
1747 5666 1753 5671 .

1973 5616 2216 5687 λαμϐἁνε
2225 5616 2369 5676 σθαι.
3462 5613 3497 5643 ⁹

370 5705 606 5762 XXXIII.
650 5704 717 5762 Ut
745 5717 921 5761 autem
952 5707 1141 5762 mortis
1178 5709 1491 5762 memoriam
1515 5722 1627 5763 sum
1659 5709 1853 5780 cogita.

2045 5709 2166 5763 AI".
2192 5708 2310 5763 Ἵνα
2339 5708 2505 5763 δὲκαὶ
2537 5707 2633 5779 τὴν
2656 5706 2744 5761 τοῦ
2777 5707 3004 5761 θανάτου
3033 5704 3256 5777 μνήμην
3280 5704 3360 5766 είς
3390 5699 3543 5773 βάθος

299 5798 428 5853 tioni
459 5797 721 5867 prnl'unde
749 5784 1104 5869 imprimeret,
1132 5813 1186 5856 Ct
1213 5814 1328 5856 eam
1361 5811 1619 5870 perpetuo
1648 5801 1853 5856 Ital:ch

1984 5799 2261 5874 ἐγχαράξῃ
2310 5803 2372 5871 τῇ
2404 5800 2490 5855 δικ
2524 5800 2630 5873 οἵα,
2684 5800 2775 5854 καὶ
2838 5797 2925 5852 διὰ
2975 5796 3174 5862 παντὸς
3208 5794 3358 5867 αὖτῴ
3387 5808 3541 5869 παρις
