3832 6472
263 341 376 407 925

1218 346 1395 408 VITA
1438 351 1496 410 S.
1542 348 1863 409 JOANNIS
1902 348 2549 414 ELEEMOSYNARI'L

3421 352 3524 417 926

268 455 573 527 ισταμένην
596 453 696 527 ἔχῃ
715 454 808 509 καὶ
835 454 943 527 πρὸ
967 455 1250 526 ὀμμάτων,
1279 457 1330 511 τί
1360 461 1534 524 ποιεῖ;
1568 460 1842 529 Μνημείον

1952 471 2291 529 praesentem,
2331 472 2384 518 et
2414 472 2538 517 ante
2584 460 2801 527 oculos,
2839 461 2969 531 quid
3015 459 3183 517 facit?
3218 460 3379 517 Jubet
3420 463 3522 518 sibi

262 547 419 619 αὑτῷ
450 546 777 619 προστάττει
805 546 1278 618 διοικοδομηθῆναι
1300 565 1315 581 υ
1348 549 1519 619 τούτῳ
1535 550 1591 602 δὲ
1624 550 1699 620 μὴ
1727 553 1845 602 ἐπι-

261 636 490 707 τεθῆναι
547 635 745 705 πέρας,
770 635 896 717 ἀλλ’
928 635 1193 707 ἡμιτελὲς
1213 636 1355 692 οὕτω
1389 638 1840 709 καταλειφθῆναι·

264 724 390 781 εἶτα
416 729 543 790 τοὺς
589 727 684 782 ἐπὶ
722 728 805 799 τῷ
832 727 978 799 ἔργῳ
1008 730 1376 798 τεταγμένους
1405 730 1626 784 ἐπειδὰν
1652 732 1841 799 ὲπίση·

266 818 371 889 μός
400 835 485 881 τις
528 817 692 889 ἑορτὴ
726 817 834 888 εἴη,
882 819 977 870 ἐπὶ
1009 819 1228 874 πάντων
1283 820 1682 889 ἐφισταμένους
1736 822 1845 876 τῶν

264 910 699 981 συνεδρευόντων
729 911 784 963 ὲν
816 909 892 980 τῷ
927 914 1193 982 προφανεῖ
1220 911 1424 981 λέγειν’
1466 912 1540 965 'l'6
1571 916 1760 984 μνῆμα
1786 914 1847 967 τὸ

264 1000 360 1059 σδν
386 1000 515 1071 ἄχρι
566 999 805 1070 τήμερον
847 999 1056 1065 ἀτελὲς,
1091 1000 1358 1055 δέσποτα·
1420 1002 1711 1071 ἐπίτρεψον
1752 1001 1845 1055 οὖν

263 1092 398 1149 αὐτὸ
425 1092 599 1162 πέρας
624 1091 847 1145 λασεῖνο
879 1089 1073 1164 ἄδηλον
1115 1094 1222 1165 γὰρ
1279 1094 1439 1166 ὁποίᾳ
1489 1094 1609 1166 ὥρᾳ.
1658 1097 1685 1148 6
1722 1094 1848 1150 κλέ-

261 1198 408 1250 πτης
446 1182 627 1235 ἔπεισι
658 1181 909 1245 θάνατος.

334 1271 456 1327 ΛΔ’.
492 1273 655 1327 Ἀλλὰ
686 1274 771 1338 τίς
786 1273 853 1328 ἂν
878 1273 1090 1328 ἐκείνου
1119 1276 1178 1327 τὸ
1197 1274 1341 1329 λιτὸν
1366 1275 1466 1345 τῆς
1493 1276 1724 1346 διαίτης,
1749 1278 1845 1332 καὶ

262 1364 324 1417 τὸ
364 1363 493 1433 περὶ
542 1363 641 1432 τὴν
668 1362 871 1433 ἐσθῆτα
903 1363 999 1417 καὶ
1056 1364 1346 1434 στρωμνὴν
1402 1364 1623 1429 εὐτελές
1651 1384 1712 1419 τε
1749 1368 1846 1421 καὶ

265 1453 490 1524 μέτριον
520 1453 723 1529 έξείποι
779 1452 993 1520 καλῶςς
1033 1453 1191 1507 Μετὰ
1220 1454 1329 1526 γὰρ
1359 1454 1467 1508 τῶν
1516 1456 1694 1510 ἄλλων
1725 1458 1847 1511 οὐδὲ

261 1544 465 1615 ταύτης
491 1545 683 1615 ὴμέλει
704 1545 802 1616 τῆς
819 1546 1020 1617 ἀρετῆς
1039 1562 1053 1575 ·
1076 1544 1217 1599 ὥστε
1248 1548 1414 1617 μηδὲν
1442 1548 1606 1603 πλέον
1650 1554 1707 1601 ὲν
1733 1550 1850 1603 τού-

261 1654 378 1701 τοις
406 1636 514 1689 τῶν
541 1635 753 1690 πολλῶν
791 1636 935 1707 ἔχειν
967 1636 1062 1690 καὶ
1091 1636 1602 1708 εὑκαταφρονήτων,
1640 1638 1848 1708 Ἀμέλει

260 1747 349 1793 τις
381 1727 492 1781 τῶν
520 1727 825 1799 οἰκητόρων
863 1727 965 1797 τῆς
994 1727 1202 1793 πόλεως
1255 1727 1649 1801 συνηθέστερος
1690 1728 1843 1801 αὐτῷ

261 1818 574 1888 τυγχάνων,
598 1819 748 1882 ὅπως
780 1812 896 1888 εἶχε
931 1817 1140 1887 μαθὼν,
1191 1817 1421 1888 σισύραν
1451 1817 1512 1884 ἒξ
1552 1818 1651 1873 καὶ
1680 1819 1839 1889 τριά-
1876 1804 1917 1858 Β

264 1928 432 1964 κοντα
458 1903 814 1983 νομισμάτων
849 1911 1170 1979 πριάμενος,
1203 1909 1410 1962 στέλλει
1433 1908 1511 1979 τῷ
1536 1909 1793 1980 μακαρίῳ
1822 1949 1838 1973 ,

263 2002 493 2054 πλεῖστα
525 1999 599 2071 μὴ
622 2042 625 2045 ι
649 2000 976 2056 ἀπώσασθαι
1027 2000 1264 2073 δεηθεὶς,
1296 2000 1412 2055 ἀλλ’
1443 2002 1638 2057 ἑαυτὸν
1665 2005 1842 2076 ταύτῃ

266 2096 659 2168 περιστέλλειν.
697 2095 867 2149 Τοῦτο
894 2092 987 2149 οὖν
1014 2096 1109 2149 καὶ
1137 2097 1227 2151 διὰ
1247 2097 1308 2150 τὸ
1336 2096 1430 2151 τοῦ
1459 2098 1653 2170 ἀνδρὸς
1689 2094 1846 2150 simt-

266 2206 394 2244 στον
429 2188 525 2241 καὶ
576 2187 638 2241 τὸ
662 2189 760 2259 τῆς
805 2189 1083 2256 ἀξιώσεως
1131 2189 1391 2259 ἐπιμελὲς
1441 2191 1536 2245 καὶ
1582 2190 1845 2261 διάπυρον

263 2284 494 2351 ποιῆσαι
550 2280 807 2352 θελήσας,
843 2280 904 2333 οὐ
952 2280 1192 2333 διέλιπεν
1224 2282 1375 2352 ὅμως
1417 2280 1548 2353 παρ’
1589 2281 1718 2351 ὃλην
1746 2281 1844 2355 τὴν

263 2371 440 2426 νύκτα
469 2371 767 2437 ταλανίζων
800 2370 1024 2452 saucia»,
1069 2372 1144 2434 ὼς
1193 2371 1242 2426 οί
1274 2373 1709 2444 παρεδρεύοντες
1759 2376 1842 2439 είς

263 2464 491 2535 ἔσχατον
522 2463 877 2535 ἐξηγήσαντο,
910 2464 1029 2528 καὶ,
1066 2463 1163 2526 Τίς
1208 2463 1274 2517 ἂν
1320 2465 1380 2518 οὐ
1411 2465 1711 2535 καταγνοίη
1742 2484 1843 2537 μου

263 2556 361 2611 τοῦ
390 2554 678 2622 ταπεινοῦ,
730 2556 927 2626 λέγων,
972 2556 1243 2619 Ἰωάννου,
1293 2558 1342 2609 εἰ
1401 2558 1527 2626 ἐμοὶ
1570 2558 1675 2627 μὲν
1728 2558 1844 2613 ἐστι

261 2648 564 2719 τριάκοντα
622 2647 719 2702 καὶ⁸
748 2646 808 2714 ἒξ
861 2647 1214 2718 νομισμάτων
1249 2646 1587 2718 έπισλήματι
1646 2648 1842 2702 σκέπε-

266 2738 415 2805 σθαι,
433 2741 545 2802 τοῖς
568 2738 627 2792 δὲ
655 2739 800 2793 κατά
823 2738 1081 2816 Χριστὸν,
1118 2739 1244 2809 φεῦ,
1267 2738 1520 2808 ἀδελφοῖς
1547 2743 1661 2801 τοῖς
1693 2742 1845 2810 ἐμοῖς

264 2834 328 2887 τὸ
367 2832 669 2904 ὑπαίθρους
698 2831 777 2904 τῷ
819 2831 975 2902 κρύει
1009 2832 1394 2902 πηγνυμένους
1431 2832 1719 2899 διατελεῖν,
1750 2834 1845 2886 καὶ

269 2924 405 2993 μηδὲ
437 2922 603 2994 ῥάκος
636 2922 976 2993 βραχύτατόν
1015 2939 1068 2976 τι
1098 2923 1194 2975 καὶ
1222 2921 1422 2976 εὔωνον
1450 2923 1702 2994 εὐπορεῖν
1724 2940 1739 2955 ·
1771 2918 1846 2978 ὧν

264 3016 317 3067 οί
353 3012 569 3079 πλείους
596 3014 692 3069 καὶ
715 3014 860 3067 κενοὶ
893 3014 991 3085 τὴν
1012 3014 1255 3085 γαστέρα
1282 3015 1375 3068 καὶ
1410 3014 1651 3068 ἄδειπνοι
1708 3032 1846 3068 κατ-

1947 556 2157 610 exstrui
2183 552 2576 610 monimentum
2608 572 2621 609 :
2656 555 2702 610 ei
2737 564 2919 609 autem
2955 553 3114 609 linem
3148 568 3259 609 non
3297 555 3521 624 imponi.

1947 650 2038 706 sed
2091 648 2534 719 semiperfectum
2584 650 2662 705 sic
2714 649 2988 720 relinqui;
3044 649 3243 705 deinde
3291 665 3383 705 eos
3431 652 3521 721 qui

1949 742 2189 813 prtel‘ecti
2217 754 2375 797 erant
2403 743 2574 813 operi,
2603 759 2727 799 cum
2759 752 2904 799 esset
2928 743 3124 799 festum
3153 742 3371 813 aliquod
3394 743 3524 797 insi-

1948 848 2072 905 gne,
2106 834 2428 890 accedentes
2457 836 2509 889 in
2544 846 2839 904 conspectu
2872 835 3140 901 omnium,
3162 835 3253 903 qui
3280 834 3523 891 conside-

1947 925 2102 991 bant,
2137 936 2322 995 aperte
2351 926 2535 982 dicere
2568 944 2582 982 :
2617 927 3001 982 Munimentum
3037 936 3185 981 tuum
3219 927 3274 981 in
3304 925 3521 980 hodier-

1948 1033 2077 1071 num
2109 1034 2281 1088 usque
2328 1019 2468 1074 diem
2512 1028 2596 1074 est
2639 1018 3055 1089 imperfectum,
3107 1018 3349 1073 domine.
3388 1015 3525 1071 Jube

1948 1123 2110 1178 ergo,
2147 1116 2208 1164 ut
2237 1110 2287 1164 id
2319 1110 2483 1165 tinem
2520 1112 2775 1180 accipiat.
2814 1110 3081 1165 Incertum
3112 1119 3194 1165 est
3219 1109 3384 1175 enim,
3417 1123 3523 1178 qua

1948 1201 2078 1255 hora
2107 1201 2196 1256 l‘ur
2223 1203 2579 1272 ingrediatur,
2609 1217 2802 1274 nempe
2828 1219 2997 1257 mors.

2021 1292 2265 1348 XXXIV.
2306 1293 2409 1349 Sed
2443 1296 2563 1365 quis
2591 1295 2731 1349 iilius
2756 1295 2930 1349 vit-tus
2960 1294 3377 1357 tenuitatemyet
3405 1308 3524 1359 qua).

1950 1392 2067 1439 erat
2098 1384 2242 1439 circa
2270 1396 2473 1439 vestem
2506 1394 2560 1439 et
2590 1393 2819 1440 stratum
2862 1384 3119 1437 vilitatem
3148 1391 3203 1437 et
3237 1382 3524 1457 mediocri—

1953 1485 2141 1542 tatem,
2177 1485 2323 1530 recte
2356 1475 2766 1531 enuntiaverit?
2794 1475 3081 1529 Cum'aliis
3114 1473 3258 1528 enim
3292 1488 3356 1527 uc
3387 1473 3524 1526 hanc.

1950 1565 2167 1636 quidem
2197 1566 2432 1635 neglexit
2460 1567 2735 1631 virtutem,
2761 1565 2895 1621 adeo
2926 1576 2981 1619 ut
3008 1566 3199 1636 vulgus
3225 1575 3277 1620 et
3305 1579 3399 1618 eos
3433 1563 3523 1632 qui

1952 1666 2076 1709 sunt
2097 1656 2415 1726 contempti.
2450 1657 2502 1710 in
2528 1656 2697 1710 hisne
2722 1663 3003 1726 superaret
3025 1655 3263 1724 quidem.
3293 1654 3522 1720 Quidam

1951 1756 2099 1802 certe
2127 1761 2193 1800 ex
2233 1747 2630 1802 habitatoribus
2658 1746 2915 1811 civitatis,
2947 1746 3038 1815 qui
3063 1753 3177 1799 erat
3207 1744 3254 1796 ei
3285 1742 3520 1797 familia-

1951 1842 2080 1904 rior,
2107 1854 2231 1895 eum
2259 1839 2572 1894 rescivisset
2600 1838 2866 1908 quomodo
2893 1853 2979 1893 res
3007 1853 3065 1893 se
3090 1837 3332 1899 haberet,
3364 1850 3525 1905 oper-

1951 1932 2148 1986 torium
2180 1930 2294 2003 (15)
2326 1943 2561 2001 emptum
2595 1932 2810 2001 triginta
2851 1945 2945 1985 sex
2983 1930 3219 1984 nummis
3251 1928 3417 1983 mittit
3453 1928 3521 1982 ad
3598 1928 3602 1932 ’

1947 2024 2196 2088 Beatum,
2220 2022 2512 2094 plurimum
2537 2038 2732 2094 rogans
2758 2038 2829 2077 ne
2855 2022 2905 2078 id
2928 2034 3228 2086 recusaret,
3253 2024 3345 2077 sed
3369 2037 3428 2077 se
3454 2036 3524 2077 eo

1948 2114 2217 2171 indueret.
2256 2113 2369 2170 Hoc
2398 2130 2531 2185 ergo
2565 2129 2685 2169 cum
2722 2124 2774 2170 et
2801 2125 3022 2184 propter
3044 2113 3147 2167 viri
3182 2113 3521 2181 ﬁdelitatem,

1946 2221 2274 2277 precumque
2307 2209 2713 2263 contentionem
2747 2217 2799 2261 et
2828 2208 3076 2260 ardorem
3106 2206 3288 2262 facere
3316 2206 3524 2261 voluis-

1946 2308 2062 2364 set,
2104 2314 2214 2354 non
2256 2298 2494 2354 cessavit
2542 2307 2719 2353 tamen
2775 2308 2885 2353 tota
2927 2307 3084 2354 nocte
3126 2298 3411 2353 lamentari
3445 2297 3527 2369 (ut

1946 2400 2221 2459 postremo
2263 2399 2672 2461 exposuerunt,
2720 2390 2812 2459 qui
2852 2390 2903 2446 ei
2948 2389 3317 2459 assidebam),
3367 2388 3522 2456 Quis,

1947 2481 2158 2546 dicens,
2201 2495 2307 2535 non
2339 2479 2716 2535 condemnarit
2741 2494 2829 2534 me
2870 2479 3126 2534 miserum
3157 2477 3440 2543 Joannem,
3476 2478 3522 2530 si

1946 2572 2078 2624 mihi
2127 2572 2255 2627 licet
2302 2571 2405 2641 tegi
2453 2578 2763 2639 tegumento
2806 2571 3024 2640 triginta
3057 2578 3110 2623 et
3150 2584 3242 2624 sex
3275 2583 3527 2623 nummo-

1949 2678 2095 2724 rum,
2139 2661 2337 2716 fratres
2371 2668 2553 2715 aute‘m
2604 2662 2705 2716 mei
2751 2660 2926 2731 (proh
2962 2660 3188 2731 dolor!)
3223 2659 3524 2715 secundum

1944 2754 2241 2813 Christum.
2276 2754 2379 2809 sub
2403 2754 2495 2809 dio
2525 2762 2783 2824 perpetuo
2806 2758 3005 2824 (legant
3032 2753 3269 2809 concreti
3296 2753 3521 2824 frigore,

1944 2854 1998 2898 et
2028 2858 2127 2899 nec
2155 2843 2444 2898 minimmu
2473 2843 2689 2911 quidem
2722 2853 2777 2899 et
2805 2843 3127 2899 vilissimum
3161 2859 3394 2914 pannum
3426 2845 3525 2899 ha-

1947 2937 2151 2991 beant?
2177 2950 2410 3005 quorum
2443 2936 2657 3005 plurimi
2687 2936 2908 3003 quidem
2944 2946 3127 2991 ventre
3155 2953 3325 2992 vacuo
3354 2944 3408 2993 et
3434 2937 3524 2993 iu-

1945 3027 2145 3083 coenati
2184 3026 2525 3093 recumbunt,
2553 3037 2608 3082 et
2643 3029 2724 3082 vel
2763 3028 2931 3098 ipsas,
2966 3027 3077 3099 (hei
3113 3029 3298 3098 mihi!)
3338 3043 3458 3098 quas
3492 3044 3522 3082 ιι

266 3104 585 3177 εκληθίσαν,
611 3105 707 3159 καὶ
727 3105 928 3170 αὐτῶν,
956 3106 1129 3176 οἶμοι,
1155 3105 1264 3160 τῶν
1292 3105 1723 3159 ἀποπιπτουσῶν
1747 3106 1842 3176 τῆς

1951 3134 2133 3175 mensa
2180 3134 2301 3174 mea
2350 3122 2584 3185 cadunt,
2622 3120 2791 3176 micas
2831 3121 3090 3189 cupiunt,
3137 3120 3278 3175 sicut
3322 3135 3524 3188 pauper

267 3199 412 3267 ἐμῆς
439 3196 722 3268 τραπέζης
759 3197 936 3269 ψιχῶν
988 3197 1272 3269 ἐφιέμενοι
1321 3198 1464 3253 κατὰ
1507 3198 1599 3252 τὸν
1638 3198 1847 3270 πένητα

269 3290 542 3360 Λάζαρον.
576 3289 643 3343 Ai
680 3289 693 3343 ι
721 3289 800 3353 αἳ,
834 3290 989 3343 πόσοι
1022 3287 1118 3343 νῦν
1150 3290 1293 3356 ξένοι
1338 3291 1434 3344 καὶ
1476 3289 1846 3360 παρεπίδημοι

268 3384 406 3454 πρῖς
443 3382 646 3453 ταύτην
684 3382 942 3450 ἀφίκοντο
970 3383 1070 3453 τὴν
1109 3383 1262 3437 πόλιν
1291 3382 1340 3436 οἳ
1372 3383 1446 3454 μὴ
1471 3383 1686 3453 ἔχοντες
1715 3383 1839 3435 ὅποι

268 3476 366 3548 τὴν
384 3476 626 3546 κεφαλὴν
654 3474 909 3540 κλίνοιεν,
932 3475 1246 3541 πεινῶντες,
1272 3475 1613 3547 κατὰ-μέσην
1638 3478 1847 3530 κεῖνται

268 3565 368 3636 τὴν
408 3564 649 3635 ἀγοράν’
683 3563 793 3633 ἐγὼ
825 3566 882 3620 δέ
918 3564 1197 3630 παντοίοις
1248 3564 1569 3619 ὲνευπαθῶν
1624 3565 1847 3634 ἀγαθοῖς

269 3658 406 3729 πρὸς
428 3661 495 3727 τῇ
528 3657 667 3730 ἄλλῃ
694 3660 895 3727 τρυφῇ,
919 3659 1015 3712 καὶ
1035 3658 1170 3729 τῷδε
1202 3657 1281 3729 τῷ
1315 3657 1599 3712 πολυτελεῖ
1621 3658 1847 3729 ὲπιὸλή-
1885 3654 1890 3659 ’

270 3768 402 3819 ματι
452 3750 546 3804 νῦν
603 3750 1048 3821 περιστέλλομαι.
1111 3750 1177 3804 Τί
1227 3751 1407 3805 τοίνυν
1465 3750 1584 3804 κατ’
1632 3750 1846 3821 ἐκείνην

267 3840 594 3895 ἀκούσεσθαι
616 3841 897 3910 προσδοκῶ
925 3841 1021 3913 τὴν
1052 3844 1298 3912 ήμέραν;
1324 3843 1390 3898 Τί
1428 3842 1635 3915 ἕτερον,
1670 3844 1703 3915 ἢ
1738 3845 1843 3912 ὅτι,

266 3934 568 3999 ’Λπέλαϐες
607 3934 679 3987 τὰ
706 3935 885 4002 ἀγαθά
920 3952 1013 3987 σου
1046 3937 1101 3987 ἐν
1126 3938 1192 4006 τῇ
1222 3935 1333 4005 ζωῇ
1363 3950 1476 4001 σου,
1508 3937 1555 3987 οἱ
1590 3935 1644 3988 δέ
1666 3952 1728 4003 γε
1746 3935 1845 3988 πέ-

267 4044 425 4096 νητες
453 4027 522 4080 τὰ
548 4028 712 4091 κακὰ,
733 4027 826 4081 καὶ
850 4026 936 4080 διὰ
958 4025 1113 4079 τοῦτο
1137 4026 1231 4079 νῦν
1259 4026 1414 4081 αὐτοὶ
1456 4026 1555 4095 μὲν
1584 4044 1842 4098 παρακα-

265 4116 504 4179 λοῦνται,
549 4118 615 4169 ab
661 4117 717 4169 δὲ
773 4116 940 4181 ἀξίως
995 4116 1307 4181 ὁδυνᾶσαι;
1356 4115 1497 4167 Ἀλλ’
1554 4117 1845 4188 εὐλογητὸς

268 4207 496 4278 Κύριος,
533 4207 633 4261 οὐκ
700 4206 780 4261 ἔτι
841 4205 998 4259 τοῦτο
1039 4207 1066 4259 6
1113 4205 1367 4268 ταπεινὸς
1398 4206 1843 4277 σκεπασθήσεται

278 4299 554 4370 Ἰωάννης,
584 4297 721 4351 ἀλλά
742 4296 838 4369 τὴν
871 4294 1037 4351 αὐτοῦ
1072 4293 1233 4366 τιμὴν
1267 4292 1499 4365 πένητες
1537 4295 1841 4366 άμφιάσον-

265 4406 383 4445 ται.

1951 3212 2209 3268 Lazarus.
2253 3210 2406 3267 Heu!
2445 3211 2578 3267 heu!
2622 3226 2785 3281 quam
2829 3212 2984 3267 multi
3023 3226 3167 3266 nunc
3198 3213 3434 3282 hosp'tes
3468 3219 3524 3266 ct

1952 3303 2221 3375 peregrini
2253 3303 2320 3357 ad
2354 3307 2493 3359 hanc
2532 3314 2791 3358 venerunt
2827 3302 3129 3369 civitatem,
3166 3303 3258 3374 qui
3288 3319 3396 3359 non
3428 3306 3524 3359 ha-

1949 3396 2080 3448 bent
2110 3394 2197 3448 ubi
2226 3402 2389 3462 caput
2415 3393 2699 3459 recliuent,
2732 3393 3143 3463 esurientesque
3170 3404 3223 3448 et
3252 3395 3521 3461 sitientes,

1943 3484 2124 3553 jaceut
2160 3484 2211 3536 in
2242 3483 2419 3537 medio
2459 3480 2598 3537 foro.
2632 3481 2747 3552 Ego
2778 3489 2956 3537 autem
2989 3497 3079 3536 me
3109 3482 3337 3537 delicate
3362 3498 3522 3540 omne

1947 3590 2115 3645 genus
2142 3573 2367 3644 explens
2400 3573 2576 3637 bouis,
2603 3581 2798 3642 praeter
2824 3574 2960 3628 alias
2992 3572 3217 3629 delicias
3250 3573 3352 3627 hoc
3383 3589 3525 3643 quo-

1947 3681 2053 3735 que
2083 3680 2229 3720 nunc
2267 3676 2584 3737 sumptuoso
2614 3665 2811 3721 induor
2840 3673 3176 3735 tegumenta.
3213 3663 3357 3732 Quid
3388 3682 3521 3738 ergo

1948 3756 2036 3810 illo
2068 3756 2154 3811 die
2184 3768 2438 3827 exspecto
2470 3773 2554 3812 me
2582 3756 2933 3817 auditurum?
2963 3756 3099 3823 Quid
3128 3757 3296 3826 aliud,
3316 3774 3479 3829 quam
3503 3778 3516 3791 -

1948 3850 2217 3923 Recepisti
2270 3852 2408 3908 bona
2458 3863 2546 3908 tua
2598 3854 2650 3908 in
2701 3855 2808 3908 vita
2855 3864 2977 3918 tua,
3035 3869 3298 3924 pauperes
3339 3867 3518 3921 autem

1949 3945 2087 3997 mala
2114 3961 2128 3999 :
2161 3952 2217 3998 et
2240 3953 2527 4014 propterea
2553 3946 2654 4016 ipsi
2680 3946 2896 4018 quidem
2927 3962 3068 4002 nunc
3092 3947 3361 4015 accipiunt
3389 3961 3521 4002 con-

1947 4035 2262 4091 solationem
2289 4071 2306 4101 ,
2351 4046 2405 4091 tu
2445 4049 2626 4093 autem
2682 4039 2944 4093 cruciaris
2986 4054 3081 4107 pro
3126 4038 3367 4093 meritis?
3411 4037 3521 4094 Sed

1947 4129 2264 4185 benedictus
2312 4128 2489 4193 Deus,
2533 4148 2641 4186 non
2692 4131 2921 4201 amplius
2950 4148 3015 4186 eo
3055 4142 3261 4202 legetur
3304 4133 3521 4189 humilis

1943 4218 2204 4286 Joannes,
2238 4224 2329 4278 sed
2357 4220 2474 4291 ejus
2501 4224 2673 4293 pretio
2704 4222 2994 4278 iudueutur
3024 4240 3305 4294 pauperes.

335 4482 459 4535 AE'.
490 4482 642 4551 Ἀμα
664 4479 795 4548 γοῦν
822 4480 961 4549 φωτὶ
995 4479 1094 4550 τὴν
1126 4478 1357 4547 σισύραν
1402 4480 1481 4542 εἰς
1513 4479 1611 4550 τὴν
1638 4479 1841 4550 ἀγορὰν

2016 4476 2235 4532 XXXV.
2295 4477 2432 4533 Cum
2491 4494 2724 4550 pr.mum
2775 4479 2954 4550 itaque
2997 4480 3298 4548 illuxisset,
3353 4485 3517 4540 mittit

265 4572 476 4642 πέμπει
504 4570 1037 4642 διαπραθησομένην,
1073 4569 1142 4639 ἢν
1176 4570 1205 4622 6
1226 4566 1610 4640 προσενεγκὼν
1640 4568 1840 4621 θεασά-

269 4682 453 4741 μενος,
482 4660 636 4727 αὖθις
667 4663 988 4733 πριάμενος,
1007 4658 1167 4725 αὖθις
1182 4661 1278 4715 καὶ
1306 4661 1574 4731 προσάγει
1594 4677 1609 4692 ⁸
1629 4662 1656 4714 6
1677 4660 1733 4714 δὲ
1756 4660 1842 4713 δέ-

261 4754 422 4827 γεται
457 4757 578 4826 μὲν,
608 4757 745 4826 πρὸς
775 4755 832 4815 δὲ
860 4756 957 4827 τὴν
987 4754 1192 4825 ἀγορὰν
1227 4755 1319 4807 καὶ
1352 4752 1507 4816 αὖθις
1539 4754 1838 4822 ἐκπέμπει.

275 4851 364 4908 Ὦς
390 4849 448 4902 δὲ
472 4849 551 4912 δὶς
580 4848 680 4903 καὶ
734 4847 995 4911 πολλάκις
1022 4846 1179 4900 τοῦτο
1209 4846 1437 4914 γένοιτο,
1472 4847 1498 4898 6
1532 4844 1706 4915 μέγας
1730 4845 1838 4916 ,δη-

263 4936 448 5006 λοῖτῷ
479 4937 849 5009 προσάγοντι·
883 4936 1133 5006 Ἴδωμεν,
1195 4933 1387 4997 εἰπὼν,
1438 4933 1523 4997 τίς
1575 4934 1840 5004 πρότερον

262 5028 632 5099 ἐπαγορεύσει
666 5029 775 5083 τῶν
823 5028 937 5093 δύο,
970 5028 1080 5098 ἐγὼ
1122 5028 1221 5099 μὲν
1272 5028 1441 5099 αὐτὴν
1489 5027 1837 5099 πιπράσκων,

263 5120 329 5172 σὺ
359 5120 414 5173 δὲ
442 5118 758 5191 ὠνούμενος,
776 5119 870 5177 καὶ
896 5119 1237 5190 προσφέρων.
1274 5118 1381 5170 Καὶ
1410 5117 1520 5186 γὰρ
1544 5112 1610 5188 ἦν
1640 5117 1669 5170 6
1696 5117 1837 5188 ἀνὴρ

259 5210 371 5263 τῶν
397 5210 518 5263 λίαν
546 5210 819 5283 εὐπόρων,
852 5203 914 5263 οὗ
949 5209 1109 5279 χάριν
1162 5209 1416 5279 ἐπίτηδες
1460 5211 1485 5263 6
1514 5211 1687 5280 μέγας
1735 5210 1832 5262 καί

262 5300 722 5370 παρακερδαίνειν
778 5297 942 5352 αὑτοῦ
995 5292 1276 5367 ἠϐούλετο,
1329 5295 1469 5350 ὥστε
1517 5298 1587 5349 τα
1614 5297 1827 5351 ἐκείνου

263 5391 401 5457 πρὸς
431 5389 556 5451 τοὺς
606 5389 844 5456 πένητας
899 5389 1231 5459 παραρρεῖν.
1290 5388 1487 5455 Ἔλεγε
1521 5388 1577 5441 δὲ
1626 5389 1720 5441 καί
1776 5406 1831 5444 τι

268 5475 500 5529 τοιοῦτον
528 5477 624 5543 ὡς,
659 5476 726 5531 Ei’
746 5495 828 5541 τις
853 5477 960 5529 ἀπὺ
979 5479 1086 5528 τεῖιν
1112 5477 1295 5546 ἁϐρῶν
1322 5476 1525 5529 τούτων
1549 5478 1640 5530 καὶ
1670 5480 1833 5531 πλου-

262 5567 394 5637 σίων
422 5569 639 5624 δύναιτο
687 5570 780 5621 καὶ
825 5567 1062 5639 μάλιστα
1112 5568 1219 5620 τῶν
1276 5567 1638 5640 ἄσπλαγχνων
1669 5571 1830 5641 τέχνῃ

1942 4567 2271 4634 opertorium
2305 4566 2359 4619 iu
2390 4565 2565 4620 forum
2599 4570 3071 4625 venumdaudum:
3108 4576 3248 4642 quod
3281 4588 3402 4628 cum
3437 4577 3514 4630 vi-

1904 4658 2108 4712 ‘disset
2157 4657 2203 4711 is
2252 4658 2346 4727 qui
2402 4660 2710 4727 obtulerat,
2766 4679 2955 4716 rursus
3001 4665 3132 4717 emit
3178 4671 3233 4718 et
3278 4666 3344 4719 ad
3390 4681 3512 4722 eum

1937 4748 2118 4806 affert.
2172 4748 2263 4804 Ille
2335 4760 2519 4820 autem
2569 4754 2765 4823 accipit
2826 4754 3081 4823 quidem,
3141 4759 3329 4811 rursus
3384 4773 3515 4814 vero

1939 4838 2187 4893 mittitad
2221 4838 2419 4896 forum.
2451 4841 2583 4895 Cum
2611 4852 2787 4897 autem
2814 4843 2895 4899 bis
2924 4857 2977 4899 et
3004 4860 3145 4915 smpe
3172 4847 3275 4902 hoc
3304 4848 3501 4904 factum

1937 4941 2115 4996 esset,
2165 4950 2389 5003 tnagnus
2417 4931 2652 4989 Joannes
2694 4935 2960 5006 signiﬁcat
2999 4938 3047 4991 ei
3091 4940 3183 5009 qui
3211 4939 3510 5003 oﬂerebat:
3606 4968 3611 4972 ·

1940 5020 2261 5088 Videamus,
2293 5026 2480 5080 dicens
2500 5064 2516 5089 .
2557 5025 2682 5095 quis
2710 5042 2774 5082 ex
2817 5028 2973 5083 nobis
3002 5030 3151 5100 prius
3191 5033 3511 5105 defatigabi-

1938 5122 2047 5178 tur,
2078 5130 2179 5183 ego
2209 5115 2425 5184 quidem
2455 5116 2632 5189 ipsum
2659 5120 2915 5186 vendens,
2953 5130 3007 5176 tu
3034 5132 3212 5177 autem
3244 5138 3428 5182 emens
3456 5137 3505 5183 et

1936 5207 2174 5263 olferens
2195 5224 2209 5260 :
2231 5218 2349 5262 erat
2376 5211 2520 5264 enim
2557 5210 2710 5267 valde
2735 5213 2904 5269 dives.
2938 5214 3299 5281 Quamobrem
3329 5219 3508 5276 dedita

1934 5311 2094 5365 opera
2128 5298 2337 5353 volebat
2363 5316 2587 5369 magnus
2608 5300 2843 5357 Joannes
2879 5320 2941 5359 et
2975 5320 3040 5360 eo
3071 5306 3419 5371 lucrifacere,
3450 5320 3504 5363 ut

1932 5390 2077 5444 illius
2119 5393 2255 5445 bona
2297 5392 2362 5446 ad
2407 5410 2669 5464 pauperes
2712 5395 3005 5451 etiluerent.
3057 5396 3279 5454 Dicebat
3326 5413 3497 5454 autem

1934 5482 2095 5536 etiam
2132 5482 2236 5537 tale
2264 5485 2415 5553 quid,
2440 5485 2584 5554 quod
2625 5486 2669 5540 si
2699 5488 2819 5555 quis
2849 5488 2916 5542 σὺ
2945 5489 3031 5544 his
3059 5489 3306 5545 delicatis
3336 5501 3392 5545 el.
3418 5492 3503 5545 di.

1937 5573 2167 5639 ritibus,
2216 5582 2271 5628 et
2322 5576 2552 5631 tuaxime
2605 5579 2670 5633 iis
2719 5578 2810 5647 qui
2850 5589 2976 5634 sunt
3018 5581 3497 5648 immisericordcs,

333 5748 445 5819 (l5)
474 5749 754 5816 llervctus,
787 5752 1041 5809 cilicium.
1072 5749 1258 5805 Grtcce
1288 5750 1531 5823 σισύραν,
1558 5755 1842 5826 stragulznn

1947 5756 2214 5834 rbaricum
2246 5774 2273 5812 e
2307 5758 2502 5815 villosis
2526 5763 2776 5831 pellibus.
