3828 6538
216 522 341 587 ’929

1192 516 1365 585 VITA
1414 524 1474 583 S.
1517 519 1839 583 JOANNIS
1880 518 2551 581 ELEEMOSYNARII..

3377 519 3483 582 9ἶο

229 638 424 706 πένητι
456 637 695 708 παρέσχε
724 636 850 690 τινί.
886 636 962 705 Τῇ
994 636 1156 707 ἑτέρα
1194 621 1481 709 τοιγαροῦν
1515 637 1805 703 πλάστιγγι

1922 636 2158 704 paupeti.
2187 617 2320 690 Cum
2357 638 2406 691 in
2439 625 2819 705 alteraiitaque
2851 636 3003 691 lance
3039 650 3160 691 cum
3195 637 3487 707 imposuis-

227 727 417 781 τοῦτον
469 727 767 798 ἐνθέμεναι,
820 729 1083 799 ῐσορῤεπῆ
1134 730 1475 797 κατέστησαν
1522 730 1591 781 τὰ
1643 728 1805 794 ζυγά,

229 820 353 873 τότε
392 820 456 889 δὴ
487 819 562 888 τῷ
585 820 793 892 τελώνῃ
824 821 986 889 φασὶν
1032 822 1079 872 οἱ
1108 819 1453 890 λευχείμονες
1482 839 1494 852 ο
1536 820 1809 874 ’Λπελθών

228 910 469 981 πρόσθες
502 902 594 963 ἐπὶ
624 911 700 980 τῷ
732 911 882 983 ἄρτῳ
908 910 1083 980 τούτῳ
1103 911 1196 964 καὶ
1218 910 1355 981 ἔργα
1391 928 1510 976 σου,
1531 912 1651 964 ἐπεὶ
1687 910 1811 981 μέλ-

228 1003 417 1055 λουσιν
440 1000 534 1064 οὒς
556 1002 689 1071 ὁρᾷς
720 1001 951 1071 μέλανες
978 1000 1086 1053 οἵδε
1116 1000 1562 1071 παραλαμϐάνειν
1594 1017 1674 1053 σε.
1702 1001 1776 1053 At)
1796 1030 1810 1039 -

227 1094 358 1147 τίκα
387 1094 565 1146 τοίνυν
599 1093 912 1159 διαναστάς,
952 1092 1049 1145 καὶ
1088 1093 1221 1147 εἴσω
1262 1093 1476 1163 φρενῶν
1501 1092 1810 1162 γενόμενος,

229 1187 410 1257 άληθῆ
463 1188 530 1243 τὰ
579 1186 838 1240 θεαθέντα
889 1186 1128 1255 ἐπέγνω.
1160 1186 1409 1240 Ἀπαντα
1454 1186 1564 1257 γάρ
1605 1186 1705 1238 ὅσα
1750 1188 1813 1238 ἐκ

229 1280 354 1332 νέου
382 1280 627 1350 ὑπῆρχεν
657 1278 816 1348 αὐτῷ’
834 1278 1311 1350 διαπεπραγμένα,
1332 1278 1426 1331 καὶ
1445 1273 1519 1332 ὧν
1542 1280 1621 1338 εἰς
1642 1277 1812 1348 λήθην

230 1369 336 1440 ήδη
364 1371 620 1439 κατέστη,
649 1371 776 1433 τοὺς
811 1370 1071 1431 Αἰθίοπας
1100 1370 1344 1433 ἐκείνους
1375 1367 1521 1439 ἐώρα
1553 1368 1814 1436 συνάγον-

231 1478 335 1525 τας
364 1461 522 1530 δῆθεν
567 1465 663 1514 καὶ
691 1464 756 1532 τῇ
809 1462 1103 1531 πλάστιγγι
1136 1460 1618 1529 ἐγκατατιθέντας.
1650 1461 1814 1515 Ὅθεν

231 1553 301 1624 δὴ
342 1554 437 1606 καὶ
473 1555 551 1616 εἰς
592 1552 857 1624 ἔκπληξιν
888 1552 1315 1616 πολλάκιςείὼν,
1364 1552 1560 1616 Βαϐαἱ,
1606 1551 1810 1621 ἔλεγεν,

233 1647 340 1714 ὅση
368 1646 467 1715 τῆς
498 1646 871 1717 ὲλεημοσύνης
910 1647 942 1717 ὴ
985 1645 1247 1715 δύναμιςῐ
1290 1647 1351 1698 Εί
1379 1647 1486 1717 γάρ
1512 1640 1589 1708 εἷς
1626 1646 1808 1714 ἄρτος,

234 1737 331 1789 καὶ
384 1737 546 1800 αὐτὸς
584 1737 853 1806 ἐπιχόλως
899 1738 1093 1810 πένητι
1132 1740 1455 1809 προσριφεὶς
1506 1737 1691 1807 ἴσχυσε
1724 1755 1812 1790 το-

236 1826 446 1887 σοῦτον,
486 1828 666 1880 πόσων
699 1828 765 1882 ἂν
793 1829 1051 1899 δυνηθείη
1087 1830 1275 1883 κακῶν
1318 1830 1507 1883 ἑαυτὸν
1533 1828 1813 1882 ἀπολύσα-

238 1918 366 1970 σθαι
417 1921 444 1971 ό
482 1920 682 1988 ἱλαρῶς
739 1920 808 1973 τὰ
858 1920 989 1975 ὄντα
1050 1924 1162 1985 τοῖς
1211 1921 1405 1990 πένησι
1461 1920 1809 1995 προϊέμενοςί

1911 735 2062 790 sent,
2105 725 2345 781 fecerunt
2387 728 2645 781 trtttinam
2675 744 2737 781 ex
2781 737 3008 796 utraque
3048 738 3199 798 parte
3233 745 3298 784 ex
3330 746 3486 800 aequo

1913 818 2350 895 propcmlentem.
2394 814 2549 871 Tunc
2575 818 2648 870 illi
2684 817 2969 886 publicano
3010 821 3196 874 dicunt
3225 820 3325 874 viri
3356 836 3485 873 can-

1914 905 2080 958 didati
2109 923 2123 959 :
2168 905 2447 963 Recedeus
2478 910 2613 963 adde
2645 910 2771 965 huic
2812 914 2956 980 pani,
2991 920 3044 965 rt
3075 928 3321 980 operare.
3349 913 3484 967 Nam

1919 994 1992 1049 illi
2025 1011 2181 1065 quos,
2219 998 2369 1051 vides
2401 998 2685 1067 nigrisunt
2720 1010 2768 1053 te
2801 1002 3096 1070 accepturi;
3129 1002 3263 1057 Cum
3302 1004 3483 1058 statim

1913 1086 2095 1155 itaque
2123 1098 2475 1156 experrectus
2504 1101 2671 1156 esset,
2704 1100 2758 1146 ιι
2786 1092 2852 1146 ad
2885 1100 2942 1145 se
2975 1094 3241 1159 rediisset,
3273 1096 3492 1165 agnovit

1914 1193 2039 1233 vera
2081 1194 2228 1246 esse,
2270 1195 2388 1249 qua)
2428 1182 2539 1236 visa
2586 1182 2817 1237 fuerant.
2867 1183 3000 1236 Nam
3053 1200 3384 1256 quaecunque
3420 1189 3493 1241 ab

1916 1270 2136 1325 ineunte
2165 1280 2322 1327 mtate
2355 1275 2421 1326 ab
2464 1289 2529 1328 eo
2562 1274 2698 1327 facta
2726 1272 2940 1330 fuerant
2964 1317 2977 1337 ,
3018 1287 3073 1330 et
3112 1293 3340 1346 quorum
3378 1278 3489 1347 jam

1914 1372 2029 1416 erat
2061 1363 2291 1429 oblitus,
2328 1364 2542 1421 videbat
2570 1366 2687 1421 illos
2729 1367 3014 1433 EthiOpns
3045 1369 3231 1438 utique
3258 1386 3490 1439 congre-

1914 1463 2124 1527 gantes,
2157 1465 2210 1511 et
2240 1458 2290 1512 in
2322 1458 2531 1514 lancem
2569 1460 2925 1530 imponcutes.
2962 1462 3320 1529 Quamobrem
3349 1468 3493 1534 saepe

1915 1548 2341 1618 obstupefactus,
2367 1550 2551 1618 Papae!
2578 1553 2811 1618 dicebat,
2836 1566 3034 1622 quanta
3059 1565 3142 1609 est
3162 1558 3333 1612 virtus
3356 1558 3498 1612 elce-

1920 1658 2177 1714 mosynte.
2210 1643 2267 1697 Si
2308 1644 2449 1696 enim
2483 1658 2621 1696 unus
2657 1647 2832 1713 panis,
2867 1647 3018 1714 isque
3055 1663 3151 1716 per
3182 1649 3316 1703 iram
3356 1664 3496 1719 pan--

1918 1736 2032 1804 peri
2068 1734 2364 1804 projectus,
2397 1744 2601 1789 tantum
2630 1739 2832 1806 potuitl,
2865 1753 2894 1792 a
2928 1755 3089 1807 quam
3123 1742 3308 1795 multis
3338 1743 3495 1798 malis

1917 1841 1976 1881 se
1995 1829 2192 1896 poterit
2221 1827 2470 1890 liberare,
2497 1828 2587 1896 qui
2611 1829 2855 1883 hilariter
2878 1832 3030 1886 bonis
3054 1833 3166 1887 suis
3193 1836 3495 1903 impertitur

1918 1918 2214 1988 pauperes?
2241 1919 2390 1976 Adeo
2412 1933 2541 1987 ergo
2570 1923 2821 1977 Inunitiee
2854 1939 2982 1978 usus
3012 1935 3095 1978 est
3124 1925 3493 1996 eleemosyna,

235 2009 505 2064 Τοσοῦτον
576 2008 670 2065 οῦν
737 2012 1037 2083 φιλοτίμως
1097 2012 1434 2085 ἐλεημοσύνη
1506 2014 1813 2084 ἐχρήσατο,

1924 2018 2029 2061 tam
2052 2008 2265 2064 abunde
2289 2009 2572 2076 ambabus,
2606 2022 2665 2065 ut
2691 2013 2793 2068 dici
2821 2014 2980 2083 solet,
3007 2013 3193 2071 effudit
3220 1985 3492 2080 manibus,

234 2102 331 2152 καὶ
365 2101 537 2165 οὕτως
577 2103 811 2171 ἀφειδῶς
841 2104 1050 2158 ἐκείνου
1087 2106 1287 2175 ἀμφοῖν
1317 2107 1430 2158 τοῖν
1456 2108 1657 2176 χεροῖν,
1685 2104 1761 2169 ὡς
1790 2108 1818 2159 ὁ

234 2194 414 2262 λόγος,
466 2198 545 2257 εις
577 2196 678 2259 τὰς
729 2196 838 2248 τῶν
869 2198 1118 2268 πενήτων
1166 2198 1438 2269 γαστέρας
1479 2198 1705 2263 ἀντλῶν,
1742 2198 1817 2262 ὡς

240 2288 383 2356 μετὰ
409 2288 469 2339 τὸ
495 2288 672 2342 πάντα
703 2289 993 2360 προέσθαι,
1029 2290 1164 2361 μηδέ
1192 2291 1358 2345 αὐτοῦ
1393 2291 1680 2360 φείσασθαι
1715 2291 1819 2345 σώ-

238 2395 433 2448 ματος,
463 2379 599 2434 ἀλλὰ
629 2382 722 2433 καὶ
757 2381 933 2454 τούτῳ
976 2382 1214 2452 πένητας
1246 2382 1440 2454 θρέψαι
1487 2384 1817 2453 ἀποδόμενον

232 2470 330 2539 τὴν
379 2470 710 2544 ἐλευθερίαν,
762 2472 837 2538 ὡς
895 2475 1013 2546 μετ’
1042 2474 1224 2543 ὀλίγον
1270 2474 1566 2546 φανότερον
1604 2477 1632 2527 ὀ
1663 2477 1818 2545 λόγος

233 2561 490 2633 δηλώσει.
1537 2587 1557 2604 ⁸

308 2654 437 2709 Ml'.
475 2657 723 2727 Προϊόντι
752 2657 859 2728 γάρ
890 2657 1156 2730 αὐτῷηέπὶ
1195 2659 1257 2713 τὸ
1285 2659 1592 2726 τελωνείον,
1615 2664 1818 2735 ναύτης

237 2748 515 2818 ύτπζντησε
542 2752 604 2803 ἐκ
638 2752 896 2820 ναυαγίου
918 2752 1144 2821 γυμνὸς,
1173 2753 1342 2825 ὅνπερ
1368 2752 1431 2825 δὴ
1459 2753 1812 2825 θεασάμενος,

231 2842 296 2893 τὸ
326 2842 539 2912 ἱμάτιον
573 2843 737 2907 εὐθὺς
769 2844 968 2907 ἀποδὺς
997 2844 1163 2916 ἁϐρόν
1202 2862 1257 2899 τι
1296 2848 1392 2901 καὶ
1415 2848 1709 2920 πολύτιμον
1736 2849 1814 2915 ὃν,

234 2933 385 3002 αὐτῴ
417 2934 619 2999 δίδωσι,
656 2935 825 2989 πολλὰ
854 2935 1068 3007 δεηθεὶς
1122 2936 1209 2990 διὰ
1248 2939 1448 3004 παντὸς
1493 2941 1625 2993 αὐτὸ
1662 2958 1817 3013 περι·

237 3015 539 3081 ϐαλέσθαιζ
561 3029 625 3080 Ὃ
668 3028 747 3094 δὲ,
779 3028 937 3082 τοῦτο
982 3030 1079 3099 μὲν
1113 3030 1380 3102 ἐρυθριῶν
1416 3032 1818 3102 μεγαλοπρεπεῖ

234 3119 473 3188 χρῆσθαι
503 3120 749 3192 τοιούτῳ,
781 3121 939 3175 τοῦτο
983 3122 1042 3176 δὲ
1082 3126 1171 3176 καὶ
1208 3126 1341 3193 πρὸς
1374 3126 1441 3179 τὰ
1496 3126 1630 3179 ἄλλα
1661 3128 1818 3180 πενό-

242 3226 428 3279 μενος,
455 3213 534 3274 είς
562 3211 659 3283 τὴν
704 3212 911 3283 ἀγορὰν
938 3213 1117 3285 τίθησι
1162 3216 1684 3289 διαπραθησόμενον.
1727 3218 1815 3283 Ὠς

232 3302 293 3354 δὲ
339 3303 691 3374 ὑποστρέφων
748 3305 776 3357 ό
830 3304 1068 3377 τελώνης
1124 3306 1223 3360 tam
1278 3309 1646 3379 κρεμάμενον,
1694 3312 1817 3381 ἀνία

237 3395 534 3465 συνεσχέθη
566 3394 756 3467 πολλῇ,
794 3396 1205 3468 σκυθρωπάζων
1230 3417 1288 3452 τε
1330 3395 1398 3470 ἦν
1439 3401 1819 3472 διαλογιζόμε-

236 3502 326 3547 νος
355 3486 437 3538 ὅτι
483 3486 559 3557 μὴ
612 3489 889 3555 ἐξεγένετο
944 3489 1093 3559 αὐτῷ
1130 3492 1343 3543 κεῖσθαί
1395 3509 1450 3544 τι
1511 3493 1589 3563 τῷ
1624 3497 1815 3565 πένητι

239 3578 373 3646 παρ’
407 3577 571 3631 αὑτοῦ
622 3579 991 3651 ἐλεημοσύνης
1042 3580 1360 3651 ὑπόμνημα.
1410 3582 1595 3635 Ταῦτα
1637 3584 1817 3636 τοίνυν

236 3666 571 3740 λογιζομένῳ
602 3669 768 3733 ὕπνος
798 3672 954 3743 ἐπῄει
983 3688 998 3703 ο
1030 3672 1318 3741 ἐφίσταται
1372 3673 1427 3727 δὲ
1480 3675 1628 3745 αὐτῷ
1684 3676 1817 3749 δναρ

236 3760 465 3824 εῦοπτός
492 3778 576 3824 τις
606 3763 747 3834 ἀνὴρ
778 3763 929 3833 ἡλίου
956 3764 1054 3834 τὴν
1082 3763 1231 3835 ὥραν
1256 3765 1628 3837 φαιδρότερος,
1656 3784 1818 3821 σταυ-

238 3853 331 3924 ρὸν
363 3854 459 3924 μὲν
497 3856 591 3910 ἐπὶ
619 3857 716 3925 τῆς
749 3856 993 3925 κεφαλῆς
1027 3855 1186 3927 ἔχων,
1223 3856 1284 3909 τὸ
1322 3857 1379 3910 δὲ
1422 3858 1634 3928 ἱμάτιον
1681 3861 1817 3931 ὅπερ

236 3946 397 4008 αὐτὸς
453 3947 531 4017 τῷ
582 3949 753 4018 ναύτῃ
808 3949 1144 4019 παρέσχετο,
1205 3948 1700 4021 περιϐεϐλημένος,
1757 3951 1817 4015 ὃς

237 4037 465 4107 πλησίον
513 4040 840 4110 γενόμενος·
895 4040 959 4092 Τί
1019 4040 1192 4109 δῆτα,
1244 4040 1365 4109 φίλε
1416 4043 1587 4113 Πέτρε
1640 4044 1818 4115 (τοῦτο

237 4130 348 4201 γὰρ
382 4127 447 4199 ἦν
475 4130 645 4200 ὃνομα
672 4131 751 4198 τῷ
780 4130 1035 4202 τελώνῃ),
1090 4132 1273 4195 ἀλύεις
1318 4133 1412 4186 καὶ
1454 4134 1615 4206 ὀδυνᾷ
1637 4138 1729 4203 ;"O
1762 4137 1817 4190 δὲ

237 4219 429 4292 ῶσπερ
452 4222 617 4292 γνοὺς
641 4223 787 4285 ὅστις
814 4223 901 4293 εἴη
936 4224 963 4274 ό
995 4225 1512 4294 προσφθεγγόμενος
1532 4244 1546 4258 ·
1572 4227 1813 4301 Ἐπειδὴ,

238 4311 366 4382 ἔφη,
394 4312 651 4377 δέσποτα,
681 4307 755 4368 ὧν
785 4314 947 4378 αὐτὸς
984 4315 1252 4378 πλουσίως
1296 4317 1427 4385 ἡμῖν
1460 4321 1815 4391 ἐμπαρέχεις,

238 4403 501 4466 πολλάκις
524 4405 638 4457 τισὶ
670 4405 1058 4469 κοινωνοῦντες
1103 4406 1201 4476 ούχ
1239 4407 1457 4478 ὁρῶμεν
1500 4411 1681 4475 καλῶς
1723 4414 1819 4465 αύ-

237 4498 361 4561 τοῦς
416 4498 528 4561 τοῖς
589 4497 788 4551 δοθεῖσι
844 4497 1158 4570 χρωμένους
1226 4498 1294 4550 δι’
1352 4502 1814 4571 αἰσχροκέρδειαν.

240 4589 413 4643 υῦπω
442 4592 532 4643 τὸν
566 4591 724 4659 λόγον
762 4593 969 4655 ἐκεῖνος
1002 4590 1265 4661 ἐπλήρου,
1289 4592 1381 4644 καὶ
1408 4594 1437 4643 ὁ
1468 4597 1656 4661 φανεὶς
1687 4596 1817 4648 ύπο-

235 4682 496 4737 δεικνύων
559 4683 708 4754 αὐτῷ
756 4684 816 4737 τὸ
859 4682 1107 4755 ἱμάτιον·
1147 4681 1566 4751 Ἐπιγινώσκεις
1613 4686 1808 4752 τοῦτο;

237 4775 370 4846 φησί
386 4794 403 4844 ;
458 4776 565 4829 Τοῦ
616 4776 672 4828 δὲ
720 4776 1117 4847 καταθεμένου,
1168 4775 1329 4829 πάλιν
1376 4776 1617 4839 ἐκεῖνος’
1663 4777 1814 4848 Ἰδοὺ,

235 4866 422 4931 ἐξότου
484 4868 702 4936 μοικαὶ
740 4863 1201 4939 παρέσχεςάύτὸ,
1247 4865 1338 4919 διὰ
1389 4867 1586 4931 παντὸς
1620 4868 1818 4923 ἐνδιδύ-

237 4976 464 5028 σκομαι.

308 5048 437 5105 ΛΘ’.
490 5049 644 5104 Ἐπεὶ
676 5050 731 5104 δέ
760 5052 851 5104 καὶ
876 5053 904 5105 ό
932 5050 1099 5115 ὕπνος
1129 5053 1329 5125 ἀνῆκεν
1355 5054 1539 5117 αὐτὸν,
1571 5056 1664 5107 ἐπὶ
1696 5054 1818 5108 νοῦν

133 5208 143 5219 ν
236 5144 433 5211 ἐλθὼν,
465 5144 772 5216 Εὐλογητὸς
808 5145 1034 5219 Κύριος,
1060 5146 1267 5217 ἔλεγεν,
1294 5151 1343 5202 εί
1366 5150 1457 5202 καὶ
1478 5150 1712 5216 Χριστὸς
1739 5144 1817 5213 εἷς

238 5233 378 5290 εἶναι
402 5237 513 5290 τῶν
541 5237 739 5291 ἐνδεῶν
773 5238 1041 5307 φαίνεται,
1063 5240 1165 5295 οὐκ
1195 5242 1383 5312 ἀνήσω
1409 5242 1603 5312 μέχρις
1634 5241 1699 5295 ἂν
1725 5243 1819 5294 καὶ

237 5330 400 5393 αὐτὸς
430 5325 510 5393 εἷς
536 5330 704 5383 τῶνδε
725 5331 833 5384 τῶν
857 5331 1153 5403 ἐλαχίστων
1176 5334 1441 5404 γένωμαι.
1471 5335 1818 5405 Παραχρῆμα

224 5422 417 5485 ,τοίνυν
456 5422 550 5475 τὸν
585 5421 881 5492 ἐπίτροπον
905 5424 1006 5494 τῆς
1030 5425 1205 5490 οἰκίας
1235 5425 1294 5489 ὃς
1322 5421 1389 5496 ἦν
1422 5408 1818 5497 ἀργυρώνητος

236 5512 387 5584 αὐτῷ
414 5514 674 5579 καλέσας,
718 5515 864 5586 Ἔχω
918 5517 1001 5569 σοί
1048 5535 1122 5585 τι,
1168 5517 1296 5588 ἔφη,
1346 5518 1456 5572 τῶν
1492 5519 1818 5591 ἀπορρήτων

234 5605 545 5671 πιστεῦσαι,
595 5606 733 5678 ὅπερ
780 5609 830 5661 εί
869 5607 1102 5680 ἔκφορον
1134 5609 1305 5680 θείης,
1358 5608 1390 5679 ἢ
1436 5607 1511 5679 μὴ
1553 5609 1764 5679 ἐργάσῃ
1790 5607 1819 5660 ὃ

233 5697 323 5748 ἐπ’
346 5695 495 5766 αὑτῷ
521 5696 807 5768 βούλομαι,
843 5698 1062 5771 μακρὰν
1086 5699 1186 5771 ἔσῃ
1219 5700 1311 5753 τοῦ
1341 5698 1474 5768 ἐμοῦ
1502 5697 1814 5768 προσώπου,

234 5786 329 5838 καὶ⁵
363 5788 443 5850 εἰς
476 5784 753 5856 βάρϐαρον
779 5789 1218 5861 ἀπεμποληθήσῃ
1245 5789 1372 5858 γῆν.
1405 5786 1594 5841 Ταῦτα
1623 5784 1815 5846 εἰπὼν,

233 5877 369 5931 δέκα
402 5877 498 5931 τοῦ
530 5878 753 5949 χρυσίου
782 5880 974 5952 λίτρας
1016 5882 1166 5953 αὑτῷ
1208 5878 1503 5952 ἐγχειρίζει
1554 5878 1647 5929 ἐπὶ
1679 5892 1819 5946 πριι-

235 5968 473 6040 γματείᾳ
491 5967 667 6040 τούτῳ
693 5971 1264 6043 καταϐληθησομέναςο
1288 5968 1428 6035 εἶτα,
1447 5971 1525 6040 Τῇ
1554 5982 1814 6039 πραγμα-

1921 2102 1973 2155 in
2003 2112 2222 2155 ventres
2244 2118 2541 2173 pauperum
2571 2105 2862 2161 infundens
2880 2146 2896 2171 ,
2923 2117 2979 2160 ut
3001 2117 3285 2177 postquam
3309 2108 3493 2164 omnia

1921 2192 2273 2263 profudisset,
2302 2211 2372 2250 ne
2400 2208 2498 2250 suo
2520 2198 2734 2266 quidem
2767 2211 3015 2268 parceret
3037 2202 3274 2270 corpori,
3309 2202 3402 2256 sed
3426 2218 3497 2257 eo

1919 2299 2138 2354 quoque
2162 2285 2328 2339 aleret
2363 2302 2650 2356 pauperes,
2680 2290 2895 2343 vendita
2927 2290 3206 2357 libertate;
3253 2300 3308 2345 ut
3335 2291 3497 2363 paulo

1920 2388 2043 2446 post
2073 2378 2275 2434 clarius
2306 2380 2679 2435 ostendemus.

1991 2648 2280 2706 XXXVI".
2318 2651 2378 2704 Ei
2424 2651 2565 2705 enim
2615 2650 2763 2705 eunti
2814 2650 2865 2704 in
2924 2650 3212 2716 teloninm,
3258 2654 3499 2707 occurrit

1923 2756 2084 2799 nauta
2128 2749 2300 2798 nudus
2339 2760 2401 2797 ex
2441 2744 2768 2814 naufragio:
2800 2758 2960 2813 quem
2993 2745 3208 2811 quidem
3255 2761 3374 2798 cum
3418 2747 3498 2800 vi-

1919 2838 2118 2900 disset,
2155 2848 2301 2891 reste
2331 2837 2510 2891 statim
2538 2818 2597 2891 se
2625 2851 2855 2902 exuens,
2888 2851 3008 2905 qum
3036 2847 3154 2890 erat
3186 2837 3411 2892 delicata
3440 2847 3495 2893 et

1918 2939 2262 2999 Sumptuosa,
2308 2930 2355 2983 ei
2398 2930 2593 2991 donat,
2627 2929 2854 2982 multum
2883 2938 3168 2998 precatus,
3200 2918 3252 2983 ut
3284 2945 3343 2984 ea
3375 2946 3498 2999 per-

1921 3032 2086 3094 petuo
2138 3024 2472 3076 iudueretur.
2515 3021 2607 3075 llle
2649 3030 2828 3075 autem
2875 3022 3069 3091 partim
3113 3023 3328 3090 quidem
3368 3037 3497 3076 eru—

1920 3115 2147 3170 bescens
2188 3114 2266 3167 uti
2309 3125 2456 3167 veste
2503 3112 2817 3183 magnifica,
2862 3113 3055 3180 partim
3097 3127 3223 3166 vero
3267 3114 3497 3167 aliarum

1923 3221 2136 3275 quoque
2161 3219 2338 3259 rerum
2366 3219 2588 3287 egenus,
2614 3204 2665 3256 iu
2691 3202 2806 3257 foro
2832 3205 3053 3272 exponit
3076 3205 3494 3260 utvenderetur.

1844 3290 1888 3348 C
1922 3299 2056 3353 Cum
2090 3308 2270 3352 autem
2304 3307 2584 3351 revertens
2608 3296 2929 3366 publicanus
2953 3311 3071 3350 eam
3104 3297 3495 3367 viditpenden-

1921 3404 2051 3460 tem,
2087 3408 2279 3463 magno
2306 3392 2407 3446 fuit
2437 3390 2664 3447 affectus
2688 3393 2907 3456 dolore,
2951 3401 3005 3445 et
3035 3404 3151 3447 erat
3176 3395 3382 3460 tristis,
3415 3412 3498 3450 re«

1921 3497 2116 3556 putans
2167 3487 2309 3555 quod
2367 3501 2473 3539 non
2526 3486 2574 3540 ei
2623 3484 2868 3541 licuisset
2915 3486 3223 3556 relinquere
3268 3489 3493 3556 pauperi

1920 3579 2136 3657 aliquod
2173 3577 2562 3631 monimentum
2611 3592 2724 3631 sua:
2765 3577 3173 3633 misericordiae.
3213 3578 3339 3633 Haec
3366 3594 3495 3634 cum

1919 3656 2221 3741 cegitaret,
2251 3670 2300 3723 ei
2332 3670 2547 3738 obrepit
2592 3685 2839 3728 somnus.
2880 3669 2935 3724 lu
2979 3671 3185 3725 somnis
3212 3656 3394 3726 autem
3428 3672 3493 3726 ad

1918 3778 2039 3819 eum
2076 3763 2285 3837 accedit
2327 3762 2412 3817 vir
2449 3764 2668 3832 quidam
2712 3762 2975 3833 insignis,
3000 3764 3129 3818 'sole
3159 3764 3341 3832 specie
3373 3764 3487 3818 ala-

1917 3855 2096 3920 erior,
2149 3868 2364 3910 crucem
2409 3855 2627 3925 quidem
2675 3856 2879 3910 habens
2925 3856 2976 3908 in
3020 3856 3223 3923 capite,
3275 3856 3494 3908 indutus

1918 3957 2101 4002 autem
2143 3957 2326 4013 veste,
2368 3961 2533 4015 quam
2575 3947 2689 4016 ipse
2732 3946 2952 4000 dederat
2994 3956 3188 3999 nautae.
3224 3943 3325 4011 Qui
3362 3959 3486 3998 cum

1918 4051 2084 4108 pr0pe
2102 4038 2452 4092 accessisset:
2480 4037 2590 4091 Cur
2612 4034 2806 4105 inquit,
2829 4036 2993 4091 chare
3017 4035 3175 4089 Petre
3197 4036 3323 4106 (hoc
3345 4036 3487 4089 enim

1919 4138 2038 4185 erat
2074 4144 2268 4184 nomen
2300 4129 2631 4199 publicano),
2673 4128 2889 4198 angeris
2932 4137 2988 4180 et
3043 4126 3350 4182 cruciaris?
3396 4127 3490 4181 lllc

1922 4231 2101 4277 autem
2136 4222 2364 4292 perinde
2407 4236 2471 4275 ac
2505 4219 2550 4273 si
2578 4228 2791 4286 nosset,
2831 4219 3077 4288 quisnam
3110 4228 3251 4274 esset
3290 4219 3380 4287 qui
3408 4219 3491 4274 lo-

1920 4317 2217 4386 quebatur:
2249 4312 2539 4380 Quoniam,
2579 4312 2777 4382 inquit,
2816 4311 3071 4378 Domine,
3103 4326 3221 4379 quae
3249 4320 3301 4363 tu
3334 4311 3493 4364 nobis

1919 4411 2132 4463 abunde
2156 4409 2390 4479 prtebes,
2420 4421 2481 4461 ea
2511 4405 2784 4461 nonnullis
2804 4419 2946 4472 szepe
2969 4404 3358 4473 impertientes,
3382 4417 3489 4455 non

1922 4500 2164 4551 videmus
2205 4512 2299 4550 eos
2341 4504 2487 4549 recte
2530 4494 2606 4548 uti
2653 4494 2718 4547 iis
2753 4508 2871 4561 qua:
2911 4494 3028 4547 data
3071 4500 3224 4554 sunt,
3275 4501 3494 4558 propter

1925 4600 2079 4658 turpe
2108 4588 2340 4641 lucrum.
2375 4586 2468 4641 llle
2509 4584 2744 4637 nondum
2786 4582 3364 4652 impleratorationem
3387 4616 3405 4643 ,
3437 4590 3493 4633 et

1921 4683 2012 4754 qui
2061 4690 2389 4749 apparuerat
2431 4680 2725 4732 ostendens
2771 4675 2820 4729 ei
2870 4682 3104 4728 vestem:
3156 4672 3491 4740 Agnoscisue

1920 4775 2102 4829 hanc?
2129 4771 2322 4841 inquit.
2346 4768 2552 4843 Cumis
2582 4778 2760 4822 autem
2785 4764 3123 4828 afﬁrmasset,
3157 4764 3245 4817 ille
3268 4778 3486 4817 rursus:

1924 4864 2083 4932 Ecce,
2118 4864 2314 4932 inquit,
2348 4877 2414 4917 ex
2446 4874 2554 4929 quo
2575 4868 2629 4912 tu
2657 4856 2784 4910 mihi
2812 4853 3255 4925 eamzpra-buisti,
3277 4868 3341 4908 ea
3367 4870 3488 4922 per-

1921 4965 2082 5025 petuo
2114 4955 2329 5009 induor.

1992 5039 2238 5111 XXXIX.
2282 5053 2572 5121 Postquam
2604 5046 2787 5103 autem
2826 5060 2952 5102 eum
2999 5044 3202 5101 dimisit
3242 5058 3491 5107 somnus,

1926 5152 2042 5204 haec
2071 5156 2252 5202 mente
2295 5146 2540 5213 agitans,
2570 5138 2895 5194 Benedictus
2944 5137 3221 5198 Dominus,
3259 5137 3441 5190 aiebat
3475 5157 3489 5192 :

1921 5241 1965 5296 si
2011 5238 2261 5293 Christus
2290 5234 2502 5287 videtur
2530 5241 2654 5282 esse
2691 5242 2831 5282 unus
2863 5242 2930 5282 ex
2961 5223 3344 5294 indigentibus,
3384 5239 3490 5277 non

1920 5330 2201 5390 desistam,
2230 5326 2401 5377 donec
2441 5322 2561 5389 ipse
2593 5332 2811 5388 quoque
2846 5318 2945 5377 sim
2974 5329 3110 5370 unus
3139 5327 3209 5368 ex
3237 5312 3306 5367 iis
3335 5313 3496 5365 mini-

1926 5419 2050 5473 mis.
2094 5415 2291 5472 Statim
2342 5425 2474 5478 ergo
2515 5416 2713 5462 vocato
2763 5413 3111 5476 procuratore
3154 5404 3365 5463 domus.
3404 5406 3503 5470 qui

1925 5509 2102 5564 fuerat
2140 5504 2209 5559 ab
2250 5503 2369 5571 ipso
2412 5507 2672 5569 emptus:
2706 5496 2863 5562 Volo,
2898 5496 3099 5564 inquit,
3137 5492 3235 5545 tibi
3277 5491 3508 5549 credere

1922 5596 2190 5669 quoddam
2233 5604 2520 5654 arcanum,
2562 5588 2715 5658 quod
2752 5588 2798 5643 si
2842 5580 3238 5643 enuntiaveris,
3282 5588 3375 5632 aut
3406 5582 3521 5640 nisi

1919 5690 2168 5745 elfectum
2222 5681 2555 5747 reddideris,
2612 5680 2758 5750 quod
2807 5680 2949 5742 volo,
2996 5669 3189 5742 procul
3238 5670 3464 5726 recedes
3497 5693 3537 5735 ιι

1921 5797 2041 5838 meo
2092 5786 2409 5845 conspectu,
2466 5784 2523 5826 et
2571 5772 2832 5827 venderis
2881 5771 2934 5823 in
2982 5763 3231 5819 barbara
3282 5764 3541 5831 regione.

1922 5872 2047 5925 llaec
2070 5884 2191 5924 cum
2216 5866 2477 5927 dixisset,
2514 5865 2710 5917 decem
2740 5861 2908 5914 libras
2940 5851 3063 5908 auri
3094 5848 3148 5901 ei
3183 5850 3398 5915 tradit,
3427 5871 3562 5926 (μα

1929 5969 2084 6017 erant
2118 5961 2167 6015 ei
2222 5956 2509 6013 solvenda:
2550 5956 2623 6009 ob
2670 5948 3127 6020 negotiationem.
3189 5937 3583 6011 Deindequ
