3828 6522
340 443 441 508 931

1574 435 1853 497 MENSIS
1892 428 2350 497 JANUARIUS.

3475 427 3575 488 €332

341 576 589 633 quoque,
633 558 839 629 inquit.
887 572 1103 613 assume
1155 557 1219 610 ad
1281 554 1420 610 hanc
1486 555 1903 625 negotiationem

2035 551 2150 620 ἐία,
2208 549 2376 618 φησὶ,
2438 544 2579 616 κάμὲ
2645 541 3092 614 συμπαραλαϐὼν
3160 540 3337 613 (τοίτο
3386 544 3495 613 γὰρ
3531 548 3590 598 τὸ

293 643 304 657 ’
343 656 468 723 (hoc
499 661 580 708 est
624 652 767 707 cni'u
802 652 1085 718 arcanum)
1121 661 1175 703 et
1215 664 1338 703 curn
1393 662 1478 703 ne
1516 647 1809 701 abduxeris
1842 645 1907 698 ad

344 752 522 812 partes
560 750 759 797 Sancta:
801 740 1059 805 civitatis,
1099 740 1207 792 illic
1249 754 1333 792 me
1388 738 1558 793 vende
1602 736 1912 792 Christiano

342 834 502 888 alicui
557 842 809 901 tanquam
845 832 1195 901 mancipium.
1238 830 1389 897 Quod
1433 840 1611 883 autem
1650 829 1716 882 ad
1764 840 1813 881 te
1845 843 1909 882 ex

340 939 406 977 eo
444 923 639 976 redibit
694 922 959 990 pretium,
1009 931 1488 989 quantumcunque
1535 917 1719 980 fuerit,
1755 919 1913 972 detur

349 1015 697 1086 pauperibus.
718 1006 875 1077 cum,
908 1022 1192 1084 postquam
1223 1012 1314 1065 diu
1336 1011 1639 1084 institisset,
1675 1009 1762 1063 vix
1791 1017 1908 1063 tan-

342 1109 461 1162 dem
514 1106 561 1160 ei
605 1107 984 1176 persuasisset,
1037 1106 1181 1158 venit
1230 1118 1352 1157 cunt
1401 1117 1467 1157 eo
1518 1103 1908 1172 Hierosolyma.

342 1198 458 1265 Quo
502 1199 553 1253 in
608 1199 747 1263 loco,
779 1212 900 1252 cum
950 1197 1004 1249 in
1040 1198 1324 1264 quemdam
1374 1196 1629 1256 amicum,
1672 1195 1762 1263 qui
1794 1199 1913 1247 erat

344 1292 561 1361 quidem
618 1300 737 1344 arte
782 1290 1014 1352 aurifex,
1063 1289 1341 1343 incicissct
1417 1297 1735 1355 procurator
1774 1286 1913 1349 (erat

344 1393 521 1434 autem
550 1382 597 1434 ei
632 1395 825 1433 nomen
862 1378 1063 1443 Zoilus,
1095 1380 1182 1446 qui
1211 1387 1430 1447 propter
1459 1376 1694 1445 aliquem
1727 1390 1911 1428 casum

344 1472 597 1525 redactus
630 1480 747 1523 erat
774 1473 837 1523 ad
867 1469 1153 1538 inopiam),
1186 1467 1387 1523 Servus
1412 1478 1517 1531 est,
1552 1467 1746 1535 inquit,
1781 1465 1912 1518 mihi

344 1559 499 1613 valde
546 1561 767 1613 bonus:
818 1574 977 1627 quem
1030 1561 1074 1614 si
1115 1574 1197 1612 me
1247 1557 1471 1613 audiens
1516 1555 1733 1621 etmris,
1781 1555 1912 1609 nihil

346 1653 450 1706 erit
514 1649 925 1720 impedimento,
964 1652 1254 1720 quominus
1293 1653 1359 1704 ad
1413 1651 1693 1720 pristinam
1729 1649 1916 1701 redeas

346 1742 681 1800 felicitatem.
710 1743 803 1798 Est
835 1744 976 1797 enim
1005 1759 1108 1797 non
1140 1744 1310 1798 solum
1343 1743 1499 1797 bonis
1525 1742 1791 1807 moribus,
1821 1740 1915 1794 sed

347 1838 511 1892 etiam
552 1836 606 1891 in
642 1836 912 1891 fundendo
939 1852 1073 1891 auro
1102 1853 1312 1891 summe
1343 1836 1697 1902 exercitatus,
1741 1834 1916 1887 ftiCl‘ol.

2010 643 2366 713 ἀπόρρητον),
2383 638 2476 691 καὶ
2498 638 2636 708 πρὸς
2653 636 2724 689 τὰ
2743 637 2844 706 τῆς
2873 637 3033 705 ἁγίας
3055 637 3259 703 πόλεως
3286 637 3592 705 ἀπαγαγὼν

2016 734 2175 804 μέρη,
2209 734 2326 784 ἐκεῖ
2364 748 2431 801 με
2476 728 2789 800 Χριστιανῷ
2834 746 2938 782 τινι
2986 729 3238 801 καθάπερ
3274 730 3332 783 ἓν
3361 727 3470 782 τῶν
3501 731 3595 783 ἁν-

2010 826 2290 898 δραπόδων
2320 824 2601 894 πώλησονο
2634 824 2695 876 τὸ
2724 824 2779 877 δέ
2814 823 3063 877 ἐντεῦθεν
3100 824 3590 894 περιελευσόμενόν

2016 935 2098 971 σοι
2129 918 2368 987 τίμημα,
2403 916 2527 969 ὅσον
2560 915 2623 968 ἂν
2658 918 2751 967 καὶ
2782 916 2889 986 εῐη,
2932 916 3142 987 δοοήτω
3185 916 3405 984 πένησι.
3438 917 3597 970 Μετὰ

2018 1009 2224 1079 πολλὴν
2253 1008 2387 1077 γοῦν
2425 1007 2523 1078 τὴν
2547 1008 2819 1073 ἔνστασιν,
2850 1007 3175 1061 καταπειθοῖ
3204 1008 3357 1078 μόλις
3387 1008 3597 1062 ἐκεῖνον

2014 1099 2211 1164 λαϐὼν,
2245 1098 2437 1167 φθάνει
2470 1100 2564 1151 σὺν
2591 1097 2739 1167 αὐτῷ
2763 1099 2831 1151 τὰ
2865 1098 3234 1170 Ἱεροσόλυμα·
3257 1098 3388 1151 ἔνθα
3423 1116 3599 1169 προσ-

2014 1192 2158 1258 φιλεί
2183 1208 2289 1244 τινι
2311 1193 2338 1243 ὁ
2358 1191 2650 1261 ἐπίτροπος
2680 1189 2918 1261 ἐντυχὼν
2952 1193 3318 1263 ἀργυροκὸπῳ
3352 1193 3453 1262 μὲν
3500 1193 3602 1261 τὴν

2012 1282 2232 1352 τέχνην,
2266 1282 2457 1351 Ζωίλῳ
2502 1282 2557 1334 δὲ
2588 1280 2849 1349 τοῦνομα,
2879 1271 3001 1335 τότέ
3033 1282 3089 1335 δὲ
3124 1283 3267 1337 κατὰ
3295 1300 3415 1336 τινα
3446 1300 3604 1352 περιο

2015 1373 2237 1425 πέτειαν
2263 1372 2379 1443 βίου
2410 1372 2628 1442 ἀπόρως
2656 1373 2748 1425 καὶ
2781 1373 2972 1434 ἐνδεῶς
3003 1373 3204 1443 ἔχοντι,
3257 1373 3455 1437 Δοῦλός
3482 1374 3605 1425 ἐστί

2019 1481 2129 1535 μοι,
2164 1464 2269 1534 ἔφη
2318 1462 2483 1533 αὐτῷ,
2526 1465 2666 1517 πάνυ
2727 1465 2931 1535 σφόδρα
2980 1465 3164 1529 καλός.
3218 1467 3313 1519 Ὃν
3364 1469 3414 1519 εἰ
3466 1466 3606 1536 ἐμοῦ

2015 1556 2258 1620 ἀκούσας
2280 1556 2490 1629 ὠνήσῃ,
2523 1558 2674 1610 οὐδὲν
2712 1559 2773 1609 τὸ
2805 1557 3017 1611 κωλῦον
3040 1556 3203 1622 ἔξεις,
3239 1558 3313 1628 μὴ
3336 1558 3405 1611 δι’
3432 1557 3603 1611 αὑτοῦ

2018 1649 2181 1702 πάλιν
2226 1651 2309 1713 εἰς
2370 1650 2431 1703 τὸ
2469 1645 2527 1704 εὖ
2578 1650 2838 1720 πράττειν
2883 1650 3196 1704 ἐπανελθεῖν
3238 1650 3314 1713 ὼς
3362 1650 3423 1702 τὸ
3462 1650 3608 1720 πρό·

2016 1757 2072 1793 τε
2083 1758 2195 1810 ρον.
2224 1742 2379 1795 Ἔστι
2400 1740 2509 1813 γὰρ
2533 1743 2593 1795 οὐ
2615 1742 2788 1808 δεξιὸς
2813 1742 2976 1811 μόνον
3002 1742 3092 1795 τὸν
3111 1742 3333 1813 τρόπον,
3352 1741 3485 1794 ἀλλὰ
3514 1742 3609 1793 καὶ

2018 1834 2118 1902 τὴν
2150 1834 2515 1905 χρυσοχοϊκὴν
2547 1833 2734 1903 ἄκρως
2768 1833 3165 1904 ἐξησκημένος.
3203 1832 3313 1885 Καὶ
3347 1832 3456 1902 γὰρ
3481 1827 3554 1901 ἦν
3581 1836 3610 1884 ὁ

344 1930 487 1984 enim
521 1929 714 1983 Petrus
741 1928 868 1983 huic
911 1944 1128 1998 quoque
1171 1928 1273 1980 arti
1307 1940 1516 1981 summe
1556 1926 1787 1979 deditus.
1823 1925 1913 1977 ille

2035 1896 2232 1996 Πέτρος
2398 1896 2534 1995 πρῖὺς
2563 1896 2725 1979 τουτο
2760 1896 2899 1996 ἔχων
2927 1896 3271 1998 ἐπιτηδείως.
3308 1896 3373 1978 ’ό
3416 1896 3474 1978 δέ
3504 1896 3613 1995 τὴν

346 2030 523 2076 autem
570 2020 752 2074 statim
807 2021 860 2074 in
912 2020 1144 2074 medium
1200 2020 1472 2072 adducens
1516 2027 1911 2088 paupertatem,

345 2131 467 2167 eum
512 2129 616 2181 qua
649 2112 1080 2175 (‘t)l:mt‘lzll);llllt‘,
1119 2112 1325 2164 dicebat
1375 2128 1430 2164 se
1467 2126 1570 2163 non
1611 2125 1767 2178 pOsse
1792 2122 1913 2162 eum

345 2216 549 2257 emere.
597 2196 703 2257 Sed
753 2209 929 2255 tamen
962 2200 1049 2255 ille
1096 2202 1273 2255 verbis
1312 2201 1468 2254 amici
1521 2213 1831 2270 petsuasus,
1863 2209 1917 2252 et

349 2310 486 2351 auro
518 2303 740 2365 accepto
794 2295 986 2358 fcnori,
1033 2293 1188 2347 emit'
1213 2293 1330 2347 zelo
1371 2294 1662 2347 terrentem
1697 2293 1915 2345 Petrum

351 2392 456 2460 lt'ig
480 2399 570 2442 nta
620 2389 875 2441 nummis.
910 2386 1057 2454 Quos
1084 2401 1207 2441 cum
1243 2386 1544 2455 accepisset
1572 2391 1916 2456 procurator,

350 2481 444 2536 ivit
473 2480 1025 2548 Constantinopolim.

579 2570 803 2623 Liccbat
837 2584 965 2639 ergo
993 2569 1175 2645 videre
1208 2583 1352 2635 eum,
1386 2567 1476 2637 qui
1508 2576 1727 2637 propter
1766 2565 1920 2621 Chri-

350 2676 493 2720 stum
522 2665 877 2718 voluntariam
908 2672 1224 2729 susceperat
1256 2663 1592 2725 servitutem,
1617 2659 1922 2730 diligentis-

351 2757 488 2811 sime
518 2756 734 2810 doniino
774 2770 873 2810 suo
900 2754 1283 2809 inservientem
1314 2752 1366 2806 in
1397 2752 1669 2816 omnibus,
1708 2765 1828 2819 qua:
1855 2748 1920 2801 ad

352 2863 507 2902 usum
539 2847 730 2901 domus
771 2848 1136 2916 pertinebant,
1178 2844 1510 2915 jejuuiisque
1558 2853 1837 2894 vacantem
1870 2850 1926 2895 et

355 2940 552 3010 vigiliis
585 2955 600 2992 :
633 2953 749 3008 qua:
782 2938 1067 3003 faciebant,
1100 2947 1160 2992 ut
1187 2954 1273 2993 res
1296 2936 1497 2990 domini
1526 2936 1917 2989 incrementum

357 3032 691 3101 accipereut,
744 3041 801 3085 ut
848 3033 1295 3087 benedicerentur
1349 3030 1464 3097 ejus
1515 3027 1741 3092 ultima;
1779 3028 1923 3082 sicut

352 3121 490 3177 Jobo
520 3124 564 3187 ⁸,
613 3124 785 3193 magis
836 3139 997 3192 quam
1050 3124 1247 3191 priora.
1302 3120 1400 3188 Qui
1449 3121 1609 3174 etiam
1659 3134 1923 3172 summam

354 3213 475 3280 ejus
507 3215 760 3267 virtutem
813 3228 1103 3278 venerans,
1153 3214 1423 3284 cogitabat
1463 3228 1583 3267 eum
1629 3212 1922 3265 manumit-

260 3314 274 3325 ‘
359 3315 492 3367 tere,
523 3294 749 3358 etiamsi
780 3304 872 3359 ille
919 3306 969 3359 id
1004 3307 1224 3359 minime
1270 3306 1586 3371 admiserit,
1623 3304 1807 3357 volens
1839 3317 1929 3372 po-

363 3394 471 3449 tius
521 3395 573 3448 in
626 3396 888 3451 servitute
929 3406 1148 3467 propter
1180 3397 1454 3451 Christum
1498 3397 1728 3466 perpeti,
1763 3410 1925 3464 quam

357 3502 480 3542 eum
529 3487 775 3543 libertate
824 3490 1127 3559 quiescere.
1180 3490 1284 3545 Sed
1333 3492 1457 3559 quis
1496 3491 1677 3544 dicere
1708 3489 1929 3542 Omnino

362 3580 599 3649 potuerit
626 3596 882 3650 cas,qu:e
920 3585 967 3634 ei
1010 3597 1039 3635 a
1082 3582 1318 3651 maligno
1360 3583 1748 3644 inferebantur,
1791 3580 1928 3634 allii-

358 3669 604 3724 ctiones?
644 3669 966 3740 Quicunque
987 3673 1129 3726 enim
1161 3681 1321 3726 erant
1351 3687 1381 3725 a
1413 3672 1635 3738 familia,
1673 3681 1929 3739 tanquam

358 3772 553 3816 emotae
615 3763 811 3817 mentis
868 3765 1176 3834 quempiam
1229 3774 1582 3832 reputantes,
1640 3764 1932 3834 aliquando

359 3853 577 3923 quidem
630 3869 759 3909 eum
818 3856 1135 3921 irridebaut,
1179 3855 1466 3924 aliquando
1519 3863 1698 3909 autem
1748 3854 1932 3925 alapas

362 3943 695 4015 itiﬂigcbanl,
740 3955 793 3999 et
836 3960 942 3999 non
994 3945 1324 3999 desistebant
1363 3934 1412 3998 ei
1459 3944 1710 3998 omnibus
1763 3944 1934 3996 modis

365 4033 560 4089 afferre
607 4037 929 4091 molestiam.
979 4037 1416 4105 Quotiescunque
1468 4043 1645 4089 autem
1680 4036 1935 4105 contigis-

363 4133 449 4180 set
472 4139 617 4192 eum,
649 4127 991 4182 contumeliis
1021 4143 1049 4180 a
1074 4130 1352 4181 conservis
1381 4125 1655 4192 affectum,
1691 4126 1933 4181 dormire

366 4232 489 4271 cum
529 4218 697 4272 animi
734 4220 1078 4288 aegritudine,
1123 4219 1280 4274 toties
1308 4219 1356 4273 ei
1388 4219 1680 4274 assistebat
1713 4219 1764 4272 iu
1792 4234 1936 4274 som—

370 4310 478 4375 nis,
514 4310 604 4379 qui
630 4311 684 4364 in
708 4310 891 4365 Africa
915 4310 982 4364 ah
1009 4325 1073 4364 eo
1100 4310 1251 4366 visus
1276 4311 1471 4377 fuerat,
1504 4309 1791 4382 ferensque
1824 4310 1939 4379 ejus

374 4413 619 4467 vestem,
652 4411 707 4455 et
736 4403 967 4471 pretium
1010 4402 1230 4470 triginta
1264 4415 1459 4458 aureos
1487 4403 1690 4459 habens
1735 4406 1788 4457 in
1820 4418 1939 4461 ma-

365 4496 527 4552 nibus
559 4511 573 4548 :
599 4493 679 4549 Ne
708 4494 783 4550 sis
811 4496 1001 4563 tristis,
1034 4498 1233 4563 aiebat,
1265 4496 1432 4553 frater
1454 4488 1640 4555 Petre.
1658 4499 1768 4573 Ego
1793 4502 1938 4556 enim

366 4585 530 4640 etiam
573 4592 722 4639 tuum
759 4586 941 4654 accepi
981 4588 1237 4655 pretium,
1262 4590 1402 4646 sicut
1428 4592 1578 4661 prius
1600 4603 1827 4650 vestem.

438 4676 577 4735 XLI.
619 4679 934 4735 lutercessit
967 4681 1299 4750 aliquantum
1329 4686 1609 4754 temporis,
1639 4695 1693 4739 et
1721 4684 1940 4754 quidam

365 4769 459 4838 qui
489 4779 644 4823 erant
673 4768 912 4838 ejusdem
950 4770 1110 4841 cujus
1138 4772 1331 4828 Petrus
1359 4775 1615 4844 regionis,
1648 4786 1765 4830 arte
1793 4777 1941 4829 auri-

369 4862 520 4922 llces,
551 4861 658 4913 voti
695 4875 859 4914 causa
894 4871 948 4915 et
996 4864 1326 4918 adoratiouis
1345 4877 1710 4934 pervenerunt
1733 4869 1798 4922 ad
1823 4867 1939 4922 loca

364 4953 691 5006 veneranda.
720 4951 868 5018 Quos
891 4954 1140 5010 dominus
1171 4954 1309 5024 ejus,
1346 4966 1405 5011 ut
1447 4958 1537 5029 qui
1575 4968 1762 5013 essent
1791 4960 1938 5030 ejus-

366 5043 488 5099 dem
523 5043 679 5112 artis,
708 5044 925 5100 domum
961 5036 1150 5102 ductos
1176 5049 1384 5117 accepit
1407 5051 1551 5104 omni
1586 5051 1936 5122 benignitate.

367 5133 561 5190 Petrus
588 5146 766 5189 autem
812 5152 935 5192 eum
989 5140 1067 5192 eis
1113 5139 1449 5194 ministraret
1469 5180 1486 5206 ,
1513 5150 1568 5195 et
1597 5142 1742 5196 viros
1771 5159 1937 5213 agno-

365 5227 556 5290 visset,
602 5229 836 5298 seipsuin
896 5229 1104 5284 celabat
1155 5246 1251 5299 pro
1300 5232 1532 5297 vitibus,
1584 5243 1640 5289 et
1685 5237 1938 5291 omnibus

366 5319 545 5374 modis
568 5320 865 5373 conabatur
891 5320 1083 5376 latere.
1113 5318 1195 5376 illi
1249 5337 1377 5378 vero
1408 5333 1657 5395 tanquam
1683 5340 1778 5396 per
1801 5327 1940 5397 figu-

365 5426 484 5464 ram
523 5412 766 5482 corporis
788 5428 911 5467 eum
959 5414 1298 5485 indagantes,
1332 5429 1683 5485 agnoverunt.
1717 5419 1781 5474 Et
1824 5421 1939 5490 pri-

368 5518 512 5557 mum
564 5506 779 5572 quidem
817 5513 958 5559 mter
1002 5522 1061 5561 se
1093 5508 1451 5562 susurrabant
1490 5527 1504 5563 :
1546 5509 1936 5565 dubitationem

364 5595 509 5653 enim
533 5595 614 5654 eis
636 5596 895 5654 afferebat
917 5598 1233 5656 similitudo.
1262 5600 1554 5671 Postquam
1583 5611 1761 5656 autem
1786 5604 1935 5657 illum

366 5686 547 5759 ipsum
592 5704 714 5744 esse
753 5701 938 5760 aperte
981 5702 1353 5763 agnoverunt,
1408 5693 1769 5749 communiter
1813 5709 1934 5749 cum

441 5870 460 5898 ⁶
488 5868 608 5924 Jul).
639 5887 739 5924 uti
776 5874 838 5926 l2

2024 2018 2272 2071 σύνοικον
2300 2019 2467 2091 εὐθὺς.
2487 2018 2922 2089 προϐαλλόμενος
2951 2018 3206 2087 ἀπορίαν,
3241 2018 3316 2087 μὴ
3342 2017 3611 2071 δύνασθαι

2022 2109 2119 2181 τὴν
2153 2110 2326 2180 ἀρχὴν
2356 2110 2508 2179 ἔλεγε
2552 2109 2743 2165 τοῦτον
2787 2109 3068 2163 ὠνεῖσθαι.
3118 2108 3266 2178 Πλὴν
3315 2108 3451 2162 ἀλλὰ.
3495 2110 3612 2169 τοῖς

2022 2202 2116 2255 τοῦ
2154 2203 2309 2272 φίλου
2355 2203 2534 2271 λόγοις
2573 2202 2818 2266 πεισθεὶς
2877 2202 2972 2255 καὶ
3021 2201 3245 2272 χρυσίον
3294 2198 3477 2253 λαϐὼν
3529 2200 3613 2261 εἰς

2022 2294 2266 2359 δάνειον,
2318 2293 2541 2347 ὠνεῖται
2589 2295 2681 2347 τὸν
2737 2295 2941 2365 Θερμον
2992 2285 3201 2366 Πέτρον
3251 2292 3611 2364 νομισμάτων

2022 2387 2342 2456 τρίακοντα,
2383 2386 2418 2440 ἂ
2457 2388 2553 2439 καὶ
2596 2386 2930 2459 παραλαϐὼν
2972 2388 3000 2440 ὁ
3046 2387 3363 2459 ἐπίτροπος,
3410 2382 3613 2455 ἐχώρει

2027 2479 2162 2548 πρὸς
2185 2480 2286 2547 τὴν
2311 2479 2911 2533 Κωνσταντινούπολιν.

2096 2575 2189 2628 Μ’.
2211 2564 2318 2626 Ἦν
2348 2572 2439 2627 οὖν
2492 2574 2621 2627 ἰδεῖν
2676 2574 2767 2627 τον
2818 2573 2906 2627 διὰ
2947 2573 3181 2643 Χριττὸν
3229 2570 3479 2625 ἐκοῦσιον
3508 2569 3612 2639 τὴν

2025 2664 2269 2719 δουλείαν
2295 2664 2701 2737 προῃρημένον,
2732 2666 3135 2737 ἐπιμελέστατα
3156 2663 3235 2735 τῷ
3272 2664 3512 2733 δεσπότῃ
3535 2664 3615 2732 τῷ

2028 2756 2222 2813 ἑαυτοῦ
2246 2759 2340 2812 ἐπὶ
2368 2758 2570 2821 πάσαις
2587 2760 2705 2822 ταῖς
2728 2759 2849 2812 κατ’
2879 2754 3029 2812 οἷκον
3050 2757 3265 2829 χρείαις
3300 2756 3615 2826 ὑπηρετοῦ·

2032 2866 2228 2919 μενον·
2288 2849 2565 2917 νηστείαις
2629 2866 2690 2901 τε
2735 2850 2798 2902 τὸ
2849 2849 3112 2918 παράπαν
3157 2849 3251 2902 καὶ
3281 2848 3619 2919 ἀγρυπνίαις

2030 2939 2423 3011 προσκείμενον
2450 2955 2469 2972 ⁶
2505 2940 2540 2994 ἃ
2567 2942 2662 2994 καὶ
2687 2941 2823 3011 πρὸς
2852 2939 3170 3011 πληθυσμὸν
3198 2938 3369 2995 ἐποίει
3395 2939 3491 2993 καὶ
3519 2937 3621 2992 αὖ·

2032 3032 2183 3099 ξησιν
2237 3033 2305 3084 τὰ
2347 3031 2440 3084 τοῦ
2472 3033 2733 3086 δεσπότου
2783 3033 3120 3095 ἐπιδιδόναι,
3170 3033 3246 3097 ὡς
3294 3033 3607 3102 εὐλογηθῆ-

2031 3141 2117 3177 ναι
2143 3124 2283 3176 κατὰ
2320 3124 2411 3177 τδν
2481 3124 2601 3176 Ἰὼϐ
2652 3126 2718 3179 τὰ
2778 3125 2981 3195 ἔσχατα
3016 3125 3217 3195 μᾶλλον
3265 3124 3434 3178 αὑτοῦ
3477 3126 3512 3196 ἢ
3550 3127 3621 3178 τὰ.

2033 3217 2362 3287 ἔμπροσθεν,
2410 3218 2468 3280 ὃς
2502 3219 2594 3271 καὶ
2639 3219 2748 3288 ,τὴν
2777 3218 2950 3289 ἄκραν
3000 3219 3202 3289 ἀρετὴν
3260 3218 3425 3271 αὑτοῦ
3488 3219 3621 3270 δυσ-

2028 3307 2177 3360 ωπού
2186 3324 2363 3377 μενος,
2386 3310 2600 3376 αφείναι
2625 3309 2721 3376 τῆς
2741 3308 2985 3370 δουλείας
3000 3308 3268 3373 διενοεῖτο,
3289 3307 3390 3360 κᾶν
3407 3309 3625 3372 ἐκεῖνκ

2029 3400 2232 3470 ἥκιστα
2273 3398 2608 3470 παρεδέξατο
2638 3399 2738 3468 τὴν
2761 3401 2819 3453 ἐν
2841 3399 3058 3471 δουλαεᾳ
3099 3399 3188 3452 διὰ
3230 3399 3467 3470 Χριστὸν
3496 3400 3624 3452 3):;-

2033 3509 2191 3561 μενος
2224 3490 2670 3559 κακοπάθειαν,ῆ
2714 3491 2813 3562 τὴν
2851 3490 2969 3562 μετ’
3020 3490 3333 3561 ἐλευθερίας
3369 3490 3622 3544 ἀνάπαυ-

2033 3602 2138 3638 σιν.
2177 3583 2337 3638 me
2363 3583 2447 3646 τίς
2472 3583 2537 3636 ἂν
2564 3581 2768 3653 ἐξείποι
2790 3580 2887 3644 τὰς
2910 3582 2973 3634 ἐκ
2997 3580 3093 3634 τοῦ
3135 3580 3377 3654 πονηροῦ
3396 3583 3622 3645 πάντως

2032 3676 2377 3746 ἐπαγομένας
2406 3674 2555 3744 αὐτῷ
2584 3673 2825 3743 Gidd/sig
2858 3675 2920 3727 Οἱ
2945 3675 3053 3744 γὰρ
3082 3674 3180 3744 τῆς
3211 3673 3389 3737 οἰκίας
3414 3674 3625 3738 πάντες

2032 3768 2107 3831 ὦς
2126 3786 2249 3821 τινα
2279 3768 2602 3838 παράκοπον
2623 3768 2751 3820 ὄντα
2774 3770 2892 3830 ταῖς
2924 3769 3087 3840 φρεσὶ
3110 3765 3450 3837 λογιζόμενοι
3483 3767 3623 3822 ποτὲ

2038 3862 2137 3931 μὲν
2166 3862 2527 3914 ἀπέσκωπτον
2557 3862 2635 3923 είς
2669 3860 2849 3927 αὐτὸν,
2904 3859 3033 3914 ποτὲ
3061 3860 3119 3912 δὲ
3143 3861 3236 3912 καὶ
3287 3860 3380 3912 ἐπὶ
3410 3860 3625 3933 κόρρης

2035 3959 2350 4029 ἐρράπιζον,
2374 3957 2470 4010 καὶ
2492 3958 2668 4011 πάντα
2686 3957 2885 4027 τρόπον
2898 3955 3155 4018 ἁνιῶντες
3171 3956 3229 4008 οὺ
3242 3954 3623 4024 διελίμπανον.

2047 4048 2273 4112 Ὁσάκις
2299 4047 2392 4101 οὖν
2426 4049 2667 4118 συμϐαίη
2699 4047 2890 4101 τοῦτον
2914 4047 3019 4101 ὑπὸ
3044 4048 3152 4100 τῶν
3174 4046 3483 4118 ὁμοδούλων
3508 4048 3619 4115 ἐμ-

2039 4141 2490 4212 παροινοΰμενον,
2549 4142 2606 4192 ἐν
2680 4139 2826 4211 λύπῃ
2886 4139 3235 4211 κοιμηθῆναι,
3288 4140 3628 4202 τοσαυτάκις

2039 4232 2188 4303 αὐτῷ
2217 4232 2351 4303 ὄναρ
2381 4233 2642 4302 ἐφίστατο
2666 4233 2694 4284 ὁ
2728 4232 2785 4284 ἐν
2819 4232 3050 4301 Ἀφρικῇ
3078 4230 3321 4301 ὁραθεῒς,
3347 4230 3534 4300 φορῶν
3563 4247 3625 4283 τι

2040 4323 2207 4378 αὐτοῦ
2264 4323 2326 4377 τδ
2370 4324 2585 4395 ἱμάτιον
2650 4322 2744 4377 καὶ
2801 4322 2899 4393 τὴν
2933 4324 3101 4393 τιμὴν
3138 4323 3265 4386 τοὺς
3321 4325 3627 4393 τριάκοντα

2040 4416 2276 4485 χρυσοῦς
2308 4415 2447 4487 μετά
2473 4418 2662 4486 χεῖρας
2712 4413 2849 4485 ἔχων
2870 4453 2887 4480 ,
2920 4414 3013 4483 Μὴ
3065 4413 3263 4484 ἀθύμει
3289 4432 3369 4479 τε,
3402 4415 3624 4485 ἀδελφέ,

2041 4509 2236 4577 λέγων,
2273 4507 2468 4579 Πέτρε.
2522 4506 2653 4559 Ἰδοὺ
2685 4507 2795 4577 γὰρ
2825 4506 2934 4573 ἐγὼ
2981 4506 3077 4559 καὶ
3104 4505 3204 4576 τὴν
3232 4505 3399 4575 τιμὴν
3423 4505 3627 4574 εἴληφα

2044 4603 2143 4673 τὴν
2187 4603 2310 4672 σὴν,
2344 4599 2534 4671 ὥσπερ
2560 4600 2826 4671 πρότερον
2851 4599 2912 4651 τὸ
2945 4599 3184 4668 ἱμάτιον.

2118 4688 2256 4744 MA’.
2291 4689 2496 4759 Χρόνος
2529 4688 2719 4759 ἐτρίϐη
2766 4687 2826 4740 τὸ
2853 4688 3079 4758 μεταξὺ.
3105 4686 3197 4740 καί
3229 4688 3626 4761 τινεςὸμόχωο

2045 4798 2129 4851 ροι
2154 4781 2233 4849 τῷ
2260 4780 2450 4851 Πέτρῳ
2482 4780 2852 4850 ἀργυροκόποι
2877 4779 2974 4851 τὴν
3008 4780 3222 4850 τέχνην,
3249 4780 3418 4849 εὐχῆς
3466 4782 3628 4851 χάριν

2043 4872 2138 4924 καὶ
2176 4871 2605 4940 προσκυνήσεως
2651 4869 2776 4931 τοὺς
2826 4869 3156 4941 σεϐασμίους
3196 4870 3498 4925 κατέλαϐον
3531 4870 3626 4925 τό-

2043 4981 2207 5026 πουςο
2262 4962 2356 5026 οὒς
2389 4964 2417 5015 ὁ
2454 4963 2719 5033 δεσπότης
2756 4962 2921 5017 αὐτοῦ
2949 4963 3045 5017 ἅτε
3082 4963 3408 5033 ὁμοτέχνους
3437 4964 3624 5018 οἶκαδε

1989 5084 1994 5089 ·
2043 5056 2267 5124 ἀγαγὼν
2319 5054 2459 5109 κατά
2497 5057 2678 5108 πᾶσαν
2738 5055 3011 5119 ἐδεξιοῦτο
3066 5055 3491 5127 φιλοφροσύνην.
3565 5057 3625 5109 '0

2046 5148 2231 5218 μέντοι
2284 5146 2486 5214 [Ιέτρος
2510 5144 2927 5214 διακονούμενος
2985 5145 3080 5209 ὣν,
3131 5147 3384 5208 καὶτοὺς
3422 5145 3625 5217 ἄνδρας
3668 5182 3675 5189 ο

2041 5239 2442 5310 ἁναγνωρίσας,
2470 5237 2839 5308 συνέκρυπτεν
2858 5236 3050 5292 ἐαυτὸν
3066 5235 3237 5307 ὁπόση
3258 5236 3459 5307 δύναμι
3474 5258 3511 5305 ·,
3532 5239 3628 5293 καὶ

2040 5333 2218 5385 πάντα
2249 5331 2448 5400 τρόπον
2492 5331 2805 5401 ἐμηχανᾶτο
2830 5330 3035 5385 λαθεῖν.
3086 5330 3311 5384 Ἐκεῖνοι
3340 5331 3399 5384 δὲ
3440 5331 3625 5401 ὥσπερ

2041 5423 2131 5475 διὰ
2157 5421 2265 5475 τῶν
2289 5423 2657 5493 χαρακτήρων
2687 5421 3105 5493 ρινηλατοῦντες
3144 5422 3309 5475 αὐτὸν
3365 5424 3626 5492 ἀνεγίνω·

2040 5531 2191 5576 σκον,
2224 5516 2322 5567 καὶ
2356 5514 2552 5585 πρῶτα
2601 5516 2702 5586 μὲν
2755 5513 3124 5585 διεψιθύριζον
3170 5514 3305 5585 πρὸς
3363 5514 3625 5584 ἀλλήλους

2034 5604 2390 5683 (ἐνεδοιάζετο
2439 5605 2549 5674 γὰρ
2593 5605 2775 5669 αὐτοῖς
2828 5604 2898 5658 τὰ
2932 5604 3030 5674 τῆς
3059 5603 3408 5676 ἐμφερείας),
3445 5604 3537 5657 καὶ
3562 5604 3625 5656 ἀ-

2034 5695 2240 5766 κριϐῶς
2273 5697 2437 5750 αὐτὸν
2478 5697 2683 5750 ἐκεῖνον
2707 5694 2845 5750 εἶναι
2868 5695 3186 5764 διέγνωσαν,
3202 5694 3363 5759 εὐθὺς
3380 5695 3516 5767 πρὸς
3536 5693 3626 5746 τὸν
