3828 6474
318 407 422 469 tm
558 382 564 397 ’
1273 402 1453 467 VITA
1494 406 1552 466 s.
1595 406 1919 469 JOANNIS
1962 387 2603 472 ELEEMOSYNAIUI.

3457 415 3561 478 9H

305 516 615 585 κεκληκότα
671 513 977 583 κοινολογού
988 531 1166 584 μενοι,
1204 514 1268 566 Τί
1294 516 1377 568 ὃτι
1406 533 1508 582 σοι,
1540 507 1717 584 εἷπον,
1749 519 1882 589 ἀνὴρ

1990 521 2170 576 statim
2220 522 2575 591 alloquentes,
2619 521 2706 589 qui
2739 536 2833 575 ecs
2869 520 3228 576 invitaverat:
3274 521 3409 589 Quid
3457 523 3557 580 sibi

301 603 545 667 τοιοῦτος
598 605 677 666 εἰς
727 602 1022 668 διακονίαν,
1075 601 1155 668 εἷς
1192 604 1292 675 μὲν
1340 605 1449 659 τῶν
1506 607 1882 679 συγκλητικῶν

304 698 401 753 καὶ
439 694 713 767 μεγάλων,
757 695 969 758 οὐδενὸς
1009 695 1065 750 δὲ
1094 697 1194 765 τὴν
1227 698 1549 766 ἐπιφάνειαν
1596 699 1881 771 δεύτερος;

304 782 475 851 Οὗτος
520 787 631 857 γὰρ
654 788 680 839 ὁ
696 784 790 838 νῦν
812 789 945 857 ἡμῖν
966 787 1059 840 ἐπὶ
1085 789 1184 859 τῆς
1199 790 1478 860 τραπέζης
1501 790 1774 862 ὑπηρετού
1783 809 1883 862 με-

301 895 393 944 νος
422 878 625 949 Πέτρος
662 879 810 932 ἐστὶν
852 881 880 933 ὁ
923 879 1163 949 τελώνης
1185 896 1199 912 ο
1238 881 1371 952 περὶ
1399 876 1460 935 οὗ
1493 882 1592 952 μὲν
1616 883 1783 955 πολλὴ
1806 883 1884 949 τῷ

306 971 516 1043 βασιλεῖ
544 971 712 1041 λύπη,
745 971 917 1042 πολλὴ
942 972 998 1025 δὲ
1027 972 1122 1025 καὶ
1150 975 1214 1044 τῇ
1248 973 1539 1045 συγκλήτῳ
1583 976 1755 1045 πάσῃ,
1796 976 1882 1039 ’ὡς

299 1064 371 1119 ἂν
402 1063 645 1133 ἀφανοῦς
676 1063 842 1117 αὐτοῦ
877 1064 1194 1135 γενομένου.

371 1152 507 1210 MB'.
540 1155 758 1209 Τούτων
784 1155 1036 1227 ene-:90;
1070 1157 1180 1210 τῶν
1233 1158 1494 1230 ῥημάτων
1539 1158 1884 1230 διομιλουμέέ

304 1263 412 1300 νων
437 1246 708 1312 ἀκούσας,
739 1247 939 1302 αὐτίκα
966 1248 1147 1319 ῥίπτει
1181 1250 1282 1319 μὲν
1310 1251 1389 1313 είς
1408 1249 1669 1320 τοῦδαφος
1684 1252 1744 1305 δν
1772 1250 1884 1323 εἶχε

303 1337 510 1390 πίνακα
546 1334 684 1406 μετά
727 1339 937 1409 χεῖρας,
967 1337 1177 1392 κάτεισι
1205 1337 1262 1391 δὲ
1290 1337 1476 1409 δρόμῳ
1507 1339 1642 1408 πρὸς
1671 1339 1763 1393 τὸν
1784 1357 1886 1393 πυ-

300 1425 471 1492 λῶνα,
500 1419 543 1493 ᾧ
572 1425 754 1495 κωφός
782 1443 866 1490 τις
899 1427 995 1480 καὶ
1018 1426 1214 1490 άλαλος
1248 1427 1532 1491 νεανίσκος
1565 1429 1631 1481 ὲκ
1657 1428 1885 1498 γενετῆς

300 1516 643 1585 ἐφειστήκει,
669 1514 901 1586 νεύματι
934 1515 1138 1569 κλείειν
1167 1533 1226 1569 τε
1255 1517 1351 1570 καὶ
1380 1516 1620 1584 ἀνοίγειν
1653 1515 1886 1587 δυνάμε-

297 1620 412 1670 νος.
433 1608 477 1660 Π
487 1608 577 1678 ρδς
601 1606 661 1681 δν
682 1608 710 1659 ὁ
745 1607 971 1676 Πέτρος,
1000 1608 1093 1660 Σοὶ
1135 1606 1297 1676 λέγω,
1333 1607 1462 1677 ἔφη,
1488 1608 1565 1678 τῷ
1590 1608 1759 1679 κωφῷ
1790 1608 1884 1661 καὶ

297 1698 507 1769 ἀλάλῳ,
538 1700 598 1752 ἐν
629 1698 855 1769 ὀνόματι
885 1697 1124 1770 Χριστοῦ
1149 1699 1241 1752 τοῦ
1272 1699 1406 1753 Θεοῦ
1438 1699 1617 1771 ἡμῶν,
1652 1699 1882 1754 ἄκουσόν

296 1807 407 1861 μου
432 1790 527 1843 καὶ
562 1789 774 1855 ἄνοιξον
794 1804 808 1817 ⁸
847 1790 876 1842 ὃ
908 1789 988 1854 δὲ,
1025 1791 1114 1853 Ὠς
1143 1790 1388 1855 κελεύεις
1410 1809 1492 1859 τε,
1522 1793 1879 1863 ἀπεκρίνατο,

1987 610 2119 673 vult,
2149 609 2422 673 dixerunt,
2458 609 2598 678 quod
2634 610 2714 664 vir
2744 609 2867 666 talis
2899 611 2992 665 tibi
3028 611 3323 678 ministrat,
3356 618 3445 684 qui
3478 629 3562 670 est.

1986 718 2120 756 llltlls
2145 703 2362 771 quidem
2388 702 2593 756 ordinis
2615 702 2896 768 senatorii,
2919 703 3201 772 splendore
3222 713 3401 760 autem
3430 707 3559 761 nulli

1985 799 2068 847 est
2099 791 2410 845 secundus?
2454 793 2503 846 Is
2548 792 2715 858 enim,
2765 793 2855 863 qui
2905 807 3047 849 nunc
3099 796 3252 850 nobis
3299 798 3466 852 servit
3505 798 3559 852 in

1987 898 2192 946 mensa,
2241 893 2324 938 est
2361 882 2556 940 Petrus
2593 887 2934 956 publicanus.
2988 892 3054 941 de
3121 904 3227 957 quo
3269 890 3563 959 imperator

1986 972 2201 1040 quidem
2239 989 2488 1044 magnum
2537 977 2737 1046 accipit
2770 978 3033 1043 dolorem,
3082 995 3336 1051 magnum
3382 990 3560 1039 autem

1986 1062 2222 1119 Senatus
2248 1078 2488 1134 quoque,
2521 1073 2579 1119 nt
2610 1066 2699 1135 qui
2729 1067 3032 1121 evanuerit.

2056 1153 2216 1209 XLII.
2280 1156 2384 1210 Eos
2443 1157 2557 1211 haec
2606 1158 2769 1211 verba
2822 1158 3061 1214 dicentes
3125 1175 3246 1214 cum
3301 1163 3568 1218 audiisset

1984 1247 2198 1313 Petrus,
2247 1249 2427 1303 statim
2470 1249 2618 1303 humi
2665 1249 2881 1320 quidem
2926 1251 3063 1319 jaeit
3105 1252 3313 1308 discum
3344 1294 3358 1319 ,
3400 1271 3566 1325 quem

1986 1339 2220 1394 habebat
2277 1340 2330 1395 in
2382 1341 2664 1409 manibus;
2713 1356 2874 1396 cursu
2928 1353 3104 1398 autem
3163 1344 3441 1401 descendit
3499 1350 3564 1399 ad
3664 1394 3675 1399 _

1985 1432 2336 1495 vestibulum,
2368 1434 2418 1486 in
2449 1449 2555 1503 quo
2603 1432 2818 1488 astabat
2856 1434 3068 1500 quidam
3130 1434 3464 1502 adolescens,
3495 1438 3565 1491 ab

1984 1533 2105 1578 ortu
2136 1525 2333 1579 surdus
2361 1535 2413 1578 et
2445 1534 2645 1590 mutus,
2676 1525 2766 1592 qui
2817 1534 2952 1578 nutu
2992 1533 3199 1594 poterat
3227 1526 3479 1583 claudere
3508 1538 3563 1582 et

1985 1618 2218 1688 aperire.
2240 1616 2339 1673 Cui
2364 1618 2558 1673 Petrus
2591 1635 2604 1670 :
2634 1618 2751 1672 Tibi
2787 1618 2931 1682 dico,
2960 1620 3246 1690 inquit,qui
3273 1637 3330 1675 es
3360 1622 3558 1677 surdus

1985 1719 2040 1762 et
2064 1717 2269 1770 mutus,
2313 1711 2365 1762 in
2393 1709 2607 1763 nomine
2637 1707 2839 1763 Christi
2868 1709 2963 1772 Dei
3000 1711 3191 1776 nostri,
3221 1712 3344 1766 audi
3377 1727 3482 1777 me,
3508 1724 3561 1768 et

1986 1800 2158 1869 aperi.
2205 1799 2299 1854 Ille
2334 1810 2534 1862 autem,
2575 1800 2729 1855 Sicut
2755 1800 2934 1869 jnbes,
2971 1803 3252 1870 respondit
3298 1820 3313 1858 :
3356 1812 3410 1857 et
3441 1814 3559 1859 sta—

296 1881 396 1933 καὶ
421 1878 585 1943 εὐθὺς
607 1879 811 1950 1ἤνοιξε,
840 1881 934 1933 καὶ
948 1879 1006 1943 ὃς
1036 1879 1225 1951 ἐξῆλθε
1243 1880 1524 1952 δρομαῖος,
1548 1878 1666 1936 εἶτα
1695 1885 1722 1937 ὁ
1744 1884 1880 1938 πυλ-

1989 1887 2076 1943 tim
2106 1888 2338 1958 aperuit.
2374 1889 2467 1944 Ille
2508 1905 2635 1944 vero
2679 1905 2928 1955 currens,
2961 1892 3206 1960 protinus
3250 1905 3333 1948 est
3368 1909 3560 1965 egres-

256 1971 443 2042 ’ωρὸς
492 1969 752 2034 ἀνελθὼν,
807 1970 907 2042 τὴν
941 1972 1021 2035 εἰς
1050 1972 1211 2026 αὑτὸν
1238 1972 1442 2043 χαίρων
1482 1973 1728 2043 ἐξηγεῖτο
1757 1972 1884 2027 θαυο

298 2062 666 2134 ματουργίαν,
695 2061 851 2131 ἔλεγέ
874 2078 934 2114 τε
962 2061 1135 2131 φλόγα
1167 2063 1342 2133 πυρὸς
1370 2062 1465 2116 τοῦ
1495 2064 1760 2133 στόματος
1789 2064 1883 2118 τοῦ

301 2154 541 2226 μεγάλου
596 2155 806 2227 Πέτρου
876 2153 1180 2223 προϊοῦσαν
1243 2155 1565 2220 θεάσασθαι,
1618 2157 1711 2210 καὶ
1774 2157 1883 2211 τῶν

296 2247 454 2303 ὢτων
480 2247 647 2302 αὐτοῦ
671 2246 916 2303 διαδῦναι
940 2262 954 2276 '
992 2247 1115 2319 ἣτις
1140 2247 1257 2311 καὶ,
1308 2246 1497 2317 φησὶν,
1531 2247 1652 2300 ὅλον
1684 2264 1754 2318 με
1783 2265 1884 2301 πε-

301 2340 643 2413 ριλάμψασα,
666 2339 900 2395 ἀκοῦσαὶ
929 2357 990 2393 τε
1026 2338 1374 2412 παραχρῆμα
1404 2339 1499 2394 καὶ
1524 2340 1759 2411 λαλῆσαι
1791 2356 1884 2394 πε·

298 2431 516 2502 ποίηκε.
540 2429 729 2485 Ταῦτα
752 2428 848 2484 τοῦ
872 2418 1009 2494 τέως
1028 2428 1214 2500 κωφοῦ
1242 2446 1301 2484 τε
1328 2430 1424 2484 καὶ
1447 2429 1646 2485 ἀλάλου
1668 2430 1886 2503 διηγου-

299 2522 488 2592 μένου,
542 2520 732 2591 θαῦμά
780 2538 840 2573 τε
871 2521 968 2574 καὶ
999 2519 1261 2591 ἔκπληξις
1292 2521 1501 2586 πάντας
1561 2522 1756 2593 εἰσῄει,
1788 2520 1886 2575 καὶ

298 2613 646 2684 παραχρῆμα
684 2610 759 2673 ὠς
783 2604 897 2679 εἶχε
937 2608 1114 2663 ποδῶν
1159 2610 1411 2676 ἕκαστος,
1440 2608 1661 2664 διώκειν
1688 2609 1885 2681 ὥρμη..

301 2721 425 2758 σαν.
452 2701 739 2774 Πανταχοῦ
778 2701 835 2756 δὲ
866 2701 1346 2776 διερευνησάμενοι
1372 2702 1473 2756 οὐκ
1503 2702 1663 2775 ἔσχον
1714 2719 1887 2757 κατα·

298 2795 486 2849 λαϐεῖν
515 2793 608 2849 τὸν
640 2793 997 2866 ζητούμενον,
1028 2795 1113 2865 ἐφ’
1150 2788 1194 2864 ᾧ
1245 2796 1342 2849 καὶ
1373 2795 1544 2868 πολλή
1575 2813 1660 2860 τις
1685 2796 1887 2859 αὐτοὺς

300 2885 516 2958 εἰσῆλθε
546 2886 826 2956 μετάνοια,
852 2887 946 2963 καὶ
968 2886 1063 2960 τὴν
1088 2891 1360 2963 προτέραν
1391 2884 1533 2961 ἦσαν
1557 2890 1886 2961 ἀπροσεξίαν

304 2978 787 3049 μετακλαιόμενοι,
814 2979 938 3035 καθ’
972 2979 1001 3033 ὃ
1046 2980 1139 3036 τὸν
1177 2982 1270 3035 τοῦ
1295 2980 1430 3035 Θεοῦ
1464 2980 1753 3053 ἄνθρωπον
1800 2983 1887 3037 διὰ

302 3070 574 3141 τοσαύτης
597 3066 731 3142 ἦγον
756 3073 853 3141 τῆς
885 3072 1196 3142 παροινίας,
1225 3072 1523 3137 τύπτοντες
1547 3091 1607 3128 τε
1637 3074 1731 3128 καὶ
1754 3091 1889 3141 προ·

312 3160 705 3231 τεηλακίζοντες
748 3164 843 3216 καὶ
895 3163 1108 3235 ἡμέρας
1140 3164 1378 3236 ἑκάστης
1433 3167 1512 3230 εἰς
1543 3165 1705 3220 αὑτὸν
1741 3167 1880 3220 ἀπο-

307 3252 668 3318 σκώπτοντες.

1984 1994 2095 2035 sus.
2133 1980 2332 2035 Deinde
2356 1980 2876 2048 aseendeusjanitor
2905 1982 3079 2047 laetus,
3107 1978 3351 2038 narravit
3412 1988 3557 2054 quod

1984 2069 2038 2124 in
2062 2069 2241 2139 ipsum
2271 2069 2469 2125 fecerat
2501 2070 2837 2126 miraculum.
2862 2071 3080 2127 Dicebat
3103 2074 3246 2129 enim
3278 2089 3336 2129 se
3360 2075 3409 2128 vi
3435 2077 3561 2131 tisse

1985 2164 2259 2217 ﬂammam
2294 2162 2431 2233 ignis
2455 2164 2834 2233 procedentem
2864 2180 2930 2219 ex
2959 2180 3054 2220 ore
3083 2167 3264 2236 magni
3297 2166 3462 2237 Petri,
3492 2167 3558 2221 ad

1988 2269 2143 2309 aures
2175 2253 2291 2321 ejus
2321 2255 2660 2325 pervenisse.
2692 2254 2852 2323 Quae,
2891 2256 3083 2326 inquit,
3123 2273 3244 2312 cum
3276 2273 3361 2314 me
3392 2268 3561 2314 totum

1986 2343 2454 2409 cireumfnlsisset,
2503 2355 2722 2415 repente
2763 2344 2894 2401 fecit
2939 2346 3124 2400 audire
3157 2359 3210 2401 et
3235 2345 3398 2418 loqui.
3440 2343 3564 2402 llaec

1985 2453 2109 2492 cum
2153 2447 2402 2493 narraret
2444 2436 2513 2504 is,
2549 2438 2639 2507 qui
2673 2441 2824 2507 prius
2864 2448 2983 2493 erat
3024 2440 3221 2493 surdus
3272 2452 3324 2493 et
3355 2447 3560 2504 mutus,

1986 2526 2151 2581 subiit
2178 2539 2367 2580 omnes
2414 2533 2603 2593 stupor
2635 2533 2689 2578 et
2731 2525 3041 2590 admiratio,
3082 2535 3138 2579 et
3167 2522 3348 2580 statim
3392 2542 3554 2594 quam

1988 2618 2218 2671 maxima
2271 2626 2565 2686 potuerunt
2614 2616 2912 2685 celeritate,
2964 2618 3204 2688 aggressi
3257 2626 3383 2672 sunt
3431 2632 3555 2673 eum

1986 2710 2258 2782 persequi.
2289 2709 2424 2764 Cum
2448 2709 2666 2778 vubique
2713 2718 2889 2764 autem
2925 2710 3150 2765 scrutati
3194 2717 3398 2771 essent,
3451 2725 3558 2764 non

1999 2810 2293 2869 potuerunt
2323 2815 2469 2872 eum,
2503 2814 2662 2869 quem
2699 2800 3037 2869 quaerebant,
3073 2796 3560 2869 comprehendere.

1989 2891 2351 2959 Quamobrem
2385 2904 2481 2946 eos
2516 2906 2705 2960 magna
2739 2891 2903 2945 subiit
2932 2891 3270 2961 paenitentia,
3297 2901 3348 2944 et
3373 2889 3558 2961 deplo-

1989 2985 2182 3038 rabant
2212 2984 2355 3053 quod
2398 2998 2505 3038 non
2538 2983 2711 3052 magis
2742 2981 2980 3037 animum
3012 2978 3398 3045 attendissent,
3451 2997 3560 3050 quo

1988 3070 2186 3126 factum
2214 3080 2353 3134 erat,
2387 3071 2464 3126 uti
2501 3070 2595 3126 Dei
2621 3070 2893 3125 hominem
2925 3070 3087 3125 tantis
3122 3067 3400 3124 atliccrent
3424 3083 3562 3124 con.

1997 3161 2254 3229 tumeliis,
2282 3161 2633 3218 verberantes
2666 3172 2719 3216 et
2755 3160 3106 3240 insultantes,
3130 3167 3185 3215 et
3225 3173 3346 3215 eum
3379 3159 3562 3230 quoti-

1989 3256 2075 3310 die
2107 3254 2416 3310 irridentes.

1752 3433 1981 3491 CAPUT
2019 3430 2156 3489 Vill.
2206 3492 2209 3497 ,

1580 3594 1782 3649 Aliena:
1815 3596 2025 3649 virtutis
2058 3593 2307 3647 imitatio.

381 3755 517 3812 Ml".
551 3753 791 3809 Τοιαῦτα
841 3754 941 3824 τῆς
978 3746 1301 3826 συμπαθοῦς
1358 3732 1452 3809 xuii.
1508 3754 1885 3826 φιλανθρώπου

307 3847 487 3920 ψυχῆς
532 3848 779 3903 Ἰωάννου
804 3847 871 3902 τὰ
902 3847 1257 3919 φιλάνθρωπα
1278 3849 1617 3919 διηγήματα,
1661 3847 1749 3912 Ὠς
1777 3848 1886 3920 γὰρ

308 3940 403 3992 ἐπὶ
436 3938 704 4005 πλεῖστον,
736 3939 836 3992 ὅσα
861 3938 998 4010 πρὸς
1023 3940 1370 4010 συμπάθειαν
1387 3939 1610 4011 ἠρέθιζε
1631 3939 1721 3993 καὶ
1740 3938 1887 4008 φιλο-

309 4030 586 4101 πτωχείαν
637 4030 821 4098 λέγειν
868 4048 930 4085 τε
964 4031 1060 4084 καὶ
1092 4030 1313 4086 ἀκούειν
1354 4030 1649 4100 ἠϐούλετοο
1692 4029 1884 4099 ἀμέλει

309 4123 405 4175 καὶ
427 4124 548 4175 ὅσαι
572 4115 713 4191 ὧραι
742 4122 848 4175 τῶν
874 4122 966 4177 ἐπὶ
1010 4121 1346 4194 ἐλεημοσύνη
1393 4121 1737 4192 βεϐοημένων
1774 4121 1886 4173 Πα-

306 4213 482 4284 τέρων
508 4214 755 4284 ἁνίχνευε
783 4215 907 4276 τοὺς
938 4213 1108 4284 βίους,
1137 4212 1231 4266 καὶ
1256 4211 1417 4281 ἔργον
1441 4212 1589 4282 αὐτῷ
1616 4209 1775 4264 τοῦτο
1794 4209 1882 4262 διὰ

309 4305 426 4375 βίου
482 4304 544 4357 τὸ
603 4305 1060 4369 σπουδαιότατον,
1122 4308 1217 4358 ἅτε
1273 4305 1373 4377 τὴν
1438 4302 1605 4374 αὐτὴν
1651 4303 1877 4366 ἐκείνοις

304 4398 511 4452 ὁδεύειν
543 4398 999 4469 προθυμουμένῳ.

376 4573 510 4627 LIA’.
558 4570 829 4644 Ἐντυχὼν
851 4568 944 4627 οὖν
976 4590 1106 4627 ποτε
1137 4574 1213 4645 τῷ
1235 4572 1330 4628 τοῦ
1357 4572 1501 4628 θείου
1530 4575 1879 4645 Σαραπίωνος

307 4664 421 4736 Βίῳ
440 4666 534 4719 τοῦ
558 4666 839 4730 Σιδωνίου,
869 4666 929 4719 οὐ
951 4666 1158 4721 διέλιπε
1179 4666 1271 4721 τὸν
1296 4668 1465 4737 ἄνδρα
1493 4684 1552 4718 τε
1585 4666 1881 4735 ἐκπληττό-

307 4773 470 4827 μενος
502 4757 597 4811 καὶ
622 4757 693 4810 τὰ
736 4758 948 4811 ἐκείνου
979 4759 1419 4830 ἐκδιηγούμενος,
1469 4758 1619 4823 ὅπως
1652 4776 1710 4810 τε
1741 4759 1879 4812 ἀπο-

305 4846 490 4918 ροῦντι
516 4848 830 4920 περιτυχὼν
858 4850 1073 4919 πένητι,
1102 4853 1196 4904 καὶ
1219 4851 1279 4903 τὸ
1308 4849 1550 4922 συνήθως
1589 4850 1879 4920 λεγόμενον

302 4940 620 5012 ὼμοφόριον
649 4941 851 5006 ἀποδὺς
880 4942 1108 4997 δέδωκεν
1130 4959 1143 4971 ·
1176 4939 1296 4999 εἶτα
1334 4944 1666 5014 συναντήσας
1708 4942 1878 5013 ἑτέρῳ

306 5031 554 5102 ριγοῦντι
579 5031 641 5084 τὸ
666 5032 943 5103 στιχάριον
973 5034 1174 5104 ὁμοίως
1203 5032 1527 5105 παρέσχετο,
1577 5034 1671 5087 καὶ
1694 5033 1878 5086 λοιπὸν

305 5121 517 5192 κάθητο
545 5123 778 5194 γυμνὸς,
831 5124 926 5179 ἐπὶ
957 5126 1057 5195 τῆς
1088 5124 1333 5195 ἀγκάλης
1352 5127 1512 5192 μόνον
1547 5124 1790 5196 κατέχων
1819 5123 1878 5176 τὸ

307 5216 667 5285 Εὐαγγέλιον.
688 5214 824 5271 Εἶτα
852 5221 990 5288 πρός
1014 5234 1155 5283 τινος
1172 5206 1465 5289 ἐρωτηθεὶς
1490 5219 1572 5283 τίς
1600 5221 1629 5271 ὁ
1654 5217 1875 5288 γυμνώ-

303 5322 404 5368 σας
436 5306 541 5378 εἴη,
570 5306 906 5378 Τοῦτο,ἒφη,
937 5308 1115 5377 δείξας
1138 5311 1199 5364 το
1215 5311 1562 5380 Εὑαγγέλιον.
1593 5312 1677 5375 Ὧς
1696 5310 1753 5364 δὲ
1784 5312 1878 5365 καὶ

303 5396 568 5468 πωλήσας
599 5401 700 5472 τὴν
726 5400 867 5473 ὑπὲρ
894 5402 1062 5455 αὐτοῦ
1116 5403 1283 5475 τιμὴν
1309 5407 1421 5469 τοῖς
1457 5405 1658 5477 πένησι
1685 5406 1885 5463 διενείον

306 5506 468 5558 ματο,
501 5491 794 5564 πυθομένῳ
841 5494 921 5564 τῷ
963 5496 1207 5567 μαθητῇ,
1239 5497 1348 5551 Ποῦ
1383 5500 1521 5564 ἐστι,
1572 5497 1774 5569 Πάτερ,
1814 5498 1875 5551 τὸ

305 5581 636 5650 Εὑαγγέλιον
656 5583 717 5637 τὸ
743 5588 939 5657 μικρόν
963 5606 1051 5657 ;--
1072 5589 1384 5656 Πίστευσον,
1405 5588 1510 5660 ἔφη
1518 5629 1532 5655 ,
1556 5589 1875 5661 πειθόμενος

300 5674 381 5745 τῷ
410 5674 643 5744 λέγοντι,
678 5678 938 5751 Πώλησόν
986 5699 1081 5737 σου
1140 5682 1208 5736 τὰ
1260 5683 1592 5756 ὑπάρχοντα,
1635 5685 1728 5740 καὶ
1787 5684 1871 5749 δὸς

381 5831 425 5863 ⁸⁸
460 5830 647 5888 Matth.
687 5848 794 5899 ius,
823 5834 914 5889 51.

2056 3751 2241 3808 XLIII.
2282 3752 2440 3808 Tales
2503 3758 2659 3808 erant
2725 3749 3097 3808 misericordis
3156 3760 3212 3809 et
3276 3752 3556 3811 clementis

1982 3841 2208 3898 Joannis
2255 3841 2449 3897 animae
2499 3841 2743 3911 benigna:
2793 3849 2848 3896 et
2891 3844 3138 3896 humanae
3191 3845 3553 3901 narrationes.

1985 3933 2216 3988 Maxima
2262 3934 2408 3989 enim
2442 3947 2509 3988 ex
2546 3941 2702 4002 parte
2724 3971 2739 3999 ,
2794 3947 3128 4002 quaecunque
3163 3934 3458 3989 incitabant
3488 3939 3553 3989 ad

1982 4026 2507 4080 commiserationem
2546 4034 2602 4079 et
2635 4038 2875 4079 amorem
2906 4023 2962 4078 in
2999 4039 3285 4095 pauperes,
3318 4041 3383 4080 ea
3409 4027 3559 4080 νοτες

1988 4118 2081 4172 bat
2112 4117 2297 4173 dicere
2331 4126 2385 4173 et
2417 4117 2624 4171 audire.
2655 4118 2883 4171 Assidue
2913 4116 3132 4185 quidem
3154 4125 3302 4171 certe
3332 4118 3554 4172 iuvesri-

1986 4210 2148 4280 gabat
2188 4210 2353 4264 vitam
2397 4224 2583 4264 eorum
2628 4208 2870 4273 Patrum,
2905 4207 2995 4277 qui
3039 4207 3255 4262 fuerunt
3296 4209 3552 4264 celebrati

1983 4308 2206 4370 propter
2246 4298 2666 4370 eleemosyuam,
2710 4309 2766 4353 et
2813 4300 2867 4354 in
2908 4298 3010 4353 hoc
3049 4313 3145 4367 per
3179 4307 3346 4352 totam
3389 4300 3551 4354 vitam
3612 4366 3617 4369 χ

1910 4417 1955 4470 ι)
1985 4409 2239 4463 magnum
2271 4393 2502 4462 ponebat
2528 4392 2787 4457 studium,
2820 4400 2879 4445 ut
2911 4391 3001 4460 qui
3035 4390 3192 4445 vellet
3219 4391 3407 4445 eadem
3442 4393 3548 4456 via,

1983 4502 2085 4556 qua
2112 4486 2208 4550 illi,
2237 4485 2470 4552 ingredi.

2051 4574 2238 4630 XLIV.
2279 4573 2414 4630 Cum
2450 4574 2629 4643 itaque
2660 4572 2948 4642 aliquando
2978 4571 3256 4627 incidisset
3294 4571 3346 4625 in
3370 4572 3545 4629 Vitam

1981 4666 2174 4722 divinis
2204 4665 2515 4735 Serapionis
2538 4664 2771 4731 Sidonii,
2790 4679 2896 4719 non
2919 4664 3169 4720 cessabat
3196 4664 3368 4719 virum
3395 4663 3545 4718 illam

1980 4757 2241 4824 admirari
2281 4765 2336 4814 et
2377 4770 2464 4812 res
2496 4756 2640 4812 illius
2667 4768 2908 4823 narrare,
2944 4755 3394 4826 quemadmodum
3423 4771 3544 4811 eum

1981 4853 2274 4924 aliquando
2302 4854 2355 4909 in
2382 4860 2628 4924 egentem
2663 4851 2944 4906 incidisset
2978 4863 3294 4921 pauperem,
3329 4866 3387 4906 se
3419 4851 3547 4922 pal-
3618 4850 3622 4855 ’

1980 4948 2053 5003 lio
2097 4948 2247 5004 exuit
2291 4956 2347 5002 et
2386 4946 2435 5001 ei
2468 4944 2635 4999 dedit.
2682 4943 2886 4999 Deinde
2933 4957 3056 4997 cum
3101 4942 3317 4997 obviam
3364 4943 3544 4998 factus

1978 5046 2125 5094 esset
2167 5037 2322 5093 alteri
2367 5036 2592 5107 algenti,
2622 5033 2871 5089 similiter
2911 5034 2959 5088 ei
2991 5034 3219 5103 praebuit
3252 5034 3488 5090 tunicam
3526 5052 3542 5088 :

1977 5136 2033 5186 et
2062 5131 2129 5185 de
2168 5138 2365 5184 caetero
2401 5128 2539 5182 sedit
2567 5125 2762 5188 nudus,
2780 5124 2927 5179 .ulnis
2949 5123 3338 5204 solum,tenens
3367 5124 3546 5180 Evan-

1977 5223 2197 5292 gelium.
2247 5219 2449 5274 Deinde
2490 5218 2558 5273 ab
2615 5216 2795 5285 aliquo
2850 5216 3240 5288 interrogatus,
3292 5215 3542 5284 quisnam

1974 5333 2096 5374 eum
2123 5317 2395 5379 nudasset,
2414 5313 2551 5377 Hoc,
2574 5313 2771 5383 inquit,
2794 5311 3086 5366 ostendens
3102 5310 3451 5382 Evangelium
3478 5311 3541 5364 θ’.

1941 5474 1947 5481 _
1975 5410 2109 5465 Cum
2140 5423 2268 5464 vero
2294 5422 2360 5463 eo
2386 5421 2598 5476 quoque
2632 5404 2847 5479 vendito
2881 5418 2977 5472 pro
3006 5416 3072 5457 eo
3105 5410 3387 5471 acceptum
3416 5416 3547 5470 pre-

1977 5501 2109 5556 tium
2165 5499 2527 5555 distribuisset
2578 5494 2937 5565 pauperibus,
2995 5493 3209 5548 cuidam
3256 5492 3543 5562 discipulo,

1976 5592 2066 5662 qui
2095 5605 2218 5646 eum
2252 5589 2463 5661 rogavit
2505 5607 2518 5643 :
2550 5586 2649 5643 Ubi
2680 5592 2786 5652 est,
2826 5582 3008 5650 Pater,
3046 5596 3269 5653 parvum
3301 5581 3543 5649 Evange-

1977 5681 2145 5738 lium?
2173 5682 2346 5739 Crede
2375 5682 2529 5749 mihi,
2561 5678 2758 5751 inquit,
2804 5674 2902 5738 11Ιί,
2929 5674 3126 5744 parens
3172 5674 3219 5729 ei
3266 5673 3354 5743 qui
3381 5672 3538 5738 dixit,
