3828 6470
353 482 459 546 9⁸35

1555 486 1839 547 MENSIS
1878 483 2340 581 JANUARIUS.

3501 486 3609 551 936

355 598 536 651 Vende
580 612 697 664 qua:
742 597 943 664 habes,
978 609 1033 653 et
1074 599 1136 651 da
1172 598 1521 668 pauperibus,
1579 614 1643 654 ne
1683 600 1780 669 ipsi
1812 600 1931 670 qui-

2051 604 2297 673 πτωχοῖς,
2323 599 2444 655 οὐδὲ
2468 600 2636 656 αὑτοῦ
2670 601 2761 656 τοῦ
2795 601 3026 673 βιδλίου,
3061 602 3117 655 ὲν
3144 593 3189 672 ᾧ
3207 599 3365 655 τοῦτο
3387 600 3624 672 ἐγέγρα-

351 692 474 741 dem
528 691 687 756 libro,
735 690 786 743 in
828 705 935 760 quo
976 690 1077 745 hoc
1124 692 1385 760 Scriptqu
1436 704 1572 757 erat,
1613 693 1776 745 statui
1813 707 1935 763 par-

351 794 488 833 cere.

421 871 583 926 XLV.
626 872 873 927 Addatur
917 873 1024 929 hoc
1073 888 1290 944 quoque
1326 874 1391 929 iis
1435 890 1556 943 qua:
1602 876 1744 929 dicta
1788 884 1933 936 sunt,

350 965 584 1020 aﬂerens
609 967 946 1023 auditoribus
973 982 1076 1022 non
1109 969 1438 1023 mediocrem
1466 969 1774 1022 utilitatem.
1805 965 1937 1033 Qui-

351 1060 475 1113 dam
509 1062 807 1114 monachus
843 1061 931 1116 illo
964 1073 1207 1130 tempore
1241 1061 1469 1131 puellam
1501 1061 1701 1114 ducens
1727 1060 1938 1129 specio—

350 1168 498 1218 sum,
542 1154 726 1208 obibat
758 1154 1032 1208 civitatem
1060 1172 1074 1207 :
1109 1169 1230 1209 cum
1269 1163 1448 1208 autem
1482 1154 1700 1222 quidam
1741 1166 1806 1206 ex
1838 1148 1929 1205 Ec-

352 1247 520 1302 clesia
550 1262 673 1301 eum
704 1248 971 1300 vidissent
1007 1247 1071 1299 ad
1107 1243 1397 1299 multorum
1429 1244 1782 1300 olTensionem
1816 1260 1935 1297 eam

351 1341 832 1410 circumagetttem,
854 1340 1203 1393 introducunt
1226 1341 1292 1393 ad
1307 1340 1524 1393 beatum
1544 1330 1828 1392 Ioannem.
1847 1334 1938 1390 Ille

352 1444 534 1487 autem
571 1434 761 1487 verbis
792 1414 1003 1487 illorum
1045 1433 1317 1498 inductus,
1353 1444 1409 1487 ut
1440 1434 1545 1504 qui‘
1571 1432 1939 1487 existitnasset

351 1542 447 1581 eos
475 1527 594 1580 zelo
625 1528 806 1582 divino
832 1527 980 1579 illum
1007 1527 1381 1590 admonuisse,
1418 1528 1593 1595 ipsum
1620 1536 1674 1581 et
1702 1525 1935 1596 puellam

334 1619 500 1686 'jubet
543 1620 895 1673 vehementer
936 1618 1093 1685 caedi,
1124 1619 1321 1674 deinde
1353 1634 1447 1673 eos
1489 1619 1543 1673 in
1576 1619 1809 1673 diversis
1837 1633 1935 1671 cu-

350 1715 543 1768 stodiis
569 1713 793 1767 includi.
818 1711 953 1765 Cum
975 1722 1154 1767 autem
1183 1710 1388 1766 factum
1423 1720 1566 1766 esset
1593 1712 1731 1780 quod
1752 1710 1937 1781 jusse-

352 1816 455 1871 rat,
483 1818 536 1861 et
565 1821 660 1860 eos
690 1807 1030 1876 accepissent
1061 1806 1344 1869 custodite,
1374 1815 1427 1859 et
1459 1821 1561 1858 nox
1592 1805 1703 1872 jam
1738 1805 1940 1858 adven-

353 1908 553 1963 tasset,
596 1902 894 1953 monachus
923 1898 971 1952 ei
1007 1910 1230 1967 apparet
1259 1899 1312 1951 in
1354 1898 1595 1962 somnis,
1642 1898 1938 1952 ostendens

353 2001 558 2060 tergum
594 1999 835 2044 notatum
872 1989 1140 2043 vibicibus
1174 1999 1227 2043 et
1258 1989 1626 2057 stigmatibus,
1668 1988 1716 2041 ei
1755 1989 1937 2041 dicens

352 2081 675 2151 simpliciter
718 2092 773 2136 et
807 2082 1013 2151 placide
1047 2081 1227 2147 :Quid
1262 2096 1389 2136 vero
1426 2081 1536 2134 lucc
1570 2081 1663 2134 tibi
1699 2080 1935 2150 placent,

355 2174 614 2227 homine?
645 2172 841 2239 Crede,
879 2190 1021 2227 nunc
1048 2172 1271 2242 Quidem
1307 2180 1456 2227 certe
1483 2171 1652 2227 semel
1685 2172 1941 2242 deceptus

354 2282 433 2331 es,
473 2278 529 2319 ut
563 2266 743 2321 homo.

322 2468 333 2477 υ
424 2445 613 2502 XLVI.
657 2447 699 2500 Α
739 2462 931 2502 somno
967 2458 1149 2502 autem
1193 2446 1499 2511 excitatus,
1536 2446 1767 2501 accersit
1800 2444 1941 2500 illico

356 2541 706 2604 monachum,
735 2542 971 2594 educens
1001 2551 1122 2593 eum
1153 2555 1183 2595 e
1211 2541 1480 2605 custodia,
1512 2555 1622 2609 prae
1653 2540 1825 2609 plagis
1851 2540 1939 2594 vix

354 2631 625 2684 valentem
665 2631 893 2701 ingredi.
935 2627 1136 2685 Deinde
1171 2645 1295 2683 cutn
1330 2631 1381 2684 in
1418 2628 1533 2698 ejus
1568 2628 1777 2684 vultum
1813 2644 1944 2683 con-

350 2722 570 2794 iecisset
603 2715 812 2789 oculos,
846 2725 1070 2792 agnovit
1100 2737 1221 2777 eum
1258 2737 1400 2787 esse,
1439 2723 1526 2791 qui
1565 2722 1743 2776 fuerat.
1769 2720 1838 2775 ab
1875 2737 1943 2777 eo

357 2820 521 2873 visus.
552 2818 793 2887 Cumque
819 2819 979 2873 vellet
1003 2819 1164 2885 scire,
1189 2835 1256 2872 an
1284 2828 1391 2871 tam
1421 2818 1617 2873 multas
1645 2819 1944 2888 accepisset

356 2910 560 2978 plagas,
594 2925 754 2978 quam
795 2909 995 2963 multas
1027 2909 1231 2964 habens
1265 2909 1318 2963 in
1358 2912 1565 2963 somnis
1596 2918 1940 2978 apparuerat,

352 3003 504 3069 jubet
541 3018 663 3057 eum
707 3002 874 3056 linteo
918 3003 1256 3056 succinctum
1286 3002 1499 3070 aperite
1529 3001 1941 3056 dorsum.‘Cum

356 3096 540 3149 divina
573 3107 752 3149 autent
797 3094 1135 3164 providentia
1190 3095 1383 3149 luisset
1418 3093 1644 3148 linteum
1680 3094 1940 3156 solutum,

357 3196 559 3258 aperta:
582 3186 800 3240 fuerunt
829 3195 1009 3255 partes
1031 3186 1275 3251 occultat,
1300 3196 1349 3241 et
1371 3195 1693 3257 conspectus
1716 3195 1799 3240 est
1827 3202 1942 3240 tuo-

357 3279 564 3333 nachus
612 3276 998 3348 propemodum
1039 3289 1293 3333 exsectos
1324 3286 1379 3331 et
1420 3292 1645 3331 mancus
1671 3276 1937 3341 virilibus,
1966 3300 2010 3361 Ο

357 3371 567 3425 etiamsi
603 3378 823 3440 prepter
851 3367 1037 3423 ﬂorem
1071 3371 1248 3423 aetatis
1282 3383 1387 3423 non
1423 3366 1617 3422 fuisset
1648 3366 1797 3435 prius
1841 3366 1943 3419 iut-

357 3462 537 3516 munis
568 3478 596 3515 a
634 3462 968 3532 suspicione.
995 3460 1191 3517 Statim
1223 3478 1354 3533 ergo
1382 3476 1476 3517 eos
1507 3461 1598 3531 qui
1628 3461 1750 3516 illos
1783 3460 1943 3515 detu-

357 3555 554 3621 lerant,
579 3570 609 3610 a
644 3557 757 3611 suis
787 3555 1040 3626 gradibus
1076 3557 1416 3621 deturbatos,
1451 3566 1562 3609 tres
1586 3569 1763 3619 annos
1791 3561 1942 3607 arcet

358 3667 387 3704 a
427 3651 832 3706 communione.
869 3648 965 3704 Pio
995 3664 1125 3703 vero
1153 3650 1423 3703 monacho
1462 3662 1543 3715 se,
1579 3656 1637 3701 ut
1671 3662 1767 3717 par
1800 3656 1941 3711 erat,

358 3730 660 3812 excusavit,
691 3753 743 3800 et
775 3744 983 3815 rogavit
1014 3754 1071 3799 ut
1100 3746 1148 3799 ei
1182 3745 1516 3798 condonaret
1544 3752 1825 3812 peccatum
1848 3741 1944 3795 ad-

359 3837 584 3891 missum
629 3851 725 3905 per
773 3836 1159 3905 ignorantiam.
1199 3835 1308 3891 Sed
1350 3835 1455 3890 hoc
1494 3835 1667 3889 solum
1706 3832 1843 3911 dixit
1886 3846 1947 3886 se

359 3946 466 3986 non
500 3931 739 3993 laudare,
769 3930 910 3999 quod
943 3931 1089 3983 nullo
1125 3932 1371 3985 adhibito
1403 3930 1625 3984 custode
1659 3929 1837 3984 obiret
1865 3928 1944 3983 ci-

361 4021 580 4082 vitates,
609 4035 729 4072 cum
766 4027 913 4073 esset
949 4005 1275 4086 monachus,
1306 4029 1359 4073 et
1389 4020 1664 4072 videretur
1700 4020 1835 4072 adeo
1858 4018 1947 4087 ju-

360 4127 544 4176 venis,
579 4121 633 4165 et
675 4111 918 4166 traheret
950 4126 1137 4166 secum
1167 4111 1424 4166 feminam
1447 4150 1461 4178 ,
1494 4118 1550 4165 et
1579 4121 1724 4167 esset
1767 4112 1947 4167 multis

361 4219 526 4259 eausa
560 4203 895 4259 offensionis.
1523 4269 1529 4276 ,

436 4296 642 4353 XLVII.
670 4297 760 4351 llle
783 4311 908 4352 vero
925 4280 1053 4351 cum
1083 4309 1169 4360 ea,
1193 4308 1300 4363 qua
1328 4307 1426 4362 par
1452 4303 1592 4360 erat,
1620 4296 1944 4363 reverentia,

361 4399 416 4444 et
449 4390 710 4443 modestia
740 4406 753 4443 :
790 4387 1110 4443 Benedictus
1135 4384 1392 4439 Dominus
1411 4421 1427 4449 ,
1451 4384 1681 4465 inquit,
1709 4384 1944 4450 domine,

365 4499 468 4537 non
511 4486 764 4537 mentior.
815 4480 930 4536 Non
976 4480 1162 4535 multis
1197 4488 1325 4531 ante
1365 4476 1560 4532 diebus
1602 4492 1727 4530 cum
1772 4491 1947 4530 essent

362 4575 541 4640 Cum,
576 4586 631 4629 et
660 4575 810 4628 illinc
858 4573 1167 4628 festinaretn
1199 4571 1279 4640 ,ad
1320 4569 1657 4623 adorandum
1694 4568 1794 4623 SS.
1828 4566 1946 4636 Cy-

2042 713 2165 761 πτο,
2190 694 2483 764 φείσασθαι
2514 694 2901 766 διενοησάμην.

2112 874 2246 928 ME'.
2284 875 2638 947 Προσκείσθω
2673 877 2767 930 καὶ
2801 874 2960 929 τοῦτο
3019 877 3133 940 τοῖς
3192 875 3528 946 εἰρημένοις,
3562 873 3622 928 οὐ

2044 968 2273 1039 μετρίαν
2303 967 2469 1039 φέρον
2501 971 2612 1032 τοῖς
2646 970 2945 1040 ἀκροαταῖς
2982 969 3080 1039 τὴν
3113 970 3402 1037 ὠφέλειαν⁸
3440 970 3626 1022 Μονα-

2039 1059 2132 1129 χός
2161 1076 2243 1122 τις
2275 1059 2395 1112 κατ’
2428 1060 2602 1112 ἐκεῖνο
2624 1057 2821 1130 καιροῦ
2862 1060 3032 1131 κόρην
3066 1059 3248 1126 εὐειδῆ
3280 1058 3628 1125 ἐπαγόμενος

2042 1149 2266 1222 περιῄει
2317 1152 2417 1222 τὴν
2464 1151 2652 1205 πόλιν
2707 1152 2799 1206 καί
2849 1168 2991 1215 τινες
3021 1151 3130 1203 τῶν
3157 1154 3255 1221 τῆς
3297 1149 3625 1221 Ἐκκλησίας

2042 1244 2369 1314 θεασάμενοι
2393 1244 2584 1298 τοῦτον
2616 1244 2692 1309 ὠς
2723 1244 2817 1297 ἐπῒ
2859 1244 3141 1315 σκανδάλῳ
3172 1244 3333 1314 δῆθεν
3363 1244 3475 1297 τῶν
3497 1242 3630 1295 πολ-

2040 1336 2149 1390 λῶν
2203 1336 2375 1407 αὐτὴν
2434 1338 2789 1407 περιάγοντα,
2830 1336 3175 1408 εἰσηγοῦνται
3201 1327 3278 1406 τῷ
3321 1334 3625 1406 μακαρίῳ’

2042 1430 2136 1483 καὶ
2158 1428 2217 1493 δς
2245 1431 2357 1508 τοῖς
2387 1430 2612 1483 ἐκείνων
2643 1429 2912 1499 ὑπαχθεὶς
2940 1429 3139 1497 λόγοις,
3174 1430 3269 1483 ἅτε
3301 1430 3441 1483 κατά
3464 1428 3628 1498 ζῆλον

2042 1522 2184 1573 θεῖον
2237 1521 2442 1591 οἰηθεὶς
2494 1521 2690 1583 αὐτοὺς
2740 1521 2837 1590 τὴν
2904 1520 3212 1590 ὑπόμνησιν
3269 1517 3628 1584 πεποιῆσθαι,

2041 1612 2203 1666 αὐτόν
2230 1628 2289 1664 τε
2320 1612 2415 1664 καὶ
2443 1610 2542 1682 τὴν
2570 1611 2740 1681 κόρην
2787 1611 2997 1664 κελεύει
3030 1611 3302 1681 τυφθῆναι
3353 1610 3624 1680 σφοδρῶς,

2009 1708 2014 1712 ”
2042 1702 2142 1759 εἷθ’
2169 1704 2343 1769 οὓτως
2394 1707 2451 1758 ἐν
2483 1705 2753 1773 φυλακαῖς
2791 1705 3175 1775 διαιρεθέντας
3212 1702 3630 1771 ,κατακλεισθῆ-

2042 1813 2151 1849 ναι.
2191 1792 2277 1860 Ὠς
2298 1797 2354 1850 δὲ
2379 1797 2569 1865 γέγονε
2601 1797 2662 1851 τὸ
2685 1798 2998 1863 κελευσθὲν,
3032 1802 3127 1851 καὶ
3154 1799 3207 1850 αί
3236 1798 3478 1865 φυλακαὶ
3505 1794 3630 1848 τού-

2046 1908 2171 1950 ⁴τους
2208 1889 2537 1961 ἐλάμϐανον,
2569 1890 2667 1956 νύξ
2697 1909 2758 1945 τε
2779 1892 2881 1962 ήδη
2921 1892 3127 1963 παρῆν,
3160 1890 3294 1962 δναρ
3321 1890 3395 1959 τῷ
3430 1906 3631 1959 πατρι·

2043 1985 2187 2055 άρχῃ
2236 1986 2263 2036 ό
2307 1984 2539 2054 μοναχὸς
2586 1985 2873 2054 ἐφίσταται
2926 1984 3019 2039 τδν
3053 1983 3223 2037 νῶτον
3258 1982 3629 2035 ὑποδεικνύων

2043 2078 2498 2147 κατεστιγμένον,
2555 2077 2731 2147 λέγων
2763 2093 2823 2131 τε
2876 2077 3013 2150 πρὸς
3050 2076 3211 2130 αὑτὸν
3252 2075 3450 2138 ἁπλῶς
3484 2074 3630 2127 οὕτω

2042 2169 2137 2221 καὶ
2173 2167 2406 2238 ἀφελῶς·
2437 2167 2503 2221 Τί
2525 2168 2580 2220 δὲ
2632 2168 2857 2238 ἀρέσκει
2885 2186 2967 2222 σοι
3006 2166 3200 2233 ταῦτα,
3229 2167 3503 2231 δέσποτας
3531 2168 3628 2219 [Ii-

2046 2278 2296 2327 στευσον,
2328 2261 2534 2331 ταύτην
2556 2261 2687 2329 γοῦν
2706 2262 2805 2334 τὴν
2841 2261 2973 2334 μίαν
2999 2264 3279 2332 ἡπάτησαι
3328 2262 3425 2314 καὶ
3464 2260 3626 2322 αὐτὸς

2041 2351 2116 2416 ὡς
2153 2354 2247 2407 ἄνθ
2259 2369 2462 2424 ρωπος.

2113 2445 2265 2511 MCT.
2306 2445 2547 2509 Ἀνεθεὶς
2568 2444 2625 2497 δέ
2657 2445 2752 2499 τοῦ
2784 2445 2953 2501 ὕπνου
2976 2446 3394 2519 μεταστέλλεται
3444 2460 3628 2517 παραε-

2044 2539 2233 2609 χρῆμα
2253 2538 2345 2591 τὸν
2378 2538 2633 2608 μοναχὸν,
2656 2537 2868 2608 ἐξάγων
2909 2541 3016 2594 ἀπὸ
3041 2545 3140 2611 τῆς
3185 2539 3429 2611 φυλακῆς
3472 2538 3622 2609 μόλις

2046 2630 2287 2703 βαδίζειν
2318 2630 2617 2698 δυνάμενον
2653 2632 2757 2684 ὑπὸ
2776 2632 2886 2685 τῶν
2921 2633 3146 2704 πληγῶν
3165 2650 3180 2665 ·
3213 2630 3328 2686 εἶτα
3348 2629 3621 2684 ἐπιϐαλὼν

2045 2724 2209 2778 αὐτοῦ
2242 2726 2309 2793 τῇ
2334 2723 2454 2793 ὄψει
2479 2726 2604 2788 τοὺς
2652 2724 2988 2795 ὀφθαλμοὺς,
3022 2727 3237 2794 ἐπέγνω
3267 2726 3456 2779 τοῦτον
3482 2720 3620 2777 εἶναι

2043 2817 2134 2869 τὸν
2157 2816 2445 2870 θεαῦένταο
2483 2816 2806 2887 βουλόμενός
2829 2837 2888 2872 τε
2918 2819 3133 2890 μαθεῖν,
3158 2821 3207 2872 εἰ
3236 2823 3329 2873 καὶ
3358 2818 3624 2895 τοσαύτας

2046 2911 2202 2979 φέροι
2234 2909 2474 2980 πληγὰς,
2507 2911 2638 2974 ὅσας
2664 2912 2728 2983 δὴ
2777 2912 2872 2965 καὶ
2907 2913 3048 2965 κατά
3075 2914 3201 2976 τοὺς
3238 2913 3440 2972 ὕπνους
3486 2912 3623 2982 ἔχων

2046 3004 2241 3073 ἐφάνη,
2276 3003 2490 3055 κελεύει
2513 3003 2704 3076 λεντίῳ
2735 3004 3143 3077 διαζωσάμενον
3178 3006 3268 3060 τὸν
3295 3006 3461 3058 νῶτον
3491 3006 3625 3057 ύπο-

2045 3093 2353 3162 γυμνῶσαι.
2390 3095 2676 3165 Κρείττονι
2731 3096 2787 3149 δὲ
2816 3098 2958 3167 τάχα
3012 3099 3240 3168 προνοίᾳ
3290 3098 3383 3150 τοῦ
3415 3096 3623 3149 λεντίου

2046 3184 2387 3249 διαλυθέντος
2412 3185 2755 3257 ἐξεκαλύφθη
2790 3189 2857 3241 τά
2888 3191 3247 3261 κεκρυμμένα
3288 3190 3477 3261 μόρια,
3533 3189 3624 3241 καὶ

2044 3275 2227 3348 ὡρᾶτο
2259 3280 2287 3329 ὁ
2319 3280 2551 3348 μοναχὸς
2573 3280 2851 3344 ἁπόκοπος
2886 3281 3065 3350 ὀλίγον
3102 3283 3197 3335 καὶ⁵
3230 3285 3326 3352 τὴν
3366 3283 3501 3336 αἰδὼ
3531 3300 3626 3337 πε·

2046 3370 2398 3439 πηιρωμένος,
2422 3372 2471 3423 εἰ
2510 3373 2606 3425 καὶ
2631 3372 2720 3426 διά
2744 3373 2843 3442 τὴν
2872 3373 2973 3442 τῆς
3005 3374 3219 3445 ἡλικίας
3272 3376 3458 3445 ἀκμὴν
3489 3378 3621 3447 πρό-

2044 3475 2201 3529 τερον
2260 3462 2361 3513 οὐκ
2418 3462 2719 3515 ἀπολέλυτο
2783 3465 3061 3529 ὑπονοίας.
3113 3467 3329 3531 Εὐθέως
3378 3468 3472 3521 οὖν
3501 3469 3619 3530 τοὺς

2045 3552 2412 3617 κατειπόντας
2447 3553 2613 3609 αὐτοῦ
2642 3554 2751 3608 τῶν
2779 3558 2999 3612 οἰκείων
3032 3558 3239 3622 ἐξώσας
3268 3559 3512 3630 βαθμῶν,
3532 3561 3619 3611 ἐπὶ

2044 3644 2194 3713 τρισὶ
2211 3644 2421 3712 χρόνοις
2451 3644 2705 3715 ἀπείργει
2746 3647 2846 3716 τῆς
2895 3648 3236 3718 Ἐκκλησίας·
3273 3651 3348 3719 τῷ
3370 3651 3425 3702 δὲ
3448 3650 3621 3719 θεοφι-

2043 3734 2128 3787 λεῖ
2156 3736 2376 3805 μοναχῷ
2415 3736 2736 3806 άπελογεῖτό
2764 3756 2819 3791 τε
2850 3743 2918 3794 τά
2963 3750 3313 3814 προσήκοντα
3355 3747 3451 3799 καὶ
3495 3764 3616 3814 συγ-

2046 3827 2251 3896 γνῶναι
2272 3828 2429 3901 αὐτῷ
2451 3827 2605 3899 ἠξίου
2638 3831 2732 3885 τοῦ
2766 3836 2906 3887 κατὰ
2930 3834 3152 3904 ἄγνοιαν
3171 3840 3580 3911 ἁμαρτήσαντο,
3597 3852 3614 3875 ο

2050 3920 2200 3991 Πλὴν
2233 3924 2394 3975 τοῦτο
2420 3923 2582 3993 μόνον
2603 3925 2703 3978 ούκ
2730 3924 2859 3996 ἔχω,
2889 3928 3096 3997 ἔλεγεν,
3126 3933 3369 3986 ἐπαινεῖν
3398 3933 3459 3986 τὸ
3479 3938 3615 4002 ἀφυ-

2045 4014 2258 4077 λάκτως
2295 4018 2353 4068 ἐν
2404 4021 2525 4081 ταῖς
2562 4019 2782 4073 πόλεσιν
2837 4022 3001 4076 αὐτὸν
3033 4027 3337 4095 περιάγειν,
3392 4030 3615 4099 μοναχὸν

2048 4107 2181 4160 δντα
2206 4108 2301 4160 καὶ
2331 4108 2452 4162 νέον
2474 4110 2647 4173 οὓτως
2680 4113 2979 4183 δρώμενον,
3012 4120 3251 4185 γυναῖκά
3278 4137 3337 4172 τε
3366 4122 3614 4192 ἐπισύρε-

2051 4200 2199 4265 σθαι,
2234 4202 2326 4253 καὶ
2356 4201 2571 4267 πολλοῖς
2592 4205 2852 4276 ἀφορμὴν
2885 4204 3024 4261 εἶναι
3056 4212 3377 4267 σκανδάλου.

2119 4290 2251 4347 MZ'.
2289 4296 2354 4347 Ὀ
2381 4294 2437 4347 δὲ
2473 4297 2612 4364 μετὰ
2661 4298 2761 4365 τῆς
2812 4303 3198 4374 προσηκούσης
3233 4305 3419 4369 αἰδοῦς
3443 4323 3501 4359 τε
3532 4309 3619 4360 κεὶ

2051 4387 2428 4457 μετριότητος,
2472 4389 2779 4459 Εὐλογητὸς
2824 4394 3050 4463 Κύριος,
3082 4398 3337 4465 δέσποτα,
3366 4396 3538 4466 εἶπεν,
3559 4406 3614 4455 ο)

2047 4478 2349 4549 ψεύδομαυ
2394 4481 2455 4534 ού
2496 4482 2724 4547 πολλαῖς
2779 4487 3045 4559 πρότερον
3100 4492 3335 4561 ἡμέραις
3362 4496 3500 4549 κατὰ
3528 4496 3616 4565 τὴν

2052 4568 2230 4633 Γάζαν
2252 4588 2342 4640 μοι
2370 4576 2669 4646 γενομένῳ,
2704 4576 2960 4630 κάκεῖθεν
2981 4580 3060 4641 εἰς
3098 4582 3475 4654 προσκύνησιν
3518 4588 3573 4638 τό
3590 4603 3617 4638 ν

363 4687 481 4725 rum
503 4680 555 4725 el
576 4667 863 4733 Joannem,
885 4668 996 4722 haec
1022 4665 1194 4736 puella
1221 4664 1353 4718 ntihi
1376 4678 1603 4733 vespere
1626 4662 1686 4716 lit
1706 4661 1942 4723 obviam,

2054 4659 2225 4727 ἁγίων
2257 4663 2441 4734 Κύρου
2472 4666 2566 4718 καὶ
2596 4667 2844 4720 Ἰωάννου
2872 4672 3233 4741 ἐπειγομένῳ,
3270 4679 3506 4748 συναντᾷ
3537 4695 3616 4746 μοι

361 4773 417 4817 et
449 4763 515 4816 ad
566 4777 715 4816 meos
754 4761 919 4831 pedes
963 4758 1231 4828 procidit,
1267 4771 1468 4826 rogans
1496 4766 1555 4809 ut
1596 4768 1806 4808 mecum
1842 4753 1944 4806 iter

362 4852 769 4922 ittqrederetu’m
815 4866 880 4905 eo
920 4852 1061 4919 quod
1094 4848 1259 4903 vellet
1297 4860 1419 4901 esse
1447 4844 1788 4908 Christiana,
1828 4853 1945 4896 erat

364 4946 507 4999 enim
541 4942 790 4998 Hebraea.
823 4941 935 5011 Ego
964 4948 1143 4995 autem
1185 4937 1279 4992 Dei
1303 4939 1507 4991 veritus
1535 4934 1820 5017 judicium,
1854 4934 1942 5001 qui

364 5038 524 5102 dixit,
553 5054 619 5093 ne
644 5053 708 5092 ex
731 5035 941 5107 pusillis
967 5035 1200 5102 aliquem
1232 5031 1657 5099 despiceretnus,
1689 5028 1945 5083 obedieus

365 5128 564 5183 admisi
596 5142 719 5181 eam
748 5128 850 5182 viae
878 5127 1166 5190 comitem,
1203 5121 1440 5176 maxime
1470 5116 1770 5184 conﬁdens,
1803 5125 1945 5189 quod

365 5236 489 5276 cum
520 5229 705 5275 essent
734 5218 869 5273 mihi
914 5218 1155 5271 membra
1190 5217 1265 5270 ita
1298 5212 1525 5279 aliecta,
1558 5226 1661 5266 non
1692 5223 1838 5267 esset
1862 5212 1946 5265 fa-

366 5313 470 5369 cile
508 5312 727 5367 inimico
770 5322 985 5365 struere
1027 5309 1082 5364 in
1124 5324 1211 5362 me
1244 5303 1617 5362 tentationem.
1650 5305 1784 5359 Cum
1822 5304 1947 5359 illuc

366 5417 546 5462 autem
596 5406 895 5470 venissem.
949 5414 1008 5459 et
1050 5410 1174 5458 vota
1225 5402 1615 5480 reddidissem,
1673 5399 1774 5455 feci
1826 5413 1945 5453 eam

363 5499 697 5554 eatechismo
728 5497 923 5553 instrui
983 5505 1038 5552 et
1072 5495 1336 5567 baptizari
1357 5535 1372 5562 ,
1409 5504 1464 5551 et
1493 5495 1560 5549 de
1603 5502 1800 5548 caetero
1829 5507 1946 5547 eam

364 5592 718 5646 circumduce
742 5592 794 5645 in
813 5589 1160 5660 simplicitate
1185 5588 1388 5653 cordis,
1412 5597 1466 5641 et
1488 5584 1804 5641 mendicans
1829 5598 1947 5638 eam

368 5681 479 5746 alo,
510 5683 736 5737 Studens
763 5682 808 5738 si
844 5682 1047 5752 possim
1082 5697 1203 5737 eam
1233 5682 1504 5737 collocare
1533 5681 1587 5733 in
1620 5678 1803 5748 aliquo
1838 5691 1951 5731 mo-

371 5773 609 5828 nasterio
658 5774 953 5845 virginum.
1003 5773 1129 5831 Htec
1159 5791 1280 5831 eum
1324 5774 1567 5829 audisset
1611 5773 1698 5827 ille
1733 5771 1947 5836 Beatus,

369 5864 558 5935 Papae,
603 5866 812 5938 inquit,
858 5884 1020 5940 quam
1058 5869 1207 5924 ntulti
1252 5878 1377 5923 sunt
1415 5867 1610 5922 occulti
1653 5864 1795 5920 serti
1835 5864 1950 5930 Dei,

367 5956 582 6015 etiamsi
618 5959 729 6017 sint
765 5963 937 6020 nobis
969 5962 1171 6032 ignoti!
1216 5961 1350 6018 Cum
1399 5968 1577 6016 autem
1619 5958 1947 6014 monachum

2049 4757 2186 4823 προς
2210 4755 2449 4825 ἑσπέραν
2482 4758 2515 4826 ὴ
2544 4758 2681 4831 κόρη
2714 4759 2876 4831 αὕτη.
2908 4764 3004 4815 καὶ
3029 4766 3139 4827 τοῖς
3184 4766 3313 4819 ποσὶ
3335 4771 3447 4834 τοῖς
3477 4773 3615 4841 ἐμοῖς

2049 4847 2384 4918 προσπίπτει
2440 4851 2757 4906 συνοδεῦσαί
2811 4872 2901 4923 μοι
2938 4856 3167 4930 δεομένη
3217 4859 3296 4931 τῷ
3341 4862 3618 4933 βούλεσθαι

2050 4940 2302 5008 γενέσθαι
2338 4940 2705 5016 Χριστιανήν·
2753 4947 2977 5019 Ἐδραία
3030 4950 3137 5022 γάρ
3165 4949 3255 5025 ἦν.
3290 4955 3506 5028 Ἔγωγε
3532 4958 3617 5014 οὖν

2049 5032 2111 5085 τὸ
2134 5034 2241 5086 ἀπὸ
2296 5033 2432 5087 Θεοῦ
2461 5035 2647 5101 δείσας
2698 5041 3018 5113 κατάκριμα
3044 5046 3328 5117 εἰρηκότος
3370 5055 3445 5123 μή
3487 5069 3616 5117 τινος

2052 5129 2414 5196 καταφρονεῖν
2466 5130 2575 5183 τῶν
2626 5134 2858 5204 μικρῶν,
2895 5135 3209 5203 ὑπακούσας
3246 5145 3618 5218 παρεδεξάμην

2050 5219 2150 5287 τὴν
2178 5220 2447 5287 συνοδίαν,
2471 5222 2646 5287 ἄλλως
2674 5241 2733 5278 τε
2765 5228 2863 5281 καὶ
2890 5227 3173 5302 θαρρήσας
3199 5234 3284 5288 ὅτι
3321 5255 3417 5307 μοι
3449 5240 3618 5311 μελῶν

2052 5311 2226 5406 οὓτως
2280 5314 2476 5383 ἔχοντι,
2528 5318 2627 5369 οὐκ
2684 5319 2752 5372 ἂν
2797 5320 2883 5391 εἴη
2915 5321 2992 5393 τῷ
3023 5326 3204 5398 ἐχθρῷ
3232 5330 3419 5401 ῥᾴδιον
3442 5351 3621 5406 πειρα-

2055 5402 2207 5495 σμόν.
2228 5419 2317 5470 μοι
2378 5407 2761 5461 ἐπισκευάσαι.
2826 5410 3037 5466 Ἐκεῖσε
3102 5418 3287 5491 μέντοι
3340 5402 3622 5495 γενόμενος

2053 5494 2271 5587 καὶτὰς
2300 5497 2462 5566 εὐχάς
2493 5499 2750 5566 ἀποδοὺς,
2805 5507 3188 5580 κατηχηθῑψαί
3225 5529 3284 5565 τε
3317 5494 3492 5587 αὐτὴν
3536 5517 3620 5571 καὶ

2056 5584 2420 5680 βαπτισθῆναι
2445 5592 2759 5663 πεποίηκα·
2802 5599 2898 5649 καὶ
2934 5601 2994 5652 τὸ
3042 5602 3151 5655 ἀπὸ
3200 5604 3357 5659 τοῦδε
3402 5584 3621 5680 καρδίας

2055 5678 2319 5746 ἁπλότητι
2369 5681 2620 5750 περιάγω
2645 5684 2742 5737 καὶ
2771 5688 3086 5757 προσαιτῶν
3118 5691 3327 5762 τρέφω,
3361 5678 3617 5761 σπεύδων,

2054 5771 2102 5822 εί
2126 5769 2350 5833 δυνατὸς
2386 5773 2670 5843 γενοίμην,
2707 5780 2802 5831 καὶ
2846 5779 3155 5850 παρθενῶνι
3186 5785 3360 5857 αὐτὴν
3398 5791 3623 5857 ἐγκαταε

2054 5865 2235 5930 τάξαι.
2270 5866 2459 5919 Ταῦτα
2509 5869 2820 5926 ἀκούσαντα
2849 5874 2941 5929 τὸν
2967 5878 3261 5950 μακάριον,
3302 5883 3500 5948 Βαὸαὶ,
3533 5881 3622 5935 πό·

2058 5975 2165 6026 σοι,
2196 5958 2384 6028 φάναι,
2414 5960 2639 6032 κρύφιοι
2670 5964 2767 6018 τοῦ
2793 5966 2929 6022 Θεοῦ
2955 5968 3155 6039 δοῦλοι,
3198 5972 3302 6028 κᾶν
3333 5975 3466 6047 ἡμῖν
3483 5967 3617 6028 οὗτοι
