3828 6548
222 491 335 556 937

1184 481 1363 545 VITA
1399 480 1460 545 S.
1501 479 1826 543 JOANNIS
1863 477 2505 544 ELEEMOSYNARII.

3356 484 3466 548 9‘78

222 604 566 676 τυγχάνωσιν
602 602 894 671 ἄγνωστοι.
917 594 1022 652 τὸν
1055 594 1238 667 μέντοι
1269 594 1503 667 μοναχδν
1533 592 1802 665 νομίσμα-

1915 591 2130 648 donaret
2160 602 2375 649 centum
2405 594 2673 663 nummis,
2705 593 2794 651 ille
2828 609 2934 651 non
2966 595 3208 666 accepit,
3239 598 3427 654 dicens
3454 615 3470 650 :

226 713 315 753 σιν
365 696 562 753 ἑκατὸν
587 692 959 766 δωρουμένου,
1006 691 1216 754 ἱκεῖνος
1244 689 1308 743 οὐ
1346 687 1702 759 παρεδέξατο,
1742 685 1801 739 '0

227 786 484 859 μοναχδς,
515 784 709 851 εἰπὼν,
739 784 789 837 εί
818 782 930 853 ἔχοι
957 780 1165 845 πίστιν,
1195 777 1259 832 ού
1279 775 1450 831 δεῖται
1480 775 1797 848 χρημάτων·

224 879 278 930 εί
309 875 366 930 δὲ
398 874 701 948 χρημάτων
755 871 895 935 ὅλως
951 870 1074 942 ἐρᾷ,
1108 866 1349 931 πίστεως
1400 866 1618 930 πάντως
1655 865 1802 919 ἐστὶν

225 964 660 1039 ιρημος.Ταῦτα
687 962 858 1020 εἰπὼν
885 960 979 1016 καὶ
1014 957 1383 1032 προσκύνησιν
1413 955 1801 1028 ποιησάμενος,

224 1055 406 1111 ἀπιὼν
433 1055 631 1127 ᾤχετο.

293 1149 438 1204 Mﬂ'.
465 1148 663 1210 Ὅπως
695 1143 755 1199 δὶ
782 1140 1243 1211 ἀξιοσπούδαστον
1264 1133 1333 1211 ἦν
1380 1138 1416 1210 η
1444 1137 1539 1192 τοῦ
1573 1135 1801 1192 θανάτου

224 1239 418 1312 μνήμη
443 1238 524 1310 τῷ
579 1236 861 1309 μακαρίῳ,
913 1234 1009 1288 καὶ
1033 1233 1109 1297 ὡς
1136 1230 1282 1302 ἔχειν
1326 1229 1498 1299 αὐτὴν
1527 1227 1804 1295 ἀνεξάλει-

225 1349 362 1388 πτον
390 1330 520 1402 περὶ
571 1328 772 1392 παντὸς
817 1327 1077 1388 ἐποιεῖτο,
1110 1323 1328 1394 εἴρηται
1352 1320 1453 1393 μὲν
1482 1320 1577 1374 καὶ
1610 1318 1803 1391 πρότε-

226 1441 349 1496 ρον,
391 1423 671 1494 εἰρήσεται
720 1420 780 1474 δὲ
831 1419 926 1473 καὶ
951 1417 1066 1473 νῦν.
1099 1414 1490 1486 Θανατηφόρου
1534 1412 1644 1483 γάρ
1673 1427 1804 1465 ποτε

1904 679 2197 739 Monachus
2225 684 2273 739 si
2305 684 2464 742 habet
2483 686 2664 753 Iidem,
2696 700 2802 744 non
2834 686 3036 755 indiget
3064 688 3310 759 pecuniis
3339 705 3355 745 :
3391 690 3474 745 sin

1905 784 2085 830 autem
2111 777 2334 833 omnino
2362 787 2529 845 amat,
2559 788 2643 835 est
2669 781 2892 836 omnino
2919 779 3022 837 tide
3049 778 3310 839 defectus.
3348 780 3473 838 Haec

1904 879 2030 921 cum
2052 866 2276 923 dixisset
2302 876 2356 925 et
2376 868 2676 937 adorasset,
2708 871 2957 928 recessit.

1972 1122 2204 1185 XLVIII.
2243 1129 2415 1196 Quam
2457 1144 2709 1201 magnum
2752 1137 2932 1188 autem
2968 1134 3202 1189 studium
3249 1146 3475 1206 poneret

1909 1220 2122 1288 beatus,
2149 1231 2209 1276 ut
2235 1222 2425 1277 mortis
2455 1223 2811 1287 meminisset,
2834 1232 2889 1280 et
2912 1226 3054 1294 quod
3085 1226 3299 1295 plurimi
3328 1228 3476 1285 face-

1904 1319 1989 1369 ret
2019 1312 2232 1368 etilcere
2253 1327 2319 1369 ne
2344 1313 2464 1383 ejus
2490 1313 2793 1370 recordatio
2818 1315 3106 1382 deleretur,
3131 1317 3330 1373 dictum
3354 1319 3477 1388 qui-

1906 1404 2027 1460 dem
2071 1412 2156 1460 est
2193 1405 2367 1474 prius,
2409 1405 2620 1463 dicetur
2661 1402 2843 1463 autem
2885 1423 3027 1465 nunc
3058 1423 3295 1481 quoque.
3339 1410 3474 1467 Nam

224 1517 384 1570 νόσον
411 1514 511 1586 τὴν
532 1513 689 1568 πόλιν
713 1508 1153 1578 καταλαϐούσης,
1173 1507 1335 1577 ἔργον
1358 1502 1428 1578 ἦν
1450 1504 1644 1575 ἐκείνῳ
1669 1502 1806 1557 πάν-

1915 1511 2025 1553 cum
2051 1496 2263 1553 Iethalis
2288 1498 2506 1553 morbus
2532 1498 2824 1569 aliquando
2851 1501 3141 1559 invasisset
3173 1500 3474 1571 civitatein,

222 1624 335 1661 των
365 1604 814 1676 ὲπιμτλέστατον,
842 1602 905 1657 τὸ
930 1601 1084 1672 θαμὰ
1132 1599 1412 1670 παριέναι,
1448 1597 1587 1666 πρός
1607 1613 1663 1650 τε
1694 1595 1804 1649 τῶν

224 1697 524 1751 νοσούντων
552 1692 845 1764 ἐπίσκεψιν
905 1692 1003 1747 καὶ
1032 1690 1130 1761 τὴν
1162 1689 1275 1743 τῶν
1306 1685 1680 1741 τελευτώντων
1708 1701 1806 1739 τα-

227 1787 340 1857 φήν
358 1802 375 1818 ·
404 1785 663 1850 πολλάκις
688 1785 746 1839 δὲ
766 1784 859 1839 καὶ
883 1778 1296 1855 ψυχορῤαγοῦσι
1316 1776 1805 1850 παρεκάθητο,καὶ

224 1878 359 1942 τοὺς
389 1876 701 1948 ὀφθαλμοὺς
720 1874 900 1930 αὐτῶν
926 1873 1159 1936 οἰκείαις
1181 1873 1371 1943 χερσὶν
1402 1867 1802 1924 ἐπεκάλυπτενο

1906 1586 2153 1642 maximat
2182 1585 2258 1641 illi
2288 1598 2408 1645 erat
2435 1601 2581 1644 curre
2607 1589 2868 1647 accedere
2895 1591 2961 1646 ad
2989 1602 3312 1663 aegr-morum
3347 1596 3477 1651 visi-

1906 1677 2200 1745 tationem,
2253 1686 2309 1733 et
2360 1692 2550 1734 eorum
2605 1679 2697 1748 qui
2744 1679 3075 1737 decedebant
3117 1684 3472 1754 sepulturam.

1907 1768 2061 1840 Saepe
2088 1777 2266 1825 autem
2299 1768 2465 1826 etiam
2491 1769 2765 1827 assidebat
2797 1770 2865 1827 iis
2896 1771 2987 1843 qui
3013 1774 3331 1830 emittebant
3359 1777 3478 1831 ani-

1906 1874 2074 1926 mam,
2097 1869 2147 1916 et
2170 1874 2358 1916 eorum
2382 1860 2569 1917 oculos
2591 1861 2706 1917 suis
2728 1862 2942 1932 tegebat
2957 1865 3229 1921 manibus.
3244 1865 3477 1922 .Inbebat

225 1940 507 2039 ἐπέτρεπε
644 1965 861 2028 καὶτὰς
894 1963 1037 2035 ὑπὲρ
1072 1940 1637 2031 τῶν-κεκοιμημένων
1672 1975 1801 2014 συν-

1915 1963 2138 2022 synaxes
2171 1962 2387 2021 quoque
2429 1949 2691 2039 celebrari
2728 1965 2827 2020 pro
2880 1951 2947 2007 iis
2990 1953 3080 2023 qui
3117 1952 3474 2021 dormierunt,

222 2058 378 2124 άξεις
402 2057 698 2122 ἐπιτελεῖν,
734 2053 1143 2129 ἰσχυριζόμενος
1167 2071 1227 2108 τε
1250 2053 1344 2106 καὶ
1370 2051 1718 2115 διαῦεόαιῶν,
1735 2051 1803 2106 τὰ

227 2150 445 2221 μεγάλα
495 2151 611 2214 τοῖς
672 2146 1088 2219 κατοιχομένοις
1143 2142 1447 2198 λυσιτελεῖν
1507 2142 1610 2207 τὰς
1666 2142 1804 2216 ὑπὲρ

224 2239 410 2295 αὐτῶν
439 2239 659 2310 μνήμας
683 2239 776 2293 καὶ
804 2234 1171 2307 λειτουργίας.

296 2330 437 2385 MO'.
461 2329 556 2393 Είς
583 2329 765 2382 πίστιν
787 2327 845 2382 δὲ
873 2327 981 2381 τῶν
1014 2324 1326 2397 λεγομένων
1351 2323 1447 2378 καί
1473 2340 1527 2378 τι
1564 2321 1805 2379 τοιοῦτον

224 2420 289 2473 οὐ
318 2419 427 2493 πρὸ
457 2418 654 2474 πολλοῦ
681 2417 976 2491 γενόμενον
1015 2418 1284 2490 ἐξηγεῖτο.
1347 2417 1543 2489 Ἔλεγε
1592 2417 1702 2489 γὰρ
1729 2416 1805 2482 ὡς

225 2511 337 2566 ὑπὸ
365 2511 590 2583 Περσῶν
619 2528 705 2576 τις
739 2512 820 2577 είς
873 2510 1111 2583 Περσίδα
1135 2510 1483 2582 αἰχμάλωτος
1513 2510 1803 2581 ἀπαχθεὶς,

225 2603 287 2657 ὲν
316 2605 387 2676 τῇ
412 2602 625 2674 φυλακῇ
652 2603 688 2676 ἡ
715 2602 857 2657 οὕτω
879 2602 1127 2658 καλεῖται
1153 2602 1332 2674 Λήθη,
1362 2602 1583 2671 δέσμιος
1607 2605 1806 2676 ἐφρου-

227 2696 379 2766 ρεῖτο
394 2710 409 2724 ·
428 2694 590 2766 νόμος
618 2695 674 2749 δὲ
707 2697 856 2768 παρὰ
880 2696 1116 2766 Πέρσαις
1138 2695 1361 2765 ἐκράτει
1386 2694 1653 2764 τοιοῦτος,
1677 2694 1804 2761 τοὺς

225 2786 288 2839 ιν
314 2788 381 2859 τῇ
424 2787 639 2860 φυλακῇ
667 2788 793 2860 τῇδε
825 2785 1249 2858 καθειρχθέντας
1281 2787 1671 2842 ἀνακαλεῖσθαι
1697 2805 1805 2859 μη-

227 2874 425 2930 δέποτε
449 2891 466 2909 ⁸
494 2878 668 2950 ταύτῃ
701 2895 783 2932 τοι
828 2878 923 2932 καὶ
951 2878 1105 2950 Λήθη
1154 2879 1293 2950 αὐτῇ
1347 2877 1408 2933 τδ
1441 2877 1613 2950 ὄνομα
1664 2880 1808 2935 κατὰ

227 2965 393 3037 λογον
422 2967 604 3039 ἐτέθη.
652 2968 888 3025 Ἐκεῖθεν
919 2968 1012 3024 οῦν
1036 2968 1344 3041 ἀποδρᾶσαί
1395 2986 1541 3034 τινες
1589 2969 1807 3026 δυνατοὶ

228 3058 517 3132 πιθόμενοι
549 3059 644 3115 καὶ
664 3060 765 3135 τὴν
791 3060 1019 3133 Κύπρον
1049 3062 1402 3129 καταλαδεῖν,
1427 3064 1539 3127 τοῖς
1566 3062 1657 3116 τοῦ
1685 3078 1809 3118 νεα-

228 3149 425 3203 νίσκου
455 3153 748 3223 πατράσιν,
806 3153 884 3217 ὼς
934 3153 1022 3224 είη
1046 3153 1325 3226 τεθνηκὼς
1370 3156 1428 3208 ἐν
1480 3156 1548 3227 τῇ
1590 3155 1806 3228 φυλακῇ

226 3240 705 3300 δι;6ε6αιώσαντο.
786 3245 1012 3299 Ἐκεῖνοι
1068 3246 1360 3318 τοιγαροῦν
1402 3245 1498 3301 τοῦ
1555 3248 1800 3302 ὶνιαυτοῦ

224 3335 383 3403 τρεῖς
414 3333 659 3399 συνάξεις
686 3333 759 3399 ὡς
787 3333 881 3389 ἐπὶ
901 3333 1079 3407 νεκρῷ
1097 3335 1269 3407 τούτῳ
1295 3335 1533 3392 ἐποίουν.
1557 3338 1669 3392 Καὶ
1683 3337 1807 3391 τέσ-

230 3439 407 3496 σαρες
458 3424 599 3480 οὕτω
649 3426 929 3499 παρῆλθον
983 3429 1243 3482 ἐνιαυτοί·
1296 3425 1397 3482 εἷθ’
1427 3427 1599 3493 οὕτως
1644 3430 1741 3483 καὶ
1779 3431 1810 3483 ὁ

225 3519 362 3580 παῖς
390 3517 599 3572 ἐκεῖθεν
626 3520 886 3590 ἐκφυγεῖν
908 3516 1179 3588 δυνηθεὶς,
1206 3520 1288 3583 εἰς
1313 3518 1410 3590 τὴν
1434 3519 1616 3574 οἰκίαν
1637 3520 1807 3574 ἐπάν-

225 3624 394 3674 εισιν,
435 3607 495 3661 δν
523 3610 572 3662 ot
601 3611 779 3678 γονεῖς
812 3609 910 3681 οὐχ
943 3609 1134 3682 ὥσπερ
1163 3609 1228 3664 ὲκ
1262 3609 1509 3680 φυλακῆς
1543 3610 1813 3677 φυγόντα,

224 3697 354 3754 ἄλλ’
380 3698 456 3762 ὼς
484 3699 547 3753 ἐκ
577 3700 785 3772 νεκρῶν
813 3700 1124 3754 ἀναστάντα
1164 3700 1364 3771 μᾶλλον
1415 3700 1511 3754 σὺν
1537 3700 1703 3772 πολλῇ
1737 3705 1805 3774 τῇ

226 3790 497 3857 ἐκπλήξει
525 3790 851 3864 θεασάμενοι
872 3791 968 3846 καὶ¹
993 3793 1322 3864 ἀπορῥήτως
1346 3791 1680 3862 πλησθέντες
1707 3792 1808 3864 τῆς

224 3881 451 3959 ἡδονῆς,
482 3882 651 3937 τᾶλλα
681 3901 738 3940 τε
776 3885 958 3955 ἔλεγον
993 3884 1088 3939 καὶ
1144 3883 1384 3948 ἐποίουν,
1415 3883 1518 3937 ὅσα
1566 3883 1632 3938 ἂν
1660 3883 1808 3956 ψυχὴ

225 3973 479 4027 τοιοῦτον
504 3972 689 4030 ἰδοῦσα
714 3976 876 4030 πάθοι
928 3975 1024 4032 καὶ
1067 3974 1236 4042 είπυι,
1272 3975 1364 4029 καὶ
1402 3974 1551 4040 ὅπως
1584 3974 1658 4038 ὡς
1681 3976 1810 4028 ἀπο⁹

228 4063 456 4117 θανόντι
477 4064 605 4136 ἢδη,
641 4065 709 4120 τὰ
758 4067 851 4120 ἐπὶ
883 4065 1104 4122 θανοῦσι
1153 4066 1519 4137 νενομισμένα
1566 4067 1806 4133 ἐποίουν,

226 4154 334 4209 καὶ
352 4152 689 4227 τὰς’ἠμέρας
707 4157 1126 4222 ἀναδιδάξαντες
1156 4157 1323 4229 αἴπερ
1356 4153 1519 4229 ἦσαν,
1542 4157 1575 4228 ἦ
1605 4174 1665 4213 τε
1702 4157 1810 4213 τῶν

227 4245 413 4313 ἁγίων
433 4245 742 4315 Θεοφανίων
770 4248 976 4320 ἡμέρα,
1006 4247 1104 4302 καὶ
1128 4249 1162 4319 ἡ
1191 4245 1285 4300 τοῦ
1322 4247 1590 4320 σωτηρίου
1618 4249 1812 4320 Πάσχα

227 4335 335 4388 καὶ
369 4334 472 4405 τῆς
523 4336 685 4404 ἁγίας
716 4337 1118 4407 Πεντηκοστῆς.
1152 4337 1371 4391 Τούτων
1408 4340 1615 4403 ἐκεῖνος
1646 4339 1811 4393 ἀκού-

228 4440 362 4488 σας,
391 4424 488 4479 καὶ
520 4426 597 4488 είς
630 4427 851 4497 μνήμην
885 4424 1076 4489 ἐλθὼν,
1105 4427 1252 4497 ὅρκῳ
1278 4429 1407 4491 τοὺς
1457 4430 1713 4493 τεκόντας
1737 4428 1814 4482 διο

226 4513 494 4568 ιὸεὸαίου
512 4515 589 4579 ὡς
614 4516 732 4569 κατ’
754 4517 924 4581 αὑτὰς
941 4516 1113 4570 ’τάσδε
1141 4518 1241 4579 τὰς
1263 4516 1494 4588 ἡμέρας,
1522 4518 1619 4571 καὶ
1650 4519 1811 4583 αὐτὸς

1906 2053 2157 2097 asserens
2203 2049 2260 2095 et
2297 2038 2573 2097 atiirmans
2612 2038 2885 2097 defunctis
2933 2044 3160 2100 multum
3218 2048 3476 2117 prodesse

1906 2145 2027 2202 qua:
2069 2145 2167 2202 pro
2203 2131 2283 2189 eis
2324 2131 2459 2188 ﬁunt
2504 2134 3047 2205 commemorationes
3085 2146 3140 2192 et
3177 2152 3334 2195 sacra
3371 2139 3479 2197 mi-

1906 2223 2151 2279 nisteria.

1977 2312 2169 2369 XLIX.
2208 2316 2289 2371 Ad
2320 2314 2478 2391 fidem
2522 2323 2703 2372 autem
2745 2315 3048 2373 faciendam
3113 2333 3302 2377 eorum
3356 2335 3479 2391 quae

1906 2405 2248 2472 dicebantur,
2284 2406 2390 2462 tale
2416 2387 2547 2477 quid
2578 2407 2742 2463 etiam
2778 2411 3068 2476 narrabat,
3104 2410 3246 2480 quod
3276 2387 3477 2465 factum

1908 2497 2081 2554 Inerat
2124 2513 2230 2554 non
2268 2498 2342 2553 ita
2382 2498 2550 2554 multo
2591 2506 2739 2556 ante.
2782 2499 3003 2557 Dicebat
3041 2501 3222 2568 enim,
3263 2502 3407 2571 quod
3445 2517 3476 2555 ι

1905 2587 2088 2646 Persis
2115 2590 2333 2661 quidam
2365 2590 2627 2646 abductus
2659 2592 2934 2660 captivus,
2968 2593 3020 2648 in
3057 2592 3323 2661 custodia,
3357 2608 3480 2663 que

1906 2681 2204 2751 appellatur
2240 2679 2409 2737 Lethe
2433 2718 2449 2746 ,
2487 2683 2868 2737 asservabatur
2898 2683 3129 2740 vinctus.
3153 2683 3262 2739 Lex
3295 2694 3481 2741 autem

1905 2780 2026 2827 erat
2054 2770 2196 2841 apud
2228 2769 2456 2837 Persas,
2489 2780 2547 2826 ut
2574 2772 2665 2842 qui
2697 2771 2928 2841 coniecti
2959 2784 3116 2831 erant
3144 2774 3199 2830 in
3229 2789 3347 2830 eam
3381 2792 3479 2831 cu-

1905 2862 2135 2920 stodiam
2161 2900 2179 2928 ,
2222 2876 2500 2936 nunquam
2547 2874 2932 2922 revocarentur
2967 2881 2983 2923 :
3027 2875 3083 2922 et
3146 2881 3210 2926 ea
3264 2871 3476 2928 ratione

1906 2962 2325 3011 consentaneum
2367 2962 2453 3011 est
2487 2969 2607 3011 eam
2659 2955 2826 3014 fuisse
2867 2970 3111 3015 vocatam
3151 2960 3392 3029 Lethen,
3422 2962 3481 3021 id

1908 3053 2011 3113 est,
2037 3046 2384 3104 oblivionem.
2408 3046 2562 3104 Illinc
2586 3057 2765 3103 autem
2796 3063 2917 3104 cum
2940 3039 3157 3120 quidam
3181 3054 3483 3121 potuissent

1913 3138 2187 3210 aufugere,
2214 3148 2267 3193 et
2290 3139 2344 3194 in
2366 3138 2601 3210 Cyprum
2635 3142 2841 3205 venire,
2872 3139 3209 3198 aﬂirmarunt
3242 3146 3485 3214 parenth

1909 3230 2011 3285 bus
2064 3229 2460 3294 adolescentis,
2500 3245 2624 3286 eum
2654 3245 2777 3286 esse
2819 3243 3091 3288 mortuum
3129 3234 3182 3290 in
3208 3237 3483 3297 custodia.

1910 3321 1995 3377 Illi
2024 3336 2152 3377 vero
2191 3333 2299 3377 tres
2327 3322 2621 3392 qumannis
2655 3338 2889 3394 synaxes
2932 3324 3310 3395 celebrabant,
3358 3336 3488 3386 tan-

1906 3426 2071 3484 quam
2104 3426 2170 3467 eo
2208 3422 2443 3468 mortuo.
2483 3413 2727 3478 Quatuor
2752 3413 2882 3469 anni
2919 3415 3323 3484 praeterieram,
3355 3433 3489 3477 cum

1909 3504 2052 3559 Illius
2087 3502 2231 3558 illinc
2254 3502 2560 3572 aufugiens,
2595 3504 2733 3559 redit
2760 3504 3000 3561 domum.
3034 3504 3203 3571 Quem
3233 3522 3354 3562 cum
3385 3524 3484 3577 pa-.

1910 3603 2094 3650 rentes
2139 3607 2247 3648 non
2298 3601 2550 3661 tanquam
2593 3594 2684 3663 qui
2726 3590 2955 3664 fugisset
2992 3608 3023 3650 e
3055 3596 3339 3660 custodia,
3384 3599 3481 3653 sed

1908 3705 2168 3766 tanquam
2225 3672 2316 3766 qni
2362 3691 2701 3748 surrexisset
2749 3708 2782 3749 e
2826 3693 3090 3759 mortuis,
3129 3706 3251 3748 cum
3288 3708 3486 3764 magno

1911 3798 2131 3859 stupore
2174 3787 2533 3857 aspexissent,
2584 3794 2639 3840 et
2680 3785 2908 3840 fuissent
2935 3783 3189 3840 ineﬂ‘ahili
3213 3786 3487 3853 voluptate

1907 3881 2122 3951 repleti,
2177 3888 2232 3932 et
2269 3879 2375 3933 alia
2414 3877 2685 3934 faciebant
2714 3885 2770 3931 et
2811 3875 3084 3944 dicebant,
3122 3891 3243 3947 qua:
3277 3878 3487 3941 anima,

1912 3990 2030 4046 quae
2065 3973 2223 4030 talem
2253 3972 2499 4038 vidisset,
2532 3968 2736 4027 faceret
2764 3979 2820 4025 et
2846 3970 3095 4031 diceret:
3129 3980 3185 4027 et
3212 3972 3482 4040 quemad.

1912 4066 2129 4120 modum
2160 4063 2210 4119 ei
2240 4071 2494 4132 tanquam
2514 4061 2624 4131 jam
2648 4070 2861 4116 mortuo
2899 4060 3141 4117 fecerant
3164 4061 3331 4130 iusta,
3361 4078 3485 4132 quas

1912 4157 2047 4212 ﬁunt
2091 4155 2339 4221 mortuis,
2375 4162 2428 4210 et
2471 4168 2595 4209 cum
2652 4167 2777 4207 eum
2855 4152 3216 4217 docuissent,
3262 4154 3487 4222 quinam

1911 4255 2093 4303 essent
2126 4248 2161 4301 ii
2193 4247 2344 4311 dies,
2378 4258 2569 4315 nempe
2605 4243 2720 4299 dies
2750 4252 3065 4299 sanctorum
3102 4242 3493 4316 Theophanio-

1914 4353 2059 4404 rum,
2083 4347 2138 4393 et
2162 4337 2277 4392 dies
2300 4336 2557 4392 salutaris
2582 4333 2828 4401 Pascbaz,
2852 4342 2906 4390 et
2932 4334 3047 4395 dies
3068 4346 3269 4392 sancta:
3296 4337 3494 4393 Pente-

1913 4440 2113 4485 costcs.
2157 4427 2285 4485 Haec
2330 4443 2453 4482 cum
2496 4426 2585 4481 ille
2624 4427 2949 4493 audivisset,
2984 4435 3041 4481 et
3078 4428 3131 4482 in
3174 4428 3490 4483 memoriam

1915 4527 2256 4585 revocasset,
2301 4517 2619 4589 parentibus
2665 4517 2997 4585 atlirmabat,
3041 4519 3185 4587 quod
3232 4520 3316 4574 Itis
3357 4519 3495 4589 ipsis

226 4605 350 4658 τῶν
383 4604 600 4676 δεσμῶν
627 4606 830 4671 ἀνεῖτο,
858 4606 1158 4684 ἐπιστασία
1180 4606 1806 4679 λαμτεροςροροῦντόςδτι¹

1923 4614 2111 4671 diebus
2155 4611 2500 4668 relaxabatur
2536 4625 2568 4664 a
2603 4611 2869 4677 vinculis,
2917 4611 3150 4667 adventu
3189 4611 3492 4680 cujusdam,

229 4710 354 4757 νος,
391 4695 487 4747 καὶ
518 4694 704 4760 ἁδείας
731 4696 972 4751 ἀπέλαυε
1003 4698 1205 4769 πάσης,
1237 4698 1338 4763 τὰς
1387 4699 1584 4770 ἑφεξῆς
1616 4702 1673 4754 ὲν
1704 4704 1806 4767 τοῖς

1924 4705 2017 4778 qui
2058 4706 2307 4775 gestabat
2339 4702 2679 4774 lampadem;
2709 4709 2766 4755 et
2800 4699 3079 4756 fruebatur
3112 4701 3260 4756 omni
3288 4701 3498 4757 securi-

229 4785 470 4853 δεσμοῖς
515 4784 678 4843 πάλιν
704 4785 895 4859 ὥσπερ
949 4787 1044 4843 καὶ⁵
1091 4788 1296 4861 προτοῦ
1331 4792 1819 4869 καταλαμϐανόμε-

228 4893 355 4938 νος.

1928 4808 2040 4855 tate
2069 4817 2083 4853 :
2112 4798 2301 4855 diebus
2327 4805 2507 4854 autem
2537 4792 2893 4867 sequentibus
2922 4791 3205 4851 tenebatur
3241 4793 3495 4864 vinculis,

1926 4894 2066 4949 sicut
2092 4889 2263 4963 prius.

1713 5057 1942 5117 CAPUT
1980 5054 2072 5114 IX.

1415 5195 1877 5271 Elaeutosynarum
1906 5203 1980 5257 vis
2007 5197 2149 5270 apud
2179 5196 2368 5252 Deum.

318 5335 407 5394 N'.
458 5337 739 5404 τοιούτοις
788 5336 990 5411 ἔργοιςι
1034 5339 1132 5396 καὶ
1183 5339 1489 5414 διηγήμασι
1542 5314 1823 5416 χρώμενος

2000 5344 2063 5400 L.
2094 5343 2317 5400 Talibus
2347 5350 2502 5397 utens
2526 5340 2686 5397 factis
2712 5350 2767 5398 et
2791 5342 3215 5412 narrationibus,
3243 5342 3343 5402 fuit
3365 5346 3475 5401 mut
3522 5376 3527 5381 ο

228 5431 466 5495 πολλοῖς
496 5431 735 5502 κατέστη
767 5429 1044 5503 σωτηρίας
1076 5431 1356 5496 ὑπόθεσις.
1399 5433 1498 5488 Διὰ
1529 5433 1704 5491 ταῦτα
1731 5437 1806 5491 κα

1934 5436 2004 5493 tis
2035 5435 2250 5491 occasio
2292 5432 2503 5489 salutis.
2550 5431 2840 5503 Propterea
2882 5431 3098 5503 plurimi
3137 5449 3355 5505 quoque
3383 5436 3503 5490 imi-

228 5526 502 5578 πλεῖστοι
523 5525 708 5578 δκεῖνα
729 5522 802 5578 τὰ
834 5522 946 5577 τῶν
967 5523 1283 5578 ἀποστόλων
1313 5523 1627 5595 ζηλοῦντες,
1651 5528 1744 5582 καί⁵
1761 5530 1806 5582 τί

1940 5536 2116 5583 tantes
2155 5524 2277 5590 illa,
2324 5537 2444 5594 quae
2482 5523 2687 5579 ﬂebant
2723 5535 2965 5593 tempore
3001 5525 3403 5596 apostolorum,
3445 5535 3503 5579 et

229 5619 382 5673 ὄντα
416 5615 933 5686 διαπιπράσκοντες,
962 5616 1064 5679 τὰς
1091 5615 1261 5686 τιμὰς
1286 5616 1548 5686 φέροντες
1572 5618 1694 5691 ταῖς
1732 5619 1833 5674 αύ-

223 5709 347 5766 egit
376 5708 538 5779 χερσὶ
566 5704 912 5774 κατετίθουν,
956 5706 1232 5774 ἀξιοῦντες
1265 5707 1358 5761 ὐπ’
1398 5707 1563 5763 αὐτοῦ
1592 5713 1703 5777 τοῖς
1740 5708 1837 5765 πέ-

226 5816 377 5870 νησι
400 5795 815 5867 διανεμηθῆναι.
856 5791 1089 5852 Μεθ’ὧν
1121 5791 1204 5861 εἷς
1221 5815 1305 5861 τις
1334 5798 1670 5868 προσελθὼν,
1696 5800 1836 5855 ἑπτὰ

1932 5616 2225 5673 vendentes
2246 5628 2306 5669 ea
2327 5628 2445 5683 quae
2473 5612 2766 5678 habebant,
2793 5629 2982 5669 eorum
3014 5615 3240 5685 pretium
3268 5614 3505 5671 nIferen-t

1939 5721 2019 5767 tes
2048 5709 2383 5780 deponebant
2412 5707 2479 5763 in:
2497 5708 2614 5779 ejus
2640 5708 2912 5777 manibus,
2944 5709 3185 5766 volentes
3212 5708 3267 5766 id
3293 5709 3364 5765 ab
3389 5711 3508 5779 ipso

1937 5800 2184 5856 distribui
2226 5798 2575 5870 pauperibus.
2625 5796 2763 5853 Cum
2810 5799 3007 5869 quibus
3055 5814 3196 5856 unus
3232 5800 3503 5873 quispiam

226 5892 429 5963 ἥμισυ
480 5886 668 5958 λίτρας
726 5886 822 5941 τοῦ
859 5888 1083 5959 χρυσίου
1126 5887 1446 5961 προσῆγεν,
1506 5890 1803 5946 ἐπιδεδαιῶ

1938 5893 2237 5962 accedens,
2268 5893 2387 5949 auri
2414 5899 2621 5964 septem
2666 5890 2832 5946 libras
2871 5905 2992 5945 cum
3029 5890 3248 5946 dimidia
3282 5890 3499 5953 obtulit,

539 5981 810 6042 PA'I'KUL.
853 5982 973 6043 Gtt.
1014 5980 1222 6044 CXIV.

3114 5981 3195 6045 30
