3828 6462
389 421 499 488 939

1520 364 1527 377 ’
1623 412 1906 500 ΜΕΝΞΙΞ
1942 408 2407 475 JANUARIUS.

3528 406 3633 473 θιίο

394 539 669 594 sillnnans
718 530 853 589 nihil
892 527 1121 600 amplius
1172 528 1288 583 auri
1331 527 1470 598 apud
1514 541 1574 583 se
1614 527 1961 583 remansisse.

2069 526 2219 581 οὐδὲν
2253 525 2403 594 αὐτῷ
2445 524 2525 587 είς
2576 520 2778 594 χρυσὸν
2812 521 2972 576 πλέον
3003 521 3404 593 ὑπολελεῖφθαι.
3431 520 3537 579 Δύο
3580 526 3635 580 δὲ

395 629 616 686 Petebat
660 638 840 682 autem
881 625 949 678 ab
988 640 1088 687 eo,
1132 632 1189 677 ut
1230 623 1363 678 duas
1404 622 1607 693 gratias
1650 622 1959 690 acciperet:

392 736 588 791 nempe
616 728 749 774 utet
774 726 1082 772 servaretur
1107 714 1326 783 quidem
1355 714 1472 785 ejus
1500 714 1643 769 illius
1673 713 1817 768 illius
1845 727 1966 783 pre-

282 853 290 858 .
392 816 585 878 cibus;
630 809 928 871 referretur
961 822 1088 861 vero
1112 809 1266 862 navis
1307 809 1511 875 absque
1549 805 1656 860 ullo
1699 803 1960 875 periculo,

393 922 513 977 quae
542 906 755 976 quidem
786 904 985 958 emissa
1017 903 1195 957 fuerat
1225 904 1278 955 in
1318 901 1580 955 Africam.
1611 899 1746 953 Cum
1785 905 1962 952 autem

392 1009 513 1069 post
539 1011 729 1067 preces
759 996 979 1067 triginta
1009 996 1121 1049 dies
1148 993 1557 1064 prmteriissent,
1589 991 1817 1047 moritur
1839 988 1966 1061 qui-

392 1087 516 1141 dem
550 1085 734 1140 filius:
766 1086 928 1139 tertio
960 1098 1087 1139 vero
1112 1085 1197 1138 die
1232 1092 1350 1152 post
1376 1082 1494 1151 ejus
1528 1092 1781 1149 mortem,
1814 1081 1965 1136 navis

394 1188 517 1244 qua:
536 1174 741 1229 redibat
763 1188 828 1228 ex
851 1173 1054 1239 Africa,
1079 1188 1198 1227 cum
1225 1172 1416 1227 fuisset
1437 1187 1503 1228 ex
1528 1171 1757 1227 adverso
1780 1171 1961 1235 Phari,

395 1266 451 1321 in
476 1281 641 1336 grave
667 1266 856 1320 incidit
882 1265 1244 1335 naufragium,
1270 1265 1404 1320 adeo
1431 1273 1488 1320 ut
1514 1266 1821 1320 universum
1846 1265 1965 1333 qui-

394 1358 519 1414 dem
564 1372 702 1413 onus
752 1359 1008 1429 perierit,
1060 1357 1172 1414 sola
1219 1358 1331 1429 (15)
1380 1369 1559 1413 autem
1610 1360 1760 1412 navis
1806 1355 1965 1411 fuerit

395 1450 541 1505 salva
570 1464 691 1503 cum
718 1449 1051 1504 vectoribus.
1077 1448 1208 1503 Cum
1238 1457 1413 1501 autem
1440 1449 1590 1517 prius
1620 1446 1801 1501 audito
1829 1460 1967 1501 nun-

395 1544 471 1599 tio
498 1543 565 1598 de
592 1543 723 1609 filio,
754 1543 934 1597 adhuc
963 1541 1176 1610 vigente
1206 1538 1370 1593 animi
1404 1539 1841 1609 perturbatione,
1875 1553 1967 1594 ac-

393 1636 558 1692 cessit
587 1635 656 1691 de
691 1649 830 1689 nave
859 1633 1099 1698 tristitia,
1128 1633 1181 1687 id
1213 1646 1337 1688 eum
1363 1630 1523 1703 plane
1548 1631 1750 1687 ub‘ruit.

462 1810 548 1867 LI.
587 1809 744 1877 Quod
786 1812 1001 1880 quidem
1033 1820 1316 1881 postquam
1352 1811 1694 1887 cognovisset
1729 1811 1964 1881 patriar-

2067 618 2198 688 παρ’
2230 615 2397 671 αὐτοῦ
2426 617 2655 687 χάριτας
2678 615 2860 686 ᾐτεῖτο
2888 613 3073 668 λαϐεῖν
3092 630 3107 645 ·
3144 616 3383 686 σωθῆναι
3419 617 3521 687 μὲν
3548 616 3641 674 τὸν

2066 708 2233 763 αὐτοῦ
2274 708 2437 761 παῖδα
2475 708 2596 770 ταῖς
2625 704 2791 759 αὐτοῦ
2833 706 3042 775 εὐχαῖς,
3091 706 3530 776 ἀνακομισθῆναι
3581 707 3637 762 δὲ

2066 800 2162 854 καὶ
2189 798 2250 852 τὸ
2274 798 2456 850 πλοῖον
2503 796 2808 858 ἀκίνδυνον,
2838 795 2977 865 ὅπερ
3027 793 3216 865 ἔτυχεν
3246 796 3326 858 είς
3368 793 3639 867 Ἀφρικὴν

2067 889 2403 962 ἐκπεμφθέν.
2465 886 2617 943 Ἐπεὶ
2672 881 2766 941 οὖν
2824 885 2961 956 μετά
2993 885 3094 956 τὴν
3123 885 3291 956 εὐχὴν
3340 886 3638 952 τριάκοντα

2066 982 2345 1055 παρῆλθον
2370 980 2596 1050 ἡμέραι,
2624 976 2847 1048 θνήσκει
2880 976 2979 1044 μὲν
2997 975 3025 1027 ὁ
3050 975 3184 1040 υίὸς,
3201 975 3392 1046 τρίτην
3413 975 3472 1028 δὲ
3499 975 3638 1045 ape-

2070 1091 2167 1147 ραν
2205 1072 2342 1144 μετὰ
2369 1072 2459 1126 τὸν
2488 1070 2718 1123 θάνατον
2745 1067 2808 1121 τὸ
2835 1066 3020 1121 πλοῖον
3048 1067 3107 1133 ἐξ
3136 1067 3406 1138 Ἀφρικῆς
3434 1066 3639 1134 ἀναγό.

2069 1184 2248 1238 μενον,
2289 1160 2406 1219 εἶτα
2436 1162 2512 1233 τῷ
2533 1163 2696 1232 Φάρῳ
2721 1159 3046 1223 ἀπεναντίας
3079 1159 3368 1231 γενόμενον
3395 1157 3640 1229 ναυαγίῳ

2065 1259 2222 1330 δεινῷ
2248 1257 2591 1327 περιπίπτει,
2620 1254 2695 1317 ὡς
2725 1253 2906 1307 πάντα
2948 1253 3048 1323 μὲν
3074 1252 3165 1306 τὸν
3197 1252 3393 1322 φόρτον
3450 1252 3641 1304 ἀπολέ-

2069 1350 2216 1412 σθαι,
2248 1349 2407 1418 μόνον
2434 1348 2491 1401 δὲ
2514 1348 2613 1401 σὺν
2642 1345 2928 1408 ἐπιϐάταις
2957 1343 3019 1398 τὸ
3071 1343 3254 1396 πλοῖον
3279 1341 3636 1412 διασωθῆναι.

2074 1442 2167 1505 Ὣς
2217 1436 2349 1506 οὖν,
2389 1440 2488 1511 τῆς
2527 1439 2657 1511 περὶ
2704 1437 2799 1490 τοῦ
2847 1436 3038 1500 παιδὸς
3068 1434 3327 1504 ἀγγελίας
3375 1434 3640 1504 πρότερον

2066 1534 2452 1603 ἀκουσθείσης,
2481 1532 2577 1586 καὶ
2599 1530 2694 1586 τοῦ
2712 1530 2918 1594 πάθους
2939 1529 3018 1583 ἔτι
3041 1527 3393 1600 κρατοῦντος,
3422 1529 3483 1581 τὸ
3511 1525 3640 1597 περὶ

2065 1627 2159 1681 τοῦ
2190 1626 2378 1680 πλοίου
2414 1622 2735 1696 σκυθρωπὸν
2758 1620 2981 1693 ἐπῆλθε,
3014 1620 3197 1674 τέλεον
3219 1618 3381 1674 αὐτὸν
3408 1619 3669 1673 κατεϐἀι

2110 1736 2279 1775 τισεν.

2110 1737 2279 1775 τισεν.

2066 1737 2107 1774 π
2134 1809 2265 1866 NA'.
2299 1811 2479 1882 Ὅπερ
2507 1810 2704 1880 γνόντα
2732 1807 2824 1863 τὸν
2852 1807 3215 1880 πατριάρχην,
3240 1806 3391 1861 οὐδὲν
3421 1805 3642 1859 ἔλαττον

384 1905 516 1971 σιω,
546 1906 595 1959 id
618 1905 786 1959 nihilo
807 1904 1073 1959 minorem
1097 1906 1147 1960 ei
1171 1904 1350 1958 attulit
1370 1906 1534 1960 animi
1558 1905 1958 1977 aegritudinem.

2069 1905 2272 1959 ἐκείνου
2308 1903 2539 1974 ἀθυμεῖν
2568 1902 2772 1956 ἐποίειο
2796 1901 3004 1955 δεῖσθαί
3030 1916 3087 1955 τε
3113 1898 3207 1953 τοῦ
3231 1897 3366 1953 Θεοῦ
3392 1899 3639 1969 ἀοράτως

394 1997 559 2053 Deum
598 1998 781 2066 itaque
818 1997 1055 2068 rogavit,
1087 2004 1146 2050 ut
1185 1996 1531 2051 invisibiliter
1568 1997 1685 2067 ejus
1724 1997 1960 2050 animam

390 2090 700 2158 attingeret,
726 2098 781 2144 et
810 2090 1114 2158 increparet
1144 2096 1515 2157 tempestatem
1550 2088 1714 2143 animi
1743 2088 1963 2157 aegritu-

393 2179 536 2233 dinis
569 2186 623 2233 et
654 2189 1043 2233 trausmutaret
1073 2178 1124 2232 iu
1160 2178 1632 2247 tranquillitatem.
1673 2177 1727 2231 In
1756 2176 1964 2232 somnis

395 2271 579 2339 itaque
622 2279 780 2324 nocte
816 2270 1061 2337 sequenti
1098 2270 1172 2322 illi
1203 2280 1429 2339 apparet
1471 2269 1576 2335 vir,
1611 2268 1779 2339 figura
1811 2277 1865 2323 et
1897 2269 1963 2322 li-

393 2363 698 2418 mamentis
738 2362 934 2416 similis
977 2362 1340 2431 patriarchte,
1380 2361 1428 2416 ei
1468 2361 1695 2420 dicens:
1737 2362 1846 2416 Cur
1890 2361 1963 2417 ita

392 2458 567 2512 victus
585 2471 644 2511 es
664 2471 692 2510 ιι
717 2455 934 2509 tristitia
952 2464 1253 2526 propterea
1272 2472 1390 2525 quas
1410 2457 1754 2513 acciderunt?
1777 2455 1965 2514 Nonne

394 2557 452 2604 tu
495 2564 580 2604 me
610 2548 833 2617 rogasti,
864 2557 924 2601 ut
962 2548 1079 2602 haec
1108 2548 1361 2613 precibus
1398 2563 1427 2601 a
1458 2546 1570 2602 Deo
1609 2551 1963 2618 postularem,

393 2655 588 2709 nrmpe
628 2652 688 2695 ut
724 2648 779 2695 et
804 2649 928 2694 tuus
963 2638 1143 2694 salvus
1178 2648 1324 2695 esset
1366 2639 1539 2695 ﬁlius?
1579 2641 1643 2696 Et
1683 2657 1809 2696 ecce
1849 2643 1966 2711 ejus

393 2735 568 2804 gratia
610 2742 695 2788 est
722 2732 932 2797 salvus,
961 2742 1019 2787 ut
1056 2734 1146 2802 qui
1191 2746 1219 2785 a
1248 2733 1373 2787 vitae
1411 2732 1569 2787 malis
1608 2733 1862 2788 dimissus
1892 2734 1964 2789 sit

394 2826 614 2881 illaesos.
662 2824 721 2879 Si
763 2826 904 2879 enim
955 2826 1176 2880 vixisset
1215 2824 1452 2895 longius,
1494 2840 1601 2880 non
1630 2824 1837 2890 bonus,
1872 2825 1965 2880 sed

394 2917 672 2989 improbus
704 2927 823 2972 erat
852 2931 1129 2985 evasurus,
1165 2927 1218 2973 et
1242 2918 1492 2988 indignus
1521 2932 1587 2972 eo
1618 2919 1708 2987 qui
1741 2926 1965 2973 creave-

394 3022 501 3069 rat.
548 3013 698 3078 Quod
731 3012 797 3064 ad
841 3024 1029 3065 navem
1061 3020 1241 3064 autem
1291 3010 1516 3076 attinet,
1548 3009 1685 3063 nihil
1731 3009 1964 3076 dubites,

396 3105 537 3173 quod
569 3104 669 3157 nisi
711 3103 851 3157 Deus
885 3101 1073 3155 fuisset
1105 3111 1360 3155 exoratus
1391 3115 1422 3155 a
1464 3111 1645 3154 nostra
1676 3102 1965 3157 mediocri-

398 3206 542 3261 tate,
575 3204 695 3248 erat
731 3208 853 3247 cum
886 3192 1016 3262 ipsis
1055 3192 1189 3248 viris
1232 3192 1283 3246 in
1327 3190 1651 3263 profundum
1688 3194 1966 3249 transmit-

393 3290 577 3353 tenda,
605 3297 653 3341 et
687 3297 881 3355 printer
909 3301 1048 3342 onus
1098 3255 1565 3355 fratrequuoque
1590 3296 1643 3342 et
1671 3286 1802 3342 alios
1831 3287 1967 3342 ami-
1993 3255 2038 3319 c

390 3381 584 3439 sisses.
630 3376 744 3433 Non
777 3389 989 3449 oportet
1020 3393 1148 3448 ergo
1190 3393 1311 3434 esse
1354 3380 1559 3433 tristem
1581 3418 1597 3444 ,
1629 3379 1721 3433 sed
1749 3387 1968 3449 propter

393 3470 498 3527 hoc
531 3471 707 3540 ipsum
746 3470 969 3527 ferenda
1001 3480 1127 3525 sunt
1157 3473 1336 3542 potius
1368 3486 1488 3539 qure
1525 3470 1781 3526 accidunt
1812 3481 1966 3541 grato

394 3563 598 3619 animo.
633 3561 777 3617 Nihil
815 3564 961 3617 enim
1020 3577 1208 3618 eorum
1266 3579 1385 3631 quae
1415 3564 1575 3627 fiunt,
1623 3563 1682 3617 fit
1718 3562 1835 3617 sine
1870 3562 1966 3617 Dei

389 3655 625 3726 judicio,
674 3657 884 3711 etiamsi
926 3660 1035 3711 sint
1077 3656 1232 3712 nobis
1280 3656 1458 3726 ignota
1504 3656 1666 3711 multa
1712 3669 1777 3711 ex
1824 3655 1968 3712 illius

389 3745 628 3815 iudiciis.
654 3746 943 3819 Postquam
976 3762 1104 3819 ergo
1130 3763 1251 3804 eum
1275 3749 1481 3804 dimisit
1516 3764 1762 3812 somnus,
1799 3748 1969 3803 sensit

355 3853 494 3892 'cor
539 3854 695 3892 suum
735 3843 869 3894 satis
912 3855 1161 3910 magnam
1204 3841 1477 3910 accepisse
1521 3840 1965 3896 consolationem.

399 3926 705 3999 Satiatque
749 3929 1049 3999 profectus,
1096 3930 1325 4000 procidit
1354 3933 1419 3985 ad
1465 3931 1609 3985 beati
1649 3933 1749 3986 viri
1783 3934 1964 4002 pedes,

396 4034 624 4090 magnas
671 4021 720 4076 ei
761 4037 925 4089 agens
976 4024 1214 4092 gratias,
1258 4033 1312 4077 et
1348 4037 1510 4092 quam
1551 4023 1761 4079 viderat
1806 4035 1968 4080 noctu

396 4126 629 4167 narrans
670 4112 954 4168 visionem.
1002 4113 1095 4168 llle
1138 4121 1319 4168 autem
1353 4112 1554 4178 suasit,
1600 4122 1663 4167 ut
1703 4128 1809 4167 non
1845 4114 1965 4184 ipsi,

397 4203 492 4257 sed
528 4202 660 4267 Deo,
690 4202 780 4273 qui
810 4204 992 4259 omnia
1023 4204 1300 4274 dispensat
1329 4203 1395 4259 ad
1427 4202 1737 4271 utilitatem,
1771 4218 1965 4275 accep-

396 4300 505 4347 tam
542 4293 678 4349 ferat
701 4295 955 4366 gratiam.

467 4383 576 4440 Lll.
606 4388 711 4442 Sed
743 4386 1195 4457 quemadmodum
1217 4380 1333 4441 non
1348 4400 1444 4443 eos
1469 4387 1664 4451 solum,
1697 4388 1788 4458 qui
1811 4388 1967 4444 Chri-

393 4489 480 4534 sto
508 4479 831 4544 offerebant,
851 4489 926 4542 et,
961 4489 1020 4535 ut
1051 4480 1179 4536 dicit
1208 4480 1422 4535 divinus
1447 4481 1755 4551 Apostolus,
1786 4482 1837 4536 in
1874 4482 1969 4537 be-

2066 1983 2377 2065 ὲφάψασθαι
2404 1993 2502 2065 τῆς
2528 1992 2695 2047 αὐτοῦ
2723 1991 2923 2063 ψυχῆς,
2959 1990 3285 2060 ἐπιτιμῆσαι
3303 2004 3364 2042 τε
3403 1990 3471 2057 τῇ
3504 1986 3643 2057 ζάλῃ

2065 2089 2163 2159 τῆς
2189 2088 2429 2158 ἀθυμίας
2460 2086 2552 2139 καὶ
2580 2086 2661 2149 είς
2686 2084 2927 2155 γαλήνην
2952 2081 3301 2153 μεταϐαλεῖν.
3330 2080 3504 2149 Ὄναρ
3534 2080 3644 2131 τοξ-

2066 2196 2162 2234 νυν
2189 2180 2266 2241 είς
2295 2176 2394 2249 τὴν
2427 2175 2882 2229 ὲπιοῦσαν’νύκτα
2921 2173 3207 2243 ἐφίσταται
3258 2170 3337 2242 τῷ
3366 2168 3640 2241 ἀνθρώπῳ

2064 2271 2225 2342 ἀνὴρ,
2263 2268 2341 2341 τῷ
2367 2266 2462 2322 τοῦ
2486 2267 2826 2339 πατριάρχου
2858 2265 3047 2328 ἐοικὼς
3087 2264 3345 2335 σχήματι,
3382 2263 3447 2315 Τί
3473 2260 3640 2326 οὕτω,

2069 2364 2203 2435 πρὸς
2225 2360 2389 2416 αὐτὸν
2424 2360 2622 2430 λέγων,
2651 2362 2751 2431 της
2783 2359 2877 2411 ἐπὶ
2931 2360 3046 2420 τοῖς
3086 2355 3497 2427 συμϐεϐηκόσιν
3540 2356 3640 2425 ἤτ-

2065 2473 2227 2527 τησαι
2277 2454 2492 2525 λύπηςς
2545 2451 2667 2523 οὐχὶ
2707 2450 2771 2504 σύ
2828 2467 2893 2522 με
2924 2450 3161 2519 ἠξίωσας
3210 2449 3393 2518 δέησιν
3436 2447 3642 2517 ταύτην

2066 2547 2327 2619 δεηθῆναι
2357 2545 2491 2599 Θεοῦ
2536 2542 2777 2613 σωθῆναί
2819 2558 2913 2595 σου
2944 2545 3037 2595 τὸν
3082 2542 3225 2606 υίόν;
3255 2542 3350 2595 καὶ
3381 2539 3494 2594 ἰδοὺ
3544 2540 3640 2610 χά-

2069 2658 2178 2713 ριτι
2205 2642 2269 2710 τῇ
2302 2638 2468 2693 αὑτοῦ
2497 2637 2764 2690 σέσωσται
2786 2634 2893 2688 τῶν
2916 2633 3010 2687 τοῦ
3039 2632 3155 2704 βίου
3183 2633 3368 2686 κακῶν
3387 2633 3643 2702 ἀπήμαν-

2066 2748 2157 2797 τος
2193 2731 2435 2799 ἀφεθείς,
2490 2730 2552 2782 Ei
2590 2730 2700 2800 γὰρ
2733 2728 3081 2799 μακροτέρας
3110 2725 3265 2797 ἔτυχε
3320 2723 3421 2795 τῆς
3470 2725 3641 2795 ζωῆς,

2067 2827 2167 2881 οὐκ
2202 2824 2424 2893 ἀγαθὸς,
2487 2822 2621 2878 ἀλλά
2670 2820 2946 2891 μοχθηρὸς
2986 2819 3214 2889 ἔμελλεν
3262 2817 3638 2890 ἀποϐήσεσθαι

2068 2919 2163 2973 κει)¹
2191 2915 2286 2970 τοῦ
2309 2915 2676 2986 πεποιηκότος
2709 2913 2928 2978 ἀνάξιος
2954 2927 2968 2942 ·
3004 2913 3165 2982 χάριν
3205 2914 3261 2966 δὲ
3306 2910 3401 2965 τοῦ
3454 2911 3638 2964 πλοίου

2072 3008 2239 3080 μηδὲν
2270 3008 2359 3062 ἔσο
2379 3005 2699 3072 ὲπιδοιάζων
2724 3021 2738 3037 ⁸
2770 3005 2845 3069 ὡς
2878 3007 2925 3058 εί
2964 3005 3038 3076 μὴ
3068 3004 3199 3068 Θεὸς
3221 3004 3325 3057 ὑπὸ
3360 3004 3457 3075 τῇς
3484 3004 3640 3075 ἡμῶν

2069 3098 2487 3170 παρακέκληται
2539 3096 2914 3168 μετριότητος,
2970 3094 3267 3165 αὔτανδρον
3320 3094 3512 3165 ἔμελλε
3565 3094 3642 3165 τῷ

2069 3192 2261 3265 Κυρίῳ
2286 3192 2405 3263 θεῷ
2434 3189 3032 3261 παραπεμφθήσεσθαι,
3066 3190 3161 3242 καὶ
3192 3188 3325 3261 πρὸς
3357 3187 3434 3259 τῷ
3460 3189 3641 3259 φόρτῳ

2070 3286 2166 3340 καὶ
2216 3285 2306 3337 τὸν
2352 3283 2579 3352 ἀδελφδν
2638 3282 2735 3335 καὶ
2791 3282 2920 3344 τοὺς
2968 3281 3162 3344 ἀλλους
3213 3279 3503 3343 ἀπώλεσας
3555 3279 3639 3333 ἄν.

2069 3374 2280 3430 Οὔκουν
2307 3374 2537 3444 ἀθυμεῖν
2593 3373 2734 3435 δέον,
2780 3371 2917 3426 ἀλλὰ
2956 3370 3025 3424 δι’
3078 3370 3210 3424 αὐτὸ
3243 3368 3403 3423 τοῦτο
3440 3358 3641 3439 μᾶλλον

2069 3465 2407 3537 εὐχαρίστως
2445 3463 2512 3517 τὰ
2566 3462 2980 3535 προσπίπτοντα
3036 3461 3430 3532 ὑπομενητέον.
3476 3459 3640 3514 Οὐδὲν

2068 3559 2179 3631 γὰρ
2204 3561 2310 3614 τῶν
2348 3559 2646 3629 γινομένων
2695 3557 2847 3628 παρὰ
2875 3557 3009 3610 Θεοῦ
3061 3555 3308 3628 ἄκριτον,
3368 3555 3475 3609 κᾶν
3511 3557 3640 3624 ἡμῖν

2071 3652 2324 3723 ἄγνωστα
2372 3650 2440 3706 τά
2494 3649 2664 3704 πολλά
2715 3650 2826 3704 τῶν
2869 3650 3082 3704 ἐκείνου
3139 3649 3448 3721 κριμάτων.
3493 3649 3643 3702 Ἐπεὶ

2068 3744 2162 3799 οὖν
2191 3744 2285 3798 καὶ
2309 3746 2337 3798 ὁ
2365 3744 2532 3806 ὕπνος
2563 3743 2734 3813 ἀνῆκε
2771 3743 2864 3796 τὸν
2894 3743 3085 3815 ἄνδρα,
3118 3742 3316 3814 ᾔσθετο
3346 3743 3447 3813 τῆς
3478 3740 3639 3796 αὑτοῦ

2070 3836 2299 3910 καρδίας
2327 3836 2530 3900 ίκανῶς
2557 3834 3077 3907 παρακεκλημένης,
3112 3836 3209 3889 καὶ
3230 3834 3519 3906 πορευθεὶς
3547 3836 3641 3888 αὺ-

2070 3930 2197 3983 τίκα
2224 3931 2334 3992 τοῖς
2367 3928 2493 3982 ποσὶ
2515 3928 2851 3999 προσπίπτει
2884 3925 2979 3981 τοῦ
3023 3927 3318 4000 μακαρίου,
3349 3927 3551 3991 πολλάς
3582 3940 3643 3981 τι

2070 4021 2219 4092 αὑτῷ
2266 4021 2654 4093 καθομολογῶν
2698 4022 2797 4084 τὰς
2848 4021 3100 4093 χάριτας,
3148 4023 3243 4075 καὶ
3291 4024 3396 4091 τὴν
3424 4020 3549 4091 ὄψιν
3574 4020 3640 4092 ἢν

2071 4112 2284 4184 ἑώρακε
2340 4111 2439 4182 τῆς
2478 4110 2671 4175 νυκτὸς
2720 4110 3101 4182 διηγούμενος.
3171 4108 3228 4164 ’0
3277 4108 3333 4164 δὲ
3366 4111 3468 4164 οὐκ
3494 4108 3639 4178 αὐτῷ

2075 4205 2294 4275 μᾶλλον,
2334 4202 2469 4257 ἀλλά
2488 4201 2564 4274 τῷ
2600 4201 2718 4275 Θεῷ
2752 4204 2927 4257 πάντα
2952 4202 3027 4266 ὡς
3060 4203 3155 4257 ἐπὶ
3186 4202 3464 4273 συμφέρον
3495 4204 3640 4256 obta-

2070 4297 2321 4369 νομοῦντι
2354 4295 2664 4366 λογίζεσθαι
2688 4295 2922 4367 παρῄνει
2954 4297 3051 4367 τὴν
3082 4297 3240 4367 χάριν

2140 4389 2267 4446 NB’.
2309 4389 2451 4443 Ἀλλ’
2481 4391 2629 4453 ὅπως
2647 4390 2707 4443 οὐ
2738 4392 2861 4452 τοὺς
2892 4388 3383 4459 καρποφοροῦντας
3419 4386 3640 4459 Χριστῷ

2074 4482 2256 4554 μόνον,
2286 4482 2402 4548 καὶ,
2429 4481 2505 4545 ὥς
2538 4499 2703 4553 φησιν
2735 4469 2780 4535 ’ὁ
2825 4480 2964 4546 θεῖος
3000 4480 3349 4547 ’Δπόστολο;,
3380 4481 3470 4534 ἐπ’
3494 4480 3641 4533 εὐλο-

392 4572 703 4627 ncdictione
755 4571 1131 4638 seminabant,
1198 4572 1290 4627 ille
1342 4571 1722 4628 benedictione
1774 4572 1965 4643 dignos

2071 4576 2195 4641 γίας
2247 4574 2607 4644 σπείροντας,
2668 4573 2918 4643 εὐλογίας
2990 4575 3198 4636 ἐκεῖνος
3249 4574 3343 4627 καὶ
3375 4574 3638 4643 ἀποδοχῆς

393 4664 550 4719 (luxit
588 4674 642 4718 et
683 4664 1066 4732 accipiendos;
1102 4664 1198 4719 sed
1231 4678 1325 4719 eos
1356 4665 1552 4730 etiam,
1587 4665 1677 4734 qui
1706 4665 1760 4718 in
1789 4664 1965 4734 ipsum

391 4762 551 4808 erant
583 4755 730 4824 parci
760 4766 815 4809 et
843 4755 1155 4822 illiberales,
1187 4756 1437 4827 prudenti
1463 4757 1676 4810 ratione
1704 4756 1968 4811 studuerit

391 4842 649 4898 inducere
680 4845 746 4898 ad
776 4842 1201 4915 eleemosynam,
1231 4844 1513 4899 declarant
1549 4843 1767 4913 quidem
1803 4846 1966 4899 etiam

394 4936 561 4990 multa
598 4938 739 4998 alia;
787 4937 1085 4992 declarabit
1122 4946 1301 4992 autem
1345 4936 1546 5002 etiam,
1591 4938 1734 5006 quod
1766 4936 1968 4992 factum

393 5036 474 5083 est
517 5028 569 5082 in
603 5028 844 5084 Troilum
881 5031 1217 5101 episcopum.
1245 5028 1380 5084 Eum
1417 5030 1587 5095 enim,
1641 5044 1765 5085 cum
1821 5038 1968 5086 esset

391 5118 742 5183 avarissimus
789 5127 845 5175 et
887 5121 1277 5190 parcissimus,
1326 5121 1516 5175 statuit
1565 5120 1850 5177 traducere
1900 5122 1965 5178 ad

391 5224 632 5263 amorem
655 5210 1008 5281 eleetnosyute
1038 5214 1138 5267 hoc
1161 5213 1337 5267 modo.
1384 5212 1441 5267 In
1466 5214 1963 5283 ptochotrophinm,

390 5301 536 5372 quod
566 5303 679 5373 ipse
708 5314 1111 5371 construxerat,
1144 5313 1201 5361 ut
1228 5305 1454 5373 solebat,
1482 5309 1701 5373 vadens,
1731 5308 1968 5363 assumit

390 5396 554 5451 etiam
603 5395 867 5453 Troilum.
919 5397 1089 5470 Cujus
1141 5400 1392 5455 comitem
1444 5416 1563 5455 cum
1624 5401 1968 5471 cognovisset

390 5485 596 5545 habere
629 5489 681 5543 in
716 5490 839 5544 sinu
869 5492 1083 5563 triginta
1114 5491 1278 5546 libras
1317 5493 1463 5560 auri;
1503 5492 1659 5559 Sunt,
1697 5492 1895 5562 inquit,
1931 5505 1964 5545 a

394 5592 448 5638 te
493 5583 656 5638 hodie
704 5586 965 5652 curandi,
1017 5586 1362 5643 sanctissime
1416 5586 1621 5654 Troile
1690 5587 1859 5642 nostri
1912 5586 1965 5639 in

390 5675 611 5733 Christo
656 5674 872 5737 fratres.
921 5678 1014 5736 llle
1066 5690 1248 5736 autem
1294 5690 1548 5750 tanquam
1601 5695 1666 5736 eo
1711 5692 1966 5735 sermone

2067 4669 2250 4739 ἠξίου,
2286 4668 2423 4722 ἀλλὰ
2472 4670 2565 4722 καὶ
2589 4668 2715 4732 τοὺς
2761 4669 3117 4745 μικρολόγους
3157 4669 3264 4738 γὰρ
3316 4668 3458 4740 πρὸς
3486 4666 3640 4720 τοῦτο

2067 4759 2164 4814 καὶ
2193 4759 2487 4830 φειδωλοὺς
2515 4759 2760 4829 μεθόδοις
2785 4762 3033 4821 συνεταῖς
3054 4758 3318 4812 ἔσπευδεν
3342 4757 3639 4823 ἐπάγεσθαι

2066 4852 2202 4924 πρὸς
2265 4852 2663 4922 ἐλεημοσύνην,
2711 4850 2932 4919 δηλοῦσι
2964 4852 3065 4920 μὲν
3109 4851 3204 4903 καὶ
3253 4850 3395 4905 ἀλλα
3449 4848 3634 4911 πολλὰ,

2066 4945 2219 5014 δηλοῖ
2241 4945 2296 4997 δὲ
2325 4944 2418 4998 καὶ
2440 4943 2500 4996 τὸ
2535 4945 2627 4996 ἐπὶ
2651 4942 2728 5014 τῷ
2755 4944 2797 4996 Τ
2805 4944 2980 5013 ρωῒλῳ
3005 4942 3082 5013 τῷ
3104 4942 3389 5011 ὲπισκόπῳ
3410 4940 3634 5011 γενόμε-

2067 5053 2177 5090 νον.
2203 5035 2405 5089 Τοῦτον
2436 5036 2546 5109 γὰρ
2575 5037 2912 5107 ῳιλάργυρον
2961 5037 3089 5089 ὄντα
3129 5035 3224 5090 καὶ
3252 5035 3635 5105 φειδωλότατον

2066 5130 2150 5192 είς
2181 5127 2549 5199 ἐλεημοσύνης
2569 5128 2748 5199 ἔρωτα
2773 5127 3082 5198 μεταθεῖναι
3114 5127 3439 5197 διεσκέψατο
3459 5124 3637 5197 τρόπῳ

2067 5220 2285 5290 τοιῷδεον
2304 5221 2397 5283 Εἰς
2429 5220 2490 5272 τὸ
2521 5221 2955 5291 πτωχοτροφεῖον
2985 5218 3126 5289 ὅπερ
3148 5218 3308 5280 αὐτὸς
3342 5215 3412 5290 ἦν
3442 5217 3633 5272 οἰκοδο-

2072 5314 2409 5385 μησάμενος,
2453 5310 2595 5365 κατά
2644 5312 2704 5364 τὸ
2739 5310 2971 5381 σύνηθες
3020 5309 3223 5377 ἀπιὼν,
3262 5312 3357 5365 καὶ
3401 5309 3643 5379 Τρώἴλον-

2068 5404 2513 5475 παραλαμϐάνει,
2546 5396 2608 5460 οὗ
2631 5406 2718 5460 τὸν
2744 5405 3040 5459 ἀκόλουθον
3063 5404 3139 5469 ὡς
3168 5403 3331 5473 ἔγνω,
3350 5407 3629 5475 τριάκοντα

2067 5496 2162 5550 τοῦ
2192 5494 2417 5567 χρυσίου
2457 5496 2647 5567 λίτρας
2703 5496 3216 5566 ὲγκεκολπωμένον,
3268 5495 3628 5569 Θεραπευτέον

2070 5606 2131 5643 σε
2167 5592 2429 5659 σήμερον,
2461 5589 2688 5660 ἔφησεν,
2720 5589 2978 5662 ἱερώτατε
3009 5589 3240 5659 Τρώίλε,
3263 5590 3392 5654 τοὺς
3420 5591 3477 5641 εν
3503 5588 3627 5656 Χρι-

2070 5678 2181 5749 στῷ
2221 5679 2382 5749 ἡμῶν
2415 5679 2700 5750 ἀδελφούς.
2752 5680 2810 5732 '0
2855 5679 2913 5732 δὲ
2940 5677 3129 5750 ὥσπερ
3180 5678 3275 5734 τὸν
3328 5679 3483 5748 λόγον
3516 5676 3622 5730 tita-

461 5832 576 5906 (lii)
614 5835 679 5890 At
703 5836 961 5897 Leontius
990 5839 1130 5895 hanc
1159 5852 1373 5911 quoque
1402 5838 1476 5892 ait
1510 5837 1760 5907 periisse,
1795 5835 1956 5891 unica
1997 5833 2194 5905 scapha
2228 5833 2399 5889 salva.
