  <div class='ocr_page' id='page_1' title='image "/cluster/home/n/w/nwhite01/storage/ocr_20150623/114/hvd.32044019208123/494.png"; bbox 0 0 3828 6540; ppageno 0'>
   <div class='ocr_carea' id='block_1_1' title="bbox 190 530 289 594">
    <p class='ocr_par' dir='ltr' id='par_1_1' title="bbox 190 530 289 594">
     <span class='ocr_line' id='line_1_1' title="bbox 190 530 289 594; baseline -0.02 0"><span class='ocrx_word' id='word_1_1' title='bbox 190 530 289 594; x_wconf 70' lang='grc' dir='ltr'><strong>ρει</strong></span> 
     </span>
    </p>
   </div>
   <div class='ocr_carea' id='block_1_2' title="bbox 1144 514 2469 610">
    <p class='ocr_par' dir='ltr' id='par_1_2' title="bbox 1144 514 2469 610">
     <span class='ocr_line' id='line_1_2' title="bbox 1144 514 2469 610; baseline 0.001 -18"><span class='ocrx_word' id='word_1_2' title='bbox 1144 530 1318 592; x_wconf 76' lang='lat' dir='ltr'><strong>vm</strong></span> <span class='ocrx_word' id='word_1_3' title='bbox 1352 530 1423 591; x_wconf 12' lang='lat' dir='ltr'><strong>is.</strong></span> <span class='ocrx_word' id='word_1_4' title='bbox 1467 525 1790 593; x_wconf 81' lang='lat' dir='ltr'><strong>JOANNIS</strong></span> <span class='ocrx_word' id='word_1_5' title='bbox 1830 514 2469 610; x_wconf 78' lang='lat' dir='ltr'><strong>ELEEMOSYNARII.</strong></span> 
     </span>
    </p>
   </div>
   <div class='ocr_carea' id='block_1_3' title="bbox 3322 533 3425 596">
    <p class='ocr_par' dir='ltr' id='par_1_3' title="bbox 3322 533 3425 596">
     <span class='ocr_line' id='line_1_3' title="bbox 3322 533 3425 596; baseline 0.019 -2"><span class='ocrx_word' id='word_1_6' title='bbox 3322 533 3425 596; x_wconf 64' lang='lat'><strong>952</strong></span> 
     </span>
    </p>
   </div>
   <div class='ocr_carea' id='block_1_4' title="bbox 186 638 1772 715">
    <p class='ocr_par' dir='ltr' id='par_1_4' title="bbox 186 638 1759 715">
     <span class='ocr_line' id='line_1_4' title="bbox 186 638 1759 715; baseline -0.002 -18"><span class='ocrx_word' id='word_1_7' title='bbox 186 644 418 715; x_wconf 61' lang='grc' dir='ltr'><strong>τραπεὶς</strong></span> <span class='ocrx_word' id='word_1_8' title='bbox 439 681 454 706; x_wconf 87' lang='grc'><strong>,</strong></span> <span class='ocrx_word' id='word_1_9' title='bbox 489 640 585 695; x_wconf 77' lang='grc' dir='ltr'><strong>καὶ</strong></span> <span class='ocrx_word' id='word_1_10' title='bbox 626 640 701 711; x_wconf 81' lang='grc' dir='ltr'><strong>μὴ</strong></span> <span class='ocrx_word' id='word_1_11' title='bbox 733 641 1012 711; x_wconf 74' lang='grc' dir='ltr'><strong>γλίσχρος,</strong></span> <span class='ocrx_word' id='word_1_12' title='bbox 1044 638 1157 692; x_wconf 83' lang='grc' dir='ltr'><strong>ἀλλ’</strong></span> <span class='ocrx_word' id='word_1_13' title='bbox 1181 639 1582 710; x_wconf 84' lang='grc' dir='ltr'><strong>άπλοῖκὼτερος</strong></span> <span class='ocrx_word' id='word_1_14' title='bbox 1621 641 1759 706; x_wconf 84' lang='grc' dir='ltr'><strong>μᾶλ-</strong></span> 
     </span>
    </p>
   </div>
   <div class='ocr_carea' id='block_1_5' title="bbox 1882 638 3430 715">
    <p class='ocr_par' dir='ltr' id='par_1_5' title="bbox 1882 640 3430 707">
     <span class='ocr_line' id='line_1_5' title="bbox 1882 640 3430 707; baseline 0.001 -11"><span class='ocrx_word' id='word_1_15' title='bbox 1882 640 2071 696; x_wconf 75' lang='grc' dir='ltr'><strong>)ιιιιοιέ</strong></span> <span class='ocrx_word' id='word_1_16' title='bbox 2114 649 2327 707; x_wconf 91' lang='lat' dir='ltr'><strong>motus,</strong></span> <span class='ocrx_word' id='word_1_17' title='bbox 2371 650 2425 695; x_wconf 91' lang='lat' dir='ltr'><strong>et</strong></span> <span class='ocrx_word' id='word_1_18' title='bbox 2465 640 2647 696; x_wconf 85' lang='lat' dir='ltr'><strong>volens</strong></span> <span class='ocrx_word' id='word_1_19' title='bbox 2690 655 2794 695; x_wconf 89' lang='lat' dir='ltr'><strong>non</strong></span> <span class='ocrx_word' id='word_1_20' title='bbox 2831 641 3127 697; x_wconf 82' lang='lat' dir='ltr'><strong>existimari</strong></span> <span class='ocrx_word' id='word_1_21' title='bbox 3176 650 3331 697; x_wconf 81' lang='lat' dir='ltr'><strong>tenax</strong></span> <span class='ocrx_word' id='word_1_22' title='bbox 3373 652 3430 697; x_wconf 91' lang='lat' dir='ltr'><strong>et</strong></span> 
     </span>
    </p>
   </div>
   <div class='ocr_carea' id='block_1_6' title="bbox 186 729 1758 803">
    <p class='ocr_par' dir='ltr' id='par_1_6' title="bbox 186 729 1758 803">
     <span class='ocr_line' id='line_1_6' title="bbox 186 729 1758 803; baseline -0.003 -13"><span class='ocrx_word' id='word_1_23' title='bbox 186 735 277 790; x_wconf 91' lang='grc' dir='ltr'><strong>λον</strong></span> <span class='ocrx_word' id='word_1_24' title='bbox 297 733 623 803; x_wconf 68' lang='grc' dir='ltr'><strong>ὑπειλῆφθαι</strong></span> <span class='ocrx_word' id='word_1_25' title='bbox 648 731 989 802; x_wconf 74' lang='grc' dir='ltr'><strong>βουλόμενος,</strong></span> <span class='ocrx_word' id='word_1_26' title='bbox 1004 731 1288 798; x_wconf 70' lang='grc' dir='ltr'><strong>ἐπιτρέπει</strong></span> <span class='ocrx_word' id='word_1_27' title='bbox 1306 729 1381 800; x_wconf 81' lang='grc' dir='ltr'><strong>τῷ</strong></span> <span class='ocrx_word' id='word_1_28' title='bbox 1409 730 1476 783; x_wconf 84' lang='grc' dir='ltr'><strong>τὰ</strong></span> <span class='ocrx_word' id='word_1_29' title='bbox 1497 731 1758 801; x_wconf 82' lang='grc' dir='ltr'><strong>χρήματα</strong></span> 
     </span>
    </p>
   </div>
   <div class='ocr_carea' id='block_1_7' title="bbox 188 821 1759 894">
    <p class='ocr_par' dir='ltr' id='par_1_7' title="bbox 188 821 1759 894">
     <span class='ocr_line' id='line_1_7' title="bbox 188 821 1759 894; baseline -0.003 -14"><span class='ocrx_word' id='word_1_30' title='bbox 188 822 627 894; x_wconf 78' lang='grc' dir='ltr'><strong>πεπιστευμένῳ,</strong></span> <span class='ocrx_word' id='word_1_31' title='bbox 664 823 881 894; x_wconf 78' lang='grc' dir='ltr'><strong>ἑκάστῳ</strong></span> <span class='ocrx_word' id='word_1_32' title='bbox 908 821 1019 877; x_wconf 87' lang='grc' dir='ltr'><strong>τῶν</strong></span> <span class='ocrx_word' id='word_1_33' title='bbox 1055 822 1233 876; x_wconf 87' lang='grc' dir='ltr'><strong>ἐκεῖσε</strong></span> <span class='ocrx_word' id='word_1_34' title='bbox 1266 823 1517 894; x_wconf 79' lang='grc' dir='ltr'><strong>πενήτων</strong></span> <span class='ocrx_word' id='word_1_35' title='bbox 1544 823 1647 877; x_wconf 87' lang='grc' dir='ltr'><strong>ἀνά</strong></span> <span class='ocrx_word' id='word_1_36' title='bbox 1673 824 1759 876; x_wconf 73' lang='grc' dir='ltr'><strong>νό-</strong></span> 
     </span>
    </p>
   </div>
   <div class='ocr_carea' id='block_1_8' title="bbox 192 917 720 987">
    <p class='ocr_par' dir='ltr' id='par_1_8' title="bbox 192 917 720 987">
     <span class='ocr_line' id='line_1_8' title="bbox 192 917 720 987; baseline -0.004 -18"><span class='ocrx_word' id='word_1_37' title='bbox 192 933 371 987; x_wconf 81' lang='grc' dir='ltr'><strong>μισμα</strong></span> <span class='ocrx_word' id='word_1_38' title='bbox 397 917 720 986; x_wconf 82' lang='grc' dir='ltr'><strong>παρασχεῖν.</strong></span> 
     </span>
    </p>
   </div>
   <div class='ocr_carea' id='block_1_9' title="bbox 260 1005 1755 1078">
    <p class='ocr_par' dir='ltr' id='par_1_9' title="bbox 260 1005 1755 1078">
     <span class='ocr_line' id='line_1_9' title="bbox 260 1005 1755 1078; baseline -0.001 -18"><span class='ocrx_word' id='word_1_39' title='bbox 260 1007 388 1061; x_wconf 68' lang='grc' dir='ltr'><strong>ΝΡ.</strong></span> <span class='ocrx_word' id='word_1_40' title='bbox 428 1007 517 1070; x_wconf 84' lang='grc' dir='ltr'><strong>Ὦς</strong></span> <span class='ocrx_word' id='word_1_41' title='bbox 546 1006 603 1059; x_wconf 83' lang='grc' dir='ltr'><strong>δέ</strong></span> <span class='ocrx_word' id='word_1_42' title='bbox 651 1008 761 1060; x_wconf 79' lang='grc' dir='ltr'><strong>πᾶν</strong></span> <span class='ocrx_word' id='word_1_43' title='bbox 795 1006 896 1077; x_wconf 67' lang='grc' dir='ltr'><strong>ἤδη</strong></span> <span class='ocrx_word' id='word_1_44' title='bbox 928 1005 1173 1061; x_wconf 84' lang='grc' dir='ltr'><strong>ἀνάλωτο</strong></span> <span class='ocrx_word' id='word_1_45' title='bbox 1217 1005 1279 1059; x_wconf 82' lang='grc' dir='ltr'><strong>τδ</strong></span> <span class='ocrx_word' id='word_1_46' title='bbox 1314 1007 1553 1078; x_wconf 85' lang='grc' dir='ltr'><strong>χρυσίον,</strong></span> <span class='ocrx_word' id='word_1_47' title='bbox 1601 1006 1694 1061; x_wconf 70' lang='grc' dir='ltr'><strong>καὶ</strong></span> <span class='ocrx_word' id='word_1_48' title='bbox 1724 1010 1755 1077; x_wconf 82' lang='grc' dir='ltr'>ὴ</span> 
     </span>
    </p>
   </div>
   <div class='ocr_carea' id='block_1_10' title="bbox 189 1099 1761 1171">
    <p class='ocr_par' dir='ltr' id='par_1_10' title="bbox 189 1099 1761 1171">
     <span class='ocr_line' id='line_1_10' title="bbox 189 1099 1761 1171; baseline -0.003 -16"><span class='ocrx_word' id='word_1_49' title='bbox 189 1101 516 1163; x_wconf 78' lang='grc' dir='ltr'><strong>ἐπείσακτος</strong></span> <span class='ocrx_word' id='word_1_50' title='bbox 541 1100 725 1170; x_wconf 87' lang='grc' dir='ltr'><strong>ἐκείνη</strong></span> <span class='ocrx_word' id='word_1_51' title='bbox 761 1099 854 1154; x_wconf 75' lang='grc' dir='ltr'><strong>καὶ</strong></span> <span class='ocrx_word' id='word_1_52' title='bbox 913 1099 988 1170; x_wconf 79' lang='grc' dir='ltr'><strong>μὴ</strong></span> <span class='ocrx_word' id='word_1_53' title='bbox 1020 1100 1160 1153; x_wconf 86' lang='grc' dir='ltr'><strong>κατά</strong></span> <span class='ocrx_word' id='word_1_54' title='bbox 1195 1100 1256 1153; x_wconf 82' lang='grc' dir='ltr'><strong>τὸ</strong></span> <span class='ocrx_word' id='word_1_55' title='bbox 1287 1099 1591 1155; x_wconf 77' lang='grc' dir='ltr'><strong>ἐνδιάθετον</strong></span> <span class='ocrx_word' id='word_1_56' title='bbox 1624 1100 1761 1171; x_wconf 71' lang='grc' dir='ltr'><strong>πρὸς</strong></span> 
     </span>
    </p>
   </div>
   <div class='ocr_carea' id='block_1_11' title="bbox 190 1189 1759 1262">
    <p class='ocr_par' dir='ltr' id='par_1_11' title="bbox 190 1189 1759 1262">
     <span class='ocr_line' id='line_1_11' title="bbox 190 1189 1759 1262; baseline -0.001 -20"><span class='ocrx_word' id='word_1_57' title='bbox 190 1189 562 1260; x_wconf 75' lang='grc' dir='ltr'><strong>ἐλεημοσύνην</strong></span> <span class='ocrx_word' id='word_1_58' title='bbox 593 1190 886 1261; x_wconf 83' lang='grc' dir='ltr'><strong>θερμότης,</strong></span> <span class='ocrx_word' id='word_1_59' title='bbox 938 1189 1252 1259; x_wconf 79' lang='grc' dir='ltr'><strong>ὑπόψυχρος</strong></span> <span class='ocrx_word' id='word_1_60' title='bbox 1295 1190 1573 1259; x_wconf 78' lang='grc' dir='ltr'><strong>ἐγεγόνειο</strong></span> <span class='ocrx_word' id='word_1_61' title='bbox 1614 1191 1759 1262; x_wconf 85' lang='grc' dir='ltr'><strong>λύπη</strong></span> 
     </span>
    </p>
   </div>
   <div class='ocr_carea' id='block_1_12' title="bbox 193 1278 1764 1350">
    <p class='ocr_par' dir='ltr' id='par_1_12' title="bbox 193 1278 1764 1350">
     <span class='ocr_line' id='line_1_12' title="bbox 193 1278 1764 1350; baseline -0.001 -17"><span class='ocrx_word' id='word_1_62' title='bbox 193 1279 387 1349; x_wconf 77' lang='grc' dir='ltr'><strong>βαρεῖα</strong></span> <span class='ocrx_word' id='word_1_63' title='bbox 416 1279 506 1332; x_wconf 75' lang='grc' dir='ltr'><strong>καὶ</strong></span> <span class='ocrx_word' id='word_1_64' title='bbox 527 1278 674 1349; x_wconf 85' lang='grc' dir='ltr'><strong>δεινὴ</strong></span> <span class='ocrx_word' id='word_1_65' title='bbox 700 1279 1030 1349; x_wconf 84' lang='grc' dir='ltr'><strong>μεταμέλεια</strong></span> <span class='ocrx_word' id='word_1_66' title='bbox 1067 1279 1159 1332; x_wconf 76' lang='grc' dir='ltr'><strong>τὸν</strong></span> <span class='ocrx_word' id='word_1_67' title='bbox 1179 1280 1433 1334; x_wconf 80' lang='grc' dir='ltr'><strong>ἀκούσιον</strong></span> <span class='ocrx_word' id='word_1_68' title='bbox 1457 1279 1764 1350; x_wconf 89' lang='grc' dir='ltr'><strong>ἐλάμϐανεν</strong></span> 
     </span>
    </p>
   </div>
   <div class='ocr_carea' id='block_1_13' title="bbox 190 1371 1763 1444">
    <p class='ocr_par' dir='ltr' id='par_1_13' title="bbox 190 1371 1763 1444">
     <span class='ocr_line' id='line_1_13' title="bbox 190 1371 1763 1444; baseline 0.001 -20"><span class='ocrx_word' id='word_1_69' title='bbox 190 1372 509 1444; x_wconf 76' lang='grc' dir='ltr'><strong>εὐεργέτην.</strong></span> <span class='ocrx_word' id='word_1_70' title='bbox 564 1371 757 1424; x_wconf 79' lang='grc' dir='ltr'><strong>Οῖκαδε</strong></span> <span class='ocrx_word' id='word_1_71' title='bbox 807 1371 1065 1437; x_wconf 83' lang='grc' dir='ltr'><strong>ἐπανιὼν,</strong></span> <span class='ocrx_word' id='word_1_72' title='bbox 1117 1372 1285 1444; x_wconf 79' lang='grc' dir='ltr'><strong>φρίκῃ</strong></span> <span class='ocrx_word' id='word_1_73' title='bbox 1332 1372 1627 1442; x_wconf 72' lang='grc' dir='ltr'><strong>παραλόγῳ</strong></span> <span class='ocrx_word' id='word_1_74' title='bbox 1670 1372 1763 1426; x_wconf 72' lang='grc' dir='ltr'><strong>καὶ</strong></span> 
     </span>
    </p>
   </div>
   <div class='ocr_carea' id='block_1_14' title="bbox 193 1440 1766 1533">
    <p class='ocr_par' dir='ltr' id='par_1_14' title="bbox 193 1440 1766 1533">
     <span class='ocr_line' id='line_1_14' title="bbox 193 1440 1766 1533; baseline 0.003 -21"><span class='ocrx_word' id='word_1_75' title='bbox 193 1440 416 1532; x_wconf 57' lang='grc' dir='ltr'><strong>πυρετῷ</strong></span> <span class='ocrx_word' id='word_1_76' title='bbox 437 1440 759 1528; x_wconf 72' lang='grc' dir='ltr'><strong>συλληφθεὶς</strong></span> <span class='ocrx_word' id='word_1_77' title='bbox 788 1459 1109 1531; x_wconf 81' lang='grc' dir='ltr'><strong>κλινοπετὴς</strong></span> <span class='ocrx_word' id='word_1_78' title='bbox 1133 1440 1221 1533; x_wconf 67' lang='grc' dir='ltr'><strong>ἦν.</strong></span> <span class='ocrx_word' id='word_1_79' title='bbox 1249 1440 1385 1533; x_wconf 63' lang='grc' dir='ltr'><strong>Ἤδη</strong></span> <span class='ocrx_word' id='word_1_80' title='bbox 1410 1440 1467 1515; x_wconf 83' lang='grc' dir='ltr'><strong>δὲ</strong></span> <span class='ocrx_word' id='word_1_81' title='bbox 1495 1440 1766 1531; x_wconf 36' lang='grc' dir='ltr'><strong>τῆς-κατά</strong></span> 
     </span>
    </p>
   </div>
   <div class='ocr_carea' id='block_1_15' title="bbox 190 1549 1768 1623">
    <p class='ocr_par' dir='ltr' id='par_1_15' title="bbox 190 1549 1768 1623">
     <span class='ocr_line' id='line_1_15' title="bbox 190 1549 1768 1623; baseline 0.004 -20"><span class='ocrx_word' id='word_1_82' title='bbox 190 1551 252 1603; x_wconf 73' lang='grc' dir='ltr'><strong>τὸ</strong></span> <span class='ocrx_word' id='word_1_83' title='bbox 276 1552 497 1620; x_wconf 82' lang='grc' dir='ltr'><strong>ἄριστον</strong></span> <span class='ocrx_word' id='word_1_84' title='bbox 528 1549 679 1622; x_wconf 85' lang='grc' dir='ltr'><strong>ὥρας</strong></span> <span class='ocrx_word' id='word_1_85' title='bbox 730 1552 1162 1623; x_wconf 82' lang='grc' dir='ltr'><strong>καταλαϐούσης,</strong></span> <span class='ocrx_word' id='word_1_86' title='bbox 1215 1554 1401 1607; x_wconf 87' lang='grc' dir='ltr'><strong>ἐκάλει</strong></span> <span class='ocrx_word' id='word_1_87' title='bbox 1429 1553 1615 1609; x_wconf 75' lang='grc' dir='ltr'><strong>τοῦτον</strong></span> <span class='ocrx_word' id='word_1_88' title='bbox 1644 1573 1768 1609; x_wconf 86' lang='grc' dir='ltr'><strong>συν-</strong></span> 
     </span>
    </p>
   </div>
   <div class='ocr_carea' id='block_1_16' title="bbox 195 1642 1767 1717">
    <p class='ocr_par' dir='ltr' id='par_1_16' title="bbox 195 1642 1767 1717">
     <span class='ocr_line' id='line_1_16' title="bbox 195 1642 1767 1717; baseline 0.004 -22"><span class='ocrx_word' id='word_1_89' title='bbox 195 1642 651 1713; x_wconf 80' lang='grc' dir='ltr'><strong>εστιαθησὸμενον</strong></span> <span class='ocrx_word' id='word_1_90' title='bbox 681 1643 830 1714; x_wconf 81' lang='grc' dir='ltr'><strong>αὑτῷ</strong></span> <span class='ocrx_word' id='word_1_91' title='bbox 863 1643 1085 1713; x_wconf 77' lang='grc' dir='ltr'><strong>πέμψας</strong></span> <span class='ocrx_word' id='word_1_92' title='bbox 1103 1646 1510 1717; x_wconf 84' lang='grc' dir='ltr'><strong>ὁπατριάρχης.</strong></span> <span class='ocrx_word' id='word_1_93' title='bbox 1530 1647 1683 1699; x_wconf 71' lang='grc' dir='ltr'><strong>Ἐπεὶ</strong></span> <span class='ocrx_word' id='word_1_94' title='bbox 1709 1647 1767 1702; x_wconf 87' lang='grc' dir='ltr'><strong>δέ</strong></span> 
     </span>
    </p>
   </div>
   <div class='ocr_carea' id='block_1_17' title="bbox 198 1733 1770 1807">
    <p class='ocr_par' dir='ltr' id='par_1_17' title="bbox 198 1733 1770 1807">
     <span class='ocr_line' id='line_1_17' title="bbox 198 1733 1770 1807; baseline 0.004 -22"><span class='ocrx_word' id='word_1_95' title='bbox 198 1734 522 1804; x_wconf 86' lang='grc' dir='ltr'><strong>μεμάθηκεν</strong></span> <span class='ocrx_word' id='word_1_96' title='bbox 550 1735 695 1796; x_wconf 83' lang='grc' dir='ltr'><strong>ὅπως</strong></span> <span class='ocrx_word' id='word_1_97' title='bbox 716 1733 850 1805; x_wconf 78' lang='grc' dir='ltr'><strong>ἔχοι,</strong></span> <span class='ocrx_word' id='word_1_98' title='bbox 887 1736 979 1788; x_wconf 59' lang='grc' dir='ltr'><strong>καί⁵</strong></span> <span class='ocrx_word' id='word_1_99' title='bbox 1008 1736 1106 1807; x_wconf 79' lang='grc' dir='ltr'><strong>τὴν</strong></span> <span class='ocrx_word' id='word_1_100' title='bbox 1139 1736 1320 1790; x_wconf 81' lang='grc' dir='ltr'><strong>αἰτίαν</strong></span> <span class='ocrx_word' id='word_1_101' title='bbox 1341 1738 1440 1790; x_wconf 82' lang='grc' dir='ltr'><strong>οὐκ</strong></span> <span class='ocrx_word' id='word_1_102' title='bbox 1470 1737 1770 1807; x_wconf 73' lang='grc' dir='ltr'><strong>ἡγνόειτῆς</strong></span> 
     </span>
    </p>
   </div>
   <div class='ocr_carea' id='block_1_18' title="bbox 193 1826 1769 1901">
    <p class='ocr_par' dir='ltr' id='par_1_18' title="bbox 193 1826 1769 1901">
     <span class='ocr_line' id='line_1_18' title="bbox 193 1826 1769 1901; baseline 0.006 -25"><span class='ocrx_word' id='word_1_103' title='bbox 193 1826 377 1892; x_wconf 83' lang='grc' dir='ltr'><strong>νόσου,</strong></span> <span class='ocrx_word' id='word_1_104' title='bbox 410 1826 508 1896; x_wconf 81' lang='grc' dir='ltr'><strong>οὐχ</strong></span> <span class='ocrx_word' id='word_1_105' title='bbox 565 1827 822 1895; x_wconf 82' lang='grc' dir='ltr'><strong>ὑπέμεινε</strong></span> <span class='ocrx_word' id='word_1_106' title='bbox 882 1829 1070 1882; x_wconf 79' lang='grc' dir='ltr'><strong>τοῦτον</strong></span> <span class='ocrx_word' id='word_1_107' title='bbox 1133 1830 1230 1901; x_wconf 81' lang='grc' dir='ltr'><strong>μὲν</strong></span> <span class='ocrx_word' id='word_1_108' title='bbox 1292 1830 1539 1900; x_wconf 85' lang='grc' dir='ltr'><strong>παριδεῖν</strong></span> <span class='ocrx_word' id='word_1_109' title='bbox 1594 1830 1769 1895; x_wconf 76' lang='grc' dir='ltr'><strong>οὕτως</strong></span> 
     </span>
    </p>
   </div>
   <div class='ocr_carea' id='block_1_19' title="bbox 192 1917 1764 1992">
    <p class='ocr_par' dir='ltr' id='par_1_19' title="bbox 192 1917 1764 1992">
     <span class='ocr_line' id='line_1_19' title="bbox 192 1917 1764 1992; baseline 0.004 -21"><span class='ocrx_word' id='word_1_110' title='bbox 192 1917 450 1971; x_wconf 81' lang='grc' dir='ltr'><strong>ἀνιᾶσθαι</strong></span> <span class='ocrx_word' id='word_1_111' title='bbox 476 1918 567 1971; x_wconf 81' lang='grc' dir='ltr'><strong>καὶ</strong></span> <span class='ocrx_word' id='word_1_112' title='bbox 600 1919 852 1989; x_wconf 81' lang='grc' dir='ltr'><strong>πάσχειν,</strong></span> <span class='ocrx_word' id='word_1_113' title='bbox 880 1919 1040 1982; x_wconf 79' lang='grc' dir='ltr'><strong>αὐτὸς</strong></span> <span class='ocrx_word' id='word_1_114' title='bbox 1072 1919 1129 1973; x_wconf 86' lang='grc' dir='ltr'><strong>δέ</strong></span> <span class='ocrx_word' id='word_1_115' title='bbox 1157 1923 1437 1974; x_wconf 83' lang='grc' dir='ltr'><strong>κοινωνεῖν</strong></span> <span class='ocrx_word' id='word_1_116' title='bbox 1462 1922 1764 1992; x_wconf 78' lang='grc' dir='ltr'><strong>τραπέζης.</strong></span> 
     </span>
    </p>
   </div>
   <div class='ocr_carea' id='block_1_20' title="bbox 209 2006 1766 2084">
    <p class='ocr_par' dir='ltr' id='par_1_20' title="bbox 209 2006 1766 2084">
     <span class='ocr_line' id='line_1_20' title="bbox 209 2006 1766 2084; baseline 0.003 -21"><span class='ocrx_word' id='word_1_117' title='bbox 209 2006 349 2063; x_wconf 80' lang='grc' dir='ltr'><strong>Ἀλλ’</strong></span> <span class='ocrx_word' id='word_1_118' title='bbox 376 2009 535 2071; x_wconf 78' lang='grc' dir='ltr'><strong>εὐθὺς</strong></span> <span class='ocrx_word' id='word_1_119' title='bbox 562 2010 799 2073; x_wconf 85' lang='grc' dir='ltr'><strong>ἀναστὰς</strong></span> <span class='ocrx_word' id='word_1_120' title='bbox 833 2011 908 2074; x_wconf 84' lang='grc' dir='ltr'><strong>ὡς</strong></span> <span class='ocrx_word' id='word_1_121' title='bbox 937 2011 1097 2066; x_wconf 70' lang='grc' dir='ltr'><strong>αὑτὸν</strong></span> <span class='ocrx_word' id='word_1_122' title='bbox 1124 2013 1431 2081; x_wconf 84' lang='grc' dir='ltr'><strong>ἀφικνεῖται</strong></span> <span class='ocrx_word' id='word_1_123' title='bbox 1467 2014 1561 2067; x_wconf 87' lang='grc' dir='ltr'><strong>καί</strong></span> <span class='ocrx_word' id='word_1_124' title='bbox 1601 2031 1766 2084; x_wconf 91' lang='grc' dir='ltr'><strong>φησιν</strong></span> 
     </span>
    </p>
   </div>
   <div class='ocr_carea' id='block_1_21' title="bbox 197 2100 1768 2178">
    <p class='ocr_par' dir='ltr' id='par_1_21' title="bbox 197 2100 1768 2178">
     <span class='ocr_line' id='line_1_21' title="bbox 197 2100 1768 2178; baseline 0.004 -26"><span class='ocrx_word' id='word_1_125' title='bbox 197 2100 526 2169; x_wconf 81' lang='grc' dir='ltr'><strong>ὑπομειδιῶν</strong></span> <span class='ocrx_word' id='word_1_126' title='bbox 550 2117 564 2131; x_wconf 87' lang='grc'><strong>·</strong></span> <span class='ocrx_word' id='word_1_127' title='bbox 594 2100 685 2172; x_wconf 85' lang='grc' dir='ltr'><strong>Μὴ</strong></span> <span class='ocrx_word' id='word_1_128' title='bbox 732 2103 843 2155; x_wconf 77' lang='grc' dir='ltr'><strong>οἴου</strong></span> <span class='ocrx_word' id='word_1_129' title='bbox 882 2119 971 2172; x_wconf 88' lang='grc' dir='ltr'><strong>με,</strong></span> <span class='ocrx_word' id='word_1_130' title='bbox 1001 2104 1399 2174; x_wconf 84' lang='grc' dir='ltr'><strong>συλλειτουργέ,</strong></span> <span class='ocrx_word' id='word_1_131' title='bbox 1450 2105 1586 2174; x_wconf 75' lang='grc' dir='ltr'><strong>πρὸς</strong></span> <span class='ocrx_word' id='word_1_132' title='bbox 1634 2105 1768 2178; x_wconf 86' lang='grc' dir='ltr'><strong>ἀλή-</strong></span> 
     </span>
    </p>
   </div>
   <div class='ocr_carea' id='block_1_22' title="bbox 196 2192 1769 2264">
    <p class='ocr_par' dir='ltr' id='par_1_22' title="bbox 196 2192 1769 2264">
     <span class='ocr_line' id='line_1_22' title="bbox 196 2192 1769 2264; baseline 0.006 -20"><span class='ocrx_word' id='word_1_133' title='bbox 196 2192 350 2244; x_wconf 84' lang='grc' dir='ltr'><strong>θειαν</strong></span> <span class='ocrx_word' id='word_1_134' title='bbox 401 2193 677 2264; x_wconf 71' lang='grc' dir='ltr'><strong>εἰρηκέναι</strong></span> <span class='ocrx_word' id='word_1_135' title='bbox 733 2210 815 2246; x_wconf 85' lang='grc' dir='ltr'><strong>σοι</strong></span> <span class='ocrx_word' id='word_1_136' title='bbox 849 2194 1178 2249; x_wconf 88' lang='grc' dir='ltr'><strong>καταϐαλεῖν</strong></span> <span class='ocrx_word' id='word_1_137' title='bbox 1223 2194 1435 2251; x_wconf 75' lang='grc' dir='ltr'><strong>οἴκοθεν</strong></span> <span class='ocrx_word' id='word_1_138' title='bbox 1465 2199 1577 2260; x_wconf 80' lang='grc' dir='ltr'><strong>τοῖς</strong></span> <span class='ocrx_word' id='word_1_139' title='bbox 1627 2199 1769 2254; x_wconf 82' lang='grc' dir='ltr'><strong>κατά</strong></span> 
     </span>
    </p>
   </div>
   <div class='ocr_carea' id='block_1_23' title="bbox 194 2281 1770 2357">
    <p class='ocr_par' dir='ltr' id='par_1_23' title="bbox 194 2281 1770 2357">
     <span class='ocr_line' id='line_1_23' title="bbox 194 2281 1770 2357; baseline 0.006 -26"><span class='ocrx_word' id='word_1_140' title='bbox 194 2281 331 2334; x_wconf 68' lang='grc' dir='ltr'><strong>Θεὸν</strong></span> <span class='ocrx_word' id='word_1_141' title='bbox 355 2282 600 2349; x_wconf 78' lang='grc' dir='ltr'><strong>ἀδελφοῖς</strong></span> <span class='ocrx_word' id='word_1_142' title='bbox 622 2299 636 2312; x_wconf 90' lang='grc'><strong>·</strong></span> <span class='ocrx_word' id='word_1_143' title='bbox 676 2282 809 2337; x_wconf 88' lang='grc' dir='ltr'><strong>ἀλλά</strong></span> <span class='ocrx_word' id='word_1_144' title='bbox 838 2284 915 2355; x_wconf 84' lang='grc' dir='ltr'><strong>τῷ</strong></span> <span class='ocrx_word' id='word_1_145' title='bbox 972 2286 1046 2356; x_wconf 81' lang='grc' dir='ltr'><strong>μὴ</strong></span> <span class='ocrx_word' id='word_1_146' title='bbox 1102 2285 1195 2338; x_wconf 75' lang='grc' dir='ltr'><strong>ἐπὶ</strong></span> <span class='ocrx_word' id='word_1_147' title='bbox 1250 2288 1437 2356; x_wconf 79' lang='grc' dir='ltr'><strong>χεῖρας</strong></span> <span class='ocrx_word' id='word_1_148' title='bbox 1469 2286 1615 2357; x_wconf 80' lang='grc' dir='ltr'><strong>ἔχειν</strong></span> <span class='ocrx_word' id='word_1_149' title='bbox 1645 2287 1770 2342; x_wconf 87' lang='grc' dir='ltr'><strong>τότε</strong></span> 
     </span>
    </p>
   </div>
   <div class='ocr_carea' id='block_1_24' title="bbox 194 2373 1772 2449">
    <p class='ocr_par' dir='ltr' id='par_1_24' title="bbox 194 2373 1772 2449">
     <span class='ocr_line' id='line_1_24' title="bbox 194 2373 1772 2449; baseline 0.006 -25"><span class='ocrx_word' id='word_1_150' title='bbox 194 2373 421 2444; x_wconf 84' lang='grc' dir='ltr'><strong>χρυσίον</strong></span> <span class='ocrx_word' id='word_1_151' title='bbox 455 2374 546 2427; x_wconf 85' lang='grc' dir='ltr'><strong>τὸν</strong></span> <span class='ocrx_word' id='word_1_152' title='bbox 573 2375 865 2430; x_wconf 87' lang='grc' dir='ltr'><strong>ἀκόλουθον</strong></span> <span class='ocrx_word' id='word_1_153' title='bbox 915 2376 1004 2430; x_wconf 82' lang='grc' dir='ltr'><strong>τὸν</strong></span> <span class='ocrx_word' id='word_1_154' title='bbox 1057 2376 1189 2447; x_wconf 81' lang='grc' dir='ltr'><strong>ἐμὸν</strong></span> <span class='ocrx_word' id='word_1_155' title='bbox 1235 2379 1315 2442; x_wconf 84' lang='grc' dir='ltr'><strong>είς</strong></span> <span class='ocrx_word' id='word_1_156' title='bbox 1358 2377 1569 2433; x_wconf 81' lang='grc' dir='ltr'><strong>δάνειον</strong></span> <span class='ocrx_word' id='word_1_157' title='bbox 1620 2380 1772 2449; x_wconf 88' lang='grc' dir='ltr'><strong>παρά</strong></span> 
     </span>
    </p>
   </div>
   <div class='ocr_carea' id='block_1_25' title="bbox 195 2459 1772 2537">
    <p class='ocr_par' dir='ltr' id='par_1_25' title="bbox 195 2459 1772 2537">
     <span class='ocr_line' id='line_1_25' title="bbox 195 2459 1772 2537; baseline 0.004 -21"><span class='ocrx_word' id='word_1_158' title='bbox 195 2459 292 2516; x_wconf 76' lang='grc' dir='ltr'>σοῦ</span> <span class='ocrx_word' id='word_1_159' title='bbox 315 2463 506 2517; x_wconf 76' lang='grc' dir='ltr'><strong>ἔλαϐον</strong></span> <span class='ocrx_word' id='word_1_160' title='bbox 529 2479 542 2494; x_wconf 87' lang='grc'><strong>·</strong></span> <span class='ocrx_word' id='word_1_161' title='bbox 576 2464 673 2518; x_wconf 72' lang='grc' dir='ltr'><strong>νῦν</strong></span> <span class='ocrx_word' id='word_1_162' title='bbox 728 2466 783 2518; x_wconf 81' lang='grc' dir='ltr'><strong>δὲ</strong></span> <span class='ocrx_word' id='word_1_163' title='bbox 819 2466 1075 2537; x_wconf 82' lang='grc' dir='ltr'><strong>πάρειμι,</strong></span> <span class='ocrx_word' id='word_1_164' title='bbox 1130 2468 1285 2537; x_wconf 78' lang='grc' dir='ltr'><strong>φησὶ,</strong></span> <span class='ocrx_word' id='word_1_165' title='bbox 1320 2467 1420 2532; x_wconf 70' lang='grc' dir='ltr'><strong>τὰς</strong></span> <span class='ocrx_word' id='word_1_166' title='bbox 1477 2470 1772 2537; x_wconf 88' lang='grc' dir='ltr'><strong>τριάκοντα</strong></span> 
     </span>
    </p>
   </div>
   <div class='ocr_carea' id='block_1_26' title="bbox 194 2555 1772 2635">
    <p class='ocr_par' dir='ltr' id='par_1_26' title="bbox 194 2555 1772 2635">
     <span class='ocr_line' id='line_1_26' title="bbox 194 2555 1772 2635; baseline 0.006 -27"><span class='ocrx_word' id='word_1_167' title='bbox 194 2555 388 2628; x_wconf 78' lang='grc' dir='ltr'><strong>λίτρας</strong></span> <span class='ocrx_word' id='word_1_168' title='bbox 420 2558 835 2629; x_wconf 65' lang='grc' dir='ltr'><strong>ἐπιφερόμενος,</strong></span> <span class='ocrx_word' id='word_1_169' title='bbox 876 2559 1055 2632; x_wconf 78' lang='grc' dir='ltr'><strong>ἇσπερ</strong></span> <span class='ocrx_word' id='word_1_170' title='bbox 1085 2561 1148 2633; x_wconf 79' lang='grc' dir='ltr'><strong>δὴ</strong></span> <span class='ocrx_word' id='word_1_171' title='bbox 1178 2563 1271 2616; x_wconf 76' lang='grc' dir='ltr'><strong>καὶ</strong></span> <span class='ocrx_word' id='word_1_172' title='bbox 1294 2561 1439 2627; x_wconf 86' lang='grc' dir='ltr'><strong>σῶας</strong></span> <span class='ocrx_word' id='word_1_173' title='bbox 1470 2564 1772 2635; x_wconf 81' lang='grc' dir='ltr'><strong>ἀποδίδωμί</strong></span> 
     </span>
    </p>
   </div>
   <div class='ocr_carea' id='block_1_27' title="bbox 195 2647 1775 2725">
    <p class='ocr_par' dir='ltr' id='par_1_27' title="bbox 195 2647 1775 2725">
     <span class='ocr_line' id='line_1_27' title="bbox 195 2647 1775 2725; baseline 0.005 -24"><span class='ocrx_word' id='word_1_174' title='bbox 195 2665 294 2701; x_wconf 80' lang='grc' dir='ltr'><strong>σου</strong></span> <span class='ocrx_word' id='word_1_175' title='bbox 325 2651 393 2719; x_wconf 80' lang='grc' dir='ltr'><strong>τῇ</strong></span> <span class='ocrx_word' id='word_1_176' title='bbox 413 2652 607 2720; x_wconf 80' lang='grc' dir='ltr'><strong>ἀρετῇ.</strong></span> <span class='ocrx_word' id='word_1_177' title='bbox 643 2649 734 2714; x_wconf 80' lang='grc' dir='ltr'><strong>Ὠς</strong></span> <span class='ocrx_word' id='word_1_178' title='bbox 771 2647 864 2705; x_wconf 77' lang='grc' dir='ltr'><strong>οὖν</strong></span> <span class='ocrx_word' id='word_1_179' title='bbox 894 2649 1000 2705; x_wconf 78' lang='grc' dir='ltr'><strong>εἶδε</strong></span> <span class='ocrx_word' id='word_1_180' title='bbox 1035 2654 1194 2723; x_wconf 84' lang='grc' dir='ltr'><strong>μόνον</strong></span> <span class='ocrx_word' id='word_1_181' title='bbox 1226 2654 1286 2707; x_wconf 83' lang='grc' dir='ltr'><strong>τὸ</strong></span> <span class='ocrx_word' id='word_1_182' title='bbox 1313 2655 1538 2725; x_wconf 89' lang='grc' dir='ltr'><strong>χρυσίον</strong></span> <span class='ocrx_word' id='word_1_183' title='bbox 1569 2658 1628 2709; x_wconf 86' lang='grc' dir='ltr'><strong>ἐν</strong></span> <span class='ocrx_word' id='word_1_184' title='bbox 1653 2658 1775 2720; x_wconf 88' lang='grc' dir='ltr'><strong>ταῖς</strong></span> 
     </span>
    </p>
   </div>
   <div class='ocr_carea' id='block_1_28' title="bbox 196 2743 1772 2821">
    <p class='ocr_par' dir='ltr' id='par_1_28' title="bbox 196 2743 1772 2821">
     <span class='ocr_line' id='line_1_28' title="bbox 196 2743 1772 2821; baseline 0.005 -24"><span class='ocrx_word' id='word_1_185' title='bbox 196 2743 292 2797; x_wconf 72' lang='grc' dir='ltr'><strong>τοῦ</strong></span> <span class='ocrx_word' id='word_1_186' title='bbox 359 2747 699 2816; x_wconf 76' lang='grc' dir='ltr'><strong>πατριάρχου</strong></span> <span class='ocrx_word' id='word_1_187' title='bbox 755 2747 935 2817; x_wconf 75' lang='grc' dir='ltr'><strong>χερσὶ,</strong></span> <span class='ocrx_word' id='word_1_188' title='bbox 996 2748 1260 2819; x_wconf 88' lang='grc' dir='ltr'><strong>κρείττων</strong></span> <span class='ocrx_word' id='word_1_189' title='bbox 1313 2751 1413 2819; x_wconf 78' lang='grc' dir='ltr'><strong>μὲν</strong></span> <span class='ocrx_word' id='word_1_190' title='bbox 1453 2750 1639 2821; x_wconf 79' lang='grc' dir='ltr'><strong>ῥίγους</strong></span> <span class='ocrx_word' id='word_1_191' title='bbox 1679 2748 1772 2815; x_wconf 69' lang='grc' dir='ltr'><strong>ἦν,</strong></span> 
     </span>
    </p>
   </div>
   <div class='ocr_carea' id='block_1_29' title="bbox 196 2834 1778 2912">
    <p class='ocr_par' dir='ltr' id='par_1_29' title="bbox 196 2834 1778 2912">
     <span class='ocr_line' id='line_1_29' title="bbox 196 2834 1778 2912; baseline 0.004 -25"><span class='ocrx_word' id='word_1_192' title='bbox 196 2834 468 2904; x_wconf 87' lang='grc' dir='ltr'><strong>κρείττων</strong></span> <span class='ocrx_word' id='word_1_193' title='bbox 488 2836 546 2888; x_wconf 85' lang='grc' dir='ltr'><strong>δέ</strong></span> <span class='ocrx_word' id='word_1_194' title='bbox 568 2837 675 2888; x_wconf 89' lang='grc' dir='ltr'><strong>τῶν</strong></span> <span class='ocrx_word' id='word_1_195' title='bbox 703 2838 766 2889; x_wconf 85' lang='grc' dir='ltr'><strong>ἐκ</strong></span> <span class='ocrx_word' id='word_1_196' title='bbox 794 2836 888 2891; x_wconf 80' lang='grc' dir='ltr'><strong>τοῦ</strong></span> <span class='ocrx_word' id='word_1_197' title='bbox 915 2836 1152 2908; x_wconf 78' lang='grc' dir='ltr'><strong>πυρετοῦ</strong></span> <span class='ocrx_word' id='word_1_198' title='bbox 1172 2840 1381 2906; x_wconf 83' lang='grc' dir='ltr'><strong>κακῶν,</strong></span> <span class='ocrx_word' id='word_1_199' title='bbox 1404 2841 1439 2909; x_wconf 79' lang='grc' dir='ltr'>ἦ</span> <span class='ocrx_word' id='word_1_200' title='bbox 1464 2857 1523 2892; x_wconf 91' lang='grc' dir='ltr'><strong>τε</strong></span> <span class='ocrx_word' id='word_1_201' title='bbox 1549 2839 1778 2912; x_wconf 83' lang='grc' dir='ltr'><strong>δύναμις</strong></span> 
     </span>
    </p>
   </div>
   <div class='ocr_carea' id='block_1_30' title="bbox 196 2926 1776 3000">
    <p class='ocr_par' dir='ltr' id='par_1_30' title="bbox 196 2926 1776 3000">
     <span class='ocr_line' id='line_1_30' title="bbox 196 2926 1776 3000; baseline 0.006 -22"><span class='ocrx_word' id='word_1_202' title='bbox 196 2926 493 2996; x_wconf 78' lang='grc' dir='ltr'><strong>ἐπανήκει,</strong></span> <span class='ocrx_word' id='word_1_203' title='bbox 524 2926 620 2980; x_wconf 82' lang='grc' dir='ltr'><strong>καὶ</strong></span> <span class='ocrx_word' id='word_1_204' title='bbox 670 2928 768 2998; x_wconf 75' lang='grc' dir='ltr'><strong>τὴν</strong></span> <span class='ocrx_word' id='word_1_205' title='bbox 810 2929 932 2998; x_wconf 65' lang='grc' dir='ltr'><strong>ὄψιν</strong></span> <span class='ocrx_word' id='word_1_206' title='bbox 978 2930 1151 3000; x_wconf 82' lang='grc' dir='ltr'><strong>ἐφάνη</strong></span> <span class='ocrx_word' id='word_1_207' title='bbox 1201 2930 1341 3000; x_wconf 78' lang='grc' dir='ltr'><strong>ἔχων</strong></span> <span class='ocrx_word' id='word_1_208' title='bbox 1379 2930 1648 2986; x_wconf 78' lang='grc' dir='ltr'><strong>ἀνθοῦσαν</strong></span> <span class='ocrx_word' id='word_1_209' title='bbox 1683 2933 1776 2988; x_wconf 76' lang='grc' dir='ltr'><strong>καὶ</strong></span> 
     </span>
    </p>
   </div>
   <div class='ocr_carea' id='block_1_31' title="bbox 199 3018 1776 3094">
    <p class='ocr_par' dir='ltr' id='par_1_31' title="bbox 199 3018 1776 3094">
     <span class='ocr_line' id='line_1_31' title="bbox 199 3018 1776 3094; baseline 0.004 -23"><span class='ocrx_word' id='word_1_210' title='bbox 199 3018 472 3089; x_wconf 68' lang='grc' dir='ltr'><strong>θαλτεράν·</strong></span> <span class='ocrx_word' id='word_1_211' title='bbox 504 3019 580 3082; x_wconf 81' lang='grc' dir='ltr'><strong>ὥς</strong></span> <span class='ocrx_word' id='word_1_212' title='bbox 637 3020 887 3077; x_wconf 65' lang='grc' dir='ltr'><strong>ἐντεῦθεν</strong></span> <span class='ocrx_word' id='word_1_213' title='bbox 939 3020 1097 3094; x_wconf 67' lang='grc' dir='ltr'><strong>δῆλον</strong></span> <span class='ocrx_word' id='word_1_214' title='bbox 1146 3022 1400 3091; x_wconf 82' lang='grc' dir='ltr'><strong>γενέσθαι</strong></span> <span class='ocrx_word' id='word_1_215' title='bbox 1451 3023 1693 3093; x_wconf 87' lang='grc' dir='ltr'><strong>δηλονότι</strong></span> <span class='ocrx_word' id='word_1_216' title='bbox 1746 3024 1776 3077; x_wconf 83' lang='grc' dir='ltr'><strong>δ</strong></span> 
     </span>
    </p>
   </div>
   <div class='ocr_carea' id='block_1_32' title="bbox 199 3112 1778 3189">
    <p class='ocr_par' dir='ltr' id='par_1_32' title="bbox 199 3112 1778 3189">
     <span class='ocr_line' id='line_1_32' title="bbox 199 3112 1778 3189; baseline 0.004 -25"><span class='ocrx_word' id='word_1_217' title='bbox 199 3112 423 3175; x_wconf 85' lang='grc' dir='ltr'><strong>πάντως</strong></span> <span class='ocrx_word' id='word_1_218' title='bbox 443 3112 704 3167; x_wconf 81' lang='grc' dir='ltr'><strong>ἀποδοθέν</strong></span> <span class='ocrx_word' id='word_1_219' title='bbox 725 3114 825 3178; x_wconf 81' lang='grc' dir='ltr'><strong>τὴν</strong></span> <span class='ocrx_word' id='word_1_220' title='bbox 873 3115 1029 3169; x_wconf 84' lang='grc' dir='ltr'><strong>νόσον</strong></span> <span class='ocrx_word' id='word_1_221' title='bbox 1051 3116 1198 3183; x_wconf 82' lang='grc' dir='ltr'><strong>ἔλυε,</strong></span> <span class='ocrx_word' id='word_1_222' title='bbox 1225 3115 1385 3171; x_wconf 80' lang='grc' dir='ltr'><strong>τοῦτο</strong></span> <span class='ocrx_word' id='word_1_223' title='bbox 1411 3113 1476 3189; x_wconf 74' lang='grc' dir='ltr'><strong>δὴ</strong></span> <span class='ocrx_word' id='word_1_224' title='bbox 1508 3115 1600 3171; x_wconf 77' lang='grc' dir='ltr'><strong>καὶ</strong></span> <span class='ocrx_word' id='word_1_225' title='bbox 1629 3113 1778 3189; x_wconf 79' lang='grc' dir='ltr'><strong>πρῶ-</strong></span> 
     </span>
    </p>
   </div>
   <div class='ocr_carea' id='block_1_33' title="bbox 195 3202 1177 3276">
    <p class='ocr_par' dir='ltr' id='par_1_33' title="bbox 195 3202 1177 3276">
     <span class='ocr_line' id='line_1_33' title="bbox 195 3202 1177 3276; baseline 0.007 -21"><span class='ocrx_word' id='word_1_226' title='bbox 195 3218 294 3256; x_wconf 63' lang='grc' dir='ltr'><strong>τον</strong></span> <span class='ocrx_word' id='word_1_227' title='bbox 323 3204 638 3273; x_wconf 83' lang='grc' dir='ltr'><strong>ἀφαιρεθὲν,</strong></span> <span class='ocrx_word' id='word_1_228' title='bbox 676 3204 752 3276; x_wconf 83' lang='grc' dir='ltr'><strong>μὴ</strong></span> <span class='ocrx_word' id='word_1_229' title='bbox 781 3202 945 3259; x_wconf 75' lang='grc' dir='ltr'><strong>οὖσαν</strong></span> <span class='ocrx_word' id='word_1_230' title='bbox 969 3207 1177 3262; x_wconf 80' lang='grc' dir='ltr'><strong>ἐκάλει.</strong></span> 
     </span>
    </p>
   </div>
   <div class='ocr_carea' id='block_1_34' title="bbox 1794 1979 1844 2038">
    <p class='ocr_par' dir='ltr' id='par_1_34' title="bbox 1794 1979 1844 2038">
     <span class='ocr_line' id='line_1_34' title="bbox 1794 1979 1844 2038; baseline 0 0"><span class='ocrx_word' id='word_1_231' title='bbox 1794 1979 1844 2038; x_wconf 92' lang='grc' dir='ltr'><strong>Β</strong></span> 
     </span>
    </p>
   </div>
   <div class='ocr_carea' id='block_1_35' title="bbox 1860 730 3426 803">
    <p class='ocr_par' dir='ltr' id='par_1_35' title="bbox 1860 730 3426 803">
     <span class='ocr_line' id='line_1_35' title="bbox 1860 730 3426 803; baseline 0 -16"><span class='ocrx_word' id='word_1_232' title='bbox 1860 732 2130 798; x_wconf 90' lang='lat' dir='ltr'><strong>sordidus,</strong></span> <span class='ocrx_word' id='word_1_233' title='bbox 2166 730 2273 787; x_wconf 70' lang='lat' dir='ltr'><strong>&#39;sed</strong></span> <span class='ocrx_word' id='word_1_234' title='bbox 2322 732 2499 799; x_wconf 87' lang='lat' dir='ltr'><strong>potius</strong></span> <span class='ocrx_word' id='word_1_235' title='bbox 2541 732 2764 803; x_wconf 77' lang='lat' dir='ltr'><strong>simplex</strong></span> <span class='ocrx_word' id='word_1_236' title='bbox 2804 743 2858 789; x_wconf 90' lang='lat' dir='ltr'><strong>et</strong></span> <span class='ocrx_word' id='word_1_237' title='bbox 2898 734 3164 800; x_wconf 67' lang='lat' dir='ltr'><strong>liberalis,</strong></span> <span class='ocrx_word' id='word_1_238' title='bbox 3189 733 3342 803; x_wconf 74' lang='lat' dir='ltr'><strong>jubet</strong></span> <span class='ocrx_word' id='word_1_239' title='bbox 3376 735 3426 790; x_wconf 91' lang='lat' dir='ltr'><strong>ei</strong></span> 
     </span>
    </p>
   </div>
   <div class='ocr_carea' id='block_1_36' title="bbox 1859 822 3426 899">
    <p class='ocr_par' dir='ltr' id='par_1_36' title="bbox 1859 822 3426 899">
     <span class='ocr_line' id='line_1_36' title="bbox 1859 822 3426 899; baseline 0.001 -19"><span class='ocrx_word' id='word_1_240' title='bbox 1859 824 1948 880; x_wconf 92' lang='lat' dir='ltr'><strong>cui</strong></span> <span class='ocrx_word' id='word_1_241' title='bbox 1973 824 2193 879; x_wconf 81' lang='lat' dir='ltr'><strong>creditae</strong></span> <span class='ocrx_word' id='word_1_242' title='bbox 2224 822 2440 879; x_wconf 76' lang='lat' dir='ltr'><strong>fuerant</strong></span> <span class='ocrx_word' id='word_1_243' title='bbox 2471 827 2734 895; x_wconf 65' lang='lat' dir='ltr'><strong>pecunias,</strong></span> <span class='ocrx_word' id='word_1_244' title='bbox 2768 826 3060 898; x_wconf 81' lang='lat' dir='ltr'><strong>unicuique</strong></span> <span class='ocrx_word' id='word_1_245' title='bbox 3087 842 3300 895; x_wconf 87' lang='lat' dir='ltr'><strong>eorum,</strong></span> <span class='ocrx_word' id='word_1_246' title='bbox 3336 828 3426 899; x_wconf 87' lang='lat' dir='ltr'><strong>qui</strong></span> 
     </span>
    </p>
   </div>
   <div class='ocr_carea' id='block_1_37' title="bbox 1863 915 3319 985">
    <p class='ocr_par' dir='ltr' id='par_1_37' title="bbox 1863 915 3319 985">
     <span class='ocr_line' id='line_1_37' title="bbox 1863 915 3319 985; baseline 0.001 -15"><span class='ocrx_word' id='word_1_247' title='bbox 1863 915 1971 970; x_wconf 91' lang='lat' dir='ltr'><strong>illic</strong></span> <span class='ocrx_word' id='word_1_248' title='bbox 2003 924 2178 979; x_wconf 90' lang='lat' dir='ltr'><strong>erant,</strong></span> <span class='ocrx_word' id='word_1_249' title='bbox 2202 930 2522 985; x_wconf 84' lang='lat' dir='ltr'><strong>pauperum,</strong></span> <span class='ocrx_word' id='word_1_250' title='bbox 2559 916 2800 984; x_wconf 67' lang='lat' dir='ltr'><strong>praebere</strong></span> <span class='ocrx_word' id='word_1_251' title='bbox 2826 933 2986 972; x_wconf 91' lang='lat' dir='ltr'><strong>unum</strong></span> <span class='ocrx_word' id='word_1_252' title='bbox 3018 932 3319 972; x_wconf 90' lang='lat' dir='ltr'><strong>nummum.</strong></span> 
     </span>
    </p>
   </div>
   <div class='ocr_carea' id='block_1_38' title="bbox 1941 1004 3423 1075">
    <p class='ocr_par' dir='ltr' id='par_1_38' title="bbox 1941 1004 3423 1075">
     <span class='ocr_line' id='line_1_38' title="bbox 1941 1004 3423 1075; baseline 0.003 -16"><span class='ocrx_word' id='word_1_253' title='bbox 1941 1004 2076 1061; x_wconf 91' lang='lat' dir='ltr'>LIII.</span> <span class='ocrx_word' id='word_1_254' title='bbox 2118 1004 2253 1061; x_wconf 88' lang='lat' dir='ltr'><strong>Cum</strong></span> <span class='ocrx_word' id='word_1_255' title='bbox 2297 1019 2429 1060; x_wconf 86' lang='lat' dir='ltr'><strong>vero</strong></span> <span class='ocrx_word' id='word_1_256' title='bbox 2469 1014 2639 1060; x_wconf 87' lang='lat' dir='ltr'><strong>totum</strong></span> <span class='ocrx_word' id='word_1_257' title='bbox 2688 1022 2878 1063; x_wconf 88' lang='lat' dir='ltr'><strong>aurum</strong></span> <span class='ocrx_word' id='word_1_258' title='bbox 2906 1006 3017 1075; x_wconf 83' lang='lat' dir='ltr'><strong>jam</strong></span> <span class='ocrx_word' id='word_1_259' title='bbox 3063 1009 3255 1066; x_wconf 88' lang='lat' dir='ltr'><strong>fuisset</strong></span> <span class='ocrx_word' id='word_1_260' title='bbox 3300 1024 3423 1065; x_wconf 88' lang='lat' dir='ltr'><strong>con-</strong></span> 
     </span>
    </p>
   </div>
   <div class='ocr_carea' id='block_1_39' title="bbox 1861 1097 3430 1167">
    <p class='ocr_par' dir='ltr' id='par_1_39' title="bbox 1861 1097 3430 1167">
     <span class='ocr_line' id='line_1_39' title="bbox 1861 1097 3430 1167; baseline 0.004 -16"><span class='ocrx_word' id='word_1_261' title='bbox 1861 1103 2155 1167; x_wconf 90' lang='lat' dir='ltr'><strong>sumptum,</strong></span> <span class='ocrx_word' id='word_1_262' title='bbox 2208 1105 2261 1151; x_wconf 89' lang='lat' dir='ltr'><strong>et</strong></span> <span class='ocrx_word' id='word_1_263' title='bbox 2308 1097 2634 1153; x_wconf 87' lang='lat' dir='ltr'><strong>adventitius</strong></span> <span class='ocrx_word' id='word_1_264' title='bbox 2670 1097 2760 1153; x_wconf 90' lang='lat' dir='ltr'><strong>ille</strong></span> <span class='ocrx_word' id='word_1_265' title='bbox 2799 1108 2852 1153; x_wconf 83' lang='lat' dir='ltr'><strong>et</strong></span> <span class='ocrx_word' id='word_1_266' title='bbox 2895 1115 3000 1154; x_wconf 92' lang='lat' dir='ltr'><strong>non</strong></span> <span class='ocrx_word' id='word_1_267' title='bbox 3037 1115 3103 1155; x_wconf 81' lang='lat' dir='ltr'><strong>ex</strong></span> <span class='ocrx_word' id='word_1_268' title='bbox 3149 1100 3430 1157; x_wconf 73' lang='lat' dir='ltr'><strong>aﬂ‘ectioue</strong></span> 
     </span>
    </p>
   </div>
   <div class='ocr_carea' id='block_1_40' title="bbox 1862 1187 3432 1263">
    <p class='ocr_par' dir='ltr' id='par_1_40' title="bbox 1862 1187 3432 1263">
     <span class='ocr_line' id='line_1_40' title="bbox 1862 1187 3432 1263; baseline 0.005 -22"><span class='ocrx_word' id='word_1_269' title='bbox 1862 1188 2029 1241; x_wconf 84' lang='lat' dir='ltr'><strong>ardor</strong></span> <span class='ocrx_word' id='word_1_270' title='bbox 2069 1188 2136 1243; x_wconf 89' lang='lat' dir='ltr'><strong>ad</strong></span> <span class='ocrx_word' id='word_1_271' title='bbox 2169 1188 2567 1259; x_wconf 84' lang='lat' dir='ltr'><strong>eleemosynam</strong></span> <span class='ocrx_word' id='word_1_272' title='bbox 2612 1187 2803 1244; x_wconf 87' lang='lat' dir='ltr'><strong>fuisset</strong></span> <span class='ocrx_word' id='word_1_273' title='bbox 2845 1190 3219 1261; x_wconf 79' lang='lat' dir='ltr'><strong>refrigeratus,</strong></span> <span class='ocrx_word' id='word_1_274' title='bbox 3251 1192 3432 1263; x_wconf 79' lang='lat' dir='ltr'><strong>gravis</strong></span> 
     </span>
    </p>
   </div>
   <div class='ocr_carea' id='block_1_41' title="bbox 1864 1278 3430 1357">
    <p class='ocr_par' dir='ltr' id='par_1_41' title="bbox 1864 1278 3430 1357">
     <span class='ocr_line' id='line_1_41' title="bbox 1864 1278 3430 1357; baseline 0.001 -24"><span class='ocrx_word' id='word_1_275' title='bbox 1864 1278 2018 1334; x_wconf 88' lang='lat' dir='ltr'><strong>dolor</strong></span> <span class='ocrx_word' id='word_1_276' title='bbox 2054 1288 2109 1335; x_wconf 88' lang='lat' dir='ltr'><strong>et</strong></span> <span class='ocrx_word' id='word_1_277' title='bbox 2160 1295 2350 1351; x_wconf 76' lang='lat' dir='ltr'><strong>magna</strong></span> <span class='ocrx_word' id='word_1_278' title='bbox 2400 1281 2716 1357; x_wconf 83' lang='lat' dir='ltr'><strong>poenitentia</strong></span> <span class='ocrx_word' id='word_1_279' title='bbox 2758 1282 2977 1337; x_wconf 82' lang='lat' dir='ltr'><strong>incessit</strong></span> <span class='ocrx_word' id='word_1_280' title='bbox 3010 1282 3430 1339; x_wconf 88' lang='lat' dir='ltr'><strong>involuutarium</strong></span> 
     </span>
    </p>
   </div>
   <div class='ocr_carea' id='block_1_42' title="bbox 1864 1370 3436 1442">
    <p class='ocr_par' dir='ltr' id='par_1_42' title="bbox 1864 1370 3436 1442">
     <span class='ocr_line' id='line_1_42' title="bbox 1864 1370 3436 1442; baseline 0.001 -15"><span class='ocrx_word' id='word_1_281' title='bbox 1864 1371 2285 1427; x_wconf 86' lang='lat' dir='ltr'><strong>benefactorem.</strong></span> <span class='ocrx_word' id='word_1_282' title='bbox 2338 1370 2565 1428; x_wconf 88' lang='lat' dir='ltr'><strong>Domum</strong></span> <span class='ocrx_word' id='word_1_283' title='bbox 2614 1372 2800 1442; x_wconf 89' lang='lat' dir='ltr'><strong>itaque</strong></span> <span class='ocrx_word' id='word_1_284' title='bbox 2845 1387 3113 1439; x_wconf 78' lang='lat' dir='ltr'><strong>reversus,</strong></span> <span class='ocrx_word' id='word_1_285' title='bbox 3157 1372 3436 1442; x_wconf 82' lang='lat' dir='ltr'><strong>inOpinato</strong></span> 
     </span>
    </p>
   </div>
   <div class='ocr_carea' id='block_1_43' title="bbox 1866 1462 3437 1532">
    <p class='ocr_par' dir='ltr' id='par_1_43' title="bbox 1866 1462 3437 1532">
     <span class='ocr_line' id='line_1_43' title="bbox 1866 1462 3437 1532; baseline 0.003 -18"><span class='ocrx_word' id='word_1_286' title='bbox 1866 1462 2095 1518; x_wconf 86' lang='lat' dir='ltr'><strong>horrore</strong></span> <span class='ocrx_word' id='word_1_287' title='bbox 2138 1473 2193 1517; x_wconf 91' lang='lat' dir='ltr'><strong>et</strong></span> <span class='ocrx_word' id='word_1_288' title='bbox 2221 1464 2372 1519; x_wconf 88' lang='lat' dir='ltr'><strong>febre</strong></span> <span class='ocrx_word' id='word_1_289' title='bbox 2420 1472 2722 1532; x_wconf 87' lang='lat' dir='ltr'><strong>correptus,</strong></span> <span class='ocrx_word' id='word_1_290' title='bbox 2774 1465 3130 1520; x_wconf 87' lang='lat' dir='ltr'><strong>decumbebat</strong></span> <span class='ocrx_word' id='word_1_291' title='bbox 3171 1464 3226 1518; x_wconf 94' lang='lat' dir='ltr'><strong>in</strong></span> <span class='ocrx_word' id='word_1_292' title='bbox 3274 1464 3437 1519; x_wconf 86' lang='lat' dir='ltr'><strong>lecto.</strong></span> 
     </span>
    </p>
   </div>
   <div class='ocr_carea' id='block_1_44' title="bbox 1865 1552 3438 1626">
    <p class='ocr_par' dir='ltr' id='par_1_44' title="bbox 1865 1552 3438 1626">
     <span class='ocr_line' id='line_1_44' title="bbox 1865 1552 3438 1626; baseline 0.001 -19"><span class='ocrx_word' id='word_1_293' title='bbox 1865 1552 1999 1607; x_wconf 89' lang='lat' dir='ltr'><strong>Cum</strong></span> <span class='ocrx_word' id='word_1_294' title='bbox 2028 1562 2175 1610; x_wconf 81' lang='lat' dir='ltr'><strong>esset</strong></span> <span class='ocrx_word' id='word_1_295' title='bbox 2203 1564 2382 1609; x_wconf 86' lang='lat' dir='ltr'><strong>autem</strong></span> <span class='ocrx_word' id='word_1_296' title='bbox 2419 1554 2531 1626; x_wconf 86' lang='lat' dir='ltr'><strong>jam</strong></span> <span class='ocrx_word' id='word_1_297' title='bbox 2566 1554 2694 1611; x_wconf 90' lang='lat' dir='ltr'><strong>hora</strong></span> <span class='ocrx_word' id='word_1_298' title='bbox 2728 1556 2960 1625; x_wconf 82' lang='lat' dir='ltr'><strong>prandii,</strong></span> <span class='ocrx_word' id='word_1_299' title='bbox 2992 1570 3112 1610; x_wconf 89' lang='lat' dir='ltr'><strong>eum</strong></span> <span class='ocrx_word' id='word_1_300' title='bbox 3146 1556 3213 1611; x_wconf 90' lang='lat' dir='ltr'><strong>ad</strong></span> <span class='ocrx_word' id='word_1_301' title='bbox 3249 1555 3438 1611; x_wconf 85' lang='lat' dir='ltr'><strong>convi-</strong></span> 
     </span>
    </p>
   </div>
   <div class='ocr_carea' id='block_1_45' title="bbox 1867 1642 3440 1716">
    <p class='ocr_par' dir='ltr' id='par_1_45' title="bbox 1867 1642 3440 1716">
     <span class='ocr_line' id='line_1_45' title="bbox 1867 1642 3440 1716; baseline 0.003 -20"><span class='ocrx_word' id='word_1_302' title='bbox 1867 1642 2012 1697; x_wconf 85' lang='lat' dir='ltr'><strong>vium</strong></span> <span class='ocrx_word' id='word_1_303' title='bbox 2046 1644 2234 1698; x_wconf 82' lang='lat' dir='ltr'><strong>invitat</strong></span> <span class='ocrx_word' id='word_1_304' title='bbox 2267 1646 2596 1714; x_wconf 88' lang='lat' dir='ltr'><strong>patriarcha.</strong></span> <span class='ocrx_word' id='word_1_305' title='bbox 2631 1645 2733 1714; x_wconf 85' lang='lat' dir='ltr'><strong>Qui</strong></span> <span class='ocrx_word' id='word_1_306' title='bbox 2765 1661 2885 1700; x_wconf 92' lang='lat' dir='ltr'><strong>cum</strong></span> <span class='ocrx_word' id='word_1_307' title='bbox 2915 1646 3218 1716; x_wconf 86' lang='lat' dir='ltr'><strong>accepisset</strong></span> <span class='ocrx_word' id='word_1_308' title='bbox 3251 1662 3440 1716; x_wconf 84' lang='lat' dir='ltr'><strong>quem-</strong></span> 
     </span>
    </p>
   </div>
   <div class='ocr_carea' id='block_1_46' title="bbox 1869 1734 3433 1809">
    <p class='ocr_par' dir='ltr' id='par_1_46' title="bbox 1869 1734 3433 1809">
     <span class='ocr_line' id='line_1_46' title="bbox 1869 1734 3433 1809; baseline 0.003 -23"><span class='ocrx_word' id='word_1_309' title='bbox 1869 1734 2156 1789; x_wconf 83' lang='lat' dir='ltr'><strong>admodum</strong></span> <span class='ocrx_word' id='word_1_310' title='bbox 2189 1750 2248 1791; x_wconf 90' lang='lat' dir='ltr'><strong>se</strong></span> <span class='ocrx_word' id='word_1_311' title='bbox 2276 1735 2536 1803; x_wconf 79' lang='lat' dir='ltr'><strong>haberet,</strong></span> <span class='ocrx_word' id='word_1_312' title='bbox 2581 1746 2636 1792; x_wconf 90' lang='lat' dir='ltr'><strong>et</strong></span> <span class='ocrx_word' id='word_1_313' title='bbox 2668 1752 2885 1793; x_wconf 88' lang='lat' dir='ltr'><strong>causam</strong></span> <span class='ocrx_word' id='word_1_314' title='bbox 2922 1737 3097 1793; x_wconf 80' lang='lat' dir='ltr'><strong>morbi</strong></span> <span class='ocrx_word' id='word_1_315' title='bbox 3136 1752 3243 1792; x_wconf 91' lang='lat' dir='ltr'><strong>non</strong></span> <span class='ocrx_word' id='word_1_316' title='bbox 3274 1740 3433 1809; x_wconf 82' lang='lat' dir='ltr'><strong>igno-</strong></span> 
     </span>
    </p>
   </div>
   <div class='ocr_carea' id='block_1_47' title="bbox 1872 1828 3439 1900">
    <p class='ocr_par' dir='ltr' id='par_1_47' title="bbox 1872 1828 3439 1900">
     <span class='ocr_line' id='line_1_47' title="bbox 1872 1828 3439 1900; baseline 0.004 -22"><span class='ocrx_word' id='word_1_317' title='bbox 1872 1832 2040 1889; x_wconf 89' lang='lat' dir='ltr'><strong>raret,</strong></span> <span class='ocrx_word' id='word_1_318' title='bbox 2093 1841 2199 1881; x_wconf 92' lang='lat' dir='ltr'><strong>non</strong></span> <span class='ocrx_word' id='word_1_319' title='bbox 2254 1828 2511 1882; x_wconf 84' lang='lat' dir='ltr'><strong>sustinuit</strong></span> <span class='ocrx_word' id='word_1_320' title='bbox 2566 1843 2691 1884; x_wconf 88' lang='lat' dir='ltr'><strong>eum</strong></span> <span class='ocrx_word' id='word_1_321' title='bbox 2748 1829 2963 1898; x_wconf 85' lang='lat' dir='ltr'><strong>quidem</strong></span> <span class='ocrx_word' id='word_1_322' title='bbox 3021 1829 3306 1900; x_wconf 87' lang='lat' dir='ltr'><strong>despicere</strong></span> <span class='ocrx_word' id='word_1_323' title='bbox 3357 1830 3439 1884; x_wconf 89' lang='lat' dir='ltr'><strong>sic</strong></span> 
     </span>
    </p>
   </div>
   <div class='ocr_carea' id='block_1_48' title="bbox 1871 1915 3440 1988">
    <p class='ocr_par' dir='ltr' id='par_1_48' title="bbox 1871 1915 3440 1988">
     <span class='ocr_line' id='line_1_48' title="bbox 1871 1915 3440 1988; baseline 0.005 -22"><span class='ocrx_word' id='word_1_324' title='bbox 1871 1915 2057 1971; x_wconf 78' lang='lat' dir='ltr'><strong>vexari</strong></span> <span class='ocrx_word' id='word_1_325' title='bbox 2106 1924 2162 1971; x_wconf 88' lang='lat' dir='ltr'><strong>et</strong></span> <span class='ocrx_word' id='word_1_326' title='bbox 2208 1918 2338 1988; x_wconf 90' lang='lat' dir='ltr'><strong>pati,</strong></span> <span class='ocrx_word' id='word_1_327' title='bbox 2399 1933 2458 1974; x_wconf 91' lang='lat' dir='ltr'><strong>se</strong></span> <span class='ocrx_word' id='word_1_328' title='bbox 2510 1927 2688 1975; x_wconf 86' lang='lat' dir='ltr'><strong>autem</strong></span> <span class='ocrx_word' id='word_1_329' title='bbox 2736 1919 2875 1975; x_wconf 90' lang='lat' dir='ltr'><strong>inire</strong></span> <span class='ocrx_word' id='word_1_330' title='bbox 2923 1920 3230 1975; x_wconf 81' lang='lat' dir='ltr'><strong>convivium</strong></span> <span class='ocrx_word' id='word_1_331' title='bbox 3282 1938 3296 1976; x_wconf 90' lang='lat'><strong>:</strong></span> <span class='ocrx_word' id='word_1_332' title='bbox 3345 1920 3440 1974; x_wconf 89' lang='lat' dir='ltr'><strong>sed</strong></span> 
     </span>
    </p>
   </div>
   <div class='ocr_carea' id='block_1_49' title="bbox 1872 2008 3436 2081">
    <p class='ocr_par' dir='ltr' id='par_1_49' title="bbox 1872 2008 3436 2081">
     <span class='ocr_line' id='line_1_49' title="bbox 1872 2008 3436 2081; baseline 0.003 -19"><span class='ocrx_word' id='word_1_333' title='bbox 1872 2008 2055 2062; x_wconf 85' lang='lat' dir='ltr'><strong>statim</strong></span> <span class='ocrx_word' id='word_1_334' title='bbox 2089 2024 2340 2079; x_wconf 80' lang='lat' dir='ltr'><strong>surgens,</strong></span> <span class='ocrx_word' id='word_1_335' title='bbox 2364 2010 2431 2066; x_wconf 89' lang='lat' dir='ltr'><strong>ad</strong></span> <span class='ocrx_word' id='word_1_336' title='bbox 2465 2011 2640 2081; x_wconf 89' lang='lat' dir='ltr'><strong>ipsum</strong></span> <span class='ocrx_word' id='word_1_337' title='bbox 2677 2013 2841 2079; x_wconf 83' lang='lat' dir='ltr'><strong>venit,</strong></span> <span class='ocrx_word' id='word_1_338' title='bbox 2867 2021 2920 2067; x_wconf 90' lang='lat' dir='ltr'><strong>et</strong></span> <span class='ocrx_word' id='word_1_339' title='bbox 2945 2013 3077 2068; x_wconf 90' lang='lat' dir='ltr'><strong>dicit</strong></span> <span class='ocrx_word' id='word_1_340' title='bbox 3105 2011 3388 2068; x_wconf 86' lang='lat' dir='ltr'><strong>subridens</strong></span> <span class='ocrx_word' id='word_1_341' title='bbox 3420 2029 3436 2067; x_wconf 92' lang='lat'><strong>:</strong></span> 
     </span>
    </p>
   </div>
   <div class='ocr_carea' id='block_1_50' title="bbox 1870 2096 3445 2170">
    <p class='ocr_par' dir='ltr' id='par_1_50' title="bbox 1870 2096 3445 2170">
     <span class='ocr_line' id='line_1_50' title="bbox 1870 2096 3445 2170; baseline 0.005 -20"><span class='ocrx_word' id='word_1_342' title='bbox 1870 2096 1951 2152; x_wconf 89' lang='lat' dir='ltr'><strong>Ne</strong></span> <span class='ocrx_word' id='word_1_343' title='bbox 1984 2108 2161 2168; x_wconf 81' lang='lat' dir='ltr'><strong>putes,</strong></span> <span class='ocrx_word' id='word_1_344' title='bbox 2207 2115 2241 2154; x_wconf 90' lang='grc' dir='ltr'><strong>ο</strong></span> <span class='ocrx_word' id='word_1_345' title='bbox 2271 2102 2661 2168; x_wconf 88' lang='lat' dir='ltr'><strong>comminister,</strong></span> <span class='ocrx_word' id='word_1_346' title='bbox 2700 2118 2785 2159; x_wconf 91' lang='lat' dir='ltr'><strong>me</strong></span> <span class='ocrx_word' id='word_1_347' title='bbox 2826 2103 2921 2159; x_wconf 85' lang='lat' dir='ltr'><strong>tibi</strong></span> <span class='ocrx_word' id='word_1_348' title='bbox 2953 2119 3079 2160; x_wconf 85' lang='lat' dir='ltr'><strong>vere</strong></span> <span class='ocrx_word' id='word_1_349' title='bbox 3128 2103 3350 2170; x_wconf 83' lang='lat' dir='ltr'><strong>dixisse,</strong></span> <span class='ocrx_word' id='word_1_350' title='bbox 3384 2112 3445 2159; x_wconf 88' lang='lat' dir='ltr'><strong>ut</strong></span> 
     </span>
    </p>
   </div>
   <div class='ocr_carea' id='block_1_51' title="bbox 1871 2190 3442 2265">
    <p class='ocr_par' dir='ltr' id='par_1_51' title="bbox 1871 2190 3442 2265">
     <span class='ocr_line' id='line_1_51' title="bbox 1871 2190 3442 2265; baseline 0.003 -20"><span class='ocrx_word' id='word_1_351' title='bbox 1871 2204 1903 2245; x_wconf 90' lang='lat' dir='ltr'><strong>e</strong></span> <span class='ocrx_word' id='word_1_352' title='bbox 1936 2190 2099 2245; x_wconf 86' lang='lat' dir='ltr'><strong>domo</strong></span> <span class='ocrx_word' id='word_1_353' title='bbox 2146 2200 2233 2245; x_wconf 88' lang='lat' dir='ltr'><strong>tua</strong></span> <span class='ocrx_word' id='word_1_354' title='bbox 2281 2193 2558 2265; x_wconf 78' lang='lat' dir='ltr'><strong>largireris</strong></span> <span class='ocrx_word' id='word_1_355' title='bbox 2592 2194 2851 2251; x_wconf 82' lang='lat' dir='ltr'><strong>fratribus</strong></span> <span class='ocrx_word' id='word_1_356' title='bbox 2895 2196 3193 2252; x_wconf 89' lang='lat' dir='ltr'><strong>secundum</strong></span> <span class='ocrx_word' id='word_1_357' title='bbox 3229 2195 3395 2252; x_wconf 85' lang='lat' dir='ltr'><strong>Deum</strong></span> <span class='ocrx_word' id='word_1_358' title='bbox 3425 2211 3442 2251; x_wconf 90' lang='lat'><strong>:</strong></span> 
     </span>
    </p>
   </div>
   <div class='ocr_carea' id='block_1_52' title="bbox 1874 2282 3445 2353">
    <p class='ocr_par' dir='ltr' id='par_1_52' title="bbox 1874 2282 3445 2353">
     <span class='ocr_line' id='line_1_52' title="bbox 1874 2282 3445 2353; baseline 0.003 -15"><span class='ocrx_word' id='word_1_359' title='bbox 1874 2282 2248 2353; x_wconf 83' lang='lat' dir='ltr'><strong>sedquoniam</strong></span> <span class='ocrx_word' id='word_1_360' title='bbox 2294 2292 2425 2341; x_wconf 91' lang='lat' dir='ltr'><strong>tunc</strong></span> <span class='ocrx_word' id='word_1_361' title='bbox 2463 2300 2652 2341; x_wconf 87' lang='lat' dir='ltr'><strong>aurum</strong></span> <span class='ocrx_word' id='word_1_362' title='bbox 2697 2302 2806 2343; x_wconf 88' lang='lat' dir='ltr'><strong>non</strong></span> <span class='ocrx_word' id='word_1_363' title='bbox 2840 2287 3073 2344; x_wconf 84' lang='lat' dir='ltr'><strong>habebat</strong></span> <span class='ocrx_word' id='word_1_364' title='bbox 3117 2290 3185 2344; x_wconf 88' lang='lat' dir='ltr'><strong>ad</strong></span> <span class='ocrx_word' id='word_1_365' title='bbox 3226 2305 3445 2343; x_wconf 87' lang='lat' dir='ltr'><strong>manum</strong></span> 
     </span>
    </p>
   </div>
   <div class='ocr_carea' id='block_1_53' title="bbox 1874 2379 3444 2449">
    <p class='ocr_par' dir='ltr' id='par_1_53' title="bbox 1874 2379 3444 2449">
     <span class='ocr_line' id='line_1_53' title="bbox 1874 2379 3444 2449; baseline 0.001 -19"><span class='ocrx_word' id='word_1_366' title='bbox 1874 2388 2056 2430; x_wconf 84' lang='lat' dir='ltr'><strong>comes</strong></span> <span class='ocrx_word' id='word_1_367' title='bbox 2090 2391 2242 2441; x_wconf 82' lang='lat' dir='ltr'><strong>meus</strong></span> <span class='ocrx_word' id='word_1_368' title='bbox 2263 2416 2278 2442; x_wconf 90' lang='lat'><strong>,</strong></span> <span class='ocrx_word' id='word_1_369' title='bbox 2308 2379 2490 2449; x_wconf 83' lang='lat' dir='ltr'><strong>accepi</strong></span> <span class='ocrx_word' id='word_1_370' title='bbox 2519 2393 2547 2433; x_wconf 90' lang='lat' dir='ltr'><strong>a</strong></span> <span class='ocrx_word' id='word_1_371' title='bbox 2577 2386 2629 2433; x_wconf 90' lang='lat' dir='ltr'><strong>te</strong></span> <span class='ocrx_word' id='word_1_372' title='bbox 2654 2390 2860 2435; x_wconf 90' lang='lat' dir='ltr'><strong>mutuo.</strong></span> <span class='ocrx_word' id='word_1_373' title='bbox 2897 2379 3048 2437; x_wconf 75' lang='lat' dir='ltr'><strong>Nunc</strong></span> <span class='ocrx_word' id='word_1_374' title='bbox 3076 2396 3204 2437; x_wconf 88' lang='lat' dir='ltr'><strong>vero</strong></span> <span class='ocrx_word' id='word_1_375' title='bbox 3229 2383 3444 2447; x_wconf 84' lang='lat' dir='ltr'><strong>adsum,</strong></span> 
     </span>
    </p>
   </div>
   <div class='ocr_carea' id='block_1_54' title="bbox 1877 2467 3446 2543">
    <p class='ocr_par' dir='ltr' id='par_1_54' title="bbox 1877 2467 3446 2543">
     <span class='ocr_line' id='line_1_54' title="bbox 1877 2467 3446 2543; baseline 0.002 -21"><span class='ocrx_word' id='word_1_376' title='bbox 1877 2467 2121 2538; x_wconf 80' lang='lat' dir='ltr'><strong>triginta,</strong></span> <span class='ocrx_word' id='word_1_377' title='bbox 2158 2469 2348 2539; x_wconf 88' lang='lat' dir='ltr'><strong>inquit,</strong></span> <span class='ocrx_word' id='word_1_378' title='bbox 2398 2470 2567 2526; x_wconf 89' lang='lat' dir='ltr'><strong>libras</strong></span> <span class='ocrx_word' id='word_1_379' title='bbox 2602 2471 2671 2527; x_wconf 89' lang='lat' dir='ltr'><strong>ad</strong></span> <span class='ocrx_word' id='word_1_380' title='bbox 2713 2480 2765 2526; x_wconf 89' lang='lat' dir='ltr'><strong>te</strong></span> <span class='ocrx_word' id='word_1_381' title='bbox 2796 2470 3059 2539; x_wconf 68' lang='lat' dir='ltr'><strong>efferens,</strong></span> <span class='ocrx_word' id='word_1_382' title='bbox 3101 2487 3239 2543; x_wconf 88' lang='lat' dir='ltr'><strong>quas</strong></span> <span class='ocrx_word' id='word_1_383' title='bbox 3280 2472 3446 2529; x_wconf 83' lang='lat' dir='ltr'><strong>etiam</strong></span> 
     </span>
    </p>
   </div>
   <div class='ocr_carea' id='block_1_55' title="bbox 1877 2559 3471 2636">
    <p class='ocr_par' dir='ltr' id='par_1_55' title="bbox 1877 2559 3471 2636">
     <span class='ocr_line' id='line_1_55' title="bbox 1877 2559 3471 2636; baseline 0.008 -24"><span class='ocrx_word' id='word_1_384' title='bbox 1877 2559 2053 2614; x_wconf 86' lang='lat' dir='ltr'><strong>salvas</strong></span> <span class='ocrx_word' id='word_1_385' title='bbox 2081 2560 2249 2616; x_wconf 86' lang='lat' dir='ltr'><strong>reddo</strong></span> <span class='ocrx_word' id='word_1_386' title='bbox 2272 2570 2379 2616; x_wconf 67' lang='lat' dir='ltr'><strong>tum</strong></span> <span class='ocrx_word' id='word_1_387' title='bbox 2403 2562 2611 2617; x_wconf 81' lang='lat' dir='ltr'><strong>virtuti.</strong></span> <span class='ocrx_word' id='word_1_388' title='bbox 2637 2561 2929 2634; x_wconf 84' lang='lat' dir='ltr'><strong>Postquam</strong></span> <span class='ocrx_word' id='word_1_389' title='bbox 2953 2579 3084 2636; x_wconf 79' lang='lat' dir='ltr'><strong>ergo</strong></span> <span class='ocrx_word' id='word_1_390' title='bbox 3112 2564 3287 2621; x_wconf 89' lang='lat' dir='ltr'><strong>solum</strong></span> <span class='ocrx_word' id='word_1_391' title='bbox 3315 2565 3471 2625; x_wconf 81' lang='lat' dir='ltr'><strong>vidit.</strong></span> 
     </span>
    </p>
   </div>
   <div class='ocr_carea' id='block_1_56' title="bbox 1877 2654 3483 2725">
    <p class='ocr_par' dir='ltr' id='par_1_56' title="bbox 1877 2654 3483 2725">
     <span class='ocr_line' id='line_1_56' title="bbox 1877 2654 3483 2725; baseline 0.005 -18"><span class='ocrx_word' id='word_1_392' title='bbox 1877 2667 2069 2707; x_wconf 90' lang='lat' dir='ltr'><strong>aurum</strong></span> <span class='ocrx_word' id='word_1_393' title='bbox 2104 2654 2157 2709; x_wconf 90' lang='lat' dir='ltr'><strong>in</strong></span> <span class='ocrx_word' id='word_1_394' title='bbox 2184 2655 2431 2710; x_wconf 91' lang='lat' dir='ltr'><strong>manibus</strong></span> <span class='ocrx_word' id='word_1_395' title='bbox 2453 2657 2792 2724; x_wconf 68' lang='lat' dir='ltr'><strong>patriarchae,</strong></span> <span class='ocrx_word' id='word_1_396' title='bbox 2823 2659 3101 2713; x_wconf 88' lang='lat' dir='ltr'><strong>horrorem</strong></span> <span class='ocrx_word' id='word_1_397' title='bbox 3126 2659 3280 2725; x_wconf 87' lang='lat' dir='ltr'><strong>vicit,</strong></span> <span class='ocrx_word' id='word_1_398' title='bbox 3308 2657 3449 2713; x_wconf 84' lang='lat' dir='ltr'><strong>mala</strong></span> <span class='ocrx_word' id='word_1_399' title='bbox 3480 2710 3483 2715; x_wconf 88' lang='lat'><strong>.</strong></span> 
     </span>
    </p>
   </div>
   <div class='ocr_carea' id='block_1_57' title="bbox 1879 2744 3448 2817">
    <p class='ocr_par' dir='ltr' id='par_1_57' title="bbox 1879 2744 3448 2817">
     <span class='ocr_line' id='line_1_57' title="bbox 1879 2744 3448 2817; baseline 0.004 -19"><span class='ocrx_word' id='word_1_400' title='bbox 1879 2744 2044 2800; x_wconf 86' lang='lat' dir='ltr'><strong>febris</strong></span> <span class='ocrx_word' id='word_1_401' title='bbox 2085 2745 2357 2812; x_wconf 89' lang='lat' dir='ltr'><strong>discessit,</strong></span> <span class='ocrx_word' id='word_1_402' title='bbox 2396 2747 2540 2803; x_wconf 91' lang='lat' dir='ltr'><strong>vires</strong></span> <span class='ocrx_word' id='word_1_403' title='bbox 2569 2748 2618 2804; x_wconf 90' lang='lat' dir='ltr'><strong>ei</strong></span> <span class='ocrx_word' id='word_1_404' title='bbox 2646 2749 2942 2817; x_wconf 89' lang='lat' dir='ltr'><strong>redierunt,</strong></span> <span class='ocrx_word' id='word_1_405' title='bbox 2979 2758 3033 2804; x_wconf 90' lang='lat' dir='ltr'><strong>et</strong></span> <span class='ocrx_word' id='word_1_406' title='bbox 3071 2749 3217 2805; x_wconf 86' lang='lat' dir='ltr'><strong>visus</strong></span> <span class='ocrx_word' id='word_1_407' title='bbox 3244 2758 3325 2805; x_wconf 88' lang='lat' dir='ltr'><strong>est</strong></span> <span class='ocrx_word' id='word_1_408' title='bbox 3349 2750 3448 2805; x_wconf 85' lang='lat' dir='ltr'><strong>ba-</strong></span> 
     </span>
    </p>
   </div>
   <div class='ocr_carea' id='block_1_58' title="bbox 1878 2835 3449 2901">
    <p class='ocr_par' dir='ltr' id='par_1_58' title="bbox 1878 2835 3449 2901">
     <span class='ocr_line' id='line_1_58' title="bbox 1878 2835 3449 2901; baseline 0.003 -11"><span class='ocrx_word' id='word_1_409' title='bbox 1878 2835 2012 2891; x_wconf 89' lang='lat' dir='ltr'><strong>bens</strong></span> <span class='ocrx_word' id='word_1_410' title='bbox 2059 2835 2261 2891; x_wconf 88' lang='lat' dir='ltr'><strong>vultum</strong></span> <span class='ocrx_word' id='word_1_411' title='bbox 2311 2838 2546 2894; x_wconf 87' lang='lat' dir='ltr'><strong>alacrem</strong></span> <span class='ocrx_word' id='word_1_412' title='bbox 2595 2848 2647 2894; x_wconf 85' lang='lat' dir='ltr'><strong>et</strong></span> <span class='ocrx_word' id='word_1_413' title='bbox 2690 2840 2928 2894; x_wconf 87' lang='lat' dir='ltr'><strong>vividum</strong></span> <span class='ocrx_word' id='word_1_414' title='bbox 2972 2858 2987 2896; x_wconf 86' lang='lat'><strong>:</strong></span> <span class='ocrx_word' id='word_1_415' title='bbox 3031 2848 3089 2896; x_wconf 87' lang='lat' dir='ltr'><strong>ut</strong></span> <span class='ocrx_word' id='word_1_416' title='bbox 3138 2841 3266 2899; x_wconf 84' lang='lat' dir='ltr'><strong>hinc</strong></span> <span class='ocrx_word' id='word_1_417' title='bbox 3294 2841 3449 2901; x_wconf 80' lang='lat' dir='ltr'><strong>ﬁeret</strong></span> 
     </span>
    </p>
   </div>
   <div class='ocr_carea' id='block_1_59' title="bbox 1880 2925 3449 2999">
    <p class='ocr_par' dir='ltr' id='par_1_59' title="bbox 1880 2925 3449 2999">
     <span class='ocr_line' id='line_1_59' title="bbox 1880 2925 3449 2999; baseline 0.003 -19"><span class='ocrx_word' id='word_1_418' title='bbox 1880 2925 2252 2992; x_wconf 87' lang='lat' dir='ltr'><strong>manifestum,</strong></span> <span class='ocrx_word' id='word_1_419' title='bbox 2273 2928 2414 2998; x_wconf 88' lang='lat' dir='ltr'><strong>quod</strong></span> <span class='ocrx_word' id='word_1_420' title='bbox 2432 2926 2653 2983; x_wconf 87' lang='lat' dir='ltr'><strong>omnino</strong></span> <span class='ocrx_word' id='word_1_421' title='bbox 2671 2927 2936 2983; x_wconf 74' lang='lat' dir='ltr'><strong>redditum</strong></span> <span class='ocrx_word' id='word_1_422' title='bbox 2993 2930 3235 2986; x_wconf 86' lang='lat' dir='ltr'><strong>morbum</strong></span> <span class='ocrx_word' id='word_1_423' title='bbox 3265 2932 3449 2999; x_wconf 63' lang='lat' dir='ltr'><strong>solvit,</strong></span> 
     </span>
    </p>
   </div>
   <div class='ocr_carea' id='block_1_60' title="bbox 1882 3017 3448 3095">
    <p class='ocr_par' dir='ltr' id='par_1_60' title="bbox 1882 3017 3448 3095">
     <span class='ocr_line' id='line_1_60' title="bbox 1882 3017 3448 3095; baseline 0.006 -24"><span class='ocrx_word' id='word_1_424' title='bbox 1882 3017 1985 3072; x_wconf 89' lang='lat' dir='ltr'><strong>hoc</strong></span> <span class='ocrx_word' id='word_1_425' title='bbox 2025 3018 2188 3073; x_wconf 91' lang='lat' dir='ltr'><strong>etiam</strong></span> <span class='ocrx_word' id='word_1_426' title='bbox 2222 3020 2456 3087; x_wconf 88' lang='lat' dir='ltr'><strong>primum</strong></span> <span class='ocrx_word' id='word_1_427' title='bbox 2487 3020 2746 3088; x_wconf 82' lang='lat' dir='ltr'><strong>ablatum,</strong></span> <span class='ocrx_word' id='word_1_428' title='bbox 2777 3036 2899 3076; x_wconf 91' lang='lat' dir='ltr'><strong>eum</strong></span> <span class='ocrx_word' id='word_1_429' title='bbox 2938 3022 3304 3095; x_wconf 70' lang='lat' dir='ltr'><strong>vocavitcum</strong></span> <span class='ocrx_word' id='word_1_430' title='bbox 3338 3040 3448 3080; x_wconf 90' lang='lat' dir='ltr'><strong>non</strong></span> 
     </span>
    </p>
   </div>
   <div class='ocr_carea' id='block_1_61' title="bbox 1879 3120 2044 3170">
    <p class='ocr_par' dir='ltr' id='par_1_61' title="bbox 1879 3120 2044 3170">
     <span class='ocr_line' id='line_1_61' title="bbox 1879 3120 2044 3170; baseline -0.012 -2"><span class='ocrx_word' id='word_1_431' title='bbox 1879 3120 2044 3170; x_wconf 69' lang='lat' dir='ltr'><strong>CSSCI.</strong></span> 
     </span>
    </p>
   </div>
   <div class='ocr_carea' id='block_1_62' title="bbox 274 3292 1772 3379">
    <p class='ocr_par' dir='ltr' id='par_1_62' title="bbox 274 3292 1772 3371">
     <span class='ocr_line' id='line_1_62' title="bbox 274 3292 1772 3371; baseline 0.005 -24"><span class='ocrx_word' id='word_1_432' title='bbox 274 3292 398 3350; x_wconf 77' lang='lat' dir='ltr'><strong>NA&#39;.</strong></span> <span class='ocrx_word' id='word_1_433' title='bbox 434 3297 567 3359; x_wconf 79' lang='grc' dir='ltr'><strong>Δοὺς</strong></span> <span class='ocrx_word' id='word_1_434' title='bbox 588 3293 681 3351; x_wconf 81' lang='grc' dir='ltr'><strong>οὖν</strong></span> <span class='ocrx_word' id='word_1_435' title='bbox 709 3299 769 3350; x_wconf 82' lang='grc' dir='ltr'><strong>τὸ</strong></span> <span class='ocrx_word' id='word_1_436' title='bbox 797 3297 1019 3368; x_wconf 84' lang='grc' dir='ltr'><strong>χρυσίον</strong></span> <span class='ocrx_word' id='word_1_437' title='bbox 1062 3301 1141 3364; x_wconf 83' lang='grc' dir='ltr'><strong>εἰς</strong></span> <span class='ocrx_word' id='word_1_438' title='bbox 1192 3300 1293 3363; x_wconf 74' lang='grc' dir='ltr'><strong>τὰς</strong></span> <span class='ocrx_word' id='word_1_439' title='bbox 1330 3300 1541 3354; x_wconf 83' lang='grc' dir='ltr'><strong>ἐκείνου</strong></span> <span class='ocrx_word' id='word_1_440' title='bbox 1590 3303 1772 3371; x_wconf 87' lang='grc' dir='ltr'><strong>χεῖρας</strong></span> 
     </span>
    </p>
   </div>
   <div class='ocr_carea' id='block_1_63' title="bbox 1882 3292 3452 3379">
    <p class='ocr_par' dir='ltr' id='par_1_63' title="bbox 1950 3294 3452 3368">
     <span class='ocr_line' id='line_1_63' title="bbox 1950 3294 3452 3368; baseline 0.004 -19"><span class='ocrx_word' id='word_1_441' title='bbox 1950 3294 2086 3350; x_wconf 81' lang='lat' dir='ltr'><strong>LIV.</strong></span> <span class='ocrx_word' id='word_1_442' title='bbox 2127 3295 2259 3350; x_wconf 88' lang='lat' dir='ltr'><strong>Cum</strong></span> <span class='ocrx_word' id='word_1_443' title='bbox 2302 3294 2490 3351; x_wconf 87' lang='lat' dir='ltr'><strong>aurum</strong></span> <span class='ocrx_word' id='word_1_444' title='bbox 2525 3310 2655 3368; x_wconf 82' lang='lat' dir='ltr'><strong>ergo</strong></span> <span class='ocrx_word' id='word_1_445' title='bbox 2698 3297 2752 3352; x_wconf 92' lang='lat' dir='ltr'><strong>in</strong></span> <span class='ocrx_word' id='word_1_446' title='bbox 2795 3297 2936 3352; x_wconf 87' lang='lat' dir='ltr'><strong>illius</strong></span> <span class='ocrx_word' id='word_1_447' title='bbox 2973 3314 3166 3354; x_wconf 88' lang='lat' dir='ltr'><strong>manus</strong></span> <span class='ocrx_word' id='word_1_448' title='bbox 3217 3300 3452 3356; x_wconf 75' lang='lat' dir='ltr'><strong>dedisset</strong></span> 
     </span>
    </p>
   </div>
   <div class='ocr_carea' id='block_1_64' title="bbox 197 3385 1779 3464">
    <p class='ocr_par' dir='ltr' id='par_1_64' title="bbox 197 3385 1779 3464">
     <span class='ocr_line' id='line_1_64' title="bbox 197 3385 1779 3464; baseline 0.004 -26"><span class='ocrx_word' id='word_1_449' title='bbox 197 3385 232 3438; x_wconf 82' lang='grc' dir='ltr'><strong>ὁ</strong></span> <span class='ocrx_word' id='word_1_450' title='bbox 259 3388 604 3459; x_wconf 81' lang='grc' dir='ltr'><strong>πατριάρχης</strong></span> <span class='ocrx_word' id='word_1_451' title='bbox 629 3390 892 3458; x_wconf 79' lang='grc' dir='ltr'><strong>ἐκστῆναι</strong></span> <span class='ocrx_word' id='word_1_452' title='bbox 922 3390 1072 3461; x_wconf 82' lang='grc' dir='ltr'><strong>αὐτῴ</strong></span> <span class='ocrx_word' id='word_1_453' title='bbox 1098 3390 1193 3445; x_wconf 78' lang='grc' dir='ltr'><strong>τοῦ</strong></span> <span class='ocrx_word' id='word_1_454' title='bbox 1221 3391 1415 3461; x_wconf 83' lang='grc' dir='ltr'><strong>μισθοῦ</strong></span> <span class='ocrx_word' id='word_1_455' title='bbox 1453 3393 1779 3464; x_wconf 87' lang='grc' dir='ltr'><strong>γράμμασιν</strong></span> 
     </span>
    </p>
   </div>
   <div class='ocr_carea' id='block_1_65' title="bbox 196 3477 1778 3555">
    <p class='ocr_par' dir='ltr' id='par_1_65' title="bbox 196 3477 1778 3555">
     <span class='ocr_line' id='line_1_65' title="bbox 196 3477 1778 3555; baseline 0.004 -24"><span class='ocrx_word' id='word_1_456' title='bbox 196 3477 431 3550; x_wconf 71' lang='grc' dir='ltr'><strong>ἀπῄτει.</strong></span> <span class='ocrx_word' id='word_1_457' title='bbox 482 3481 539 3533; x_wconf 85' lang='lat'><strong>&#39;0</strong></span> <span class='ocrx_word' id='word_1_458' title='bbox 558 3481 613 3535; x_wconf 86' lang='grc' dir='ltr'><strong>δὲ</strong></span> <span class='ocrx_word' id='word_1_459' title='bbox 651 3482 904 3548; x_wconf 85' lang='grc' dir='ltr'><strong>ἀσμένως</strong></span> <span class='ocrx_word' id='word_1_460' title='bbox 932 3483 1031 3553; x_wconf 80' lang='grc' dir='ltr'><strong>τὴν</strong></span> <span class='ocrx_word' id='word_1_461' title='bbox 1056 3484 1274 3555; x_wconf 83' lang='grc' dir='ltr'><strong>γραφὴν</strong></span> <span class='ocrx_word' id='word_1_462' title='bbox 1305 3485 1621 3555; x_wconf 80' lang='grc' dir='ltr'><strong>αὐτοχειρίᾳ</strong></span> <span class='ocrx_word' id='word_1_463' title='bbox 1649 3484 1778 3550; x_wconf 79' lang='grc' dir='ltr'><strong>ξέει,</strong></span> 
     </span>
    </p>
   </div>
   <div class='ocr_carea' id='block_1_66' title="bbox 199 3568 1781 3646">
    <p class='ocr_par' dir='ltr' id='par_1_66' title="bbox 199 3568 1781 3646">
     <span class='ocr_line' id='line_1_66' title="bbox 199 3568 1781 3646; baseline 0.004 -25"><span class='ocrx_word' id='word_1_464' title='bbox 199 3568 438 3640; x_wconf 82' lang='grc' dir='ltr'><strong>ἔχουσαν</strong></span> <span class='ocrx_word' id='word_1_465' title='bbox 461 3570 739 3635; x_wconf 81' lang='grc' dir='ltr'><strong>ἁπλοϊκῶς</strong></span> <span class='ocrx_word' id='word_1_466' title='bbox 761 3588 776 3604; x_wconf 79' lang='grc' dir='ltr'><strong>ο</strong></span> <span class='ocrx_word' id='word_1_467' title='bbox 827 3572 885 3625; x_wconf 85' lang='lat'><strong>&#39;0</strong></span> <span class='ocrx_word' id='word_1_468' title='bbox 912 3572 1045 3637; x_wconf 80' lang='grc' dir='ltr'><strong>Θεὸς</strong></span> <span class='ocrx_word' id='word_1_469' title='bbox 1070 3574 1164 3628; x_wconf 81' lang='grc' dir='ltr'><strong>τοῦ</strong></span> <span class='ocrx_word' id='word_1_470' title='bbox 1195 3574 1381 3638; x_wconf 80' lang='grc' dir='ltr'><strong>ἐλέους</strong></span> <span class='ocrx_word' id='word_1_471' title='bbox 1411 3578 1506 3630; x_wconf 74' lang='grc' dir='ltr'><strong>καὶ</strong></span> <span class='ocrx_word' id='word_1_472' title='bbox 1535 3579 1635 3646; x_wconf 81' lang='grc' dir='ltr'><strong>τῆς</strong></span> <span class='ocrx_word' id='word_1_473' title='bbox 1659 3575 1781 3644; x_wconf 85' lang='grc' dir='ltr'><strong>φιλ-</strong></span> 
     </span>
    </p>
   </div>
   <div class='ocr_carea' id='block_1_67' title="bbox 197 3662 1780 3739">
    <p class='ocr_par' dir='ltr' id='par_1_67' title="bbox 197 3662 1780 3739">
     <span class='ocr_line' id='line_1_67' title="bbox 197 3662 1780 3739; baseline 0.003 -25"><span class='ocrx_word' id='word_1_474' title='bbox 197 3662 543 3731; x_wconf 77' lang='grc' dir='ltr'><strong>ανθρωπίας,</strong></span> <span class='ocrx_word' id='word_1_475' title='bbox 601 3664 764 3729; x_wconf 72' lang='grc' dir='ltr'><strong>αὐτὸς</strong></span> <span class='ocrx_word' id='word_1_476' title='bbox 825 3667 921 3719; x_wconf 84' lang='grc' dir='ltr'><strong>τὸν</strong></span> <span class='ocrx_word' id='word_1_477' title='bbox 973 3665 1166 3736; x_wconf 83' lang='grc' dir='ltr'><strong>μισθὸν</strong></span> <span class='ocrx_word' id='word_1_478' title='bbox 1194 3667 1395 3730; x_wconf 87' lang='grc' dir='ltr'><strong>ἀπόδος</strong></span> <span class='ocrx_word' id='word_1_479' title='bbox 1445 3668 1667 3739; x_wconf 83' lang='grc' dir='ltr'><strong>Ἰωάννῃ</strong></span> <span class='ocrx_word' id='word_1_480' title='bbox 1702 3668 1780 3738; x_wconf 84' lang='grc' dir='ltr'><strong>τῷ</strong></span> 
     </span>
    </p>
   </div>
   <div class='ocr_carea' id='block_1_68' title="bbox 199 3753 1781 3828">
    <p class='ocr_par' dir='ltr' id='par_1_68' title="bbox 199 3753 1781 3828">
     <span class='ocr_line' id='line_1_68' title="bbox 199 3753 1781 3828; baseline 0.003 -23"><span class='ocrx_word' id='word_1_481' title='bbox 199 3753 328 3822; x_wconf 79' lang='grc' dir='ltr'><strong>ἐμῷ</strong></span> <span class='ocrx_word' id='word_1_482' title='bbox 375 3753 609 3826; x_wconf 80' lang='grc' dir='ltr'><strong>δεσπότῃ</strong></span> <span class='ocrx_word' id='word_1_483' title='bbox 659 3756 754 3808; x_wconf 79' lang='grc' dir='ltr'><strong>καὶ</strong></span> <span class='ocrx_word' id='word_1_484' title='bbox 794 3757 1106 3828; x_wconf 84' lang='grc' dir='ltr'><strong>πατριάρχῃ</strong></span> <span class='ocrx_word' id='word_1_485' title='bbox 1149 3759 1249 3827; x_wconf 82' lang='grc' dir='ltr'><strong>τῆς</strong></span> <span class='ocrx_word' id='word_1_486' title='bbox 1288 3755 1638 3828; x_wconf 76' lang='grc' dir='ltr'><strong>Ἀλεξάνδρου</strong></span> <span class='ocrx_word' id='word_1_487' title='bbox 1671 3757 1781 3810; x_wconf 90' lang='grc' dir='ltr'><strong>τῶν</strong></span> 
     </span>
    </p>
   </div>
   <div class='ocr_carea' id='block_1_69' title="bbox 195 3846 1782 3919">
    <p class='ocr_par' dir='ltr' id='par_1_69' title="bbox 195 3846 1782 3919">
     <span class='ocr_line' id='line_1_69' title="bbox 195 3846 1782 3919; baseline 0.001 -21"><span class='ocrx_word' id='word_1_488' title='bbox 195 3846 504 3915; x_wconf 62' lang='grc' dir='ltr'><strong>τριάκοντα</strong></span> <span class='ocrx_word' id='word_1_489' title='bbox 532 3846 626 3900; x_wconf 81' lang='grc' dir='ltr'><strong>τοῦ</strong></span> <span class='ocrx_word' id='word_1_490' title='bbox 656 3849 880 3918; x_wconf 86' lang='grc' dir='ltr'><strong>χρυσίου</strong></span> <span class='ocrx_word' id='word_1_491' title='bbox 942 3849 1143 3919; x_wconf 85' lang='grc' dir='ltr'><strong>λιτρῶν</strong></span> <span class='ocrx_word' id='word_1_492' title='bbox 1172 3850 1280 3903; x_wconf 90' lang='grc' dir='ltr'><strong>τῶν</strong></span> <span class='ocrx_word' id='word_1_493' title='bbox 1331 3849 1462 3919; x_wconf 79' lang='grc' dir='ltr'><strong>παρ’</strong></span> <span class='ocrx_word' id='word_1_494' title='bbox 1489 3847 1624 3919; x_wconf 81' lang='grc' dir='ltr'><strong>ἐμοῦ</strong></span> <span class='ocrx_word' id='word_1_495' title='bbox 1668 3850 1782 3912; x_wconf 86' lang='grc' dir='ltr'><strong>τοῖς</strong></span> 
     </span>
    </p>
   </div>
   <div class='ocr_carea' id='block_1_70' title="bbox 200 3938 1777 4012">
    <p class='ocr_par' dir='ltr' id='par_1_70' title="bbox 200 3938 1777 4012">
     <span class='ocr_line' id='line_1_70' title="bbox 200 3938 1777 4012; baseline 0.003 -22"><span class='ocrx_word' id='word_1_496' title='bbox 200 3939 410 4007; x_wconf 75' lang='grc' dir='ltr'><strong>πένησι</strong></span> <span class='ocrx_word' id='word_1_497' title='bbox 435 3939 892 4010; x_wconf 83' lang='grc' dir='ltr'><strong>διανεμηθέντων.</strong></span> <span class='ocrx_word' id='word_1_498' title='bbox 936 3940 1077 4009; x_wconf 84' lang='grc' dir='ltr'><strong>Ἐγὼ</strong></span> <span class='ocrx_word' id='word_1_499' title='bbox 1104 3943 1215 4012; x_wconf 87' lang='grc' dir='ltr'><strong>γὰρ</strong></span> <span class='ocrx_word' id='word_1_500' title='bbox 1245 3939 1517 3995; x_wconf 88' lang='grc' dir='ltr'><strong>ἀπέλαϐον</strong></span> <span class='ocrx_word' id='word_1_501' title='bbox 1551 3938 1618 3993; x_wconf 84' lang='grc' dir='ltr'><strong>τὰ</strong></span> <span class='ocrx_word' id='word_1_502' title='bbox 1647 3939 1777 4009; x_wconf 88' lang='grc' dir='ltr'><strong>ἐμά.</strong></span> 
     </span>
    </p>
   </div>
   <div class='ocr_carea' id='block_1_71' title="bbox 230 4026 1779 4104">
    <p class='ocr_par' dir='ltr' id='par_1_71' title="bbox 230 4026 1779 4104">
     <span class='ocr_line' id='line_1_71' title="bbox 230 4026 1779 4104; baseline 0.001 -19"><span class='ocrx_word' id='word_1_503' title='bbox 230 4032 278 4085; x_wconf 89' lang='grc'>0</span> <span class='ocrx_word' id='word_1_504' title='bbox 317 4026 411 4085; x_wconf 79' lang='grc' dir='ltr'><strong>οὖν</strong></span> <span class='ocrx_word' id='word_1_505' title='bbox 458 4032 800 4104; x_wconf 85' lang='grc' dir='ltr'><strong>πατριάρχης</strong></span> <span class='ocrx_word' id='word_1_506' title='bbox 857 4032 1039 4086; x_wconf 87' lang='grc' dir='ltr'><strong>λαϐὼν</strong></span> <span class='ocrx_word' id='word_1_507' title='bbox 1071 4034 1132 4086; x_wconf 83' lang='grc' dir='ltr'><strong>τὸ</strong></span> <span class='ocrx_word' id='word_1_508' title='bbox 1165 4036 1529 4104; x_wconf 79' lang='grc' dir='ltr'><strong>χειρόγραφον</strong></span> <span class='ocrx_word' id='word_1_509' title='bbox 1560 4049 1779 4103; x_wconf 86' lang='grc' dir='ltr'><strong>συμπα⁹</strong></span> 
     </span>
    </p>
   </div>
   <div class='ocr_carea' id='block_1_72' title="bbox 202 4122 1778 4197">
    <p class='ocr_par' dir='ltr' id='par_1_72' title="bbox 202 4122 1778 4197">
     <span class='ocr_line' id='line_1_72' title="bbox 202 4122 1778 4197; baseline 0.001 -21"><span class='ocrx_word' id='word_1_510' title='bbox 202 4122 553 4195; x_wconf 76' lang='grc' dir='ltr'><strong>ραλαμϐάνιι</strong></span> <span class='ocrx_word' id='word_1_511' title='bbox 574 4126 825 4178; x_wconf 81' lang='grc' dir='ltr'><strong>κάκεῖνον</strong></span> <span class='ocrx_word' id='word_1_512' title='bbox 852 4126 952 4194; x_wconf 77' lang='grc' dir='ltr'><strong>τῆς</strong></span> <span class='ocrx_word' id='word_1_513' title='bbox 976 4126 1257 4197; x_wconf 77' lang='grc' dir='ltr'><strong>τραπέζης</strong></span> <span class='ocrx_word' id='word_1_514' title='bbox 1282 4126 1431 4197; x_wconf 74' lang='grc' dir='ltr'><strong>αὑτῷ</strong></span> <span class='ocrx_word' id='word_1_515' title='bbox 1465 4123 1778 4196; x_wconf 83' lang='grc' dir='ltr'><strong>μεθέξοντα.</strong></span> 
     </span>
    </p>
   </div>
   <div class='ocr_carea' id='block_1_73' title="bbox 204 4215 1780 4289">
    <p class='ocr_par' dir='ltr' id='par_1_73' title="bbox 204 4215 1780 4289">
     <span class='ocr_line' id='line_1_73' title="bbox 204 4215 1780 4289; baseline 0.002 -21"><span class='ocrx_word' id='word_1_516' title='bbox 204 4215 317 4269; x_wconf 72' lang='grc' dir='ltr'><strong>Ὃν</strong></span> <span class='ocrx_word' id='word_1_517' title='bbox 352 4215 492 4286; x_wconf 85' lang='grc' dir='ltr'><strong>μετά</strong></span> <span class='ocrx_word' id='word_1_518' title='bbox 518 4215 580 4269; x_wconf 78' lang='grc' dir='ltr'><strong>τὸ</strong></span> <span class='ocrx_word' id='word_1_519' title='bbox 607 4220 801 4286; x_wconf 81' lang='grc' dir='ltr'><strong>φαγεῖν</strong></span> <span class='ocrx_word' id='word_1_520' title='bbox 829 4218 1100 4274; x_wconf 81' lang='grc' dir='ltr'><strong>ὑπνοῦντα</strong></span> <span class='ocrx_word' id='word_1_521' title='bbox 1132 4217 1451 4289; x_wconf 86' lang='grc' dir='ltr'><strong>βουλόμενος</strong></span> <span class='ocrx_word' id='word_1_522' title='bbox 1477 4221 1504 4271; x_wconf 87' lang='grc' dir='ltr'><strong>ό</strong></span> <span class='ocrx_word' id='word_1_523' title='bbox 1527 4217 1659 4281; x_wconf 76' lang='grc' dir='ltr'><strong>Θεὸς</strong></span> <span class='ocrx_word' id='word_1_524' title='bbox 1687 4217 1780 4271; x_wconf 78' lang='grc' dir='ltr'><strong>τοῦ</strong></span> 
     </span>
    </p>
   </div>
   <div class='ocr_carea' id='block_1_74' title="bbox 198 4307 1784 4383">
    <p class='ocr_par' dir='ltr' id='par_1_74' title="bbox 198 4307 1784 4383">
     <span class='ocr_line' id='line_1_74' title="bbox 198 4307 1784 4383; baseline 0.001 -20"><span class='ocrx_word' id='word_1_525' title='bbox 198 4307 415 4363; x_wconf 78' lang='grc' dir='ltr'><strong>πολλοῦ</strong></span> <span class='ocrx_word' id='word_1_526' title='bbox 445 4307 615 4363; x_wconf 78' lang='grc' dir='ltr'><strong>ὕπνου</strong></span> <span class='ocrx_word' id='word_1_527' title='bbox 646 4310 747 4376; x_wconf 77' lang='grc' dir='ltr'><strong>τῆς</strong></span> <span class='ocrx_word' id='word_1_528' title='bbox 773 4310 1210 4383; x_wconf 85' lang='grc' dir='ltr'><strong>φιλοχρηματίας</strong></span> <span class='ocrx_word' id='word_1_529' title='bbox 1256 4311 1634 4381; x_wconf 80' lang='grc' dir='ltr'><strong>διαναστῆσαι,</strong></span> <span class='ocrx_word' id='word_1_530' title='bbox 1675 4328 1784 4380; x_wconf 86' lang='grc' dir='ltr'><strong>μα-</strong></span> 
     </span>
    </p>
   </div>
   <div class='ocr_carea' id='block_1_75' title="bbox 197 4401 1784 4473">
    <p class='ocr_par' dir='ltr' id='par_1_75' title="bbox 197 4401 1784 4473">
     <span class='ocr_line' id='line_1_75' title="bbox 197 4401 1784 4473; baseline 0 -18"><span class='ocrx_word' id='word_1_531' title='bbox 197 4401 325 4455; x_wconf 85' lang='grc' dir='ltr'><strong>θεῖν</strong></span> <span class='ocrx_word' id='word_1_532' title='bbox 341 4417 402 4453; x_wconf 81' lang='grc' dir='ltr'><strong>τε</strong></span> <span class='ocrx_word' id='word_1_533' title='bbox 436 4402 859 4470; x_wconf 86' lang='grc' dir='ltr'><strong>παρασκευάσαι</strong></span> <span class='ocrx_word' id='word_1_534' title='bbox 886 4402 1002 4463; x_wconf 77' lang='grc' dir='ltr'><strong>οἵας</strong></span> <span class='ocrx_word' id='word_1_535' title='bbox 1032 4402 1322 4473; x_wconf 86' lang='grc' dir='ltr'><strong>ἐστέρηται</strong></span> <span class='ocrx_word' id='word_1_536' title='bbox 1355 4402 1784 4472; x_wconf 81' lang='grc' dir='ltr'><strong>μισθαποδοσίας</strong></span> 
     </span>
    </p>
   </div>
   <div class='ocr_carea' id='block_1_76' title="bbox 198 4491 1784 4564">
    <p class='ocr_par' dir='ltr' id='par_1_76' title="bbox 198 4491 1784 4564">
     <span class='ocr_line' id='line_1_76' title="bbox 198 4491 1784 4564; baseline -0.001 -20"><span class='ocrx_word' id='word_1_537' title='bbox 198 4492 308 4544; x_wconf 75' lang='grc' dir='ltr'><strong>καὶ</strong></span> <span class='ocrx_word' id='word_1_538' title='bbox 367 4492 704 4560; x_wconf 79' lang='grc' dir='ltr'><strong>μεταμαθεῖν</strong></span> <span class='ocrx_word' id='word_1_539' title='bbox 741 4492 815 4544; x_wconf 66' lang='grc' dir='ltr'><strong>τὸ</strong></span> <span class='ocrx_word' id='word_1_540' title='bbox 838 4492 1242 4564; x_wconf 83' lang='grc' dir='ltr'><strong>φιλάνθρωπον,</strong></span> <span class='ocrx_word' id='word_1_541' title='bbox 1295 4491 1554 4545; x_wconf 78' lang='grc' dir='ltr'><strong>ἔκστασιν</strong></span> <span class='ocrx_word' id='word_1_542' title='bbox 1593 4491 1784 4562; x_wconf 83' lang='grc' dir='ltr'><strong>ὥσπερ</strong></span> 
     </span>
    </p>
   </div>
   <div class='ocr_carea' id='block_1_77' title="bbox 197 4577 1781 4653">
    <p class='ocr_par' dir='ltr' id='par_1_77' title="bbox 197 4577 1781 4653">
     <span class='ocr_line' id='line_1_77' title="bbox 197 4577 1781 4653; baseline -0.001 -18"><span class='ocrx_word' id='word_1_543' title='bbox 197 4583 362 4649; x_wconf 65' lang='grc' dir='ltr'><strong>αὐτῷ</strong></span> <span class='ocrx_word' id='word_1_544' title='bbox 397 4582 677 4650; x_wconf 81' lang='grc' dir='ltr'><strong>ἐμϐάλλει,</strong></span> <span class='ocrx_word' id='word_1_545' title='bbox 731 4582 824 4634; x_wconf 73' lang='grc' dir='ltr'><strong>καὶ</strong></span> <span class='ocrx_word' id='word_1_546' title='bbox 869 4583 1001 4653; x_wconf 79' lang='grc' dir='ltr'><strong>ὁρᾷν</strong></span> <span class='ocrx_word' id='word_1_547' title='bbox 1059 4581 1235 4634; x_wconf 81' lang='grc' dir='ltr'><strong>ἐδόκει</strong></span> <span class='ocrx_word' id='word_1_548' title='bbox 1277 4577 1423 4634; x_wconf 82' lang='grc' dir='ltr'><strong>οἷκον</strong></span> <span class='ocrx_word' id='word_1_549' title='bbox 1479 4581 1781 4651; x_wconf 88' lang='grc' dir='ltr'><strong>περικαλλῆ</strong></span> 
     </span>
    </p>
   </div>
   <div class='ocr_carea' id='block_1_78' title="bbox 1886 3386 3452 3458">
    <p class='ocr_par' dir='ltr' id='par_1_78' title="bbox 1886 3386 3452 3458">
     <span class='ocr_line' id='line_1_78' title="bbox 1886 3386 3452 3458; baseline 0.006 -18"><span class='ocrx_word' id='word_1_550' title='bbox 1886 3386 2220 3456; x_wconf 84' lang='lat' dir='ltr'><strong>patriarcha,</strong></span> <span class='ocrx_word' id='word_1_551' title='bbox 2246 3388 2553 3458; x_wconf 81' lang='lat' dir='ltr'><strong>postulabat</strong></span> <span class='ocrx_word' id='word_1_552' title='bbox 2583 3398 2640 3443; x_wconf 92' lang='lat' dir='ltr'><strong>ut</strong></span> <span class='ocrx_word' id='word_1_553' title='bbox 2672 3388 2868 3444; x_wconf 70' lang='lat' dir='ltr'><strong>litteris</strong></span> <span class='ocrx_word' id='word_1_554' title='bbox 2907 3391 2955 3445; x_wconf 88' lang='lat' dir='ltr'><strong>ei</strong></span> <span class='ocrx_word' id='word_1_555' title='bbox 3017 3392 3266 3447; x_wconf 79' lang='lat' dir='ltr'><strong>meroede</strong></span> <span class='ocrx_word' id='word_1_556' title='bbox 3293 3396 3452 3449; x_wconf 84' lang='lat' dir='ltr'><strong>cede-</strong></span> 
     </span>
    </p>
   </div>
   <div class='ocr_carea' id='block_1_79' title="bbox 1886 3478 3452 3557">
    <p class='ocr_par' dir='ltr' id='par_1_79' title="bbox 1886 3478 3452 3557">
     <span class='ocr_line' id='line_1_79' title="bbox 1886 3478 3452 3557; baseline 0.006 -24"><span class='ocrx_word' id='word_1_557' title='bbox 1886 3486 1987 3533; x_wconf 88' lang='lat' dir='ltr'><strong>ret.</strong></span> <span class='ocrx_word' id='word_1_558' title='bbox 2020 3478 2112 3532; x_wconf 90' lang='lat' dir='ltr'><strong>Ille</strong></span> <span class='ocrx_word' id='word_1_559' title='bbox 2141 3490 2319 3533; x_wconf 88' lang='lat' dir='ltr'><strong>autem</strong></span> <span class='ocrx_word' id='word_1_560' title='bbox 2362 3478 2610 3535; x_wconf 88' lang='lat' dir='ltr'><strong>lubenter</strong></span> <span class='ocrx_word' id='word_1_561' title='bbox 2645 3495 2743 3536; x_wconf 89' lang='lat' dir='ltr'><strong>sua</strong></span> <span class='ocrx_word' id='word_1_562' title='bbox 2782 3497 2941 3537; x_wconf 88' lang='lat' dir='ltr'><strong>manu</strong></span> <span class='ocrx_word' id='word_1_563' title='bbox 2987 3483 3281 3539; x_wconf 90' lang='lat' dir='ltr'><strong>conscribit</strong></span> <span class='ocrx_word' id='word_1_564' title='bbox 3321 3500 3452 3557; x_wconf 80' lang='lat' dir='ltr'><strong>syn-</strong></span> 
     </span>
    </p>
   </div>
   <div class='ocr_carea' id='block_1_80' title="bbox 1886 3568 3456 3638">
    <p class='ocr_par' dir='ltr' id='par_1_80' title="bbox 1886 3568 3456 3638">
     <span class='ocr_line' id='line_1_80' title="bbox 1886 3568 3456 3638; baseline 0.007 -19"><span class='ocrx_word' id='word_1_565' title='bbox 1886 3568 2166 3638; x_wconf 75' lang='lat' dir='ltr'><strong>grapham,</strong></span> <span class='ocrx_word' id='word_1_566' title='bbox 2195 3583 2314 3638; x_wconf 67' lang='lat' dir='ltr'><strong>qum</strong></span> <span class='ocrx_word' id='word_1_567' title='bbox 2348 3569 2425 3625; x_wconf 89' lang='lat' dir='ltr'><strong>sic</strong></span> <span class='ocrx_word' id='word_1_568' title='bbox 2460 3569 2694 3625; x_wconf 86' lang='lat' dir='ltr'><strong>habebat</strong></span> <span class='ocrx_word' id='word_1_569' title='bbox 2738 3587 2754 3627; x_wconf 90' lang='lat'><strong>:</strong></span> <span class='ocrx_word' id='word_1_570' title='bbox 2799 3570 2936 3626; x_wconf 91' lang='lat' dir='ltr'><strong>Deus</strong></span> <span class='ocrx_word' id='word_1_571' title='bbox 2977 3573 3366 3629; x_wconf 66' lang='lat' dir='ltr'><strong>misericordia:</strong></span> <span class='ocrx_word' id='word_1_572' title='bbox 3401 3585 3456 3630; x_wconf 89' lang='lat' dir='ltr'><strong>ct</strong></span> 
     </span>
    </p>
   </div>
   <div class='ocr_carea' id='block_1_81' title="bbox 1886 3658 3456 3728">
    <p class='ocr_par' dir='ltr' id='par_1_81' title="bbox 1886 3658 3456 3728">
     <span class='ocr_line' id='line_1_81' title="bbox 1886 3658 3456 3728; baseline 0.004 -15"><span class='ocrx_word' id='word_1_573' title='bbox 1886 3658 2207 3724; x_wconf 63' lang='lat' dir='ltr'><strong>clementia),</strong></span> <span class='ocrx_word' id='word_1_574' title='bbox 2243 3659 2411 3728; x_wconf 87' lang='lat' dir='ltr'><strong>ipsam</strong></span> <span class='ocrx_word' id='word_1_575' title='bbox 2445 3661 2745 3716; x_wconf 91' lang='lat' dir='ltr'><strong>mercedem</strong></span> <span class='ocrx_word' id='word_1_576' title='bbox 2778 3663 2937 3718; x_wconf 81' lang='lat' dir='ltr'><strong>redde</strong></span> <span class='ocrx_word' id='word_1_577' title='bbox 2961 3661 3184 3728; x_wconf 83' lang='lat' dir='ltr'><strong>Joanni,</strong></span> <span class='ocrx_word' id='word_1_578' title='bbox 3218 3679 3338 3720; x_wconf 89' lang='lat' dir='ltr'><strong>meo</strong></span> <span class='ocrx_word' id='word_1_579' title='bbox 3362 3666 3456 3720; x_wconf 88' lang='lat' dir='ltr'><strong>do-</strong></span> 
     </span>
    </p>
   </div>
   <div class='ocr_carea' id='block_1_82' title="bbox 1889 3751 3455 3825">
    <p class='ocr_par' dir='ltr' id='par_1_82' title="bbox 1889 3751 3455 3825">
     <span class='ocr_line' id='line_1_82' title="bbox 1889 3751 3455 3825; baseline 0.005 -21"><span class='ocrx_word' id='word_1_580' title='bbox 1889 3751 2036 3806; x_wconf 90' lang='lat' dir='ltr'><strong>mino</strong></span> <span class='ocrx_word' id='word_1_581' title='bbox 2057 3761 2108 3806; x_wconf 91' lang='lat' dir='ltr'><strong>et</strong></span> <span class='ocrx_word' id='word_1_582' title='bbox 2139 3752 2461 3823; x_wconf 69' lang='lat' dir='ltr'><strong>patriarcha:</strong></span> <span class='ocrx_word' id='word_1_583' title='bbox 2496 3754 2858 3820; x_wconf 66' lang='lat' dir='ltr'><strong>Alexandriae,</strong></span> <span class='ocrx_word' id='word_1_584' title='bbox 2899 3755 3115 3825; x_wconf 83' lang='lat' dir='ltr'><strong>triginta</strong></span> <span class='ocrx_word' id='word_1_585' title='bbox 3142 3757 3259 3810; x_wconf 88' lang='lat' dir='ltr'><strong>auri</strong></span> <span class='ocrx_word' id='word_1_586' title='bbox 3290 3756 3455 3812; x_wconf 89' lang='lat' dir='ltr'><strong>libra-</strong></span> 
     </span>
    </p>
   </div>
   <div class='ocr_carea' id='block_1_83' title="bbox 1887 3845 3455 3920">
    <p class='ocr_par' dir='ltr' id='par_1_83' title="bbox 1887 3845 3455 3920">
     <span class='ocr_line' id='line_1_83' title="bbox 1887 3845 3455 3920; baseline 0.005 -23"><span class='ocrx_word' id='word_1_587' title='bbox 1887 3858 2031 3907; x_wconf 88' lang='lat' dir='ltr'><strong>rum,</strong></span> <span class='ocrx_word' id='word_1_588' title='bbox 2063 3860 2181 3914; x_wconf 64' lang='lat' dir='ltr'><strong>qua:</strong></span> <span class='ocrx_word' id='word_1_589' title='bbox 2210 3861 2239 3899; x_wconf 90' lang='lat' dir='ltr'><strong>a</strong></span> <span class='ocrx_word' id='word_1_590' title='bbox 2271 3861 2355 3901; x_wconf 91' lang='lat' dir='ltr'><strong>me</strong></span> <span class='ocrx_word' id='word_1_591' title='bbox 2380 3845 2599 3902; x_wconf 90' lang='lat' dir='ltr'><strong>fuerunt</strong></span> <span class='ocrx_word' id='word_1_592' title='bbox 2631 3846 2934 3903; x_wconf 85' lang='lat' dir='ltr'><strong>distributae</strong></span> <span class='ocrx_word' id='word_1_593' title='bbox 2959 3849 3315 3918; x_wconf 87' lang='lat' dir='ltr'><strong>pauperibus.</strong></span> <span class='ocrx_word' id='word_1_594' title='bbox 3344 3849 3455 3920; x_wconf 78' lang='lat' dir='ltr'><strong>Ego</strong></span> 
     </span>
    </p>
   </div>
   <div class='ocr_carea' id='block_1_84' title="bbox 1888 3934 3456 4009">
    <p class='ocr_par' dir='ltr' id='par_1_84' title="bbox 1888 3934 3456 4009">
     <span class='ocr_line' id='line_1_84' title="bbox 1888 3934 3456 4009; baseline 0.004 -20"><span class='ocrx_word' id='word_1_595' title='bbox 1888 3934 2033 3989; x_wconf 91' lang='lat' dir='ltr'><strong>enim</strong></span> <span class='ocrx_word' id='word_1_596' title='bbox 2079 3949 2195 3989; x_wconf 88' lang='lat' dir='ltr'><strong>mea</strong></span> <span class='ocrx_word' id='word_1_597' title='bbox 2237 3939 2439 4006; x_wconf 87' lang='lat' dir='ltr'><strong>accepi.</strong></span> <span class='ocrx_word' id='word_1_598' title='bbox 2484 3936 2802 3993; x_wconf 82' lang='lat' dir='ltr'><strong>Patriarcha</strong></span> <span class='ocrx_word' id='word_1_599' title='bbox 2847 3953 2976 4009; x_wconf 82' lang='lat' dir='ltr'><strong>ergo</strong></span> <span class='ocrx_word' id='word_1_600' title='bbox 3019 3949 3238 4009; x_wconf 89' lang='lat' dir='ltr'><strong>accepto</strong></span> <span class='ocrx_word' id='word_1_601' title='bbox 3271 3939 3456 3996; x_wconf 90' lang='lat' dir='ltr'><strong>chiro-</strong></span> 
     </span>
    </p>
   </div>
   <div class='ocr_carea' id='block_1_85' title="bbox 1888 4026 3455 4100">
    <p class='ocr_par' dir='ltr' id='par_1_85' title="bbox 1888 4026 3455 4100">
     <span class='ocr_line' id='line_1_85' title="bbox 1888 4026 3455 4100; baseline 0.006 -21"><span class='ocrx_word' id='word_1_602' title='bbox 1888 4026 2114 4096; x_wconf 76' lang='lat' dir='ltr'><strong>grapho,</strong></span> <span class='ocrx_word' id='word_1_603' title='bbox 2148 4026 2297 4082; x_wconf 93' lang='lat' dir='ltr'><strong>illum</strong></span> <span class='ocrx_word' id='word_1_604' title='bbox 2322 4043 2535 4099; x_wconf 89' lang='lat' dir='ltr'><strong>quoque</strong></span> <span class='ocrx_word' id='word_1_605' title='bbox 2565 4027 2725 4083; x_wconf 88' lang='lat' dir='ltr'><strong>simul</strong></span> <span class='ocrx_word' id='word_1_606' title='bbox 2758 4029 2957 4100; x_wconf 90' lang='lat' dir='ltr'><strong>accipit</strong></span> <span class='ocrx_word' id='word_1_607' title='bbox 2985 4046 3184 4085; x_wconf 88' lang='lat' dir='ltr'><strong>mensae</strong></span> <span class='ocrx_word' id='word_1_608' title='bbox 3216 4031 3455 4088; x_wconf 77' lang='lat' dir='ltr'><strong>futurum</strong></span> 
     </span>
    </p>
   </div>
   <div class='ocr_carea' id='block_1_86' title="bbox 1892 4120 3457 4202">
    <p class='ocr_par' dir='ltr' id='par_1_86' title="bbox 1892 4120 3457 4202">
     <span class='ocr_line' id='line_1_86' title="bbox 1892 4120 3457 4202; baseline 0.004 -31"><span class='ocrx_word' id='word_1_609' title='bbox 1892 4120 2228 4190; x_wconf 83' lang='lat' dir='ltr'><strong>participem.</strong></span> <span class='ocrx_word' id='word_1_610' title='bbox 2281 4121 2469 4189; x_wconf 86' lang='lat' dir='ltr'><strong>Quem,</strong></span> <span class='ocrx_word' id='word_1_611' title='bbox 2518 4137 2640 4177; x_wconf 91' lang='lat' dir='ltr'><strong>cum</strong></span> <span class='ocrx_word' id='word_1_612' title='bbox 2679 4121 3032 4187; x_wconf 86' lang='lat' dir='ltr'><strong>comedisset,</strong></span> <span class='ocrx_word' id='word_1_613' title='bbox 3092 4122 3457 4202; x_wconf 84' lang='lat' dir='ltr'><strong>dormientem</strong></span> 
     </span>
    </p>
   </div>
   <div class='ocr_carea' id='block_1_87' title="bbox 1894 4211 3461 4283">
    <p class='ocr_par' dir='ltr' id='par_1_87' title="bbox 1894 4211 3461 4283">
     <span class='ocr_line' id='line_1_87' title="bbox 1894 4211 3461 4283; baseline 0.003 -17"><span class='ocrx_word' id='word_1_614' title='bbox 1894 4214 2079 4268; x_wconf 83' lang='lat' dir='ltr'><strong>volens</strong></span> <span class='ocrx_word' id='word_1_615' title='bbox 2124 4211 2264 4268; x_wconf 85' lang='lat' dir='ltr'><strong>Deus</strong></span> <span class='ocrx_word' id='word_1_616' title='bbox 2303 4214 2541 4269; x_wconf 84' lang='lat' dir='ltr'><strong>excitare</strong></span> <span class='ocrx_word' id='word_1_617' title='bbox 2585 4229 2613 4268; x_wconf 91' lang='lat' dir='ltr'><strong>a</strong></span> <span class='ocrx_word' id='word_1_618' title='bbox 2663 4214 2814 4283; x_wconf 78' lang='lat' dir='ltr'><strong>gravi</strong></span> <span class='ocrx_word' id='word_1_619' title='bbox 2862 4228 3053 4269; x_wconf 88' lang='lat' dir='ltr'><strong>somno</strong></span> <span class='ocrx_word' id='word_1_620' title='bbox 3101 4215 3364 4282; x_wconf 74' lang='lat' dir='ltr'><strong>avaritiae,</strong></span> <span class='ocrx_word' id='word_1_621' title='bbox 3404 4225 3461 4270; x_wconf 92' lang='lat' dir='ltr'><strong>et</strong></span> 
     </span>
    </p>
   </div>
   <div class='ocr_carea' id='block_1_88' title="bbox 1889 4303 3460 4374">
    <p class='ocr_par' dir='ltr' id='par_1_88' title="bbox 1889 4303 3460 4374">
     <span class='ocr_line' id='line_1_88' title="bbox 1889 4303 3460 4374; baseline 0.001 -16"><span class='ocrx_word' id='word_1_622' title='bbox 1889 4303 2102 4359; x_wconf 72' lang='lat' dir='ltr'><strong>efﬁcere</strong></span> <span class='ocrx_word' id='word_1_623' title='bbox 2127 4313 2185 4356; x_wconf 91' lang='lat' dir='ltr'><strong>ut</strong></span> <span class='ocrx_word' id='word_1_624' title='bbox 2217 4305 2382 4359; x_wconf 87' lang='lat' dir='ltr'><strong>sciret</strong></span> <span class='ocrx_word' id='word_1_625' title='bbox 2421 4314 2620 4374; x_wconf 89' lang='lat' dir='ltr'><strong>quanta</strong></span> <span class='ocrx_word' id='word_1_626' title='bbox 2660 4304 2825 4361; x_wconf 88' lang='lat' dir='ltr'><strong>fuerit</strong></span> <span class='ocrx_word' id='word_1_627' title='bbox 2863 4306 3105 4374; x_wconf 84' lang='lat' dir='ltr'><strong>privatus</strong></span> <span class='ocrx_word' id='word_1_628' title='bbox 3145 4320 3460 4361; x_wconf 87' lang='lat' dir='ltr'><strong>remunera-</strong></span> 
     </span>
    </p>
   </div>
   <div class='ocr_carea' id='block_1_89' title="bbox 1893 4395 3460 4469">
    <p class='ocr_par' dir='ltr' id='par_1_89' title="bbox 1893 4395 3460 4469">
     <span class='ocr_line' id='line_1_89' title="bbox 1893 4395 3460 4469; baseline 0.004 -22"><span class='ocrx_word' id='word_1_629' title='bbox 1893 4395 2062 4460; x_wconf 85' lang='lat' dir='ltr'><strong>tione,</strong></span> <span class='ocrx_word' id='word_1_630' title='bbox 2101 4403 2155 4449; x_wconf 91' lang='lat' dir='ltr'><strong>et</strong></span> <span class='ocrx_word' id='word_1_631' title='bbox 2202 4395 2436 4450; x_wconf 87' lang='lat' dir='ltr'><strong>disceret</strong></span> <span class='ocrx_word' id='word_1_632' title='bbox 2490 4397 2899 4467; x_wconf 75' lang='lat' dir='ltr'><strong>benignitatem,</strong></span> <span class='ocrx_word' id='word_1_633' title='bbox 2949 4398 2998 4453; x_wconf 89' lang='lat' dir='ltr'><strong>ei</strong></span> <span class='ocrx_word' id='word_1_634' title='bbox 3035 4396 3280 4454; x_wconf 88' lang='lat' dir='ltr'><strong>immittit</strong></span> <span class='ocrx_word' id='word_1_635' title='bbox 3324 4412 3460 4469; x_wconf 90' lang='lat' dir='ltr'><strong>quo-</strong></span> 
     </span>
    </p>
   </div>
   <div class='ocr_carea' id='block_1_90' title="bbox 1889 4484 3455 4549">
    <p class='ocr_par' dir='ltr' id='par_1_90' title="bbox 1889 4484 3455 4549">
     <span class='ocr_line' id='line_1_90' title="bbox 1889 4484 3455 4549; baseline 0.002 -11"><span class='ocrx_word' id='word_1_636' title='bbox 1889 4484 2175 4541; x_wconf 89' lang='lat' dir='ltr'><strong>dammodo</strong></span> <span class='ocrx_word' id='word_1_637' title='bbox 2204 4487 2480 4549; x_wconf 80' lang='lat' dir='ltr'><strong>ecstasim,</strong></span> <span class='ocrx_word' id='word_1_638' title='bbox 2507 4493 2561 4541; x_wconf 91' lang='lat' dir='ltr'><strong>et</strong></span> <span class='ocrx_word' id='word_1_639' title='bbox 2586 4487 2869 4542; x_wconf 87' lang='lat' dir='ltr'><strong>videbatur</strong></span> <span class='ocrx_word' id='word_1_640' title='bbox 2891 4487 2993 4542; x_wconf 90' lang='lat' dir='ltr'><strong>sibi</strong></span> <span class='ocrx_word' id='word_1_641' title='bbox 3026 4487 3209 4543; x_wconf 85' lang='lat' dir='ltr'><strong>videre</strong></span> <span class='ocrx_word' id='word_1_642' title='bbox 3237 4488 3455 4544; x_wconf 89' lang='lat' dir='ltr'><strong>domum</strong></span> 
     </span>
    </p>
   </div>
   <div class='ocr_carea' id='block_1_91' title="bbox 1891 4575 3460 4647">
    <p class='ocr_par' dir='ltr' id='par_1_91' title="bbox 1891 4575 3460 4647">
     <span class='ocr_line' id='line_1_91' title="bbox 1891 4575 3460 4647; baseline 0.004 -20"><span class='ocrx_word' id='word_1_643' title='bbox 1891 4575 2178 4644; x_wconf 84' lang='lat' dir='ltr'><strong>quamdam</strong></span> <span class='ocrx_word' id='word_1_644' title='bbox 2215 4575 2634 4645; x_wconf 88' lang='lat' dir='ltr'><strong>pulcherrimam</strong></span> <span class='ocrx_word' id='word_1_645' title='bbox 2664 4585 2719 4631; x_wconf 87' lang='lat' dir='ltr'><strong>et</strong></span> <span class='ocrx_word' id='word_1_646' title='bbox 2746 4576 3261 4647; x_wconf 88' lang='lat' dir='ltr'><strong>splendidissimam,</strong></span> <span class='ocrx_word' id='word_1_647' title='bbox 3289 4585 3344 4632; x_wconf 90' lang='lat' dir='ltr'><strong>et</strong></span> <span class='ocrx_word' id='word_1_648' title='bbox 3371 4578 3460 4633; x_wconf 85' lang='lat' dir='ltr'><strong>cui</strong></span> 
     </span>
    </p>
   </div>
   <div class='ocr_carea' id='block_1_92' title="bbox 194 4666 1772 4744">
    <p class='ocr_par' dir='ltr' id='par_1_92' title="bbox 194 4671 1772 4744">
     <span class='ocr_line' id='line_1_92' title="bbox 194 4671 1772 4744; baseline -0.003 -17"><span class='ocrx_word' id='word_1_649' title='bbox 194 4691 336 4727; x_wconf 82' lang='grc' dir='ltr'><strong>τινα</strong></span> <span class='ocrx_word' id='word_1_650' title='bbox 358 4675 453 4727; x_wconf 73' lang='grc' dir='ltr'><strong>καὶ</strong></span> <span class='ocrx_word' id='word_1_651' title='bbox 481 4673 909 4744; x_wconf 63' lang='grc' dir='ltr'><strong>ὑπέρλαμπρον,</strong></span> <span class='ocrx_word' id='word_1_652' title='bbox 946 4673 1067 4744; x_wconf 81' lang='grc' dir='ltr'><strong>ὥρᾳ</strong></span> <span class='ocrx_word' id='word_1_653' title='bbox 1114 4688 1174 4726; x_wconf 89' lang='grc' dir='ltr'><strong>τε</strong></span> <span class='ocrx_word' id='word_1_654' title='bbox 1219 4673 1313 4725; x_wconf 70' lang='grc' dir='ltr'><strong>καὶ</strong></span> <span class='ocrx_word' id='word_1_655' title='bbox 1349 4672 1568 4742; x_wconf 85' lang='grc' dir='ltr'><strong>μεγέθει</strong></span> <span class='ocrx_word' id='word_1_656' title='bbox 1594 4671 1772 4744; x_wconf 79' lang='grc' dir='ltr'><strong>μηδεν¹</strong></span> 
     </span>
    </p>
   </div>
   <div class='ocr_carea' id='block_1_93' title="bbox 1882 4666 3457 4744">
    <p class='ocr_par' dir='ltr' id='par_1_93' title="bbox 1896 4666 3457 4739">
     <span class='ocr_line' id='line_1_93' title="bbox 1896 4666 3457 4739; baseline 0 -18"><span class='ocrx_word' id='word_1_657' title='bbox 1896 4666 2164 4736; x_wconf 81' lang='lat' dir='ltr'><strong>elegantia</strong></span> <span class='ocrx_word' id='word_1_658' title='bbox 2215 4676 2269 4722; x_wconf 90' lang='lat' dir='ltr'><strong>et</strong></span> <span class='ocrx_word' id='word_1_659' title='bbox 2315 4667 2684 4737; x_wconf 79' lang='lat' dir='ltr'><strong>magnitudine</strong></span> <span class='ocrx_word' id='word_1_660' title='bbox 2734 4668 2878 4723; x_wconf 87' lang='lat' dir='ltr'><strong>nulla</strong></span> <span class='ocrx_word' id='word_1_661' title='bbox 2936 4676 3149 4739; x_wconf 89' lang='lat' dir='ltr'><strong>poterat</strong></span> <span class='ocrx_word' id='word_1_662' title='bbox 3198 4667 3457 4723; x_wconf 87' lang='lat' dir='ltr'><strong>conferri.</strong></span> 
     </span>
    </p>
   </div>
   <div class='ocr_carea' id='block_1_94' title="bbox 193 4761 1787 4837">
    <p class='ocr_par' dir='ltr' id='par_1_94' title="bbox 193 4761 1787 4837">
     <span class='ocr_line' id='line_1_94' title="bbox 193 4761 1787 4837; baseline -0.003 -17"><span class='ocrx_word' id='word_1_663' title='bbox 193 4768 308 4821; x_wconf 79' lang='grc' dir='ltr'><strong>τοῦ</strong></span> <span class='ocrx_word' id='word_1_664' title='bbox 340 4767 458 4820; x_wconf 80' lang='grc' dir='ltr'><strong>τσου</strong></span> <span class='ocrx_word' id='word_1_665' title='bbox 486 4768 836 4837; x_wconf 87' lang='grc' dir='ltr'><strong>παραχωρεῖν</strong></span> <span class='ocrx_word' id='word_1_666' title='bbox 852 4764 1230 4834; x_wconf 63' lang='grc' dir='ltr'><strong>νομιζόμενον,</strong></span> <span class='ocrx_word' id='word_1_667' title='bbox 1260 4764 1372 4817; x_wconf 83' lang='grc' dir='ltr'><strong>άνω</strong></span> <span class='ocrx_word' id='word_1_668' title='bbox 1396 4762 1452 4815; x_wconf 79' lang='grc' dir='ltr'><strong>δέ</strong></span> <span class='ocrx_word' id='word_1_669' title='bbox 1480 4761 1574 4814; x_wconf 82' lang='grc' dir='ltr'><strong>τοῦ</strong></span> <span class='ocrx_word' id='word_1_670' title='bbox 1609 4762 1787 4816; x_wconf 73' lang='grc' dir='ltr'><strong>σιιυλῶ⁴</strong></span> 
     </span>
    </p>
   </div>
   <div class='ocr_carea' id='block_1_95' title="bbox 195 4855 1787 4929">
    <p class='ocr_par' dir='ltr' id='par_1_95' title="bbox 195 4855 1787 4929">
     <span class='ocr_line' id='line_1_95' title="bbox 195 4855 1787 4929; baseline -0.003 -17"><span class='ocrx_word' id='word_1_671' title='bbox 195 4877 303 4921; x_wconf 86' lang='grc' dir='ltr'><strong>νος</strong></span> <span class='ocrx_word' id='word_1_672' title='bbox 327 4859 507 4912; x_wconf 86' lang='grc' dir='ltr'><strong>τίτλον</strong></span> <span class='ocrx_word' id='word_1_673' title='bbox 534 4857 935 4929; x_wconf 83' lang='grc' dir='ltr'><strong>ἐπιγεγράφθαι</strong></span> <span class='ocrx_word' id='word_1_674' title='bbox 985 4861 1210 4928; x_wconf 82' lang='grc' dir='ltr'><strong>χρυσοῖς</strong></span> <span class='ocrx_word' id='word_1_675' title='bbox 1239 4855 1562 4927; x_wconf 82' lang='grc' dir='ltr'><strong>γράμμασι,</strong></span> <span class='ocrx_word' id='word_1_676' title='bbox 1615 4855 1787 4924; x_wconf 62' lang='lat' dir='ltr'><strong>Mori)</strong></span> 
     </span>
    </p>
   </div>
   <div class='ocr_carea' id='block_1_96' title="bbox 194 4947 1789 5017">
    <p class='ocr_par' dir='ltr' id='par_1_96' title="bbox 194 4947 1789 5017">
     <span class='ocr_line' id='line_1_96' title="bbox 194 4947 1789 5017; baseline -0.003 -9"><span class='ocrx_word' id='word_1_677' title='bbox 194 4953 312 5008; x_wconf 75' lang='grc' dir='ltr'><strong>καὶ</strong></span> <span class='ocrx_word' id='word_1_678' title='bbox 343 4952 690 5017; x_wconf 77' lang='grc' dir='ltr'><strong>ἀνάπαυσις</strong></span> <span class='ocrx_word' id='word_1_679' title='bbox 721 4952 927 5004; x_wconf 76' lang='grc' dir='ltr'><strong>αἰωνία</strong></span> <span class='ocrx_word' id='word_1_680' title='bbox 968 4949 1234 5017; x_wconf 78' lang='grc' dir='ltr'><strong>Τρωΐλου</strong></span> <span class='ocrx_word' id='word_1_681' title='bbox 1284 4947 1391 5002; x_wconf 84' lang='grc' dir='ltr'><strong>τοῦ</strong></span> <span class='ocrx_word' id='word_1_682' title='bbox 1429 4948 1789 5003; x_wconf 81' lang='grc' dir='ltr'><strong>ἐπισκόπου.</strong></span> 
     </span>
    </p>
   </div>
   <div class='ocr_carea' id='block_1_97' title="bbox 210 5039 1792 5114">
    <p class='ocr_par' dir='ltr' id='par_1_97' title="bbox 210 5039 1792 5114">
     <span class='ocr_line' id='line_1_97' title="bbox 210 5039 1792 5114; baseline -0.003 -16"><span class='ocrx_word' id='word_1_683' title='bbox 210 5047 317 5109; x_wconf 80' lang='grc' dir='ltr'><strong>Ὦς</strong></span> <span class='ocrx_word' id='word_1_684' title='bbox 343 5039 438 5098; x_wconf 79' lang='grc' dir='ltr'><strong>οὖν</strong></span> <span class='ocrx_word' id='word_1_685' title='bbox 458 5043 603 5114; x_wconf 77' lang='grc' dir='ltr'><strong>ἥσθη</strong></span> <span class='ocrx_word' id='word_1_686' title='bbox 623 5043 797 5098; x_wconf 80' lang='grc' dir='ltr'><strong>ταῦτα</strong></span> <span class='ocrx_word' id='word_1_687' title='bbox 832 5043 1122 5110; x_wconf 77' lang='grc' dir='ltr'><strong>ἀναγνοὺς,</strong></span> <span class='ocrx_word' id='word_1_688' title='bbox 1145 5042 1390 5111; x_wconf 71' lang='grc' dir='ltr'><strong>οἰόμενος</strong></span> <span class='ocrx_word' id='word_1_689' title='bbox 1417 5042 1483 5095; x_wconf 88' lang='grc' dir='ltr'><strong>ἐκ</strong></span> <span class='ocrx_word' id='word_1_690' title='bbox 1511 5040 1605 5094; x_wconf 79' lang='grc' dir='ltr'><strong>τοῦ</strong></span> <span class='ocrx_word' id='word_1_691' title='bbox 1638 5040 1792 5111; x_wconf 85' lang='grc' dir='ltr'><strong>βασι-</strong></span> 
     </span>
    </p>
   </div>
   <div class='ocr_carea' id='block_1_98' title="bbox 192 5127 1793 5204">
    <p class='ocr_par' dir='ltr' id='par_1_98' title="bbox 192 5127 1793 5204">
     <span class='ocr_line' id='line_1_98' title="bbox 192 5127 1793 5204; baseline -0.005 -13"><span class='ocrx_word' id='word_1_692' title='bbox 192 5137 358 5198; x_wconf 77' lang='grc' dir='ltr'><strong>λέως</strong></span> <span class='ocrx_word' id='word_1_693' title='bbox 391 5134 638 5188; x_wconf 83' lang='grc' dir='ltr'><strong>δεδόσθαι</strong></span> <span class='ocrx_word' id='word_1_694' title='bbox 691 5133 840 5204; x_wconf 83' lang='grc' dir='ltr'><strong>αὒτῷ</strong></span> <span class='ocrx_word' id='word_1_695' title='bbox 886 5133 980 5187; x_wconf 80' lang='grc' dir='ltr'><strong>τὸν</strong></span> <span class='ocrx_word' id='word_1_696' title='bbox 1030 5127 1201 5199; x_wconf 74' lang='grc' dir='ltr'><strong>οἶκον,</strong></span> <span class='ocrx_word' id='word_1_697' title='bbox 1243 5131 1655 5200; x_wconf 89' lang='grc' dir='ltr'><strong>καταλαμϐάνει</strong></span> <span class='ocrx_word' id='word_1_698' title='bbox 1707 5148 1793 5196; x_wconf 86' lang='grc' dir='ltr'><strong>τις</strong></span> 
     </span>
    </p>
   </div>
   <div class='ocr_carea' id='block_1_99' title="bbox 192 5219 1793 5298">
    <p class='ocr_par' dir='ltr' id='par_1_99' title="bbox 192 5219 1793 5298">
     <span class='ocr_line' id='line_1_99' title="bbox 192 5219 1793 5298; baseline -0.007 -13"><span class='ocrx_word' id='word_1_699' title='bbox 192 5228 360 5298; x_wconf 79' lang='grc' dir='ltr'><strong>ἀνὴρ</strong></span> <span class='ocrx_word' id='word_1_700' title='bbox 391 5225 681 5296; x_wconf 76' lang='grc' dir='ltr'><strong>ἐπιφανὴς,</strong></span> <span class='ocrx_word' id='word_1_701' title='bbox 704 5226 800 5278; x_wconf 75' lang='grc' dir='ltr'><strong>καὶ</strong></span> <span class='ocrx_word' id='word_1_702' title='bbox 831 5219 913 5288; x_wconf 79' lang='grc' dir='ltr'><strong>εἷς</strong></span> <span class='ocrx_word' id='word_1_703' title='bbox 956 5219 1097 5278; x_wconf 74' lang='grc' dir='ltr'><strong>εἶναι</strong></span> <span class='ocrx_word' id='word_1_704' title='bbox 1138 5224 1235 5295; x_wconf 83' lang='grc' dir='ltr'><strong>τῆς</strong></span> <span class='ocrx_word' id='word_1_705' title='bbox 1266 5222 1573 5293; x_wconf 82' lang='grc' dir='ltr'><strong>συγκλήτου</strong></span> <span class='ocrx_word' id='word_1_706' title='bbox 1603 5222 1793 5291; x_wconf 66' lang='grc' dir='ltr'><strong>φαινόα</strong></span> 
     </span>
    </p>
   </div>
   <div class='ocr_carea' id='block_1_100' title="bbox 195 5313 1795 5394">
    <p class='ocr_par' dir='ltr' id='par_1_100' title="bbox 195 5313 1795 5394">
     <span class='ocr_line' id='line_1_100' title="bbox 195 5313 1795 5394; baseline -0.004 -21"><span class='ocrx_word' id='word_1_707' title='bbox 195 5336 386 5394; x_wconf 79' lang='grc' dir='ltr'><strong>μενος</strong></span> <span class='ocrx_word' id='word_1_708' title='bbox 436 5318 872 5388; x_wconf 82' lang='grc' dir='ltr'><strong>κουϐικουλαρίῳ</strong></span> <span class='ocrx_word' id='word_1_709' title='bbox 916 5317 978 5371; x_wconf 84' lang='grc' dir='ltr'><strong>τὸ</strong></span> <span class='ocrx_word' id='word_1_710' title='bbox 1029 5318 1214 5387; x_wconf 84' lang='grc' dir='ltr'><strong>σχῆμα</strong></span> <span class='ocrx_word' id='word_1_711' title='bbox 1257 5313 1469 5381; x_wconf 86' lang='grc' dir='ltr'><strong>ἐοικὼς,</strong></span> <span class='ocrx_word' id='word_1_712' title='bbox 1500 5314 1595 5367; x_wconf 86' lang='grc' dir='ltr'><strong>καί</strong></span> <span class='ocrx_word' id='word_1_713' title='bbox 1641 5331 1795 5376; x_wconf 89' lang='grc' dir='ltr'><strong>τινας</strong></span> 
     </span>
    </p>
   </div>
   <div class='ocr_carea' id='block_1_101' title="bbox 188 5407 1794 5480">
    <p class='ocr_par' dir='ltr' id='par_1_101' title="bbox 188 5407 1794 5480">
     <span class='ocr_line' id='line_1_101' title="bbox 188 5407 1794 5480; baseline -0.004 -14"><span class='ocrx_word' id='word_1_714' title='bbox 188 5412 412 5473; x_wconf 67' lang='grc' dir='ltr'><strong>ἄλλους</strong></span> <span class='ocrx_word' id='word_1_715' title='bbox 431 5410 572 5480; x_wconf 71' lang='grc' dir='ltr'><strong>ἔχων</strong></span> <span class='ocrx_word' id='word_1_716' title='bbox 601 5410 765 5463; x_wconf 80' lang='grc' dir='ltr'><strong>αὐτοῦ</strong></span> <span class='ocrx_word' id='word_1_717' title='bbox 785 5409 1312 5480; x_wconf 86' lang='grc' dir='ltr'><strong>προπορευομένους,</strong></span> <span class='ocrx_word' id='word_1_718' title='bbox 1344 5408 1402 5470; x_wconf 85' lang='grc' dir='ltr'><strong>δς</strong></span> <span class='ocrx_word' id='word_1_719' title='bbox 1444 5407 1569 5460; x_wconf 78' lang='grc' dir='ltr'><strong>ἐπεὶ</strong></span> <span class='ocrx_word' id='word_1_720' title='bbox 1599 5408 1794 5479; x_wconf 73' lang='grc' dir='ltr'><strong>ἧγγισε</strong></span> 
     </span>
    </p>
   </div>
   <div class='ocr_carea' id='block_1_102' title="bbox 188 5501 1793 5576">
    <p class='ocr_par' dir='ltr' id='par_1_102' title="bbox 188 5501 1793 5576">
     <span class='ocr_line' id='line_1_102' title="bbox 188 5501 1793 5576; baseline -0.012 -15"><span class='ocrx_word' id='word_1_721' title='bbox 188 5504 298 5576; x_wconf 77' lang='grc' dir='ltr'><strong>τῷ</strong></span> <span class='ocrx_word' id='word_1_722' title='bbox 328 5501 537 5557; x_wconf 85' lang='grc' dir='ltr'><strong>πυλῶνι</strong></span> <span class='ocrx_word' id='word_1_723' title='bbox 572 5501 781 5557; x_wconf 78' lang='grc' dir='ltr'><strong>ἀπιδὼν</strong></span> <span class='ocrx_word' id='word_1_724' title='bbox 819 5502 961 5573; x_wconf 78' lang='grc' dir='ltr'><strong>πρὸς</strong></span> <span class='ocrx_word' id='word_1_725' title='bbox 989 5501 1114 5565; x_wconf 77' lang='grc' dir='ltr'><strong>τοὺς</strong></span> <span class='ocrx_word' id='word_1_726' title='bbox 1141 5501 1492 5572; x_wconf 77' lang='grc' dir='ltr'><strong>δορυφόρους,</strong></span> <span class='ocrx_word' id='word_1_727' title='bbox 1524 5517 1793 5569; x_wconf 81' lang='grc' dir='ltr'><strong>κατενεγ-</strong></span> 
     </span>
    </p>
   </div>
   <div class='ocr_carea' id='block_1_103' title="bbox 191 5590 1791 5662">
    <p class='ocr_par' dir='ltr' id='par_1_103' title="bbox 191 5590 1791 5662">
     <span class='ocr_line' id='line_1_103' title="bbox 191 5590 1791 5662; baseline -0.004 -11"><span class='ocrx_word' id='word_1_728' title='bbox 191 5597 345 5651; x_wconf 73' lang='grc' dir='ltr'><strong>κεῖν</strong></span> <span class='ocrx_word' id='word_1_729' title='bbox 396 5593 662 5649; x_wconf 80' lang='grc' dir='ltr'><strong>ἐπέταττε</strong></span> <span class='ocrx_word' id='word_1_730' title='bbox 705 5592 798 5646; x_wconf 78' lang='grc' dir='ltr'><strong>τὸν</strong></span> <span class='ocrx_word' id='word_1_731' title='bbox 835 5591 1013 5645; x_wconf 89' lang='grc' dir='ltr'><strong>τίτλον</strong></span> <span class='ocrx_word' id='word_1_732' title='bbox 1056 5590 1133 5654; x_wconf 85' lang='grc' dir='ltr'><strong>ὡς</strong></span> <span class='ocrx_word' id='word_1_733' title='bbox 1172 5592 1358 5662; x_wconf 84' lang='grc' dir='ltr'><strong>τάχος,</strong></span> <span class='ocrx_word' id='word_1_734' title='bbox 1401 5594 1693 5647; x_wconf 84' lang='grc' dir='ltr'><strong>ἀντιθεῖναι</strong></span> <span class='ocrx_word' id='word_1_735' title='bbox 1734 5590 1791 5644; x_wconf 81' lang='grc' dir='ltr'><strong>δέ</strong></span> 
     </span>
    </p>
   </div>
   <div class='ocr_carea' id='block_1_104' title="bbox 184 5678 1791 5756">
    <p class='ocr_par' dir='ltr' id='par_1_104' title="bbox 184 5678 1791 5756">
     <span class='ocr_line' id='line_1_104' title="bbox 184 5678 1791 5756; baseline -0.005 -17"><span class='ocrx_word' id='word_1_736' title='bbox 184 5686 438 5756; x_wconf 67' lang='grc' dir='ltr'><strong>ἕτερον,</strong></span> <span class='ocrx_word' id='word_1_737' title='bbox 462 5681 522 5735; x_wconf 80' lang='grc' dir='ltr'><strong>ὃν</strong></span> <span class='ocrx_word' id='word_1_738' title='bbox 555 5683 585 5735; x_wconf 81' lang='grc' dir='ltr'><strong>ὁ</strong></span> <span class='ocrx_word' id='word_1_739' title='bbox 617 5681 905 5751; x_wconf 79' lang='grc' dir='ltr'><strong>δεσπότης,</strong></span> <span class='ocrx_word' id='word_1_740' title='bbox 942 5679 1097 5749; x_wconf 79' lang='grc' dir='ltr'><strong>φησὶ,</strong></span> <span class='ocrx_word' id='word_1_741' title='bbox 1127 5678 1226 5747; x_wconf 80' lang='grc' dir='ltr'><strong>τῆς</strong></span> <span class='ocrx_word' id='word_1_742' title='bbox 1254 5680 1579 5749; x_wconf 78' lang='grc' dir='ltr'><strong>οἰκουμένης</strong></span> <span class='ocrx_word' id='word_1_743' title='bbox 1602 5678 1791 5732; x_wconf 84' lang='grc' dir='ltr'><strong>κελεύ-</strong></span> 
     </span>
    </p>
   </div>
   <div class='ocr_carea' id='block_1_105' title="bbox 189 5770 1792 5844">
    <p class='ocr_par' dir='ltr' id='par_1_105' title="bbox 189 5770 1792 5844">
     <span class='ocr_line' id='line_1_105' title="bbox 189 5770 1792 5844; baseline -0.006 -10"><span class='ocrx_word' id='word_1_744' title='bbox 189 5791 396 5834; x_wconf 66' lang='grc' dir='ltr'><strong>σειεν.</strong></span> <span class='ocrx_word' id='word_1_745' title='bbox 453 5772 692 5829; x_wconf 79' lang='grc' dir='ltr'><strong>Ἐτίθετο</strong></span> <span class='ocrx_word' id='word_1_746' title='bbox 746 5772 925 5827; x_wconf 85' lang='grc' dir='ltr'><strong>τοίνυν</strong></span> <span class='ocrx_word' id='word_1_747' title='bbox 964 5771 1126 5835; x_wconf 76' lang='grc' dir='ltr'><strong>εὐθὺς</strong></span> <span class='ocrx_word' id='word_1_748' title='bbox 1182 5770 1368 5843; x_wconf 66' lang='grc' dir='ltr'><strong>ἕτερος</strong></span> <span class='ocrx_word' id='word_1_749' title='bbox 1402 5771 1622 5844; x_wconf 78' lang='grc' dir='ltr'><strong>γραφὴν</strong></span> <span class='ocrx_word' id='word_1_750' title='bbox 1655 5771 1792 5841; x_wconf 76' lang='grc' dir='ltr'><strong>ἔχων</strong></span> 
     </span>
    </p>
   </div>
   <div class='ocr_carea' id='block_1_106' title="bbox 231 5948 1149 6023">
    <p class='ocr_par' dir='ltr' id='par_1_106' title="bbox 231 5948 1149 6023">
     <span class='ocr_line' id='line_1_106' title="bbox 231 5948 1149 6023; baseline 0.002 -23"><span class='ocrx_word' id='word_1_751' title='bbox 231 5997 237 6000; x_wconf 88' lang='lat'><em>_</em></span> <span class='ocrx_word' id='word_1_752' title='bbox 309 5948 426 6023; x_wconf 71' lang='grc' dir='ltr'><strong>(ιε)</strong></span> <span class='ocrx_word' id='word_1_753' title='bbox 464 5948 771 6005; x_wconf 81' lang='lat' dir='ltr'><strong>Gentianus</strong></span> <span class='ocrx_word' id='word_1_754' title='bbox 800 5948 938 6019; x_wconf 80' lang='lat' dir='ltr'><strong>[om</strong></span> <span class='ocrx_word' id='word_1_755' title='bbox 970 5948 1149 6005; x_wconf 81' lang='lat' dir='ltr'><strong>vertit.</strong></span> 
     </span>
    </p>
   </div>
   <div class='ocr_carea' id='block_1_107' title="bbox 1894 4757 3459 4829">
    <p class='ocr_par' dir='ltr' id='par_1_107' title="bbox 1894 4757 3459 4829">
     <span class='ocr_line' id='line_1_107' title="bbox 1894 4757 3459 4829; baseline 0.001 -18"><span class='ocrx_word' id='word_1_756' title='bbox 1894 4757 2066 4826; x_wconf 87' lang='lat' dir='ltr'><strong>Supra</strong></span> <span class='ocrx_word' id='word_1_757' title='bbox 2101 4757 2423 4813; x_wconf 87' lang='lat' dir='ltr'><strong>vestibulum</strong></span> <span class='ocrx_word' id='word_1_758' title='bbox 2452 4766 2632 4813; x_wconf 89' lang='lat' dir='ltr'><strong>autem</strong></span> <span class='ocrx_word' id='word_1_759' title='bbox 2672 4760 2967 4829; x_wconf 90' lang='lat' dir='ltr'><strong>inscriptus</strong></span> <span class='ocrx_word' id='word_1_760' title='bbox 2998 4771 3114 4814; x_wconf 87' lang='lat' dir='ltr'><strong>erat</strong></span> <span class='ocrx_word' id='word_1_761' title='bbox 3148 4759 3332 4814; x_wconf 88' lang='lat' dir='ltr'><strong>titulus</strong></span> <span class='ocrx_word' id='word_1_762' title='bbox 3359 4775 3459 4815; x_wconf 85' lang='lat' dir='ltr'><strong>au-</strong></span> 
     </span>
    </p>
   </div>
   <div class='ocr_carea' id='block_1_108' title="bbox 1893 4849 3462 4922">
    <p class='ocr_par' dir='ltr' id='par_1_108' title="bbox 1893 4849 3462 4922">
     <span class='ocr_line' id='line_1_108' title="bbox 1893 4849 3462 4922; baseline 0 -16"><span class='ocrx_word' id='word_1_763' title='bbox 1893 4852 2002 4906; x_wconf 89' lang='lat' dir='ltr'><strong>reis</strong></span> <span class='ocrx_word' id='word_1_764' title='bbox 2039 4852 2234 4907; x_wconf 88' lang='lat' dir='ltr'><strong>litteris</strong></span> <span class='ocrx_word' id='word_1_765' title='bbox 2275 4849 2531 4908; x_wconf 80' lang='lat' dir='ltr'><strong>:Mansio</strong></span> <span class='ocrx_word' id='word_1_766' title='bbox 2574 4863 2622 4906; x_wconf 83' lang='lat' dir='ltr'><strong>et</strong></span> <span class='ocrx_word' id='word_1_767' title='bbox 2667 4853 2868 4922; x_wconf 80' lang='lat' dir='ltr'><strong>requies</strong></span> <span class='ocrx_word' id='word_1_768' title='bbox 2906 4863 3103 4908; x_wconf 63' lang='lat' dir='ltr'><strong>artemo</strong></span> <span class='ocrx_word' id='word_1_769' title='bbox 3144 4852 3310 4907; x_wconf 82' lang='lat' dir='ltr'><strong>Troili</strong></span> <span class='ocrx_word' id='word_1_770' title='bbox 3351 4853 3462 4921; x_wconf 80' lang='lat' dir='ltr'><strong>epi-</strong></span> 
     </span>
    </p>
   </div>
   <div class='ocr_carea' id='block_1_109' title="bbox 1895 4942 3526 5019">
    <p class='ocr_par' dir='ltr' id='par_1_109' title="bbox 1895 4942 3526 5019">
     <span class='ocr_line' id='line_1_109' title="bbox 1895 4942 3526 5019; baseline 0.001 -21"><span class='ocrx_word' id='word_1_771' title='bbox 1895 4945 2058 5013; x_wconf 77' lang='lat' dir='ltr'><strong>scopi.</strong></span> <span class='ocrx_word' id='word_1_772' title='bbox 2092 4942 2384 5012; x_wconf 88' lang='lat' dir='ltr'><strong>Postquam</strong></span> <span class='ocrx_word' id='word_1_773' title='bbox 2416 4959 2547 5000; x_wconf 85' lang='lat' dir='ltr'><strong>vero</strong></span> <span class='ocrx_word' id='word_1_774' title='bbox 2585 4945 2671 5001; x_wconf 90' lang='lat' dir='ltr'><strong>his</strong></span> <span class='ocrx_word' id='word_1_775' title='bbox 2703 4945 2856 5000; x_wconf 88' lang='lat' dir='ltr'><strong>lectis</strong></span> <span class='ocrx_word' id='word_1_776' title='bbox 2885 4952 2968 5000; x_wconf 90' lang='lat' dir='ltr'><strong>est</strong></span> <span class='ocrx_word' id='word_1_777' title='bbox 3003 4942 3237 5010; x_wconf 70' lang='lat' dir='ltr'><strong>lretatus,</strong></span> <span class='ocrx_word' id='word_1_778' title='bbox 3273 4945 3463 5000; x_wconf 80' lang='lat' dir='ltr'><strong>existi-</strong></span> <span class='ocrx_word' id='word_1_779' title='bbox 3514 5006 3526 5019; x_wconf 35' lang='grc' dir='ltr'><strong><em>ν</em></strong></span> 
     </span>
    </p>
   </div>
   <div class='ocr_carea' id='block_1_110' title="bbox 1899 5035 3464 5107">
    <p class='ocr_par' dir='ltr' id='par_1_110' title="bbox 1899 5035 3464 5107">
     <span class='ocr_line' id='line_1_110' title="bbox 1899 5035 3464 5107; baseline 0.001 -17"><span class='ocrx_word' id='word_1_780' title='bbox 1899 5051 2053 5090; x_wconf 90' lang='lat' dir='ltr'><strong>mans</strong></span> <span class='ocrx_word' id='word_1_781' title='bbox 2085 5035 2301 5090; x_wconf 88' lang='lat' dir='ltr'><strong>domum</strong></span> <span class='ocrx_word' id='word_1_782' title='bbox 2325 5036 2425 5092; x_wconf 89' lang='lat' dir='ltr'><strong>sibi</strong></span> <span class='ocrx_word' id='word_1_783' title='bbox 2471 5037 2645 5091; x_wconf 78' lang='lat' dir='ltr'><strong>datam</strong></span> <span class='ocrx_word' id='word_1_784' title='bbox 2681 5036 2846 5092; x_wconf 82' lang='lat' dir='ltr'><strong>fuisse</strong></span> <span class='ocrx_word' id='word_1_785' title='bbox 2881 5038 2949 5091; x_wconf 85' lang='lat' dir='ltr'><strong>ab</strong></span> <span class='ocrx_word' id='word_1_786' title='bbox 2990 5037 3336 5107; x_wconf 87' lang='lat' dir='ltr'><strong>imperatore,</strong></span> <span class='ocrx_word' id='word_1_787' title='bbox 3369 5052 3464 5093; x_wconf 86' lang='lat' dir='ltr'><strong>ac-</strong></span> 
     </span>
    </p>
   </div>
   <div class='ocr_carea' id='block_1_111' title="bbox 1896 5125 3464 5197">
    <p class='ocr_par' dir='ltr' id='par_1_111' title="bbox 1896 5125 3464 5197">
     <span class='ocr_line' id='line_1_111' title="bbox 1896 5125 3464 5197; baseline 0.003 -17"><span class='ocrx_word' id='word_1_788' title='bbox 1896 5125 2041 5180; x_wconf 88' lang='lat' dir='ltr'><strong>cedit</strong></span> <span class='ocrx_word' id='word_1_789' title='bbox 2089 5126 2177 5180; x_wconf 83' lang='lat' dir='ltr'><strong>vir</strong></span> <span class='ocrx_word' id='word_1_790' title='bbox 2214 5126 2429 5195; x_wconf 89' lang='lat' dir='ltr'><strong>quidam</strong></span> <span class='ocrx_word' id='word_1_791' title='bbox 2475 5125 2725 5197; x_wconf 76' lang='lat' dir='ltr'><strong>insignis,</strong></span> <span class='ocrx_word' id='word_1_792' title='bbox 2769 5136 2823 5181; x_wconf 88' lang='lat' dir='ltr'><strong>et</strong></span> <span class='ocrx_word' id='word_1_793' title='bbox 2858 5127 2951 5197; x_wconf 88' lang='lat' dir='ltr'><strong>qui</strong></span> <span class='ocrx_word' id='word_1_794' title='bbox 3005 5127 3289 5184; x_wconf 87' lang='lat' dir='ltr'><strong>videbatur</strong></span> <span class='ocrx_word' id='word_1_795' title='bbox 3341 5143 3464 5184; x_wconf 84' lang='lat' dir='ltr'><strong>esse</strong></span> 
     </span>
    </p>
   </div>
   <div class='ocr_carea' id='block_1_112' title="bbox 1897 5216 3463 5286">
    <p class='ocr_par' dir='ltr' id='par_1_112' title="bbox 1897 5216 3463 5286">
     <span class='ocr_line' id='line_1_112' title="bbox 1897 5216 3463 5286; baseline 0.001 -15"><span class='ocrx_word' id='word_1_796' title='bbox 1897 5232 2037 5272; x_wconf 91' lang='lat' dir='ltr'><strong>unus</strong></span> <span class='ocrx_word' id='word_1_797' title='bbox 2056 5232 2122 5273; x_wconf 83' lang='lat' dir='ltr'><strong>ex</strong></span> <span class='ocrx_word' id='word_1_798' title='bbox 2157 5229 2372 5282; x_wconf 86' lang='lat' dir='ltr'><strong>senatu,</strong></span> <span class='ocrx_word' id='word_1_799' title='bbox 2404 5217 2589 5273; x_wconf 87' lang='lat' dir='ltr'><strong>habitu</strong></span> <span class='ocrx_word' id='word_1_800' title='bbox 2623 5216 2822 5273; x_wconf 88' lang='lat' dir='ltr'><strong>similis</strong></span> <span class='ocrx_word' id='word_1_801' title='bbox 2863 5218 3221 5286; x_wconf 88' lang='lat' dir='ltr'><strong>cubiculario,</strong></span> <span class='ocrx_word' id='word_1_802' title='bbox 3254 5221 3463 5277; x_wconf 83' lang='lat' dir='ltr'><strong>habens</strong></span> 
     </span>
    </p>
   </div>
   <div class='ocr_carea' id='block_1_113' title="bbox 1897 5310 3463 5382">
    <p class='ocr_par' dir='ltr' id='par_1_113' title="bbox 1897 5310 3463 5382">
     <span class='ocr_line' id='line_1_113' title="bbox 1897 5310 3463 5382; baseline 0.001 -17"><span class='ocrx_word' id='word_1_803' title='bbox 1897 5313 2157 5380; x_wconf 87' lang='lat' dir='ltr'><strong>quosdam</strong></span> <span class='ocrx_word' id='word_1_804' title='bbox 2195 5311 2331 5367; x_wconf 90' lang='lat' dir='ltr'><strong>alios</strong></span> <span class='ocrx_word' id='word_1_805' title='bbox 2379 5322 2504 5366; x_wconf 91' lang='lat' dir='ltr'><strong>ante</strong></span> <span class='ocrx_word' id='word_1_806' title='bbox 2545 5327 2604 5367; x_wconf 91' lang='lat' dir='ltr'><strong>se</strong></span> <span class='ocrx_word' id='word_1_807' title='bbox 2648 5311 3008 5368; x_wconf 85' lang='lat' dir='ltr'><strong>ambulantes.</strong></span> <span class='ocrx_word' id='word_1_808' title='bbox 3036 5310 3139 5379; x_wconf 83' lang='lat' dir='ltr'><strong>Qui</strong></span> <span class='ocrx_word' id='word_1_809' title='bbox 3174 5324 3463 5382; x_wconf 87' lang='lat' dir='ltr'><strong>postquam</strong></span> 
     </span>
    </p>
   </div>
   <div class='ocr_carea' id='block_1_114' title="bbox 1898 5403 3465 5475">
    <p class='ocr_par' dir='ltr' id='par_1_114' title="bbox 1898 5403 3465 5475">
     <span class='ocr_line' id='line_1_114' title="bbox 1898 5403 3465 5475; baseline 0.001 -19"><span class='ocrx_word' id='word_1_810' title='bbox 1898 5405 2346 5474; x_wconf 88' lang='lat' dir='ltr'><strong>appropinquavit</strong></span> <span class='ocrx_word' id='word_1_811' title='bbox 2360 5403 2647 5470; x_wconf 87' lang='lat' dir='ltr'><strong>vestibulo,</strong></span> <span class='ocrx_word' id='word_1_812' title='bbox 2681 5403 2952 5475; x_wconf 86' lang='lat' dir='ltr'><strong>aspiciens</strong></span> <span class='ocrx_word' id='word_1_813' title='bbox 2969 5406 3033 5460; x_wconf 90' lang='lat' dir='ltr'><strong>ad</strong></span> <span class='ocrx_word' id='word_1_814' title='bbox 3051 5405 3311 5460; x_wconf 87' lang='lat' dir='ltr'><strong>satellites</strong></span> <span class='ocrx_word' id='word_1_815' title='bbox 3326 5404 3465 5474; x_wconf 84' lang='grc'><strong>(16),</strong></span> 
     </span>
    </p>
   </div>
   <div class='ocr_carea' id='block_1_115' title="bbox 1894 5494 3464 5568">
    <p class='ocr_par' dir='ltr' id='par_1_115' title="bbox 1894 5494 3464 5568">
     <span class='ocr_line' id='line_1_115' title="bbox 1894 5494 3464 5568; baseline 0.002 -21"><span class='ocrx_word' id='word_1_816' title='bbox 1894 5494 2049 5566; x_wconf 73' lang='lat' dir='ltr'><strong>jubet</strong></span> <span class='ocrx_word' id='word_1_817' title='bbox 2081 5495 2479 5567; x_wconf 89' lang='lat' dir='ltr'><strong>quamprimum</strong></span> <span class='ocrx_word' id='word_1_818' title='bbox 2528 5497 2686 5568; x_wconf 85' lang='lat' dir='ltr'><strong>dejici</strong></span> <span class='ocrx_word' id='word_1_819' title='bbox 2729 5497 2942 5553; x_wconf 89' lang='lat' dir='ltr'><strong>titulum</strong></span> <span class='ocrx_word' id='word_1_820' title='bbox 2979 5515 2992 5552; x_wconf 93' lang='lat'>:</span> <span class='ocrx_word' id='word_1_821' title='bbox 3033 5511 3129 5567; x_wconf 88' lang='lat' dir='ltr'><strong>pro</strong></span> <span class='ocrx_word' id='word_1_822' title='bbox 3159 5496 3248 5552; x_wconf 91' lang='lat' dir='ltr'><strong>illo</strong></span> <span class='ocrx_word' id='word_1_823' title='bbox 3280 5504 3464 5551; x_wconf 87' lang='lat' dir='ltr'><strong>autem</strong></span> 
     </span>
    </p>
   </div>
   <div class='ocr_carea' id='block_1_116' title="bbox 1899 5585 3464 5660">
    <p class='ocr_par' dir='ltr' id='par_1_116' title="bbox 1899 5585 3464 5660">
     <span class='ocr_line' id='line_1_116' title="bbox 1899 5585 3464 5660; baseline 0.002 -21"><span class='ocrx_word' id='word_1_824' title='bbox 1899 5587 2022 5658; x_wconf 85' lang='lat' dir='ltr'><strong>poni</strong></span> <span class='ocrx_word' id='word_1_825' title='bbox 2071 5587 2265 5654; x_wconf 84' lang='lat' dir='ltr'><strong>alium,</strong></span> <span class='ocrx_word' id='word_1_826' title='bbox 2319 5602 2502 5660; x_wconf 88' lang='lat' dir='ltr'><strong>quem,</strong></span> <span class='ocrx_word' id='word_1_827' title='bbox 2552 5587 2760 5658; x_wconf 84' lang='lat' dir='ltr'><strong>inquit,</strong></span> <span class='ocrx_word' id='word_1_828' title='bbox 2809 5589 2961 5660; x_wconf 85' lang='lat' dir='ltr'><strong>jubet</strong></span> <span class='ocrx_word' id='word_1_829' title='bbox 3012 5588 3270 5644; x_wconf 85' lang='lat' dir='ltr'><strong>Dominus</strong></span> <span class='ocrx_word' id='word_1_830' title='bbox 3310 5585 3464 5642; x_wconf 81' lang='lat' dir='ltr'><strong>orbis</strong></span> 
     </span>
    </p>
   </div>
   <div class='ocr_carea' id='block_1_117' title="bbox 1901 5678 3469 5759">
    <p class='ocr_par' dir='ltr' id='par_1_117' title="bbox 1901 5678 3469 5759">
     <span class='ocr_line' id='line_1_117' title="bbox 1901 5678 3469 5759; baseline -0.001 -25"><span class='ocrx_word' id='word_1_831' title='bbox 1901 5688 2075 5734; x_wconf 73' lang='lat' dir='ltr'><strong>terrae.</strong></span> <span class='ocrx_word' id='word_1_832' title='bbox 2106 5679 2299 5734; x_wconf 90' lang='lat' dir='ltr'><strong>Statim</strong></span> <span class='ocrx_word' id='word_1_833' title='bbox 2347 5692 2525 5736; x_wconf 88' lang='lat' dir='ltr'><strong>autem</strong></span> <span class='ocrx_word' id='word_1_834' title='bbox 2574 5679 2675 5759; x_wconf 80' lang='lat' dir='ltr'><strong>fuit</strong></span> <span class='ocrx_word' id='word_1_835' title='bbox 2706 5682 2928 5751; x_wconf 88' lang='lat' dir='ltr'><strong>positus,</strong></span> <span class='ocrx_word' id='word_1_836' title='bbox 2957 5679 3098 5735; x_wconf 90' lang='lat' dir='ltr'><strong>hanc</strong></span> <span class='ocrx_word' id='word_1_837' title='bbox 3142 5680 3349 5736; x_wconf 83' lang='lat' dir='ltr'><strong>habens</strong></span> <span class='ocrx_word' id='word_1_838' title='bbox 3387 5678 3469 5733; x_wconf 82' lang='lat' dir='ltr'><strong>in-</strong></span> 
     </span>
    </p>
   </div>
   <div class='ocr_carea' id='block_1_118' title="bbox 1900 5764 3529 5843">
    <p class='ocr_par' dir='ltr' id='par_1_118' title="bbox 1900 5764 3529 5843">
     <span class='ocr_line' id='line_1_118' title="bbox 1900 5764 3529 5843; baseline -0.004 -16"><span class='ocrx_word' id='word_1_839' title='bbox 1900 5770 2249 5842; x_wconf 86' lang='lat' dir='ltr'><strong>scriptionem</strong></span> <span class='ocrx_word' id='word_1_840' title='bbox 2303 5789 2316 5827; x_wconf 86' lang='lat'><strong>:</strong></span> <span class='ocrx_word' id='word_1_841' title='bbox 2371 5769 2580 5828; x_wconf 81' lang='lat' dir='ltr'><strong>Mamio</strong></span> <span class='ocrx_word' id='word_1_842' title='bbox 2627 5782 2676 5829; x_wconf 80' lang='lat' dir='ltr'><strong>et</strong></span> <span class='ocrx_word' id='word_1_843' title='bbox 2731 5771 2934 5843; x_wconf 74' lang='lat' dir='ltr'><strong>requies</strong></span> <span class='ocrx_word' id='word_1_844' title='bbox 2984 5779 3183 5827; x_wconf 70' lang='lat' dir='ltr'><strong>atoma</strong></span> <span class='ocrx_word' id='word_1_845' title='bbox 3234 5767 3463 5825; x_wconf 76' lang='lat' dir='ltr'><strong>Joannis</strong></span> <span class='ocrx_word' id='word_1_846' title='bbox 3522 5764 3529 5774; x_wconf 70' lang='grc'>⁸</span> 
     </span>
    </p>
   </div>
  </div>
