3828 6534
257 364 365 428 923

1428 355 1711 416 MENSIS
1763 355 2225 422 JANUARIUS.

3412 362 3527 432 92k

251 479 540 543 sobrinus,
572 487 703 543 para
737 480 788 529 te
829 470 1007 541 ipsum
1040 484 1144 523 non
1186 468 1359 524 solum
1406 473 1669 524 atlrerstts
1700 483 1834 524 con-

1957 472 2021 524 ῑεῖ
2051 489 2103 525 τι
2133 471 2228 525 καὶ
2260 470 2423 526 πλέον
2450 470 2653 540 εἰπεῖν,
2712 472 2807 527 καὶ
2838 471 2976 543 πρὸς
3030 473 3201 541 αὑτὰς
3233 474 3526 546 μάστιγας.

254 568 524 631 tutnelias,
544 564 638 621 sed
659 563 846 626 etiam,
867 561 909 618 si
940 560 1010 615 sit
1037 558 1266 628 amplius
1293 558 1498 629 aliquid
1528 559 1836 626 dicendum,

252 660 416 713 etiam
448 657 705 711 adversus
738 654 853 722 ipsa
878 651 1064 722 ﬂagra.
1098 648 1235 704 Vera
1267 649 1409 704 enim
1444 650 1701 705 nobilitas
1728 667 1834 705 non

251 759 317 797 ex
347 744 608 815 sanguine
638 750 691 795 et
718 755 912 806 carne,
951 738 1045 794 sed
1086 753 1152 793 cx
1185 738 1385 794 virtute
1417 739 1614 793 anima:
1641 741 1840 810 accipit

252 836 483 890 formam
510 845 561 889 ct
587 835 987 889 characterem.
1017 830 1213 886 Statim
1243 846 1373 901 ergo
1395 831 1664 887 accersito
1688 830 1841 902 prin-

252 929 372 999 cipe
389 942 712 997 cauponutn,
732 926 779 980 ei
800 924 1151 989 denuntiarit,
1169 939 1235 979 ne
1252 935 1566 981 consuetum
1587 924 1843 993 deinceps

252 1018 478 1085 vectigal
498 1016 845 1087 acciperetab
864 1032 948 1081 eo,
970 1017 1056 1084 qui
1074 1030 1231 1070 suum
1254 1017 1635 1070 consobrinum
1653 1014 1839 1071 affece-

253 1123 339 1164 rat
362 1108 705 1174 contumelia,
738 1117 828 1161 aut
858 1107 1056 1175 aliquid
1089 1123 1151 1160 ex
1178 1106 1401 1176 iis,qu:e
1424 1107 1489 1158 ab
1517 1121 1581 1161 eo
1607 1107 1671 1161 de
1696 1122 1845 1163 more

255 1204 526 1259 tlulmnlttr
588 1200 867 1267 Ecclesiae.
904 1200 1130 1269 Propter
1181 1216 1299 1269 qu:e
1346 1199 1599 1255 admirati
1640 1200 1846 1254 incom-

256 1294 550 1365 parabilem
572 1294 713 1348 illius
750 1292 1087 1363 patientiam,
1123 1292 1503 1349 intellexerunt
1524 1307 1716 1369 omnes
1744 1291 1844 1346 hoc

255 1403 374 1442 esse
392 1387 737 1457 supplicium,
759 1386 898 1454 quod
920 1394 1036 1440 erat
1058 1384 1317 1439 miratura
1361 1393 1472 1439 tota
1491 1383 1840 1442 Alexandria.

282 1548 285 1552 η
327 1480 497 1536 XXX.
541 1478 649 1534 Sed
680 1478 819 1533 forte
843 1478 894 1531 in
921 1479 985 1533 iis
1016 1478 1258 1548 quidem,
1286 1476 1378 1546 qui
1406 1476 1474 1530 ad
1508 1476 1684 1547 ipsum
1713 1490 1835 1545 per-

258 1574 534 1639 tinebant,
581 1580 689 1624 tam
730 1570 1019 1641 diligenter
1051 1569 1309 1634 cavebat,
1347 1584 1414 1623 ne
1455 1583 1662 1623 memor
1690 1576 1840 1623 esset

258 1672 496 1730 acceptae
542 1662 796 1731 injuriae,
842 1660 976 1714 alios
1014 1670 1192 1715 autem
1239 1658 1543 1729 negligebat
1586 1659 1640 1713 in
1682 1659 1842 1713 rebus

260 1753 591 1820 hujusmodi.
655 1751 1041 1820 Nequaquam.
1112 1750 1249 1805 Cum
1318 1749 1463 1805 enim
1536 1748 1846 1805 reseivisset

1946 565 1978 633 ή
2028 564 2138 635 γὰρ
2181 563 2390 635 ἀληθὴς
2417 564 2687 633 εὐγένεια,
2711 565 2812 619 οὐκ
2840 564 2901 630 ἐξ
2925 564 3158 637 αἵματος
3182 568 3279 621 καὶ
3304 568 3528 637 σαρκὸς,

1947 657 2064 711 ἀλλ’
2093 656 2152 723 ἐξ
2182 656 2385 729 ἀρετῆς
2402 655 2581 728 ψυχῆς
2610 652 2718 710 οἶδε
2751 657 3281 730 χαρακτηρίζεσθαι.
3327 656 3403 713 Τὸ
3430 661 3529 714 τά·

1945 765 2040 817 χος
2070 742 2164 801 οὖν
2191 747 2283 801 τὸν
2305 746 2413 800 τῶν
2440 748 2701 818 καπήλων
2731 747 3032 822 ὲξάρχοντα
3079 748 3532 821 μετακαλεσάμε-

1950 855 2060 904 νος,
2094 837 2439 910 παραγγελία
2494 838 2835 910 παρήγγειλε
2884 837 3159 909 μηδέποτε
3208 839 3306 893 τοῦ
3336 840 3527 894 λοιποῦ

1945 930 2100 1001 παρὰ
2117 930 2212 983 τοῦ
2241 930 2589 1003 ἐξυϐρικότος
2627 930 2710 993 εἰς
2741 930 2834 985 τὸν
2858 930 3081 1000 ἀνεψιὸν
3103 932 3165 984 τὸ
3187 930 3416 1003 σύνηθες
3443 934 3531 985 τὲ-

1946 1020 2036 1085 λος
2068 1021 2277 1086 λαϐεῖν,
2306 1021 2339 1090 ἥ
2369 1020 2499 1074 ἄλλο
2528 1038 2584 1075 τι
2610 1020 2722 1075 τῶν
2768 1022 2912 1075 κατὰ
2962 1022 3255 1092 συνήθειαν
3304 1026 3373 1093 τῇ
3411 1025 3532 1077 Ἐκ-

1948 1112 2147 1185 κλησία
2180 1114 2311 1184 παρ’
2338 1113 2504 1167 αὐτοῦ
2538 1113 2855 1183 διδομένων.
2888 1114 3003 1181 Ἐφ’
3033 1108 3116 1176 οἷς
3148 1115 3531 1182 ἐκπλαγέντες

1946 1205 2007 1285 τὸ
2029 1205 2418 1276 ἁπαράκλητον
2441 1204 2543 1274 τῆς
2563 1204 2658 1259 τοῦ
2684 1205 2874 1275 ἀνδρὸς
2897 1203 3531 1274 ἁνεξικακία;,συνῆκω

1947 1297 2188 1361 ἅπαντες
2250 1296 2459 1367 ταύτην
2503 1293 2645 1350 εἶναι
2718 1298 2816 1367 τὴν
2857 1297 3152 1367 τιμωρίαν,
3203 1297 3271 1366 ῆν
3322 1298 3526 1368 πᾶσαὴ

1959 1385 2340 1459 Ἀλεξάνδρεια
2380 1386 2828 1458 ὲκπλαγήσεσθαι
2862 1387 3113 1458 ἔμελλεν.

2017 1478 2098 1533 Λ’.
2125 1473 2253 1549 Ἆρ’
2280 1473 2374 1532 οὖν
2396 1477 2464 1532 τὰ
2496 1478 2597 1548 μὲν
2643 1479 2780 1551 πρὸς
2811 1479 2975 1534 αὑτὸν
3004 1479 3149 1535 οὕτω
3179 1481 3531 1552 πεφυλαγμέέ-

1948 1586 2038 1632 νος
2066 1565 2134 1640 ἦν
2163 1554 2243 1632 είς
2266 1570 2658 1640 μνησικακίαν,
2686 1570 2883 1641 ἠμέλει
2906 1571 2964 1626 δὲ
2984 1572 3094 1626 τῶν
3130 1571 3308 1628 ἄλλων
3332 1575 3393 1627 ὲν
3420 1576 3529 1636 τοῖς

1947 1658 2251 1725 τοιούτοις;
2287 1660 2575 1732 Οὐδαμῶς.
2635 1660 2771 1717 Τινά
2802 1663 2910 1734 γὰρ
2938 1662 3046 1716 τῶν
3075 1663 3362 1729 διακόνων,
3421 1668 3531 1719 A1-

1952 1752 2141 1823 μιανδν
2159 1750 2420 1823 τοῦνομα,
2457 1758 2815 1825 μνησικακεῖν
2840 1755 2918 1826 τῷ
2944 1755 3173 1827 πλησίον
3204 1758 3304 1811 ἀνα
3314 1758 3527 1828 μαθὼν,

260 1844 550 1914 quemdam
599 1859 664 1901 ex
717 1842 993 1908 diacouis,
1046 1842 1265 1897 nomine
1314 1841 1669 1907 Damianum,
1720 1842 1843 1896 odio

1957 1845 2022 1914 τῷ
2051 1845 2413 1918 ἀρχιδιακόνῳ
2448 1848 2819 1919 παρήγγειλεν
2868 1848 3014 1902 κατὰ
3039 1850 3131 1904 τὸν
3175 1851 3368 1920 καιρὸν
3426 1851 3519 1918 τῆς

259 1935 462 1992 habere
507 1936 903 2007 propinquum,
947 1943 1008 1990 ut
1049 1936 1138 2005 qui
1185 1935 1564 1994 recordaretur
1603 1942 1843 2004 acccptzn

1957 1936 2052 1990 τῶν
2083 1939 2395 2009 μυστηρίων
2444 1939 2823 2011 μεταλήψεως,
2856 1940 3014 2009 δῆλον
3041 1940 3191 2014 αὐτῷ
3223 1941 3411 2024 θέσθαι
3439 1944 3526 1995 τὸν

266 2027 519 2097 injuria,
561 2027 902 2082 denuntiavit
942 2026 1365 2091 arcliidiacono,
1407 2035 1465 2080 ut
1508 2026 1562 2080 in
1596 2034 1846 2095 tempore

259 2117 694 2187 participatiouis
733 2115 1211 2171 Sacramentorum
1257 2117 1306 2170 ei
1343 2114 1656 2171 ostenderet
1695 2130 1845 2183 eum,

263 2209 354 2277 qui
406 2224 612 2263 memor
663 2217 781 2262 erat
828 2208 1062 2276 injurize.
1111 2207 1247 2265 Cum
1301 2223 1433 2279 ergo
1479 2209 1849 2279 cognovisset,

261 2314 386 2355 eum
422 2314 584 2353 manu
617 2298 888 2370 accipiens
921 2314 936 2352 :
974 2296 1155 2364 Vade,
1187 2296 1320 2353 dicit
1347 2298 1419 2365 ei,
1457 2305 1512 2352 et
1543 2295 1699 2351 fratri
1739 2295 1854 2366 pri-

264 2406 409 2445 mum
438 2389 813 2455 reconciliare,
837 2399 895 2443 ut
918 2389 1028 2444 vult
1052 2395 1401 2460 praeceptum,
1428 2397 1484 2443 et
1509 2397 1637 2443 tunc
1668 2402 1856 2443 sumes

266 2490 610 2537 sacramenta
665 2481 901 2547 Christi,
943 2480 1035 2552 qui
1081 2496 1186 2535 non
1239 2488 1323 2535 est
1366 2494 1575 2534 memor
1620 2486 1856 2548 acceptae

266 2573 499 2640 injurim.
532 2572 622 2627 llle
648 2582 826 2627 autem
849 2572 1053 2642 pudore
1073 2571 1321 2633 allectus.
1351 2569 1711 2641 prmsentibus
1732 2584 1855 2623 om-

274 2665 434 2719 nibus
468 2665 715 2734 promisit
747 2679 807 2720 se
844 2665 945 2719 hoc
975 2679 1097 2720 esse
1128 2665 1402 2721 facturum
1426 2704 1444 2728 ,
1478 2671 1534 2717 et
1568 2671 1697 2716 tunc
1730 2676 1853 2715 eum

271 2757 516 2826 impertit
559 2758 933 2812 sanctilieatis.
978 2758 1241 2826 Deinceps
1287 2770 1417 2824 ergo
1463 2755 1661 2811 invasit
1692 2752 1855 2807 timor

271 2866 374 2907 non
425 2848 599 2904 solum
649 2849 898 2916 clericos,
925 2848 1019 2906 sed
1068 2849 1232 2905 etiam
1269 2848 1457 2912 laicos,
1481 2855 1538 2901 et
1577 2845 1855 2901 cavebant

272 2958 341 2999 ue
372 2943 535 2997 ullum
571 2943 705 2999 odio
738 2944 1035 3007 haberent,
1067 2949 1122 2996 et
1152 2948 1336 2995 essent
1372 2947 1609 3007 accepta:
1641 2935 1853 3007 injuria:

273 3050 582 3101 memores,
620 3036 874 3091 timentes
912 3051 979 3091 ne
1024 3034 1210 3089 multis
1243 3031 1603 3102 praesentibus
1638 3030 1717 3085 sic
1749 3044 1851 3097 pu-

1952 2029 2417 2099 μνησικακοῦντα.
2453 2030 2609 2084 Ἐπεὶ
2647 2026 2741 2084 οὖν
2769 2031 2933 2098 ἔγνω,
2956 2031 3258 2103 λαϐόμενος
3289 2034 3387 2102 τῆς
3420 2050 3531 2103 χειρ

1951 2116 2065 2188 ρδς,
2096 2116 2338 2186 Ὕπαγε,
2395 2117 2543 2188 αὐτῷ
2574 2117 2814 2190 πρῶτον,
2845 2119 2976 2190 ἔφη,
3004 2120 3085 2192 τῷ
3137 2119 3354 2192 ἀδελφῷ
3391 2122 3532 2175 κατὰ

1950 2208 2047 2278 τὴν
2068 2207 2289 2279 ἐντολὴν
2324 2208 2697 2280 καταλλάγηθι
2718 2249 2736 2277 ,
2763 2211 2859 2264 καὶ
2879 2212 3002 2265 τότε
3031 2212 3142 2265 τῶν
3166 2211 3260 2265 τοῦ
3294 2213 3532 2281 ἀμνησι-

1958 2298 2129 2353 κάκου
2158 2299 2473 2370 μυστηρίων
2509 2300 2792 2372 μεταλήψῃ
2820 2300 3083 2372 Χριστοῦ.
3130 2301 3190 2356 Ὀ
3218 2302 3278 2357 δὲ
3312 2302 3533 2372 αἰσχυν-

1956 2387 2070 2450 θείς
2098 2386 2193 2439 ἐπὶ
2231 2386 2468 2454 πάντων,
2529 2386 2690 2445 τοῦτο
2720 2390 2965 2460 ποιήσειν
3018 2390 3405 2459 ἐπηγγείλατο,
3437 2390 3531 2457 καὶ

1955 2478 2079 2531 τότε
2107 2477 2215 2533 τῶν
2245 2478 2606 2549 ἁγιασμάτων
2653 2480 2801 2552 αὐτῷ
2826 2482 3206 2552 μεταδίδωσι,
3239 2482 3408 2545 Φόϐος
3439 2478 3530 2536 οὖν

1959 2569 2023 2625 τὸ
2051 2571 2161 2624 ἀπὸ
2184 2571 2361 2636 τοῦδε,
2393 2571 2454 2625 οὐ
2480 2572 2605 2644 τοὺς
2632 2574 2726 2628 τοῦ
2782 2575 2986 2645 κλήρου
3042 2576 3225 2646 μόνον,
3267 2576 3404 2630 ἀλλὰ
3442 2578 3532 2629 καὶ

1955 2662 2083 2725 τοὺς
2115 2661 2338 2726 λαῐκοὺς
2361 2664 2769 2736 κατελάμϐανε·
2804 2668 2898 2721 καὶ
2927 2667 2989 2721 τὺ
3010 2672 3373 2739 μνησικακεῖν
3402 2672 3531 2739 ἔφυ·
3586 2700 3591 2705 ~

1954 2754 2232 2819 λάττοντο,
2262 2755 2493 2821 δεδιότες
2527 2758 2604 2829 μὴ
2626 2756 2798 2821 οὕτως
2828 2759 2921 2812 ἐπὶ
2948 2759 3159 2813 πολλῶν
3190 2759 3298 2812 τῶν
3331 2759 3529 2831 παρόνη

1961 2864 2069 2901 των
2093 2848 2194 2918 τὴν
2221 2849 2486 2919 αἰσχύνην
2537 2849 2858 2920 ὀφλήσαιεν.
2894 2850 3036 2905 Ἀλλ’
3058 2850 3203 2905 οὕτω
3251 2852 3351 2922 μὲν
3377 2853 3530 2923 ἀκριο

1958 2938 2111 3003 ϐείας
2142 2938 2279 3010 βίου,
2308 2941 2445 3012 πρὸς
2476 2938 2666 2996 ἑαυτῦν
2693 2959 2752 2996 τε
2777 2936 2912 3015 εἶχε,
2935 2944 3031 2997 καὶ
3054 2945 3178 3009 τοὺς
3210 2945 3302 2998 ὑπ’
3327 2946 3531 3003 ἐκείνου

1958 3028 2438 3099 ποιμαινομένους.
2731 3046 2735 3049 '

271 3132 401 3185 «lore
444 3129 814 3186 afﬁcerentur.
856 3129 961 3183 Sed
1009 3135 1119 3181 tam
1171 3119 1425 3181 accurata
1484 3122 1741 3194 quidem,
1786 3129 1841 3178 et
1885 3133 2073 3178 exacta
2106 3124 2209 3179 luit
2267 3123 2389 3197 ejus
2438 3123 2570 3194 vita,
2624 3136 2731 3183 tam
2772 3129 2916 3200 quod
2945 3130 3010 3183 ad
3044 3128 3216 3199 ipsum
3253 3130 3527 3193 attinebat

271 3235 431 3289 quam
469 3220 609 3287 quod
638 3218 703 3271 ad
745 3230 872 3281 eos,
906 3217 999 3287 qui
1027 3217 1094 3271 ab
1124 3216 1217 3272 illo
1247 3216 1611 3288 pascebantur
1635 3255 1653 3272 .

1766 3335 1998 3395 CAPUT
2049 3336 2138 3393 Vl.

1266 3459 1565 3531 Disciplina
1589 3460 1903 3531 domestica,
1946 3462 2157 3534 ratioqu
2173 3478 2201 3516 ε
2230 3462 2354 3518 vitae
2380 3462 2631 3519 exterior.
3566 3529 3569 3532 γ

346 3582 538 3640 XXXI.
601 3583 807 3640 Prmter
862 3583 968 3640 alia
1013 3592 1192 3639 autem
1244 3585 1423 3652 bona,
1472 3584 1528 3641 in
1575 3600 1849 3642 sacrarum

2027 3586 2156 3641 AA'.
2193 3585 2335 3657 Πρὸς
2354 3587 2469 3650 τοῖς
2499 3582 2683 3647 ἄλλοις
2707 3583 2764 3639 δὲ
2796 3582 3021 3655 ἀγαθοῖς
3045 3583 3145 3638 καὶ
3169 3584 3204 3655 ή
3228 3583 3340 3638 τῶν
3371 3581 3535 3654 ἁγίων

273 3692 489 3749 quoque
513 3674 917 3746 Scripturarum
938 3677 1249 3744 cognitione
1268 3691 1487 3733 summe
1513 3678 1859 3733 laboraverat

274 3777 331 3822 et
374 3768 666 3837 plurimum
708 3776 793 3825 est
841 3768 1165 3835 meditatus,
1209 3784 1313 3824 non
1361 3769 1479 3825 sine
1506 3768 1779 3839 voluptate
1805 3776 1860 3823 et

275 3859 454 3915 studio
505 3860 796 3916 acerrimo.
845 3859 1070 3915 Licebat
1112 3875 1242 3932 ergo
1295 3861 1479 3917 videre
1525 3860 1767 3931 quotidie
1804 3860 1858 3915 in

276 3953 664 4021 congressione
703 3968 823 4023 quae
858 3953 1022 4008 ﬁebat
1053 3953 1105 4008 in
1137 3962 1385 4019 secreto,
1426 3967 1552 4008 eum
1589 3952 1723 4008 nihil
1747 3952 1860 4008 fere

275 4046 421 4100 aliud
453 4046 757 4115 loquentem
792 4056 883 4101 aut
919 4056 1281 4117 quaerentem,
1317 4061 1477 4116 quam
1512 4044 1853 4101 narrationes

279 4138 531 4203 Patrum,
578 4138 668 4207 qui
714 4147 869 4193 erant
904 4139 1080 4209 magni
1129 4138 1390 4203 nominis,
1433 4146 1488 4192 et
1520 4136 1857 4207 problemata

275 4231 583 4300 dogmatica
608 4238 663 4286 et
682 4232 1008 4300 quaestiones
1038 4230 1103 4285 ad
1130 4230 1467 4299 Scripturam
1498 4228 1851 4296 pertinentes.

280 4321 408 4377 "me
442 4332 622 4377 autem
664 4324 899 4379 maxime
938 4333 1245 4393 propterea,
1279 4321 1421 4391 quod
1457 4329 1584 4377 tunc
1617 4322 1859 4376 abunda-

279 4414 371 4468 bat
395 4412 684 4468 multitudo
715 4414 1117 4479 haereticorum,
1145 4413 1211 4467 ad
1245 4427 1381 4482 quos
1410 4412 1732 4467 evertendos
1766 4413 1860 4467 ad-

281 4508 522 4562 sciverat
565 4522 684 4572 eos,
719 4507 811 4576 qui
838 4507 944 4562 illis
973 4507 1303 4576 temporibus
1331 4514 1489 4560 erant
1513 4505 1859 4562 excellentis-

278 4600 427 4664 simi,
456 4598 739 4665 Joannem,
770 4602 1010 4670 inquam,
1034 4612 1090 4653 et
1118 4597 1504 4668 Sopltronium.

351 4689 567 4746 XXX".
608 4689 777 4747 Porro
809 4700 990 4746 autem
1024 4690 1071 4744 ei
1102 4706 1321 4761 quoque
1352 4700 1471 4745 erat
1500 4691 1681 4747 studio
1714 4705 1850 4745 con-

1958 3676 2194 3751 Γραφῶν
2217 3677 2419 3747 γνῶσις
2439 3678 2519 3740 είς
2548 3676 2717 3749 ἄκρον
2743 3676 2893 3748 αὐτῷ
2921 3677 3215 3746 πεπόνητο,
3254 3677 3351 3731 καὶ
3380 3674 3531 3747 μελέ-

1955 3788 2107 3842 τημα
2161 3764 2230 3841 ἦν
2259 3768 2617 3840 χαριέστατόν
2654 3785 2715 3823 τε
2749 3767 2845 3823 καὶ
2891 3766 3385 3837 περισπούδαστοι·
3425 3762 3528 3825 Ἦν

1957 3861 2053 3917 οὖν
2107 3862 2235 3916 ἰδεῖν
2271 3850 2511 3933 ἑκάστης
2544 3861 2759 3933 ἡμέρας
2792 3861 2851 3914 ὲν
2878 3863 2945 3932 τῇ
2992 3860 3133 3914 κατὰ
3164 3860 3224 3913 τὸ
3273 3860 3528 3930 σέκρετον

1960 3954 2267 4009 συνελεύσει
2295 3955 2459 4025 μηδὲν
2486 3952 2616 4008 ἄλλο
2645 3953 2829 4025 σχεδὸν
2851 3951 3270 4021 διαλαλούμενον
3293 3950 3537 4024 ήζητοῦ-

1961 4064 2141 4118 μενον,
2172 4046 2204 4118 ἢ
2232 4047 2549 4119 διηγήματα
2582 4046 2846 4117 Πατέρων
2869 4045 2980 4098 τῶν
3012 4044 3208 4099 πολλοῦ
3236 4061 3299 4114 γε
3326 4045 3529 4115 ὀνόμας-

1956 4153 2048 4199 τος
2076 4135 2414 4207 ἠξιωμένων,
2429 4134 2433 4139 ’
2450 4135 2657 4208 προϐλή
2668 4136 2814 4205 ματά
2838 4153 2897 4189 τε
2921 4136 3247 4205 ὼγματικᾶ,
3271 4137 3366 4190 καὶ
3395 4137 3533 4208 Γρα-

1959 4229 2095 4297 φικὰ
2121 4225 2415 4300 ζητήματα
2446 4244 2461 4259 ·
2486 4228 2583 4282 καὶ
2610 4227 2786 4284 ταῦτα
2813 4228 2870 4281 δὲ
2900 4227 3135 4299 μάλιστα
3165 4226 3255 4280 διὰ
3287 4228 3347 4281 τὸ
3381 4228 3536 4281 πλεο-

1958 4320 2121 4387 νάζον
2165 4319 2469 4388 τηνικαῦτα
2509 4319 2619 4374 τῶν
2676 4319 2969 4389 αἱρετικῶν
3034 4318 3271 4389 πλῆθος*
3342 4313 3418 4373 ὧν
3454 4320 3535 4375 ἐπ’

1958 4414 2239 4485 ἀνατροπῇ
2261 4412 2358 4467 καὶ
2377 4412 2717 4484 καθαιρέσει,
2732 4412 2858 4475 τοὺς
2875 4413 2932 4465 ὲν
2950 4413 3063 4474 τοῖς
3078 4428 3170 4465 και
3178 4412 3298 4482 ροῖς.
3317 4411 3538 4475 ἐκείνοις

1958 4504 2410 4575 διαφορωτάτους
2449 4502 2916 4575 προσηταιρίσατο
2936 4540 2952 4569 ,
3007 4502 3262 4573 Ἰωάννην
3286 4502 3430 4572 φημὶ
3453 4502 3540 4555 καὶ

1967 4596 2300 4667 Σωφρόνιον.

2031 4691 2155 4744 AB'.
2197 4689 2562 4745 Ἐσπούδαστο
2615 4689 2673 4742 δὲ
2705 4689 2859 4760 αὐτῷ
2898 4688 2995 4743 καὶ
3055 4688 3390 4752 καταλαλιᾶς
3449 4689 3539 4746 καὶ

279 4789 846 4838 servare'consessum
872 4782 1002 4837 nulli
1026 4782 1345 4837 detractioni
1372 4782 1611 4847 aliinem,
1636 4792 1691 4837 et
1722 4782 1849 4837 nulli

1959 4780 2283 4852 ἀργολογίας
2313 4781 2494 4852 πάσης
2528 4780 2803 4851 ἄψαυστον
2843 4782 3118 4850 διατηρεῖν
3148 4780 3208 4834 τὸ
3240 4779 3532 4850 συνέδριον*

283 4890 419 4928 vano
443 4877 706 4930 sermoni.
743 4875 895 4942 Quod
920 4874 965 4929 si
999 4873 1121 4945 quis
1152 4888 1219 4928 ex
1252 4873 1320 4930 iis
1351 4875 1441 4943 qui
1476 4874 1849 4939 considebant,

1961 4872 2061 4927 κᾶν
2090 4890 2175 4936 τις
2222 4872 2330 4925 τῶν
2384 4871 2841 4943 συνεδριαζόντων
2902 4870 3142 4925 τοιοῦτον
3198 4870 3530 4941 προέτεινεν,

285 4965 392 5020 tale
417 4965 545 5035 quid
577 4966 969 5038 proposuisset,
999 4965 1090 5021 ille
1120 4966 1399 5037 ingeniose
1425 4974 1484 5022 et
1517 4974 1643 5035 apte
1677 4966 1729 5021 id
1769 4981 1849 5021 re-

1966 4964 2081 5018 ἀλλ’
2109 4966 2316 5027 ἐκεῖνος
2367 4964 2584 5035 εὐφυῶς
2651 4965 2781 5021 αὐτὸ
2832 4963 3107 5030 διωθεῖτο,
3157 4962 3448 5048 σπουδαῖόν
3489 4977 3541 5016 τι

285 5057 550 5128 pellebat,
591 5057 842 5128 injiciens
887 5058 1079 5113 bonam
1131 5058 1364 5127 aliquam
1411 5059 1766 5128 quaestionem
1804 5066 1849 5113 el

1964 5056 2058 5112 καὶ
2110 5055 2425 5126 ψυχωφελὲς
2454 5055 2825 5128 παρεμϐαλὼν
2874 5054 3190 5127 πρόϐλημα.
3245 5053 3434 5124 Παχὺν
3483 5052 3537 5106 δὲ

284 5152 478 5206 anima:
505 5142 713 5207 utilem.
744 5150 800 5206 Si
826 5151 872 5205 is
894 5159 1072 5206 autem
1099 5159 1240 5205 esset
1262 5165 1483 5205 crassus
1502 5159 1557 5204 et
1582 5149 1849 5220 plebeius,

1959 5148 2145 5202 τοῦτον
2167 5146 2389 5220 εἰτύχοι
2416 5147 2546 5202 ὄντα
2577 5151 2672 5207 καὶ
2699 5147 3114 5218 δημωδὲστερον
3140 5178 3143 5181 -
3173 5147 3267 5201 καὶ
3290 5144 3400 5200 τῶν
3430 5162 3544 5203 our.-
3588 5194 3592 5197 _

286 5256 336 5299 et
363 5244 458 5314 qui
483 5260 588 5300 non
621 5243 907 5299 recedebat
932 5242 999 5298 ab
1028 5242 1093 5297 iis
1122 5257 1241 5310 quae
1263 5251 1388 5297 sunt
1413 5250 1696 5306 consueta,
1724 5255 1849 5311 prta.

1961 5241 2111 5312 ήθων
2138 5241 2238 5295 οὐκ
2266 5241 2634 5315 ἀφιστᾴμενον
2660 5280 2676 5305 ,
2711 5242 2831 5294 κατ’
2855 5240 2982 5311 ὄψιν
3014 5239 3111 5310 μὲν
3137 5237 3290 5315 οὐδὲν
3323 5236 3537 5290 διετίθει

288 5313 501 5393 sentem
528 5337 743 5406 quidem
772 5351 878 5388 non
902 5334 1040 5389 male
1069 5333 1354 5396 tractabat,
1386 5348 1484 5389 nec
1512 5349 1571 5388 se
1600 5334 1849 5389 iracunde

1965 5330 2174 5397 κακῶς,
2203 5329 2323 5385 οὐδὲ
2352 5313 2569 5400 ὀργίλον
2591 5347 2645 5382 τι
2679 5329 2775 5383 καὶ
2800 5329 2974 5400 τραχὺ
3020 5313 3172 5396 αὗτῷ
3235 5324 3538 5385 ἐπεδείκνυ,

289 5441 345 5486 et
376 5443 567 5499 aspere
601 5429 654 5482 in
689 5442 811 5482 eum
841 5426 1081 5496 gerebat,
1114 5426 1460 5498 priccipiebat
1491 5442 1620 5482 vero
1646 5441 1713 5482 ne
1739 5440 1849 5482 eun

1969 5428 2312 5499 παρήγγελλε
2342 5428 2399 5481 δὲ
2434 5426 2635 5497 μηκέτι
2666 5426 2829 5481 αὑτὸν
2861 5426 2955 5496 ὲᾷν
3008 5425 3109 5491 τῆς
3138 5423 3361 5477 συνόδου
3394 5420 3536 5489 γίνε-

290 5520 534 5578 sinerent
562 5517 793 5587 amplius
827 5533 947 5574 esse
976 5534 1006 5574 e
1034 5519 1287 5584 concilio,
1325 5528 1384 5572 ut
1414 5533 1511 5590 per
1540 5532 1662 5574 eum
1694 5533 1849 5572 unum

1974 5519 2126 5573 σθαι·
2153 5518 2295 5572 ὥστε
2325 5516 2393 5572 δι’
2418 5517 2536 5582 ἐνὸς
2559 5515 2713 5571 τοῦδε
2742 5517 2869 5581 τοὺς
2896 5515 3099 5589 ἄλλους
3116 5511 3402 5585 ἀκριϐείας
3425 5512 3537 5589 ἐπι-

291 5610 485 5667 ﬁereut
512 5611 603 5665 alii
636 5612 905 5666 cautiores
932 5619 986 5666 et
1012 5610 1402 5680 diligentiores.
1744 5659 1750 5665 .

1971 5609 2366 5681 λαμϐάνεσθαι,
3460 5604 3494 5636 ⁸⁵

366 5698 603 5756 XXXI".
647 5698 715 5756 Ut
742 5711 919 5756 autem
950 5702 1139 5756 mortis
1176 5703 1489 5757 memoriam
1514 5715 1625 5756 sua:
1657 5701 1849 5773 cogita-

2042 5702 2163 5757 ΛΡ.
2189 5702 2307 5756 Ἵνα
2336 5701 2390 5755 δὲ
2412 5702 2503 5755 καὶ
2534 5700 2631 5772 τήν
2654 5699 2742 5753 τοῦ
2775 5699 3003 5753 θανάτου
3032 5697 3253 5768 μνήμην
3277 5696 3357 5759 είς
3388 5691 3537 5765 βάθος

297 5793 426 5848 tioni
457 5791 719 5862 prnl'ondc
747 5779 1102 5864 imprimeret,
1131 5808 1183 5850 et
1211 5809 1326 5851 eam
1358 5805 1617 5864 perpetuo
1646 5794 1849 5848 ltalzcrr?

1983 5792 2259 5867 ἐγχαρᾶιξῃ
2308 5796 2370 5865 τῇ
2401 5793 2488 5848 δια
2522 5794 2627 5866 οἵᾳ,
2681 5792 2772 5847 καὶ
2836 5789 2923 5845 διὰ
2973 5788 3172 5854 παντὸς
3205 5786 3354 5860 αὐτῷ
3384 5800 3535 5860 παρι-
