3828 6530
276 371 385 438 925

1227 373 1403 434 VITA
1447 376 1505 435 S.
1552 373 1873 434 JOANNIS
1911 373 2557 436 ELEEMOSYNARIL

3429 368 3533 434 926

280 484 583 556 ισταμένην
607 482 705 556 ἔχη
724 482 818 537 καὶ
844 481 953 554 πρὸ
976 483 1260 554 ὀμμάτων,
1288 483 1340 538 τί
1370 486 1544 549 ποιεῖ;
1578 485 1855 553 Μνημεῖον

1968 492 2300 552 ρτιεεειιιυιη,
2340 494 2393 540 ει
2423 492 2547 538 ante
2593 481 2810 546 oculos,
2848 480 2977 550 quid
3024 478 3192 535 facit?
3228 477 3388 534 Jubet
3429 479 3531 534 sibi

274 576 429 649 αὐτῷ
460 575 787 648 προστάττει
816 573 1288 645 διοικοδομηθῆναι
1310 591 1324 607 ο
1358 575 1529 645 τούτῳ
1545 576 1601 627 δὲ
1634 575 1710 645 μὴ
1736 577 1855 626 ἐπι-

274 666 501 737 τεθῆναι
558 664 756 734 πὲρᾳς,
781 663 906 745 ρλϊ
938 662 1192 735 ἡμιτελὲς
1224 662 1366 718 οὓτω
1400 663 1851 734 καταλειφθῆναι·

277 755 400 812 εἶτα
427 759 554 821 τοὺς
600 757 695 811 ἐπὶ
734 755 815 828 τῷ
843 756 989 826 ἔργῳ
1018 756 1387 824 τεταγμένους
1416 756 1638 809 ἐπειδὰν
1664 756 1852 823 ἐπίση-

279 850 381 921 μός
411 866 497 912 τις
540 847 703 919 ἑορτὴ
738 846 846 917 εἴη,
893 847 989 899 ἐπὶ
1020 846 1239 901 πάντων
1294 845 1693 915 ἐφισταμένους
1747 846 1857 900 τῶν

277 940 710 1012 συνεδρευόντων
740 941 796 992 ὲν
827 938 904 1009 τῷ
938 941 1205 1009 προφανεῖ
1231 938 1435 1006 λέγειν·
1479 938 1553 990 Τὸ
1584 940 1772 1009 μνῆμα
1798 938 1859 991 τὸ

279 1032 372 1085 σδν
398 1031 527 1101 ἄχρι
578 1029 817 1100 τήμερον
859 1027 1068 1092 ἀτελὲς,
1102 1027 1370 1081 δέσποτα·
1433 1027 1724 1096 ἐπίτρεψον
1765 1026 1858 1081 οὖν

277 1123 411 1180 αὐτὸ
438 1122 611 1192 πέρας
637 1120 859 1174 λαϐεῖν’
891 1117 1085 1193 ἄδηλον
1127 1120 1234 1191 γὰρ
1291 1119 1453 1191 ὁποίᾳ
1503 1119 1623 1191 ὥρᾳ
1670 1121 1698 1173 ὁ
1734 1118 1861 1174 κλέ-

275 1229 421 1281 πτης
459 1212 640 1265 ἔπεισι
672 1211 921 1274 Θάνατος.

349 1302 469 1359 AA’.
506 1303 669 1357 Ἀλλὰ
700 1303 784 1367 τίς
800 1302 866 1357 ἂν
891 1302 1102 1356 ἐκείνου
1132 1302 1191 1354 τὸ
1210 1300 1354 1355 λιτὸν
1380 1300 1480 1370 τῆς
1507 1300 1738 1371 διαίτης,
1762 1302 1859 1356 καὶ

276 1395 338 1448 τδ
378 1394 507 1464 περὶ
557 1392 655 1462 τὴν
683 1392 885 1462 ἐσθῆτα
916 1391 1012 1445 καὶ
1069 1391 1360 1462 στρωμνὴν
1417 1390 1637 1454 εὐτελές
1666 1407 1726 1443 τε
1763 1391 1883 1444 καὶΔ

280 1485 505 1555 μέτριον
535 1483 738 1559 έξείποι
793 1480 1007 1548 καλῶςς
1047 1481 1204 1535 Μετὰ
1234 1482 1343 1553 γὰρ
1373 1481 1482 1534 τῶν
1530 1481 1709 1535 ἄλλων
1740 1481 1862 1535 οὐδὲ

276 1576 480 1646 ταύτης
506 1574 698 1645 ἡμέλει
718 1574 817 1645 τῆς
834 1576 1034 1645 ἀρετῆς
1053 1590 1067 1603 '
1090 1572 1231 1626 ὥστε
1262 1574 1428 1644 μηδὲν
1456 1573 1621 1628 πλέον
1665 1578 1722 1626 ἐν
1748 1573 1865 1627 τού-

277 1686 393 1732 τοις
421 1667 530 1720 τῶν
557 1665 767 1719 πολλῶν
806 1665 950 1736 ἔχειν
982 1664 1077 1718 καὶ
1106 1664 1617 1734 εὐκαταφρονήτων,
1655 1662 1864 1733 Ἀμέλει

276 1778 364 1824 τις
396 1758 508 1811 τῶν
536 1756 841 1829 οἰκητόρων
878 1755 980 1825 τῆς
1010 1755 1217 1820 πόλεως
1271 1753 1665 1826 συνηθέστερος
1707 1752 1859 1825 αὐτῷ

277 1849 590 1919 τυγχάνων,
614 1848 764 1910 ὅπως
797 1841 912 1916 εἶχε
946 1845 1156 1915 μαθὼν,
1206 1844 1437 1914 σισύραν
1467 1843 1528 1909 ἐξ
1568 1843 1667 1898 καὶ
1696 1844 1856 1913 τριά-
1893 1828 1934 1882 Β

281 1959 448 1995 κοντα
474 1932 832 2013 νομισμάτων
865 1938 1186 2006 πριάμενος,
1219 1936 1426 1988 στέλλει
1450 1934 1527 2004 τῷ
1553 1933 1811 2005 μακαρίῳ
1839 1973 1856 1996 ,

281 2034 510 2085 πλεῖστα
542 2029 617 2101 μὴ
667 2028 993 2086 ἀπώσασθαι
1044 2028 1281 2100 δεηθεὶς,
1312 2027 1429 2082 ἀλλ’
1460 2028 1655 2082 ἑαυτὸν
1683 2029 1860 2100 ταύτῃ

284 2126 676 2199 περιστέλλειν.
714 2124 885 2178 Τοῦτο
911 2120 1005 2177 οὖν
1032 2124 1126 2177 καὶ
1155 2124 1244 2178 διὰ
1264 2125 1325 2178 τὸ
1352 2123 1447 2178 τοῦ
1476 2123 1670 2196 ἀνδρὸς
1707 2118 1864 2175 εὖπι-

285 2237 411 2275 στον
446 2218 542 2272 καὶ
594 2218 777 2288 τὸτῆς
822 2218 1101 2285 ἀξιώσεως
1149 2216 1408 2287 ἐπιμελὲς
1458 2217 1553 2271 καὶ
1600 2215 1863 2285 διάπυρον

282 2314 512 2382 ποιῆσαι
569 2310 826 2381 θελήσας,
861 2309 923 2361 οὐ
970 2307 1210 2361 διέλιπεν
1242 2308 1393 2379 ὅμως
1434 2306 1565 2379 παρ’
1608 2306 1736 2375 ὃλην
1764 2305 1862 2379 τὴν

282 2402 459 2457 νύκτα
488 2401 785 2467 ταλανίζων
819 2399 1043 2480 Etruria»,
1088 2400 1163 2461 ὡς
1212 2398 1260 2452 0i
1293 2399 1728 2470 παρεδρεύοντες
1778 2400 1861 2463 είς

283 2495 511 2565 ἔσχατον
541 2493 897 2564 ἐξηγήσαντο,
930 2491 1050 2555 καὶ,
1086 2490 1182 2553 Τίς
1227 2489 1293 2543 ἂν
1338 2490 1398 2544 ού
1430 2490 1730 2560 καταγνοίη
1761 2508 1863 2561 μου

283 2587 381 2642 τοῦ
410 2583 697 2651 ταπεινοῦ,
749 2585 947 2654 λέγων,
991 2584 1263 2646 Ἰωάννου,
1313 2584 1362 2635 εί
1421 2584 1546 2652 ἐμοὶ
1590 2583 1693 2653 μὲν
1748 2582 1864 2637 ἐστι

282 2679 584 2750 τριάκοντα
642 2676 739 2731 καὶ
768 2675 829 2743 ἓξ
881 2675 1234 2746 νομισμάτων
1269 2672 1607 2744 ὲπιδλήματι
1665 2673 1862 2727 σκέπε-

286 2769 435 2835 σθαι,
453 2770 565 2831 τοῖς
589 2767 647 2821 δὲ
677 2767 821 2822 κατὰ
844 2766 1102 2843 Χριστὸν,
1138 2765 1265 2836 φεῦ,
1287 2765 1540 2834 ἀδελφοῖς
1568 2768 1681 2826 τοῖς
1713 2767 1865 2835 ἐμοῖς

284 2864 350 2917 τὸ
388 2862 689 2933 ὑπαίθρους
719 2860 798 2932 τῷ
840 2859 996 2930 κρύει
1031 2858 1414 2929 πηγνυμένους
1452 2857 1740 2924 διατελεῖν,
1771 2859 1866 2911 κει)⁵

1957 578 2167 633 exstrui
2192 574 2585 631 monimentum
2617 592 2631 629 :
2665 575 2712 629 ei
2747 583 2929 628 autem
2963 572 3124 628 linem
3158 586 3269 627 non
3307 572 3530 640 imponi.

1958 674 2049 729 sed
2101 670 2544 741 semiperfectum
2593 670 2672 725 sic
2724 668 2998 739 relinqui;
3054 667 3253 723 deinde
3300 682 3393 722 eos
3441 667 3531 737 qui

1961 764 2199 836 przefecti
2227 775 2385 819 erant
2414 763 2585 834 operi,
2614 779 2738 819 cum
2769 771 2915 818 esset
2938 762 3135 817 festum
3164 760 3380 830 aliquod
3404 759 3534 813 insi-

1960 872 2083 928 gne,
2116 856 2438 911 accedentes
2468 857 2520 909 in
2555 865 2850 923 conspectu
2883 854 3151 919 omnium,
3173 851 3264 921 qu‘i
3290 851 3533 907 conside-

1959 948 2113 1014 bant,
2148 958 2333 1017 aperte
2362 948 2547 1003 dicere
2579 964 2593 1002 :
2628 947 3013 1001 Munimentum
3048 955 3197 998 tuum
3230 944 3284 998 in
3315 942 3532 997 hodier-

1960 1056 2089 1094 num
2121 1056 2292 1110 usque
2339 1040 2480 1095 diem
2524 1048 2607 1095 est
2650 1038 3067 1109 imperfectum,
3119 1036 3360 1090 domine.
3399 1031 3536 1087 Jube

1960 1147 2122 1201 ergo,
2160 1139 2219 1186 ut
2249 1133 2300 1186 id
2332 1131 2496 1186 linem
2532 1132 2787 1200 accipiat.
2826 1129 3093 1184 Incertum
3124 1136 3206 1183 est
3231 1125 3396 1191 enim,
3428 1139 3535 1195 qua

1962 1224 2091 1277 hora
2120 1223 2208 1278 fur
2236 1224 2591 1293 ingrediatur,
2622 1238 2815 1294 nempe
2840 1237 3009 1276 mors.

2035 1314 2278 1369 XXXIV.
2319 1314 2422 1370 Sed
2456 1316 2576 1385 quis
2604 1314 2745 1369 illius
2770 1314 2943 1369 virtus
2973 1312 3389 1374 tenuitatcmfct
3418 1324 3537 1376 quas

1964 1415 2080 1461 erat
2112 1406 2255 1461 circa
2283 1417 2487 1460 vestem
2520 1415 2573 1459 et
2604 1413 2832 1460 stratum
2875 1402 3133 1456 vilitatem
3162 1408 3217 1454 et
3251 1399 3537 1473 mediocri-

1969 1508 2155 1565 tatem,
2191 1506 2337 1552 recte
2369 1494 2780 1551 enuntiaverit?
2809 1493 3095 1548 Cum‘aliis
3129 1491 3273 1545 enim
3305 1504 3370 1544 ne
3401 1489 3538 1542 hanc.

1965 1588 2181 1659 quidem
2211 1588 2446 1657 neglexit
2474 1588 2749 1650 virtutem,
2776 1584 2909 1639 adeo
2940 1593 2996 1638 ut
3022 1584 3214 1653 vulgus
3239 1592 3291 1638 et
3319 1596 3413 1635 eos
3447 1580 3537 1647 qui

1968 1689 2090 1732 sunt
2112 1677 2429 1747 contempti.
2464 1678 2517 1731 in
2542 1677 2626 1730 his
2647 1692 2711 1729 ue
2737 1682 3019 1746 superaret
3040 1672 3278 1742 quidem.
3308 1671 3537 1737 Quidam

1968 1780 2114 1825 certe
2142 1784 2208 1822 ex
2247 1767 2645 1823 habitatoribus
2674 1765 2929 1830 civitatis,
2963 1763 3053 1833 qui
3078 1770 3192 1817 erat
3223 1761 3269 1814 ei
3301 1759 3535 1814 familia-

1967 1865 2095 1927 rior,
2124 1876 2245 1917 cum
2274 1860 2587 1915 rescivisset
2615 1858 2881 1928 quomodo
2908 1872 2995 1911 res
3022 1871 3081 1911 se
3105 1854 3347 1916 haberet,
3379 1866 3541 1922 oper-

1968 1954 2165 2009 torium
2196 1952 2309 2024 (15)
2341 1964 2576 2022 emptum
2610 1951 2825 2021 triginta
2866 1964 2960 2004 sex
2998 1948 3235 2002 nummis
3267 1944 3432 2000 mittit
3469 1944 3536 1998 ad
3612 1943 3617 1947 ’

1964 2046 2212 2109 Beatum,
2236 2044 2528 2115 plurimum
2553 2057 2749 2113 rogans
2775 2057 2845 2096 ne
2871 2041 2921 2096 id
2944 2051 3245 2104 recusaret,
3269 2041 3362 2095 sed
3386 2054 3445 2093 se
3471 2053 3540 2094 eo

1966 2137 2234 2191 indueret.
2273 2134 2385 2191 lloc
2415 2150 2547 2206 ergo
2581 2149 2702 2189 cum
2739 2143 2791 2189 et
2818 2144 3039 2203 propter
3061 2131 3163 2185 viri
3199 2130 3537 2197 fidelitatem,

1964 2242 2292 2300 precumque
2324 2229 2730 2283 contentionem
2764 2236 2818 2280 et
2846 2227 3094 2279 ardorem
3124 2223 3305 2279 facere
3334 2223 3541 2278 voluis-

1964 2331 2079 2387 set,
2122 2336 2232 2376 non
2274 2319 2512 2376 cessavit
2560 2328 2737 2374 tamen
2794 2327 2903 2373 leta
2945 2326 3102 2372 nocte
3144 2314 3429 2370 lamentari
3464 2314 3545 2385 (ut

1965 2422 2239 2482 postremo
2281 2419 2690 2483 exposuerunt,
2739 2410 2830 2479 qui
2870 2409 2920 2465 ei
2966 2406 3336 2475 assidebam),
3385 2404 3540 2472 Quis,

1966 2504 2177 2568 dicens,
2220 2517 2325 2557 non
2358 2500 2735 2557 condemnarit
2760 2513 2847 2554 me
2888 2498 3145 2552 miserum
3175 2494 3460 2559 Joannem,
3496 2494 3541 2547 si

1966 2594 2097 2648 mihi
2145 2594 2274 2649 licet
2321 2592 2424 2662 tegi
2473 2600 2783 2661 tegumenta
2825 2589 3042 2658 triginta
3076 2596 3129 2641 et
3169 2601 3261 2641 sex
3295 2600 3546 2640 nummo-

1969 2700 2115 2747 rum,
2158 2684 2357 2738 fratres
2391 2688 2573 2737 aute’m
2624 2682 2725 2735 mei
2771 2679 2945 2751 (proh
2982 2678 3208 2749 dolor!)
3243 2676 3544 2733 secundum

1964 2777 2261 2836 Christum.
2295 2776 2400 2831 sub
2424 2775 2516 2831 dio
2546 2782 2803 2844 perpetuo
2825 2777 3024 2843 degant
3051 2770 3290 2827 concreti
3317 2770 3542 2841 frigore,

1965 2877 2019 2922 et
2048 2881 2148 2921 nec
2175 2866 2464 2920 minimum
2494 2863 2711 2933 quidem
2743 2873 2797 2919 et
2826 2862 3148 2918 vilissimum
3182 2876 3415 2931 pannmn
3448 2862 3547 2915 ha-

291 2954 426 3023 μηδὲ
458 2953 623 3024 ῥάκος
658 2950 998 3022 βραχύτατόν
1037 2966 1089 3004 τι
1119 2949 1215 3002 καὶ
1244 2948 1443 3002 εὕωνον
1471 2949 1724 3020 εὐπορεῖν
1745 2965 1760 2980 ⁸
1792 2942 1864 3002 ὧν

1968 2960 2172 3014 beant?
2199 2972 2431 3028 quorum
2464 2956 2679 3026 plurimi
2709 2956 2928 3022 quidem
2964 2964 3148 3010 ventre
3176 2970 3347 3009 vacuo
3376 2961 3430 3009 et
3457 2953 3545 3008 iu-

286 3046 339 3098 οἱ
375 3042 591 3108 πλείους
618 3043 714 3098 καὶ
737 3042 883 3095 κενοὶ
915 3042 1014 3113 τὴν
1034 3040 1277 3111 γαστέρα
1304 3040 1397 3094 καὶ
1431 3039 1673 3093 ἄδειπνοι
1730 3056 1864 3092 κατ-

1968 3050 2166 3105 carnali
2206 3048 2545 3115 recumbunt,
2575 3058 2629 3103 et
2664 3049 2746 3103 vel
2785 3048 2951 3118 ipsas,
2987 3045 3098 3118 (hei
3134 3046 3319 3115 mihi!)
3360 3059 3480 3115 qua:
3514 3060 3544 3098 a

289 3134 607 3207 εκληθίσαν,
633 3133 729 3187 καὶ
749 3133 951 3198 αὐτῶν,
979 3134 1151 3203 οἴμοι,
1177 3131 1286 3186 τῶν
1314 3131 1745 3184 άποπιπτουσῶν
1770 3131 1864 3199 τῆς

1973 3158 2155 3197 mensa
2202 3157 2324 3197 mea
2371 3143 2606 3206 cadunt,
2644 3141 2812 3196 micas
2852 3139 3110 3208 cupiunt,
3158 3138 3300 3193 sicut
3343 3151 3546 3205 pauper

289 3229 434 3298 ἐμῆς
462 3225 745 3297 τραπέζης
782 3224 959 3297 ψιχῶν
1011 3224 1295 3295 ἐφιέμενοι
1343 3223 1486 3278 κατὰ
1529 3223 1622 3277 τὸν
1661 3222 1869 3294 πένητα

292 3320 566 3390 Λάζαρον.
598 3318 665 3372 Ai
703 3317 716 3372 ί
744 3317 823 3381 αἳ,
857 3318 1013 3371 πόσοι
1045 3314 1141 3371 νῦν
1173 3316 1315 3382 ξένοι
1361 3316 1457 3370 καὶ
1499 3313 1869 3385 παρεπίδημοι

292 3414 429 3483 πρῖς
466 3412 669 3483 ταύτην
708 3410 966 3479 ἀφίκοντο
995 3410 1094 3479 τὴν
1133 3410 1286 3463 πόλιν
1315 3408 1363 3462 οἳ
1396 3408 1470 3480 μὴ
1495 3408 1710 3478 ἔχοντες
1738 3407 1862 3460 ὅποι

292 3506 390 3579 τὴν
407 3505 650 3576 κεφαλὴν
678 3503 933 3567 κλίνοιεν,
957 3502 1270 3567 πεινῶντες,
1296 3501 1637 3571 κατάνμέσην
1662 3502 1871 3554 κεῖνται

293 3596 392 3666 τὴν
432 3593 674 3665 ἀγοράν’
708 3591 818 3661 ἐγὼ
850 3594 907 3647 δὲ
943 3591 1221 3656 παντοίοις
1273 3589 1593 3645 ὲνευπαοῶν
1648 3588 1872 3658 ἀγαθοῖς

293 3689 431 3759 πρὸς
452 3691 519 3757 τῇ
552 3687 693 3759 άλλη
718 3688 920 3755 τρυφῇ,
944 3685 1040 3739 καί¹
1060 3685 1196 3755 τῷδε
1228 3682 1306 3754 τῷ
1340 3682 1624 3737 πολυτελεῖ
1646 3681 1872 3752 ἐπιϐλή-
1909 3677 1915 3681 ’

296 3798 427 3850 ματι
476 3780 572 3833 νῦν
628 3777 1073 3849 περιστέλλομαι.
1137 3776 1202 3829 Τί
1253 3776 1432 3829 τοίνυν
1490 3774 1609 3828 κατ’
1657 3773 1871 3844 ἐκείνην

293 3870 619 3926 ἀκούσεσθαι
642 3870 923 3939 προσδοκῶ
951 3868 1047 3941 τὴν
1078 3870 1323 3938 ἡμέραν;
1350 3868 1415 3923 Τί
1453 3868 1661 3940 ἕτερον,
1695 3868 1729 3939 ἦ
1764 3868 1869 3935 ὅτε,

292 3963 593 4028 Ἀπέλαϐες
633 3963 704 4016 τὰ
731 3962 911 4031 ἀγαθά
946 3979 1039 4014 σου
1073 3963 1128 4013 ὲν
1152 3963 1218 4032 τῇ
1249 3961 1359 4031 ζωῇ
1389 3976 1502 4027 σου,
1533 3962 1580 4013 οἱ
1616 3959 1670 4013 δέ
1692 3976 1754 4027 γε
1772 3959 1871 4011 πέ-

293 4073 451 4126 νητες
479 4056 548 4109 τά
574 4056 738 4120 κακὰ,
759 4055 852 4108 καὶ
876 4053 963 4108 διὰ
985 4052 1140 4106 τοῦτο
1164 4052 1258 4105 νῦν
1286 4052 1441 4108 αὐτοὶ
1482 4051 1580 4121 μὲν
1609 4067 1869 4123 παρακα-

292 4146 531 4209 λοῦνται,
576 4147 641 4199 σὺ
687 4145 743 4198 δὲ
800 4144 966 4209 ἀξίως
1022 4143 1334 4207 ὁδυνᾶσαις
1383 4141 1523 4193 Ἀλλ’
1580 4141 1871 4213 εὐλογητὸς

295 4236 523 4308 Κύριος,
560 4236 659 4290 οὐκ
726 4234 807 4289 ἔτι
868 4233 1026 4287 τοῦτο
1066 4235 1094 4286 ὁ
1141 4231 1394 4294 ταπεινὸς
1426 4231 1870 4302 σκεπασθήσεται

305 4328 581 4399 Ἰωάννης,
612 4325 749 4380 ἀλλά
769 4325 865 4397 τὴν
898 4322 1064 4379 αὐτοῦ
1099 4320 1261 4393 τιμὴν
1295 4318 1527 4390 πένητες
1565 4319 1868 4390 ἀμφιάσον-

293 4436 411 4475 ται.

1974 3236 2231 3291 Lazarus.
2276 3232 2428 3289 Heu!
2467 3232 2600 3288 heu!
2644 3247 2807 3302 quam
2851 3231 3005 3285 multi
3045 3244 3189 3285 nunc
3219 3230 3457 3299 hospites
3491 3235 3547 3283 ιι

1975 3325 2245 3398 peregrini
2277 3325 2343 3379 ad
2377 3329 2516 3380 hanc
2555 3334 2814 3379 venerunt
2850 3321 3151 3387 civitatem,
3188 3322 3280 3392 qui
3312 3337 3420 3377 non
3452 3324 3548 3377 ha-

1973 3419 2104 3471 bent
2134 3416 2221 3471 nbi
2250 3424 2412 3484 caput
2438 3414 2723 3480 reclinent,
2755 3413 3165 3482 esurientesque
3193 3423 3247 3467 et
3275 3414 3544 3478 sitientes,

1968 3507 2148 3576 jacent
2184 3506 2235 3558 in
2267 3504 2443 3558 medio
2482 3502 2622 3558 foro.
2657 3501 2771 3573 Ego
2801 3508 2979 3556 autem
3013 3516 3102 3555 me
3132 3501 3360 3556 delicate
3386 3516 3546 3557 onme

1972 3612 2140 3668 genus
2167 3595 2392 3666 explens
2424 3594 2601 3659 bouis,
2628 3601 2821 3663 praeter
2848 3593 2984 3647 alias
3016 3592 3241 3648 delicias
3274 3592 3377 3646 hoc
3407 3606 3549 3661 quo-

1972 3702 2078 3758 que
2109 3702 2255 3742 nunc
2292 3698 2609 3758 sumptuoso
2639 3685 2835 3741 induor
2864 3692 3201 3754 tegumenta.
3237 3682 3381 3750 Quid
3413 3699 3546 3755 ergo

1974 3779 2062 3832 illo
2094 3778 2181 3833 die
2210 3789 2464 3848 exspecto
2495 3794 2579 3833 me
2607 3775 2958 3837 auditurum?
2988 3776 3125 3843 Quid
3154 3776 3321 3843 aliud,
3341 3790 3504 3846 quam
3527 3795 3541 3807 ·

1973 3872 2244 3944 Recepisti
2297 3874 2435 3929 bona
2484 3883 2571 3929 tua
2623 3874 2675 3927 in
2726 3874 2833 3928 vita
2880 3883 3003 3937 tua,
3061 3888 3323 3943 pauperes
3364 3883 3543 3937 autem

1975 3967 2114 4019 mala
2140 3982 2155 4021 :
2188 3973 2244 4020 et
2268 3974 2553 4035 propterea
2578 3966 2679 4035 ipsi
2706 3965 2922 4036 quidem
2954 3979 3094 4019 nunc
3118 3964 3387 4032 accipiunt
3414 3978 3547 4019 con-

1973 4058 2334 4121 solutionem,
2379 4066 2432 4111 tu
2472 4068 2653 4112 autem
2708 4058 2971 4112 cruciaris
3012 4071 3107 4125 pro
3152 4055 3393 4110 meritis?
3437 4053 3546 4111 Sed

1974 4152 2292 4206 benedictus
2340 4149 2515 4213 Deus,
2560 4167 2668 4205 non
2719 4149 2947 4220 amplius
2977 4166 3041 4205 eo
3081 4160 3288 4220 legetur
3331 4150 3547 4205 humilis

1971 4241 2232 4308 Joannes,
2266 4244 2358 4298 sed
2385 4240 2502 4310 ejus
2528 4243 2701 4313 pretio
2731 4241 3021 4297 induentur
3052 4257 3332 4312 pauperes.

364 4512 487 4566 AE'.
518 4511 670 4580 ’Δμα
692 4508 824 4577 γοῦν
851 4508 990 4578 φωτὶ
1023 4507 1122 4577 τὴν
1154 4504 1386 4574 σισύραν
1431 4506 1509 4567 εἰς
1542 4504 1639 4575 τὴν
1667 4502 1864 4574 ἀγοράν

2044 4498 2263 4554 XXXV.
2325 4497 2462 4553 Cum
2520 4514 2753 4569 pr.mum
2804 4497 2982 4567 itaque
3025 4498 3326 4564 illuxisset,
3381 4500 3546 4556 mittit

294 4603 505 4673 πέμπει
532 4598 1066 4670 διαπραοησομένην,
1103 4596 1171 4666 ἢν
1206 4597 1233 4649 ὁ
1255 4591 1639 4667 προσενεγκὼν
1668 4592 1868 4646 θεασά-

298 4713 482 4771 μενος,
510 4690 665 4757 αὖθις
696 4692 1017 4763 πριάμενος,
1036 4686 1196 4753 αὖθις
1212 4688 1307 4742 καὶ
1336 4687 1639 4757 προσάγει·
1658 4688 1685 4739 ὁ
1706 4684 1762 4739 δὲ
1785 4684 1871 4738 δέ·

291 4785 451 4858 γεται
486 4787 607 4856 μὲν,
637 4786 775 4856 πρὸς
804 4784 862 4843 δὲ
890 4785 987 4855 τὴν
1016 4782 1221 4853 ἀγοράν
1256 4782 1349 4833 καὶ
1382 4779 1536 4842 αὖθις
1568 4779 1867 4847 ἐκπέμπει.

305 4883 394 4939 Ὠς
419 4879 477 4932 δὲ
502 4879 581 4942 δὶς
610 4878 710 4933 καὶ
764 4876 1025 4939 πολλάκις
1052 4874 1210 4928 τοῦτο
1239 4873 1467 4941 γένοιτο,
1502 4873 1528 4924 ὁ
1562 4870 1736 4940 μέγας
1761 4870 1867 4940 ,δη-

293 4969 377 5022 λοῖ
400 4966 477 5037 τῷ
509 4967 880 5039 προσάγοντι’
914 4964 1163 5033 Ἴδωμεν,
1226 4959 1417 5023 εἰπὼν,
1469 4960 1552 5023 τίς
1605 4959 1869 5029 πρότερον

292 5058 663 5129 ἐπαγορεύσει
697 5058 806 5111 τῶν
854 5057 968 5121 δύο,
1001 5055 1111 5124 ἐγὼ
1153 5054 1252 5125 μὲν
1303 5054 1472 5124 αὐτὴν
1520 5052 1866 5124 πιπράσκων,

294 5150 360 5203 ab
389 5151 445 5203 δὲ
474 5147 901 5219 ὠνούμενοςκαὶ
927 5146 1269 5218 προσφέρων.
1305 5144 1413 5197 Καὶ
1442 5142 1551 5212 γάρ
1575 5137 1641 5214 ἦν
1671 5142 1699 5195 ὁ
1727 5141 1868 5212 ἀνὴρ

290 5240 402 5294 τῶν
429 5239 550 5293 λίαν
578 5239 850 5312 εὐπόρων,
883 5231 945 5291 οὗ
981 5236 1141 5315 χάριν
1194 5235 1448 5306 ἐπίτηδες
1492 5237 1517 5288 ὁ
1546 5236 1717 5306 μέγας
1766 5234 1863 5287 καὶ

294 5329 754 5401 παρακερδαίνειν
811 5326 974 5380 αὑτοῦ
1027 5319 1309 5394 ἠϐούλετο,
1362 5322 1501 5376 ὥστε
1549 5324 1618 5375 τὰ
1646 5322 1859 5376 ἐκείνου

294 5420 433 5487 πρὸς
464 5418 589 5479 τοὺς
638 5418 877 5484 πένητας
931 5416 1263 5485 παραρρεῖν.
1323 5414 1519 5482 Ἔλεγε
1553 5413 1609 5466 δὲ
1659 5414 1752 5466 καί
1808 5431 1863 5468 τι

300 5504 533 5560 τοιοῦτον
561 5505 657 5571 ὡς,
692 5504 759 5559 Εἴ
779 5523 862 5568 τις
886 5504 993 5556 ἀπὸ
1013 5506 1119 5555 τῶν
1145 5504 1329 5573 ἁϐρῶν
1355 5502 1558 5555 τούτων
1581 5502 1673 5555 καὶ
1702 5504 1866 5556 πλου-

294 5598 426 5667 σίων
455 5598 673 5652 δύναιτο
721 5598 815 5649 καὶ
859 5595 1095 5667 μάλιστα
1144 5595 1252 5647 τῶν
1310 5593 1671 5665 ἀσπλαγχνων
1702 5595 1863 5665 τέχνῃ

1970 4588 2301 4657 opertorium
2335 4587 2389 4641 in
2421 4586 2595 4641 forum
2629 4588 3100 4642 venumdandum:
3136 4592 3276 4658 quod
3309 4604 3430 4643 cum
3465 4592 3543 4645 vi-

1933 4681 2137 4735 disset
2187 4679 2233 4733 is
2282 4679 2377 4749 qui
2432 4680 2739 4746 obtulerat,
2795 4696 2985 4734 rursus
3031 4682 3161 4734 emit
3207 4687 3261 4735 et
3307 4682 3372 4735 ad
3419 4697 3541 4738 eum

1966 4770 2148 4829 affert.
2201 4771 2294 4825 Ille
2365 4781 2550 4840 autem,
2599 4772 2795 4842 accipit
2856 4772 3111 4841 quidem,
3170 4776 3358 4827 rursus
3414 4790 3545 4831 vero

1968 4861 2216 4916 mittitad
2251 4861 2450 4918 forum.
2482 4860 2615 4915 Cum
2642 4872 2817 4916 autem
2844 4862 2925 4917 bis
2954 4874 3007 4917 et
3035 4877 3175 4932 saepe
3202 4864 3304 4919 hoc
3333 4864 3531 4919 factnm

1967 4964 2145 5019 esset,
2196 4971 2420 5024 umgnus
2448 4952 2684 5010 Joannes
2725 4954 2990 5025 signiﬁcat
3029 4955 3076 5009 ei
3120 4956 3213 5026 qui
3241 4955 3540 5017 oﬂerebat:
3637 4983 3641 4987 ·

1970 5043 2292 5110 Videamus,
2324 5047 2548 5109 dicens,
2589 5046 2714 5115 quis
2742 5062 2805 5101 ex
2849 5046 3004 5101 nobis
3033 5047 3181 5117 prius
3221 5050 3541 5121 deiatigabi-

1969 5145 2078 5202 tur,
2109 5152 2210 5207 ego
2241 5138 2457 5207 quidem
2488 5136 2664 5210 ipsum
2690 5140 2947 5205 vendens,
2985 5148 3037 5195 tu
3065 5149 3242 5195 autem
3275 5155 3459 5199 emens
3487 5153 3537 5199 et

1967 5231 2206 5287 olIerens
2227 5247 2240 5284 :
2263 5241 2382 5285 erat
2409 5232 2552 5286 enim
2590 5231 2743 5287 valde
2767 5233 2936 5288 dives.
2970 5233 3330 5300 Quamobrem
3360 5235 3539 5291 dedita

1965 5336 2126 5389 opera
2160 5322 2369 5377 volebat
2396 5338 2620 5391 magnus
2641 5320 2875 5377 Joannes
2912 5339 2973 5378 ενι
3008 5338 3071 5377 eo
3103 5324 3451 5387 lucrifacere,
3482 5336 3536 5379 nt

1965 5415 2109 5468 illius
2152 5417 2288 5468 bona
2330 5415 2395 5468 ad
2440 5431 2702 5485 pauperes
2745 5415 3037 5470 eminerent.
3088 5412 3311 5469 Dicebat
3357 5429 3529 5469 autem

1966 5506 2128 5559 etiam
2165 5506 2269 5560 tale
2296 5508 2449 5575 quid,
2473 5505 2617 5575 quod
2658 5506 2703 5560 si
2733 5507 2852 5574 quis
2882 5506 2949 5559 ab
2978 5506 3063 5561 his
3091 5505 3338 5561 delicatis
3369 5516 3424 5560 et
3450 5507 3536 5561 di-

1971 5596 2200 5662 vitibus,
2250 5604 2305 5650 et
2355 5598 2585 5652 tnaxinte
2639 5600 2703 5653 iis
2752 5597 2843 5667 qui
2882 5606 3009 5652 sunt
3051 5597 3531 5664 immisericordes,

367 5778 479 5850 (lii)
508 5778 788 5845 llurvctns,
822 5778 1077 5836 (ilicium.
1107 5775 1292 5833 (inure
1322 5775 1565 5849 σισύραν,
1592 5779 1883 5851 stragulum
1910 5780 2249 5857 barbaricum
2281 5797 2308 5835 ε
2341 5780 2536 5837 villosis
2560 5783 2809 5851 pellibus.
