3828 6540
306 285 409 352 921
1530 284 1815 346 MENSIS
1853 286 2309 351 JANUARIUS.
3410 257 3575 354 ‘92:;

303 410 489 474 posset
518 410 634 458 arte
659 402 836 474 aliqua
872 411 928 458 et
955 402 1164 457 ratione
1194 402 1260 457 ad
1298 402 1444 460 insas
1470 384 1649 473 usque.
1668 401 1884 461 auferre

1997 406 2092 460 nvi.
2151 406 2245 462 καὶ
2274 405 2497 490 μεθόδῳ,
2532 405 2659 476 ἄχρι
2690 404 2785 461 καὶ
2841 405 3022 461 αὐτῶν
3069 406 3422 479 ἀφαιρεῖσθαι
3454 408 3574 462 τῶν

306 495 555 563 tunicas,
600 504 658 551 ut
699 494 1041 551 benefaceret
1087 495 1489 566 indigentibus,
1531 494 1601 549 ab
1645 509 1710 549 eo
1739 495 1882 564 quod

1997 498 2223 571 (ιτώνων
2250 498 2352 569 τῆς
2378 499 2486 553 τῶν
2508 497 2703 554 ἐνδεῶν
2724 493 2912 552 ἕνεκεν
2942 497 3210 565 εὐποιίας,
3247 500 3345 571 οὐχ
3379 501 3572 572 ἆμαρ-

307 589 462 641 decet
501 586 722 643 minime
755 588 1053 643 aberraret.
1091 586 1182 641 Sic
1218 587 1359 641 enim
1397 602 1485 642 res
1524 586 1658 641 duas
1687 585 1885 642 eliiciet

306 678 697 747 pulcherrimas
729 697 743 733 :
780 671 941 733 unam
976 678 1215 749 quidem,
1254 680 1399 748 quod
1435 677 1646 733 illorum
1687 678 1886 732 animis

308 772 539 825 salutem
574 771 927 839 conciliabit;
961 772 1186 826 alteram
1223 781 1423 835 autent,
1454 772 1595 840 quod
1622 786 1688 826 ex
1724 770 1887 826 rebus

307 863 498 918 alienis
530 880 634 918 non
675 880 894 934 parvam
938 879 1119 934 neque
1155 864 1324 919 levem
1364 864 1469 918 sibi
1500 864 1712 932 parabit
1742 878 1887 918 mer-

309 955 515 1010 cedem.
573 955 631 1011 ln
674 957 1040 1011 testimonium
1083 965 1265 1011 autem
1302 957 1421 1026 ejus
1464 957 1605 1027 quod
1644 955 1884 1023 dicebat,

310 1048 611 1103 adducebat
638 1050 799 1104 etiam
835 1052 885 1104 id
923 1050 1069 1121 quod
1109 1064 1337 1119 magnus
1378 1048 1503 1104 fecit
1538 1049 1889 1119 Epiphanius,

311 1140 402 1209 qui
431 1140 630 1207 effecit,
667 1152 724 1196 ut
754 1143 995 1211 pecunia:
1031 1142 1256 1198 Joannis
1297 1141 1538 1211 episcopi
1576 1138 1887 1213 Hierosoly-

314 1232 501 1285 mitani
550 1234 633 1302 pia
679 1234 907 1304 quadam
955 1233 1039 1288 via
1082 1243 1133 1289 et
1178 1233 1384 1287 ratione
1432 1230 1888 1287 distribuerentur

314 1324 662 1392 pauperibus.

1982 592 2206 665 τήσεται
2233 590 2325 645 τοῦ
2359 594 2745 664 προσήκοντος.
2778 591 2883 645 Δύο
2908 592 3014 663 γὰρ
3042 590 3185 646 οὕτω
3204 592 3575 662 διοικονομεῖ-

1983 698 2072 735 ται
2093 681 2159 733 τὰ
2186 681 2470 744 κάλλιστα,
2512 681 2571 735 ἓν
2602 680 2704 750 μὲν
2728 683 2808 736 ὃτι
2832 682 2927 736 καὶ
2948 682 3070 746 ταῖς
3102 681 3327 736 ἐκείνων
3359 682 3575 753 ψυχαῖς

1988 774 2351 845 μνηστεύεται
2378 776 2670 846 σωτηρίανς
2707 774 2897 847 ἕτερον
2939 774 2996 829 δὲ
3025 776 3107 830 ὅτι
3136 776 3230 830 καὶ
3261 776 3443 845 ἑαυτῷ
3477 793 3571 846 μι-

1986 866 2110 921 σθὸν
2138 868 2200 921 ἑκ
2227 867 2338 921 τῶν
2368 867 2681 939 ἀλλοτρίων,
2701 866 2819 921 οὔτι
2852 868 3045 939 μικρὸν
3072 868 3193 921 οὐδὲ
3216 867 3305 922 τὸν
3331 868 3571 938 τυχόντα

1982 961 2281 1030 περιποιεῖ.
2297 959 2610 1031 Μαρτύριον
2626 959 2683 1014 δὲ
2702 959 2798 1013 τοῦ
2824 960 2981 1029 λόγου
3006 960 3100 1015 καὶ
3125 960 3186 1014 τὸ
3210 961 3302 1013 τοῦ
3326 960 3571 1029 μεγάλου

1981 1051 2265 1120 παρετίθει
2299 1052 2637 1119 Ἐπιφανίου,
2677 1052 2737 1117 ὃς
2792 1052 3039 1107 Ἰωάννου
3091 1054 3159 1107 τὰ
3187 1053 3281 1106 τοῦ
3310 1053 3573 1123 ἀρχιεπι-

1986 1142 2190 1196 σκόπου
2227 1141 2616 1212 Ἱεροσολύμων
2641 1144 2899 1215 χρήματα
2933 1143 3151 1197 εὐσεϐεῖ
3186 1143 3394 1215 μεθόδῳ
3427 1158 3575 1212 παρ-

1984 1233 2254 1288 εσκεύασε
2281 1236 2396 1299 τοῖς
2419 1234 2694 1306 δεομένοις
2727 1234 3112 1313 ὲκκενωθῆναι.
3530 1218 3537 1223 δ

1770 1437 1998 1495 CAPUT
2038 1439 2147 1496 V11.

1552 1559 1795 1615 Historia
1832 1560 1891 1616 S.
1927 1560 2074 1616 Petri
2111 1559 2421 1615 Teloniarii.
3274 1620 3277 1621 ν

382 1665 625 1724 XXXVI.
664 1669 904 1726 Addebat
932 1687 1061 1727 vero
1084 1673 1485 1744 aliudqueque,
1516 1673 1657 1743 quod
1687 1691 1717 1730 a
1744 1674 1885 1730 lideli

2064 1677 2206 1744 AG’.
2251 1674 2570 1746 Προσετίθει
2615 1675 2673 1728 δὲ
2721 1678 2816 1730 καὶ
2859 1674 3044 1744 ἕτερον
3081 1676 3220 1746 ὅπερ
3272 1678 3423 1748 παρὰ
3476 1679 3575 1733 τοῦ

311 1762 542 1827 quodam
575 1771 629 1815 et
658 1771 873 1817 amante
902 1765 1151 1821 veritatis
1185 1767 1396 1823 dicebat
1429 1782 1490 1823 se
1520 1768 1796 1823 audivisse
1829 1768 1881 1822 iu

311 1849 522 1921 Cypro,
559 1853 651 1922 qui
694 1856 772 1910 sic
815 1858 1103 1923 narrabat,
1139 1873 1201 1913 ea
1260 1874 1379 1928 qua:
1426 1861 1641 1916 dicebat
1679 1860 1886 1929 jureju-

312 1946 484 2001 rando
516 1948 875 2005 confirmans:
898 1950 1031 2005 Cum
1059 1966 1231 2007 essem
1267 1954 1317 2007 in
1343 1954 1545 2018 Africa,
1576 1953 1883 2008 habilabatn

312 2040 455 2108 apud
490 2042 775 2108 quemdam
809 2044 1176 2112 publicanum,
1208 2046 1362 2101 valde
1393 2046 1609 2115 quidem
1642 2047 1883 2112 divitem,

313 2130 409 2184 sed
445 2132 729 2187 admodum
774 2136 1291 2201 immisericordem,
1327 2148 1381 2193 et
1415 2153 1705 2209 pauperem
1744 2140 1885 2207 quod

312 2223 508 2276 attinet
536 2227 601 2279 ad
634 2226 1084 2282 misericordiam.
1113 2230 1251 2284 Cum
1283 2240 1459 2284 autem
1491 2230 1799 2297 accidisset,
1832 2241 1889 2284 ιιι

313 2316 558 2383 tempore
584 2316 810 2370 hiberno
835 2318 914 2371 sol
941 2319 1146 2374 luceret
1172 2321 1418 2387 calidius,
1443 2337 1706 2393 pauperes
1728 2322 1887 2377 simul

314 2404 626 2473 congregati
656 2406 840 2461 calore
870 2407 1205 2466 fruebantur.
1243 2410 1314 2465 Ut
1346 2412 1484 2466 solet
1509 2419 1694 2466 autem
1728 2412 1779 2465 in
1809 2414 1889 2467 bis

314 2497 567 2562 evenire,
615 2498 805 2555 domos
835 2503 1269 2557 ennmerabant:
1308 2502 1427 2558 illas
1470 2505 1726 2574 quidem,
1769 2520 1890 2574 quae

313 2596 473 2643 erant
495 2590 900 2647 misericordum
942 2604 996 2648 et
1016 2608 1111 2648 sua
1140 2597 1681 2662 communicantium,
1717 2600 1880 2651 heau-

318 2689 425 2743 tes;
465 2696 556 2733 cas
588 2692 789 2747 autem,
820 2698 937 2751 qum
962 2685 1378 2754 possidebantur
1402 2703 1430 2741 a
1460 2690 1638 2756 parcis
1667 2699 1724 2742 et
1758 2689 1887 2742 nihil

315 2773 717 2841 t-iargimlihtts,
745 2777 973 2830 miseras
998 2778 1236 2832 dicentes
1263 2787 1316 2832 et
1342 2792 1691 2836 exsecrantes
1720 2798 1735 2835 :
1767 2796 1886 2836 cum

316 2867 542 2934 qnihus‘,
577 2869 782 2936 inquit,
817 2871 979 2924 etiam
1011 2887 1190 2925 meum
1221 2884 1680 2928 connumerarunt
1711 2874 1887 2929 domi-

316 2973 465 3013 num.
497 2959 585 3012 Sic
621 2961 802 3028 itaque
845 2962 1079 3016 invicem
1121 2963 1412 3031 rogabant,
1451 2979 1516 3018 an
1560 2963 1758 3035 aliqu’is
1793 2981 1887 3019 uu-

1988 1765 2181 1820 πιστοῦ
2212 1768 2308 1819 καὶ
2359 1765 2687 1837 φιλαλήθους
2730 1764 2923 1834 ἀνδρὸς
2970 1765 3126 1833 ἔλεγε
3156 1766 3299 1819 κατὰ
3322 1768 3422 1837 τήν
3454 1767 3577 1822 Κύ-

1992 1876 2130 1930 προν
2157 1858 2412 1924 ἀκοῦσαι,
2447 1858 2507 1921 δς
2532 1856 2706 1919 οὕτως
2741 1856 3009 1925 ἐξηγεῖτο,
3042 1857 3227 1936 φησιν,
3263 1858 3412 1929 ὅρκῳ
3443 1861 3578 1923 τοὺς

1986 1950 2179 2019 λόγους
2227 1949 2609 2020 πιστούμενοςο
2649 1948 2883 2017 Ὅτιπερ
2928 1948 2986 2001 ἐν
3028 1948 3262 2020 Ἀφρικῇ
3294 1949 3571 2017 γεγονὼς,

1990 2023 2282 2113 παρῴκουν
2309 2041 2517 2112 τελώνῃ
2545 2042 2674 2103 τινὶ,
2722 2040 2864 2094 πάνυ
2911 2041 3008 2110 μὲν
3053 2040 3315 2111 πλουσίῳ,
3342 2042 3488 2094 πάνυ
3514 2043 3574 2096 δὲ

1988 2134 2320 2205 ἀτπλάγχνῳ
2366 2132 2464 2186 καὶ
2511 2132 2752 2203 πενιχρῷ
2801 2132 2870 2185 τὰ
2925 2132 3062 2203 πρὸς
3101 2132 3267 2188 ἔλεον.
3316 2132 3475 2187 οὕτω
3512 2134 3570 2187 δὲ

1992 2226 2227 2297 συμϐὰν,
2249 2225 2370 2297 ὥρα
2398 2225 2663 2297 χειμῶνος
2693 2223 2842 2294 ἡλίου
2866 2224 3195 2294 θερμότερον
3225 2224 3575 2296 ἐπιλάμψαν-

1989 2336 2101 2383 τος,
2129 2319 2363 2388 πένητες
2388 2318 2505 2389 ἅμα
2530 2316 3032 2387 συναθροισθέντες,
3068 2317 3171 2385 τῆς
3214 2316 3426 2387 θέρμης
3468 2319 3576 2372 ἀπο

1991 2411 2201 2465 ἔλαϐον.
2224 2410 2509 2482 Ὠσπερδὲ
2533 2410 2679 2472 εἰκὸς
2712 2410 2805 2462 ἐπὶ
2835 2408 3045 2471 τούτοις
3077 2408 3422 2479 συμϐαίνειν,
3462 2411 3569 2462 ἀπο

1988 2504 2321 2577 ηριθμοῦντο
2346 2505 2443 2566 τὰς
2464 2504 2658 2566 οἰκίας,
2699 2502 2797 2564 τὰς
2821 2503 2917 2572 μὲν
2941 2521 3047 2555 των
3066 2503 3459 2572 εὐσπλάγχνων
3480 2502 3573 2558 καὶ

1990 2596 2322 2651 κοινωνικῶν
2355 2596 2773 2667 μακαρίζοντες,
2806 2596 2906 2658 τὰς
2933 2595 2987 2647 δὲ
3015 2594 3313 2664 φειδωλοὺς
3344 2595 3573 2665 ἐχούσας

1990 2692 2085 2744 καὶ
2111 2689 2476 2761 ἀμεταδότους
2516 2688 2643 2752 τοὺς
2687 2687 3059 2758 κεκτημένους
3101 2687 3483 2751 ταλανίζοντές
3512 2703 3572 2740 τε

1990 2784 2085 2836 καὶ
2139 2784 2506 2853 ὲπαρώμενοι,
2552 2777 2636 2844 οἷς
2692 2780 2787 2833 καλ⁸
2837 2779 2929 2833 τὸν
2972 2779 3143 2847 ἐμὸν,
3192 2778 3332 2849 ἔφη,
3384 2778 3572 2849 κύριον

1993 2875 2379 2945 συνηρίθμουν.
2421 2872 2816 2928 Ἐπυνθάνοντο
2857 2870 2989 2940 γοῦν
3043 2872 3322 2941 ἀλλήλους
3360 2870 3415 2924 ετ
3442 2870 3573 2924 ποτέ

1992 2985 2073 3032 τις
2102 2966 2313 3020 ἐκεῖθεν
2345 2964 2718 3036 ὲλεημοσύνης
2757 2965 3037 3036 μετάσχοι.
3073 2964 3166 3028 Ὠς
3204 2963 3260 3016 δὲ
3293 2963 3483 3034 μηδεὶς
3508 2958 3574 3034 ἦν

315 3065 475 3117 quam
528 3050 676 3105 illinc
724 3053 919 3107 fuisset
968 3054 1324 3125 eleernusynze
1391 3057 1701 3126 particeps?
1753 3056 1884 3112 Cum

1997 3060 2057 3113 ἐκ
2082 3060 2299 3112 πάντων
2336 3057 2365 3110 ὃ
2393 3057 2580 3111 λαϐεῖν
2624 3056 2995 3127 καταθέμενος
3017 3094 3032 3120 ,
3072 3052 3155 3120 εἷς
3191 3073 3275 3118 τις
3322 3055 3569 3118 ἐκείνων,

315 3158 452 3197 vero
476 3143 653 3198 nullus
675 3153 821 3197 esset
851 3159 914 3198 ex
940 3146 1194 3201 omnibus
1215 3148 1304 3215 qui
1329 3146 1620 3201 aliirmaret
1646 3162 1705 3202 se
1735 3163 1889 3203 acce-

317 3238 493 3308 pisse,
530 3253 666 3289 umts
694 3251 761 3291 ex
792 3237 928 3290 illis:
962 3237 1066 3292 Sed
1098 3240 1249 3308 quid,
1279 3239 1473 3308 inquit,
1507 3241 1634 3294 mihi
1666 3242 1885 3306 dabitis,

317 3332 360 3384 si
394 3343 492 3394 ego
522 3328 679 3382 hodie
716 3331 972 3384 recedens
1006 3330 1153 3384 illinc
1182 3342 1506 3386 consecutura
1538 3332 1692 3388 fuero
1728 3335 1891 3388 mise-

318 3422 644 3476 ricordiam?
665 3421 798 3476 Cum
823 3431 1004 3478 autem
1028 3423 1096 3479 de
1112 3438 1173 3479 ea
1198 3438 1259 3477 re
1280 3433 1434 3494 pacta
1461 3436 1725 3481 conventa
1753 3428 1892 3480 inter

317 3533 377 3574 se
404 3519 680 3583 fecissent,
700 3533 904 3588 pauper
925 3534 1048 3574 cum
1077 3518 1268 3576 fuisset
1295 3535 1361 3575 ex
1388 3521 1616 3577 adverso
1641 3522 1890 3576 vestibuli

316 3611 621 3684 publicani,
673 3613 878 3666 invenit
924 3613 1037 3682 ipsa
1093 3614 1227 3668 hora
1282 3614 1539 3684 pistorem
1588 3615 1890 3678 trahentem

320 3708 523 3760 nmium
551 3722 686 3776 pane
704 3716 979 3773 onustum,
1002 3707 1286 3776 ipsumque
1306 3707 1607 3763 venientem
1633 3723 1729 3778 per
1752 3709 1891 3761 viam

318 3815 438 3870 qua:
478 3801 649 3854 tendit
687 3800 751 3855 ad
787 3801 951 3855 aedes.
984 3800 1119 3855 Cum
1160 3800 1343 3870 itaque
1376 3815 1669 3871 pauperem
1705 3815 1769 3855 ex
1802 3802 1895 3855 ad-

319 3908 475 3945 verso
502 3899 730 3946 stantem
762 3895 987 3949 vidisset
1017 3895 1362 3965 publicanus,
1388 3906 1444 3949 et
1476 3880 1591 3949 selo
1623 3894 1762 3949 tristi
1801 3895 1895 3948 ha-

319 3984 431 4038 bitu
469 3996 851 4054 provocantem
912 4001 1033 4041 eum
1090 3991 1155 4041 ad
1200 3986 1630 4042 misericordiam
1688 3986 1896 4057 (neque

319 4077 461 4131 enim
499 4075 577 4131 vel
611 4078 779 4132 solam
813 4094 1002 4134 vocem
1040 4080 1279 4134 audebat
1309 4078 1581 4145 emittere,
1618 4093 1684 4133 ne
1720 4078 1892 4131 virmn

320 4168 565 4221 irritaret
589 4167 821 4222 aliemnn
853 4184 882 4222 a
910 4168 1335 4240 misericordia),
1362 4170 1441 4223 sic
1470 4184 1684 4238 quoque
1715 4168 1896 4235 furore

322 4261 592 4330 percitus,
643 4278 749 4315 uno
784 4278 921 4330 pane
967 4273 1217 4332 arrepto,
1262 4269 1317 4317 et
1356 4274 1420 4315 eo
1468 4276 1600 4316 usus
1639 4270 1893 4330 tanquam

322 4355 514 4425 lrpide,
536 4354 670 4422 jacit
694 4355 744 4407 in
770 4368 1082 4422 pauperem.
1101 4354 1269 4418 Quem
1295 4353 1382 4408 ille
1402 4354 1651 4423 protinus
1668 4352 1913 4421 accepit,.

2004 3150 2144 3205 Ἀλλ’
2183 3151 2306 3221 ἐμοὶ
2340 3149 2392 3203 τί
2410 3150 2475 3203 ἂν
2494 3149 2694 3218 δοίητε,
2736 3148 2862 3219 ἔφη,
2910 3147 3007 3221 [εἰ]
3045 3148 3282 3219 σήμερον
3325 3146 3581 3200 ἀπελθὼν.

1993 3243 2175 3305 ἐλέους
2204 3242 2411 3295 ἐκεῖθεν
2453 3227 2698 3314 μεθέξωξ
2744 3242 2833 3307 Ὠς
2859 3242 2917 3296 δὲ
2949 3241 3045 3295 καὶ
3080 3241 3355 3312 συνθήκας
3388 3241 3570 3294 ἔθεντο

1992 3338 2122 3408 περὶ
2165 3336 2357 3391 τούτου
2383 3375 2397 3399 ,
2442 3338 2470 3390 ὀ
2514 3335 2686 3407 πένης
2730 3337 3063 3398 ἀπεναντίας
3101 3334 3180 3404 τῷ
3223 3333 3433 3389 πυλῶνι
3479 3332 3573 3387 τοῦ

1992 3429 2221 3483 τελώνου
2244 3430 2553 3499 γενόμενος,
2575 3424 2733 3499 εὗρεν
2753 3428 2923 3498 αὐτῆς
2943 3428 3092 3498 ὥρας
3106 3426 3329 3498 ἡμίονον
3343 3426 3573 3480 ἕλκοντα

1992 3523 2084 3576 τὸν
2121 3523 2432 3593 ἀρτοποιὸν,
2481 3521 2667 3591 ἄρτοις
2713 3521 3173 3592 πεφορτισμὲνην,
3216 3521 3309 3573 καὶ
3354 3518 3443 3572 διὰ
3477 3519 3575 3587 τῆς

1995 3613 2136 3685 πρὸς
2190 3614 2283 3668 τὸν
2343 3610 2489 3667 οἷκον
2556 3612 2830 3684 φερούσης
2890 3612 3050 3667 αὐτὸν
3106 3612 3417 3683 ἐρχόμενον.
3471 3610 3574 3664 Τὸν

1995 3708 2206 3777 πένητα
2238 3706 2370 3776 γοῦν
2395 3709 2423 3761 ὁ
2448 3704 2684 3772 τελώνης
2715 3705 2977 3759 ἀπέναντι
3019 3723 3121 3759 που
3168 3704 3572 3774 παριστάμενον

1996 3800 2334 3869 θεασάμενος
2374 3800 2469 3853 καὶ
2500 3803 2739 3871 σχήματι
2775 3801 3009 3871 κατηφεῖ
3057 3799 3202 3867 μόνῳ
3246 3795 3385 3867 πρὸς
3429 3795 3572 3847 ἔλεον

1996 3894 2158 3947 αὐτὸν
2195 3894 2602 3964 ἑκκαλούμενον
2660 3893 2803 3965 (οὐδὲ
2843 3893 2951 3964 γὰρ
3001 3891 3095 3945 καὶ
3141 3892 3324 3960 φωνήν
3357 3889 3573 3959 ἐθάρρει

1998 3987 2135 4057 πρὸς
2168 3986 2328 4039 αὐτδιν
2360 3988 2596 4055 ἀφεῖναι,
2634 3984 2727 4039 τοῦ
2763 3985 2836 4055 μὴ
2881 3982 3182 4054 παροξῦναι
3226 3981 3319 4034 τὸν
3368 3979 3575 4034 ἄσπλα-

1997 4081 2205 4148 γχνον),
2233 4077 2391 4149 θυμῷ
2422 4081 2525 4131 κάν
2575 4078 2750 4148 τούτῳ
2803 4075 3048 4146 ληφθεὶς,
3079 4074 3173 4126 ἕνα
3214 4072 3321 4126 τῶν
3368 4069 3572 4139 ψωμῶν

1997 4169 2328 4240 διαρπάσας,
2359 4170 2455 4222 καὶ
2491 4164 2579 4222 οἷα
2606 4168 2739 4238 λίθῳ
2779 4166 3146 4238 χρησάμενος,
3199 4163 3383 4231 βάλλει
3436 4159 3572 4214 κατὰ

1997 4260 2092 4315 τοῦ
2127 4262 2380 4332 πένητος’
2438 4260 2498 4314 ὃν
2555 4262 2766 4324 ἐκεῖνος
2821 4258 3160 4330 παραχρῆμα
3216 4255 3418 4318 λαϐὼν,
3467 4253 3572 4313 τοῖς

2001 4355 2180 4419 ἄλλοις
2216 4353 2468 4409 ἀπελθὼν
2499 4354 2731 4419 ἐδείκνυ,
2772 4350 2943 4426 ἦῢμὴν
2970 4351 3472 4419 διαϐεϐαιούμενος,
3503 4348 3599 4417 ὡς,

318 4457 376 4501 et
401 4447 588 4503 abiens
616 4448 856 4502 osleudit
880 4447 1023 4512 aliis,
1047 4445 1320 4501 aliirmans
1345 4445 1487 4516 quod
1511 4448 1808 4517 accepisset
1834 4433 1889 4499 at

2009 4448 2068 4512 ἐξ
2108 4448 2290 4501 αὐτῶν
2318 4447 2472 4500 λάϐοι
2503 4445 2692 4500 τοῦτον
2731 4445 2824 4498 τοῦ
2858 4442 3091 4497 τελώνου
3121 4442 3344 4512 χειρῶν.

321 4540 451 4610 ipsis
479 4538 725 4591 manilms
754 4537 1046 4606 publicani.

392 4627 653 4681 XXXVII.
698 4626 945 4682 Nondum
979 4627 1085 4683 duo
1115 4627 1230 4684 dies
1262 4630 1672 4698 praeterieram,
1707 4639 1758 4684 et
1793 4646 1892 4700 pu-

319 4720 569 4775 blicanus
616 4721 805 4772 morho
854 4728 1135 4788 correptus
1174 4719 1491 4787 mortifero,
1531 4736 1654 4777 cum
1697 4723 1893 4777 mentis

320 4810 576 4866 subiisset
601 4812 884 4875 exstasim,
913 4812 1130 4867 videbat
1158 4828 1193 4867 a
1217 4827 1276 4868 se
1305 4814 1444 4884 exigi
1471 4813 1731 4867 rationem
1764 4829 1893 4868 sua-

320 4900 442 4958 rum
484 4903 776 4957 actionum.
811 4901 1010 4957 Deinde
1038 4904 1324 4959 videbatur
1352 4905 1517 4959 etiam
1549 4904 1743 4959 adesse
1774 4915 1888 4959 Iru-

321 4996 457 5056 tina,
490 5003 718 5061 utraque
752 4995 1107 5050 discernens:
1152 4997 1204 5050 in
1241 4997 1394 5065 cujus
1425 4996 1642 5052 sinistra
1676 4996 1891 5067 quidem

319 5088 477 5143 lance
530 5088 743 5142 videbat
800 5088 982 5160 nigros
1024 5090 1410 5159 congregatos,
1458 5096 1514 5144 et
1565 5096 1726 5143 multa
1775 5089 1892 5159 ejus

323 5178 498 5246 turpia
565 5175 710 5240 facta
773 5178 824 5232 iu
889 5179 1043 5234 latice
1112 5180 1487 5247 deponentes';
1555 5180 1608 5234 in
1671 5182 1892 5235 dextera

321 5278 502 5323 autem
524 5306 539 5332 ,
571 5267 715 5323 viros
745 5268 958 5339 quidem
995 5270 1316 5325 candidatos
1347 5282 1399 5324 et
1430 5271 1600 5324 forma
1629 5271 1894 5325 terribdes

322 5364 639 5418 assistentes
690 5363 824 5418 nihil
865 5378 991 5419 vero
1036 5363 1161 5418 boui
1194 5362 1550 5429 invenientes,
1590 5363 1733 5433 quod
1762 5378 1894 5417 con-

321 5466 406 5514 tra
444 5466 664 5527 possent
695 5457 746 5511 in
784 5456 1265 5529 lance_collocare,
1310 5472 1541 5526 esseque
1575 5465 1798 5511 mmstos
1841 5464 1895 5508 et

319 5548 542 5613 tristes,
590 5560 644 5603 et
693 5550 974 5603 dicentes:
1020 5546 1164 5601 Nihil
1218 5547 1480 5602 habemus
1525 5548 1703 5607 aliud,
1753 5545 1892 5614 quod

317 5657 676 5712 Opponamus,
727 5641 827 5695 nisi
876 5654 1068 5709 panem
1117 5638 1287 5705 illum,
1321 5655 1479 5709 quem
1523 5641 1732 5694 duobus
1772 5650 1896 5690 ante

318 5732 533 5798 diebus,
569 5741 622 5789 et
649 5743 749 5787 nec
780 5729 954 5801 ipsum
994 5729 1213 5799 quidem
1246 5739 1472 5802 sponte,
1504 5729 1647 5784 dedit
1684 5728 1893 5783 cuidam

2072 4622 2193 4679 AZ'.
2229 4622 2396 4694 Οὔπω
2436 4621 2530 4676 δύο
2555 4621 2831 4692 παρῆλθον
2873 4619 3229 4691 ήμέραι,·καξ
3271 4619 3299 4671 ὁ
3340 4617 3575 4683 τελώνης

2001 4715 2362 4786 θανατηφόρῳ
2401 4714 2541 4785 νόσῳ
2573 4714 2910 4782 κατάσχετος
2948 4708 3488 4780 γεγονὼς,ἔκστασεν
3515 4724 3569 4759 τε

2002 4808 2213 4877 φρενῶν
2263 4808 2521 4871 ὑποστὰς,
2561 4808 2752 4860 ἑαυτὸν
2801 4805 2964 4875 ἑώρα
3012 4804 3214 4872 λόγους
3266 4804 3377 4856 τῶν
3429 4804 3568 4855 ἰδίων

2002 4897 2374 4969 πραττόμενον
2398 4896 2669 4967 πράξεων,
2690 4895 2808 4950 εἶτα
2832 4898 2925 4950 καὶ
2950 4896 3113 4964 ζυγὸς
3142 4894 3301 4967 ἐῴκει
3324 4896 3569 4963 παρεῖναι

2000 4992 2291 5064 διακρίνων
2339 4992 2595 5061 ἑκάτερα,
2652 4985 2713 5045 οὗ
2760 4994 2899 5044 κατὰ
2950 4991 3048 5061 μὲν
3098 4989 3197 5058 τὴν
3239 4988 3397 5042 λαιὰν
3436 4987 3568 5039 πλάο

2004 5099 2201 5150 στιγγα
2230 5081 2467 5152 μέλανας
2499 5081 2694 5134 ἒϐλεπε
2723 5079 3263 5149 συναθροιζομένους,
3288 5077 3382 5132 καὶ
3410 5074 3569 5130 πολλὰ

2002 5176 2108 5227 τῶν
2137 5175 2301 5228 αὐτοῦ
2343 5175 2595 5245 πράξεων
2649 5174 2825 5227 ἄτοπα
2877 5176 2945 5243 τῇ
2996 5172 3293 5242 πλάστιγγι
3353 5188 3568 5225 κατατι·

2003 5268 2213 5334 θέντας,
2247 5269 2387 5322 κατὰ
2413 5269 2469 5321 δὲ
2510 5271 2609 5337 τὴν
2648 5266 2829 5331 δεξιὰν
2857 5266 3209 5337 λευχείμονας
3248 5266 3346 5336 μὲν
3381 5266 3568 5334 ἇνῖρῖς

2002 5362 2096 5414 καὶ
2144 5360 2406 5431 φοϐεροὺς
2464 5361 2563 5432 τὴν
2618 5359 2833 5430 μορφὴν
2896 5360 3252 5428 ἱσταμένους.
3307 5356 3472 5426 μηδὲν
3519 5355 3567 5406 δὲ

2002 5451 2206 5517 ἀγαθὸν
2239 5451 2659 5520 ἀντισταθμίσαι
2704 5451 3259 5520 παρεξευρίσκοντας.
3290 5448 3565 5520 ,κατηφεῖς

2003 5561 2059 5595 τε
2086 5540 2225 5594 εἶναι
2257 5545 2349 5594 καὶ
2382 5542 2757 5613 σκυθρωποὺς,
2786 5542 2953 5594 Οὐδὲν
2980 5542 3128 5603 ἄλλο,
3158 5542 3437 5609 λέγοντας,
3458 5540 3566 5609 ἔχο-

2008 5655 2107 5705 μεν
2158 5634 2473 5697 ἀντιθεῖναι,
2524 5635 2605 5688 ὅτι
2670 5637 2742 5705 μὴ
2788 5636 2877 5687 τὸν
2939 5635 3031 5688 ἕνα
3074 5636 3236 5705 ἄρτον
3281 5637 3484 5688 ἐκεῖνον
3516 5632 3569 5683 ὃν

2004 5728 2123 5779 δυσὶ
2166 5725 2428 5797 πρότερον
2479 5727 2734 5797 ἡμέραις,
2772 5728 2862 5781 καὶ
2914 5729 3034 5783 οὐδὲ
3086 5727 3246 5783 αὐτὸν
3295 5725 3565 5793 ὲκοῦςιηὶκνί
