3828 6478
252 496 366 560 929

1218 490 1391 559 VITA
1440 500 1499 558 S.
1542 495 1865 558 JOANNIS
1905 493 2575 558 ELEEMOSYNARII..

255 612 449 680 πένητι
481 612 719 682 παρέσχε
749 611 875 665 τινί.
911 611 987 680 Τῇ
1019 612 1180 683 ἑτέρᾳ
1219 596 1506 684 τοιγαροῦν
1541 612 1831 679 πλάστιγγι

1943 612 2184 680 pauperi.
2213 596 2346 666 Cum
2382 614 2432 666 in
2464 614 2631 668 altera
2648 603 2844 683 itaque
2876 613 3029 668 lance
3064 628 3185 671 cum
3220 614 3511 685 imposuis-

254 701 442 755 τοῦτον
494 702 791 772 ἐνθέμενοι,
845 704 1107 774 ἱσορρεπῆ
1159 706 1500 772 κατέστησαν
1547 705 1616 756 τά
1668 703 1829 770 ζυγὰ,

256 794 379 846 τότε
416 794 482 863 δὴ
512 793 587 862 τῷ
610 794 817 868 τελώνῃ
849 796 1011 864 φασὶν
1057 797 1103 847 οί
1132 794 1477 865 λευχείμονες
1506 815 1519 828 ·
1561 796 1834 849 ’Δπελθὼν

255 884 494 955 πρόσθες
527 876 619 937 ἐπὶ
649 886 725 955 τῷ
756 886 907 958 ἄρτῳ
933 886 1107 955 τούτῳ
1127 887 1220 939 καὶ
1242 886 1378 956 ἔργα
1415 904 1533 952 σου,
1555 888 1677 939 ἐπεὶ
1711 886 1836 957 μέλ-

256 977 442 1029 λουσιν
465 974 558 1038 οὒς
580 976 713 1046 ὁρᾷς
744 975 975 1046 μέλανες
1002 975 1110 1028 οἵδε
1140 975 1586 1047 παραλαμϐάνειν
1619 993 1698 1029 σε.
1726 977 1801 1028 Αὑ
1821 1006 1834 1015 -

255 1069 383 1121 τίκα
412 1068 590 1121 τοίνυν
624 1068 936 1133 διαναστὰς,
976 1067 1072 1120 καὶ
1112 1067 1245 1121 εἴσω
1286 1068 1500 1138 φρενῶν
1525 1068 1834 1137 γενόμενος,

257 1161 434 1231 ἀληθῆ
487 1162 555 1217 τὰ
603 1160 863 1215 θεαθέντα
913 1161 1151 1230 ἐπέγνω.
1183 1161 1432 1216 ’Δπαντα
1478 1161 1587 1233 γὰρ
1628 1162 1729 1214 ὅσα
1774 1164 1838 1214 ἐκ

257 1253 379 1306 νέου
406 1254 652 1324 ὑπῆρχεν
681 1252 840 1323 αὐτῷ’
858 1253 1335 1325 διαπεπραγμένα,
1356 1254 1449 1307 καλ⁵
1469 1248 1543 1307 ῶν
1566 1256 1645 1314 είς
1666 1253 1836 1324 λήθην

257 1344 361 1414 ήδη
388 1345 644 1414 κατέστη,
673 1345 800 1407 τοὺς
835 1344 1095 1406 Αἰθίοπας
1124 1346 1367 1408 ἐκείνους
1398 1338 1544 1415 ἑώρα
1577 1344 1838 1412 συνάγον-

259 1452 360 1498 τας
388 1435 547 1505 δῆθεν
590 1439 686 1488 καὶ
714 1439 780 1507 τῇ
833 1437 1126 1505 πλάστιγγι
1160 1436 1641 1505 ὲγκατατιθέντας.
1673 1437 1838 1490 Ὅθεν

258 1527 325 1598 δὴ
367 1528 461 1581 καὶ
498 1530 574 1590 εἰς
616 1526 880 1598 ἔκπληξιν
912 1529 1170 1592 πολλάκις
1223 1527 1338 1592 ίὼν,
1387 1528 1583 1592 Βαϐαἱ,
1630 1527 1834 1597 ἔλεγεν,

260 1621 365 1689 ὅση
392 1620 492 1689 τῆς
523 1620 894 1691 ἑλεημοσύνης
933 1622 965 1691 ή
1008 1620 1269 1690 δύναμις-ί
1313 1622 1374 1674 Εἰ
1402 1622 1510 1692 γὰρ
1536 1616 1613 1684 εἷς
1649 1622 1832 1690 ἄρτος,

261 1712 355 1763 καὶ
409 1711 569 1774 αὐτὸς
608 1712 876 1781 ἐπιχόλιυς
922 1714 1117 1785 πένητι
1156 1715 1478 1785 προσριφεὶς
1529 1713 1715 1783 ἴσχυσε
1747 1731 1836 1766 το-

262 1800 471 1861 σοῦτον,
510 1802 689 1855 πόσων
722 1803 788 1857 ἂν
816 1804 1074 1875 δυνηθείη
1110 1805 1298 1858 κακῶν
1341 1805 1530 1858 ἑαυτὸν
1556 1804 1836 1857 ἀπολύσα-

263 1892 390 1943 σθαι
441 1895 468 1945 6
506 1893 705 1962 ἱλαρῶς
762 1894 831 1948 τὰ
881 1895 1011 1950 ὄντα
1073 1900 1184 1959 τοῖς
1234 1897 1428 1966 πένησι
1483 1896 1832 1969 προϊέμενοςί

1936 710 2087 765 sent,
2131 701 2370 757 fecerunt
2413 705 2670 758 trutinam
2699 721 2762 759 cx
2806 715 3032 774 utraque
3073 715 3223 775 parte
3257 723 3322 761 ex
3354 724 3510 778 (equo

1938 794 2376 871 prepenilentcm.
2419 790 2573 848 Tune
2600 794 2673 846 illi
2709 794 2993 863 publicano
3034 798 3220 852 dicunt
3250 798 3349 851 \‘iri
3380 814 3510 852 can-

1940 881 2105 934 didati
2134 899 2148 935 :
2194 881 2472 939 Recedens
2503 886 2638 940 adde
2670 887 2796 941 huic
2837 891 2981 957 pani,
3015 897 3068 942 et
3099 906 3345 958 operare.
3374 890 3509 946 Nam

1943 970 2016 1025 illi
2050 988 2206 1041 quos,
2244 974 2394 1027 vides
2426 975 2710 1043 nigrisunt
2744 987 2793 1030 te
2826 980 3120 1047 BCCPllllH'i;
3153 979 3288 1035 Cum
3326 982 3508 1036 statim

1938 1062 2119 1131 itaque
2148 1076 2500 1132 experrectus
2530 1077 2695 1133 esset,
2728 1077 2782 1122 (ι
2811 1069 2876 1122 ad
2909 1077 2966 1122 se
2999 1070 3265 1137 rediisset,
3297 1074 3517 1143 agnovit

1938 1169 2063 1209 vera
2105 1170 2252 1222 esse,
2295 1171 2413 1225 qua:
2453 1158 2563 1211 visa
2611 1158 2841 1213 fuerant.
2891 1160 3025 1214 Nam
3077 1177 3408 1234 quuecunque
3445 1167 3517 1219 ab

1940 1247 2159 1302 ineunte
2188 1256 2347 1303 {etate
2379 1251 2446 1303 ab
2489 1265 2554 1304 eo
2587 1250 2722 1304 facta
2750 1249 2964 1307 fuerant
2988 1294 3001 1314 .
3043 1264 3096 1307 et
3137 1270 3364 1324 quorum
3402 1257 3514 1325 jam

1938 1349 2053 1393 erat
2085 1339 2314 1406 oblitus,
2352 1340 2567 1397 videbat
2594 1342 2712 1397 illos
2753 1344 3037 1411 Ethioan
3069 1346 3256 1415 utique
3282 1363 3514 1417 congre-

1938 1440 2148 1503 gantes,
2180 1442 2233 1488 et
2264 1435 2314 1488 in
2345 1434 2556 1490 lancem
2592 1436 2949 1506 imponeutes.
2986 1439 3344 1505 Quamobrem
3373 1456 3517 1511 stepe

1938 1525 2364 1595 obstupefactus,
2390 1526 2575 1595 Papae!
2602 1529 2834 1595 dicebat,
2859 1543 3057 1599 quanta
3082 1541 3165 1586 est
3186 1535 3357 1589 virtus
3379 1536 3522 1589 cleo-

1944 1634 2200 1691 mosynte.
2233 1620 2290 1673 Si
2331 1621 2472 1672 enim
2507 1635 2644 1673 unus
2681 1623 2856 1691 panis,
2890 1624 3041 1692 isque
3079 1640 3173 1694 per
3206 1626 3339 1680 iram
3380 1642 3520 1697 pan--

1941 1712 2056 1780 peri
2091 1711 2387 1780 proiectus,
2420 1720 2624 1766 tantum
2653 1716 2855 1783 potuiti,
2888 1730 2917 1769 a
2952 1732 3112 1785 quam
3146 1719 3331 1773 multis
3362 1720 3519 1776 malis

1941 1818 1999 1857 se
2018 1806 2214 1873 poterit
2244 1804 2493 1867 liberare,
2521 1806 2609 1874 qui
2635 1807 2878 1862 hilariter
2901 1809 3053 1864 bouis
3077 1810 3189 1865 suis
3217 1813 3518 1881 impertitur

1941 1895 2236 1964 pauperes?
2264 1896 2413 1953 Adeo
2435 1910 2563 1965 ergo
2593 1901 2844 1954 munifice
2877 1917 3005 1956 usus
3035 1913 3118 1956 cst
3146 1903 3517 1975 eleemosyna,

260 1983 529 2037 Τοσοῦτον
600 1983 693 2039 οῦν
761 1987 1059 2058 φιλοτίμως
1119 1988 1457 2060 ἐλεημοσύνη
1528 1990 1836 2059 ἐχρήσατο,

1946 1995 2051 2038 tam
2075 1984 2288 2041 abunde
2312 1986 2595 2054 ambabus,
2629 2000 2688 2042 ut
2713 1991 2816 2045 dici
2844 1992 3002 2060 solet,
3029 1991 3215 2049 eﬂudit
3242 1963 3515 2059 manibus,

258 2076 356 2126 καὶ
388 2075 561 2139 οὕτως
601 2077 834 2145 ἀφειδῶς
864 2079 1073 2133 ἐκείνου
1109 2081 1309 2150 ἀμφοῖν
1340 2083 1452 2134 τοῖν
1479 2083 1679 2151 χεροῖν,
1708 2080 1783 2145 ὡς
1813 2084 1841 2135 6

259 2168 438 2235 λόγος,
489 2172 569 2231 είς
600 2170 701 2233 τὰς
752 2170 861 2223 τῶν
892 2172 1140 2243 πενήτων
1188 2173 1460 2245 γαστέρας
1501 2174 1727 2239 ἀντλῶν,
1765 2174 1839 2238 ὡς

264 2261 406 2330 μετὰ
432 2262 491 2313 τὸ
519 2262 695 2316 πάντα
726 2264 1015 2335 προέσθαι,
1051 2265 1186 2336 μηδὲ
1214 2266 1380 2320 αὐτοῦ
1414 2267 1702 2336 φείσασθαι
1737 2267 1842 2321 σώ-

262 2370 457 2421 ματος,
485 2353 621 2408 ἀλλά
651 2357 745 2408 καὶ
780 2355 955 2429 τούτῳ
998 2357 1236 2427 πένητας
1268 2358 1461 2429 θρέψαι
1509 2360 1839 2429 ἀποδόμενον

256 2444 353 2513 τὴν
402 2444 733 2517 ἐλευθερίαν,
784 2446 860 2512 ὡς
918 2450 1036 2520 μετ’
1065 2449 1246 2518 ὀλίγον
1292 2450 1588 2522 φανότερον
1626 2453 1655 2503 6
1686 2453 1841 2521 λόγος

257 2535 513 2606 δηλώσει.

331 2627 459 2683 ΑΠ’.
498 2630 745 2702 Προϊόντι
775 2631 881 2703 γὰρ
912 2632 1177 2705 αὐτῷέπὶ
1217 2635 1278 2688 τὸ
1307 2634 1613 2701 τελωνεῖον,
1637 2640 1840 2711 ναύτης

260 2721 337 2775 ὑῖτι
354 2725 538 2792 ζντησε
564 2726 627 2777 ἐκ
660 2727 918 2795 ναυαγίου
940 2727 1166 2796 γυμνὸς,
1195 2728 1364 2800 ὅνπερ
1389 2728 1453 2800 δὴ
1480 2729 1833 2802 θεασάμενος,

254 2815 318 2867 τὸ
349 2815 562 2885 ἱμάτιον
596 2816 758 2881 εὐθὺς
791 2818 989 2882 ἀποδὺς
1018 2819 1185 2891 ἁδρόν
1224 2837 1279 2874 τι
1318 2824 1413 2877 καὶ
1437 2824 1731 2895 πολύτιμον
1758 2825 1835 2891 ὃν,

257 2907 407 2977 αὐτῴ
440 2907 641 2973 δίδωσι,
678 2909 847 2964 πολλὰ
876 2910 1089 2983 δεηθεὶς
1144 2912 1230 2966 διὰ
1270 2914 1470 2979 παντὸς
1515 2917 1647 2969 αὐτὸ
1684 2934 1839 2989 περι·

260 2999 542 3055 ϐαλέσθαι.
584 3003 647 3055 Ὃ
691 3002 769 3068 δὲ,
802 3003 958 3057 τοῦτο
1003 3005 1099 3074 μὲν
1134 3006 1401 3077 ἐρυθριῶν
1437 3008 1839 3078 μεγαλοπρεπεῖ

256 3093 495 3162 χρῆσθαι
526 3094 771 3166 τοιούτῳ,
803 3096 960 3150 τοῦτο
1005 3098 1063 3151 δὲ
1103 3102 1192 3151 καὶ
1229 3102 1362 3169 πρὸς
1396 3103 1462 3155 τὰ
1517 3102 1651 3156 ἄλλα
1681 3104 1839 3156 πενό-

264 3201 450 3253 μενος,
478 3187 556 3249 είς
585 3185 681 3257 τὴν
726 3186 933 3258 ἀγορὰν
959 3188 1137 3260 τίθησι
1182 3191 1704 3265 διαπραθησόμενον.
1747 3194 1835 3259 Ὠς

1943 2078 1996 2131 in
2026 2089 2245 2132 ventres
2267 2095 2563 2150 pauperum
2593 2082 2884 2139 infundens
2903 2124 2918 2149 ,
2945 2095 3001 2138 ut
3024 2094 3308 2155 postquam
3331 2087 3516 2143 omnia

1943 2168 2296 2240 profudisset,
2324 2188 2394 2226 ne
2422 2182 2520 2227 suo
2542 2175 2757 2243 quidem
2790 2188 3037 2245 parceret
3060 2180 3296 2248 corpori,
3331 2181 3424 2234 sed
3448 2196 3517 2235 eo

1942 2276 2160 2330 quoque
2184 2262 2351 2316 aleret
2385 2278 2671 2334 pauperes,
2703 2267 2917 2321 vendita
2950 2267 3228 2335 libertate;
3276 2279 3331 2322 ut
3357 2270 3519 2340 paulo

1942 2364 2064 2422 post
2096 2354 2297 2411 clarius
2328 2357 2700 2412 ostendemus.

2013 2626 2301 2682 XXXVI".
2339 2627 2399 2680 Ei
2445 2627 2586 2681 enim
2637 2627 2784 2682 eunti
2836 2628 2886 2681 in
2945 2627 3234 2695 telonium,
3280 2632 3521 2686 occurrit

1945 2732 2105 2776 nauta
2149 2725 2321 2774 nudus
2360 2736 2421 2773 ex
2462 2720 2789 2799 naufragio:
2822 2736 2982 2790 quem
3015 2724 3230 2790 quidem
3277 2740 3396 2777 cum
3440 2726 3521 2779 vi-

1940 2814 2139 2876 disset,
2175 2824 2322 2868 reste
2352 2814 2531 2868 statim
2560 2828 2618 2867 se
2647 2829 2876 2880 exuens,
2910 2829 3030 2883 qua:
3058 2825 3176 2868 erat
3208 2816 3434 2870 delicata
3462 2827 3517 2872 et

1940 2916 2283 2975 Sumptuosa,
2329 2906 2376 2960 ei
2419 2907 2614 2969 donat,
2649 2906 2876 2960 multum
2904 2916 3189 2975 precatus,
3222 2897 3274 2961 ut
3306 2923 3365 2962 ea
3397 2925 3520 2977 per-

1942 3008 2106 3070 petuo
2159 3000 2493 3053 imlueretur.
2536 2998 2629 3053 ille
2670 3007 2849 3054 autem
2896 3000 3091 3069 partim
3134 3001 3350 3068 quidem
3390 3015 3518 3054 eru-

1941 3091 2167 3145 bescens
2209 3091 2286 3144 ιιιί
2330 3102 2477 3145 veste
2525 3090 2838 3160 magnifica,
2883 3091 3076 3157 partim
3118 3105 3244 3144 vero
3288 3092 3518 3145 aliarum

1944 3197 2157 3252 quoque
2182 3196 2358 3236 rerum
2387 3197 2609 3265 egenus,
2635 3181 2686 3234 in
2712 3180 2827 3235 foro
2854 3183 3073 3251 exponit
3097 3191 3153 3235 ut
3171 3184 3515 3238 vemleretur.

254 3276 313 3328 δὲ
361 3277 714 3348 ὑποστρέφων
769 3280 799 3332 6
851 3279 1089 3351 τελώνης
1145 3282 1244 3335 ἴδοι
1299 3284 1666 3354 κρεμάμενον,
1714 3288 1836 3358 ἀνίᾳ

1943 3275 2076 3330 Cum
2111 3285 2292 3329 autem
2325 3285 2604 3329 revertens
2629 3274 2949 3344 publicanus
2973 3290 3091 3328 eam
3125 3276 3517 3346 viditpeuden-

259 3369 556 3439 συνεσχέθη
588 3369 778 3441 πολλῇ,
816 3370 1226 3442 σκυθρωπάζων
1251 3392 1309 3427 τε
1351 3371 1419 3446 ἦν
1460 3377 1838 3448 διαλογιζόμε-

258 3476 347 3521 νος
377 3460 458 3512 ὃτι
505 3460 580 3531 μὴ
634 3463 910 3530 ἐξεγένετο
964 3464 1114 3534 αὐτῷ
1150 3466 1364 3518 κεῖσθαί
1416 3484 1470 3520 τι
1532 3468 1609 3538 τῷ
1644 3473 1835 3541 πένητι

260 3552 394 3620 παρ’
428 3551 593 3605 αὐτοῦ
643 3554 1012 3626 ἑλεημοσύνης
1063 3554 1381 3626 ὑπόμνημα.
1431 3557 1616 3610 Ταῦτα
1657 3560 1837 3612 τοίνυν

257 3641 592 3715 λογιζομένῳ
624 3643 789 3708 ὕπνος
819 3646 975 3718 ἐπῄει
1003 3662 1019 3678 ο
1050 3647 1338 3715 ἐφίσταται
1392 3648 1448 3702 δὲ
1501 3650 1649 3721 αὐτῷ
1704 3652 1837 3725 δναρ

256 3734 485 3798 εῦοπτός
512 3752 596 3798 τις
627 3738 768 3808 ἀνὴρ
798 3737 948 3807 ήλίου
977 3738 1074 3810 τὴν
1102 3738 1251 3810 ὥραν
1277 3741 1648 3813 φαιδρότερος,
1676 3760 1839 3797 σταυ-

258 3827 351 3898 ρὸν
384 3828 479 3898 μὲν
518 3830 611 3883 ἐπὶ
640 3831 736 3899 τῆς
769 3830 1013 3901 κεφαλῆς
1047 3831 1207 3903 ἔχων,
1243 3832 1304 3885 τὸ
1342 3832 1399 3886 δὲ
1442 3834 1654 3904 ἱμάτιον
1700 3837 1837 3908 ὅπερ

256 3920 417 3983 αὐτὸς
472 3921 551 3992 τῷ
602 3923 773 3994 ναύτῃ
829 3924 1164 3994 παρέσχετο,
1225 3924 1719 3997 περιϐεϐλημένος,
1777 3928 1837 3992 ὃς

257 4012 485 4082 πλησίον
533 4015 860 4085 γενόμενος’
915 4014 979 4068 Τί
1040 4015 1211 4085 δῆτα,
1264 4016 1385 4085 φίλε
1436 4018 1607 4089 Πέτρε
1660 4021 1838 4091 (τοῦτο

257 4105 368 4175 γὰρ
402 4101 467 4173 ἦν
495 4104 664 4175 ὄνομα
692 4106 771 4173 τῷ
800 4105 1054 4177 τελώνῃ),
1110 4108 1293 4171 ἀλύεις
1337 4109 1431 4162 καὶ
1474 4110 1634 4182 ὀδυνᾷ
1657 4114 1749 4179 ;"O
1781 4113 1837 4167 δὲ

258 4194 448 4273 ῶσπερ
471 4196 637 4267 γνοὺς
661 4198 807 4260 ὅστις
834 4198 921 4268 εἴη
956 4200 982 4249 ὁ
1016 4200 1531 4269 προσφθεγγόμενος
1550 4220 1565 4234 ·
1591 4203 1833 4277 Ἐπειδὴ,

258 4285 386 4356 ἔφη,
414 4286 670 4351 δέσποτα,
700 4281 775 4343 ὧν
805 4290 966 4353 αὐτὸς
1003 4290 1272 4353 πλουσίως
1315 4292 1445 4361 ἡμῖν
1480 4296 1835 4367 ὲμπαρέχεις,

258 4376 520 4440 πολλάκις
544 4379 657 4432 τισ)⁸
689 4380 1077 4444 κοινωνοῦντες
1122 4382 1220 4451 οὐχ
1258 4383 1476 4454 ὁρῶμεν
1520 4387 1701 4451 καλῶς
1742 4390 1839 4442 αύ-

258 4472 381 4534 τοίις
436 4473 547 4536 τοῖς
608 4472 808 4526 δοθεῖσι
864 4472 1177 4545 χρωμένους
1245 4473 1313 4526 δι’
1370 4478 1834 4548 αἰσχροκέρδειαν.

1942 3380 2072 3437 tem,
2108 3385 2299 3440 magno
2327 3369 2428 3423 fuit
2458 3368 2684 3425 affectus
2709 3371 2894 3425 dolore
2914 3411 2927 3435 ,
2971 3380 3025 3424 et
3055 3384 3172 3426 erat
3197 3374 3369 3428 tristis
3389 3411 3403 3439 ,
3436 3391 3519 3429 re-

1941 3473 2136 3532 putans
2188 3464 2330 3533 quod
2387 3478 2493 3517 non
2546 3464 2594 3518 ei
2644 3462 2888 3518 licuisset
2937 3465 3244 3533 relinquere
3289 3468 3517 3535 pauperi

1940 3555 2156 3633 aliquod
2194 3555 2582 3609 monimentum
2631 3570 2744 3609 suae
2786 3555 3194 3611 misericordia).
3234 3557 3359 3612 Hice
3387 3574 3516 3613 cum

1940 3648 2241 3718 cogitaret,
2271 3647 2320 3700 ei
2352 3647 2566 3716 obrepit
2612 3663 2859 3705 somnus.
2901 3647 2955 3701 In
2999 3649 3205 3703 somnis
3233 3635 3415 3704 autem
3450 3652 3515 3705 ad

1938 3755 2060 3795 eum
2096 3740 2305 3815 accedit
2348 3739 2432 3794 vir
2469 3740 2687 3809 quidam
2731 3741 2996 3811 insignis,
3021 3742 3150 3796 'sole
3180 3743 3363 3811 specie
3394 3743 3508 3797 ala-

1938 3832 2117 3897 erior,
2169 3844 2383 3886 crucem
2428 3833 2646 3901 quidem
2695 3833 2899 3887 habens
2945 3834 2996 3886 in
3040 3834 3244 3901 capite,
3296 3834 3516 3888 indutus

1938 3934 2121 3979 autem
2163 3934 2345 3991 veste,
2387 3938 2551 3992 quam
2595 3925 2709 3994 ipse
2752 3923 2972 3978 dederat
3014 3935 3209 3978 uaulm.
3245 3922 3347 3990 Qui
3384 3939 3508 3978 cum

1938 4028 2104 4084 prope
2121 4015 2470 4070 accessisset:
2499 4014 2609 4069 Cur
2631 4013 2825 4083 inquit,
2849 4014 3013 4069 cltare
3038 4014 3195 4068 Petre
3219 4014 3343 4085 (hoc
3366 4016 3508 4068 enim

1939 4115 2057 4161 erat
2094 4122 2287 4160 nomen
2320 4106 2650 4177 publicano),
2693 4106 2908 4176 angeris
2952 4115 3008 4158 et
3064 4105 3371 4161 cruciaris?
3417 4106 3511 4161 ille

1941 4207 2120 4253 autem
2155 4199 2383 4269 perinde
2425 4213 2490 4252 ac
2525 4197 2569 4251 si
2597 4206 2810 4265 nosset,
2850 4198 3097 4266 quisnam
3130 4208 3272 4253 esset
3310 4198 3401 4267 qui
3430 4199 3512 4254 Io-

1940 4294 2235 4362 quebatur:
2268 4289 2559 4359 Quoniam,
2599 4290 2796 4360 inquit,
2835 4290 3091 4358 Domine,
3123 4306 3242 4360 quae
3271 4299 3322 4345 tu
3356 4291 3515 4346 nobis

1939 4387 2151 4439 abunde
2175 4386 2409 4455 prtebes,
2440 4399 2501 4439 ea
2531 4384 2803 4439 nonnullis
2823 4399 2966 4453 saepe
2988 4385 3380 4454 impertientes,
3403 4399 3511 4437 non

1942 4476 2183 4528 videmus
2224 4489 2318 4528 eos
2359 4483 2506 4527 recte
2550 4473 2626 4527 uti
2673 4473 2737 4527 iis
2772 4488 2891 4542 qua:
2931 4475 3048 4528 data
3092 4482 3245 4537 situt,
3296 4484 3516 4541 propter

261 4563 432 4617 Οὔπω
462 4566 550 4618 τὸν
585 4566 742 4635 λόγον
781 4567 988 4629 ἐκεῖνος
1020 4565 1283 4637 ἐπλήρου,
1308 4568 1399 4620 καὶ
1427 4570 1456 4620 6
1487 4573 1675 4638 φανεὶς
1706 4572 1836 4626 ὑπο-

1945 4577 2098 4636 turpe
2127 4566 2358 4620 lucrum.
2394 4564 2488 4620 ille
2529 4564 2763 4617 nondum
2806 4565 3384 4634 impleratoratiouem
3408 4600 3425 4627 ,
3458 4574 3515 4617 et

255 4656 515 4711 δεικνύων
577 4658 726 4729 αύτῷ
774 4659 834 4711 τὸ
878 4657 1126 4730 ἱμάτιονο
1166 4657 1585 4727 Ἐπιγινώσκεις
1632 4664 1827 4731 τοῦτο;

256 4736 445 4819 φησίς
476 4750 583 4804 Τοῦ
634 4750 690 4803 δὲ
738 4750 1135 4823 καταθεμένου,
1187 4752 1347 4804 πάλιν
1395 4753 1635 4817 ἐκεῖνος’
1682 4754 1833 4827 Ἰδοὺ,

255 4839 441 4905 ὲξότου
503 4858 595 4909 μοι
625 4842 720 4895 καὶ
759 4839 1219 4914 παρέσχεςαὺτὸ,
1266 4842 1355 4895 διά
1407 4844 1605 4908 παντὸς
1638 4846 1837 4901 ἐνδιδύ-

257 4950 483 5002 σκομαι.

328 5022 456 5079 ΛΘ’.
508 5024 661 5079 Ἐπεὶ
694 5024 749 5079 δὲ
778 5026 870 5079 καὶ
894 5028 922 5080 6
950 5025 1117 5091 ὕπνος
1147 5029 1346 5102 ἀνῆκεν
1372 5030 1557 5093 αὐτὸν,
1589 5034 1682 5085 ἐπὶ
1714 5032 1837 5085 νοῦν

153 5182 164 5194 ο
256 5118 452 5186 ἐλθὼν,
484 5120 791 5193 Εὐλογητὸς
826 5120 1052 5194 Κύριος,
1078 5122 1284 5194 ἔλεγεν,
1313 5128 1360 5179 εί
1384 5126 1475 5179 καὶ
1496 5126 1730 5194 Χριστὸς
1758 5122 1835 5191 εἷς

259 5208 397 5265 εἷναι
421 5213 531 5265 τῶν
559 5212 756 5267 ἐνδεῶν
791 5214 1059 5284 φαίνεται,
1082 5217 1183 5271 οὐκ
1212 5218 1401 5289 ἀνήσω
1427 5218 1620 5289 μέχρις
1652 5218 1717 5272 ἂν
1743 5220 1838 5272 καὶ

257 5305 418 5368 αὐτὸς
448 5301 528 5368 εἷς
554 5306 721 5379 τῶνδε
742 5308 851 5360 τῶν
875 5307 1171 5380 ἐλαχίστων
1192 5311 1459 5381 γένωμαι.
1489 5313 1837 5382 Παραχρῆμα

242 5395 436 5459 Δτοίνυν
475 5396 567 5450 τὸν
602 5396 899 5469 ἐπίτροπον
923 5400 1024 5470 τῆς
1048 5401 1222 5467 οἰκίας
1253 5402 1311 5466 ὃς
1339 5398 1407 5474 ἦν
1450 5404 1836 5474 ἀργυρώνητος

255 5486 405 5558 αὑτῷ
432 5489 691 5555 καλέσας,
735 5491 882 5562 Ἕχω
936 5493 1019 5546 σοί
1066 5511 1139 5561 τι,
1185 5494 1313 5565 ἔφη,
1363 5494 1473 5549 τῶν
1509 5496 1836 5569 ἀπορρήτων

253 5579 563 5646 πιστεῦσαι,
612 5583 750 5653 ὅπερ
798 5585 847 5637 εί
887 5583 1120 5656 ἔκφορον
1151 5586 1321 5657 θείης,
1374 5585 1407 5657 ἢ
1453 5584 1527 5657 μὴ
1570 5588 1837 5660 ὲργάσῃδ

253 5671 343 5723 ἐπ’
365 5670 513 5742 αὐτῷ
538 5671 825 5743 βούλομαι,
861 5674 1080 5747 μακρὰν
1103 5675 1203 5747 ἔσῃ
1236 5676 1328 5730 τοῦ
1357 5676 1491 5746 ἐμοῦ
1518 5676 1832 5748 προσώπου,

252 5761 349 5813 καὶ
381 5764 460 5825 είς
494 5760 770 5833 βάρϐαρον
796 5764 1234 5837 ἀπεμποληθήσῃ
1262 5766 1388 5835 γῆν.
1422 5765 1611 5821 Ταῦτα
1640 5766 1833 5830 εἰπὼν,

251 5853 387 5906 δέκα
420 5853 515 5907 τοῦ
546 5855 770 5926 χρυσίου
799 5856 991 5928 λίτρας
1034 5858 1183 5929 αὐτῷ
1225 5857 1520 5929 ἐγχειρίζει
1570 5859 1663 5911 ἐπὶ
1696 5876 1836 5930 πρα-

253 5942 491 6017 γματείᾳ
509 5944 683 6017 τούτῳ
709 5947 1281 6020 καταὸληθησομέναςο
1305 5946 1445 6015 εἶτα,
1463 5950 1541 6021 Τῇ
1570 5966 1830 6021 πραγμα-

1941 4661 2031 4732 qui
2081 4670 2409 4727 apparuerat
2451 4660 2745 4713 ostendens
2791 4657 2840 4710 ei
2891 4666 3125 4712 vestem:
3177 4656 3512 4725 Agnoscisne

1940 4753 2121 4807 bane?
2149 4750 2341 4820 inquit.
2365 4747 2572 4825 Cumis
2601 4759 2781 4804 autem
2806 4747 3144 4813 afﬁrmasset,
3178 4749 3265 4803 ille
3289 4764 3507 4803 rursus:

1942 4843 2101 4911 Ecce,
2137 4843 2333 4912 inquit,
2367 4858 2433 4897 ex
2466 4856 2573 4911 quo
2594 4849 2648 4895 tu
2677 4839 2805 4895 mihi
2834 4839 3276 4910 eamlpra-buisti,
3298 4855 3362 4895 ea
3388 4857 3510 4909 per-

1939 4944 2100 5004 petuo
2132 4935 2348 4989 induor.

2010 5020 2256 5092 XXXIX.
2301 5035 2593 5105 Postquam
2624 5033 2807 5089 autem
2846 5047 2971 5090 eum
3018 5032 3222 5089 dimisit
3263 5048 3512 5097 somnus,

1920 5130 2060 5184 three
2089 5137 2270 5184 mente
2313 5129 2560 5197 agitans,
2590 5125 2912 5182 Benedictus
2962 5125 3240 5189 Dominus,
3280 5128 3462 5181 aiebat
3495 5147 3509 5182 :

1939 5220 1984 5276 si
2029 5220 2278 5274 Christus
2308 5218 2522 5274 videtur
2550 5231 2671 5272 esse
2709 5230 2847 5271 unus
2880 5230 2946 5271 ex
2978 5214 3362 5285 indigentibus,
3403 5230 3507 5269 non

1938 5312 2218 5374 desistam,
2247 5311 2420 5365 donec
2462 5310 2578 5379 ipse
2610 5322 2825 5379 quoque
2861 5307 2961 5362 sim
2990 5320 3127 5361 unus
3155 5319 3223 5360 ex
3253 5305 3322 5361 iis
3352 5306 3509 5359 mini-

1944 5400 2068 5455 mis.
2112 5399 2309 5455 Statim
2360 5414 2492 5469 ergo
2534 5406 2725 5453 vocato
2775 5405 3124 5466 procuratore
3167 5396 3377 5458 domus.
3417 5397 3510 5465 qui

1944 5490 2120 5546 fuerat
2158 5488 2227 5544 ab
2269 5489 2387 5558 ipso
2431 5498 2681 5561 emptus:
2717 5486 2872 5553 Volo,
2909 5488 3109 5556 inquit,
3148 5487 3241 5541 tibi
3283 5487 3508 5543 credere

1940 5579 2209 5653 quoddam
2252 5593 2533 5645 arcanum,
2575 5578 2721 5650 quod
2758 5578 2804 5634 si
2849 5578 3237 5644 enuntiaveris,
3280 5586 3373 5632 aut
3404 5576 3510 5632 nisi

1937 5674 2186 5730 ell‘ectum
2242 5671 2564 5738 reddideris,
2619 5672 2760 5742 quod
2810 5672 2954 5737 volo,
3001 5670 3184 5740 procul
3230 5669 3448 5724 recedes
3479 5683 3511 5723 a

1939 5783 2059 5823 meo
2110 5775 2423 5835 conspectu,
2478 5776 2532 5819 et
2578 5765 2831 5821 venderis
2881 5765 2935 5820 iu
2982 5765 3212 5819 barbara
3260 5764 3502 5833 regione.

1939 5857 2065 5911 Haec
2088 5871 2210 5912 cum
2235 5856 2484 5920 dixisset,
2521 5856 2705 5911 decem
2736 5856 2905 5911 libras
2938 5856 3056 5910 auri
3085 5856 3132 5910 ei
3165 5855 3350 5918 tradit,
3383 5870 3505 5925 quae

1947 5958 2102 6005 erant
2138 5949 2187 6004 ei
2242 5948 2513 6003 solvendae
2551 5950 2621 6003 ob
2664 5947 3105 6017 negotiationem.
3159 5948 3391 6005 Deinde:
3422 5944 3506 6001 Me

3403 497 3508 560 930
3598 512 3601 513 '
