3828 6512
329 441 428 507 931

1563 433 1842 495 MENSIS
1882 426 2338 495 JANUARIUS.

3462 424 3582 486 932

330 574 577 631 quoque,
622 557 828 627 inquit,
877 570 1092 612 assume
1144 554 1208 608 ad
1270 552 1409 608 hanc
1477 554 1892 623 negotiationem

2033 550 2139 619 είᾳ,
2197 546 2364 616 φησὶ,
2427 542 2567 614 κάμὲ
2633 526 3080 613 συμπαραλαϐὼν
3148 538 3326 610 (τοῖτο
3376 542 3487 611 γὰρ
3529 544 3596 596 τὸ

282 641 292 655 ’
332 653 457 722 (hoc
487 659 570 706 est
613 650 755 705 cni-n
792 649 1073 717 arcanum)
1109 658 1164 702 et
1204 662 1327 701 cum
1382 660 1467 700 nze
1505 645 1798 699 abduxeris
1832 643 1896 695 ad

333 750 511 810 partes
548 748 748 795 sancta:
791 739 1048 803 civitatis,
1088 737 1196 790 illic
1238 752 1322 790 me
1377 736 1548 791 vende
1592 734 1901 789 Chrisriano

331 832 490 886 alicui
547 840 797 899 tanquam
834 829 1184 899 mancipium.
1227 829 1378 894 Quod
1423 838 1600 881 autem
1639 827 1705 880 ad
1753 837 1802 880 te
1834 841 1899 880 ex

330 937 395 975 eo
433 920 628 975 redibit
683 919 947 988 pretium,
998 929 1477 987 quantumcunque
1525 915 1709 979 fuerit,
1744 916 1902 969 detur

339 1012 686 1083 pauperibus.
707 1003 864 1075 Cinn,
897 1019 1181 1081 postquam
1212 1009 1303 1063 diu
1325 1008 1629 1082 institisset,
1664 1007 1751 1061 vix
1780 1015 1897 1060 tau-

331 1106 450 1160 dem
503 1105 550 1158 ei
595 1104 973 1174 persuasisset,
1026 1103 1170 1156 venit
1218 1116 1341 1155 cum
1391 1114 1457 1155 eo
1508 1100 1897 1169 Hierosolyma.

331 1196 447 1262 Quo
491 1197 542 1251 in
597 1196 736 1259 loco,
768 1210 889 1250 cum
940 1194 992 1247 in
1030 1196 1313 1262 quemdam
1363 1194 1618 1255 amicum,
1662 1192 1751 1261 qui
1784 1197 1902 1245 erat

333 1290 550 1358 quidem
606 1297 725 1341 arte
771 1288 1003 1350 aurifex,
1052 1287 1330 1341 incidisset
1407 1294 1724 1353 procurator
1764 1284 1902 1347 (erat

333 1390 510 1432 autem
539 1379 585 1432 ei
621 1393 814 1431 nomen
851 1377 1052 1441 Zoilus,
1084 1378 1171 1444 qni
1200 1385 1419 1445 propter
1448 1374 1683 1443 aliquem
1716 1388 1899 1436 casum

334 1470 586 1522 redactus
619 1478 735 1521 erat
763 1470 826 1521 ad
856 1466 1142 1535 inepiam),
1176 1465 1376 1521 Servus
1402 1476 1507 1529 est,
1541 1464 1735 1531 inquit,
1770 1463 1901 1516 mihi

332 1557 488 1611 valde
535 1559 706 1611 honos
743 1574 756 1609 :
807 1572 966 1625 quem
1019 1559 1063 1611 si
1104 1572 1186 1609 me
1236 1555 1460 1610 audiens
1505 1553 1723 1618 ennris,
1769 1553 1901 1606 nihil

335 1651 439 1703 erit
503 1647 914 1718 impedimento,
953 1650 1243 1717 quominus
1282 1650 1348 1700 ad
1403 1648 1683 1717 pristinam
1719 1646 1906 1699 rcdtas

334 1739 670 1797 felicitatem.
698 1741 792 1795 Est
825 1741 965 1794 enim
994 1755 1096 1794 non
1129 1742 1299 1795 solum
1332 1741 1488 1794 bonis
1514 1739 1780 1804 moribus,
1811 1737 1904 1792 sed

336 1835 500 1889 etiam
541 1834 594 1888 in
631 1835 901 1889 lundendo
928 1849 1062 1888 auro
1092 1849 1301 1889 sumine
1332 1833 1686 1899 exercitatus,
1730 1831 1906 1884 fuerat

1999 641 2355 711 ἀπόρρητον),
2372 636 2465 689 καὶ
2487 636 2624 707 πρὸς
2642 634 2713 688 τὰ
2732 635 2832 705 τῆς
2861 634 3022 703 ἁγίας
3043 635 3248 701 πόλεως
3275 636 3595 704 ἀπαγαγὼν

2005 732 2165 802 μέρη,
2198 732 2315 782 ἐκεῖ
2353 745 2419 799 με
2465 726 2778 798 Χριστιανῷ
2822 744 2927 781 τινι
2974 727 3227 799 καθάπερ
3263 727 3321 781 ἓν
3350 726 3459 781 τῶν
3492 729 3598 782 ἁν-

2000 824 2279 896 δραπόδων
2309 821 2589 892 πώλησονσ
2623 822 2684 875 τὸ
2712 822 2768 875 δὲ
2802 821 3051 876 ἐντεῦθεν
3088 822 3591 893 περιελευσόμενόν

2005 933 2087 969 σοι
2119 915 2357 985 τίμημα,
2392 914 2515 966 ὅσον
2548 913 2612 966 ἂν
2647 916 2739 965 καὶ
2771 914 2877 984 εἴη,
2921 914 3130 985 δοοήτω
3174 913 3394 983 πένησι.
3428 915 3597 968 Μετὰ

2007 1006 2213 1077 πολλὴν
2242 1006 2376 1075 γοῦν
2414 1005 2511 1076 τὴν
2536 1005 2807 1071 ἔνστασιν,
2839 1005 3164 1059 καταπειθοῖ
3193 1006 3347 1077 μόλις
3377 1006 3595 1075 ἐκεῖνον

2003 1096 2200 1162 λαϐὼν,
2235 1096 2426 1165 φθάνει
2459 1097 2553 1149 σὺν
2580 1095 2728 1165 αὐτῷ
2752 1097 2819 1149 τὰ
2852 1096 3223 1167 Ἱεροσόλυμα·
3247 1096 3377 1148 ἔνθα
3411 1114 3597 1167 προσ-

2004 1190 2147 1255 φιλεϊ
2172 1205 2278 1241 τινι
2300 1190 2327 1241 ὁ
2347 1188 2639 1259 ἐπίτροπος
2669 1187 2906 1259 ἐντυχὼν
2940 1190 3306 1261 ἀργυροκὸπῳ
3342 1190 3441 1260 μὲν
3489 1191 3600 1260 τὴν

2001 1279 2221 1350 τέχνην,
2255 1280 2445 1349 Ζωίλῳ
2491 1279 2546 1332 δὲ
2576 1278 2836 1347 τοῦνομα,
2869 1269 2989 1333 τότέ
3021 1280 3077 1333 δὲ
3112 1281 3256 1335 κατά
3284 1298 3405 1335 τινα
3434 1288 3600 1351 περι-

2004 1370 2226 1423 πέτειαν
2252 1370 2367 1440 βίου
2400 1370 2617 1439 ἀπόρως
2644 1370 2737 1423 καὶ
2770 1371 2960 1432 ἐνδεῶς
2991 1371 3193 1441 ἔχοντι,
3246 1371 3444 1435 Δοῦλός
3471 1372 3601 1424 ἐστι

2008 1479 2119 1533 μοι,
2153 1461 2258 1531 ἔφη
2306 1460 2473 1531 αὐτῷ,
2515 1462 2655 1515 πάνυ
2716 1462 2919 1532 σφόδρα
2969 1463 3152 1526 καλός.
3206 1465 3302 1516 Ὃν
3354 1467 3403 1517 εἰ
3454 1464 3601 1534 ἐμοῦ

2004 1553 2247 1617 ἀκούσας
2267 1554 2479 1626 ὠνήσῃ,
2512 1554 2663 1608 ούδὲν
2701 1556 2761 1607 τὸ
2794 1555 3005 1609 κωλῦον
3027 1554 3193 1619 ἕξεις,
3228 1556 3301 1626 μὴ
3324 1555 3393 1608 δι’
3420 1555 3597 1608 αὐτοῦ

2008 1646 2170 1700 πάλιν
2216 1649 2297 1711 εὶς
2359 1648 2420 1700 τὸ
2459 1642 2516 1701 εὖ
2567 1647 2827 1718 πράττειν
2872 1648 3184 1701 ἐπανελθεῖν
3226 1648 3302 1711 ὡς
3351 1648 3412 1700 τὸ
3452 1646 3603 1718 πρόδ

2006 1755 2185 1807 τερον.
2214 1739 2368 1793 Ἐστι
2389 1738 2499 1811 γὰρ
2522 1740 2581 1793 ού
2604 1740 2777 1805 δεξιὸς
2802 1740 2964 1809 μόνον
2990 1739 3080 1793 τὸν
3100 1739 3321 1810 τρόπον,
3341 1738 3473 1792 ἀλλὰ
3504 1740 3604 1791 καὶ

2007 1830 2107 1900 τὴν
2139 1832 2504 1903 χρυσοχοῖκὴν
2536 1830 2723 1900 ἄκρως
2757 1830 3153 1901 ἐξησκημένος.
3191 1831 3302 1883 Καὶ
3336 1830 3445 1900 γὰρ
3470 1826 3546 1899 ἦν
3573 1833 3605 1883 ὁ

333 1927 476 1983 enim
511 1926 703 1981 Petrus
730 1926 857 1981 huic
899 1941 1117 1995 quoque
1160 1925 1262 1978 arti
1297 1937 1505 1978 summe
1546 1923 1777 1977 deditus.
1812 1922 1903 1975 ille

2031 1894 2221 1993 Ἰέτρος
2387 1894 2523 1993 πρῖὺς
2552 1894 2711 1976 τούτο
2749 1894 2888 1994 ἔχων
2916 1894 3261 1996 ἐπιτηδείως,
3296 1894 3362 1975 ’ὁ
3404 1894 3463 1976 δὲ

334 2027 513 2073 autem
559 2018 740 2072 statim
796 2019 849 2072 in
901 2017 1133 2071 medium
1189 2017 1461 2069 adducens
1506 2025 1901 2085 paupertatem,

334 2128 456 2165 cum
501 2126 604 2179 qua
638 2111 1069 2171 t'tnzﬂit'tslbstlttt‘,
1108 2110 1313 2162 dicebat
1364 2125 1420 2161 se
1456 2124 1559 2160 non
1600 2123 1757 2175 posse
1782 2120 1903 2160 eum

334 2213 538 2254 emere.
585 2193 692 2255 Sed
742 2206 918 2252 tamen
951 2198 1038 2253 ille
1084 2199 1262 2252 verbis
1301 2198 1457 2251 amici
1510 2211 1821 2267 persuasus,
1853 2206 1907 2250 et

338 2307 474 2348 auro
508 2300 729 2362 accepto
782 2292 976 2356 fcnori,
1022 2290 1319 2344 cmit'zelo
1360 2291 1651 2344 ferventem
1686 2291 1905 2343 Petrum

340 2388 558 2457 trig‘nla
610 2386 864 2438 inmunis.
898 2383 1046 2452 Quos
1074 2398 1195 2438 cum
1232 2384 1534 2453 accepisset
1562 2389 1905 2453 procurator,

339 2478 432 2534 ivit
462 2477 1013 2545 Constantinopolim.

410 2568 522 2623 XL.
567 2567 791 2621 Licebat
826 2581 953 2635 ergo
982 2566 1164 2642 videre
1197 2580 1341 2632 eum,
1375 2565 1465 2635 qui
1497 2573 1716 2635 propter
1755 2563 1910 2619 Cln'i-

339 2674 481 2717 stum
511 2662 867 2715 voluntariam
898 2669 1213 2726 susceperat
1244 2660 1581 2722 servitutem,
1606 2657 1911 2727 diligentis-

340 2755 477 2808 sime
506 2753 723 2807 domino
762 2767 862 2807 suo
890 2751 1272 2806 inservientem
1304 2750 1355 2803 in
1387 2749 1659 2813 omnibus,
1698 2762 1818 2816 qua:
1844 2746 1909 2799 ad

341 2860 496 2900 usum
527 2844 719 2898 dmnus
760 2845 1125 2913 pertinebant,
1168 2841 1500 2912 jejuniisque
1547 2850 1827 2892 vacantem
1859 2847 1915 2892 et

343 2937 541 3008 vigiliis
574 2953 589 2990 :
622 2951 738 3005 qua:
770 2936 1056 3001 faciebant,
1089 2944 1149 2990 ut
1175 2951 1263 2990 res
1285 2933 1486 2987 domini
1514 2932 1907 2986 incrementum

346 3029 680 3099 acciperent,
733 3038 790 3082 ut
838 3030 1285 3084 benedicerentur
1338 3027 1454 3095 ejus
1504 3025 1730 3089 ultima;
1769 3024 1912 3079 sicut

341 3119 479 3176 Jobo
509 3122 553 3186 ⁸,
602 3121 774 3190 magis
824 3136 985 3190 qnam
1039 3122 1236 3188 priora.
1291 3119 1389 3185 Qui
1438 3118 1598 3171 etiam
1648 3131 1912 3169 summam

343 3211 464 3278 ejus
496 3213 749 3266 virtutem
802 3226 1092 3275 venerans,
1142 3211 1412 3282 cogitabat
1452 3225 1572 3264 eum
1618 3209 1911 3262 manumit-

248 3312 263 3324 ‘
348 3313 481 3365 tere,
512 3292 738 3356 etiamsi.
769 3302 860 3357 ille
908 3304 957 3356 id
992 3305 1212 3357 minime
1259 3302 1575 3368 admiserit,
1612 3300 1796 3355 volens
1829 3313 1918 3369 po-

352 3392 460 3447 tius
510 3393 563 3446 in
615 3394 876 3449 servitute
917 3404 1137 3464 propter
1169 3395 1443 3448 Christum
1487 3393 1717 3464 perpeti,
1752 3406 1915 3462 quam

345 3500 468 3540 cum
518 3484 764 3541 libertate
812 3488 1116 3557 quiescere.
1169 3489 1272 3543 Sed
1321 3489 1445 3558 quis
1485 3489 1665 3542 dicere
1697 3486 1918 3539 omnino

350 3578 588 3647 potuerit
615 3594 730 3646 cas,
753 3594 871 3648 qua:
909 3583 956 3632 ei
998 3595 1028 3634 a
1071 3580 1307 3649 maligno
1349 3581 1737 3642 inferebantur,
1780 3577 1917 3631 allii-

347 3667 592 3721 ctiones?
632 3667 955 3738 Quicunque
976 3671 1118 3723 enim
1151 3679 1309 3724 erant
1339 3685 1370 3723 a
1402 3669 1623 3736 familia,
1662 3679 1918 3736 tanquam

347 3770 541 3814 emata:
603 3757 801 3815 mentis
856 3763 1166 3832 quempiam
1218 3771 1570 3830 reputantes,
1628 3762 1921 3831 aliquando

348 3851 565 3920 quidem
618 3867 746 3907 eum
806 3854 1125 3918 irridebanl,
1168 3853 1454 3921 aliquando
1507 3860 1687 3906 autem
1737 3851 1922 3922 alapas

350 3941 683 4013 itiﬂlgeliant,
729 3953 781 3997 et
826 3958 932 3997 non
984 3942 1314 3997 desistebant
1352 3932 1401 3996 ei
1447 3942 1698 3995 omnibus
1752 3942 1923 3993 IttOtllS

353 4032 548 4087 afferre
596 4034 919 4088 molestiam.
968 4035 1405 4102 Quotiescunque
1457 4041 1633 4087 autem
1668 4033 1924 4103 contigis-

350 4132 436 4179 set
459 4138 606 4189 eum,
638 4125 980 4179 contumeliis
1010 4141 1038 4178 a
1063 4127 1341 4179 conservis
1370 4122 1643 4190 aﬂ‘ectum,
1679 4125 1922 4179 dormire

354 4230 477 4267 cuin
517 4216 686 4269 animi
723 4216 1066 4285 aegritudine,
1111 4217 1269 4272 teties
1297 4216 1345 4271 ei
1377 4217 1668 4271 assistebat
1701 4217 1752 4271 in
1780 4232 1926 4272 som-

359 4306 466 4371 nis,
502 4307 593 4375 qni
619 4308 673 4361 in
697 4307 880 4362 Africa
904 4307 970 4361 ab
997 4323 1061 4363 eo
1089 4308 1239 4364 visus
1264 4308 1460 4375 fuerat,
1493 4307 1779 4380 ferensque
1813 4308 1928 4377 ejus

362 4410 607 4465 vestem,
640 4408 696 4453 et
724 4401 955 4468 pretium
998 4401 1219 4467 triginta
1252 4413 1448 4456 aureos
1476 4401 1678 4457 habens
1724 4404 1776 4455 in
1809 4416 1928 4458 ma-

353 4493 515 4549 nibus
547 4509 561 4546 :
587 4490 667 4548 Ne
695 4493 771 4548 sis
800 4494 990 4561 trisds,
1023 4496 1221 4561 aiebat,
1254 4494 1421 4551 frater
1444 4484 1628 4553 Petre.‘
1647 4497 1756 4569 Ego
1781 4499 1926 4553 enim

353 4583 517 4638 etiam
561 4590 709 4637 tuum
747 4584 931 4651 accepi
971 4586 1226 4653 pretium,
1250 4589 1391 4643 sicut
1417 4589 1567 4659 prius
1590 4600 1816 4646 vestem.

425 4674 564 4733 XLI.
607 4677 924 4733 lntercessit
956 4679 1288 4748 aliquantum
1318 4683 1598 4751 temporis,
1627 4691 1681 4736 et
1709 4681 1928 4750 quidam

352 4767 445 4836 qui
476 4777 631 4821 erant
661 4766 901 4837 ejusdem
939 4768 1100 4838 cujus
1128 4770 1319 4826 Petrus
1348 4772 1603 4841 regionis,
1636 4783 1754 4826 arte
1781 4774 1930 4826 auri-

356 4860 506 4921 lices,
537 4860 646 4912 voti
683 4873 848 4912 causa
883 4868 937 4913 et
986 4861 1315 4915 adorationis
1334 4873 1699 4931 pervenerunt
1722 4866 1787 4919 ad
1810 4864 1928 4919 loca

352 4951 678 5004 veneranda.
708 4949 857 5016 Quos
880 4952 1129 5007 dominus
1160 4950 1298 5020 ejus,
1335 4964 1394 5008 ut
1435 4956 1526 5026 qui
1562 4965 1751 5010 essent
1780 4957 1927 5026 ejus-

354 5041 475 5097 dem
510 5041 666 5109 artis,
696 5042 915 5097 domum
950 5032 1139 5099 ductos
1165 5046 1372 5114 accepit
1396 5048 1540 5101 omni
1574 5048 1925 5118 benignitate.

355 5130 549 5187 Petrus
576 5144 754 5186 autem
801 5150 924 5189 cum
978 5137 1056 5188 eis
1103 5137 1474 5203 ministraret,
1501 5147 1556 5192 et
1585 5138 1731 5193 viros
1759 5155 1927 5209 agno-

352 5224 544 5287 visset,
590 5226 825 5294 seipsum
886 5226 1093 5281 celabat
1144 5242 1240 5295 pro
1289 5228 1520 5293 viribus,
1572 5239 1628 5285 et
1674 5233 1926 5288 omnibus

354 5316 533 5371 modis
557 5316 853 5370 conabatur
880 5316 1073 5372 latere.
1103 5315 1184 5372 Illi
1237 5334 1365 5374 vero
1397 5329 1646 5391 tanquam
1672 5337 1767 5392 per
1790 5324 1929 5394 ligu-

354 5422 472 5461 ram
511 5408 755 5478 corporis
776 5425 900 5464 eum
948 5411 1286 5481 indagantes,
1320 5426 1671 5482 agnoverunt.
1706 5416 1770 5470 Et
1814 5418 1928 5486 pri-

356 5515 501 5552 mum
553 5502 767 5568 quidem
806 5509 947 5556 inter
990 5518 1050 5557 se
1083 5504 1439 5559 susurrabant
1479 5523 1492 5559 :
1534 5506 1925 5561 dubitationem

354 5591 497 5647 enim
521 5591 604 5648 eis
624 5592 883 5649 aﬂ‘erebat
906 5596 1221 5652 similitudo.
1250 5598 1543 5667 Postquam
1572 5608 1751 5653 autem
1776 5600 1924 5653 illum

356 5679 536 5753 ipsum
581 5698 703 5740 esse
742 5696 927 5755 aperte
969 5700 1342 5760 agnoverunt,
1396 5691 1758 5747 communiter
1802 5706 1923 5747 eum

431 5864 449 5893 ‘
478 5863 598 5919 Job.
628 5883 727 5920 me
765 5869 845 5921 l2.

2013 2016 2262 2068 σύνοικον
2290 2016 2457 2090 εὐθὺς,
2476 2015 2910 2087 προϐαλλόμενος
2940 2015 3195 2084 ἀπορίαν,
3229 2015 3304 2086 μὴ
3331 2015 3603 2069 δύνασθαι

2011 2107 2109 2178 τὴν
2142 2108 2315 2178 ἀρχὴν
2345 2108 2497 2176 ἔλεγε
2542 2107 2731 2161 τοῦτον
2776 2107 3056 2161 ὠνεῖσθαι.
3108 2106 3254 2176 Πλὴν
3303 2106 3440 2160 ἀλλὰ
3483 2108 3605 2168 τοῖς

2011 2199 2106 2253 τοῦ
2144 2200 2297 2269 φίλου
2344 2200 2524 2268 λόγοις
2562 2199 2807 2263 πεισθεὶς
2865 2199 2960 2253 καλ⁸
3010 2198 3233 2269 χρυσίον
3282 2195 3467 2251 λαϐὼν
3518 2198 3606 2259 εἰς

2011 2291 2255 2355 δάνειον,
2307 2290 2529 2344 ὠνεῖται
2578 2293 2670 2345 τὸν
2726 2292 2929 2363 θερμὸν
2980 2283 3189 2363 Πέτρον
3240 2290 3603 2361 νομισμάτων

2012 2384 2332 2454 τρίακοντα,
2372 2383 2408 2438 ἃ.
2446 2386 2541 2437 καὶ
2585 2383 2918 2456 παραλαϐὼν
2961 2386 2989 2437 ὁ
3035 2385 3351 2456 ἐπίτροπος,
3399 2380 3606 2453 ἐχώρει

2016 2476 2151 2545 πρὸς
2174 2476 2275 2543 τὴν
2301 2476 2900 2530 Κωνσταντινούπολιν.

2086 2572 2179 2625 Μ’.
2200 2561 2307 2624 Ἦν
2337 2570 2429 2624 οὖν
2481 2570 2610 2623 ἰδεῖν
2665 2571 2755 2623 τὸν
2807 2570 2895 2624 διὰ
2937 2568 3170 2641 Χριστόν
3217 2567 3468 2623 ἑκούσιον
3496 2567 3604 2637 τὴν

2014 2661 2258 2717 δουλείαν
2285 2661 2689 2733 προῃρημένον,
2721 2663 3123 2734 ἐπιμελέστατα
3145 2660 3223 2732 τῷ
3260 2661 3500 2731 δεσπότῃ
3525 2662 3607 2730 τῷ

2017 2753 2211 2810 ἑαυτοῦ
2236 2756 2329 2809 ἐπὶ
2357 2755 2558 2817 πάσαις
2576 2756 2694 2819 ταῖς
2717 2756 2837 2810 κατ’
2868 2751 3019 2809 οἷκον
3039 2755 3254 2827 χρείαις
3288 2754 3607 2824 ὑπηρετού-

2022 2863 2217 2916 μενον·
2277 2846 2554 2915 νηστείαις
2618 2863 2678 2899 τε
2723 2847 2787 2900 τὺ
2838 2846 3101 2916 παράπαν
3146 2847 3239 2899 καὶ
3270 2845 3611 2917 ἀγρυπνίαις

2020 2936 2412 3007 προσκείμενον
2439 2952 2458 2969 ο
2494 2936 2529 2991 ὁι
2556 2938 2651 2991 καὶ
2676 2938 2813 3008 πρὸς
2841 2936 3158 3008 πληθυσμὸν
3187 2935 3357 2993 ἐποίει
3383 2936 3480 2990 καὶ
3508 2935 3613 2989 αὖ-

2021 3028 2172 3096 ξησιν
2225 3030 2293 3081 τὰ
2336 3028 2429 3081 τοῦ
2461 3030 2722 3083 δεσπότου
2772 3030 3109 3092 ἐπιδιδόναι,
3159 3030 3235 3094 ὡς
3282 3030 3598 3100 εὐλογηθῆ-

2020 3138 2107 3174 ναι
2133 3121 2272 3173 κατὰ
2309 3121 2399 3174 τὸν
2470 3120 2590 3174 Ἰὼϐ
2641 3123 2707 3176 τὰ
2767 3122 2971 3193 ἔσχατα
3005 3122 3207 3192 μᾶλλον
3254 3121 3423 3175 αὐτοῦ
3467 3124 3501 3194 ἢ
3539 3124 3611 3176 τὰ

2022 3214 2350 3284 ἔμπροσθεν,
2399 3215 2455 3278 ὃς
2490 3216 2583 3269 καὶ
2628 3216 2737 3286 ,τὴν
2765 3215 2939 3286 ἄκραν
2989 3216 3190 3287 ἀρετὴν
3249 3215 3414 3268 αὐτοῦ
3479 3216 3610 3267 δυσ-

2017 3304 2166 3357 ωπού
2176 3321 2352 3374 μενος,
2375 3307 2588 3373 αφεῖναι
2614 3305 2709 3373 τῆς
2730 3304 2975 3368 δουλείας
2989 3304 3257 3370 διενοεῖτο,
3278 3304 3380 3357 κᾶν
3396 3306 3613 3369 ἐκεῖνος

2018 3397 2221 3467 ἥκιστα
2262 3395 2596 3467 παρεδέξατο
2627 3396 2726 3465 τὴν
2750 3398 2808 3449 ὲν
2830 3396 3047 3468 δουλείᾳ
3069 3397 3177 3473 *διὰ
3219 3396 3457 3468 Χριστὸν
3486 3398 3612 3449 ἑλό-

2023 3506 2180 3559 μενος
2213 3488 2660 3555 κακοπάθειαν,ῆ
2703 3488 2801 3559 τὴν
2840 3488 2958 3559 μετ’
3009 3488 3321 3558 ἐλευθερίας
3358 3486 3611 3541 ἀνάπαυ-

2023 3599 2127 3635 σιν.
2167 3580 2326 3634 ’Δλλά
2352 3580 2435 3643 τίς
2460 3580 2525 3633 ἂν
2552 3579 2756 3649 ἐξείποι
2779 3577 2875 3641 τὰς
2898 3580 2961 3632 ὲκ
2986 3578 3081 3632 τοῦ
3125 3578 3365 3651 πονηροῦ
3384 3580 3609 3643 πάντως

2021 3672 2366 3743 ἐπαγομένας
2395 3670 2544 3740 αὐτῷ
2573 3670 2814 3739 θλίψεις
2847 3672 2910 3724 Οἱ
2934 3671 3043 3741 γὰρ
3072 3671 3169 3741 τῆς
3199 3671 3377 3735 οἰκίας
3404 3671 3611 3735 πάντες

2021 3765 2097 3829 ὥς
2115 3783 2238 3819 τινα
2269 3765 2591 3835 παράκοπον
2612 3765 2739 3817 ὁντα
2762 3767 2881 3828 ταῖς
2913 3765 3075 3837 φρεσὶ
3099 3761 3439 3833 λογιζόμενοι
3473 3765 3609 3820 ποτὲ

2028 3859 2125 3928 μὲν
2154 3859 2516 3911 ἀπέσκωπτον
2546 3859 2623 3920 είς
2658 3857 2838 3923 αὐτὸν,
2893 3856 3022 3910 ποτὲ
3050 3856 3108 3910 δὲ
3132 3858 3225 3909 καὶ
3275 3857 3369 3909 ἐπὶ
3399 3857 3612 3930 κόρρης

2024 3955 2339 4026 ἐρράπιζον,
2363 3954 2459 4007 καὶ
2481 3955 2656 4008 πάντα
2675 3954 2874 4024 τρόπον
2887 3952 3144 4016 ἀνιῶντες
3160 3953 3217 4005 οὐ
3231 3951 3609 4022 διελίμπανον.

2036 4046 2262 4109 Ὀσάκις
2289 4044 2381 4098 οὖν
2415 4046 2656 4116 συμϐαίη
2688 4044 2879 4098 τοῦτον
2903 4044 3007 4098 ὑπὸ
3033 4044 3142 4098 τῶν
3163 4043 3473 4115 ὁμοδούλων
3498 4045 3603 4113 ἐμ-

2029 4138 2479 4209 παροινούμενον,
2537 4139 2595 4189 ἐν
2669 4136 2815 4208 λύπῃ
2875 4136 3224 4208 κοιμηθῆναι,
3278 4137 3612 4200 τοσαυτάκις

2028 4230 2176 4301 αὐτῷ
2206 4230 2339 4300 ὁναρ
2370 4230 2630 4299 ἐφίστατο
2655 4230 2682 4281 ὁ
2717 4229 2774 4281 ὲν
2808 4229 3039 4298 Ἀφρικῇ
3066 4228 3309 4297 ὁραθέις.
3336 4226 3523 4298 φορῶν
3550 4245 3611 4281 τε

2029 4320 2196 4376 αὐτοῦ
2253 4320 2314 4375 τδ
2359 4321 2573 4391 ἱμάτιον
2639 4319 2733 4374 καὶ
2790 4319 2888 4390 τὴν
2922 4321 3089 4391 τιμὴν
3127 4321 3254 4383 τοὺς
3309 4322 3611 4391 τριάκοντα

2028 4413 2264 4483 χρυσοῦς
2296 4411 2436 4484 μετὰ
2462 4415 2651 4483 χεῖρας
2701 4410 2838 4482 ἔχων
2859 4450 2876 4478 ,
2909 4411 3001 4480 Μὴ
3054 4410 3252 4481 ἀθύμει
3278 4429 3358 4476 τε,
3390 4412 3610 4482 άδελςρὲ,

2030 4506 2225 4574 λέγων,
2261 4504 2457 4575 Πέτρε.
2511 4503 2642 4555 Ἰδοὺ
2674 4503 2783 4574 γὰρ
2814 4502 2923 4571 ἐγὼ
2970 4503 3066 4555 καὶ
3092 4503 3193 4573 τὴν
3221 4502 3388 4572 τιμὴν
3413 4502 3613 4572 εἴληφα

2033 4600 2132 4670 τὴν
2176 4599 2298 4668 σὴν,
2332 4595 2523 4667 ὥσπερ
2550 4596 2815 4668 πρότερον
2840 4595 2901 4648 τὸ
2934 4596 3173 4665 ἱμάτιον.

2064 4738 2065 4741 η
2106 4684 2243 4741 ΜΑ’.
2280 4685 2485 4756 Χρόνος
2518 4685 2708 4756 ἐτρίϐη
2754 4685 2815 4737 τὸ
2842 4685 3068 4754 μεταξὺ,
3094 4683 3187 4738 καί
3219 4685 3613 4757 τινες.ὁμόχω-

2034 4795 2118 4848 ροι
2143 4777 2220 4847 τῷ
2248 4777 2439 4848 Πέτρῳ
2470 4777 2841 4847 ἁργυροκόποι
2866 4775 2963 4847 τὴν
2996 4777 3211 4846 τέχνην,
3238 4777 3406 4846 εὐχῆς
3456 4780 3616 4849 χάριν

2032 4868 2127 4920 καὶ
2164 4868 2593 4937 προσκυνήσεως
2640 4866 2765 4928 τοὺς
2815 4866 3145 4937 σεϐασμίους
3186 4866 3487 4922 κατέλαϐον
3521 4868 3614 4922 τός

2032 4977 2195 5023 πους·
2251 4958 2345 5023 οὓς
2377 4961 2405 5012 ὁ
2442 4960 2708 5030 δεσπότης
2745 4959 2909 5014 αὑτοῦ
2937 4961 3033 5014 ac:
3070 4960 3397 5030 ὁμοτέχνους
3426 4961 3612 5015 οἴκαδε

1978 5080 1981 5085 λ
2032 5052 2255 5121 ἀγαγὼν
2307 5050 2447 5105 κατὰ
2485 5054 2666 5105 πᾶσαν
2727 5052 2998 5116 ἐδεξιοῦτο
3055 5052 3480 5124 φιλοφροσύνην.
3554 5055 3613 5108 ’0

2035 5144 2220 5214 μέντοι
2271 5142 2475 5211 Πέτρος
2499 5141 2915 5210 διακονούμενος
2974 5141 3069 5206 ὼν,
3121 5145 3215 5194 καλ⁸
3246 5145 3372 5206 τοὺς
3411 5143 3613 5214 ἄνδρας
3660 5184 3667 5191 .

2030 5236 2430 5307 ἀναγνωρίσας,
2459 5234 2828 5305 συνέκρυπτεν
2847 5233 3039 5289 ἑαυτὸν
3055 5232 3227 5305 ὁπόση
3248 5233 3447 5304 δύναμι
3463 5255 3500 5303 ’,
3521 5238 3617 5291 καὶ

2029 5329 2207 5383 πάντα
2238 5327 2436 5397 τρόπον
2481 5328 2793 5397 ἐμηχανᾶτο
2818 5326 3024 5381 λαθεῖν.
3074 5327 3300 5381 Ἐκεῖνοι
3329 5327 3386 5381 δὲ
3428 5328 3615 5400 ὥσπερ

2030 5419 2120 5472 διὰ
2145 5418 2253 5472 τῶν
2277 5419 2644 5490 χαρακτήρων
2676 5418 3094 5489 ῥινηλατοῦντες
3133 5419 3298 5472 αὑτὸν
3354 5421 3616 5488 ἀνεγίνω-

2030 5528 2179 5573 σκον,
2212 5512 2311 5564 καὶ
2344 5510 2540 5582 πρῶτα
2589 5513 2690 5582 μὲν
2744 5510 3113 5583 διεψιθύριζον
3158 5511 3294 5582 πρὸς
3352 5511 3615 5581 ἀλλήλους

2023 5601 2378 5679 (ἐνεδοιάζετο
2428 5600 2537 5671 γὰρ
2581 5603 2763 5665 αὐτοῖς
2816 5601 2887 5654 τὰ
2921 5601 3019 5671 τῆς
3048 5599 3397 5673 ὲμφερείας),
3434 5600 3526 5655 καὶ
3552 5602 3616 5653 ἀ-

2023 5692 2228 5762 κριϐῶς
2261 5694 2425 5747 αὐτὸν
2466 5694 2671 5747 ἐκεῖνον
2695 5691 2833 5747 εἶναι
2857 5691 3352 5761 διέγνωσαν,εύθί›ς
3369 5691 3505 5764 πρὸς
3525 5691 3615 5745 τὸν
