3828 6480
328 404 435 465 933

1286 400 1465 461 VtTA
1507 402 1566 461 s.
1609 401 1933 463 JOANNIS
1976 382 2616 465 ELEEMOSYNAIUI.

3470 408 3575 470 9%

318 512 628 581 κεκληκότα
684 509 990 578 κοινολογού
1002 526 1180 579 μενοι,
1217 510 1282 562 Τί
1307 511 1390 563 ὅτι
1419 528 1522 577 σοι,
1554 502 1731 579 εἶπον,
1763 514 1898 584 ἀνὴρ

2005 516 2184 570 statim
2235 516 2588 585 alloquentes,
2632 515 2720 582 qui
2753 529 2846 569 eos
2883 513 3241 569 invitat-erat:
3287 514 3422 582 Quid
3470 516 3570 573 sibi

314 600 558 663 τοιοῦτος
611 601 690 662 εἰς
741 597 1035 663 διακονίαν,
1089 596 1169 663 εἷς
1206 599 1306 670 μὲν
1353 600 1463 653 τῶν
1519 602 1896 674 συγκλητικῶν

317 694 415 750 καὶ
453 689 726 763 μεγάλων,
770 691 983 754 οὐδενὸς
1022 691 1207 760 δὲτὴν
1240 693 1563 761 ἐπιφάνειαν
1610 694 1895 765 δεύτεροςς

318 778 489 847 Οὗτος
534 783 644 852 γὰρ
667 783 693 835 ὁ
710 780 804 833 νῦν
826 784 958 853 ἡμῖν
980 783 1072 836 ἐπὶ
1098 784 1198 853 τῆς
1213 784 1492 855 τραπέζης
1514 785 1897 857 ὑπηρετούμε-

315 892 407 940 νος
436 875 639 945 Πέτρος
675 874 824 927 ἐστὶν
866 877 894 928 ό
936 874 1177 945 τελώνης
1200 891 1213 908 ⁸
1252 875 1385 947 ’περί¹
1413 871 1474 931 οὗ
1507 877 1606 947 μὲν
1630 878 1797 949 πολλὴ
1819 877 1898 944 τῷ

319 968 531 1039 βασιλεῖ
558 966 726 1036 λύπη,
759 966 931 1037 πολλὴ
955 967 1012 1020 δὲ
1042 968 1136 1021 καὶ
1165 970 1229 1039 τῇ
1263 968 1553 1040 συγκλήτῳ
1598 971 1769 1039 πάσῃ,
1811 971 1896 1033 ’ώς

313 1060 385 1115 ἂν
416 1059 659 1129 ἀφανοῦς
690 1059 857 1112 αὑτοῦ
891 1059 1209 1130 γενομένου.

385 1148 522 1207 MB’.
554 1150 772 1205 Τούτων
798 1152 825 1204 ό
846 1150 1050 1222 Πέτρος
1084 1151 1194 1205 τῶν
1247 1152 1508 1224 ῥημάτων
1553 1152 1898 1225 διομιλουμέέ

318 1260 427 1296 νων
452 1242 722 1308 ἀκούσας,
754 1241 953 1297 αὐτίκα
981 1244 1161 1314 ῥίπτει
1196 1245 1296 1314 μὲν
1324 1245 1403 1307 είς
1423 1243 1684 1315 τοῦδαφος
1698 1245 1758 1299 δν
1786 1244 1898 1317 εἶχε

317 1333 524 1386 πίνακα
561 1329 698 1402 μετά
741 1334 952 1404 χεῖρας,
982 1332 1192 1387 κάτεισι
1220 1332 1276 1385 δὲ
1304 1332 1491 1403 δρόμῳ
1521 1332 1657 1403 πρὸς
1685 1333 1777 1387 τὸν
1799 1352 1900 1387 πυ-

314 1422 485 1487 λῶνα,
515 1414 557 1489 ᾧ
587 1421 769 1490 κωφός
797 1439 881 1485 τις
914 1421 1010 1476 καὶ
1033 1420 1229 1485 ἀλαλος
1262 1422 1546 1485 νεανίσκος
1579 1423 1645 1476 ὲκ
1671 1423 1900 1492 γενετῆς

314 1512 657 1581 ἐφειστήκει,
684 1510 916 1581 νεύματι
949 1510 1153 1564 κλείειν
1182 1527 1241 1564 τε
1271 1512 1365 1564 καὶ¹
1395 1510 1635 1579 ἀνοίγειν
1667 1510 1901 1582 δυνάμε-

310 1615 427 1666 νος.
448 1604 492 1656 Π
502 1604 592 1673 pb;
616 1602 676 1676 δν
697 1604 725 1655 ὁ
759 1603 986 1672 Πέτρος,
1015 1602 1109 1656 Σοὶ
1149 1601 1311 1670 λέγω,
1348 1601 1477 1672 ἔφη,
1503 1602 1580 1672 τῷ
1605 1602 1773 1673 κωφῷ
1805 1603 1899 1655 καὶ

311 1694 522 1766 ἀλάλῳ,
553 1695 612 1748 έν
644 1694 870 1765 ὀνόματι
900 1692 1140 1765 Χριστοῦ
1164 1694 1256 1747 τοῦ
1286 1694 1421 1748 Θεοῦ
1453 1693 1632 1765 ἡμῶν,
1666 1693 1897 1748 ἄκουσόν

310 1803 422 1858 μου
447 1786 542 1839 καὶ
577 1785 789 1850 ἄνοιξον
809 1800 823 1812 ·
863 1785 892 1838 δ
924 1784 1003 1849 δὲ,
1040 1785 1129 1848 Ὠς
1158 1785 1403 1850 κελεύεις
1425 1803 1507 1853 τε,
1537 1787 1893 1857 ἁπεκρίνατο,

2001 604 2133 667 vult,
2163 604 2436 666 dixerunt,
2472 603 2612 672 quod
2647 603 2728 657 vir
2757 603 2881 658 talis
2912 603 3004 658 tibi
3041 604 3336 671 ministrat,
3369 610 3459 676 qui
3491 621 3575 662 est

1999 712 2133 750 unus
2160 697 2376 765 quidem
2402 696 2607 751 ordinis
2628 695 2909 761 senatorii,
2932 696 3214 765 splendore
3235 706 3415 753 autem
3444 700 3573 753 nulli

1999 794 2082 841 est
2113 786 2423 839 secundus?
2467 786 2517 839 Is
2562 785 2729 850 enim,
2779 786 2868 856 qui
2918 800 3060 841 nunc
3112 788 3265 842 nobis
3312 790 3480 844 servit
3520 791 3572 844 in

2001 892 2207 940 mensa,
2255 887 2338 932 est
2376 875 2569 933 Petrus
2606 879 2947 949 publicanus,
3001 885 3067 933 de
3135 896 3240 949 quo
3283 883 3577 952 imperator

2000 966 2215 1034 quidem
2253 982 2503 1038 magnum
2550 970 2751 1039 accipit
2783 970 3047 1036 dolorem,
3095 988 3351 1043 magnum
3396 982 3574 1031 autem

2000 1056 2237 1112 Senatus
2262 1071 2503 1127 quoque,
2535 1067 2593 1112 ιιι
2624 1058 2713 1128 qui
2743 1060 3046 1114 evanuerit.

2070 1147 2231 1203 XLII.
2295 1150 2398 1204 Eos
2458 1150 2571 1204 ltaac
2620 1151 2783 1204 verba
2836 1151 3076 1207 dicentes
3139 1167 3261 1207 cum
3315 1155 3582 1211 andiisset

1998 1241 2213 1306 Petrus,
2261 1242 2441 1297 statim
2484 1242 2632 1296 humi
2679 1242 2895 1313 quidem
2941 1244 3076 1312 jacit
3120 1244 3327 1300 discum
3358 1286 3373 1311 ,
3415 1263 3580 1317 quem

2001 1333 2234 1388 habebat
2291 1334 2345 1388 in
2397 1335 2678 1401 manibus;
2727 1349 2889 1388 cursu
2942 1345 3119 1389 autem
3177 1337 3455 1393 descendit
3514 1342 3579 1391 ad
3680 1386 3689 1391 .

1999 1425 2351 1489 vestibulum,
2383 1427 2432 1480 in
2463 1442 2569 1496 quo
2617 1425 2833 1481 astabat
2871 1427 3083 1492 quidam
3145 1427 3479 1495 adolescens,
3510 1430 3580 1483 ab

1999 1527 2120 1572 ortu
2151 1519 2348 1572 surdus
2376 1529 2427 1571 et
2460 1527 2659 1582 mutus,
2691 1518 2780 1585 qui
2832 1526 2966 1571 nutu
3007 1526 3213 1587 poterat
3241 1519 3493 1575 claudere
3523 1531 3578 1574 et

2000 1612 2233 1681 aperire.
2254 1610 2354 1666 Cui
2380 1611 2573 1666 Petrus
2605 1628 2619 1663 :
2649 1611 2765 1666 Tibi
2801 1611 2946 1675 dico,
2974 1613 3261 1683 inquit,qui
3288 1629 3346 1668 es
3375 1615 3572 1670 surdus

2000 1714 2055 1756 et
2079 1712 2283 1763 mutus,
2328 1705 2380 1756 in
2407 1703 2621 1756 nomine
2652 1700 2854 1756 Christi
2882 1703 2977 1765 ,Dei
3015 1704 3206 1768 nostri,
3237 1705 3359 1757 audi
3392 1719 3496 1769 me,
3522 1717 3576 1760 et

2002 1794 2173 1863 aperi.
2220 1793 2314 1847 Ille
2348 1804 2549 1856 autem,
2590 1793 2743 1848 Sicut
2770 1793 2949 1863 jnbes,
2986 1795 3267 1863 respondit
3313 1813 3328 1850 :
3371 1804 3424 1849 et
3456 1807 3574 1851 sta-

311 1877 410 1929 xa‘t
437 1874 600 1939 εὐθὺς
622 1875 826 1947 ἤνοιξε,
856 1876 949 1929 καὶ
963 1875 1021 1939 ὃς
1052 1874 1239 1947 ἐξῆλθε
1258 1876 1539 1947 δρομαῖος,
1563 1874 1681 1931 εἶτα
1710 1879 1737 1932 ὁ
1759 1879 1895 1932 πυλ-

2005 1882 2092 1937 tim
2121 1883 2352 1951 aperuit.
2389 1882 2481 1937 Ille
2524 1898 2651 1938 vero
2694 1899 2943 1948 currens,
2977 1885 3221 1953 protinus
3264 1897 3348 1941 est
3383 1901 3575 1957 egres-

268 1967 458 2039 ’ωρὸς
508 1966 767 2031 ἀνελθὼν,
822 1966 923 2038 τὴν
956 1968 1037 2030 εἰς
1065 1967 1226 2021 αὐτὸν
1253 1966 1458 2038 χαίρων
1497 1968 1743 2038 ἐξηγεῖτο
1772 1967 1899 2022 θαυ-

311 2058 681 2131 ματουργίαν,
710 2057 867 2127 ἔλεγέ
889 2074 949 2110 τε
978 2057 1150 2127 φλόγα
1182 2058 1357 2129 πυρὸς
1385 2057 1481 2111 τοῦ
1511 2059 1776 2128 στόματος
1804 2058 1898 2112 τοῦ

316 2151 556 2222 μεγάλου
612 2151 821 2222 Πέτρου
891 2149 1195 2218 προϊοῦσαν
1259 2149 1581 2215 θεάσασθαι,
1634 2152 1727 2204 καὶ
1790 2151 1899 2204 τῶν

308 2244 470 2299 ὢτων
495 2243 662 2298 αὑτοῦ
686 2242 932 2299 διαδῦναι
956 2257 970 2272 °
1009 2242 1131 2314 ἥτις
1156 2241 1273 2306 καὶ,
1324 2240 1512 2312 φησὶν,
1547 2241 1667 2294 ὅλον
1700 2259 1770 2312 με
1799 2258 1899 2295 πε-

317 2337 659 2409 ριλάμψασα,
682 2336 916 2391 ἀκοῦσαί
945 2352 1006 2388 τε
1043 2333 1390 2406 παραχρῆμα
1420 2334 1515 2388 καὶ
1540 2334 1775 2405 λαλῆσαι
1807 2350 1899 2387 πε-

314 2428 532 2499 ποίηκε.
556 2425 744 2481 Ταῦτα
768 2424 864 2480 τοῦ
888 2414 1025 2489 τέως
1044 2422 1231 2495 κωφοῦ
1258 2441 1317 2478 τε
1344 2424 1440 2478 καὶ
1463 2423 1662 2480 ἀλάλου
1684 2424 1902 2497 διηγου-

317 2519 504 2589 μένου,
558 2516 748 2588 θαῦμά
796 2534 856 2569 τε
887 2516 984 2570 καὶ
1015 2514 1277 2586 ἔκπληξις
1309 2515 1517 2580 πάντας
1577 2516 1773 2587 εἰσῄει,
1804 2514 1901 2568 καὶ

315 2609 663 2680 παραχρῆμα
700 2605 775 2669 ὡς
798 2600 912 2675 εἶκε
953 2603 1130 2659 ποδῶν
1175 2604 1427 2671 ἕκαστος,
1457 2603 1677 2658 διώκειν
1704 2602 1900 2675 ὥρμη-

317 2717 440 2754 σαν.
467 2697 756 2770 Πανταχοῦ
794 2697 851 2751 δὲ
882 2697 1362 2771 διερευνησάμενοι
1389 2697 1489 2751 οὐκ
1519 2697 1679 2769 ἔσχον
1729 2713 1903 2752 κατα-

314 2791 502 2845 λαϐεῖν
531 2789 624 2845 τὸν
656 2789 1013 2862 ζητούμενον,
1044 2790 1129 2861 ἐφ’
1166 2783 1211 2859 ᾧ
1261 2791 1357 2844 καὶ
1390 2790 1560 2863 πολλή
1591 2807 1676 2855 τις
1701 2790 1903 2853 αὐτοὺς

315 2882 533 2955 εἰσῆλθε
562 2883 843 2952 μετάνοια,
868 2884 962 2938 καὶ
984 2882 1080 2956 τὴν
1104 2886 1376 2958 προτέραν
1408 2879 1549 2955 ἦσαν
1574 2885 1902 2956 ἀπροσεξίαν

319 2974 803 3046 μετακλαιόμενοι,
831 2975 955 3030 καθ’
989 2975 1018 3029 ὃ
1062 2976 1155 3031 τὸν
1192 2977 1286 3030 τοῦ
1311 2976 1447 3030 Θεοῦ
1480 2975 1769 3048 ἄνθρωπον
1815 2977 1903 3031 διά

318 3066 591 3138 τοσαύτης
613 3062 747 3138 ἦγον
772 3069 870 3137 τῆς
902 3068 1212 3137 παροινίας,
1241 3067 1540 3132 τύπτοντες
1563 3086 1623 3123 τε
1653 3068 1747 3122 καὶ
1770 3086 1905 3135 προ·

328 3157 722 3227 πηλακίζοντες
765 3160 859 3212 καὶ
912 3159 1124 3231 ἡμέρας
1157 3160 1394 3231 ἑκάστης
1449 3162 1529 3224 είς
1559 3159 1721 3214 αὑτὸν
1756 3162 1896 3215 ἀπο-

322 3248 685 3314 σκώπτοντες.

1998 1988 2110 2029 sus.
2148 1974 2347 2029 Deinde
2372 1974 2891 2042 ascendensjanitor
2920 1975 3095 2040 laetus,
3122 1972 3366 2030 narravit
3427 1980 3572 2047 quod

2000 2064 2053 2118 in
2077 2063 2257 2133 ipsum
2285 2063 2484 2119 fecerat
2516 2064 2852 2119 miraculum.
2877 2064 3095 2120 Dicebat
3118 2067 3261 2121 enim
3293 2081 3352 2121 se
3375 2067 3423 2120 vi
3450 2069 3577 2123 eisse

2000 2157 2274 2211 ﬂammam
2309 2156 2446 2226 ignis
2471 2157 2849 2226 procedentem
2879 2173 2946 2213 ex
2975 2173 3069 2212 ore
3099 2159 3279 2229 magni
3312 2158 3477 2229 Petri,
3507 2160 3574 2213 ad

2003 2262 2158 2303 anres
2190 2247 2306 2315 ejus
2336 2248 2676 2318 pervenisse.
2707 2247 2867 2316 Qum,
2907 2249 3099 2318 inquit,
3138 2265 3259 2305 cum
3292 2265 3376 2306 me
3407 2259 3577 2306 totum

2001 2336 2470 2402 circumfulsisset,
2519 2348 2737 2408 repente
2779 2337 2910 2394 fecit
2954 2339 3140 2393 audire
3172 2352 3225 2394 et
3251 2339 3414 2410 loqui.
3456 2337 3579 2394 llare

2001 2446 2124 2486 cum
2169 2441 2418 2486 narraret
2460 2429 2529 2496 is,
2565 2431 2655 2500 qui
2689 2433 2840 2500 prius
2880 2440 2999 2486 erat
3040 2432 3237 2486 surdus
3287 2445 3341 2486 et
3371 2440 3575 2496 mutus.

2002 2520 2167 2574 subiit
2194 2532 2383 2573 omnes
2431 2526 2620 2587 stupor
2651 2526 2705 2571 et
2747 2517 3057 2583 admiratio,
3099 2529 3154 2572 et
3184 2514 3364 2573 statim
3408 2534 3569 2587 quant

2004 2611 2235 2665 maxima
2288 2619 2581 2680 potuerunt
2630 2609 2928 2678 celeritate,
2980 2611 3221 2681 aggressi
3273 2620 3400 2665 sunt
3447 2625 3571 2665 eum

2002 2704 2274 2776 persequi.
2306 2702 2441 2758 Cum
2464 2702 2683 2772 cubique
2729 2711 2906 2757 autem
2941 2703 3166 2758 scrutati
3210 2709 3414 2763 essent,
3467 2717 3574 2757 non

2015 2804 2306 2864 potuerunt
2340 2809 2486 2867 eum,
2520 2807 2679 2862 qurm
2716 2793 3053 2863 quaerebant,
3089 2788 3576 2862 comprehendere.

2005 2885 2368 2953 Quamobrem
2402 2898 2498 2940 eos
2533 2899 2721 2954 magna
2756 2884 2920 2939 subiit
2949 2884 3286 2954 pmnitentia,
3314 2893 3365 2937 et
3390 2882 3573 2953 deplo-

2006 2979 2199 3033 rabant
2229 2978 2373 3047 quod
2414 2992 2522 3032 non
2555 2977 2728 3046 magis
2759 2975 2997 3031 animum
3029 2970 3414 3039 attendissent,
3468 2989 3576 3043 quo

2004 3064 2203 3120 factum
2231 3074 2370 3128 erat,
2405 3065 2481 3120 uti
2518 3064 2613 3120 Dei
2637 3064 2911 3119 hominem
2941 3064 3104 3119 tantis
3139 3061 3416 3117 aﬂicereut
3440 3076 3578 3117 con.

2013 3156 2271 3223 tumeliis,
2299 3155 2650 3212 verberantes
2682 3165 2736 3211 et
2772 3154 3122 3233 insultantes,
3147 3161 3202 3209 et
3242 3167 3364 3208 eum
3396 3152 3579 3223 quoti-

1924 3217 1968 3279 Ο
2006 3250 2092 3305 die
2125 3249 2434 3304 irridentes.

1769 3427 1998 3486 CAPUT
2035 3426 2173 3484 VIII.
2224 3486 2227 3491 ,

1597 3589 1799 3643 Alienw
1832 3591 2043 3644 virtutis
2075 3587 2325 3641 imitatio.

398 3751 535 3808 Ml".
569 3749 808 3805 Τοιαῦτα
858 3750 958 3820 τῆς
996 3748 1318 3821 συμπαθοῦς
1375 3728 1469 3804 καὶ
1524 3749 1902 3821 φιλανθρώπου

323 3844 504 3916 ψυχῆς
550 3844 796 3899 Ἰωάννου
821 3844 889 3898 τά
919 3843 1274 3915 φιλάνθρωπα
1294 3844 1634 3914 διηγήματα.
1678 3842 1766 3907 Ὠς
1795 3842 1903 3913 γάρ

325 3936 420 3988 ἐπὶ
453 3934 723 4001 πλεῖστον,
754 3935 853 3988 ὅσα
878 3934 1014 4006 πρὸς
1041 3935 1387 4005 συμπάθειαν
1405 3933 1628 4007 ἠρέθιζε
1648 3934 1739 3987 καὶ
1757 3933 1905 4003 φιλο-

327 4026 603 4097 πτωχείαν
654 4027 838 4095 λέγειν
885 4044 947 4081 τε
982 4026 1078 4080 καὶ
1109 4025 1330 4081 ἀκούειν
1371 4025 1666 4095 ἠϐούλετο-
1710 4024 1903 4094 ἀμέλει

327 4119 423 4172 καὶ
445 4121 565 4171 ὅσαι
591 4112 730 4188 ὧραι
760 4118 866 4170 τῶν
891 4118 984 4172 ἐπὶ
1027 4115 1364 4189 ἐλεημοσύνη
1411 4116 1755 4187 βεϐοημένων
1792 4116 1904 4168 Πα-

325 4210 500 4280 τέρων
526 4211 772 4280 ἀνίχνευε
801 4211 924 4272 τοὺς
956 4209 1125 4279 βίους,
1155 4207 1249 4261 καὶ
1274 4207 1435 4276 ἔργον
1459 4206 1607 4277 αὐτῷ
1634 4204 1793 4259 τοῦτο
1813 4204 1900 4257 διὰ

328 4301 445 4372 βίου
500 4301 562 4353 τὸ
621 4302 1078 4364 σπουδαιότατον,
1140 4303 1235 4354 ἅτε
1291 4300 1391 4371 τὴν
1456 4297 1623 4369 αὐτὴν
1669 4298 1895 4360 ἐκείνοις

323 4394 530 4448 ὁδεύειν
562 4394 1017 4465 προθυμουμένῳ.

394 4569 528 4623 LIA'.
577 4566 847 4639 Ἐντυχὼν
869 4563 963 4623 οὖν
994 4586 1124 4622 ποτε
1156 4569 1231 4640 τῷ
1253 4567 1349 4623 τοῦ
1375 4567 1519 4623 θείου
1548 4569 1897 4640 Σαραπίωνος

327 4661 439 4733 Βίῳ
459 4662 552 4714 τοῦ
577 4662 857 4726 Σιδωνίου,
887 4662 947 4715 ού
969 4662 1177 4716 διέλιπε
1198 4661 1289 4716 τὸν
1314 4662 1483 4733 ἄνδρα
1512 4678 1571 4714 τε
1603 4661 1900 4730 ἐκπληττό-

328 4770 489 4823 μενος
520 4754 615 4807 καὶ
640 4753 711 4807 τά
755 4754 966 4807 ἐκείνου
997 4754 1437 4825 ἐκδιηγούμενος,
1488 4755 1638 4817 ὅπως
1670 4770 1729 4805 τε
1760 4754 1899 4807 ἀπο-

326 4842 509 4914 ροῦντι
534 4844 848 4916 περιτυχὼν
877 4846 1091 4915 πένητι,
1120 4848 1214 4899 καὶ
1238 4846 1298 4898 τὸ
1326 4844 1569 4917 συνήθως
1609 4844 1898 4914 λεγόμενον

322 4937 638 5008 ώμοφόριον
668 4937 869 5001 ἀποδὺς
899 4937 1126 4992 δέδωκεν
1148 4954 1161 4966 ·
1194 4934 1315 4994 εἶτα
1353 4939 1686 5009 συναντήσας
1727 4936 1897 5007 ἑτέρῳ

326 5026 573 5097 ριγοῦντι
598 5026 660 5079 τὸ
684 5028 962 5099 στιχάριον
991 5029 1192 5099 ὁμοίως
1222 5028 1547 5100 παρέσχετο,
1597 5028 1691 5082 καὶ
1714 5028 1897 5080 λοιπὸν

326 5117 535 5189 κάθητο
564 5119 797 5190 γυμνὸς,
850 5119 945 5173 ἐπὶ
976 5120 1075 5190 τῆς
1107 5119 1353 5190 ἀγκάλης
1372 5123 1531 5188 μόνον
1567 5119 1809 5190 κατέχων
1838 5118 1897 5171 τὸ

327 5212 685 5281 Εὐαγγὲλιον.
707 5210 843 5266 Εἶτα
871 5216 1008 5283 πρός
1032 5230 1174 5278 τινος
1190 5202 1484 5285 ἐρωτηθεὶς
1509 5213 1592 5277 τίς
1620 5216 1649 5266 ό
1674 5211 1894 5283 γυμνώ-

322 5318 424 5363 σας
455 5303 561 5373 εἴη,
589 5301 782 5366 Τοῦτο,
800 5303 925 5374 ἔφη,
956 5304 1134 5372 δείξας
1157 5307 1217 5360 τὸ
1235 5307 1582 5377 Εὐαγγέλιον.
1612 5307 1696 5370 Ὠς
1715 5304 1773 5359 δὲ
1804 5306 1897 5359 καὶ

322 5392 587 5463 πωλήσας
618 5397 719 5467 τὴν
745 5396 886 5468 ὑπὲρ
914 5397 1081 5450 αὐτοῦ
1135 5399 1302 5470 τιμὴν
1328 5403 1440 5465 τοῖς
1476 5401 1677 5473 πένησι
1704 5400 1895 5454 διενεί-

326 5501 488 5553 ματο,
521 5486 813 5559 πυθομένῳ
860 5489 940 5559 τῷ
983 5490 1226 5562 μαθητῇ,
1259 5493 1368 5546 Ποῦ
1402 5495 1540 5559 ἐστι,
1592 5492 1793 5564 Πάτερ,
1833 5493 1895 5546 τὸ

325 5576 655 5646 Εὑαγγέλιον
675 5579 736 5632 τὸ
762 5583 958 5651 μικρόν
982 5600 1071 5651 ;-—
1092 5584 1404 5651 Πίστευσον,
1425 5583 1552 5655 ἔφη,
1576 5585 1894 5656 πειθόμενος

320 5670 401 5741 τῷ
430 5670 663 5739 λέγοντι,
697 5672 958 5746 Πώλησόν
1006 5694 1101 5732 σου
1161 5677 1228 5731 τά
1279 5678 1612 5751 ὑπάρχοντα,
1655 5679 1748 5735 καὶ
1806 5679 1890 5743 δὸς

400 5827 445 5860 ⁵⁸
479 5827 667 5883 Matth.
706 5844 814 5895 arx,
843 5830 934 5885 51.

2073 3746 2259 3802 XLIII.
2300 3746 2458 3802 Tales
2521 3752 2676 3801 erant
2743 3743 3114 3800 misericordis
3173 3752 3229 3801 et
3293 3745 3574 3803 clementis

1999 3836 2226 3892 Joannis
2273 3835 2467 3891 anima:
2517 3835 2761 3905 benigna:
2811 3842 2866 3889 et
2908 3836 3157 3889 humana:
3209 3837 3571 3893 narrationes.

2003 3928 2234 3982 Maxima
2280 3928 2425 3983 enim
2460 3940 2527 3982 ex
2564 3935 2720 3996 parte
2742 3965 2757 3991 ,
2812 3940 3146 3996 quacunque
3181 3926 3476 3982 incitabant
3505 3931 3571 3981 ad

2000 4020 2526 4075 commiseratiooem
2564 4028 2619 4072 et
2653 4031 2894 4073 amorem
2923 4016 2980 4071 in
3017 4032 3304 4087 pauperes,
3336 4033 3400 4072 ea
3427 4020 3577 4073 vo!e-

2006 4112 2098 4167 bat
2130 4111 2315 4167 dicere
2348 4120 2403 4166 et
2435 4110 2642 4165 audire.
2674 4111 2901 4164 Assidue
2931 4110 3151 4179 quidem
3172 4118 3321 4164 certe
3350 4111 3572 4165 invesxi-

2004 4205 2166 4275 gabat
2206 4204 2370 4258 vitam
2415 4218 2601 4258 eorum
2646 4201 2889 4267 Patrum,
2923 4200 3013 4270 qui
3057 4200 3273 4256 fuerunt
3315 4202 3570 4256 celebrati

2002 4302 2223 4364 propter
2264 4292 2685 4364 eleemosynam,
2729 4302 2784 4347 et
2832 4293 2886 4347 in
2927 4292 3029 4345 hoc
3067 4306 3163 4360 per
3198 4300 3364 4344 totam
3408 4292 3569 4346 vitam
3630 4358 3633 4361 η

1928 4411 1973 4464 ι)
2004 4402 2257 4457 magnum
2289 4387 2520 4456 ponebat
2546 4386 2805 4450 studium,
2839 4393 2898 4438 ut
2930 4384 3019 4453 qui
3054 4382 3211 4437 vellet
3237 4384 3426 4437 eadem
3460 4386 3567 4449 ria,

2001 4496 2103 4550 qua
2130 4480 2226 4545 illi,
2255 4478 2488 4546 ingredi.

2070 4568 2256 4625 XLIV.
2298 4567 2433 4623 Cum
2468 4568 2647 4637 itaque
2679 4565 2967 4636 aliquando
2997 4564 3275 4620 incidisset
3313 4564 3365 4618 in
3389 4565 3564 4621 Vitam

1999 4661 2193 4716 divinis
2221 4658 2534 4729 Serapionis
2557 4658 2789 4724 Sidonii,
2809 4672 2915 4712 non
2938 4657 3188 4712 cessabat
3215 4656 3387 4711 virum
3414 4656 3563 4709 illum

1999 4751 2260 4807 admirari
2299 4759 2355 4807 et
2394 4764 2483 4806 res
2514 4749 2659 4804 illius
2686 4761 2927 4814 narrare,
2964 4747 3413 4818 quemadmodum
3442 4762 3563 4802 eum

2000 4847 2293 4919 aliquando
2321 4847 2373 4902 in
2400 4853 2646 4917 egentem
2682 4843 2963 4898 incidisset
2997 4854 3312 4912 pauperem,
3348 4857 3407 4897 se
3438 4841 3567 4912 pal-

1999 4942 2072 4998 Iio
2115 4941 2265 4997 exuit
2309 4948 2365 4995 et
2404 4939 2453 4994 ei
2488 4937 2653 4992 dedit.
2700 4935 2905 4991 Deinde
2951 4948 3074 4989 cum
3120 4933 3337 4989 obviam
3383 4934 3564 4989 factus

1997 5040 2143 5088 esset
2185 5030 2341 5086 alteri
2385 5028 2611 5099 algenti,
2640 5026 2889 5082 similiter
2930 5026 2979 5081 ei
3010 5026 3238 5095 praebuit
3270 5026 3507 5082 tunicam
3546 5043 3561 5080 :

1996 5130 2053 5180 et
2081 5125 2148 5179 de
2186 5130 2383 5177 caetero
2419 5120 2558 5175 sedit
2586 5118 2781 5182 nudus,
2799 5117 2946 5172 ulnis
2969 5116 3358 5199 solum,lt’errens
3386 5117 3565 5173 Evan-

1997 5217 2216 5286 gelium.
2266 5212 2466 5268 Deinde
2509 5211 2577 5266 ab
2634 5209 2814 5278 aliquo
2869 5210 3259 5281 interrogatus,
3311 5209 3561 5278 quisnam

1993 5327 2115 5367 eum
2142 5310 2414 5373 nudasset,
2434 5306 2569 5371 Hoc,
2592 5306 2790 5376 inquit,
2813 5304 3105 5359 ostendens
3122 5303 3469 5375 Evangelium
3497 5305 3559 5357 ⁸⁸.

1959 5468 1966 5475 ι
1995 5404 2128 5459 Cum
2159 5416 2287 5457 vero
2313 5416 2379 5456 eo
2404 5414 2616 5469 quoque
2651 5398 2867 5453 vendito
2900 5410 2997 5465 pro
3026 5409 3092 5450 eo
3125 5404 3406 5464 acceptum
3435 5409 3565 5463 pre-

1996 5494 2129 5550 tium
2184 5492 2546 5548 distribuisset
2597 5488 2957 5559 pauperibus,
3015 5486 3229 5541 cuidam
3276 5484 3562 5555 discipulo,

1995 5586 2085 5655 qui
2114 5598 2238 5640 eum
2271 5582 2483 5654 rogavit
2525 5600 2538 5637 :
2569 5580 2669 5637 Ubi
2699 5586 2805 5646 est,
2844 5576 3028 5643 Pater,
3067 5589 3289 5646 parvum
3321 5572 3562 5641 Evange-

1996 5674 2165 5732 lium?
2193 5675 2366 5733 Crede
2395 5675 2549 5742 mihi,
2580 5673 2777 5744 inquit,
2823 5668 2921 5733 (ili,
2949 5667 3146 5738 parens
3192 5667 3240 5723 ci
3286 5665 3375 5736 qui
3402 5665 3556 5730 dixit,
