3828 6474
325 490 431 554 9'35
1527 489 1812 551 MENSIS
1851 480 2312 552 JANUARIUS.
3473 484 3586 550 936

327 606 509 659 \emle
552 620 670 672 qua!
713 604 916 671 habes,
951 614 1006 660 et
1046 605 1109 659 da
1145 603 1494 674 pauperibus,
1551 618 1616 658 ne
1655 604 1754 673 ipsi
1785 619 1839 674 qt

2088 605 2270 676 ιιιχοῖς,
2295 601 2417 657 οὐδὲ
2440 601 2609 658 αὐτοῦ
2642 601 2734 657 τοῦ
2767 602 2998 674 βιϐλίου,
3034 602 3090 655 ὲν
3117 593 3162 671 ᾧ
3180 599 3339 654 τοῦτο
3360 599 3600 671 ἐγέγρα-

324 701 447 750 dem
500 697 660 763 libro,
707 697 760 750 in
801 712 908 767 quo
949 696 1051 752 hoc
1097 698 1358 766 scriptum
1385 709 1545 762 ‘erat,
1585 697 1749 750 statui
1785 711 1836 767 pr

1385 709 1545 762 ‘erat,
1585 697 1749 750 statui
1785 711 1909 767 par»
2015 716 2138 764 πτο,
2163 696 2456 768 φείσασθαι
2487 695 2873 767 διενοησάμην.

325 803 462 841 cere.
1810 813 1818 820 -
2381 794 2387 800 ’

395 879 558 934 XLV.
599 879 846 934 Addatur
890 880 997 936 hoc
1047 894 1264 950 quoque
1300 879 1365 935 iis
1409 894 1530 949 quae
1576 881 1717 933 dicta
1761 888 1907 939 sunt,

2085 877 2220 932 ME’.
2256 876 2612 948 Προσκεῐσθω
2646 877 2741 931 καὶ
2775 875 2934 929 τοῦτο
2992 877 3107 940 τοῖς
3165 873 3503 946 εἰρημένοις,
3537 871 3597 926 οὗ

324 973 558 1029 al'l‘ereus
583 974 920 1030 auditoribus
946 989 1050 1029 non
1083 974 1412 1029 mediocrem
1439 973 1748 1027 utilitatem.
1779 969 1836 1038 Ql

2090 971 2247 1042 τρίαν
2277 969 2443 1042 φέρον
2475 971 2586 1034 τοῖς
2619 970 2920 1040 ἀκροαταῖς
2956 968 3054 1039 τὴν
3087 968 3377 1037 ὠφέλειαν·
3415 968 3602 1020 Μονα-

325 1068 450 1122 dam
483 1069 781 1122 monachus
817 1067 906 1123 illo
938 1079 1181 1136 tempore
1215 1066 1444 1137 puellam
1476 1066 1676 1119 ducens
1701 1065 1837 1133 speci

2092 1079 2106 1124 ;
2135 1078 2217 1124 τις
2249 1060 2370 1114 κατ’
2402 1061 2576 1114 ἐκεῖνο
2598 1057 2796 1130 καιροῦ
2836 1059 3006 1130 κόρην
3040 1057 3223 1126 εὐειδῆ
3254 1056 3604 1124 ἐπαγόμενος

324 1176 472 1226 8.ιηι,
517 1162 700 1215 obibat
733 1161 1008 1215 civitatem
1035 1177 1049 1214 :
1084 1175 1205 1215 cum
1244 1168 1424 1214 autem
1457 1158 1675 1227 quidam
1716 1170 1782 1210 ex
1812 1152 1836 1207 Ε

2094 1151 2240 1225 ριῄει
2291 1153 2392 1224 τὴν
2439 1153 2626 1206 πόλιν·
2680 1151 2774 1206 καί
2823 1168 2966 1214 τινες
2995 1150 3106 1203 τῶν
3131 1153 3231 1220 τῆς
3271 1147 3602 1218 Ἐκκλησίας

327 1256 494 1311 clesia
525 1270 648 1309 eum
679 1255 946 1307 vidissent
982 1253 1047 1306 ad
1083 1250 1372 1305 multorum
1404 1249 1758 1306 offensionem
1791 1263 1839 1302 e:

2094 1248 2344 1316 ισάμενοι
2367 1245 2558 1300 τοῦτον
2591 1245 2666 1310 ὡς
2688 1245 2792 1320 ,ἐπὶ
2833 1244 3116 1314 σκανδὰλῳ
3147 1243 3309 1313 δῆθεν
3339 1242 3450 1295 τῶν
3472 1240 3606 1293 πολ-

327 1349 808 1417 eircumagentem,
829 1345 1179 1400 introducunt
1201 1346 1268 1399 ad
1281 1345 1500 1398 beatum
1520 1335 1804 1398 Joannem.
1822 1337 1839 1391 Ι

2089 1357 2124 1392 ιν
2178 1338 2350 1408 αὐτὴν
2409 1339 2764 1408 περιάγοντα,
2805 1335 3150 1408 εἰσηγοῦνται
3176 1325 3255 1405 τῷ
3296 1332 3563 1405 μακαρίῳ
3587 1349 3601 1361 ·

328 1452 510 1496 autem
545 1441 737 1495 verbis
767 1440 980 1494 illorunt
1021 1439 1294 1504 inductus,
1328 1449 1385 1492 ut
1415 1439 1506 1509 qui
1546 1436 1840 1491 existimas:

2093 1430 2193 1495 ὶός
2221 1433 2333 1511 τοῖς
2362 1430 2588 1484 ἐκείνων
2619 1428 2888 1500 ὑπαχθεὶς
2909 1429 3115 1505 λόγοις,
3151 1429 3245 1482 ἅτε
3277 1429 3419 1482 κατὰ
3441 1426 3605 1496 ζῆλον

326 1549 423 1590 eos
451 1535 569 1589 zelo
601 1535 782 1589 divino
808 1533 956 1586 illum
983 1533 1358 1596 admenuisse,
1393 1533 1570 1600 ipsum
1595 1540 1651 1586 et
1679 1528 1838 1600 puella

2093 1525 2160 1576 ἷον
2213 1523 2418 1593 οἰηθεὶς
2469 1521 2666 1584 αὐτοὺς
2715 1521 2813 1590 τὴν
2879 1519 3188 1590 ὑπόμνησιν
3245 1515 3605 1582 πεποιῆσθαι,

322 1627 478 1695 jubet
519 1627 872 1681 vehementer
913 1624 1070 1691 caedi,
1101 1625 1298 1680 deinde
1329 1638 1424 1678 eos
1465 1623 1519 1677 in
1552 1623 1786 1677 diversis
1813 1636 1834 1675 ε

2090 1614 2180 1668 τόν
2206 1630 2265 1666 τε
2296 1613 2391 1666 κοιλ⁵
2418 1611 2518 1684 τὴν
2545 1612 2716 1682 κόρην
2763 1611 2974 1664 κελεύει
3006 1610 3278 1680 τυφθῆναι
3330 1608 3602 1679 σφοδρῶς,

327 1722 520 1776 stodiis
545 1720 770 1775 includi.
795 1717 930 1772 Cum
951 1728 1130 1774 autem
1159 1716 1364 1772 factum
1399 1724 1544 1770 esset
1569 1715 1709 1785 quod
1729 1714 1839 1785 juss

2096 1707 2119 1752 ι’
2145 1706 2320 1770 οὕτως
2370 1708 2428 1760 ἐν
2461 1705 2729 1774 φυλακαῖς
2767 1705 3151 1776 διαιρεθέντας
3189 1700 3608 1769 ,κατακλεισθῆ-

329 1825 432 1880 rat,
460 1825 514 1868 et
542 1829 637 1868 eos
667 1814 1008 1882 accepissent
1038 1811 1321 1874 custodiae,
1351 1820 1404 1865 et
1435 1825 1539 1863 nox
1569 1809 1680 1876 jam
1715 1809 1841 1862 adtc

2096 1816 2129 1852 ι.
2167 1791 2254 1862 Ὦς
2275 1798 2331 1852 δὲ
2356 1798 2546 1866 γέγονε
2577 1799 2638 1851 τὺ
2661 1797 2975 1862 κελευσθὲν,
3008 1801 3104 1850 καὶ
3131 1798 3185 1849 αἰ
3212 1795 3456 1864 φυλακαὶ
3481 1792 3608 1846 τού-

329 1917 531 1972 tasset,
573 1909 872 1961 monaclms
900 1905 948 1958 ei
985 1915 1208 1974 apparet
1237 1904 1288 1957 in
1332 1903 1573 1966 somnis,
1619 1901 1841 1956 ostende

2099 1910 2148 1952 ις
2185 1891 2514 1964 ἐλάμϐανον,
2545 1891 2644 1957 νύξ
2674 1909 2735 1946 τε
2756 1893 2858 1962 ἤδη
2898 1891 3105 1962 παρῆν,
3137 1890 3272 1961 ὄναρ
3298 1889 3374 1960 τῷ
3409 1904 3611 1958 πατριο

331 1951 531 1972 "ww,
573 1951 870 1961 ...νη-νην-
903 1951 948 1958 -.
985 1951 1208 1974 νην--
1333 1951 1534 1958 --.------
1559 1951 1573 1966 ,
1625 1951 1843 1956 ..-αη-

331 2009 536 2068 tergum
571 2006 813 2051 notatum
849 1995 1118 2050 vibicibus
1151 2004 1206 2049 et
1236 1993 1604 2062 stigmatibus,
1645 1993 1694 2046 ei
1732 1993 1843 2045 dire

2097 2001 2164 2058 χη
2213 1987 2241 2038 ὁ
2285 1951 2516 2056 μοναχδς
2563 1951 2858 2055 ἐφνίσταταί
2903 1951 2997 2038 τὸν
3031 1951 3201 2036 νῶτον
3235 1951 3609 2034 ύποδεικνύιυν

329 2089 653 2160 simpliciter
695 2099 750 2143 et
785 2087 992 2158 placide
1025 2087 1205 2153 :Qnid
1240 2101 1367 2140 vero
1403 2086 1515 2138 lucc
1547 2085 1641 2138 tibi
1677 2083 1841 2154 placet

2098 2079 2474 2148 τεστιγμένον,
2533 2077 2709 2148 λέγων
2741 2093 2801 2132 τε
2854 2077 2992 2150 πρὸς
3027 2076 3190 2129 αὐτὸν
3230 2073 3428 2137 ἁπλῶς
3461 2072 3610 2125 οὕτω

333 2181 593 2234 homine?
623 2180 819 2246 Crede,
857 2195 1000 2234 nunc
1026 2177 1250 2248 quidem
1285 2185 1434 2232 certe
1461 2175 1630 2232 semel
1663 2175 1845 2245 decept

2098 2172 2115 2224 ἰ
2152 2169 2384 2240 ἀφελῶς·
2415 2169 2481 2222 Ti
2503 2168 2558 2221 δὲ
2610 2167 2834 2238 ἀρέσκει
2863 2185 2946 2222 σοι
2985 2165 3179 2232 ταῦτα,
3207 2165 3480 2230 δέσποτας
3510 2165 3610 2218 lli-

332 2290 412 2340 es,
451 2285 508 2326 ttt
541 2274 722 2328 homo.

2097 2279 2274 2328 ευσον,
2306 2262 2513 2332 ταύτην
2535 2261 2666 2330 γοῦν
2684 2261 2784 2334 τὴν
2819 2261 2951 2334 μίαν
2976 2263 3257 2332 ὴπάτησαι
3307 2259 3405 2313 καὶ
3443 2257 3609 2321 αὐτὸς

693 2371 698 2374 ’
2019 2353 2095 2418 ὡς
2131 2355 2227 2408 ἄνθ
2237 2371 2440 2426 ρωπος.

299 2476 312 2486 ·
403 2453 592 2510 XLV’I.
636 2454 680 2507 A
719 2467 910 2509 somno
946 2465 1129 2508 autem
1172 2451 1478 2516 excitatus,
1515 2449 1748 2505 accersit
1780 2447 1811 2502 il

2100 2447 2244 2513 Μςι.
2285 2445 2526 2510 Ἀνεθεὶς
2547 2445 2605 2498 δέ
2635 2445 2731 2500 τοῦ
2763 2445 2933 2500 ὕπνου
2955 2445 3374 2518 μεταστέλλεται
3424 2453 3612 2515 παραι-

336 2549 687 2612 tunttachum,
715 2548 951 2600 edttcetts
981 2558 1101 2599 eum
1132 2561 1163 2600 e
1191 2545 1460 2610 custodia,
1491 2558 1602 2613 prae
1632 2543 1804 2612 plagis
1831 2557 1848 2594 ι

2096 2540 2212 2610 ἦμα
2233 2539 2324 2592 τὸν
2357 2539 2613 2609 μοναχὸν,
2635 2537 2848 2608 ἐξάγων
2888 2541 2997 2594 ἀπὸ
3020 2543 3118 2610 τῆς
3165 2537 3410 2610 φυλακῆς
3451 2537 3608 2608 μόλις

333 2639 606 2692 valentem
645 2637 873 2708 ingredi.
915 2633 1117 2691 Deinde
1151 2651 1275 2689 cum
1299 2636 1361 2688 in
1397 2633 1514 2702 ejus
1547 2632 1757 2688 vultum
1793 2647 1845 2686 cc

2097 2631 2208 2695 δίζε
2221 2650 2266 2684 ιν
2297 2631 2598 2700 δυνάμενον
2633 2631 2737 2684 ὑπὸ
2755 2631 2866 2685 τῶν
2901 2632 3126 2704 πληγῶν
3145 2648 3160 2663 ·
3193 2629 3309 2685 εἶτα
3329 2629 3607 2684 ἐπιϐαλὼν

329 2729 551 2802 jecisset
583 2721 793 2797 oculos,
827 2731 1050 2798 agnovit
1079 2743 1201 2783 eum
1238 2741 1381 2791 esse,
1419 2727 1507 2796 qui
1545 2725 1724 2780 fuerat
1749 2723 1818 2778 ab

2097 2725 2189 2778 τοῦ
2222 2727 2289 2795 τῇ
2314 2725 2434 2794 ὄψει
2459 2725 2585 2789 τοὺς
2631 2723 2968 2794 ὀφθαλμοὺς,
3003 2725 3218 2794 ἐπέγνω
3247 2723 3437 2778 τοῦτον
3462 2717 3607 2775 εῖναι

337 2828 502 2881 visus.
533 2824 774 2894 Cutuque
799 2825 960 2880 vellet
984 2825 1145 2890 scire,
1169 2839 1237 2878 an
1265 2832 1372 2876 tam
1401 2822 1598 2876 multas
1625 2821 1849 2891 accepis:

2099 2822 2115 2870 λ
2139 2817 2426 2871 θεαθέντα·
2463 2817 2786 2888 βουλόμενός
2809 2836 2868 2872 τε
2899 2818 3114 2889 μαθεῖν,
3139 2819 3188 2871 εἰ
3217 2821 3311 2872 καὶ
3339 2816 3611 2894 τοσαύτας

337 2917 542 2987 plagas,
575 2887 735 2985 quain
776 2915 976 2970 multas
1007 2887 1212 2970 habens
1245 2914 1299 2968 in
1338 2916 1546 2968 somnis
1577 2887 1844 2982 apparuer

2100 2929 2183 2981 ροι
2214 2911 2454 2982 πληγὰς,
2487 2911 2619 2974 ὅσας
2644 2911 2709 2983 δὴ
2757 2911 2853 2965 καὶ
2887 2912 3029 2965 κατὰ
3056 2913 3183 2976 τοὺς
3219 2911 3422 2972 ὕπνους
3467 2910 3611 2981 ἔχων

333 3011 485 3078 jubet
522 3025 644 3064 eum
689 3009 856 3064 linteo
899 3008 1236 3062 succinctum
1267 3007 1480 3076 aperite
1511 3003 1845 3060 dorsum.'Ct

2101 3005 2223 3075 άνη,
2257 3003 2472 3056 κελεύει
2494 3003 2685 3076 λεντίῳ
2716 3003 3125 3076 διαζωσάμενον
3160 3004 3250 3058 τὸν
3275 3004 3442 3057 νῶτον
3471 3004 3613 3056 ὕπο-

337 3103 522 3157 divma
553 3114 734 3157 autem
779 3099 1116 3171 providentia
1171 3099 1365 3154 luisset
1400 3098 1625 3152 linteum
1661 3097 1841 3152 soluto

2103 3095 2334 3164 μνῶσαι.
2372 3095 2658 3165 Κρείττονι
2713 3095 2769 3149 δὲ
2797 3097 2940 3168 τάχα
2995 3097 3222 3168 προνοίᾳ
3271 3095 3365 3148 τοῦ
3399 3094 3613 3149 λεντῖου

338 3205 540 3266 aperta:
563 3193 782 3248 fuerunt
810 3201 992 3262 partes
1013 3191 1258 3256 occultae,
1281 3201 1332 3246 et
1352 3199 1675 3261 conspectus
1697 3199 1781 3244 est
1809 3205 1850 3242 In

2103 3186 2369 3250 ιλυθέντος
2393 3185 2738 3258 ἐξεκαλύφθη
2771 3189 2840 3241 τὰ
2869 3190 3231 3260 κεκρυμμένα
3271 3188 3460 3260 μόρια,
3517 3188 3615 3241 καὶ

339 3287 546 3342 nachus
593 3283 980 3356 propemodum
1021 3293 1276 3338 exsectos
1306 3290 1362 3335 et
1402 3295 1628 3336 mancus
1652 3279 1851 3334 virililn

2105 3279 2210 3332 κᾶτο
2241 3280 2270 3331 ὁ
2301 3280 2534 3350 μοναχὺς
2555 3280 2834 3344 ἀπόκοπος
2868 3281 3048 3349 ὀλίγον
3085 3281 3179 3334 καλ⁸
3211 3285 3309 3352 τὴν
3348 3281 3483 3335 αἰδῶ
3515 3299 3617 3334 πει

340 3378 550 3434 etiamsi
585 3385 806 3448 prOpter
833 3374 1019 3432 liorem
1053 3375 1231 3429 aetatis
1265 3387 1370 3427 non
1406 3370 1600 3426 fuisset
1631 3369 1780 3439 prius
1823 3368 1852 3422 it

2103 3371 2380 3441 ρωμένος,
2405 3373 2454 3424 εἰ
2493 3373 2589 3425 καὶ
2613 3372 2702 3426 διὰ
2727 3372 2826 3442 τὴν
2855 3373 2956 3442 τῆς
2988 3373 3202 3444 ἡλικίας
3254 3373 3442 3444 ἀκμὴν
3471 3375 3615 3446 πρό-

340 3470 521 3524 munis
551 3485 580 3523 a
616 3469 951 3538 suspicione.
977 3465 1173 3522 Statim
1205 3482 1338 3537 ergo
1365 3479 1460 3522 eos
1489 3465 1580 3536 qui
1611 3464 1732 3519 illos
1765 3463 1852 3518 det

2103 3477 2184 3531 ρον
2242 3463 2344 3514 ούκ
2401 3462 2712 3516 ἀπολέλυτο·
2766 3464 3044 3528 ὑπονοίας.
3095 3465 3312 3530 Εὐθέως
3361 3465 3456 3520 οὖν
3483 3467 3615 3529 τοὺς

340 3563 538 3629 lerant,
561 3577 591 3617 a
627 3562 740 3617 suis
769 3561 1024 3632 gradibus
1059 3562 1400 3626 deturbatos,
1434 3570 1545 3614 tres
1567 3571 1748 3624 annos
1775 3571 1852 3610 art

2105 3553 2396 3618 τειπόντας
2429 3553 2597 3610 αὐτοῦ
2625 3555 2734 3608 τῶν
2762 3558 2982 3611 οἰκείων
3015 3555 3222 3622 ἐξώσας
3251 3557 3498 3629 βαθμῶν,
3518 3560 3616 3612 ἐπὶ

341 3675 371 3713 a
411 3657 816 3714 communione.
852 3654 948 3710 Pio
979 3669 1108 3710 vero
1137 3655 1408 3709 monacho
1445 3665 1527 3720 se,
1563 3661 1620 3706 ut
1654 3665 1751 3721 par
1783 3664 1853 3705 er:

2105 3645 2178 3698 ισὶ
2194 3645 2404 3714 χρόνοις
2434 3644 2689 3715 ἀπείργει
2729 3646 2830 3716 τῆς
2878 3647 3220 3717 Ἐκκλησίαςο
3256 3649 3332 3719 τῷ
3353 3650 3410 3702 δὲ
3432 3648 3617 3718 θεοςρι-

341 3737 644 3818 excusavit,
674 3759 728 3807 et
757 3749 968 3822 rogavit
999 3759 1056 3804 ut
1083 3750 1132 3804 ei
1165 3749 1500 3804 condonaret
1528 3755 1809 3816 peccatum
1831 3760 1853 3797 ιι

2103 3737 2360 3806 ἷμοναχῷ
2397 3737 2720 3807 ἀπελογεῖτό
2747 3756 2804 3792 τε
2833 3742 2902 3794 τά
2947 3749 3296 3814 προσήκοντα
3339 3746 3436 3798 καὶ
3479 3763 3615 3815 συγ-

342 3845 568 3900 missum
612 3857 709 3913 per
757 3842 1142 3912 ignorantiam.
1183 3839 1292 3895 Sed
1333 3838 1440 3894 hoc
1479 3838 1652 3892 solum
1690 3835 1828 3914 dixit

2103 3828 2234 3884 ῶναι
2254 3829 2412 3902 αὑτῷ
2435 3828 2588 3900 ἠξίου
2621 3832 2716 3886 τοῦ
2749 3835 2891 3888 κατὰ
2914 3835 3136 3904 ἄγνοιαν
3155 3839 3578 3910 ἁμαρτήσαντο,
3596 3851 3615 3876 ⁶

343 3954 450 3994 non
484 3938 723 4000 laudare,
753 3936 894 4006 quod
927 3936 1074 4015 nullo
1108 3935 1354 3989 adhibito
1388 3933 1612 3987 custode
1643 3931 1821 3986 obiret
1849 3951 1855 3979 ι

2105 3923 2184 3992 ,ὴν
2217 3925 2378 3976 τοῦτο
2405 3923 2566 3994 μόνον
2587 3925 2687 3978 οὐκ
2714 3925 2844 3998 ἔχω,
2873 3927 3081 3997 ἔλεγεν,
3110 3933 3354 3985 ἐπαινεῖν
3382 3932 3444 3985 τὸ
3465 3937 3617 4002 ἀφυ-

345 4028 564 4090 vitates,
592 4041 714 4080 cum
751 4033 898 4080 esset
933 4023 1260 4090 monachus,
1290 4032 1344 4076 et
1375 4022 1650 4075 videretur
1684 4022 1820 4074 adeo
1843 4020 1857 4089 j

2105 4035 2243 4078 κτως
2279 4019 2338 4070 ἐν
2388 4021 2510 4082 ταῖς
2545 4019 2767 4074 πόλεσιν
2822 4022 2986 4076 αὐτὸν
3018 4027 3322 4095 περιάγειν,
3377 4030 3617 4098 μοναχὸν

344 4134 529 4183 venis,
563 4128 618 4172 et
660 4118 903 4173 traheret
935 4131 1122 4172 secum
1151 4115 1411 4170 feminam
1433 4154 1449 4182 ,
1481 4121 1537 4168 et
1565 4122 1710 4169 esset
1752 4115 1856 4166 nml

2104 4125 2166 4163 τα
2191 4109 2286 4162 καί
2315 4109 2437 4163 νέον
2459 4111 2632 4174 οὓτως
2664 4113 2966 4184 ὁρώμενον,
2997 4119 3236 4184 γυναῖκά
3263 4137 3322 4171 τε
3351 4121 3616 4192 ἐπισύρε-

346 4227 512 4268 Causa
545 4209 881 4265 oﬂ'ensiouis.
1065 4201 1068 4206 ’
1510 4272 1517 4280 ,

2037 4201 2184 4268 σθαι,
2219 4203 2310 4256 καὶ
2341 4202 2556 4269 πολλοῖς
2577 4206 2838 4277 ἀφορμὴν
2870 4204 3010 4262 εἶναι
3041 4210 3361 4266 σκανδάλου.

421 4303 628 4360 XLVII.
655 4303 745 4357 llle
768 4316 894 4357 vero
910 4285 1040 4356 cum
1069 4313 1154 4364 ea,
1179 4312 1287 4367 qua
1314 4312 1414 4367 par
1439 4305 1579 4362 erat,
1607 4297 1930 4364 reverentia,

2112 4291 2237 4349 MZ'.
2275 4297 2339 4348 Ὃ
2365 4295 2423 4348 δὲ
2458 4298 2598 4365 μετὰ
2645 4298 2746 4366 τῆς
2797 4302 3184 4374 προσηκούσης
3219 4303 3405 4368 αἰδοῦς
3429 4323 3487 4358 τε
3523 4310 3624 4362 sui

347 4407 402 4452 et
435 4395 696 4450 modestia
725 4413 739 4449 :
775 4392 1097 4448 Benedictus
1121 4387 1414 4452 Dominus,
1438 4387 1666 4469 inquit,
1695 4387 1859 4444 dOmiI

2110 4388 2414 4460 τριότητος,
2457 4390 2765 4460 Εὐλογητὸς
2809 4394 3037 4464 Κύριος,
3068 4397 3323 4464 δέσποτα,
3351 4394 3530 4464 εἶπεν,
3555 4407 3620 4456 ο)

351 4505 455 4544 non
497 4492 751 4544 mentior.
801 4484 917 4540 Non
963 4482 1150 4538 multis
1185 4491 1313 4536 ante
1351 4479 1546 4536 diebus
1589 4495 1713 4533 eum
1757 4494 1863 4533 esst

2111 4481 2334 4552 ύδομαι·
2379 4482 2440 4536 οὐ
2482 4483 2710 4548 πολλαῖς
2765 4488 3030 4559 πρότερον
3086 4491 3322 4560 ἡμέραις
3348 4495 3486 4548 κατὰ
3519 4497 3623 4567 τὴν

351 4581 530 4646 Gazae,
563 4592 620 4635 et
648 4581 798 4634 illinc
844 4577 1157 4632 festinarem
1188 4575 1267 4644 ad
1308 4571 1644 4627 adorandum
1679 4570 1780 4626 SS.
1815 4569 1863 4640 (ἐς

2111 4571 2216 4636 ,ζαν
2239 4590 2328 4642 μοι
2356 4577 2655 4647 γενομένῳ,
2689 4577 2945 4631 κάκεῖθεν
2966 4580 3046 4641 εἰς
3085 4581 3461 4653 προσκύνησιν
3507 4588 3578 4639 τό
3593 4604 3623 4641 ν

351 4692 470 4731 rum
492 4686 544 4730 et
564 4673 850 4738 Joannem,
872 4672 984 4726 haec
1011 4668 1185 4739 puella
1210 4669 1341 4721 mihi
1363 4681 1590 4736 vespere
1612 4665 1672 4720 lit
1692 4665 1863 4720 obviat

2117 4664 2212 4719 ἰων
2243 4664 2427 4736 Κύρου
2459 4667 2554 4720 καὶ
2582 4668 2830 4721 Ἰωάννου
2858 4672 3220 4742 ἐπειγομένῳ,
3256 4678 3493 4747 συναντᾷ
3529 4696 3623 4746 μοι

351 4779 406 4824 et
439 4769 504 4822 ad
554 4780 704 4822 meos
741 4765 906 4836 pedes
951 4761 1220 4832 procidit,
1256 4774 1456 4830 rogans
1483 4769 1543 4812 ut
1583 4772 1792 4812 mecum
1828 4758 1863 4811 it

2109 4761 2172 4820 ,ος
2196 4757 2436 4827 ἑσπέραν
2469 4759 2502 4828 ὴ
2530 4759 2668 4832 κόρη
2701 4759 2864 4832 αὕτη,
2895 4764 2991 4816 καὶ
3015 4767 3126 4828 τοῖς
3171 4767 3300 4820 ποσί
3321 4771 3433 4833 τοῖς
3463 4773 3621 4842 ἐμοῖς

351 4857 758 4928 ἰιιιςτθιίοτειυιτ,
803 4871 868 4910 eo
907 4855 1052 4924 quod
1084 4851 1248 4907 vellet
1285 4864 1406 4904 esse
1435 4849 1775 4914 Christiana,
1814 4863 1863 4901 et

2111 4849 2372 4904 aestimet
2427 4851 2745 4928 συνοδεῦσαί
2799 4872 2889 4924 μοι
2925 4855 3154 4930 δεομένη
3204 4859 3284 4931 τῷ
3327 4862 3623 4933 βούλεσθαι

352 4953 497 5006 enim
530 4947 780 5003 Hebraea.
811 4947 924 5016 Ego
954 4952 1133 5000 autem
1174 4941 1268 4997 Dei
1291 4943 1495 4995 veritus
1523 4938 1776 5022 judicium

2110 4943 2290 4997 νέσθαι
2325 4943 2693 5018 Χριστιανήν·
2741 4947 2966 5020 Ἐὃραία
3017 4951 3125 5023 γὰρ
3152 4949 3242 5026 ἦν.
3277 4955 3494 5028 Ἔγωγε
3523 4957 3622 5015 οῦν

353 5045 514 5110 dixit,
543 5059 609 5100 ne
634 5058 698 5098 ex
721 5041 931 5113 pusillis
957 5039 1190 5108 aliquem
1221 5035 1646 5104 despiceremus,
1677 5033 1864 5088 obedie

2121 5037 2229 5090 ἀπὸ
2283 5036 2420 5090 Θεοῦ
2449 5037 2636 5103 δείσας
2687 5043 3006 5114 κατάκριμα
3032 5047 3315 5118 εἰρηκότος
3356 5055 3432 5122 μή
3475 5069 3621 5120 τινος

355 5135 556 5192 admisi
587 5147 710 5188 eam
738 5135 840 5191 via:
867 5133 1156 5195 comitem,
1192 5126 1429 5182 maxime
1458 5123 1758 5189 conﬁdens,
1791 5141 1860 5194 qu

2115 5131 2402 5200 ταφρονεῐν
2454 5131 2564 5186 τῶν
2614 5135 2846 5206 μικρῶν,
2883 5136 3198 5203 ὑπακούσας
3233 5144 3623 5220 παρεδεξάμην

355 5243 480 5284 cum
511 5235 697 5282 essent
727 5224 860 5280 mihi
905 5223 1146 5277 membra
1179 5222 1254 5276 ita
1287 5219 1514 5285 allecta,
1547 5231 1651 5272 non
1681 5216 1867 5271 essetl

2110 5239 2138 5272 ν
2166 5223 2436 5290 συνοδίαν,
2460 5223 2636 5290 ἄλλως
2663 5243 2722 5282 τε
2755 5229 2852 5283 καὶ
2878 5229 3162 5303 θαρρήσας
3187 5235 3272 5289 ὅτι
3309 5254 3404 5308 μοι

357 5321 460 5376 cile
497 5317 719 5374 inimico
762 5327 976 5372 struere
1017 5315 1073 5370 in
1115 5329 1202 5368 me
1234 5311 1606 5368 tentationem.
1639 5310 1774 5364 Cum
1811 5308 1865 5363 ill

2113 5331 2215 5406 τως
2267 5317 2466 5386 ἔχοντι,
2517 5319 2616 5370 οὐκ
2673 5321 2742 5374 ἂν
2787 5321 2872 5393 εἴη
2903 5323 2981 5394 τῷ
3011 5327 3192 5398 ἐχθρῷ
3221 5331 3406 5402 ῥᾴδιον
3429 5308 3625 5406 πειρα-

357 5424 538 5470 autem
587 5411 888 5476 venissem,
941 5419 1000 5465 et
1041 5416 1166 5464 vota
1215 5407 1605 5485 reddidissem,
1662 5403 1764 5459 feci
1816 5417 1869 5458 ea

2111 5405 2196 5496 ιόν.
2217 5421 2306 5474 μοι
2368 5409 2750 5464 ἐπισκευάσαι.
2815 5412 3026 5468 Ἐκεῖσε
3091 5419 3276 5493 μέντοι
3327 5403 3623 5496 γενόμενος

354 5505 690 5561 cateehismo
721 5502 916 5558 instrui
975 5509 1031 5556 et
1065 5500 1363 5571 baptizari,
1400 5507 1454 5554 et
1483 5483 1550 5553 de
1593 5505 1791 5552 czetero
1819 5510 1866 5550 e:

2109 5500 2136 5550 ,ι
2162 5483 2261 5561 ea;
2290 5499 2453 5570 εὐχάς
2483 5501 2740 5568 ἀποδοὺς,
2795 5483 3178 5580 κατηχηθῆναὶ
3211 5489 3274 5566 ’τε
3306 5483 3481 5588 αἰτὴῦ
3527 5483 3621 5573 καί

355 5598 712 5653 circumduco
737 5597 790 5650 in
807 5593 1153 5665 simplicitate
1179 5591 1380 5656 cordis,
1403 5599 1458 5644 et
1479 5587 1794 5644 mendicans
1820 5601 1867 5642 et

2109 5591 2412 5660 ,πτισθῆναι
2436 5595 2750 5666 πεποίηκα*
2792 5601 2888 5652 καὶ
2923 5603 2984 5654 τὸ
3031 5603 3140 5656 ἀπὸ
3190 5605 3346 5660 τοῦδε
3388 5587 3621 5680 ’καρδίας

359 5689 472 5754 alo,
503 5689 732 5744 Studens
759 5687 804 5744 si
839 5687 1041 5756 possim
1075 5701 1196 5741 eam
1225 5684 1496 5740 collocare
1524 5684 1578 5737 in
1611 5681 1795 5752 aliquo
1829 5698 1871 5735 ιιι

2103 5681 2310 5750 τλότητι
2359 5683 2610 5753 περιάγω
2637 5685 2732 5739 καὶ
2761 5689 3075 5758 προσαιτῶν
3107 5692 3316 5763 τρέφω,
3349 5697 3615 5762 σπεύδων,

363 5780 605 5836 nasterio
654 5779 948 5850 virginum.
997 5776 1123 5834 Haec
1153 5794 1273 5834 eum
1317 5777 1559 5833 audisset
1603 5776 1690 5831 ille
1726 5775 1872 5830 Beati

2117 5773 2343 5837 δυνατὸς
2377 5775 2662 5846 γενοίμην,
2698 5781 2793 5834 καὶ
2837 5781 3146 5853 παρθενῶνι
3177 5785 3348 5858 αὐτὴν
3387 5790 3624 5858 ἐγκαταε

363 5871 553 5943 Papae,
599 5873 808 5944 inquit,
853 5887 1015 5943 quam
1051 5871 1202 5927 multi
1245 5881 1370 5926 sunt
1407 5870 1602 5924 oet-ulti
1645 5868 1788 5923 serti
1826 5869 1875 5920 l).

2110 5870 2228 5935 ιξαι.
2262 5869 2450 5923 Ταῦτα
2501 5871 2812 5930 ἀκούσαντα
2840 5877 2932 5931 τὸν
2959 5879 3250 5952 μακάριον,
3291 5883 3490 5948 Βαϐαὶ,
3525 5881 3622 5936 πό-

361 5963 578 6023 etiamsi
614 5965 725 6023 sint
761 5966 932 6024 nobis
963 5964 1166 6036 ignoti!
1209 5964 1344 6022 Cum
1392 5971 1571 6020 autem
1612 5961 1873 6018 monacho

2104 5979 2158 6030 ιι,
2187 5961 2376 6033 φάναι,
2406 5962 2631 6034 κρύριοι
2662 5966 2760 6022 τοῦ
2785 5968 2922 6024 Θεοῦ
2947 5970 3146 6041 δοῦλοι,
3189 5972 3292 6028 κᾶν
3322 5975 3455 6047 ἡμῖν
3473 5967 3616 6029 οὗτοι
