3828 6520
225 468 336 532 9:37

1187 461 1365 523 VITA
1403 460 1462 524 S.
1505 459 1828 522 JOANNIS
1868 458 2508 525 ELEEMOSYNARII.

3361 469 3469 532 97‘3

224 581 569 652 τυγχάνωσιν
605 579 897 648 ἄγνωστοι.
921 573 1024 629 ’ΐδν
1059 573 1241 645 μέντοι
1273 574 1506 646 μοναχδν
1537 573 1803 644 νομίσμα-

1909 572 2132 628 donaret
2163 584 2378 630 centum
2408 577 2676 645 nummis,
2709 576 2796 633 ille
2832 593 2938 634 non
2969 579 3210 650 accepit,
3244 583 3430 637 dicens
3458 599 3473 634 :

227 690 317 728 σιν
369 673 564 729 ἑκατὸν
591 669 961 743 δωρουμένου,
1009 670 1218 732 ἐκεῖνος
1247 668 1310 721 οὐ
1349 667 1704 738 παρεδέξατο,
1745 665 1802 720 '0

228 763 486 834 μοναχδς,
518 761 712 827 εἰπὼν,
742 762 791 814 εί
821 759 932 830 ἐχοι
961 759 1168 822 πίστιν,
1199 756 1262 810 ού
1282 755 1452 810 δεῖται
1483 755 1799 827 χρημάτων

226 855 278 906 εί
312 853 369 906 δὲ
402 851 702 924 χρημάτων
757 849 897 913 ὅλως
953 848 1076 919 ἐρᾷ,
1111 845 1351 909 πίστεως
1403 845 1620 909 πάντως
1658 845 1804 898 ἐστὶν

226 941 661 1015 ἐρημος.Ταῦτα
691 940 860 996 εἰπὼν
887 939 981 993 κοιλ⁸
1018 936 1384 1010 προσκύνησιν
1415 935 1802 1006 ποιησάμενος,

224 1032 407 1087 ἀπιὼν
435 1033 632 1104 ᾤχετο.

295 1126 438 1180 Μηι.
467 1125 663 1187 Ὅπως
697 1121 755 1176 δέ
785 1118 1245 1188 ἀξιοσπούδαστον
1267 1112 1334 1189 ἦν
1383 1117 1418 1188 ἡ
1447 1117 1540 1170 τοῦ
1575 1115 1802 1170 θανάτου

225 1216 419 1287 μνήμη
445 1215 524 1286 τῷ
581 1214 862 1285 μακαρίῳ,
915 1212 1010 1266 καὶ
1035 1211 1110 1275 ὡς
1138 1209 1284 1280 ἐχειν
1329 1207 1499 1278 αὐτὴν
1529 1207 1805 1274 ἀνεξάλει-

226 1325 363 1362 πτον
391 1307 520 1378 περὶ
572 1305 773 1368 παντὸς
819 1305 1078 1366 ἐποιεῖτο,
1112 1302 1330 1372 εἴρηται
1353 1300 1454 1371 μὲν
1484 1299 1577 1353 καὶ
1611 1299 1804 1370 πρότε-

228 1418 350 1471 ρον,
393 1400 672 1470 εἰρήσεται
721 1397 780 1451 δὲ
832 1397 926 1450 καὶ
953 1395 1066 1450 νῦν.
1101 1394 1490 1465 Θανατηφόρου
1535 1392 1644 1463 γάρ
1673 1408 1804 1444 ποτε

224 1493 384 1546 νόσου
411 1492 512 1562 τὴν
533 1490 689 1543 πόλιν
713 1486 1154 1556 καταλαϐούσης,
1174 1486 1335 1556 ἐργον
1359 1481 1429 1556 ἦν
1452 1485 1644 1554 ἐκείνῳ
1669 1482 1807 1536 πάν-

223 1600 334 1636 των
364 1581 813 1652 ἐπιμελέστατον,
843 1580 904 1633 τὸ
931 1579 1084 1650 θαμὰ
1134 1578 1412 1648 παριέναι,
1449 1576 1587 1645 πρός
1607 1593 1664 1629 τε
1694 1575 1804 1629 τῶν

224 1674 523 1726 νοσούντων
553 1670 845 1740 ἐπίσκεψιν
906 1670 1002 1724 καὶ
1033 1668 1130 1739 τὴν
1163 1667 1276 1721 τῶν
1306 1664 1680 1719 τελευτώντων
1709 1681 1806 1718 τα-

227 1764 339 1833 φήν
358 1778 374 1794 ⁶
404 1762 662 1826 πολλάκις
689 1762 745 1816 δέ
765 1761 859 1816 καὶ
883 1757 1295 1832 ψυχορῤαγοῦσι
1317 1755 1804 1828 παρεκάθητο,καὶ

225 1855 357 1918 τοὺς
388 1854 700 1924 ὀφθαλμοὺς
719 1852 900 1907 αὐτῶν
927 1851 1159 1914 οἰκείαις
1181 1852 1371 1922 χερσὶν
1402 1847 1801 1902 ἐπεκάλυπτεν·

1907 659 2199 719 Monachus
2228 665 2275 720 si
2308 665 2466 723 habet
2486 669 2666 735 fidetn,
2699 683 2805 726 non
2839 669 3039 737 indiget
3068 672 3313 742 pecuniis
3343 690 3358 728 :
3395 675 3477 729 sin

1907 765 2087 810 autem
2114 758 2336 813 omnino
2365 769 2531 826 amat,
2563 771 2645 817 est
2673 763 2894 818 omnino
2922 762 3025 820 fide
3053 763 3312 823 defectus.
3350 765 3476 822 Haec

1907 859 2030 901 cum
2054 847 2278 904 dixisset
2305 858 2358 906 et
2379 851 2678 919 adorasset,
2710 855 2959 910 recessit.

1974 1104 2205 1167 XLVIII.
2245 1111 2416 1178 Quam
2459 1127 2710 1183 magnum
2755 1122 2934 1171 autem
2971 1118 3203 1173 studium
3251 1131 3476 1190 poneret

1910 1200 2122 1269 beatus,
2151 1213 2209 1257 ut
2237 1204 2426 1258 mortis
2457 1206 2812 1270 meminisset,
2837 1217 2890 1262 et
2914 1209 3055 1277 quod
3087 1210 3300 1278 plurimi
3331 1211 3478 1269 face-

1906 1301 1989 1349 ret
2021 1293 2232 1349 edicere
2254 1309 2320 1349 ne
2345 1295 2464 1364 ejus
2492 1297 2794 1352 recordatio
2819 1298 3106 1364 deleretur,
3132 1301 3330 1356 dictum
3357 1304 3478 1371 qui-

1907 1384 2027 1440 dem
2072 1394 2157 1440 est
2194 1387 2366 1454 prius,
2411 1388 2620 1444 dicetur
2662 1385 2843 1445 autem
2886 1407 3027 1446 nunc
3059 1407 3295 1464 quoque.
3340 1395 3474 1452 Nam

1901 1492 2025 1532 cum
2051 1477 2263 1534 Iethalis
2289 1480 2506 1535 morbus
2533 1480 2824 1550 aliquando
2853 1484 3142 1542 invasisset
3174 1484 3474 1555 civitatein,

1907 1567 2153 1623 maximae
2184 1567 2258 1622 illi
2289 1580 2407 1624 erat
2436 1583 2580 1625 curae
2607 1572 2867 1628 accedere
2896 1575 2960 1628 ad
2990 1586 3313 1646 aegrotorum
3348 1580 3477 1634 visi-

1906 1658 2200 1728 tationem,
2253 1668 2309 1714 et
2361 1675 2549 1715 eorum
2606 1662 2696 1730 qui
2745 1663 3074 1720 decedebant
3118 1668 3472 1737 sepulturam.

1907 1749 2060 1820 Saepe
2089 1759 2266 1805 autem
2299 1750 2464 1806 etiam
2491 1751 2764 1808 assidebat
2797 1753 2864 1809 iis
2897 1755 2986 1825 qui
3014 1757 3330 1814 emittebant
3359 1761 3477 1814 ani-

1906 1855 2073 1906 mam,
2097 1851 2146 1896 et
2171 1855 2356 1896 eorum
2381 1843 2566 1898 oculos
2591 1844 2704 1899 suis
2728 1845 2940 1914 tegebat
2957 1849 3476 1906 manibnanbebat

226 1921 506 2015 ἐπέτρεπε
552 1921 608 1997 δὲ
643 1945 739 1996 καὶ
763 1943 860 2006 τὰς
893 1941 1036 2013 ὑπὲρ
1072 1940 1180 1995 τῶν
1211 1921 1637 2010 κεκοιμημένων
1673 1956 1800 1993 συν-

1909 1945 2138 2001 synaxes
2171 1944 2386 2001 quoque
2429 1931 2690 1986 celebrari
2727 1948 2824 2002 pro
2879 1933 2946 1990 iis
2989 1937 3078 2006 qui
3117 1936 3472 2005 dormieram,

224 2035 376 2100 ἀξεις
402 2034 696 2099 ἐπιτελεῖν,
733 2032 1142 2106 ίσχυριζόμενὸς
1166 2049 1226 2086 τε
1250 2032 1342 2085 καὶ
1370 2031 1716 2094 διαὸεδαιῶν,
1734 2032 1801 2085 τὰ

229 2127 443 2196 μεγάλα
494 2128 609 2190 τοῖς
671 2125 1087 2195 κατοιχομένοις
1142 2122 1446 2177 λυσιτελεῖν
1507 2122 1609 2186 τὰς
1665 2122 1803 2195 ὑπὲρ

225 2215 407 2271 αὐτῶν
437 2216 657 2286 μνήμας
682 2216 774 2269 καὶ
803 2213 1169 2285 λειτουργίας.

295 2307 434 2360 118'.
459 2306 554 2369 Εἰς
581 2306 764 2360 πίστιν
786 2305 843 2358 δὲ
871 2305 979 2358 τῶν
1013 2303 1324 2375 λεγομένων
1351 2303 1445 2357 καί
1473 2320 1525 2357 τι
1563 2301 1803 2358 τοιοῦτον

225 2396 287 2449 οὐ
317 2396 424 2470 πρὸ
456 2396 652 2451 πολλοῦ
680 2395 974 2468 γενόμενον
1014 2397 1284 2468 ἐξηγεῖτο.
1345 2397 1540 2467 Ἔλεγε
1591 2397 1699 2468 γὰρ
1728 2397 1803 2462 ὡς

227 2487 335 2541 ὑπὸ
364 2489 587 2559 Περσῶν
617 2506 702 2553 τις
737 2490 818 2554 είς
871 2489 1109 2560 Περσίδα
1134 2489 1480 2560 αἰχμάλωτος
1511 2490 1800 2560 ἀπαχθεὶς,

227 2579 287 2632 ἐν
316 2582 384 2652 τῇ
410 2579 622 2651 φυλακῇ
650 2581 685 2652 ἢ
713 2579 855 2635 οὕτω
877 2580 1125 2636 καλεῖται
1151 2581 1330 2652 Λήθη,
1361 2581 1580 2649 δέσμιος
1605 2585 1802 2655 ἐφρου-

229 2673 406 2740 ρεῖτο·
425 2672 586 2742 νόμος
616 2673 671 2726 δὲ
704 2675 853 2745 παρὰ
878 2674 1114 2744 Πέρσαις
1136 2674 1358 2743 ἐκράτει
1385 2674 1650 2742 τοιοῦτος,
1674 2675 1800 2740 τοὺς

228 2762 288 2815 ἐν
314 2764 378 2834 τῇ
421 2764 635 2836 φυλακῇ
665 2765 790 2837 τῇδε
822 2763 1247 2835 καθειρχθέντας
1279 2766 1668 2820 ἀνακαλεῖσθαι
1695 2785 1802 2838 μη-

229 2851 421 2906 δέποτε
446 2869 462 2885 ·
491 2856 664 2927 ταύτῃ
698 2872 780 2908 τοι
827 2856 920 2908 καὶ
948 2856 1102 2927 Λήθη
1151 2857 1290 2928 αὐτῇ
1345 2856 1405 2910 τὸ
1438 2857 1609 2929 ὄνομα
1661 2859 1804 2914 κατὰ

231 2942 389 3012 λογον
418 2945 600 3016 ἐτέθη.
649 2945 885 3002 Ἐκεῖθεν
916 2946 1008 3001 οῦν
1033 2946 1342 3018 ἀποδρᾶσαί
1392 2965 1538 3012 τινες
1585 2949 1803 3005 δυνατοὶ

231 3035 512 3108 γτνόμενοι
545 3037 640 3091 καὶ
661 3038 761 3110 τὴν
789 3037 1016 3110 Κύπρον
1046 3040 1398 3106 καταλαϐεῖν,
1425 3043 1536 3106 τοῖς
1563 3041 1654 3096 τοῦ
1682 3059 1805 3096 νεα-

232 3126 420 3179 νίσκου
452 3130 744 3200 πατράσιν,
803 3131 880 3194 ὼς
931 3131 1018 3201 εἴη
1043 3132 1322 3203 τεθνηκὼς
1367 3135 1425 3186 ἐν
1477 3136 1544 3206 τῇ
1587 3134 1802 3206 φυλακῇ

229 3217 700 3277 ὁι;6ε6αιώσαυτο.
782 3223 1008 3277 Ἐκεῖνοι
1065 3225 1356 3296 τοιγαροῦν
1399 3225 1494 3279 τοῦ
1551 3227 1796 3281 ἐνιαυτοῦ

227 3311 377 3378 τρεῖς
409 3310 654 3375 συνάξεις
682 3311 754 3375 ὡς
784 3311 876 3365 ἐπὶ
897 3312 1075 3384 νεκρῷ
1093 3315 1264 3385 τούτῳ
1292 3315 1528 3370 ἐποίουν.
1553 3317 1665 3370 Καὶ
1679 3318 1803 3370 τέσ-

233 3416 401 3471 σαρες
453 3401 594 3456 οὕτω
644 3405 925 3476 παρῆλθον
978 3407 1238 3460 ἐνιαυτοί⁹
1293 3405 1392 3461 εἷθ’
1423 3407 1595 3472 οὕτως
1640 3410 1805 3463 καὶὸ

229 3496 356 3556 παῖς
385 3494 593 3548 ἐκεῖθεν
621 3497 881 3566 ἐκφυγεῖν
904 3495 1174 3566 δυνηθεὶς,
1202 3499 1283 3561 είς
1309 3496 1406 3568 τὴν
1431 3498 1612 3554 οἰκίαν
1633 3500 1802 3554 ἐπάν-

229 3601 388 3650 εισιν,
430 3584 490 3638 ὃν
518 3587 566 3638 οἱ
596 3588 774 3655 γονεῖς
807 3587 904 3658 οὐχ
939 3586 1129 3660 ὥσπερ
1159 3589 1223 3641 ἐκ
1258 3588 1505 3660 φυλακῆς
1539 3590 1802 3656 φυγόντα,

228 3673 347 3729 ἀλλ’
375 3674 450 3737 ὡς
479 3676 541 3729 ἐκ
572 3677 780 3748 νεκρῶν
809 3678 1118 3731 ἀναστάντα
1160 3679 1359 3749 μᾶλλον
1411 3680 1506 3732 σὺν
1533 3680 1697 3751 πολλῇ
1733 3685 1800 3753 τῇ

230 3766 491 3833 ἐκπλήξει
521 3767 844 3840 θεασάμενοι
868 3769 962 3823 καὶ
989 3771 1317 3842 saepeque;
1341 3770 1674 3841 πλησθέντες
1702 3772 1802 3843 τῆς

229 3857 445 3934 ἡδονῆς,
477 3859 644 3913 τᾶλλα
675 3879 732 3916 τε
771 3862 953 3931 ἔλεγον
988 3863 1082 3916 καὶ⁹
1140 3862 1378 3926 ἐποίουν,
1410 3862 1512 3916 ὅσα
1561 3863 1626 3917 ἂν
1655 3863 1802 3935 ψυχὴ

228 3949 473 4002 τοιοῦτον
499 3949 683 4006 ἰδοῦσα
709 3953 870 4007 πάθοι
922 3953 1018 4008 καί⁹
1063 3953 1230 4020 είπυι,
1267 3954 1358 4008 καὶ
1397 3953 1545 4018 ὅπως
1579 3954 1652 4017 ὡς
1676 3955 1803 4008 ἀπο⁹

232 4038 449 4092 θανόντι
472 4041 598 4112 ἥδη,
635 4043 703 4096 τὰ
752 4045 845 4097 ἐπὶ
877 4043 1098 4098 θανοῦσι
1147 4045 1512 4115 νενομισμένα
1561 4047 1799 4112 ἐποίουν,

230 4130 444 4194 καὶτὰς
473 4133 683 4203 ἡμέρας
702 4134 1121 4199 ἁναδιδὰξαντες
1150 4136 1317 4207 αἵπερ
1351 4133 1512 4207 ἦσαν,
1536 4137 1569 4206 ἦ
1600 4154 1658 4190 τε
1696 4137 1804 4193 τῶν

232 4221 405 4288 ἁγίων
426 4221 735 4291 Θεοφανίων
765 4225 970 4296 ἡμέρα,
1001 4225 1097 4278 καὶ
1123 4228 1155 4296 ἡ
1185 4225 1278 4278 τοῦ
1317 4227 1583 4298 σωτηρίου
1613 4229 1804 4299 Πάσχα

232 4311 330 4362 καὶ
364 4311 465 4380 τῆς
516 4314 678 4381 ἁγίας
709 4315 1111 4384 Πεντηκοστῆς.
1146 4316 1364 4369 Τούτων
1403 4319 1608 4382 ἐκεῖνος
1639 4319 1804 4372 ἀκού·

235 4416 357 4464 σας,
386 4401 480 4454 καὶ
513 4402 589 4465 είς
624 4405 844 4473 μνήμην
878 4403 1068 4467 ἐλθὼν,
1099 4405 1245 4475 ὅρκῳ
1272 4407 1400 4470 τοὺς
1451 4410 1706 4472 τεκόντας
1730 4408 1807 4462 διο

233 4489 486 4543 εὸεὸαίου
505 4491 582 4555 ὡς
607 4494 725 4546 κατ’
747 4494 916 4558 αὑτὰς
936 4494 1106 4547 ’τάσδε
1134 4497 1233 4558 τὰς
1257 4495 1487 4567 ἡμέρας,
1516 4497 1612 4550 καὶ
1643 4499 1804 4563 αὐτὸς

1905 2034 2156 2076 asserens
2203 2030 2258 2076 et
2297 2020 2570 2078 afﬁrmans
2611 2021 2884 2080 defunctis
2933 2028 3159 2083 multum
3217 2033 3474 2100 prodesse

1905 2126 2025 2182 quae
2068 2126 2165 2182 pro
2201 2113 2282 2169 eis
2324 2113 2457 2169 fiunt
2503 2117 3046 2189 commemorationes
3085 2131 3138 2175 et
3177 2136 3332 2179 sacra
3370 2124 3476 2181 mi-

1905 2204 2149 2259 nisteria.

1975 2293 2168 2350 XLIX.
2207 2297 2287 2351 Ad
2319 2296 2476 2375 fidem
2521 2305 2701 2354 autem
2744 2299 3045 2356 faciendam
3113 2317 3300 2359 eorum
3354 2320 3476 2375 quae

1904 2385 2246 2452 dicebantur,
2282 2387 2388 2442 tale
2415 2369 2544 2458 quid
2577 2390 2740 2444 etiam
2776 2394 3066 2458 narrabat,
3103 2394 3244 2463 quod
3275 2369 3474 2449 factum

1906 2478 2078 2533 fuerat
2122 2494 2228 2534 non
2267 2480 2339 2534 ita
2380 2480 2548 2535 multo
2589 2489 2736 2537 ante.
2781 2482 3001 2540 Dicebat
3040 2485 3219 2552 enim,
3262 2487 3405 2554 quod
3443 2503 3474 2540 α

1903 2567 2085 2625 Persis
2113 2571 2331 2640 quidam
2363 2572 2624 2627 abductus
2658 2575 2932 2642 captivus,
2967 2576 3018 2630 in
3055 2577 3320 2644 custodia,
3357 2593 3476 2648 qum

1903 2661 2202 2730 appellatur
2237 2661 2406 2718 Lethe
2431 2700 2446 2727 ,
2485 2665 2865 2719 asservabatur
2896 2667 3126 2723 vinctus.
3151 2667 3259 2722 Lex
3293 2679 3480 2725 autem.

1903 2761 2022 2807 erat
2051 2752 2192 2822 apud
2226 2751 2452 2818 Persas,
2487 2762 2543 2808 ut
2572 2754 2662 2824 qui
2695 2755 2925 2823 conjecti
2957 2768 3113 2814 erant
3143 2759 3196 2814 in
3227 2774 3344 2814 eam
3379 2777 3476 2815 cu-

1903 2844 2176 2909 stodiam,
2219 2859 2496 2917 nunquam
2545 2857 2979 2905 revocarentur:
3025 2859 3080 2905 et
3143 2865 3206 2909 ea
3262 2856 3472 2912 ratione

1904 2945 2321 2992 consentaneum
2364 2945 2450 2992 est
2484 2952 2603 2993 eam
2656 2937 2822 2996 fuisse
2864 2953 3108 2998 vocatam
3148 2944 3388 3012 Lethen,
3420 2947 3477 3005 id

1905 3034 2006 3094 est,
2035 3027 2380 3085 oblivionem.
2405 3029 2558 3085 Illinc
2583 3040 2760 3085 autem
2793 3046 2913 3086 cum
2937 3023 3154 3103 quidam
3178 3039 3480 3104 potuissent

1910 3119 2183 3190 aufugere,
2210 3130 2262 3174 et
2287 3121 2340 3175 in
2363 3121 2596 3192 Cyprum
2631 3124 2837 3188 venire,
2869 3123 3205 3180 aﬂirmarunt
3240 3131 3480 3198 parenti-

1906 3211 2006 3265 bus
2061 3211 2456 3276 adolescentis,
2496 3227 2619 3267 eum
2649 3228 2772 3268 esse
2816 3226 3087 3271 mortuum
3126 3218 3178 3273 in
3205 3222 3476 3280 custodia.

1907 3303 1990 3357 Illi
2021 3318 2148 3358 vero
2187 3315 2294 3358 tres
2323 3305 2616 3373 quotannis
2651 3321 2884 3376 synaxes
2928 3308 3305 3378 celebrabant,
3355 3321 3482 3370 tan-

1902 3408 2066 3463 quam
2101 3407 2165 3447 eo
2204 3403 2438 3448 mortuo.
2479 3395 2722 3459 Quatuor
2748 3397 2876 3452 anni
2915 3400 3318 3466 praeterieram,
3351 3417 3482 3460 cum

1905 3485 2047 3538 (ilius
2083 3483 2226 3538 illinc
2250 3483 2554 3554 aufugiens,
2591 3487 2728 3541 redit
2755 3487 2995 3543 domum.
3030 3487 3197 3554 Quem
3229 3506 3349 3544 cum
3382 3508 3478 3561 pa-

1905 3583 2088 3630 rentes
2135 3589 2241 3628 non
2293 3583 2544 3642 tanquam
2588 3576 2678 3644 qui
2723 3573 2950 3646 fugisset
2989 3591 3018 3632 e
3051 3580 3333 3644 custodia,
3380 3584 3475 3636 sed

1903 3685 2162 3746 tanquam
2220 3677 2310 3746 qni
2357 3673 2695 3729 surrexisset
2745 3691 2776 3730 e
2822 3676 3083 3741 mortuis,
3124 3690 3244 3730 cum
3283 3692 3479 3748 magno

1906 3779 2126 3839 stupore
2168 3768 2526 3838 aspexissent,
2579 3776 2633 3820 et
2676 3767 2902 3822 fuissent
2930 3766 3183 3822 ineﬂ'abili
3208 3769 3480 3836 voluptate

1902 3862 2115 3931 repleti,
2171 3869 2225 3913 et
2263 3860 2368 3914 alia
2409 3858 2679 3914 faciebant
2709 3867 2764 3913 et
2806 3857 3078 3926 dicebant,
3116 3875 3236 3930 qua:
3273 3863 3479 3925 anima,

1907 3971 2024 4025 quae
2059 3954 2216 4010 talem
2247 3953 2492 4019 vidisset,
2527 3950 2730 4008 faceret
2759 3962 2814 4007 et
2841 3953 3046 4008 diceret
3073 3972 3088 4013 ς
3124 3964 3178 4010 et
3208 3957 3476 4022 quemad.

1905 4047 2121 4100 modum
2154 4045 2203 4099 ei
2234 4053 2488 4113 tanquam
2507 4043 2617 4112 jam
2642 4052 2854 4098 mortuo
2893 4043 3134 4099 fecerant
3158 4045 3324 4112 iusta,
3355 4063 3477 4115 qua:

1906 4138 2040 4191 fiunt
2084 4137 2332 4202 mortuis,
2368 4144 2421 4190 et
2465 4151 2587 4190 cum
2645 4149 2770 4188 cum
2849 4134 3210 4200 docuissent,
3256 4138 3480 4205 quinam

1905 4236 2085 4283 essent
2119 4229 2153 4281 ii
2186 4228 2336 4292 dies,
2372 4240 2561 4295 nempe
2598 4225 2713 4281 dies
2743 4237 3058 4282 sanctorum
3096 4226 3486 4300 Theophanio-

1908 4334 2052 4384 rum,
2076 4329 2131 4373 et
2155 4318 2269 4372 dies
2293 4317 2550 4372 salutaris
2574 4315 2820 4384 Pascitur,
2845 4325 2899 4373 et
2925 4318 3040 4378 dies
3061 4330 3262 4376 sanctae
3290 4322 3486 4376 Pente-

1906 4421 2106 4465 costes.
2151 4408 2276 4466 Haec
2323 4425 2445 4464 cum
2489 4408 2576 4463 ille
2617 4410 2941 4476 audivisset,
2978 4419 3034 4464 et
3072 4413 3124 4466 in
3168 4413 3482 4467 memoriam

1909 4508 2248 4565 revocasset,
2294 4499 2611 4570 parentibus
2658 4500 2990 4567 afﬁrmabat,
3035 4504 3178 4571 quod
3225 4505 3309 4558 his
3350 4504 3486 4572 ipsis

235 4580 346 4633 τῶν
378 4581 592 4652 δεσμῶν
620 4584 823 4647 ἀνεῖτο,
851 4585 1150 4662 ἐπιστασία
1173 4585 1803 4658 λαμπροφοροῦντός-τι-

1916 4595 2103 4650 diebus
2149 4593 2492 4648 relaxabatur
2529 4607 2560 4646 a
2596 4594 2861 4660 vinculis,
2910 4595 3142 4649 adventu
3182 4595 3482 4663 cujusdam,

238 4685 349 4733 νος,
386 4671 479 4723 καὶ
511 4671 696 4736 ἀδείας
724 4674 964 4728 ἀπέλαυε
997 4677 1198 4747 πάσης,
1229 4677 1330 4741 τὰς
1380 4679 1576 4749 ἐφεξῆς
1608 4681 1664 4733 ἐν
1697 4685 1808 4746 τοῖς

238 4759 462 4828 δεσμοῖς
508 4761 670 4820 πάλιν
697 4763 886 4837 ὥσπερ
941 4766 1036 4821 καὶ
1084 4767 1288 4839 προτοῦ
1324 4771 1811 4848 καταλαμϐανόμεο

239 4867 348 4914 νος.

1916 4687 2008 4758 qui
2051 4688 2298 4755 gestabat
2331 4684 2670 4755 lampadem;
2702 4693 2757 4737 et
2792 4682 3070 4738 fruebatur
3105 4685 3251 4739 omni
3281 4685 3488 4740 securi-

1920 4789 2031 4835 tate
2061 4798 2075 4833 :
2104 4779 2292 4835 diebus
2319 4787 2499 4835 autem
2530 4775 2884 4848 sequentibus
2915 4775 3196 4834 tenebatur
3233 4778 3486 4848 vinculis,

1918 4875 2056 4929 sicut
2084 4871 2254 4944 prius.

1705 5038 1933 5097 CAPUT
1971 5038 2062 5096 IX.

1407 5175 1868 5251 Eleemosynarum
1897 5184 1970 5238 vis
1998 5179 2140 5251 apud
2170 5178 2359 5234 Deum.

311 5312 398 5370 N'.
451 5315 730 5382 Τοιούτοις
779 5315 980 5389 ἔργοιςι
1025 5319 1122 5374 καὶ
1173 5319 1478 5393 διηγήμασι
1534 5325 1803 5396 χρώμενος

1991 5326 2054 5380 L.
2086 5326 2308 5381 Talibus
2339 5333 2493 5379 utens
2518 5323 2676 5380 factis
2703 5332 2757 5380 et
2782 5325 3205 5394 narrationibus,
3233 5326 3333 5384 fuit
3356 5331 3465 5384 mul

239 5408 457 5472 πολλοῖς
489 5409 725 5480 κατέστη
758 5409 1034 5481 σωτηρίας
1067 5410 1346 5475 ὑπόθεσις.
1390 5413 1487 5467 Διὰ
1519 5415 1693 5471 ταῦτα
1722 5417 1803 5470 καἹ

1925 5418 1995 5472 tis
2026 5417 2240 5472 occasio
2283 5415 2494 5470 salutis.
2541 5413 2830 5485 Propterea
2873 5414 3088 5485 plurimi
3128 5433 3344 5488 quoque
3375 5421 3493 5474 imi-

241 5502 492 5554 πλεῖστοι
514 5502 698 5555 ἐκεῖνα
719 5501 791 5556 τὰ
825 5501 936 5555 τῶν
957 5503 1272 5556 ἀποστόλων
1303 5503 1616 5574 ζηλοῦντες,
1640 5509 1732 5561 καὶ
1751 5510 1803 5562 τε

1930 5518 2106 5563 tantes
2146 5506 2267 5572 illa,
2315 5519 2434 5576 qua:
2474 5505 2677 5561 fiebant
2714 5518 2954 5575 tempore
2992 5508 3393 5578 apostolorum,
3435 5520 3493 5564 et

241 5593 372 5646 ὄντα
407 5592 923 5664 διαπιπράσκοντες,
953 5595 1052 5657 τὰς
1081 5595 1250 5665 τιμὰς
1276 5596 1536 5665 φέροντες
1561 5599 1683 5662 ταῖς
1722 5600 1803 5654 αὖ·

1923 5598 2214 5654 vendentes
2236 5611 2296 5650 ca
2317 5610 2434 5665 qua:
2464 5595 2756 5661 habebant,
2783 5612 2970 5652 eorum
3004 5599 3229 5667 pretium
3258 5599 3494 5656 aﬂ‘eron-

238 5687 336 5740 τοῦ
368 5686 527 5755 χερσὶ
557 5684 902 5751 κασιετίθουν,
946 5685 1221 5752 ἀξιοῦντες
1255 5687 1346 5740 ὑπ’
1387 5687 1551 5742 αὐτοῦ
1582 5693 1692 5756 τοῖς
1730 5689 1803 5744 πέ

1929 5703 2008 5747 tes
2038 5692 2372 5761 deponcbant
2402 5690 2468 5745 in:-
2487 5691 2603 5761 ejus
2630 5691 2900 5760 manibus,
2933 5693 3174 5749 volentes
3203 5692 3256 5749 id
3283 5694 3354 5749 ab
3380 5697 3497 5764 Ipso

240 5793 366 5845 νησι
391 5773 804 5844 διανεμηθῆναι.
845 5770 1078 5830 Μεθ’ὦν
1111 5769 1192 5840 εἷς
1210 5793 1293 5840 τις
1323 5777 1658 5847 προσελθὼν,
1686 5781 1803 5834 ἐτττέ

1927 5782 2172 5836 distribui
2216 5781 2564 5851 pauperibus.
2616 5780 2752 5836 Cum
2800 5782 2995 5851 quibus
3045 5799 3184 5840 unus
3223 5785 3493 5857 quispiam

241 5868 418 5938 ἥμισυ
470 5864 656 5935 λίτρας
715 5865 810 5919 τοῦ
848 5866 1072 5938 χρυσίου
1116 5867 1433 5939 προσῆγεν,
1495 5870 1803 5925 ἐπιϐεϐαιῶε

1928 5875 2225 5943 accedens,
2258 5875 2376 5930 auri
2405 5881 2610 5946 septem
2655 5874 2820 5929 libras
2860 5888 2981 5929 cum
3019 5873 3238 5930 dimidia
3272 5876 3487 5939 obtulit.

529 5959 798 6020 PA'I‘RUL.
842 5961 962 6022 Gtt.
1003 5959 1210 6022 CXIV.

3102 5966 3183 6030 30
