3828 6466
388 424 497 491 939

1520 368 1527 381 ’
1622 417 1905 504 ΜΕΝΞΙΞ
1940 414 2405 480 JANUARIUS.

3526 413 3632 480 9i0

392 542 667 597 afﬁrmans
716 534 851 592 nihil
890 531 1120 604 amplius
1171 532 1287 588 auri
1329 532 1469 603 apud
1513 546 1573 588 se
1613 532 1960 588 remansisse.

2065 532 2217 586 οὐδὲν
2251 530 2402 601 αὐτῷ
2444 531 2523 593 είς
2576 526 2777 601 χρυσὸν
2810 528 2971 583 πλέον
3002 528 3403 599 ὑπολελεῖφθαι.
3431 528 3535 586 Δύο
3578 533 3634 587 δὲ

394 633 615 688 Petebat
658 642 838 685 autent
878 628 948 682 ab
986 644 1086 691 eo,
1130 636 1188 681 ut
1229 627 1361 682 duas
1403 627 1606 698 gratias
1649 628 1958 695 acciperet:

390 740 587 794 nempe
614 732 670 778 ut
692 732 746 776 et
772 731 1081 776 servaretur
1106 718 1324 787 quidem
1353 719 1471 788 ejus
1498 718 1641 774 ﬁlius
1671 718 1816 773 illius
1843 733 1964 788 pre-

281 856 288 862 .
390 819 583 881 cibus;
629 812 927 875 referretur
958 825 1087 866 vero
1110 813 1265 867 navis
1305 813 1509 880 absque
1547 810 1654 865 ullo
1697 808 1959 880 periculo,

391 926 511 981 quae
540 908 753 979 quidem
785 909 983 962 emissa
1016 907 1193 961 fuerat
1224 908 1277 960 in
1316 905 1578 959 Africam.
1610 903 1744 958 Cum
1782 910 1961 957 autem

390 1012 511 1072 post
537 1015 727 1071 preces
756 999 977 1070 triginta
1007 1001 1119 1053 dies
1146 997 1554 1069 praeteriissent,
1588 996 1815 1052 moritur
1838 993 1965 1066 qui-

390 1090 514 1144 dem
548 1088 689 1143 ﬁlius
715 1102 732 1142 :
763 1090 926 1143 tertio
958 1102 1085 1142 vero
1110 1089 1195 1143 die
1230 1096 1349 1157 post
1375 1087 1492 1155 ejus
1527 1097 1780 1153 mortem,
1812 1087 1963 1141 navis

391 1191 515 1246 qua
534 1177 739 1232 redibat
761 1191 826 1231 ex
848 1176 1051 1243 Africa,
1076 1192 1196 1231 cum
1223 1176 1413 1232 fuisset
1435 1191 1501 1232 ex
1526 1175 1755 1232 adverso
1777 1176 1959 1241 Phari,

392 1270 448 1324 in
473 1284 639 1339 grave
663 1269 853 1324 incidit
878 1268 1241 1339 naufragium,
1267 1270 1402 1324 adeo
1428 1278 1485 1325 ut
1511 1270 1819 1325 universum
1844 1270 1963 1339 qui-

391 1362 516 1417 dem
561 1376 700 1417 onus
749 1362 1005 1432 perierit,
1057 1362 1169 1417 sola
1216 1363 1329 1433 (15)
1378 1373 1556 1417 autem
1607 1364 1757 1417 navis
1804 1361 1963 1417 fuerit

392 1453 538 1508 salva
567 1468 687 1506 cum
715 1453 1049 1508 vectoribus.
1074 1452 1205 1507 Cum
1235 1461 1410 1505 autem
1438 1453 1587 1521 prius
1618 1452 1798 1506 audito
1826 1466 1965 1506 nun-

392 1546 469 1602 tio
494 1548 562 1601 de
589 1546 721 1613 tilio,
751 1547 931 1601 adhuc
959 1545 1173 1614 vigente
1203 1542 1367 1597 animi
1402 1544 1838 1613 perturbatione,
1873 1558 1964 1600 ac-

389 1639 555 1695 cessit
584 1639 653 1694 de
688 1652 827 1693 nave
856 1638 1095 1702 tristitia,
1126 1637 1177 1691 id
1210 1650 1334 1692 eum
1360 1635 1521 1707 plane
1545 1636 1747 1691 ub'ruit.

458 1814 546 1870 Ll.
583 1813 740 1881 Quod
782 1815 998 1883 quidem
1030 1824 1313 1885 postquam
1348 1815 1692 1883 cognovisset
1727 1816 1961 1886 patriar-

2066 623 2198 694 παρ’
2229 621 2395 677 αὐτοῦ
2425 623 2653 693 χάριτας
2677 622 2859 692 ᾐτεῖτο
2887 619 3072 674 λαϐεῖν
3090 636 3106 652 ο
3143 623 3382 693 σωθῆναι
3418 624 3519 693 μὲν
3546 623 3641 680 τὸν

2064 713 2231 768 αὑτοῦ
2273 714 2436 767 παῖδα
2474 715 2595 776 ταῖς
2624 710 2790 765 αὑτοῦ
2832 712 3041 782 εὐχαῖς,
3089 713 3529 783 ἀνακομισθῆναι
3579 714 3636 769 δὲ

2064 806 2160 860 καὶ
2187 804 2248 857 τὸ
2272 804 2455 856 πλοῖον
2501 802 2807 879 ἀκίνδυνον,
2837 801 2976 872 ὅπερ
3026 800 3215 871 ἔτυχεν
3244 803 3325 865 είς
3368 799 3637 873 Ἀφρικὴν

2064 895 2401 967 ὲκπεμφθέν.
2462 892 2615 949 Ἐπεὶ
2671 888 2765 947 οὖν
2822 892 2960 962 μετὰ
2990 891 3091 963 τὴν
3121 892 3290 963 εὐχὴν
3338 893 3636 959 τριάκοντα

2064 988 2343 1060 παρῆλθον
2369 987 2595 1056 ἡμέραι,
2623 983 2845 1055 θνήσκει
2878 983 2977 1050 μὲν
2995 982 3023 1034 ὁ
3048 981 3182 1047 υίὸς,
3199 982 3391 1053 τρίτην
3412 982 3471 1036 δὲ
3498 981 3637 1051 ὴμέ-

2068 1097 2166 1153 ραν
2203 1078 2340 1150 μετὰ
2367 1079 2457 1132 τὸν
2486 1076 2716 1129 θάνατον
2743 1073 2806 1128 τὸ
2833 1073 3018 1128 πλοῖον
3046 1073 3105 1139 ἐξ
3135 1074 3405 1144 Ἀφρικῆς
3432 1072 3637 1141 ἀναγό.

2067 1189 2246 1243 μενον,
2286 1166 2405 1225 εἶτα
2434 1168 2510 1239 τῷ
2531 1170 2694 1238 Φάρῳ
2720 1166 3044 1230 ἀπεναντίας
3076 1166 3367 1238 γενόμενον
3394 1164 3639 1235 ναυαγίῳ

2063 1265 2220 1335 δεινῷ
2245 1263 2589 1333 περιπίπτει,
2618 1261 2693 1324 ὡς
2723 1260 2904 1313 πάντα
2946 1259 3045 1330 μὲν
3072 1259 3164 1313 τὸν
3194 1259 3392 1329 φόρτον
3448 1258 3640 1311 ἀπολέ-

2066 1355 2213 1418 σθαι,
2246 1355 2404 1424 μόνον
2432 1354 2489 1407 δὲ
2513 1354 2610 1407 σὺν
2640 1351 2926 1414 ἐπιϐάταις
2956 1350 3016 1404 τὸ
3068 1350 3252 1403 πλοῖον
3278 1348 3633 1418 διασωθῆναι.

2073 1448 2165 1511 Ὠς
2215 1443 2347 1512 οὖν,
2386 1446 2486 1517 τῆς
2525 1444 2655 1517 περὶ
2701 1444 2796 1497 τοῦ
2844 1443 3036 1506 παιδὸς
3065 1441 3325 1511 ἀγγελίας
3372 1441 3639 1511 πρότερον

2063 1541 2449 1609 ἀκουσθείσης,
2478 1538 2575 1592 καὶ
2597 1536 2690 1593 τοῦ
2710 1536 2916 1600 πάθους
2936 1535 3016 1589 ἔτι
3038 1533 3391 1607 κρατοῦντος,
3420 1535 3482 1588 τὸ
3509 1531 3639 1602 περὶ

2063 1633 2157 1687 τοῦ
2188 1632 2375 1687 πλοίου
2410 1628 2733 1702 σκυθρωπὸν
2756 1627 2979 1699 ἐπῆλθε,
3012 1627 3195 1680 τέλεον
3217 1625 3379 1680 αὐτὸν
3406 1625 3669 1680 κατεόάοκ

2108 1742 2276 1780 τισεν.

2108 1742 2135 1779 τ
2198 1743 2220 1778 ε
2262 1765 2276 1780 .

2063 1743 2105 1779 π
2131 1742 2262 1872 ἕλιξ
2296 1816 2476 1888 Ὅπερ
2504 1816 2701 1886 γνόντα
2729 1814 2821 1869 τὸν
2849 1814 3213 1886 πατριάρχην,
3237 1812 3389 1868 οὐδὲν
3418 1811 3641 1865 ἔλαττον

388 1909 512 1974 cita,
543 1909 591 1962 id
615 1908 782 1962 nihilo
803 1907 1070 1963 minorem
1093 1909 1143 1964 ei
1168 1909 1347 1963 attulit
1366 1910 1530 1964 animi
1555 1909 1955 1982 a'gritudincm.

2064 1910 2269 1964 ἐκείνου
2304 1909 2536 1980 ἀθυμεῖν
2565 1908 2768 1962 ἐποίει·
2793 1908 3000 1961 δεῖσθαί
3027 1922 3084 1961 τε
3110 1904 3204 1960 τοῦ
3228 1904 3363 1959 Θεοῦ
3389 1905 3638 1975 ἀοράτως

391 2000 556 2055 Deum
594 2001 778 2070 itaque
815 2001 1051 2072 rogavit,
1083 2008 1143 2054 ut
1182 2000 1527 2055 invisibiliter
1565 2002 1682 2072 ejus
1721 2002 1957 2055 animam

386 2093 696 2161 attingeret,
723 2101 778 2147 et
806 2092 1111 2162 increparet
1140 2101 1512 2161 tempestatem
1547 2092 1711 2148 animi
1740 2093 1960 2163 aegritu-

388 2182 531 2236 dinis
565 2190 619 2236 et
650 2192 1040 2237 transmutat-et
1069 2182 1120 2236 in
1156 2182 1629 2251 tranquillitatem.
1669 2182 1724 2236 In
1753 2181 1960 2237 somnis

389 2274 575 2342 itaque
618 2282 775 2328 nocte
812 2274 1057 2341 sequenti
1094 2274 1168 2326 illi
1199 2285 1426 2343 apparet
1467 2273 1572 2340 vir,
1608 2272 1775 2343 ﬁgura
1807 2282 1862 2327 et
1894 2274 1959 2327 li—

389 2366 693 2421 neameutis
734 2365 930 2420 similis
973 2365 1336 2434 patriarchaa,
1376 2366 1425 2421 ei
1464 2365 1691 2425 dicens:
1733 2367 1842 2421 Cur
1887 2366 1959 2422 ita

387 2461 562 2515 victus
580 2474 639 2515 es
659 2475 687 2514 a
712 2459 929 2513 tristitia
949 2468 1249 2530 propterea
1268 2476 1386 2529 quae
1405 2462 1751 2517 acciderunt?
1774 2459 1962 2518 Nonne

388 2560 447 2607 tu
489 2567 576 2607 me
606 2551 828 2620 rogasti,
859 2560 919 2605 ut
957 2552 1075 2606 hac
1103 2552 1357 2617 precibus
1393 2568 1423 2606 a
1454 2551 1566 2607 Deo
1605 2556 1959 2623 postularem,

389 2658 584 2713 nempe
623 2655 683 2698 ut
719 2652 775 2699 et
799 2652 924 2698 tuus
958 2643 1138 2698 salvus
1173 2652 1320 2699 esset
1361 2644 1535 2699 ﬁlius?
1575 2645 1639 2700 Et
1679 2661 1805 2701 ecce
1845 2647 1962 2716 ejus

387 2738 563 2808 gratia
605 2745 689 2791 est
717 2736 927 2801 salvus,
957 2745 1015 2791 ut
1051 2737 1142 2805 qui
1186 2750 1215 2789 a
1245 2738 1369 2791 vita:
1407 2736 1565 2791 malis
1604 2737 1858 2793 dimissus
1888 2739 1960 2793 sit

389 2829 609 2884 illaesus.
657 2828 715 2883 Si
758 2829 899 2883 enim
950 2830 1172 2884 vixisset
1210 2828 1447 2899 longius,
1490 2844 1596 2885 non
1626 2828 1832 2895 bonus,
1868 2830 1961 2885 sed

388 2920 667 2992 improbus
698 2929 818 2976 erat
848 2934 1125 2988 evasurus,
1160 2931 1214 2977 et
1238 2922 1487 2992 indiguus
1517 2937 1582 2976 eo
1614 2924 1703 2991 qui
1736 2932 1961 2977 creave-

389 3025 495 3072 rat.
543 3017 693 3081 Quod
727 3016 792 3068 ad
836 3028 1024 3068 navem
1056 3023 1236 3068 autem
1287 3015 1511 3080 attinet,
1544 3013 1680 3068 nihil
1726 3014 1959 3081 dubites,

390 3109 530 3175 quod
564 3107 664 3160 nisi
706 3107 846 3161 Deus
879 3104 1067 3160 fuisset
1101 3115 1356 3160 exoratus
1386 3118 1417 3159 a
1459 3117 1640 3159 nostra
1670 3107 1960 3162 mediocri-

393 3208 536 3265 tate,
569 3207 689 3251 erat
725 3211 848 3251 cum
881 3196 1010 3265 ipsis
1050 3196 1184 3252 viris
1227 3196 1278 3250 in
1322 3194 1646 3267 profundum
1683 3199 1961 3254 transmit-

388 3261 572 3355 senda,
599 3300 647 3344 et
681 3301 876 3358 pra‘ter
901 3261 1043 3346 onus
1092 3261 1559 3360 fratrequuoque
1586 3302 1638 3346 et
1666 3290 1797 3347 alios
1827 3292 1962 3347 ami-
1988 3261 2033 3323 ο

385 3383 579 3441 lisscs.
624 3380 740 3437 Non
771 3392 984 3452 oportet
1015 3397 1143 3452 ergo
1185 3397 1306 3438 esse
1349 3385 1554 3438 tristem
1576 3423 1592 3449 ,
1624 3384 1717 3437 sed
1744 3392 1963 3454 propter

388 3472 493 3529 hoc
526 3475 702 3542 ipsum
741 3473 964 3530 ferenda
996 3484 1121 3529 sunt
1151 3477 1332 3545 potius
1363 3491 1483 3543 quae
1519 3475 1776 3530 accidunt
1807 3486 1962 3546 grato

387 3565 593 3622 animo.
627 3564 772 3620 Nihil
810 3566 957 3620 enim
1014 3580 1203 3621 eorum
1261 3583 1379 3635 quae
1410 3568 1570 3632 fiunt,
1618 3567 1677 3621 ﬁt
1713 3567 1830 3621 sine
1864 3567 1961 3622 Dei

383 3658 620 3729 judicio,
669 3661 878 3715 etiamsi
920 3663 1029 3715 sint
1072 3661 1226 3717 nobis
1274 3661 1454 3730 ignota
1498 3660 1661 3715 multa
1706 3674 1772 3715 ex
1819 3660 1963 3717 illius

382 3749 623 3818 iudiciis.
648 3750 937 3823 Postquam
971 3767 1098 3823 ergo
1124 3768 1245 3809 eum
1270 3753 1475 3809 dimisit
1511 3768 1756 3816 somnus,
1794 3753 1963 3808 sensit

348 3857 356 3866 ·
390 3857 487 3895 cor
533 3858 689 3896 suum
729 3847 863 3899 satis
906 3860 1155 3915 magnam
1198 3846 1471 3915 accepisse
1515 3845 1959 3900 consolationem.

392 3930 698 4003 Satimque
742 3935 1043 4003 profectus,
1089 3936 1319 4005 procidit
1348 3937 1413 3990 ad
1459 3935 1603 3989 beati
1643 3936 1744 3990 viri
1777 3938 1959 4006 pedes,

389 4037 617 4095 magnas
664 4026 713 4080 ei
754 4042 919 4094 agens
969 4029 1208 4097 gratias,
1251 4037 1306 4081 et
1341 4041 1504 4096 quam
1544 4027 1755 4082 viderat
1800 4039 1962 4083 noctu

390 4131 621 4172 narrans
662 4117 947 4174 visionem.
996 4117 1088 4172 llle
1131 4126 1313 4172 autem
1346 4116 1548 4182 suasit,
1595 4126 1656 4170 ut
1697 4132 1802 4172 non
1839 4118 1959 4188 ipsi,

389 4208 485 4263 sed
519 4207 651 4272 Deo,
682 4208 772 4279 qui
802 4209 985 4264 omnia
1016 4209 1293 4279 dispensat
1322 4207 1388 4263 ad
1421 4205 1731 4276 utilitatem,
1765 4222 1959 4279 accep-

387 4305 497 4352 tam
533 4298 670 4353 ferat
693 4300 947 4370 gratiam.

458 4389 567 4446 Lll.
598 4394 703 4446 Sed
735 4391 1187 4462 quemadmodum
1209 4383 1323 4445 non
1341 4404 1437 4446 eos
1462 4389 1657 4455 solum,
1690 4392 1781 4461 qui
1804 4391 1961 4448 Chri-

385 4494 471 4539 sto
500 4484 822 4549 offerebant,
843 4494 918 4546 et,
953 4494 1013 4539 ut
1043 4484 1171 4539 dicit
1200 4483 1414 4538 divinus
1440 4484 1747 4553 Apostolus,
1778 4486 1830 4540 in
1866 4486 1962 4541 be-

2063 2000 2374 2071 έφάψασθαι
2399 1992 2499 2071 τῆς
2525 1998 2691 2053 αὐτοῦ
2720 1997 2919 2069 ψυχῆς,
2956 1996 3282 2066 ἔπι-τιμῆσαί
3300 2010 3361 2048 τε
3400 1995 3468 2064 τῇ
3501 1992 3642 2063 ζάλῃ

2061 2094 2159 2165 τῆς
2185 2092 2426 2164 ἀθυμίας
2456 2092 2549 2145 καὶ
2577 2092 2658 2155 είς
2682 2090 2924 2161 γαλήνην
2949 2087 3299 2158 μεταϐαλεῖν.
3327 2087 3501 2155 Ὄναρ
3530 2086 3643 2138 τοξ-

2062 2202 2159 2239 νυν
2185 2186 2263 2246 είς
2292 2182 2390 2255 τὴν
2423 2182 2879 2234 ὲπιοῦσαν’νύκτα
2917 2179 3204 2249 ἐφίσταται
3255 2177 3333 2248 τῷ
3363 2174 3639 2247 ἀνθρώπῳ

2061 2276 2221 2348 ἀνὴρ,
2260 2274 2338 2346 τῷ
2364 2272 2458 2328 τοῦ
2482 2273 2822 2345 πατριάρχου
2854 2270 3043 2335 ἐοικὼς
3083 2270 3341 2341 σχήματι,
3378 2269 3444 2321 Τί
3469 2266 3639 2333 οὕτω,

2065 2369 2199 2440 πρὸς
2222 2366 2386 2421 αὐτὸν
2420 2366 2618 2436 λέγων,
2647 2368 2747 2436 τῆς
2780 2364 2873 2417 ἐπὶ
2926 2366 3042 2427 τοῖς
3081 2361 3493 2434 συμόεσηκόσιν
3537 2362 3641 2431 ἥτ-

2060 2478 2224 2532 τησαι
2274 2459 2488 2531 λύπης;
2541 2456 2664 2529 οὐχὶ
2703 2456 2767 2510 σύ
2823 2473 2889 2529 με
2919 2456 3157 2525 ἠξίωσας
3206 2455 3390 2524 δέησιν
3432 2453 3642 2523 ταύτην

2063 2552 2323 2625 δεηθῆναι
2353 2551 2487 2604 Θεοῦ
2532 2547 2774 2619 σωθῆναί
2815 2564 2908 2601 σου
2939 2550 3032 2601 τὸν
3078 2549 3221 2612 υίόν;
3251 2549 3346 2601 καὶ
3378 2545 3490 2599 ἰδοὺ
3540 2546 3640 2616 χά-

2064 2663 2174 2718 ριτι
2201 2647 2265 2715 τῇ
2298 2643 2464 2698 αὑτοῦ
2492 2642 2760 2696 σέσωσται
2781 2641 2888 2694 τῶν
2912 2639 3005 2693 τοῦ
3035 2638 3151 2710 βίου
3178 2639 3365 2692 κακῶν
3384 2638 3644 2708 ἀπήμαν-

2062 2752 2153 2802 τος
2189 2737 2431 2804 ἀφεθείς.
2486 2735 2547 2788 ΕΞ
2585 2735 2696 2805 γὰρ
2729 2733 3077 2804 μακροτέρας
3106 2731 3261 2803 ἔτυχε
3315 2729 3417 2801 τῆς
3466 2730 3641 2801 ζωῆς,

2063 2831 2163 2886 οὐκ
2197 2829 2421 2898 ἀγαθὸς,
2483 2827 2617 2883 ἀλλά
2666 2825 2941 2897 μοχθηρὶς
2981 2824 3209 2896 ἔμελλεν
3258 2822 3637 2895 ἁποὸήσεσθαι

2064 2924 2159 2978 καὶ
2186 2921 2282 2975 τοῦ
2304 2921 2672 2991 πεποιηκότος
2704 2919 2924 2983 ἀνάξιος
2950 2932 2963 2947 ·
2999 2919 3160 2989 χάριν
3201 2921 3256 2972 δὲ
3302 2916 3398 2971 τοῦ
3450 2917 3636 2969 πλοίου

2068 3014 2235 3086 μηδὲν
2266 3014 2355 3067 ἔσο
2375 3012 2694 3078 ὲπιδοιάξων
2720 3028 2734 3042 ·
2765 3010 2840 3075 ὠς
2872 3012 2920 3064 εί
2958 3010 3033 3082 μὴ
3063 3010 3194 3074 Θεὸς
3217 3010 3321 3063 ὑπὸ
3356 3009 3453 3082 τῇς
3480 3009 3639 3081 ἡμῶν

2065 3103 2482 3176 παρικέκληται
2534 3102 2909 3173 μετριότητος,
2964 3099 3262 3171 αὔτανδρον
3315 3100 3508 3172 ἔμελλε
3561 3100 3640 3171 τῷ

2065 3198 2256 3270 Κυρίῳ
2281 3197 2400 3268 Θεῷ
2430 3194 3028 3266 παραπεμφθήσεσθαι,
3060 3194 3321 3266 καὶπρὸς
3352 3193 3430 3264 τῷ
3456 3194 3639 3266 φόρτῳ

2065 3291 2162 3345 καὶ
2211 3291 2301 3343 τὸν
2347 3288 2574 3357 ἀδελφδν
2634 3287 2730 3341 καὶ
2786 3287 2915 3349 τοὺς
2964 3286 3156 3350 ἄλλους
3208 3285 3500 3349 ἀπώλεσας
3552 3286 3638 3340 ἄν.

2064 3380 2275 3435 Οὔκουν
2302 3379 2532 3449 ἀθυμεῖν
2589 3378 2729 3440 δέον,
2775 3376 2911 3432 άλλά
2951 3375 3020 3429 δι’
3073 3375 3205 3430 αὐτὸ
3238 3374 3399 3429 τοῦτο
3437 3364 3640 3445 μᾶλλον

2064 3470 2402 3542 εὐχαρίστως
2440 3468 2507 3522 τά
2561 3467 2975 3540 προσπίπτοντα
3031 3466 3425 3538 ὑπομενητέον.
3471 3465 3638 3520 Οὐδὲν

2063 3564 2174 3637 γάρ
2199 3565 2305 3619 τῶν
2343 3564 2641 3634 γινομένων
2690 3563 2841 3634 παρά
2870 3562 3004 3616 Θεοῦ
3056 3561 3303 3634 ἄκριτον,
3364 3561 3471 3615 κᾶν
3507 3563 3639 3630 ἡμῖν

2065 3656 2319 3727 ἄγνωστα
2366 3655 2435 3711 τά
2489 3654 2658 3709 πολλὰ
2709 3655 2820 3709 τῶν
2862 3655 3076 3710 ἐκείνου
3134 3655 3443 3727 χριμάτων.
3489 3655 3642 3708 Ἐπεὶ

2063 3749 2157 3803 οὖν
2185 3749 2279 3803 καὶ
2304 3750 2331 3803 ὁ
2360 3749 2527 3811 ὕπνος
2558 3747 2729 3819 ἀνῆκε
2766 3748 2858 3802 τὸν
2888 3748 3079 3820 ἄνδρα,
3113 3748 3311 3819 ᾔσθετο
3340 3748 3442 3819 τῆς
3473 3747 3639 3801 αὐτοῦ

2064 3841 2293 3915 καρδίας
2321 3841 2525 3905 ἱκανῶς
2551 3841 2876 3912 παρακεκλη
2888 3839 3071 3912 μένης,
3106 3841 3204 3894 καὶ
3225 3840 3514 3912 πορευθεὶς
3542 3841 3639 3895 αὐ-

2064 3934 2191 3988 τίκα
2218 3935 2328 3997 τοῖς
2360 3933 2487 3986 ποσὶ
2510 3934 2845 4004 προσπίπτει
2878 3930 2972 3986 τοῦ
3016 3932 3313 4006 μακαρίου,
3343 3933 3546 3996 πολλάς
3580 3947 3642 3987 τι

2064 4025 2213 4097 αὐτῷ
2261 4026 2648 4098 καθομολογῶν
2692 4027 2792 4089 τὰς
2842 4026 3094 4097 χάριτας,
3142 4028 3237 4080 καὶ
3286 4029 3390 4097 τὴν
3418 4025 3544 4096 litim)
3570 4025 3640 4098 ἣν

2064 4116 2278 4189 ἑώρακε
2333 4116 2432 4187 τῆς
2472 4116 2665 4179 νυκτὸς
2714 4115 3095 4186 διηγούμενος.
3165 4113 3223 4169 ’0
3270 4113 3327 4169 δὲ
3360 4117 3463 4169 οὐκ
3490 4113 3639 4184 αὐτῷ

2068 4209 2287 4280 μᾶλλον,
2328 4207 2462 4261 ἀλλά
2482 4207 2558 4278 τῷ
2594 4206 2713 4280 Θεῷ
2747 4209 2921 4262 πάντα
2946 4207 3020 4270 ὡς
3053 4208 3149 4261 ἐπὶ
3179 4207 3459 4279 συμφέρον
3490 4210 3639 4262 οἰκο-

2063 4301 2315 4373 νομοῦντι
2347 4300 2658 4371 λογίζεσθαι
2682 4300 2915 4372 παρῄνει
2947 4301 3044 4371 τὴν
3075 4302 3234 4372 χάριν

2132 4393 2261 4451 ΝΒ’.
2303 4393 2444 4448 Ἀλλ’
2474 4396 2623 4457 ὅπως
2641 4394 2701 4447 οὑ
2731 4397 2854 4456 τοὺς
2885 4393 3375 4464 καρποφοροῦντας
3413 4393 3640 4465 Χριστῷ

2067 4487 2249 4558 μόνον,
2278 4486 2396 4551 καὶ,
2422 4485 2498 4549 ὣς
2531 4503 2697 4556 φησιν
2729 4473 2774 4540 ’ὁ
2818 4485 2956 4550 θεῖος
2993 4485 3341 4552 ’Δπόστολο;,
3373 4487 3463 4539 ἐπ’
3489 4486 3641 4538 εὐλο-

383 4577 694 4633 ncdictione
746 4575 1123 4641 seminabant,
1190 4575 1282 4630 ille
1335 4574 1715 4630 benedictione
1767 4576 1958 4647 dignos

2064 4580 2188 4646 γίας
2240 4578 2600 4649 σπείροντας,
2661 4577 2911 4647 εὐλογίας
2983 4579 3191 4641 ἐκεῖνος
3243 4578 3336 4631 xa‘t
3367 4580 3638 4648 ἀποδοχῆς

385 4669 541 4723 duxit
579 4680 633 4722 et
674 4669 1059 4737 accipiendos;
1095 4667 1191 4721 sed
1224 4681 1318 4722 eos
1348 4668 1545 4733 etiam,
1579 4669 1669 4738 qui
1698 4670 1753 4722 in
1781 4669 1958 4738 ipsum

383 4767 542 4812 erant
574 4760 721 4828 parci
751 4771 806 4814 et
834 4759 1147 4824 illiberales,
1179 4760 1429 4829 prudenti
1455 4760 1668 4814 ratione
1696 4761 1961 4815 studuerit

382 4848 640 4902 inducere
671 4850 737 4901 ad
767 4847 1194 4918 cleemosyuam,
1224 4847 1504 4902 declarant
1541 4847 1759 4917 quidem
1795 4850 1959 4902 etiam

386 4941 552 4995 multa
589 4942 735 5015 alia;
778 4940 1075 4996 declarabit
1113 4949 1294 4995 autem
1337 4940 1538 5006 etiam,
1584 4943 1727 5011 quod
1757 4939 1961 4995 factum

383 5039 465 5087 est
507 5032 560 5086 in
594 5032 834 5087 Troilum
871 5033 1209 5103 episcopum.
1237 5032 1373 5087 Eum
1410 5034 1580 5099 enim,
1633 5048 1757 5089 cum
1812 5041 1961 5090 esset

382 5122 733 5185 avarissimus
779 5130 835 5177 et
876 5122 1269 5193 parcissimus,
1319 5125 1509 5178 statuit
1558 5125 1842 5180 traducere
1892 5125 1958 5181 ad

382 5226 622 5266 amorem
644 5214 999 5285 eleemosyna:
1028 5216 1128 5269 hoc
1151 5216 1329 5270 modo.
1376 5214 1434 5268 In
1459 5217 1956 5286 ptocbotrophium,

381 5304 527 5374 quod
556 5306 668 5375 ipse
698 5317 1100 5373 construxerat,
1134 5315 1192 5362 ut
1220 5307 1447 5375 solebat,
1475 5310 1695 5375 vadens,
1724 5311 1960 5365 assumit

381 5398 544 5453 etiam
594 5397 856 5455 Troilum.
908 5401 1077 5473 Cujus
1130 5403 1385 5457 comitem
1437 5417 1557 5457 cum
1618 5403 1961 5472 cognovisset

382 5488 586 5546 habere
618 5490 672 5545 in
706 5492 829 5546 sinu
858 5494 1071 5565 triginta
1102 5494 1269 5550 libras
1309 5494 1457 5562 auri;
1496 5493 1653 5561 Sunt,
1690 5494 1888 5564 inquit,
1925 5508 1957 5548 a

386 5593 439 5639 te
485 5584 646 5640 hodie
695 5588 954 5655 curandi,
1006 5590 1354 5647 sanctissime
1408 5588 1615 5656 Troile_
1684 5590 1853 5645 nostri
1904 5589 1957 5642 in

382 5676 601 5733 Christo
646 5675 862 5738 fratres.
910 5679 1005 5738 ille
1056 5693 1238 5739 autem
1284 5686 1541 5753 tanquam
1595 5697 1660 5738 eo
1705 5695 1958 5737 sermone

2061 4674 2243 4743 ἠξίου,
2279 4672 2416 4727 ἀλλά
2465 4672 2708 4736 καὶτοὺς
2754 4672 3109 4749 μικρολόγους
3149 4672 3258 4743 γὰρ
3309 4672 3450 4744 πρὸς
3479 4672 3639 4725 τοῦτο

2059 4764 2158 4818 καὶ
2186 4762 2479 4833 φειδωλοὺς
2508 4763 2752 4834 μεθόδοις
2778 4766 3025 4825 ωνεταίς
3047 4762 3311 4816 ἔσπευδεν
3334 4762 3637 4828 ἐπάγεσθαι

2058 4855 2195 4927 πρὸς
2258 4856 2655 4926 ἐλεημοσύνην,
2704 4855 2924 4923 δηλοῦσι
2957 4856 3057 4924 μὲν
3100 4856 3196 4908 καὶ
3246 4854 3387 4909 ἄλλα
3441 4853 3632 4917 πολλὰ,

2059 4948 2211 5019 δηλοῖ
2234 4948 2290 5000 δὲ
2318 4949 2411 5001 καὶ
2433 4947 2492 5000 τὸ
2527 4950 2620 5000 ἐπὶ
2643 4945 2720 5017 τῷ
2748 4947 2973 5017 Τρωίλῳ
2998 4945 3074 5017 τῷ
3096 4947 3381 5015 ὲπιτκόπῳ
3402 4945 3633 5016 γενόμεο

2060 5056 2170 5094 νον.
2196 5039 2398 5093 Τοῦτον
2429 5039 2538 5112 γὰρ
2567 5040 2904 5110 φιλάργυρον
2953 5040 3082 5093 ὄντα
3121 5039 3217 5094 καὶ
3245 5039 3634 5109 φειδωλότατον

2059 5134 2142 5196 είς
2174 5130 2541 5203 ἐλεημοσύνης
2562 5131 2741 5202 ἔρωτα
2765 5131 3074 5201 μεταθεῖναι
3105 5131 3431 5200 διεσκέψατο
3451 5130 3635 5202 τρόπῳ

2059 5223 2277 5294 τοιῷδεο,
2296 5225 2389 5287 Είς
2421 5223 2482 5275 τὸ
2513 5224 2947 5294 πτωχοτροφεῖον
2976 5222 3117 5293 ὅπερ
3139 5221 3301 5285 αὐτὸς
3335 5220 3405 5294 ἦν
3432 5222 3632 5277 οἰκοδο-

2064 5317 2400 5387 μησάμενος,
2445 5314 2587 5368 κατά
2636 5316 2696 5367 τὸ
2730 5314 2963 5384 σύνηθες
3011 5315 3212 5380 ἀπιὼν,
3252 5316 3348 5369 καὶ
3393 5314 3645 5384 Τρώἶλον-

2061 5406 2505 5478 παραλαμϐάνει,
2538 5400 2599 5463 οὗ
2622 5409 2710 5463 τὸν
2736 5408 3032 5463 ἀκόλουθον
3055 5408 3130 5472 ὡς
3158 5407 3322 5476 ἔγνω,
3341 5411 3629 5479 τριάκοντα

2059 5498 2154 5553 τοῦ
2184 5497 2410 5570 χρυσίου
2449 5498 2638 5569 λίτρας
2695 5500 3207 5569 ὲγκεκολπωμένον,
3259 5500 3630 5573 Θεραπευτέον

2063 5608 2123 5645 σε
2159 5594 2421 5663 σήμερον,
2453 5592 2679 5663 ἔφησεν,
2711 5592 2970 5665 ἱερώτατε
3001 5592 3231 5662 Τρὼἶλε,
3254 5594 3383 5658 τοὺς
3412 5596 3470 5646 ὲν
3499 5594 3631 5662 Χρι-

2062 5682 2172 5752 στῷ
2213 5682 2373 5752 ἡμῶν
2406 5681 2691 5752 ἀδελφούς.
2743 5683 2801 5735 ⁸0
2847 5682 2904 5735 δὲ
2931 5680 3120 5753 ὥσπερ
3172 5681 3265 5737 τὸν
3319 5682 3478 5752 λόγον
3513 5682 3626 5736 δια-

453 5834 566 5908 tlii}
604 5836 671 5892 At
693 5837 951 5899 Leontius
980 5841 1119 5898 hanc
1149 5855 1365 5914 quoque
1394 5839 1469 5894 ait
1504 5839 1753 5907 perllsse,
1789 5835 1949 5891 unica
1988 5835 2186 5906 scapha
2219 5836 2389 5891 salva.
