3828 6536
186 524 285 589 9:1
1142 525 1314 587 YITA
1359 526 1419 585 s.
1465 522 1787 589 JOANNIS
1826 510 2465 605 ELEEMOSYNARII.
3318 527 3421 591 952

181 638 414 710 τραπεὶς
436 676 452 700 ,
487 635 581 690 καὶ
623 634 699 707 μὴ
730 636 1009 707 γλίσχρος,
1041 634 1155 687 ἀλλ’
1178 634 1579 706 ἀπλοῖκὼτερος
1618 636 1757 701 μᾶλ-

1879 635 2067 690 )udore
2111 644 2324 702 motus,
2367 646 2421 691 et
2461 634 2643 691 volens
2686 649 2790 690 non
2827 635 3123 692 existimari
3172 646 3326 692 tenax
3368 648 3425 692 et

182 730 273 785 λον
292 728 620 798 ὑπειλῆφθαι
644 726 986 798 βουλόμενος,
1001 726 1284 794 ἐπιτρέπει
1303 725 1378 795 τῷ
1406 726 1473 778 τὰ
1495 727 1755 797 χρήματα

1879 728 2127 793 sordidus,
2164 724 2270 782 sed
2318 727 2495 793 potius
2536 727 2759 798 simplex
2799 737 2854 784 et
2893 728 3160 795 liberalis,
3185 728 3337 799 jubet
3372 731 3422 786 ei

184 818 623 889 πεπιστευμένῳ,
661 818 877 889 ἑκάστῳ
904 816 1015 872 τῶν
1052 817 1231 871 ἐκεῖσε
1263 818 1514 890 πενήτων
1541 819 1644 872 ἀνὰ
1670 819 1756 871 νό-

1879 819 1945 874 :ui
1969 819 2189 873 creditas
2220 817 2436 874 fuerant
2467 822 2729 890 pecuniae,
2762 821 3056 893 Unicuique
3083 838 3296 890 eorum,
3331 824 3422 894 qui

188 928 367 982 μισμα
393 912 717 981 παρασχεῖν.

1881 910 1968 965 llic
2000 920 2175 974 erant,
2199 925 2518 981 pauperum,
2554 912 2796 979 praebere
2822 928 2983 967 unum
3015 928 3315 968 nummum.

256 1003 384 1057 NI”.
425 1002 513 1067 Ὦς
542 1002 599 1054 δὲ
647 1003 758 1056 πᾶν
791 1001 892 1072 ἤδη
925 1001 1170 1056 ἀνάλωτο
1214 1000 1276 1055 τὸ
1310 1002 1550 1073 χρυσίον,
1597 1001 1691 1056 καὶ
1721 1005 1752 1072 ἡ

1938 1000 2073 1057 LIII.
2114 1000 2249 1056 Cum
2292 1015 2425 1056 vero
2466 1009 2635 1055 totum
2684 1017 2873 1058 aurum
2903 1002 3013 1071 jam
3059 1004 3251 1062 fuisset
3296 1020 3419 1060 eon-

185 1095 512 1158 ἐπείσακτος
538 1095 722 1164 ἐκείνη
757 1094 851 1149 καὶ
910 1094 985 1165 μὴ
1017 1096 1157 1149 κατὰ
1192 1095 1253 1149 τὸ
1284 1094 1587 1149 ἐνδιάθετον
1622 1095 1757 1166 πρδς

1879 1100 2151 1163 ιυηιριιιηι,
2205 1102 2257 1146 et
2304 1094 2630 1148 adventitius
2666 1093 2755 1149 ille
2794 1104 2849 1149 et
2892 1110 2996 1150 non
3033 1110 3099 1150 ex
3145 1095 3427 1152 aﬂ‘eetioue

186 1184 559 1254 ἐλεημοσύνην
590 1185 882 1256 θερμότης,
936 1184 1249 1255 ὑπόψυχρος
1291 1185 1570 1254 ἐγεγόνειο
1610 1186 1755 1257 λύπη

1879 1184 2026 1237 mlor
2065 1184 2133 1239 ad
2166 1184 2563 1255 eleemosynam
2608 1183 2799 1240 fuisset
2841 1185 3214 1256 refrigeratus,
3247 1188 3428 1258 gravis

187 1274 383 1345 βαρεῖα
412 1275 502 1328 καὶ
523 1274 670 1345 δεινὴ
696 1274 1026 1344 μεταμέλεια
1064 1275 1156 1328 τὸν
1175 1276 1429 1329 ἀκούσιον
1454 1275 1760 1345 ἐλάμϐανεν

1879 1274 2014 1329 lolor
2050 1283 2105 1330 et
2157 1291 2346 1346 magna
2396 1276 2712 1353 paenitentia
2753 1277 2973 1332 incessit
3006 1277 3427 1335 involuntarium

185 1368 505 1439 εὐεργέτην.
560 1366 754 1420 Οῖκαδε
804 1367 1061 1432 ἐπανιὼν,
1114 1367 1281 1439 φρίκῃ
1328 1368 1624 1438 παραλόγῳ
1667 1368 1760 1421 καὶ

188 1434 413 1528 πυρετῷ
434 1434 755 1524 συλληφθεὶς
785 1455 1106 1527 κλινοπετὴς
1245 1434 1382 1529 ’Ἤδη
1407 1434 1463 1511 δὲ
1492 1434 1762 1526 τῆς-κατά

186 1547 247 1599 τὸ
271 1547 494 1615 ἄριστον
525 1545 675 1617 ὥρας
727 1547 1159 1619 καταλαϐούσης,
1212 1549 1398 1603 ἐκάλει
1426 1549 1612 1604 τοῦτον
1641 1568 1764 1604 συν-

188 1638 648 1708 εστιαθησὸμενον
677 1639 826 1710 αὐτῷ
859 1639 1082 1709 πέμψας
1100 1642 1507 1712 όπατριάρχης.
1527 1642 1680 1694 Ἐπεὶ
1706 1643 1763 1697 δὲ

193 1730 518 1799 μεμάθηκεν
546 1730 691 1792 ὅπως
713 1729 847 1801 ἔχοι,
884 1732 976 1784 καὶ
1005 1731 1102 1802 τὴν
1137 1732 1317 1785 αἰτίαν
1338 1733 1437 1785 οὑκ
1466 1732 1767 1802 ἡγνόειτῆς

189 1821 372 1887 νόσου,
406 1822 505 1891 οὐχ
561 1822 818 1891 ὑπέμεινε
879 1824 1067 1878 τοῦτον
1129 1825 1227 1896 μὲν
1289 1826 1536 1895 παριδεῖν
1591 1825 1766 1891 οὕτως

188 1912 446 1967 ἀνιᾶσθαι
472 1913 563 1966 καὶ
596 1914 849 1985 πάσχειν,
876 1915 1037 1978 αὐτὸς
1069 1915 1126 1968 δὲ
1154 1918 1434 1971 κοινωνεῖν
1458 1917 1761 1987 τραπέζης.

204 2002 345 2059 Ἀλλ’
372 2005 531 2067 εὐθὺς
558 2006 796 2069 ἀναστὰς
829 2006 904 2069 ὡς
933 2007 1094 2062 αὑτὸν
1120 2009 1428 2077 ἀφικνεῖται
1464 2010 1558 2063 καί
1598 2027 1763 2079 φησιν

193 2096 522 2165 ὑπομειδιῶν
546 2113 561 2127 ·
590 2096 681 2168 Μὴ
728 2099 839 2151 οίου
878 2115 968 2168 με,
998 2099 1396 2170 συλλειτουργὲ,
1446 2101 1582 2169 πρὸς
1632 2101 1765 2173 ἁλή-

193 2188 344 2240 θειαν
397 2189 673 2259 εἰρηκέναι
728 2206 811 2241 σοι
845 2190 1174 2244 καταϐαλεῖν
1220 2190 1432 2245 οἴκοθεν
1462 2194 1573 2254 τοῖς
1624 2194 1766 2249 κατὰ

191 2276 325 2330 Θεὸν
350 2277 596 2345 ἀδελφοῖς
618 2295 632 2308 ⁸
671 2278 805 2332 ἀλλά
834 2279 911 2351 τῷ
969 2282 1042 2350 μὴ
1098 2280 1192 2334 ἐπὶ
1246 2283 1434 2351 χεῖρας
1465 2281 1610 2352 ἔχειν
1642 2283 1766 2337 τότε

192 2369 417 2440 χρυσίον
451 2370 542 2422 τὸν
568 2371 861 2425 ἀκόλουθον
911 2371 1000 2425 τὸν
1053 2372 1184 2442 ἐμὸν
1231 2375 1312 2437 είς
1355 2373 1565 2428 δάνειον
1616 2375 1768 2445 παρά

193 2456 287 2512 σοῦ
310 2459 501 2512 ἔλαϐον
525 2475 538 2489 ·
572 2459 669 2513 νῦν
724 2461 779 2514 δὲ
815 2461 1070 2531 πάρειμι,
1126 2464 1282 2532 φησὶ,
1317 2462 1417 2527 τὰς
1473 2465 1768 2533 τριάκοντα

191 2550 384 2623 λίτρας
416 2553 831 2624 ἐπιφερόμενος,
872 2554 1051 2628 ἇσπερ
1081 2557 1144 2628 δὴ
1174 2558 1267 2611 καὶ
1291 2557 1434 2623 σώας
1467 2559 1769 2630 ἀποδίδωμί

192 2659 289 2696 σου
320 2647 388 2715 τῇ
409 2647 603 2715 ἀρετῇ.
639 2645 730 2710 Ὠς
767 2643 860 2701 οὖν
890 2645 996 2701 εἶδε
1031 2650 1189 2719 μόνον
1222 2650 1282 2702 τὸ
1310 2651 1534 2721 χρυσίον
1565 2654 1624 2704 ὲν
1649 2653 1771 2715 ταῖς

193 2738 287 2792 τοῦ
356 2743 695 2811 πατριάρχου
750 2744 931 2813 χερσὶ,
993 2744 1256 2816 κρείττων
1310 2747 1409 2815 μὲν
1450 2746 1634 2817 ῥίγους
1676 2742 1768 2810 ἦν,

194 2830 464 2899 κρείττων
484 2831 542 2884 δὲ
564 2832 671 2884 τῶν
699 2833 762 2885 ἐκ
790 2831 884 2886 τοῦ
911 2832 1148 2903 πυρετοῦ
1168 2836 1377 2903 κακῶν,
1400 2837 1435 2905 ἦ
1460 2853 1519 2888 τε
1545 2835 1774 2908 δύναμις

194 2922 489 2992 ἐπανήκει,
519 2922 617 2976 καὶ
666 2924 765 2993 τὴν
806 2924 928 2993 δψιν
974 2926 1147 2995 ἐφάνη
1197 2926 1337 2995 ἔχων
1375 2926 1645 2982 ἀνθοῦσαν
1679 2928 1772 2984 καὶ

196 3012 469 3085 θαλερὰν
501 3014 576 3078 ὡς
633 3015 883 3072 ἐντεῦθεν
935 3016 1093 3090 δῇλον
1141 3018 1396 3087 γενέσθαι
1447 3019 1688 3089 δηλονότι
1742 3019 1772 3073 6

197 3107 419 3170 πάντως
439 3107 700 3162 ἀποδοθέν
722 3110 821 3174 τὴν
869 3110 1025 3165 νόσον
1047 3112 1194 3179 ἔλυε,
1221 3110 1381 3166 τοῦτο
1407 3109 1472 3184 δὴ
1504 3111 1596 3167 καὶ
1624 3109 1773 3184 πρῶ-

193 3214 289 3251 τον
318 3199 633 3269 ἀφαιρεθὲν,
673 3199 748 3271 μὴ
777 3198 941 3256 οὖσαν
965 3203 1174 3257 ἐκάλει.

1790 1974 1841 2033 Β

1861 1366 2282 1422 benefactorem.
2335 1367 2561 1423 Domum
2611 1367 2796 1437 itaque
2840 1382 3109 1434 reversus,
3153 1368 3432 1438 inOpinato

1863 1457 2091 1513 horrore
2134 1468 2189 1512 et
2218 1458 2367 1514 febre
2417 1468 2718 1528 correptus,
2769 1460 3126 1516 decumbebat
3167 1459 3223 1514 in
3270 1460 3432 1515 lecto.

1862 1547 1995 1603 Cum
2024 1556 2171 1605 esset
2200 1559 2378 1605 autem
2415 1549 2527 1621 jam
2562 1550 2690 1606 hora
2723 1552 2956 1621 prandii,
2988 1566 3109 1605 eum
3142 1552 3209 1607 ad
3245 1551 3435 1607 convi-

1863 1638 2008 1693 vium
2042 1640 2231 1693 invitat
2263 1641 2592 1709 patriarcha.
2628 1641 2728 1708 Qui
2760 1656 2881 1695 cum
2911 1641 3214 1711 accepisset
3247 1657 3437 1712 quem-

1866 1729 2152 1785 admodum
2185 1745 2245 1787 se
2272 1730 2532 1799 haberet,
2576 1742 2633 1787 et
2663 1748 2881 1788 causam
2917 1733 3094 1788 morbi
3132 1748 3240 1788 non
3270 1735 3430 1804 igno-

1869 1828 2037 1884 raret,
2089 1837 2195 1876 non
2250 1823 2507 1878 sustinuit
2562 1838 2687 1879 eum
2744 1824 2959 1893 quidem
3017 1825 3302 1896 despicere
3354 1825 3435 1880 sic

1867 1911 2053 1965 vexari
2103 1920 2158 1967 et
2204 1913 2335 1983 pati,
2394 1928 2454 1969 se
2506 1922 2684 1970 autem
2732 1915 2872 1970 inire
2919 1917 3225 1971 convivium
3278 1933 3293 1972 :
3342 1916 3436 1970 sed

1868 2003 2051 2057 statim
2086 2019 2336 2074 surgens,
2360 2006 2427 2061 ad
2461 2007 2636 2076 ipsum
2672 2009 2837 2074 venit,
2863 2017 2916 2063 et
2941 2008 3073 2063 dicit
3102 2007 3384 2064 subridens
3417 2026 3432 2063 :

1866 2091 1948 2147 Ne
1981 2103 2157 2163 putes,
2203 2110 2237 2149 o
2267 2097 2658 2163 comminister,
2697 2113 2782 2153 me
2822 2098 2918 2153 tibi
2949 2114 3076 2155 vere
3124 2099 3347 2167 dixisse,
3381 2108 3441 2155 ut

1867 2200 1900 2240 e
1933 2185 2095 2240 domo
2142 2195 2229 2241 tua
2277 2188 2554 2260 largireris
2588 2188 2847 2246 fratribus
2891 2191 3190 2247 secundum
3225 2190 3391 2247 Deum
3421 2206 3438 2247 :

1871 2277 1963 2333 sed
1988 2278 2244 2349 quoniam
2290 2287 2421 2335 tunc
2458 2295 2648 2336 aurum
2693 2297 2802 2338 non
2836 2282 3069 2339 habebat
3114 2285 3181 2339 ad
3221 2300 3441 2338 manum

1871 2383 2052 2425 comes
2086 2386 2238 2437 meus
2259 2411 2274 2438 ,
2304 2374 2486 2444 accepi
2514 2388 2543 2427 a
2573 2381 2626 2429 te
2650 2384 2856 2429 mutuo.
2894 2374 3044 2432 Nunc
3072 2391 3200 2432 vero
3226 2378 3440 2442 adsum,

1872 2462 2117 2533 triginta,
2154 2464 2344 2534 inquit,
2394 2465 2563 2522 libras
2599 2466 2667 2522 ad
2709 2475 2762 2521 te
2793 2465 3055 2534 atii-rens,
3098 2482 3236 2538 quas
3276 2467 3442 2523 etiam

1873 2553 2049 2609 salvas
2078 2555 2245 2611 reddo
2268 2565 2375 2611 tuae
2399 2557 2607 2612 virtuti.
2634 2557 2925 2629 Postquam
2949 2574 3080 2630 ergo
3108 2559 3284 2615 solum
3312 2560 3467 2619 vidit.

1874 2662 2066 2703 aurum
2101 2649 2153 2704 in
2180 2650 2427 2705 manibus
2448 2652 2789 2719 patriarchae,
2819 2654 3097 2708 horrorem
3122 2653 3276 2720 vicit,
3304 2653 3445 2708 mala

1875 2739 2041 2796 febris
2081 2740 2352 2807 discessit,
2391 2742 2536 2798 vires
2565 2743 2615 2799 ei
2641 2744 2937 2811 redierunt,
2975 2753 3029 2799 et
3067 2744 3214 2799 visus
3241 2753 3322 2800 est
3346 2745 3444 2800 ha-

1874 2830 2008 2886 bens
2054 2830 2257 2886 vultum
2306 2833 2542 2889 alacrem
2592 2843 2643 2890 et
2686 2835 2923 2890 vividum
2968 2853 2982 2891 :
3027 2842 3085 2892 ut
3134 2836 3262 2892 hinc
3291 2836 3446 2895 fieret

1876 2920 2248 2987 manifestum,
2268 2924 2411 2993 quod
2428 2922 2650 2978 omnino
2668 2922 2932 2979 redditum
2988 2925 3231 2981 morbum
3261 2927 3449 2994 solvit,

1878 3012 1981 3067 hoc
2021 3013 2184 3068 etiam
2217 3015 2451 3082 primum
2483 3015 2742 3084 ablatum,
2773 3031 2895 3071 eum
2934 3017 3301 3090 vocavitcum
3335 3034 3444 3074 non

1875 3115 2040 3165 esset.

269 3288 393 3345 NA’.
430 3293 564 3355 Δοὺς
584 3289 677 3346 οὖν
706 3295 765 3345 τὸ
792 3293 1015 3364 χρυσίον
1059 3297 1137 3359 εἰς
1189 3296 1290 3359 τὰς
1326 3295 1537 3349 ἐκείνου
1586 3298 1773 3366 χεῖρας

1945 3290 2082 3346 LIV.
2122 3290 2255 3346 Cum
2298 3306 2486 3346 aurum
2521 3305 2650 3363 ergo
2694 3292 2747 3347 in
2790 3292 2931 3347 illius
2968 3309 3161 3350 manus
3213 3295 3449 3351 dedisset

195 3380 228 3433 6
254 3384 600 3454 πατριάρχης
626 3385 889 3454 ἐκστῆναι
918 3385 1068 3456 αύτῷ
1094 3386 1189 3440 τοῦ
1217 3386 1411 3456 μισθοῦ
1448 3388 1775 3459 γράμμασιν

197 3472 426 3545 ἀπῄτει.
478 3476 535 3528 '0
554 3476 609 3531 δὲ
648 3478 900 3545 ἀσμένως
928 3478 1026 3549 τὴν
1052 3480 1270 3550 γραφὴν
1300 3480 1617 3551 αὐτοχειρίᾳ
1645 3479 1774 3545 ξέει,

198 3563 433 3635 ἔχουσαν
457 3565 735 3631 ἁπλοϊκῶς
757 3584 772 3599 ο
823 3568 880 3621 '0
907 3568 1040 3633 Θεὸς
1066 3569 1160 3623 τοῦ
1191 3569 1377 3633 ἐλέους
1407 3574 1502 3626 καλ⁸
1530 3575 1631 3642 τῆς
1655 3572 1777 3641 φιλ-

198 3658 538 3726 ανθρωπίας,
597 3660 760 3724 αὐτὸς
821 3662 917 3714 τὸν
969 3661 1162 3731 μισθὸν
1190 3662 1391 3727 ἀπόδος
1441 3665 1663 3735 Ἰωάννῃ
1698 3665 1777 3735 τῷ

199 3748 324 3817 ἐμῷ
370 3748 604 3821 δεσπότῃ
655 3752 751 3804 καὶ
790 3752 1102 3823 πατριάρχῃ
1146 3755 1246 3824 τῆς
1284 3752 1634 3825 Ἀλεξάνδρου
1668 3754 1777 3806 τῶν

197 3842 499 3911 τρήκοντα
527 3842 622 3895 τοῦ
652 3844 876 3913 χρυσίου
938 3844 1139 3916 λιτρῶν
1169 3846 1277 3899 τῶν
1327 3845 1458 3915 παρ’
1485 3844 1621 3915 ἐμοῦ
1665 3846 1778 3908 τοῖς

201 3934 405 4002 πένησι
431 3934 887 4005 διανεμηθέντων.
932 3935 1074 4005 Ἐγὼ
1101 3939 1211 4008 γὰρ
1241 3935 1513 3991 ἀπέλαϐον
1546 3934 1614 3988 τά
1643 3934 1774 4004 ἐμά.

231 4027 276 4080 0
312 4021 407 4081 οῦν
453 4028 796 4100 πατριάρχης
853 4028 1036 4083 λαϐὼν
1067 4029 1128 4082 τὸ
1161 4032 1525 4100 χειρόγραφον
1556 4044 1775 4098 συμπαο

206 4118 548 4189 ραλαμϐάνει
570 4122 821 4174 κάκεῖνον
848 4122 948 4191 τῆς
972 4121 1254 4192 τραπέζης
1277 4122 1427 4193 αὐτῷ
1460 4118 1774 4190 μεθέξοντα.

208 4210 313 4264 Ὃν
348 4211 488 4281 μετά
514 4210 575 4264 τὸ
602 4215 798 4282 φαγεῖν
826 4214 1096 4269 ύπνοῦντα
1128 4212 1448 4284 βουλόμενος
1472 4216 1500 4266 6
1523 4212 1655 4275 Θεὸς
1684 4212 1776 4266 τοῦ

203 4302 410 4358 πολλοῦ
441 4303 611 4358 ὕπνου
641 4306 743 4372 τῆς
769 4306 1206 4378 φιλοχρηματίας
1252 4306 1630 4376 διαναστῆσαι,
1672 4322 1778 4375 μα-

203 4395 321 4450 θεῖν
338 4413 398 4448 τε
431 4398 855 4466 παρασκευάσαι
883 4398 999 4459 οἵας
1028 4397 1318 4468 ἐστέρηται
1351 4397 1780 4467 μισθαποδοσίας

206 4487 305 4539 καὶ
362 4488 700 4555 μεταμαθεῖν
738 4488 812 4540 τὸ.
834 4488 1238 4559 φιλάνθρωπον,
1291 4486 1550 4541 ἔκστασιν
1589 4486 1779 4557 ὥσπερ

205 4578 358 4644 αύτῳ
391 4577 673 4645 ἐμϐάλλει,
727 4578 821 4630 καὶ
865 4579 997 4648 όρᾷν
1054 4576 1231 4630 ἐδόκει
1273 4572 1419 4630 οἷκον
1474 4576 1777 4647 περικαλλῆ

1882 3383 2215 3452 patriarcha,
2242 3384 2549 3454 postulabat
2579 3394 2635 3438 ut
2667 3384 2864 3439 litteris
2903 3386 2950 3440 ei
3013 3388 3262 3442 mercede
3289 3392 3448 3445 cede-

1882 3482 1983 3530 ret.
2015 3474 2108 3528 llle
2137 3486 2315 3530 autem
2358 3474 2605 3530 lubenter
2641 3490 2738 3532 sua
2777 3493 2936 3533 manu
2982 3478 3277 3534 conscribit
3317 3496 3448 3552 syn-

1882 3565 2161 3635 grapham,
2190 3579 2310 3635 qum
2344 3565 2421 3620 sic
2456 3564 2689 3621 habebat
2734 3583 2750 3623 :
2795 3565 2932 3622 Deus
2973 3568 3362 3625 misericordias
3397 3581 3453 3626 et

1883 3656 2201 3722 clementiae,
2237 3656 2406 3725 ipsam
2440 3656 2741 3711 mercedem
2774 3658 2933 3713 redde
2957 3656 3179 3722 Joanni,
3214 3675 3334 3716 meo
3358 3662 3452 3716 do-

1885 3748 2032 3803 mino
2053 3758 2104 3803 et
2135 3749 2456 3819 patriarcha)
2492 3749 2853 3815 Alexandria),
2894 3749 3111 3820 triginta
3138 3752 3255 3806 auri
3287 3752 3452 3808 libra-

1884 3855 2026 3903 rum,
2058 3856 2176 3910 qua:
2206 3857 2234 3896 a
2266 3858 2349 3897 me
2374 3842 2594 3899 fuerunt
2625 3841 2930 3898 distributae
2954 3845 3311 3914 pauperibus.
3340 3845 3452 3916 Ego

1884 3929 2028 3984 enim
2075 3944 2190 3985 mea
2233 3935 2434 4002 accepi.
2480 3933 2797 3990 Patriarcha
2843 3948 2972 4005 ergo
3015 3944 3234 4005 accepto
3267 3935 3452 3992 chiro-

1884 4021 2109 4091 grapho,
2143 4021 2292 4076 illum
2318 4038 2529 4095 quoque
2559 4024 2720 4080 simul
2753 4025 2953 4097 accipit
2982 4042 3180 4082 mensae
3212 4026 3452 4083 futurum

1888 4115 2224 4184 participem.
2276 4115 2464 4184 Quem,
2512 4133 2634 4172 cum
2673 4117 3028 4183 comedisset,
3089 4119 3453 4199 dormientem

1889 4208 2074 4262 volens
2118 4205 2260 4263 Deus
2298 4208 2536 4264 excitare
2579 4224 2608 4263 a
2658 4211 2809 4278 gravi
2857 4225 3050 4265 somno
3098 4212 3360 4278 avaritiae,
3401 4221 3456 4267 et

1884 4297 2096 4353 eﬂicere
2123 4308 2180 4351 ut
2212 4300 2377 4354 sciret
2417 4309 2615 4370 quanta
2655 4299 2820 4357 fuerit
2857 4303 3101 4371 privatus
3142 4317 3456 4357 remunera-

1888 4390 2056 4455 tione,
2096 4399 2151 4444 et
2198 4391 2432 4446 disceret
2485 4392 2895 4462 benignitatem,
2945 4394 2994 4449 ei
3031 4393 3276 4450 immittit
3320 4409 3456 4465 quo-

1883 4479 2171 4536 dammodo
2199 4482 2476 4545 ecstasim,
2503 4489 2556 4537 et
2581 4484 2865 4539 videbatur
2887 4484 2990 4539 sibi
3022 4484 3205 4539 videre
3233 4484 3451 4540 domum

1886 4570 2174 4640 quamdam
2211 4571 2629 4640 pulcherrimam
2660 4582 2715 4627 et
2741 4572 3257 4644 splendidissimam,
3285 4580 3340 4628 et
3367 4574 3455 4628 cui

203 4685 331 4722 τινα
354 4670 448 4722 καὶ
476 4668 904 4739 ὑπέρλαμπρον,
942 4668 1063 4739 ὥρᾳ
1109 4685 1170 4721 τε
1214 4669 1309 4721 καλ⁸
1345 4668 1564 4738 μεγέθει
1590 4668 1775 4740 μηδενὶ

1891 4662 2160 4732 elegantia
2210 4671 2265 4717 et
2311 4662 2680 4733 magnitudine
2730 4665 2874 4719 nulla
2931 4672 3145 4735 poterat
3195 4663 3452 4718 conferri.

203 4762 304 4815 τοῦ
336 4762 454 4816 ῐσου
481 4763 832 4832 παραχωρεῖν
848 4759 1226 4829 νομιζόμενον,
1256 4760 1368 4813 ἄνω
1392 4758 1449 4810 δὲ
1476 4757 1570 4810 τοῦ
1604 4758 1782 4812 πυλῶ-

205 4872 299 4917 νος
322 4855 503 4907 τίτλον
530 4853 930 4925 ἐπιγεγράφθαι
982 4856 1206 4922 χρυσοῖς
1235 4851 1557 4922 γράμμασι,
1611 4850 1782 4919 Mori;

204 4948 308 5003 xui
339 4947 685 5013 ἀνάπαυσις
716 4947 923 5000 αιωνια
964 4944 1230 5014 Τρωΐλου
1280 4942 1387 4997 τοῦ
1425 4943 1785 4999 ἐπισκόπου.

216 5042 313 5105 Ὦς
338 5035 434 5093 οὖν
454 5038 599 5110 ἥσθη
618 5039 792 5093 ταῦτα
828 5040 1118 5106 ἀναγνοὺς,
1140 5037 1386 5107 οἰόμενος
1414 5037 1478 5090 ἐκ
1506 5035 1601 5088 τοῦ
1634 5035 1788 5106 βασι-

203 5131 354 5194 λέως
387 5130 634 5184 δεδόσθαι
687 5129 836 5200 αὐτῷ
881 5130 976 5183 τὸν
1026 5124 1196 5194 οἷκον,
1238 5126 1650 5195 καταλαμϐάνει
1703 5143 1789 5190 τις

205 5224 355 5293 ἀνὴρ
386 5220 676 5292 ιπιφανὴς,
700 5222 797 5273 καὶ
827 5215 909 5283 εἷς
951 5215 1092 5273 εἶναι
1133 5220 1230 5290 τῆς
1261 5217 1569 5288 συγκλήτου
1598 5218 1789 5286 φαινό-

209 5332 382 5386 μενος
431 5313 868 5383 κουϐικουλαρίῳ
912 5313 974 5367 τὸ
1024 5313 1209 5382 σχῆμα
1251 5308 1464 5376 ἐοικὼς,
1496 5309 1590 5362 καί
1636 5326 1791 5371 τινας

206 5407 408 5469 ἀλλους
427 5406 567 5476 ἔχων
597 5405 761 5459 αὐτοῦ
781 5403 1306 5475 προπορευομένους,
1339 5403 1397 5465 6;
1440 5401 1565 5454 ἐπεὶ
1594 5402 1790 5473 ἦγγισε

208 5499 293 5570 τῷ
323 5497 533 5552 πυλῶνι
568 5496 778 5552 ἀπιδὼν
815 5497 956 5567 πρὸς
985 5496 1108 5559 τοὺς
1136 5495 1488 5567 δορυφόρους,
1520 5511 1789 5564 κατενεγ-

213 5592 341 5644 κεῖν
392 5588 657 5644 ἐπέταττε
701 5587 795 5640 τὸν
831 5585 1008 5639 τίτλον
1051 5585 1127 5648 ὡς
1166 5587 1352 5656 τάχος,
1395 5588 1695 5642 ἀντιθεῖναι·
1729 5586 1787 5639 δὲ

211 5679 432 5751 ἕτερον,
457 5677 517 5730 ὃν
551 5679 581 5730 6
613 5676 900 5746 δεσπότης,
937 5674 1092 5744 φησὶ,
1122 5673 1220 5743 τῆς
1249 5675 1575 5745 οἰκουμένης
1598 5673 1787 5727 κελεύ-

218 5786 390 5827 σειεν.
448 5767 688 5824 Ἐτίθετο
742 5767 920 5822 τοίνυν
958 5766 1121 5829 εὐθὺς
1177 5766 1363 5838 ἕτερος
1397 5767 1618 5840 γραφὴν
1651 5766 1788 5837 ἔχων

306 5942 421 6017 (i6)
460 5943 767 6000 Gentianus
796 5942 934 6014 [om
966 5944 1145 6000 vet-tit.

1888 4753 2061 4822 Supra
2096 4752 2419 4808 vestibulum
2448 4762 2628 4808 autem
2668 4756 2963 4833 inscriptus
2994 4766 3110 4810 erat
3143 4754 3328 4809 titulus
3354 4769 3455 4810 au-

1887 4849 1997 4903 reis
2035 4848 2230 4903 litteris
2270 4845 2526 4904 :Mansio
2569 4858 2617 4901 et
2662 4848 2864 4917 requies
2902 4858 3099 4903 wtema
3140 4846 3306 4902 Troili
3347 4847 3458 4915 epi-

1890 4942 2053 5009 scopi.
2088 4939 2379 5008 Postquam
2411 4955 2542 4996 vero
2580 4940 2667 4996 his
2699 4939 2851 4995 lectis
2880 4948 2964 4995 est
2998 4938 3233 5005 lzetatus,
3270 4939 3458 4995 existi-
3510 5000 3521 5013 ,

1894 5046 2048 5086 mans
2080 5031 2295 5087 domum
2319 5032 2421 5088 sibi
2466 5032 2641 5088 datam
2677 5031 2842 5088 fuisse
2877 5034 2944 5087 ab
2985 5033 3333 5102 imperatore,
3366 5047 3460 5088 ac-

1892 5121 2037 5175 cedit
2084 5122 2171 5176 vir
2209 5123 2424 5192 quidam
2470 5121 2721 5193 insignis,
2765 5131 2818 5177 et
2853 5123 2946 5193 qui
3000 5123 3286 5180 videbatur
3336 5138 3460 5179 esse

1893 5227 2032 5267 unus
2052 5227 2117 5268 ex
2152 5225 2366 5278 senatu,
2398 5214 2584 5269 habitu
2619 5211 2818 5269 similis
2858 5214 3218 5282 cubiculario,
3250 5216 3459 5273 habens

1893 5309 2153 5375 quosdam
2190 5307 2326 5362 alios
2374 5317 2499 5363 ante
2540 5323 2599 5363 se
2644 5307 3003 5364 ambulantes.
3031 5307 3135 5376 Qui
3169 5319 3459 5378 postquam

1895 5400 2341 5469 appropinquavit
2355 5399 2642 5465 vestibulo,
2677 5399 2948 5471 aspiciens
2964 5402 3029 5456 ad
3047 5401 3306 5456 satellites
3322 5399 3460 5469 (16),

1890 5489 2046 5561 jubet
2077 5491 2474 5563 quamprimum
2522 5493 2681 5564 dejici
2726 5492 2939 5548 titulum
2974 5512 2988 5548 :
3028 5507 3124 5564 pro
3155 5493 3243 5548 illo
3276 5500 3459 5548 autem

1896 5583 2018 5652 poni
2067 5582 2260 5650 alium,
2314 5598 2496 5656 quem,
2548 5584 2755 5654 inquit,
2804 5585 2957 5656 jubet
3008 5584 3266 5640 Dominus
3306 5581 3459 5638 orbis

1898 5683 2072 5729 terrae.
2102 5674 2294 5730 Statim
2341 5687 2520 5731 autem
2570 5675 2671 5756 fuit
2701 5678 2924 5747 positus,
2954 5676 3095 5731 bane
3138 5676 3345 5732 habens
3383 5674 3462 5728 in.
3518 5738 3523 5747 ρ

1896 5765 2244 5838 scriptionem
2298 5784 2310 5822 :
2366 5765 2575 5824 Mancia
2623 5778 2671 5824 et
2726 5767 2930 5838 requies
2980 5775 3180 5822 artch
3230 5761 3457 5819 Joannis
3516 5758 3523 5769 ⁶
