3828 6464
365 449 474 516 9η

1588 445 1869 507 MENSIS
1905 444 2205 507 JANUAR
2219 446 2360 507 lUS.

3505 450 3607 513 ρει

365 563 739 631 αι·ε1ιὶιιμίδεο,ιὶ
767 562 1134 625 Alexandrini,
1165 568 1334 628 empta
1362 561 1578 631 triginta
1613 560 1762 614 libris
1785 560 1926 613 auri.

2059 557 2277 610 τοιάνδε·
2335 555 2506 624 Mori;
2555 555 2651 609 καὶ
2688 556 3031 626 ἀνάπαυσις
3081 560 3292 614 αιωνία
3326 561 3608 616 Ἰωάννου

366 656 410 712 Ε
448 653 659 709 somnio
696 654 875 722 itaque
922 666 1171 721 surgens,
1205 649 1639 719 obstupefactus,
1689 649 1939 718 exposuit

366 744 686 813 patriarcha:
717 742 1002 809 visionem,
1036 750 1090 797 et
1121 743 1234 812 ipse
1271 757 1431 797 suum
1467 740 1657 794 vitium
1694 739 1937 794 animad‘

365 839 548 903 vertit,
600 847 655 892 et
702 850 883 892 mores
922 836 1172 902 mutavit,
1216 845 1270 889 et
1309 835 1490 889 facere
1537 833 1936 903 eleemosyuam

365 930 618 984 ardenter
659 938 738 984 est
770 942 1081 1000 aggressus,
1117 935 1171 982 et
1204 941 1302 997 pro
1332 941 1420 991 eo,
1464 924 1610 996 quod
1649 932 1766 977 erat
1791 923 1940 992 prius

365 1034 561 1089 parcus
591 1029 646 1075 et
671 1030 851 1086 tenax,
891 1019 957 1074 ad
1000 1020 1240 1074 dandum
1273 1031 1489 1072 manum
1535 1015 1719 1072 habuit
1757 1029 1940 1084 prom-

366 1113 693 1180 ptissimam.

434 1295 546 1354 LV.
587 1295 691 1352 Sed
718 1296 877 1362 Deus,
907 1292 998 1364 qui
1027 1291 1274 1363 permisit
1304 1289 1423 1348 Jobi
1450 1290 1706 1360 dissipari
1732 1300 1786 1345 et
1815 1288 1937 1344 exi-

367 1390 543 1447 naniri
567 1387 788 1444 divitias
809 1387 876 1440 ad
899 1386 1016 1457 eius
1043 1385 1258 1440 virtutis
1282 1385 1586 1439 faciendum
1614 1381 1934 1453 periculum,

368 1479 632 1550 permittit
660 1478 824 1534 etiam
863 1476 1060 1531 similia
1093 1477 1344 1531 accidere
1368 1476 1493 1530 huic
1527 1476 1684 1530 beato
1712 1475 1945 1545 patriar-

366 1573 504 1626 chae.
533 1568 698 1622 Erant
720 1567 861 1622 enim
885 1564 1148 1620 tredecim
1183 1579 1348 1620 naves
1370 1563 1488 1636 ejus
1512 1563 1792 1633 Ecclesiae,
1821 1579 1945 1633 quae

367 1661 587 1731 quidem
632 1666 871 1713 onerata:
900 1670 1025 1710 cum
1052 1663 1236 1710 essent
1270 1655 1324 1708 iu
1357 1655 1492 1709 mari
1529 1655 1827 1720 Adriatico,
1861 1656 1944 1710 in-

368 1752 555 1808 cidunt
587 1763 774 1804 omnes
819 1746 981 1802 simul
1023 1746 1081 1802 in
1125 1745 1488 1815 naufragium,
1534 1749 1783 1816 peritque
1816 1748 1944 1802 uni-

2037 649 2516 716 ἀρχιεπισκόπου
2547 649 2995 718 Ἀλεξανδρείας
3014 689 3031 718 ,
3055 651 3375 718 τριάκοντα
3395 653 3614 719 λιτρῶν

2039 739 2300 806 χρυσίου
2325 738 2640 806 πραθεῖσα.
2679 741 3027 812 Ἐκπληκτος
3057 741 3153 795 οὖν
3179 742 3288 796 ἀπὸ
3318 744 3411 797 τοῦ
3444 743 3612 797 ὕπνου

2041 827 2334 890 διαναστὰς
2374 830 2624 899 ἐξηγεῖτό
2660 847 2719 882 τε
2746 831 2824 901 τῷ
2870 835 3186 904 πατριάρχῃ
3210 834 3270 885 τὸ
3309 835 3495 904 ὅραμα
3524 837 3616 887 καὶ

2042 918 2206 982 αὐτὸς
2243 921 2318 982 είς
2351 921 2706 991 συναίσθησιν
2735 921 2956 992 ἤρχετο,
3003 923 3096 976 τοῦ
3155 925 3360 995 τρόπου
3390 941 3447 976 τε
3491 942 3617 992 μετ·

2044 1011 2322 1075 εσὰλλετο,
2353 1013 2446 1066 καὶ
2473 1013 2692 1084 θερμῶς
2719 1013 3088 1086 ἐλεημοσύνης
3125 1015 3347 1086 ἥπτετο,
3388 1016 3483 1068 καὶ
3514 1016 3618 1068 ἀπὸ

2047 1104 2142 1156 τοῦ
2176 1105 2434 1172 φειδωλὸς
2461 1101 2601 1158 εἶναι
2647 1107 2743 1160 καὶ
2777 1107 3103 1181 μικρολόγος
3153 1108 3296 1161 πάνυ
3348 1109 3610 1180 προθυμο-

2050 1194 2219 1265 τάτην
2248 1195 2392 1266 ἔχειν
2429 1196 2527 1268 τὴν
2556 1197 2756 1262 δεξιάν.

2114 1289 2245 1345 NE'.
2299 1291 2442 1344 Ἀλλ’
2477 1294 2505 1344 ὀ
2550 1295 2642 1346 τὸν
2681 1293 2777 1347 τοῦ
2819 1293 2941 1347 Ἰὼϐ
2989 1294 3218 1348 πλοῦτον
3253 1297 3393 1349 κατὰ
3427 1299 3623 1367 πεῖραν

2040 1383 2140 1454 τῆς
2168 1385 2369 1454 ἀρετῆς
2415 1385 2782 1456 ἐκφορηθῆναι
2817 1391 3232 1457 παραχωρήσας
3275 1389 3426 1452 Θεὺ·,
3463 1390 3621 1457 ὅμοια

2043 1477 2138 1530 καὶ
2169 1476 2245 1547 τῷ
2276 1478 2534 1546 μακαρίῳ
2564 1476 2743 1549 τούτῳ
2793 1481 3110 1552 πατριάρχῃ
3142 1480 3413 1551 συμϐῆναι
3444 1498 3622 1547 παρα-

2044 1570 2232 1638 χωρεῖ.
2275 1569 2436 1640 Τρεῖς
2476 1570 2570 1622 καὶ
2597 1569 2705 1640 γὰρ
2737 1570 2829 1623 ἐπὶ
2861 1569 2994 1624 δέκα
3043 1571 3171 1641 νῆες
3196 1567 3336 1643 ἦσαν
3375 1573 3472 1642 τῆς
3501 1574 3622 1626 κατ’

2045 1661 2211 1715 αὐτὸν
2239 1659 2588 1731 Ἕκκλησίας,
2614 1662 2816 1726 αἵτινες
2834 1662 3032 1735 φόρτου
3051 1664 3300 1736 πλήρεις,
3322 1664 3410 1718 ὅτε
3429 1665 3507 1734 τῷ
3527 1662 3623 1717 τοῦ

2049 1751 2266 1829 ξἈδρίου
2291 1755 2596 1825 προσέσχον
2627 1755 2880 1824 πελάγει,
2904 1757 3149 1828 ναυαγίῳ
3177 1759 3351 1812 πᾶσαι
3377 1756 3499 1810 κατ’
3525 1757 3623 1811 αὖ·

369 1859 582 1899 versum
622 1857 779 1907 onus,
816 1840 959 1912 quod
994 1847 1112 1896 erat
1159 1849 1239 1895 ter
1274 1839 1420 1894 mille
1466 1847 1523 1893 et
1575 1848 1940 1894 trecentarum

2059 1842 2134 1897 τὸν
2158 1845 2572 1915 περιπίπτουσι,
2592 1847 2686 1899 καὶ
2700 1848 2732 1899 6
2747 1847 2944 1918 φόρτος
2966 1848 3112 1912 ἅπας
3133 1849 3448 1916 ἀπόλλυται,
3468 1866 3618 1922 τριασ

369 1937 624 1991 librarum
677 1933 820 1990 auri.
873 1932 913 1987 li
953 1946 1083 2002 ergo
1129 1931 1329 2000 quibus
1379 1929 1594 1984 fuerant
1645 1931 1946 1985 commissa

2059 1939 2245 1993 ιιοσίων
2293 1955 2354 1992 τε
2385 1939 2480 1993 καὶ
2503 1938 2814 2009 τρισχιλίων
2836 1939 3012 1993 οὐσῶν
3031 1940 3123 1993 τοῦ
3146 1941 3370 2012 χρυσίου
3398 1941 3623 2012 λιτρῶν.

370 2042 557 2089 naves,
585 2025 913 2078 adducentes
953 2023 1052 2076 has
1087 2022 1296 2087 inanes,
1333 2021 1608 2090 appellunt
1644 2021 1695 2074 in
1727 2029 1943 2089 portum

2059 2033 2114 2084 Di.
2135 2025 2228 2083 οῦν
2263 2030 2333 2084 τὰ
2361 2031 2524 2085 πλοῖα
2555 2031 2978 2102 πεπιστευμένοι
3005 2035 3138 2086 κενὰ
3161 2032 3333 2087 ταῦτα
3366 2034 3626 2106 φέροντες

370 2117 712 2174 Alexandriae
748 2135 764 2170 :
802 2115 902 2186 ipsi
937 2122 1118 2168 autem
1157 2113 1520 2184 confugerunt
1569 2113 1624 2168 in
1658 2114 1942 2184 templum.

2059 2122 2126 2193 ινῷ
2155 2123 2254 2193 τῆς
2287 2122 2698 2195 Ἀλεξανδρείας
2713 2124 3142 2195 προσορμίζουσι
3170 2124 3368 2196 λιμένι,
3389 2127 3631 2195 φυγάδες

371 2206 524 2274 Quod
551 2204 766 2275 quidem
799 2218 920 2258 cum
956 2201 1299 2271 cognovisset
1331 2201 1668 2272 patriarcha,
1699 2199 1806 2256 Deo
1827 2201 1948 2272 quis

2059 2215 2207 2269 ιῦτοὶ
2229 2215 2309 2286 τῷ
2331 2214 2447 2286 ναῷ
2476 2215 2780 2285 γενόμενοι,
2811 2215 3076 2290 ὄπερ[ὠς]
3105 2218 3352 2290 ἐπίδηλον
3387 2219 3625 2289 κατέστη

373 2301 493 2354 dem
530 2306 751 2368 propter
777 2295 876 2350 hoc
910 2309 1124 2364 quoque
1155 2293 1268 2363 agit
1299 2294 1544 2364 gratias;
1571 2292 1638 2348 ad
1667 2292 1788 2348 illos
1817 2309 1948 2349 vero

2059 2306 2126 2378 τῷ
2153 2308 2462 2380 πατριάρχῃ
2491 2350 2506 2375 ,
2535 2308 2654 2380 Θεῷ
2695 2308 2794 2380 μὲν
2846 2311 2950 2364 κάν
2979 2310 3151 2381 τούτῳ
3184 2310 3284 2379 τὴν
3312 2311 3472 2383 χάριν
3500 2315 3631 2381 ὀμει-

375 2389 542 2444 mittit
565 2389 776 2444 litteras
819 2387 1176 2444 remissionis.
1231 2400 1294 2442 ea
1338 2385 1450 2441 sola
1495 2401 1614 2456 qua:
1652 2384 1754 2440 Job
1793 2386 1948 2451 dixit,

377 2478 570 2532 dicens
608 2494 625 2532 :
657 2474 922 2532 Dominus
961 2473 1128 2537 dedit.
1162 2473 1378 2537 fratres,
1422 2473 1680 2528 Dominus
1705 2475 1946 2529 abstulit.

375 2566 705 2637 Egredimini
743 2580 894 2636 ergo,
926 2571 1156 2635 propter
1182 2564 1284 2618 hoc
1324 2565 1525 2618 nullum
1563 2566 1813 2620 timentes
1861 2579 1952 2635 pe-

375 2658 628 2714 ri‘cuium.
665 2656 932 2712 Dominus
965 2657 1110 2711 enim
1142 2655 1248 2710 erit
1284 2655 1548 2712 sollicitus
1584 2658 1650 2713 de
1689 2657 1951 2713 crastino.

446 2835 580 2892 LVI.
613 2835 758 2893 'Cum
814 2844 992 2890 autem
1030 2834 1180 2890 multi
1215 2849 1282 2890 ex
1335 2834 1546 2890 civibus
1587 2837 1834 2891 venirent
1886 2838 1952 2892 ad

2050 2398 2220 2468 λογεῖ·
2250 2399 2482 2462 ἐκείνοις
2512 2400 2568 2452 δὲ
2619 2400 2866 2470 ἀφέσεως
2900 2402 3203 2472 ἐπιπέμπει
3228 2407 3627 2472 γραμματεῖον,

2056 2490 2192 2562 μόνα
2209 2493 2275 2543 τὰ
2290 2489 2383 2543 τοῦ
2415 2491 2535 2545 Ἰὼϐ
2557 2491 2901 2564 ἐπιλέίξε]ως
2920 2493 3063 2562 ἔχονο
3092 2494 3150 2547 Ὀ
3172 2495 3376 2565 Κύριος
3403 2494 3627 2560 ἔδωκεν,

2052 2581 2294 2652 ἀδελφοὶ,
2321 2583 2351 2636 6
2380 2583 2584 2654 Κύριος
2612 2584 2885 2652 ἀφείλετο.
2905 2584 3180 2649 Ἐξέλθετε
3204 2585 3398 2638 τοίνυν.
3429 2587 3630 2656 μηδένα

2053 2673 2193 2744 ὑπὲρ
2255 2676 2448 2726 τούτου
2485 2673 2726 2726 κίνδυνον
2784 2673 3163 2745 ὑφορώμενον
3209 2675 3238 2727 6
3283 2673 3489 2744 Κύριος
3521 2674 3630 2742 γὰρ

2055 2763 2185 2832 περὶ
2223 2763 2320 2830 τῆς
2350 2762 2544 2833 αὔριον
2583 2766 2848 2832 φροντιεῖ.

2124 2848 2267 2919 NG".
2315 2851 2468 2904 Ἐπεὶ
2497 2851 2552 2904 δὲ
2581 2851 2769 2904 πολλοὶ
2798 2852 2906 2906 τῶν
2940 2852 3037 2922 τῆς
3070 2851 3277 2916 πόλεως
3302 2852 3530 2922 ἐφοίτων
3557 2853 3630 2915 ὡς

375 2946 498 2986 eum
519 2929 931 2992 consolandum,
957 2929 1106 2999 prior
1141 2928 1254 2997 ipse
1277 2927 1358 2982 eis
1390 2927 1564 2982 dixit:
1595 2925 1708 2982 Non
1741 2938 1952 2997 oportet

2059 2942 2219 2997 αὐτὸν
2242 2943 2321 3006 είς
2365 2942 2744 3013 παράκλησιν,
2781 2943 2991 3012 φθάσας
3021 2943 3202 3007 αὐτὸς,
3240 2943 3410 2996 Οὐδὲν
3461 2944 3630 3014 ὑμᾶς,

379 3039 495 3088 vos,
524 3037 559 3079 ο
587 3022 812 3088 fratres,
849 3020 1066 3074 tristitia
1096 3017 1231 3072 allici
1262 3027 1481 3088 propter
1511 3017 1808 3087 periculum
1843 3033 1944 3072 na-

2059 3033 2178 3103 ἐφη,
2211 3031 2512 3103 προσῆκον,
2547 3032 2791 3098 ἀδελφοὶ,
2829 3033 3251 3104 σκυθρωπάζειν
3283 3035 3376 3086 ἐπὶ
3399 3034 3477 3104 τῷ
3514 3053 3630 3088 κιν-

380 3120 550 3184 vium,
579 3116 733 3186 cujus
776 3115 891 3186 ipse
933 3115 1084 3170 solus
1113 3129 1234 3168 sum
1263 3128 1453 3169 causa.
1505 3113 1620 3168 Nisi
1652 3114 1795 3168 enim
1837 3130 1952 3169 ma-

379 3225 513 3278 gnos
542 3220 605 3264 et
635 3210 810 3264 elatos
845 3209 1196 3279 sumpsissem
1233 3207 1457 3276 Spiritus
1499 3217 1718 3277 propter
1753 3207 1956 3264 alieno-

381 3319 502 3358 rum
528 3302 906 3372 elargitionem
925 3340 941 3366 ,
968 3300 1079 3356 imo
1104 3315 1234 3356 vero
1260 3298 1355 3354 Dei
1391 3300 1581 3369 ipsius,
1619 3301 1718 3354 hoc
1747 3315 1954 3370 nequa-

379 3410 541 3468 quam
566 3393 870 3448 accidisset.
897 3390 1095 3448 Volens
1124 3391 1307 3462 itaque
1327 3389 1466 3446 Deus
1486 3407 1662 3445 meum
1687 3399 1952 3446 tumorem

380 3488 762 3557 comprimere,
787 3486 1053 3557 permittit
1096 3485 1238 3542 hanc
1280 3486 1529 3541 accidere
1569 3485 1697 3540 mihi
1735 3483 1956 3538 calami-

381 3591 575 3638 tatem.
603 3578 698 3636 Est
723 3579 863 3635 enim
901 3579 1245 3651 eleemosyna
1289 3593 1432 3650 sa‘pe
1480 3593 1643 3634 causa
1685 3577 1956 3646 superbia:

381 3676 430 3729 ei
454 3674 546 3745 qui
570 3689 674 3728 non
708 3671 961 3728 advertit.
984 3670 1280 3741 Paupertas
1303 3682 1505 3735 autem,
1530 3671 1670 3724 sicut
1694 3671 1952 3738 scriptum

381 3778 489 3833 est,
533 3766 705 3821 virum
751 3765 925 3819 reddit
963 3765 1244 3819 humilem.
1279 3764 1391 3832 Ego
1429 3779 1544 3818 sum
1584 3764 1746 3833 igitur
1789 3776 1953 3817 causa

384 3864 612 3915 duorum
663 3857 977 3922 malorum;
1013 3858 1175 3912 unius
1215 3857 1468 3925 quidem,
1513 3855 1656 3925 quod
1710 3854 1956 3908 mercede

382 3952 741 4020 eleetnosyna:
776 3949 1020 4018 privatus
1059 3961 1177 4000 sum
1211 3953 1428 4016 propter
1457 3960 1649 3998 vanam
1687 3943 1906 4013 gloriam
1937 3961 1952 4010 ;

383 4043 610 4100 alterius
641 4058 788 4110 vero,
829 4042 972 4111 quod
999 4023 1222 4112 propter
1243 4052 1360 4094 eam
1389 4035 1671 4104 procuravi
1708 4035 1960 4090 amissio-

387 4150 510 4190 nem
543 4141 816 4188 tantarum
849 4129 1196 4200 pecuniarum
1232 4143 1246 4181 :
1276 4137 1331 4181 et
1367 4141 1512 4182 nunc
1538 4126 1604 4180 ad
1633 4139 1717 4179 me
1743 4123 1956 4179 attrabo

387 4227 700 4280 universum
721 4222 985 4293 judicium
1025 4221 1353 4285 animarum,
1389 4232 1506 4287 qua:
1542 4217 1858 4287 rediguntur
1886 4215 1955 4270 ad

387 4316 686 4390 angustias.
720 4314 824 4370 Sed
871 4312 1031 4376 Deus,
1061 4310 1278 4366 etiamsi
1317 4323 1420 4363 non
1459 4320 1679 4378 propter
1713 4323 1818 4372 me,
1860 4307 1954 4362 sed

2056 3123 2196 3193 δύνῳ
2225 3123 2333 3174 τῶν
2365 3122 2584 3188 πλείων,
2635 3115 2697 3174 οὗ
2735 3123 2895 3192 μόνος
2928 3125 3199 3194 κατέστην
3235 3125 3400 3188 αὐτὸς
3430 3126 3624 3188 αἴτιος.

2056 3211 2118 3264 Εἰ
2151 3210 2225 3281 μὴ
2259 3210 2367 3282 γὰρ
2398 3211 2850 3296 ὑψηλοφροσύνης
2893 3212 3120 3284 ἡψάμην
3151 3214 3263 3284 ἐγὼ
3297 3217 3388 3268 ἐπὶ
3414 3220 3479 3286 τῇ
3519 3219 3630 3269 τῶν

2056 3302 2353 3374 ἀλλοτρίων
2382 3303 2705 3374 μεταδόσει,
2741 3305 2941 3374 μᾶλλον
2979 3306 3034 3360 δὲ
3061 3307 3170 3361 τῶν
3216 3309 3308 3361 τοῦ
3345 3309 3501 3376 Θεοῦ,
3532 3312 3632 3364 οἰκ

2053 3393 2119 3448 ἂν
2148 3393 2391 3463 δήτοῦτο
2423 3395 2647 3467 συνέϐη.
2715 3398 2930 3467 Ἀμέλει
2959 3399 3054 3453 καὶ
3085 3399 3408 3470 βουλόμενος
3439 3404 3467 3455 6
3497 3403 3631 3466 Θεὶις

2053 3490 2114 3544 τὸ
2135 3490 2362 3562 φύσημα
2403 3490 2462 3544 τὸ
2490 3492 2620 3562 ἐμὸν
2656 3496 3030 3560 καταστεῖλαι,
3064 3496 3163 3565 τὴν
3190 3498 3476 3566 συμφορὰν
3501 3498 3636 3548 ταύο

2054 3597 2153 3652 την
2194 3582 2470 3650 συμϐῆναι
2500 3586 2836 3652 παραχωρεῖ.
2871 3579 3026 3638 Οἶδεν
3054 3583 3393 3656 ἐλεημοσύνη
3435 3587 3633 3641 πολλά·

2055 3689 2142 3735 κις
2159 3672 2605 3743 ὑψηλοφροσύνης
2633 3673 2780 3726 αἰτία
2815 3674 2894 3745 τῷ
2921 3675 2996 3747 μὴ
3020 3677 3336 3746 προσέχοντι
3354 3678 3597 3745 γίνεσθαι
3615 3695 3630 3709 ·

2056 3765 2215 3818 πενία
2241 3765 2318 3831 δὲ,
2353 3764 2495 3818 κατὰ
2527 3765 2588 3818 τὺ
2607 3767 3015 3836 γεγραμμένον,
3046 3767 3212 3838 ἄιδρα
3242 3772 3503 3820 ταπεινοῖ.
3531 3769 3635 3822 Δύο

2055 3854 2345 3925 τοιγαροῦν
2379 3855 2489 3925 ἐγὼ
2519 3856 2704 3910 κακῶν
2736 3857 2908 3922 αἴτιος
2931 3875 2946 3888 ·
3000 3858 3118 3922 ἐνὸς
3152 3859 3273 3928 μὲν,
3301 3860 3383 3912 ὅτι
3407 3859 3500 3912 τοῦ
3532 3862 3632 3927 τῆς

2057 3945 2429 4018 ἐλεημοσύνης
2459 3947 2652 4017 μισθοῦ
2699 3951 2787 4003 διὰ
2819 3950 3128 4015 κενοδοξίαν
3153 3952 3479 4021 ἐστέρημαι,
3513 3953 3631 4004 ἐτέ-

2060 4053 2154 4107 ρου
2187 4035 2262 4101 δὲ,
2298 4037 2380 4090 ὅτι
2413 4037 2479 4090 δι’
2502 4037 2671 4108 αὐτὴν
2701 4039 2794 4091 καὶ
2836 4038 3108 4092 τοσούτων
3176 4042 3480 4110 χρημάτων
3521 4041 3631 4092 ἀπ·-

2057 4127 2252 4190 ωλείας
2311 4129 2584 4200 κατέστην
2638 4131 2917 4201 πρόξενος.
2951 4131 3063 4185 Καὶ
3123 4130 3219 4185 νῦν
3279 4132 3462 4185 ἐλκύω
3496 4133 3633 4202 πρὶς

2059 4221 2298 4291 ἐμαυτὸν
2327 4219 2473 4275 ἅπαν
2505 4223 2564 4275 τὸ
2619 4225 2792 4293 κρῖμα
2829 4224 2935 4276 τῶν
2981 4225 3354 4294 στενουμένων
3405 4224 3633 4294 ψυχῶνο

2058 4313 2199 4384 πλὴν
2231 4316 2258 4366 ό
2279 4313 2431 4380 Θεὸς,
2457 4315 2561 4368 κᾶν
2599 4315 2672 4384 μὴ
2705 4315 2770 4367 δι’
2798 4315 2919 4384 ἐμὲ,
2947 4315 3062 4369 ἀλλ’
3082 4313 3176 4370 οὖν
3193 4316 3290 4386 τῆς
3311 4315 3421 4370 τῶν
3447 4315 3635 4385 δεομέ-

390 4389 568 4455 tamen
612 4407 831 4470 propter
868 4410 1077 4458 curam,
1111 4409 1269 4462 quam
1301 4392 1440 4462 gerit
1473 4407 1660 4444 eorum
1693 4391 1782 4460 qui
1815 4389 1952 4443 indi-

2060 4422 2166 4458 νων
2192 4405 2350 4474 χάριν
2384 4405 2710 4474 κηδεμονίας
2764 4407 2998 4476 χορηγὸς
3029 4407 3181 4460 ἔσται
3213 4407 3320 4459 τῶν
3369 4406 3506 4476 πρὸς
3534 4406 3634 4476 τὴν

386 4500 534 4560 gent,
584 4489 949 4560 suppeditabit
987 4502 1076 4551 ea,
1121 4501 1241 4556 quae
1293 4493 1420 4541 sunt
1471 4485 1536 4538 ad
1577 4499 1727 4538 usum
1769 4496 1956 4536 neces-

387 4583 532 4637 saria
562 4600 576 4636 :
607 4580 738 4636 illud
768 4580 935 4643 enim,
987 4575 1105 4632 Non
1143 4585 1196 4630 te
1221 4575 1512 4635 dimittam.
1547 4589 1723 4643 neque
1773 4583 1822 4628 te
1871 4588 1960 4628 re-

389 4675 629 4744 linquam
653 4671 698 4736 ',
728 4671 810 4736 ﬁab
837 4685 903 4725 eo
931 4669 1132 4724 dictum
1159 4676 1241 4722 est
1278 4685 1292 4722 :
1331 4667 1503 4722 fidelis
1538 4675 1717 4721 autem
1749 4676 1832 4720 est
1861 4664 1958 4734 qui

391 4764 663 4834 promisit.
699 4762 790 4819 Sic
833 4762 893 4826 ii,
922 4762 1013 4831 qui
1057 4768 1318 4815 venerant
1363 4758 1430 4812 ad
1483 4767 1728 4812 sanctum
1771 4771 1963 4812 conso-

393 4855 635 4920 landum,
691 4854 794 4926 ipsi
842 4861 971 4909 sunt
1010 4851 1190 4923 potius
1236 4851 1304 4906 ab
1350 4849 1440 4905 illo
1487 4848 1699 4904 dimissi
1743 4859 1960 4919 accepta

393 4945 780 5002 consolatione.

466 5037 626 5093 LVII.
669 5037 783 5092 Non
808 5035 1032 5092 multum
1062 5035 1324 5103 temporis
1349 5033 1706 5106 praeterierat,
1739 5043 1793 5089 et
1819 5034 1962 5090 Deus

395 5145 536 5184 novo
577 5128 712 5183 Jobo
757 5127 995 5195 duplicat
1048 5125 1352 5191 facultates,
1386 5136 1610 5193 eratque
1652 5125 1704 5178 in
1765 5140 1964 5192 egenos

393 5220 669 5276 liberalior
691 5230 748 5274 et
774 5217 1172 5273 muniﬁcentior
1195 5231 1357 5286 quam
1383 5218 1568 5285 prius;
1604 5232 1710 5269 nou
1749 5217 1800 5270 in
1827 5232 1964 5285 ege-

393 5328 496 5368 nos
539 5312 712 5367 solum
745 5310 1128 5366 abundantiam
1150 5349 1165 5376 ,
1195 5309 1288 5364 sed
1340 5309 1392 5363 iu
1423 5322 1518 5363 eos
1545 5310 1728 5375 etiam,
1767 5310 1964 5378 quibus

395 5405 560 5460 ﬁebat
611 5403 830 5475 injuria,
891 5401 1186 5457 ostendens
1234 5401 1781 5455 commiseratiouem.
1831 5403 1963 5454 Cum

395 5493 540 5549 enim
573 5494 677 5548 iret
715 5491 1004 5561 aliquando
1038 5491 1104 5545 ad
1138 5489 1349 5545 divinos
1383 5499 1648 5559 martyres
1687 5476 1884 5560 Cyrum
1913 5500 1968 5544 et

395 5586 656 5645 Joannem
692 5596 1031 5656 precaturus,
1062 5581 1292 5639 accessit
1318 5582 1383 5636 ad
1403 5597 1524 5637 eum
1557 5584 1799 5651 quaedam
1837 5598 1969 5650 pan~

399 5678 639 5750 percula,
680 5677 868 5732 dicens
910 5690 970 5733 se
1019 5673 1190 5732 fuisse
1241 5689 1270 5729 a
1320 5688 1520 5746 genero
1569 5674 1717 5743 gravi
1771 5674 1966 5745 injuria

468 5859 488 5892 ⁷
521 5857 684 5916 Hebr.
710 5875 827 5929 xm,
867 5862 966 5929 δίς
993 5860 1105 5919 los.
1131 5877 1169 5929 ι,
1200 5863 1252 5917 5.

2062 4495 2269 4567 χρείαν.
2305 4494 2379 4549 Τὸ
2404 4496 2534 4567 γὰρ,
2566 4497 2640 4548 Οὐ
2684 4499 2757 4567 μή
2791 4515 2847 4550 σε
2876 4497 3010 4563 ἀνῶ,
3038 4498 3149 4550 οὐδ’
3175 4498 3235 4550 οῦ
3275 4499 3347 4566 μή
3375 4514 3433 4550 σε
3465 4500 3626 4564 ἐγκα-

2061 4588 2290 4648 ταλίπω,
2317 4587 2524 4641 ἐκείνου
2552 4587 2729 4657 λόγος,
2760 4589 2855 4641 καὶ
2886 4589 3075 4652 πιστὸς
3095 4593 3122 4643 6
3144 4591 3629 4658 ἐπαγγειλάμενος.

2063 4677 2248 4742 Οὕτως
2275 4679 2326 4731 οἱ
2349 4679 2730 4750 παρακαλέσαι
2772 4680 3161 4751 προσελθόντες
3189 4681 3279 4734 τὸν
3310 4681 3488 4749 ἅγιον,
3533 4682 3631 4733 αὑ-

2062 4773 2144 4826 τοὶ
2176 4772 2375 4844 μᾶλλον
2405 4773 2497 4826 ὑπ’
2529 4771 2741 4826 ἐκείνου
2779 4773 3225 4846 παρακληθέντες
3252 4775 3576 4846 ἐπέμποντο.

2133 5037 2260 5090 ΝΖ’.
2309 5036 2382 5088 Οὐ
2424 5036 2592 5099 πολὺς
2644 5036 2887 5106 παρῆλθε
2926 5038 3137 5106 χρόνος,
3195 5036 3293 5088 καὶ
3327 5038 3356 5089 6
3387 5035 3520 5098 Θεὸς
3558 5034 3632 5097 δι-

2067 5127 2357 5193 πλασιάζει
2386 5127 2478 5182 τοῦ
2510 5135 2632 5181 νέου
2669 5127 2787 5180 Ἰὼϐ
2811 5129 2879 5181 τὰ
2914 5129 3248 5198 ὑπάρχοντα,
3281 5128 3375 5180 καὶ
3403 5123 3470 5199 ἦν
3501 5125 3630 5194 πρὸς

2065 5223 2192 5284 τοὺς
2214 5221 2500 5290 δεομένους
2537 5219 3044 5291 μεγαλοψυχότερός
3095 5235 3154 5272 τε
3186 5220 3278 5272 καὶ
3326 5218 3629 5284 πολυαρκέ-

2069 5331 2257 5384 στερος
2289 5315 2321 5384 ἢ
2349 5314 2407 5366 τδ
2436 5313 2724 5384 πρότερον,
2756 5314 2818 5366 οὐ
2846 5312 2983 5382 πρὸς
3003 5312 3130 5374 τοὺς
3160 5311 3358 5373 ἐνδεεῖς
3394 5310 3550 5380 μόνον
3569 5306 3631 5360 τὸ

2068 5406 2307 5474 δαψιλὲς,
2340 5405 2473 5458 ἀλλὰ
2504 5405 2598 5459 καὶ
2628 5404 2761 5474 πρὸς
2785 5405 2908 5465 τοὺς
2932 5403 3387 5472 διακονουμένους
3411 5403 3471 5454 τὸ
3491 5417 3626 5468 συμ-

2071 5497 2238 5559 παθὲς
2271 5497 2699 5568 ἐνδεικνύμενος.
2752 5498 2992 5550 Ἀπιόντι
3026 5498 3138 5566 γάρ
3183 5512 3317 5546 ποτε
3350 5495 3483 5564 πρὸς
3505 5493 3628 5553 τοὺς

2072 5587 2248 5643 θείους
2281 5589 2564 5658 μάρτυρας
2587 5589 2768 5657 Κῦρον
2800 5589 2894 5641 καὶ
2934 5587 3188 5656 Ἰωάννην
3219 5583 3627 5655 προσευξομὲνῳ

2073 5684 2206 5750 γυνή
2240 5697 2320 5744 τις
2349 5679 2580 5753 πενιχρὰ
2613 5678 2883 5751 προσῆλθε
2929 5677 3099 5749 βαθὺν
3153 5678 3289 5748 αὐτῇ
3343 5678 3476 5748 πρὸς
3519 5673 3629 5727 ἁδι-
