  <div class='ocr_page' id='page_1' title='image "/cluster/home/n/w/nwhite01/storage/ocr_20150623/114/hvd.32044019208123/507.png"; bbox 0 0 3828 6540; ppageno 0'>
   <div class='ocr_carea' id='block_1_1' title="bbox 360 332 465 396">
    <p class='ocr_par' dir='ltr' id='par_1_1' title="bbox 360 332 465 396">
     <span class='ocr_line' id='line_1_1' title="bbox 360 332 465 396; baseline 0 -1"><span class='ocrx_word' id='word_1_1' title='bbox 360 332 465 396; x_wconf 63' lang='grc'><strong>947</strong></span> 
     </span>
    </p>
   </div>
   <div class='ocr_carea' id='block_1_2' title="bbox 1556 333 2324 395">
    <p class='ocr_par' dir='ltr' id='par_1_2' title="bbox 1556 333 2324 395">
     <span class='ocr_line' id='line_1_2' title="bbox 1556 333 2324 395; baseline 0.001 -1"><span class='ocrx_word' id='word_1_2' title='bbox 1556 333 1838 394; x_wconf 83' lang='lat' dir='ltr'><strong>MENSIS</strong></span> <span class='ocrx_word' id='word_1_3' title='bbox 1869 333 2324 395; x_wconf 71' lang='lat' dir='ltr'><strong>JANUARIUS.</strong></span> 
     </span>
    </p>
   </div>
   <div class='ocr_carea' id='block_1_3' title="bbox 3484 335 3612 402">
    <p class='ocr_par' dir='ltr' id='par_1_3' title="bbox 3484 335 3612 402">
     <span class='ocr_line' id='line_1_3' title="bbox 3484 335 3612 402; baseline 0 0"><span class='ocrx_word' id='word_1_4' title='bbox 3484 335 3612 402; x_wconf 66' lang='lat'><strong>948</strong></span> 
     </span>
    </p>
   </div>
   <div class='ocr_carea' id='block_1_4' title="bbox 363 420 1935 515">
    <p class='ocr_par' dir='ltr' id='par_1_4' title="bbox 363 420 1924 515">
     <span class='ocr_line' id='line_1_4' title="bbox 363 420 1924 515; baseline -0.003 -16"><span class='ocrx_word' id='word_1_5' title='bbox 363 441 518 512; x_wconf 79' lang='lat' dir='ltr'><strong>pinos</strong></span> <span class='ocrx_word' id='word_1_6' title='bbox 547 446 763 515; x_wconf 83' lang='lat' dir='ltr'><strong>quidem</strong></span> <span class='ocrx_word' id='word_1_7' title='bbox 792 456 1006 512; x_wconf 77' lang='lat' dir='ltr'><strong>emeris,</strong></span> <span class='ocrx_word' id='word_1_8' title='bbox 1047 457 1142 501; x_wconf 88' lang='lat' dir='ltr'><strong>eos</strong></span> <span class='ocrx_word' id='word_1_9' title='bbox 1181 420 1498 500; x_wconf 84' lang='lat' dir='ltr'><strong>comedebat</strong></span> <span class='ocrx_word' id='word_1_10' title='bbox 1525 453 1645 512; x_wconf 81' lang='lat' dir='ltr'><strong>post</strong></span> <span class='ocrx_word' id='word_1_11' title='bbox 1674 457 1924 498; x_wconf 80' lang='lat' dir='ltr'><strong>occasum</strong></span> 
     </span>
    </p>
   </div>
   <div class='ocr_carea' id='block_1_5' title="bbox 2042 420 3616 515">
    <p class='ocr_par' dir='ltr' id='par_1_5' title="bbox 2042 440 3616 515">
     <span class='ocr_line' id='line_1_5' title="bbox 2042 440 3616 515; baseline 0.003 -20"><span class='ocrx_word' id='word_1_12' title='bbox 2042 444 2167 505; x_wconf 75' lang='grc' dir='ltr'>ποὺς</span> <span class='ocrx_word' id='word_1_13' title='bbox 2194 443 2251 496; x_wconf 75' lang='grc' dir='ltr'>δὲ</span> <span class='ocrx_word' id='word_1_14' title='bbox 2284 441 2424 496; x_wconf 72' lang='grc' dir='ltr'>κατὰ</span> <span class='ocrx_word' id='word_1_15' title='bbox 2458 440 2587 512; x_wconf 80' lang='grc' dir='ltr'>μίαν</span> <span class='ocrx_word' id='word_1_16' title='bbox 2614 443 2721 497; x_wconf 87' lang='grc' dir='ltr'>τῶν</span> <span class='ocrx_word' id='word_1_17' title='bbox 2749 441 2963 498; x_wconf 84' lang='grc' dir='ltr'>νυκτῶν</span> <span class='ocrx_word' id='word_1_18' title='bbox 2990 442 3073 506; x_wconf 86' lang='grc' dir='ltr'><strong>είς</strong></span> <span class='ocrx_word' id='word_1_19' title='bbox 3100 444 3233 515; x_wconf 75' lang='grc' dir='ltr'>μίαν</span> <span class='ocrx_word' id='word_1_20' title='bbox 3250 442 3361 499; x_wconf 87' lang='grc' dir='ltr'>τῶν</span> <span class='ocrx_word' id='word_1_21' title='bbox 3388 446 3616 515; x_wconf 65' lang='grc' dir='ltr'><strong>⁴πορνῶν</strong></span> 
     </span>
    </p>
   </div>
   <div class='ocr_carea' id='block_1_6' title="bbox 360 528 1927 608">
    <p class='ocr_par' dir='ltr' id='par_1_6' title="bbox 360 528 1927 608">
     <span class='ocr_line' id='line_1_6' title="bbox 360 528 1927 608; baseline -0.003 -17"><span class='ocrx_word' id='word_1_22' title='bbox 360 528 528 605; x_wconf 70' lang='lat' dir='ltr'><strong>nolis;</strong></span> <span class='ocrx_word' id='word_1_23' title='bbox 572 536 813 608; x_wconf 83' lang='lat' dir='ltr'><strong>reliquos</strong></span> <span class='ocrx_word' id='word_1_24' title='bbox 857 548 1034 594; x_wconf 85' lang='lat' dir='ltr'><strong>autem</strong></span> <span class='ocrx_word' id='word_1_25' title='bbox 1066 551 1174 592; x_wconf 89' lang='lat' dir='ltr'><strong>una</strong></span> <span class='ocrx_word' id='word_1_26' title='bbox 1219 544 1379 592; x_wconf 89' lang='lat' dir='ltr'><strong>nocte</strong></span> <span class='ocrx_word' id='word_1_27' title='bbox 1407 535 1591 601; x_wconf 97' lang='lat' dir='ltr'><strong>dabat,</strong></span> <span class='ocrx_word' id='word_1_28' title='bbox 1624 535 1825 589; x_wconf 81' lang='lat' dir='ltr'><strong>vadens</strong></span> <span class='ocrx_word' id='word_1_29' title='bbox 1860 533 1927 589; x_wconf 88' lang='lat' dir='ltr'><strong>ad</strong></span> 
     </span>
    </p>
   </div>
   <div class='ocr_carea' id='block_1_7' title="bbox 360 625 1930 696">
    <p class='ocr_par' dir='ltr' id='par_1_7' title="bbox 360 625 1930 696">
     <span class='ocr_line' id='line_1_7' title="bbox 360 625 1930 696; baseline -0.004 -13"><span class='ocrx_word' id='word_1_30' title='bbox 360 644 523 683; x_wconf 86' lang='lat' dir='ltr'><strong>unam</strong></span> <span class='ocrx_word' id='word_1_31' title='bbox 572 643 636 685; x_wconf 87' lang='lat' dir='ltr'><strong>ex</strong></span> <span class='ocrx_word' id='word_1_32' title='bbox 693 627 1114 694; x_wconf 87' lang='lat' dir='ltr'><strong>meretricibus,</strong></span> <span class='ocrx_word' id='word_1_33' title='bbox 1168 628 1395 683; x_wconf 86' lang='lat' dir='ltr'><strong>dicens:</strong></span> <span class='ocrx_word' id='word_1_34' title='bbox 1435 626 1562 682; x_wconf 65' lang='lat' dir='ltr'><strong>Hcce</strong></span> <span class='ocrx_word' id='word_1_35' title='bbox 1611 625 1830 696; x_wconf 88' lang='lat' dir='ltr'><strong>accipe,</strong></span> <span class='ocrx_word' id='word_1_36' title='bbox 1877 634 1930 680; x_wconf 87' lang='lat' dir='ltr'><strong>et</strong></span> 
     </span>
    </p>
   </div>
   <div class='ocr_carea' id='block_1_8' title="bbox 358 717 1581 786">
    <p class='ocr_par' dir='ltr' id='par_1_8' title="bbox 358 717 1581 786">
     <span class='ocr_line' id='line_1_8' title="bbox 358 717 1581 786; baseline -0.001 -10"><span class='ocrx_word' id='word_1_37' title='bbox 358 735 619 776; x_wconf 83' lang='lat' dir='ltr'><strong>conserva</strong></span> <span class='ocrx_word' id='word_1_38' title='bbox 654 728 706 774; x_wconf 90' lang='lat' dir='ltr'><strong>te</strong></span> <span class='ocrx_word' id='word_1_39' title='bbox 740 720 870 775; x_wconf 91' lang='lat' dir='ltr'><strong>mihi</strong></span> <span class='ocrx_word' id='word_1_40' title='bbox 907 720 1010 775; x_wconf 91' lang='lat' dir='ltr'><strong>hac</strong></span> <span class='ocrx_word' id='word_1_41' title='bbox 1040 727 1197 775; x_wconf 90' lang='lat' dir='ltr'><strong>nocte</strong></span> <span class='ocrx_word' id='word_1_42' title='bbox 1228 717 1581 786; x_wconf 75' lang='lat' dir='ltr'><strong>impollutam.</strong></span> 
     </span>
    </p>
   </div>
   <div class='ocr_carea' id='block_1_9' title="bbox 431 808 1929 878">
    <p class='ocr_par' dir='ltr' id='par_1_9' title="bbox 431 808 1929 878">
     <span class='ocr_line' id='line_1_9' title="bbox 431 808 1929 878; baseline -0.005 -11"><span class='ocrx_word' id='word_1_43' title='bbox 431 809 546 867; x_wconf 84' lang='lat' dir='ltr'><strong>LX.</strong></span> <span class='ocrx_word' id='word_1_44' title='bbox 590 809 741 878; x_wconf 84' lang='lat' dir='ltr'><strong>Quod</strong></span> <span class='ocrx_word' id='word_1_45' title='bbox 776 826 897 868; x_wconf 84' lang='lat' dir='ltr'><strong>cum</strong></span> <span class='ocrx_word' id='word_1_46' title='bbox 934 812 1162 876; x_wconf 89' lang='lat' dir='ltr'><strong>faceret,</strong></span> <span class='ocrx_word' id='word_1_47' title='bbox 1202 809 1381 864; x_wconf 85' lang='lat' dir='ltr'><strong>stabat</strong></span> <span class='ocrx_word' id='word_1_48' title='bbox 1416 819 1523 864; x_wconf 89' lang='lat' dir='ltr'><strong>tota</strong></span> <span class='ocrx_word' id='word_1_49' title='bbox 1559 818 1716 864; x_wconf 86' lang='lat' dir='ltr'><strong>nocte</strong></span> <span class='ocrx_word' id='word_1_50' title='bbox 1747 808 1798 861; x_wconf 92' lang='lat' dir='ltr'><strong>in</strong></span> <span class='ocrx_word' id='word_1_51' title='bbox 1830 822 1929 861; x_wconf 88' lang='lat' dir='ltr'><strong>an-</strong></span> 
     </span>
    </p>
   </div>
   <div class='ocr_carea' id='block_1_10' title="bbox 360 899 1931 972">
    <p class='ocr_par' dir='ltr' id='par_1_10' title="bbox 360 899 1931 972">
     <span class='ocr_line' id='line_1_10' title="bbox 360 899 1931 972; baseline -0.001 -18"><span class='ocrx_word' id='word_1_52' title='bbox 360 900 484 971; x_wconf 88' lang='lat' dir='ltr'><strong>gulo</strong></span> <span class='ocrx_word' id='word_1_53' title='bbox 514 901 804 958; x_wconf 85' lang='lat' dir='ltr'><strong>habitaculi</strong></span> <span class='ocrx_word' id='word_1_54' title='bbox 836 903 979 959; x_wconf 90' lang='lat' dir='ltr'><strong>illius</strong></span> <span class='ocrx_word' id='word_1_55' title='bbox 1008 902 1270 965; x_wconf 84' lang='lat' dir='ltr'><strong>mulieris,</strong></span> <span class='ocrx_word' id='word_1_56' title='bbox 1303 916 1440 972; x_wconf 85' lang='lat' dir='ltr'><strong>genu</strong></span> <span class='ocrx_word' id='word_1_57' title='bbox 1472 899 1718 965; x_wconf 82' lang='lat' dir='ltr'><strong>ﬂectens,</strong></span> <span class='ocrx_word' id='word_1_58' title='bbox 1747 911 1802 955; x_wconf 89' lang='lat' dir='ltr'><strong>et</strong></span> <span class='ocrx_word' id='word_1_59' title='bbox 1829 899 1931 953; x_wconf 88' lang='lat' dir='ltr'><strong>lin—</strong></span> 
     </span>
    </p>
   </div>
   <div class='ocr_carea' id='block_1_11' title="bbox 361 977 1930 1062">
    <p class='ocr_par' dir='ltr' id='par_1_11' title="bbox 361 977 1930 1062">
     <span class='ocr_line' id='line_1_11' title="bbox 361 977 1930 1062; baseline 0.003 -21"><span class='ocrx_word' id='word_1_60' title='bbox 361 1005 519 1060; x_wconf 83' lang='lat' dir='ltr'><strong>guam</strong></span> <span class='ocrx_word' id='word_1_61' title='bbox 552 994 776 1062; x_wconf 84' lang='lat' dir='ltr'><strong>psalmis</strong></span> <span class='ocrx_word' id='word_1_62' title='bbox 805 1007 1065 1049; x_wconf 85' lang='lat' dir='ltr'><strong>exercens</strong></span> <span class='ocrx_word' id='word_1_63' title='bbox 1088 977 1326 1057; x_wconf 73' lang='lat' dir='ltr'><strong>aSSidue,</strong></span> <span class='ocrx_word' id='word_1_64' title='bbox 1351 1002 1405 1047; x_wconf 87' lang='lat' dir='ltr'><strong>et</strong></span> <span class='ocrx_word' id='word_1_65' title='bbox 1434 991 1705 1061; x_wconf 87' lang='lat' dir='ltr'><strong>supplices</strong></span> <span class='ocrx_word' id='word_1_66' title='bbox 1738 1005 1930 1045; x_wconf 87' lang='lat' dir='ltr'><strong>manus</strong></span> 
     </span>
    </p>
   </div>
   <div class='ocr_carea' id='block_1_12' title="bbox 363 1083 1929 1150">
    <p class='ocr_par' dir='ltr' id='par_1_12' title="bbox 363 1083 1929 1150">
     <span class='ocr_line' id='line_1_12' title="bbox 363 1083 1929 1150; baseline 0.001 -17"><span class='ocrx_word' id='word_1_67' title='bbox 363 1097 459 1150; x_wconf 88' lang='lat' dir='ltr'><strong>pro</strong></span> <span class='ocrx_word' id='word_1_68' title='bbox 489 1097 549 1136; x_wconf 89' lang='lat' dir='ltr'><strong>ea</strong></span> <span class='ocrx_word' id='word_1_69' title='bbox 586 1084 652 1138; x_wconf 89' lang='lat' dir='ltr'><strong>ad</strong></span> <span class='ocrx_word' id='word_1_70' title='bbox 687 1083 851 1141; x_wconf 86' lang='lat' dir='ltr'><strong>Deum</strong></span> <span class='ocrx_word' id='word_1_71' title='bbox 883 1087 1130 1142; x_wconf 85' lang='lat' dir='ltr'><strong>tendens.</strong></span> <span class='ocrx_word' id='word_1_72' title='bbox 1163 1086 1323 1140; x_wconf 87' lang='lat' dir='ltr'><strong>Mane</strong></span> <span class='ocrx_word' id='word_1_73' title='bbox 1358 1095 1537 1139; x_wconf 89' lang='lat' dir='ltr'><strong>autem</strong></span> <span class='ocrx_word' id='word_1_74' title='bbox 1574 1086 1782 1145; x_wconf 83' lang='lat' dir='ltr'><strong>exiens,</strong></span> <span class='ocrx_word' id='word_1_75' title='bbox 1813 1097 1929 1137; x_wconf 89' lang='lat' dir='ltr'><strong>eam</strong></span> 
     </span>
    </p>
   </div>
   <div class='ocr_carea' id='block_1_13' title="bbox 363 1172 1934 1247">
    <p class='ocr_par' dir='ltr' id='par_1_13' title="bbox 363 1172 1934 1247">
     <span class='ocr_line' id='line_1_13' title="bbox 363 1172 1934 1247; baseline 0.001 -20"><span class='ocrx_word' id='word_1_76' title='bbox 363 1172 612 1244; x_wconf 72' lang='lat' dir='ltr'><strong>adigebat</strong></span> <span class='ocrx_word' id='word_1_77' title='bbox 645 1176 1028 1247; x_wconf 87' lang='lat' dir='ltr'><strong>jurejurando,</strong></span> <span class='ocrx_word' id='word_1_78' title='bbox 1070 1192 1129 1234; x_wconf 90' lang='lat' dir='ltr'><strong>se</strong></span> <span class='ocrx_word' id='word_1_79' title='bbox 1172 1177 1372 1232; x_wconf 86' lang='lat' dir='ltr'><strong>nemini</strong></span> <span class='ocrx_word' id='word_1_80' title='bbox 1415 1175 1467 1229; x_wconf 89' lang='lat' dir='ltr'><strong>id</strong></span> <span class='ocrx_word' id='word_1_81' title='bbox 1501 1189 1622 1230; x_wconf 89' lang='lat' dir='ltr'><strong>esse</strong></span> <span class='ocrx_word' id='word_1_82' title='bbox 1668 1174 1934 1228; x_wconf 87' lang='lat' dir='ltr'><strong>iudicatu-</strong></span> 
     </span>
    </p>
   </div>
   <div class='ocr_carea' id='block_1_14' title="bbox 340 1265 1934 1343">
    <p class='ocr_par' dir='ltr' id='par_1_14' title="bbox 340 1265 1934 1343">
     <span class='ocr_line' id='line_1_14' title="bbox 340 1265 1934 1343; baseline 0.002 -26"><span class='ocrx_word' id='word_1_83' title='bbox 340 1279 502 1343; x_wconf 24' lang='lat' dir='ltr'><strong>‘ram.</strong></span> <span class='ocrx_word' id='word_1_84' title='bbox 545 1265 721 1322; x_wconf 87' lang='lat' dir='ltr'><strong>Unam</strong></span> <span class='ocrx_word' id='word_1_85' title='bbox 776 1269 961 1339; x_wconf 79' lang='lat' dir='ltr'><strong>itaque</strong></span> <span class='ocrx_word' id='word_1_86' title='bbox 1004 1283 1068 1322; x_wconf 85' lang='lat' dir='ltr'><strong>ex</strong></span> <span class='ocrx_word' id='word_1_87' title='bbox 1112 1268 1210 1333; x_wconf 86' lang='lat' dir='ltr'><strong>iis,</strong></span> <span class='ocrx_word' id='word_1_88' title='bbox 1257 1282 1377 1340; x_wconf 84' lang='lat' dir='ltr'><strong>quae</strong></span> <span class='ocrx_word' id='word_1_89' title='bbox 1413 1282 1544 1322; x_wconf 89' lang='lat' dir='ltr'><strong>ausa</strong></span> <span class='ocrx_word' id='word_1_90' title='bbox 1585 1265 1759 1320; x_wconf 90' lang='lat' dir='ltr'><strong>fuerat</strong></span> <span class='ocrx_word' id='word_1_91' title='bbox 1804 1280 1934 1320; x_wconf 86' lang='lat' dir='ltr'><strong>con-</strong></span> 
     </span>
    </p>
   </div>
   <div class='ocr_carea' id='block_1_15' title="bbox 363 1343 1936 1429">
    <p class='ocr_par' dir='ltr' id='par_1_15' title="bbox 363 1343 1936 1429">
     <span class='ocr_line' id='line_1_15' title="bbox 363 1343 1936 1429; baseline 0.001 -21"><span class='ocrx_word' id='word_1_92' title='bbox 363 1357 583 1426; x_wconf 86' lang='lat' dir='ltr'><strong>temptui</strong></span> <span class='ocrx_word' id='word_1_93' title='bbox 611 1358 810 1414; x_wconf 87' lang='lat' dir='ltr'><strong>habere</strong></span> <span class='ocrx_word' id='word_1_94' title='bbox 830 1343 1211 1429; x_wconf 76' lang='lat' dir='ltr'><strong>jusjurandum</strong></span> <span class='ocrx_word' id='word_1_95' title='bbox 1237 1369 1291 1413; x_wconf 89' lang='lat' dir='ltr'><strong>et</strong></span> <span class='ocrx_word' id='word_1_96' title='bbox 1316 1359 1528 1428; x_wconf 91' lang='lat' dir='ltr'><strong>aperire</strong></span> <span class='ocrx_word' id='word_1_97' title='bbox 1554 1372 1778 1422; x_wconf 86' lang='lat' dir='ltr'><strong>arcana,</strong></span> <span class='ocrx_word' id='word_1_98' title='bbox 1809 1355 1936 1411; x_wconf 82' lang='lat' dir='ltr'><strong>facit</strong></span> 
     </span>
    </p>
   </div>
   <div class='ocr_carea' id='block_1_16' title="bbox 361 1443 1934 1516">
    <p class='ocr_par' dir='ltr' id='par_1_16' title="bbox 361 1443 1934 1516">
     <span class='ocr_line' id='line_1_16' title="bbox 361 1443 1934 1516; baseline -0.001 -16"><span class='ocrx_word' id='word_1_99' title='bbox 361 1460 527 1501; x_wconf 80' lang='lat' dir='ltr'><strong>senex</strong></span> <span class='ocrx_word' id='word_1_100' title='bbox 548 1443 558 1452; x_wconf 87' lang='grc'><strong>’</strong></span> <span class='ocrx_word' id='word_1_101' title='bbox 570 1447 822 1516; x_wconf 88' lang='lat' dir='ltr'><strong>precibus</strong></span> <span class='ocrx_word' id='word_1_102' title='bbox 852 1448 1120 1516; x_wconf 83' lang='lat' dir='ltr'><strong>possideri</strong></span> <span class='ocrx_word' id='word_1_103' title='bbox 1152 1464 1181 1502; x_wconf 92' lang='lat' dir='ltr'><strong>a</strong></span> <span class='ocrx_word' id='word_1_104' title='bbox 1212 1448 1486 1513; x_wconf 67' lang='lat' dir='ltr'><strong>daemone,</strong></span> <span class='ocrx_word' id='word_1_105' title='bbox 1526 1448 1661 1501; x_wconf 89' lang='lat' dir='ltr'><strong>adeo</strong></span> <span class='ocrx_word' id='word_1_106' title='bbox 1694 1454 1751 1498; x_wconf 93' lang='lat' dir='ltr'><strong>ut</strong></span> <span class='ocrx_word' id='word_1_107' title='bbox 1784 1444 1934 1499; x_wconf 88' lang='lat' dir='ltr'><strong>nulla</strong></span> 
     </span>
    </p>
   </div>
   <div class='ocr_carea' id='block_1_17' title="bbox 360 1536 1936 1609">
    <p class='ocr_par' dir='ltr' id='par_1_17' title="bbox 360 1536 1936 1609">
     <span class='ocr_line' id='line_1_17' title="bbox 360 1536 1936 1609; baseline 0 -18"><span class='ocrx_word' id='word_1_108' title='bbox 360 1536 617 1608; x_wconf 86' lang='lat' dir='ltr'><strong>deinceps</strong></span> <span class='ocrx_word' id='word_1_109' title='bbox 674 1553 802 1594; x_wconf 89' lang='lat' dir='ltr'><strong>ausa</strong></span> <span class='ocrx_word' id='word_1_110' title='bbox 853 1537 1018 1593; x_wconf 88' lang='lat' dir='ltr'><strong>fuerit</strong></span> <span class='ocrx_word' id='word_1_111' title='bbox 1077 1538 1193 1606; x_wconf 86' lang='lat' dir='ltr'><strong>ejus</strong></span> <span class='ocrx_word' id='word_1_112' title='bbox 1245 1539 1411 1593; x_wconf 78' lang='lat' dir='ltr'><strong>vitam</strong></span> <span class='ocrx_word' id='word_1_113' title='bbox 1462 1538 1767 1609; x_wconf 74' lang='lat' dir='ltr'><strong>enuntiare.</strong></span> <span class='ocrx_word' id='word_1_114' title='bbox 1816 1536 1936 1606; x_wconf 83' lang='lat' dir='ltr'><strong>ipse</strong></span> 
     </span>
    </p>
   </div>
   <div class='ocr_carea' id='block_1_18' title="bbox 342 1622 1936 1700">
    <p class='ocr_par' dir='ltr' id='par_1_18' title="bbox 342 1622 1936 1700">
     <span class='ocr_line' id='line_1_18' title="bbox 342 1622 1936 1700; baseline 0.001 -20"><span class='ocrx_word' id='word_1_115' title='bbox 342 1622 542 1682; x_wconf 78' lang='lat' dir='ltr'><strong>autem</strong></span> <span class='ocrx_word' id='word_1_116' title='bbox 593 1629 776 1684; x_wconf 78' lang='lat' dir='ltr'><strong>volens</strong></span> <span class='ocrx_word' id='word_1_117' title='bbox 822 1628 1060 1700; x_wconf 78' lang='lat' dir='ltr'><strong>effugere</strong></span> <span class='ocrx_word' id='word_1_118' title='bbox 1106 1628 1331 1700; x_wconf 85' lang='lat' dir='ltr'><strong>gloriam</strong></span> <span class='ocrx_word' id='word_1_119' title='bbox 1378 1644 1444 1683; x_wconf 87' lang='lat' dir='ltr'><strong>ex</strong></span> <span class='ocrx_word' id='word_1_120' title='bbox 1490 1629 1830 1694; x_wconf 88' lang='lat' dir='ltr'><strong>hominibus,</strong></span> <span class='ocrx_word' id='word_1_121' title='bbox 1882 1636 1936 1682; x_wconf 88' lang='lat' dir='ltr'><strong>et</strong></span> 
     </span>
    </p>
   </div>
   <div class='ocr_carea' id='block_1_19' title="bbox 361 1718 1938 1792">
    <p class='ocr_par' dir='ltr' id='par_1_19' title="bbox 361 1718 1938 1792">
     <span class='ocr_line' id='line_1_19' title="bbox 361 1718 1938 1792; baseline 0.001 -19"><span class='ocrx_word' id='word_1_122' title='bbox 361 1719 566 1773; x_wconf 87' lang='lat' dir='ltr'><strong>animas</strong></span> <span class='ocrx_word' id='word_1_123' title='bbox 609 1720 839 1776; x_wconf 86' lang='lat' dir='ltr'><strong>educere</strong></span> <span class='ocrx_word' id='word_1_124' title='bbox 882 1737 912 1775; x_wconf 88' lang='lat' dir='ltr'><strong>a</strong></span> <span class='ocrx_word' id='word_1_125' title='bbox 942 1722 1179 1792; x_wconf 83' lang='lat' dir='ltr'><strong>peccatis</strong></span> <span class='ocrx_word' id='word_1_126' title='bbox 1202 1762 1216 1787; x_wconf 93' lang='lat'><strong>,</strong></span> <span class='ocrx_word' id='word_1_127' title='bbox 1249 1720 1465 1791; x_wconf 87' lang='lat' dir='ltr'><strong>quando</strong></span> <span class='ocrx_word' id='word_1_128' title='bbox 1509 1728 1628 1774; x_wconf 89' lang='lat' dir='ltr'><strong>erat.</strong></span> <span class='ocrx_word' id='word_1_129' title='bbox 1659 1719 1798 1788; x_wconf 92' lang='lat' dir='ltr'><strong>apud</strong></span> <span class='ocrx_word' id='word_1_130' title='bbox 1836 1718 1938 1774; x_wconf 83' lang='lat' dir='ltr'><strong>aii-</strong></span> 
     </span>
    </p>
   </div>
   <div class='ocr_carea' id='block_1_20' title="bbox 2032 533 3616 608">
    <p class='ocr_par' dir='ltr' id='par_1_20' title="bbox 2032 533 3616 608">
     <span class='ocr_line' id='line_1_20' title="bbox 2032 533 3616 608; baseline 0.003 -21"><span class='ocrx_word' id='word_1_131' title='bbox 2032 534 2400 604; x_wconf 77' lang='grc' dir='ltr'><strong>πορευόμενος</strong></span> <span class='ocrx_word' id='word_1_132' title='bbox 2428 533 2597 588; x_wconf 80' lang='grc' dir='ltr'>ὲδίδου</span> <span class='ocrx_word' id='word_1_133' title='bbox 2619 573 2637 599; x_wconf 93' lang='grc'><strong>,</strong></span> <span class='ocrx_word' id='word_1_134' title='bbox 2659 534 2807 588; x_wconf 85' lang='grc' dir='ltr'>Λάϐε</span> <span class='ocrx_word' id='word_1_135' title='bbox 2831 535 3013 599; x_wconf 82' lang='grc' dir='ltr'>ταυτὶ,</span> <span class='ocrx_word' id='word_1_136' title='bbox 3036 533 3230 603; x_wconf 67' lang='grc' dir='ltr'>λέγων,</span> <span class='ocrx_word' id='word_1_137' title='bbox 3255 535 3351 592; x_wconf 80' lang='grc' dir='ltr'>καὶ</span> <span class='ocrx_word' id='word_1_138' title='bbox 3364 537 3616 608; x_wconf 68' lang='grc' dir='ltr'><strong>τήρησον</strong></span> 
     </span>
    </p>
   </div>
   <div class='ocr_carea' id='block_1_21' title="bbox 2037 626 3185 700">
    <p class='ocr_par' dir='ltr' id='par_1_21' title="bbox 2037 626 3185 700">
     <span class='ocr_line' id='line_1_21' title="bbox 2037 626 3185 700; baseline 0.004 -21"><span class='ocrx_word' id='word_1_139' title='bbox 2037 644 2128 700; x_wconf 86' lang='grc' dir='ltr'>μοι</span> <span class='ocrx_word' id='word_1_140' title='bbox 2158 628 2223 699; x_wconf 75' lang='grc' dir='ltr'>τῇ</span> <span class='ocrx_word' id='word_1_141' title='bbox 2251 626 2408 681; x_wconf 79' lang='grc' dir='ltr'>νυκτὶ</span> <span class='ocrx_word' id='word_1_142' title='bbox 2431 626 2556 699; x_wconf 77' lang='grc' dir='ltr'>τῇδε</span> <span class='ocrx_word' id='word_1_143' title='bbox 2591 628 2828 698; x_wconf 79' lang='grc' dir='ltr'>σεαυτὴν</span> <span class='ocrx_word' id='word_1_144' title='bbox 2863 627 3185 699; x_wconf 81' lang='grc' dir='ltr'><strong>ἀμόλυντον.</strong></span> 
     </span>
    </p>
   </div>
   <div class='ocr_carea' id='block_1_22' title="bbox 2104 800 3618 876">
    <p class='ocr_par' dir='ltr' id='par_1_22' title="bbox 2104 800 3618 876">
     <span class='ocr_line' id='line_1_22' title="bbox 2104 800 3618 876; baseline 0.005 -22"><span class='ocrx_word' id='word_1_145' title='bbox 2104 800 2176 860; x_wconf 61' lang='grc' dir='ltr'><strong>δ’.</strong></span> <span class='ocrx_word' id='word_1_146' title='bbox 2208 802 2314 855; x_wconf 70' lang='grc' dir='ltr'>Καὶ</span> <span class='ocrx_word' id='word_1_147' title='bbox 2346 800 2487 856; x_wconf 73' lang='grc' dir='ltr'>οὕτω</span> <span class='ocrx_word' id='word_1_148' title='bbox 2518 803 2688 858; x_wconf 88' lang='grc' dir='ltr'>ποιῶν</span> <span class='ocrx_word' id='word_1_149' title='bbox 2716 802 2947 857; x_wconf 81' lang='grc' dir='ltr'><strong>διετέλει</strong></span> <span class='ocrx_word' id='word_1_150' title='bbox 2977 805 3111 876; x_wconf 83' lang='grc' dir='ltr'>παρ’</span> <span class='ocrx_word' id='word_1_151' title='bbox 3141 804 3271 875; x_wconf 77' lang='grc' dir='ltr'>ὃλην</span> <span class='ocrx_word' id='word_1_152' title='bbox 3308 804 3407 875; x_wconf 75' lang='grc' dir='ltr'><strong>τὴν</strong></span> <span class='ocrx_word' id='word_1_153' title='bbox 3436 805 3618 861; x_wconf 71' lang='grc' dir='ltr'>νύκτα</span> 
     </span>
    </p>
   </div>
   <div class='ocr_carea' id='block_1_23' title="bbox 2034 893 3621 966">
    <p class='ocr_par' dir='ltr' id='par_1_23' title="bbox 2034 893 3621 966">
     <span class='ocr_line' id='line_1_23' title="bbox 2034 893 3621 966; baseline 0.003 -19"><span class='ocrx_word' id='word_1_154' title='bbox 2034 893 2171 964; x_wconf 75' lang='grc' dir='ltr'>πρὸς</span> <span class='ocrx_word' id='word_1_155' title='bbox 2210 896 2276 965; x_wconf 82' lang='grc' dir='ltr'>τῇ</span> <span class='ocrx_word' id='word_1_156' title='bbox 2315 894 2487 966; x_wconf 75' lang='grc' dir='ltr'>γωνίᾳ</span> <span class='ocrx_word' id='word_1_157' title='bbox 2515 894 2609 947; x_wconf 86' lang='grc' dir='ltr'><strong>τοῦ</strong></span> <span class='ocrx_word' id='word_1_158' title='bbox 2656 895 3008 963; x_wconf 84' lang='grc' dir='ltr'>καταγωγίου</span> <span class='ocrx_word' id='word_1_159' title='bbox 3039 899 3140 966; x_wconf 73' lang='grc' dir='ltr'>τῆς</span> <span class='ocrx_word' id='word_1_160' title='bbox 3179 897 3441 966; x_wconf 82' lang='grc' dir='ltr'>γυναικὸς</span> <span class='ocrx_word' id='word_1_161' title='bbox 3472 898 3621 952; x_wconf 80' lang='grc' dir='ltr'>ὲκεί-</span> 
     </span>
    </p>
   </div>
   <div class='ocr_carea' id='block_1_24' title="bbox 2033 986 3620 1060">
    <p class='ocr_par' dir='ltr' id='par_1_24' title="bbox 2033 986 3620 1060">
     <span class='ocr_line' id='line_1_24' title="bbox 2033 986 3620 1060; baseline 0.001 -18"><span class='ocrx_word' id='word_1_162' title='bbox 2033 1005 2131 1058; x_wconf 79' lang='grc' dir='ltr'><strong>νης</strong></span> <span class='ocrx_word' id='word_1_163' title='bbox 2183 986 2493 1056; x_wconf 86' lang='grc' dir='ltr'>ἱστάμενος,</span> <span class='ocrx_word' id='word_1_164' title='bbox 2536 987 2664 1055; x_wconf 83' lang='grc' dir='ltr'>γόνυ</span> <span class='ocrx_word' id='word_1_165' title='bbox 2695 1004 2755 1040; x_wconf 87' lang='grc' dir='ltr'><strong>τε</strong></span> <span class='ocrx_word' id='word_1_166' title='bbox 2809 987 3029 1054; x_wconf 88' lang='grc' dir='ltr'>κλίνων,</span> <span class='ocrx_word' id='word_1_167' title='bbox 3080 989 3175 1042; x_wconf 80' lang='grc' dir='ltr'><strong>καὶ</strong></span> <span class='ocrx_word' id='word_1_168' title='bbox 3227 989 3328 1060; x_wconf 76' lang='grc' dir='ltr'>τὴν</span> <span class='ocrx_word' id='word_1_169' title='bbox 3358 989 3620 1058; x_wconf 80' lang='grc' dir='ltr'>γλῶσσαν</span> 
     </span>
    </p>
   </div>
   <div class='ocr_carea' id='block_1_25' title="bbox 2034 1077 3623 1151">
    <p class='ocr_par' dir='ltr' id='par_1_25' title="bbox 2034 1077 3623 1151">
     <span class='ocr_line' id='line_1_25' title="bbox 2034 1077 3623 1151; baseline 0.001 -19"><span class='ocrx_word' id='word_1_170' title='bbox 2034 1078 2314 1132; x_wconf 81' lang='grc' dir='ltr'><strong>ἄπαυστον</strong></span> <span class='ocrx_word' id='word_1_171' title='bbox 2337 1081 2447 1142; x_wconf 88' lang='grc' dir='ltr'>τοῖς</span> <span class='ocrx_word' id='word_1_172' title='bbox 2478 1077 2713 1149; x_wconf 67' lang='grc' dir='ltr'>ψαλμοῖς</span> <span class='ocrx_word' id='word_1_173' title='bbox 2751 1080 3102 1150; x_wconf 77' lang='grc' dir='ltr'>ἐπιτρέπων,</span> <span class='ocrx_word' id='word_1_174' title='bbox 3139 1081 3235 1134; x_wconf 71' lang='grc' dir='ltr'>καὶ</span> <span class='ocrx_word' id='word_1_175' title='bbox 3285 1083 3481 1151; x_wconf 82' lang='grc' dir='ltr'>χεῖρας</span> <span class='ocrx_word' id='word_1_176' title='bbox 3510 1082 3623 1134; x_wconf 55' lang='lat' dir='ltr'><strong>ius.</strong></span> 
     </span>
    </p>
   </div>
   <div class='ocr_carea' id='block_1_26' title="bbox 2038 1168 3623 1241">
    <p class='ocr_par' dir='ltr' id='par_1_26' title="bbox 2038 1168 3623 1241">
     <span class='ocr_line' id='line_1_26' title="bbox 2038 1168 3623 1241; baseline 0.004 -22"><span class='ocrx_word' id='word_1_177' title='bbox 2038 1168 2183 1231; x_wconf 74' lang='lat' dir='ltr'><strong>ciou;</strong></span> <span class='ocrx_word' id='word_1_178' title='bbox 2213 1169 2381 1238; x_wconf 78' lang='grc' dir='ltr'>αἴρων</span> <span class='ocrx_word' id='word_1_179' title='bbox 2409 1168 2550 1236; x_wconf 81' lang='grc' dir='ltr'>ὑπὲρ</span> <span class='ocrx_word' id='word_1_180' title='bbox 2614 1168 2783 1237; x_wconf 83' lang='grc' dir='ltr'>αὐτῆς</span> <span class='ocrx_word' id='word_1_181' title='bbox 2811 1171 2946 1241; x_wconf 73' lang='grc' dir='ltr'>πρὸς</span> <span class='ocrx_word' id='word_1_182' title='bbox 2998 1170 3157 1225; x_wconf 69' lang='grc' dir='ltr'><strong>Θεόψ</strong></span> <span class='ocrx_word' id='word_1_183' title='bbox 3180 1170 3349 1225; x_wconf 75' lang='grc' dir='ltr'>ἕωθεν</span> <span class='ocrx_word' id='word_1_184' title='bbox 3370 1172 3428 1225; x_wconf 82' lang='grc' dir='ltr'>δὲ</span> <span class='ocrx_word' id='word_1_185' title='bbox 3456 1171 3623 1238; x_wconf 73' lang='grc' dir='ltr'>ἐξιὼν</span> 
     </span>
    </p>
   </div>
   <div class='ocr_carea' id='block_1_27' title="bbox 2034 1259 3622 1331">
    <p class='ocr_par' dir='ltr' id='par_1_27' title="bbox 2034 1259 3622 1331">
     <span class='ocr_line' id='line_1_27' title="bbox 2034 1259 3622 1331; baseline 0.003 -20"><span class='ocrx_word' id='word_1_186' title='bbox 2034 1259 2215 1326; x_wconf 80' lang='grc' dir='ltr'>ὅρκοις</span> <span class='ocrx_word' id='word_1_187' title='bbox 2254 1259 2425 1330; x_wconf 77' lang='grc' dir='ltr'>αὐτὴν</span> <span class='ocrx_word' id='word_1_188' title='bbox 2484 1259 2863 1328; x_wconf 80' lang='grc' dir='ltr'>κατελάμϐανε</span> <span class='ocrx_word' id='word_1_189' title='bbox 2930 1261 3122 1331; x_wconf 78' lang='grc' dir='ltr'>μηδενὶ</span> <span class='ocrx_word' id='word_1_190' title='bbox 3181 1262 3340 1316; x_wconf 85' lang='grc' dir='ltr'>τοῦτο</span> <span class='ocrx_word' id='word_1_191' title='bbox 3387 1261 3622 1331; x_wconf 83' lang='grc' dir='ltr'>ποιῆσαι</span> 
     </span>
    </p>
   </div>
   <div class='ocr_carea' id='block_1_28' title="bbox 2035 1351 3623 1424">
    <p class='ocr_par' dir='ltr' id='par_1_28' title="bbox 2035 1351 3623 1424">
     <span class='ocr_line' id='line_1_28' title="bbox 2035 1351 3623 1424; baseline 0.003 -21"><span class='ocrx_word' id='word_1_192' title='bbox 2035 1351 2364 1421; x_wconf 76' lang='grc' dir='ltr'>καταφανές.</span> <span class='ocrx_word' id='word_1_193' title='bbox 2411 1352 2557 1407; x_wconf 85' lang='grc' dir='ltr'>Μίαν</span> <span class='ocrx_word' id='word_1_194' title='bbox 2609 1356 2788 1404; x_wconf 89' lang='grc' dir='ltr'>τοίνυν</span> <span class='ocrx_word' id='word_1_195' title='bbox 2833 1352 3013 1404; x_wconf 70' lang='grc' dir='ltr'>αὐτῶν</span> <span class='ocrx_word' id='word_1_196' title='bbox 3050 1354 3455 1424; x_wconf 75' lang='grc' dir='ltr'><strong>περιφρονῆσαι</strong></span> <span class='ocrx_word' id='word_1_197' title='bbox 3494 1357 3623 1417; x_wconf 73' lang='grc' dir='ltr'>τοὺς</span> 
     </span>
    </p>
   </div>
   <div class='ocr_carea' id='block_1_29' title="bbox 2035 1442 3620 1517">
    <p class='ocr_par' dir='ltr' id='par_1_29' title="bbox 2035 1442 3620 1517">
     <span class='ocr_line' id='line_1_29' title="bbox 2035 1442 3620 1517; baseline 0.001 -22"><span class='ocrx_word' id='word_1_198' title='bbox 2035 1442 2231 1513; x_wconf 80' lang='grc' dir='ltr'>ὅρκους</span> <span class='ocrx_word' id='word_1_199' title='bbox 2262 1442 2613 1513; x_wconf 69' lang='grc' dir='ltr'><strong>τολμήσασαν</strong></span> <span class='ocrx_word' id='word_1_200' title='bbox 2643 1444 2739 1496; x_wconf 73' lang='grc' dir='ltr'><strong>καὶ</strong></span> <span class='ocrx_word' id='word_1_201' title='bbox 2764 1443 2901 1512; x_wconf 79' lang='grc' dir='ltr'>δῆλα</span> <span class='ocrx_word' id='word_1_202' title='bbox 2948 1446 3017 1498; x_wconf 70' lang='grc' dir='ltr'>τὰ</span> <span class='ocrx_word' id='word_1_203' title='bbox 3077 1445 3367 1517; x_wconf 68' lang='grc' dir='ltr'>ἀπόρρητα</span> <span class='ocrx_word' id='word_1_204' title='bbox 3398 1444 3620 1509; x_wconf 79' lang='grc' dir='ltr'>θέσθαι,</span> 
     </span>
    </p>
   </div>
   <div class='ocr_carea' id='block_1_30' title="bbox 2036 1522 3625 1605">
    <p class='ocr_par' dir='ltr' id='par_1_30' title="bbox 2036 1522 3625 1605">
     <span class='ocr_line' id='line_1_30' title="bbox 2036 1522 3625 1605; baseline 0.001 -18"><span class='ocrx_word' id='word_1_205' title='bbox 2036 1522 2257 1603; x_wconf 26' lang='grc' dir='ltr'>δαίμονικ</span> <span class='ocrx_word' id='word_1_206' title='bbox 2279 1536 2512 1604; x_wconf 81' lang='grc' dir='ltr'>κάτοχον</span> <span class='ocrx_word' id='word_1_207' title='bbox 2556 1534 2645 1589; x_wconf 73' lang='grc' dir='ltr'>διὰ</span> <span class='ocrx_word' id='word_1_208' title='bbox 2678 1536 2987 1605; x_wconf 76' lang='grc' dir='ltr'><strong>προσευχῆς</strong></span> <span class='ocrx_word' id='word_1_209' title='bbox 3035 1537 3065 1588; x_wconf 82' lang='grc' dir='ltr'><strong><em>ὁ</em></strong></span> <span class='ocrx_word' id='word_1_210' title='bbox 3107 1535 3285 1605; x_wconf 75' lang='grc' dir='ltr'>γέρων</span> <span class='ocrx_word' id='word_1_211' title='bbox 3330 1539 3509 1588; x_wconf 76' lang='grc' dir='ltr'>ποιεῖ’</span> <span class='ocrx_word' id='word_1_212' title='bbox 3548 1534 3625 1599; x_wconf 84' lang='grc' dir='ltr'>ὼς</span> 
     </span>
    </p>
   </div>
   <div class='ocr_carea' id='block_1_31' title="bbox 2042 1625 3621 1698">
    <p class='ocr_par' dir='ltr' id='par_1_31' title="bbox 2042 1625 3621 1698">
     <span class='ocr_line' id='line_1_31' title="bbox 2042 1625 3621 1698; baseline 0.001 -19"><span class='ocrx_word' id='word_1_213' title='bbox 2042 1626 2239 1698; x_wconf 76' lang='grc' dir='ltr'>μηκέτι</span> <span class='ocrx_word' id='word_1_214' title='bbox 2282 1627 2389 1680; x_wconf 83' lang='grc' dir='ltr'>τῶν</span> <span class='ocrx_word' id='word_1_215' title='bbox 2429 1625 2605 1681; x_wconf 77' lang='grc' dir='ltr'>ἄλλων</span> <span class='ocrx_word' id='word_1_216' title='bbox 2649 1626 2924 1697; x_wconf 84' lang='grc' dir='ltr'>μηδεμίαν</span> <span class='ocrx_word' id='word_1_217' title='bbox 2958 1627 3231 1697; x_wconf 85' lang='grc' dir='ltr'>τολμῆσαι</span> <span class='ocrx_word' id='word_1_218' title='bbox 3253 1627 3471 1696; x_wconf 71' lang='grc' dir='ltr'>ἔκφορα</span> <span class='ocrx_word' id='word_1_219' title='bbox 3527 1626 3621 1680; x_wconf 81' lang='grc' dir='ltr'><strong>τοῦ</strong></span> 
     </span>
    </p>
   </div>
   <div class='ocr_carea' id='block_1_32' title="bbox 2038 1713 3623 1785">
    <p class='ocr_par' dir='ltr' id='par_1_32' title="bbox 2038 1713 3623 1785">
     <span class='ocr_line' id='line_1_32' title="bbox 2038 1713 3623 1785; baseline 0 -17"><span class='ocrx_word' id='word_1_220' title='bbox 2038 1713 2227 1768; x_wconf 81' lang='grc' dir='ltr'>λοιποῦ</span> <span class='ocrx_word' id='word_1_221' title='bbox 2284 1714 2354 1767; x_wconf 71' lang='grc' dir='ltr'>τὰ</span> <span class='ocrx_word' id='word_1_222' title='bbox 2388 1716 2531 1768; x_wconf 70' lang='grc' dir='ltr'>κατὰ</span> <span class='ocrx_word' id='word_1_223' title='bbox 2584 1714 2675 1768; x_wconf 73' lang='grc' dir='ltr'><strong>τὸν</strong></span> <span class='ocrx_word' id='word_1_224' title='bbox 2726 1714 2890 1769; x_wconf 84' lang='grc' dir='ltr'>αὐτοῦ</span> <span class='ocrx_word' id='word_1_225' title='bbox 2925 1714 3038 1784; x_wconf 86' lang='grc' dir='ltr'>βίον</span> <span class='ocrx_word' id='word_1_226' title='bbox 3067 1715 3329 1785; x_wconf 73' lang='grc' dir='ltr'>ποιῆσαι*</span> <span class='ocrx_word' id='word_1_227' title='bbox 3366 1716 3536 1780; x_wconf 76' lang='grc' dir='ltr'>αὐτὸς</span> <span class='ocrx_word' id='word_1_228' title='bbox 3564 1717 3623 1771; x_wconf 73' lang='grc' dir='ltr'>δὲ</span> 
     </span>
    </p>
   </div>
   <div class='ocr_carea' id='block_1_33' title="bbox 358 1794 1935 1883">
    <p class='ocr_par' dir='ltr' id='par_1_33' title="bbox 358 1811 1933 1883">
     <span class='ocr_line' id='line_1_33' title="bbox 358 1811 1933 1883; baseline 0.001 -22"><span class='ocrx_word' id='word_1_229' title='bbox 358 1826 520 1882; x_wconf 87' lang='lat' dir='ltr'><strong>quem</strong></span> <span class='ocrx_word' id='word_1_230' title='bbox 570 1813 974 1877; x_wconf 83' lang='lat' dir='ltr'><strong>mercenarius,</strong></span> <span class='ocrx_word' id='word_1_231' title='bbox 1020 1814 1292 1883; x_wconf 88' lang='lat' dir='ltr'><strong>accipiens</strong></span> <span class='ocrx_word' id='word_1_232' title='bbox 1329 1814 1471 1882; x_wconf 92' lang='lat' dir='ltr'><strong>quod</strong></span> <span class='ocrx_word' id='word_1_233' title='bbox 1513 1813 1698 1867; x_wconf 90' lang='lat' dir='ltr'><strong>datum</strong></span> <span class='ocrx_word' id='word_1_234' title='bbox 1738 1811 1933 1877; x_wconf 87' lang='lat' dir='ltr'><strong>fuerat,</strong></span> 
     </span>
    </p>
   </div>
   <div class='ocr_carea' id='block_1_34' title="bbox 2042 1794 3623 1883">
    <p class='ocr_par' dir='ltr' id='par_1_34' title="bbox 2042 1804 3623 1877">
     <span class='ocr_line' id='line_1_34' title="bbox 2042 1804 3623 1877; baseline 0.001 -18"><span class='ocrx_word' id='word_1_235' title='bbox 2042 1805 2352 1875; x_wconf 73' lang='grc' dir='ltr'>διαφεύγειν</span> <span class='ocrx_word' id='word_1_236' title='bbox 2381 1806 2481 1876; x_wconf 79' lang='grc' dir='ltr'><strong>τὴν</strong></span> <span class='ocrx_word' id='word_1_237' title='bbox 2514 1805 2574 1870; x_wconf 79' lang='grc' dir='ltr'>ἐξ</span> <span class='ocrx_word' id='word_1_238' title='bbox 2615 1804 2919 1873; x_wconf 83' lang='grc' dir='ltr'>ἀνθρώπων</span> <span class='ocrx_word' id='word_1_239' title='bbox 2950 1806 3106 1870; x_wconf 78' lang='grc' dir='ltr'>δόξαν</span> <span class='ocrx_word' id='word_1_240' title='bbox 3152 1807 3503 1877; x_wconf 83' lang='grc' dir='ltr'>βουλόμενος,</span> <span class='ocrx_word' id='word_1_241' title='bbox 3533 1806 3623 1860; x_wconf 80' lang='grc' dir='ltr'>καὶ</span> 
     </span>
    </p>
   </div>
   <div class='ocr_carea' id='block_1_35' title="bbox 359 1903 1936 1975">
    <p class='ocr_par' dir='ltr' id='par_1_35' title="bbox 359 1903 1936 1975">
     <span class='ocr_line' id='line_1_35' title="bbox 359 1903 1936 1975; baseline -0.001 -16"><span class='ocrx_word' id='word_1_242' title='bbox 359 1916 482 1959; x_wconf 86' lang='lat' dir='ltr'><strong>cum</strong></span> <span class='ocrx_word' id='word_1_243' title='bbox 505 1911 648 1958; x_wconf 83' lang='lat' dir='ltr'><strong>esset</strong></span> <span class='ocrx_word' id='word_1_244' title='bbox 675 1904 945 1969; x_wconf 87' lang='lat' dir='ltr'><strong>abiturus.</strong></span> <span class='ocrx_word' id='word_1_245' title='bbox 976 1905 1207 1975; x_wconf 76' lang='lat' dir='ltr'><strong>ﬁngebat</strong></span> <span class='ocrx_word' id='word_1_246' title='bbox 1234 1905 1373 1974; x_wconf 90' lang='lat' dir='ltr'><strong>apud</strong></span> <span class='ocrx_word' id='word_1_247' title='bbox 1398 1918 1457 1959; x_wconf 83' lang='lat' dir='ltr'><strong>se</strong></span> <span class='ocrx_word' id='word_1_248' title='bbox 1480 1905 1660 1959; x_wconf 89' lang='lat' dir='ltr'><strong>dicere</strong></span> <span class='ocrx_word' id='word_1_249' title='bbox 1682 1903 1936 1957; x_wconf 84' lang='lat' dir='ltr'><strong>omnibus</strong></span> 
     </span>
    </p>
   </div>
   <div class='ocr_carea' id='block_1_36' title="bbox 364 1994 1936 2068">
    <p class='ocr_par' dir='ltr' id='par_1_36' title="bbox 364 1994 1936 2068">
     <span class='ocr_line' id='line_1_36' title="bbox 364 1994 1936 2068; baseline 0.002 -23"><span class='ocrx_word' id='word_1_250' title='bbox 364 1996 715 2051; x_wconf 86' lang='lat' dir='ltr'><strong>audientibus</strong></span> <span class='ocrx_word' id='word_1_251' title='bbox 759 2014 773 2051; x_wconf 84' lang='lat'><strong>:</strong></span> <span class='ocrx_word' id='word_1_252' title='bbox 825 1999 1102 2053; x_wconf 81' lang='lat' dir='ltr'><strong>Abeamus</strong></span> <span class='ocrx_word' id='word_1_253' title='bbox 1153 1999 1265 2068; x_wconf 90' lang='lat' dir='ltr'><strong>jam</strong></span> <span class='ocrx_word' id='word_1_254' title='bbox 1324 1996 1512 2053; x_wconf 78' lang='lat' dir='ltr'><strong>infelix</strong></span> <span class='ocrx_word' id='word_1_255' title='bbox 1568 2011 1755 2051; x_wconf 88' lang='lat' dir='ltr'><strong>senex.</strong></span> <span class='ocrx_word' id='word_1_256' title='bbox 1812 1994 1936 2049; x_wconf 89' lang='lat' dir='ltr'><strong>Scis</strong></span> 
     </span>
    </p>
   </div>
   <div class='ocr_carea' id='block_1_37' title="bbox 361 2084 1937 2160">
    <p class='ocr_par' dir='ltr' id='par_1_37' title="bbox 361 2084 1937 2160">
     <span class='ocr_line' id='line_1_37' title="bbox 361 2084 1937 2160; baseline 0.003 -23"><span class='ocrx_word' id='word_1_257' title='bbox 361 2084 527 2153; x_wconf 87' lang='lat' dir='ltr'><strong>enim,</strong></span> <span class='ocrx_word' id='word_1_258' title='bbox 570 2088 708 2155; x_wconf 91' lang='lat' dir='ltr'><strong>quod</strong></span> <span class='ocrx_word' id='word_1_259' title='bbox 754 2087 841 2141; x_wconf 90' lang='lat' dir='ltr'><strong>illa</strong></span> <span class='ocrx_word' id='word_1_260' title='bbox 884 2099 935 2143; x_wconf 90' lang='lat' dir='ltr'><strong>te</strong></span> <span class='ocrx_word' id='word_1_261' title='bbox 962 2098 1278 2160; x_wconf 78' lang='lat' dir='ltr'><strong>exspectat;</strong></span> <span class='ocrx_word' id='word_1_262' title='bbox 1311 2088 1457 2143; x_wconf 88' lang='lat' dir='ltr'><strong>illam</strong></span> <span class='ocrx_word' id='word_1_263' title='bbox 1486 2088 1837 2158; x_wconf 80' lang='lat' dir='ltr'><strong>significans,</strong></span> <span class='ocrx_word' id='word_1_264' title='bbox 1868 2085 1937 2141; x_wconf 91' lang='lat' dir='ltr'><strong>ad</strong></span> 
     </span>
    </p>
   </div>
   <div class='ocr_carea' id='block_1_38' title="bbox 361 2175 1939 2246">
    <p class='ocr_par' dir='ltr' id='par_1_38' title="bbox 361 2175 1939 2246">
     <span class='ocr_line' id='line_1_38' title="bbox 361 2175 1939 2246; baseline 0.004 -22"><span class='ocrx_word' id='word_1_265' title='bbox 361 2186 526 2239; x_wconf 84' lang='lat' dir='ltr'><strong>quam</strong></span> <span class='ocrx_word' id='word_1_266' title='bbox 563 2183 683 2229; x_wconf 84' lang='lat' dir='ltr'><strong>erat</strong></span> <span class='ocrx_word' id='word_1_267' title='bbox 726 2175 1062 2233; x_wconf 88' lang='lat' dir='ltr'><strong>diversurus.</strong></span> <span class='ocrx_word' id='word_1_268' title='bbox 1109 2178 1191 2232; x_wconf 85' lang='lat' dir='ltr'><strong>Ad</strong></span> <span class='ocrx_word' id='word_1_269' title='bbox 1234 2191 1328 2232; x_wconf 88' lang='lat' dir='ltr'><strong>eos</strong></span> <span class='ocrx_word' id='word_1_270' title='bbox 1378 2186 1578 2243; x_wconf 89' lang='lat' dir='ltr'><strong>autem,</strong></span> <span class='ocrx_word' id='word_1_271' title='bbox 1619 2176 1710 2246; x_wconf 90' lang='lat' dir='ltr'><strong>qui</strong></span> <span class='ocrx_word' id='word_1_272' title='bbox 1742 2175 1939 2232; x_wconf 86' lang='lat' dir='ltr'><strong>irride-</strong></span> 
     </span>
    </p>
   </div>
   <div class='ocr_carea' id='block_1_39' title="bbox 357 2263 1941 2338">
    <p class='ocr_par' dir='ltr' id='par_1_39' title="bbox 357 2263 1941 2338">
     <span class='ocr_line' id='line_1_39' title="bbox 357 2263 1941 2338; baseline 0 -15"><span class='ocrx_word' id='word_1_273' title='bbox 357 2263 491 2323; x_wconf 79' lang='lat' dir='ltr'><strong>bant</strong></span> <span class='ocrx_word' id='word_1_274' title='bbox 524 2276 578 2320; x_wconf 83' lang='lat' dir='ltr'><strong>et</strong></span> <span class='ocrx_word' id='word_1_275' title='bbox 610 2282 732 2322; x_wconf 90' lang='lat' dir='ltr'><strong>eum</strong></span> <span class='ocrx_word' id='word_1_276' title='bbox 764 2270 976 2337; x_wconf 87' lang='lat' dir='ltr'><strong>probris</strong></span> <span class='ocrx_word' id='word_1_277' title='bbox 1015 2285 1081 2326; x_wconf 89' lang='lat' dir='ltr'><strong>ac</strong></span> <span class='ocrx_word' id='word_1_278' title='bbox 1123 2269 1426 2325; x_wconf 87' lang='lat' dir='ltr'><strong>maledictis</strong></span> <span class='ocrx_word' id='word_1_279' title='bbox 1469 2268 1837 2338; x_wconf 89' lang='lat' dir='ltr'><strong>impetehant,</strong></span> <span class='ocrx_word' id='word_1_280' title='bbox 1880 2281 1941 2323; x_wconf 86' lang='lat' dir='ltr'><strong>se</strong></span> 
     </span>
    </p>
   </div>
   <div class='ocr_carea' id='block_1_40' title="bbox 363 2359 1940 2432">
    <p class='ocr_par' dir='ltr' id='par_1_40' title="bbox 363 2359 1940 2432">
     <span class='ocr_line' id='line_1_40' title="bbox 363 2359 1940 2432; baseline 0.004 -24"><span class='ocrx_word' id='word_1_281' title='bbox 363 2359 652 2424; x_wconf 77' lang='lat' dir='ltr'><strong>excusans,</strong></span> <span class='ocrx_word' id='word_1_282' title='bbox 699 2367 951 2429; x_wconf 85' lang='lat' dir='ltr'><strong>tanquam</strong></span> <span class='ocrx_word' id='word_1_283' title='bbox 1002 2376 1099 2432; x_wconf 93' lang='lat' dir='ltr'><strong>pro</strong></span> <span class='ocrx_word' id='word_1_284' title='bbox 1152 2361 1329 2428; x_wconf 91' lang='lat' dir='ltr'><strong>mala,</strong></span> <span class='ocrx_word' id='word_1_285' title='bbox 1370 2375 1490 2432; x_wconf 71' lang='lat' dir='ltr'><strong>qua!</strong></span> <span class='ocrx_word' id='word_1_286' title='bbox 1528 2361 1689 2415; x_wconf 85' lang='lat' dir='ltr'><strong>fiebat</strong></span> <span class='ocrx_word' id='word_1_287' title='bbox 1727 2373 1940 2425; x_wconf 85' lang='lat' dir='ltr'><strong>revera,</strong></span> 
     </span>
    </p>
   </div>
   <div class='ocr_carea' id='block_1_41' title="bbox 377 2445 1942 2522">
    <p class='ocr_par' dir='ltr' id='par_1_41' title="bbox 377 2445 1942 2522">
     <span class='ocr_line' id='line_1_41' title="bbox 377 2445 1942 2522; baseline 0.003 -24"><span class='ocrx_word' id='word_1_288' title='bbox 377 2445 591 2502; x_wconf 81' lang='lat' dir='ltr'><strong>actione</strong></span> <span class='ocrx_word' id='word_1_289' title='bbox 633 2470 646 2503; x_wconf 86' lang='lat'>:</span> <span class='ocrx_word' id='word_1_290' title='bbox 684 2445 827 2514; x_wconf 81' lang='lat' dir='ltr'><strong>Quid</strong></span> <span class='ocrx_word' id='word_1_291' title='bbox 868 2450 1035 2506; x_wconf 82' lang='lat' dir='ltr'><strong>vero?</strong></span> <span class='ocrx_word' id='word_1_292' title='bbox 1077 2465 1259 2506; x_wconf 89' lang='lat' dir='ltr'><strong>annon</strong></span> <span class='ocrx_word' id='word_1_293' title='bbox 1314 2465 1415 2522; x_wconf 89' lang='lat' dir='ltr'><strong>ego</strong></span> <span class='ocrx_word' id='word_1_294' title='bbox 1457 2465 1673 2520; x_wconf 90' lang='lat' dir='ltr'><strong>quoque</strong></span> <span class='ocrx_word' id='word_1_295' title='bbox 1710 2465 1830 2504; x_wconf 86' lang='lat' dir='ltr'><strong>sum</strong></span> <span class='ocrx_word' id='word_1_296' title='bbox 1873 2464 1942 2503; x_wconf 87' lang='lat' dir='ltr'><strong>ex</strong></span> 
     </span>
    </p>
   </div>
   <div class='ocr_carea' id='block_1_42' title="bbox 365 2538 1941 2613">
    <p class='ocr_par' dir='ltr' id='par_1_42' title="bbox 365 2538 1941 2613">
     <span class='ocr_line' id='line_1_42' title="bbox 365 2538 1941 2613; baseline 0.001 -20"><span class='ocrx_word' id='word_1_297' title='bbox 365 2538 454 2599; x_wconf 83' lang='lat' dir='ltr'><strong>iis,</strong></span> <span class='ocrx_word' id='word_1_298' title='bbox 488 2538 579 2607; x_wconf 88' lang='lat' dir='ltr'><strong>qui</strong></span> <span class='ocrx_word' id='word_1_299' title='bbox 609 2554 826 2595; x_wconf 85' lang='lat' dir='ltr'><strong>carnem</strong></span> <span class='ocrx_word' id='word_1_300' title='bbox 860 2551 1093 2613; x_wconf 77' lang='lat' dir='ltr'><strong>gestant,</strong></span> <span class='ocrx_word' id='word_1_301' title='bbox 1136 2552 1190 2597; x_wconf 91' lang='lat' dir='ltr'><strong>et</strong></span> <span class='ocrx_word' id='word_1_302' title='bbox 1216 2543 1416 2598; x_wconf 91' lang='lat' dir='ltr'><strong>cedunt</strong></span> <span class='ocrx_word' id='word_1_303' title='bbox 1442 2542 1560 2613; x_wconf 88' lang='lat' dir='ltr'><strong>ejus</strong></span> <span class='ocrx_word' id='word_1_304' title='bbox 1589 2540 1835 2612; x_wconf 80' lang='lat' dir='ltr'><strong>legibus?</strong></span> <span class='ocrx_word' id='word_1_305' title='bbox 1860 2541 1941 2595; x_wconf 84' lang='lat' dir='ltr'><strong>Au</strong></span> 
     </span>
    </p>
   </div>
   <div class='ocr_carea' id='block_1_43' title="bbox 346 2626 1941 2704">
    <p class='ocr_par' dir='ltr' id='par_1_43' title="bbox 346 2626 1941 2704">
     <span class='ocr_line' id='line_1_43' title="bbox 346 2626 1941 2704; baseline 0.002 -18"><span class='ocrx_word' id='word_1_306' title='bbox 346 2626 496 2686; x_wconf 62' lang='lat' dir='ltr'><strong>&#39;solis</strong></span> <span class='ocrx_word' id='word_1_307' title='bbox 522 2631 852 2695; x_wconf 86' lang='lat' dir='ltr'><strong>prohibitum</strong></span> <span class='ocrx_word' id='word_1_308' title='bbox 885 2644 967 2701; x_wconf 82' lang='lat' dir='ltr'><strong>est</strong></span> <span class='ocrx_word' id='word_1_309' title='bbox 994 2635 1275 2690; x_wconf 82' lang='lat' dir='ltr'><strong>monachis</strong></span> <span class='ocrx_word' id='word_1_310' title='bbox 1309 2650 1533 2691; x_wconf 87' lang='lat' dir='ltr'><strong>manere</strong></span> <span class='ocrx_word' id='word_1_311' title='bbox 1558 2644 1711 2690; x_wconf 82' lang='lat' dir='ltr'><strong>extra</strong></span> <span class='ocrx_word' id='word_1_312' title='bbox 1742 2647 1941 2704; x_wconf 90' lang='lat' dir='ltr'><strong>corpo-</strong></span> 
     </span>
    </p>
   </div>
   <div class='ocr_carea' id='block_1_44' title="bbox 347 2712 1944 2799">
    <p class='ocr_par' dir='ltr' id='par_1_44' title="bbox 347 2712 1944 2799">
     <span class='ocr_line' id='line_1_44' title="bbox 347 2712 1944 2799; baseline 0.001 -21"><span class='ocrx_word' id='word_1_313' title='bbox 347 2712 442 2779; x_wconf 65' lang='lat' dir='ltr'><strong>~ris</strong></span> <span class='ocrx_word' id='word_1_314' title='bbox 477 2723 781 2794; x_wconf 79' lang='lat' dir='ltr'><strong>voluptates</strong></span> <span class='ocrx_word' id='word_1_315' title='bbox 807 2726 829 2780; x_wconf 88' lang='lat'><strong>?</strong></span> <span class='ocrx_word' id='word_1_316' title='bbox 858 2740 961 2782; x_wconf 90' lang='lat' dir='ltr'><strong>non</strong></span> <span class='ocrx_word' id='word_1_317' title='bbox 988 2736 1115 2784; x_wconf 84' lang='lat' dir='ltr'><strong>sunt</strong></span> <span class='ocrx_word' id='word_1_318' title='bbox 1149 2730 1248 2799; x_wconf 89' lang='lat' dir='ltr'><strong>ipsi</strong></span> <span class='ocrx_word' id='word_1_319' title='bbox 1279 2743 1493 2799; x_wconf 86' lang='lat' dir='ltr'><strong>quoque</strong></span> <span class='ocrx_word' id='word_1_320' title='bbox 1522 2728 1818 2799; x_wconf 88' lang='lat' dir='ltr'><strong>participes</strong></span> <span class='ocrx_word' id='word_1_321' title='bbox 1846 2741 1944 2780; x_wconf 88' lang='lat' dir='ltr'><strong>na-</strong></span> 
     </span>
    </p>
   </div>
   <div class='ocr_carea' id='block_1_45' title="bbox 366 2816 1943 2891">
    <p class='ocr_par' dir='ltr' id='par_1_45' title="bbox 366 2816 1943 2891">
     <span class='ocr_line' id='line_1_45' title="bbox 366 2816 1943 2891; baseline 0.001 -22"><span class='ocrx_word' id='word_1_322' title='bbox 366 2816 621 2872; x_wconf 90' lang='lat' dir='ltr'><strong>turalium</strong></span> <span class='ocrx_word' id='word_1_323' title='bbox 661 2818 1042 2887; x_wconf 81' lang='lat' dir='ltr'><strong>aﬂ‘ectiouum,</strong></span> <span class='ocrx_word' id='word_1_324' title='bbox 1074 2821 1327 2883; x_wconf 83' lang='lat' dir='ltr'><strong>similiter</strong></span> <span class='ocrx_word' id='word_1_325' title='bbox 1367 2830 1531 2891; x_wconf 89' lang='lat' dir='ltr'><strong>atque</strong></span> <span class='ocrx_word' id='word_1_326' title='bbox 1570 2820 1699 2874; x_wconf 88' lang='lat' dir='ltr'><strong>alii?</strong></span> <span class='ocrx_word' id='word_1_327' title='bbox 1742 2818 1943 2872; x_wconf 87' lang='lat' dir='ltr'><strong>Deinde</strong></span> 
     </span>
    </p>
   </div>
   <div class='ocr_carea' id='block_1_46' title="bbox 365 2908 1945 2979">
    <p class='ocr_par' dir='ltr' id='par_1_46' title="bbox 365 2908 1945 2979">
     <span class='ocr_line' id='line_1_46' title="bbox 365 2908 1945 2979; baseline 0.001 -18"><span class='ocrx_word' id='word_1_328' title='bbox 365 2908 689 2979; x_wconf 88' lang='lat' dir='ltr'><strong>quibusdam</strong></span> <span class='ocrx_word' id='word_1_329' title='bbox 725 2912 1132 2968; x_wconf 85' lang='lat' dir='ltr'><strong>consulentibus</strong></span> <span class='ocrx_word' id='word_1_330' title='bbox 1162 2923 1217 2968; x_wconf 90' lang='lat' dir='ltr'><strong>et</strong></span> <span class='ocrx_word' id='word_1_331' title='bbox 1248 2913 1555 2969; x_wconf 89' lang='lat' dir='ltr'><strong>dicentibus</strong></span> <span class='ocrx_word' id='word_1_332' title='bbox 1586 2928 1599 2969; x_wconf 86' lang='lat'><strong>:</strong></span> <span class='ocrx_word' id='word_1_333' title='bbox 1631 2908 1802 2966; x_wconf 88' lang='lat' dir='ltr'><strong>Unam</strong></span> <span class='ocrx_word' id='word_1_334' title='bbox 1837 2908 1945 2964; x_wconf 89' lang='lat' dir='ltr'><strong>sal-</strong></span> 
     </span>
    </p>
   </div>
   <div class='ocr_carea' id='block_1_47' title="bbox 2035 1895 3624 1969">
    <p class='ocr_par' dir='ltr' id='par_1_47' title="bbox 2035 1895 3624 1969">
     <span class='ocr_line' id='line_1_47' title="bbox 2035 1895 3624 1969; baseline 0.001 -20"><span class='ocrx_word' id='word_1_335' title='bbox 2035 1897 2214 1968; x_wconf 76' lang='grc' dir='ltr'>ψυχὰς</span> <span class='ocrx_word' id='word_1_336' title='bbox 2257 1896 2317 1963; x_wconf 76' lang='grc' dir='ltr'><strong>ἐξ</strong></span> <span class='ocrx_word' id='word_1_337' title='bbox 2359 1897 2636 1968; x_wconf 84' lang='grc' dir='ltr'>ἁμαρτίας</span> <span class='ocrx_word' id='word_1_338' title='bbox 2679 1895 2964 1969; x_wconf 81' lang='grc' dir='ltr'>[ὲξάγειν],</span> <span class='ocrx_word' id='word_1_339' title='bbox 3007 1899 3169 1968; x_wconf 76' lang='grc' dir='ltr'>ἡνίκα</span> <span class='ocrx_word' id='word_1_340' title='bbox 3197 1898 3347 1968; x_wconf 81' lang='grc' dir='ltr'>παρὰ</span> <span class='ocrx_word' id='word_1_341' title='bbox 3376 1898 3460 1967; x_wconf 85' lang='grc' dir='ltr'>τῷ</span> <span class='ocrx_word' id='word_1_342' title='bbox 3506 1897 3624 1967; x_wconf 81' lang='grc' dir='ltr'><strong>Θεῷ</strong></span> 
     </span>
    </p>
   </div>
   <div class='ocr_carea' id='block_1_48' title="bbox 2036 1988 3621 2060">
    <p class='ocr_par' dir='ltr' id='par_1_48' title="bbox 2036 1988 3621 2060">
     <span class='ocr_line' id='line_1_48' title="bbox 2036 1988 3621 2060; baseline 0.001 -18"><span class='ocrx_word' id='word_1_343' title='bbox 2036 1988 2407 2060; x_wconf 83' lang='grc' dir='ltr'>ὲμισθοφόρει,</span> <span class='ocrx_word' id='word_1_344' title='bbox 2425 1990 2486 2042; x_wconf 81' lang='grc' dir='ltr'>τὸ</span> <span class='ocrx_word' id='word_1_345' title='bbox 2507 1989 2657 2042; x_wconf 86' lang='grc' dir='ltr'>δοθὲν</span> <span class='ocrx_word' id='word_1_346' title='bbox 2681 1988 2999 2059; x_wconf 82' lang='grc' dir='ltr'>λαμϐάνων,</span> <span class='ocrx_word' id='word_1_347' title='bbox 3024 1990 3099 2053; x_wconf 83' lang='grc' dir='ltr'><strong>ὡς</strong></span> <span class='ocrx_word' id='word_1_348' title='bbox 3126 1989 3383 2059; x_wconf 80' lang='grc' dir='ltr'><strong>ἀφίεσθαι</strong></span> <span class='ocrx_word' id='word_1_349' title='bbox 3405 1989 3621 2059; x_wconf 75' lang='grc' dir='ltr'>ἔμελλε,</span> 
     </span>
    </p>
   </div>
   <div class='ocr_carea' id='block_1_49' title="bbox 2036 2079 3618 2151">
    <p class='ocr_par' dir='ltr' id='par_1_49' title="bbox 2036 2079 3618 2151">
     <span class='ocr_line' id='line_1_49' title="bbox 2036 2079 3618 2151; baseline -0.001 -17"><span class='ocrx_word' id='word_1_350' title='bbox 2036 2082 2415 2151; x_wconf 80' lang='grc' dir='ltr'>προσεποιεῖτο</span> <span class='ocrx_word' id='word_1_351' title='bbox 2435 2079 2616 2147; x_wconf 82' lang='grc' dir='ltr'>λέγειν</span> <span class='ocrx_word' id='word_1_352' title='bbox 2643 2081 2780 2149; x_wconf 80' lang='grc' dir='ltr'>πρὸς</span> <span class='ocrx_word' id='word_1_353' title='bbox 2805 2080 3028 2133; x_wconf 77' lang='grc' dir='ltr'>σεαυτὸν</span> <span class='ocrx_word' id='word_1_354' title='bbox 3057 2081 3137 2144; x_wconf 88' lang='grc' dir='ltr'><strong>είς</strong></span> <span class='ocrx_word' id='word_1_355' title='bbox 3170 2080 3339 2145; x_wconf 80' lang='grc' dir='ltr'>ἀκοὰς</span> <span class='ocrx_word' id='word_1_356' title='bbox 3367 2081 3618 2134; x_wconf 60' lang='grc' dir='ltr'>πάντωνο</span> 
     </span>
    </p>
   </div>
   <div class='ocr_carea' id='block_1_50' title="bbox 2050 2170 3616 2245">
    <p class='ocr_par' dir='ltr' id='par_1_50' title="bbox 2050 2170 3616 2245">
     <span class='ocr_line' id='line_1_50' title="bbox 2050 2170 3616 2245; baseline 0.002 -21"><span class='ocrx_word' id='word_1_357' title='bbox 2050 2172 2326 2243; x_wconf 79' lang='grc' dir='ltr'><strong>Ἀπίωμεν</strong></span> <span class='ocrx_word' id='word_1_358' title='bbox 2360 2172 2507 2244; x_wconf 77' lang='grc' dir='ltr'>ἄρτι,</span> <span class='ocrx_word' id='word_1_359' title='bbox 2552 2172 2777 2226; x_wconf 83' lang='grc' dir='ltr'>ταπεινὲ</span> <span class='ocrx_word' id='word_1_360' title='bbox 2814 2173 3022 2244; x_wconf 71' lang='grc' dir='ltr'>γέρων*</span> <span class='ocrx_word' id='word_1_361' title='bbox 3054 2170 3202 2236; x_wconf 75' lang='grc' dir='ltr'>οἶδας</span> <span class='ocrx_word' id='word_1_362' title='bbox 3229 2173 3340 2245; x_wconf 79' lang='grc' dir='ltr'><strong>γὰρ</strong></span> <span class='ocrx_word' id='word_1_363' title='bbox 3397 2175 3552 2238; x_wconf 79' lang='grc' dir='ltr'>ὅπως</span> <span class='ocrx_word' id='word_1_364' title='bbox 3583 2175 3616 2245; x_wconf 69' lang='grc' dir='ltr'>ἡ</span> 
     </span>
    </p>
   </div>
   <div class='ocr_carea' id='block_1_51' title="bbox 2038 2264 3625 2337">
    <p class='ocr_par' dir='ltr' id='par_1_51' title="bbox 2038 2264 3625 2337">
     <span class='ocr_line' id='line_1_51' title="bbox 2038 2264 3625 2337; baseline 0 -18"><span class='ocrx_word' id='word_1_365' title='bbox 2038 2265 2188 2319; x_wconf 78' lang='grc' dir='ltr'>δεῖνα</span> <span class='ocrx_word' id='word_1_366' title='bbox 2217 2264 2500 2334; x_wconf 79' lang='grc' dir='ltr'>περιμένει</span> <span class='ocrx_word' id='word_1_367' title='bbox 2533 2281 2593 2317; x_wconf 89' lang='grc' dir='ltr'>σε</span> <span class='ocrx_word' id='word_1_368' title='bbox 2614 2282 2630 2298; x_wconf 89' lang='grc'><strong>·</strong></span> <span class='ocrx_word' id='word_1_369' title='bbox 2665 2265 2883 2335; x_wconf 81' lang='grc' dir='ltr'>ἐκείνην</span> <span class='ocrx_word' id='word_1_370' title='bbox 2910 2264 3091 2334; x_wconf 76' lang='grc' dir='ltr'>δηλῶν</span> <span class='ocrx_word' id='word_1_371' title='bbox 3122 2266 3259 2335; x_wconf 79' lang='grc' dir='ltr'>πρὸς</span> <span class='ocrx_word' id='word_1_372' title='bbox 3290 2269 3354 2337; x_wconf 70' lang='grc' dir='ltr'><strong>ἣν</strong></span> <span class='ocrx_word' id='word_1_373' title='bbox 3389 2267 3505 2336; x_wconf 80' lang='grc' dir='ltr'>ἄρα</span> <span class='ocrx_word' id='word_1_374' title='bbox 3534 2267 3625 2319; x_wconf 74' lang='grc' dir='ltr'>καὶ</span> 
     </span>
    </p>
   </div>
   <div class='ocr_carea' id='block_1_52' title="bbox 2041 2354 3620 2428">
    <p class='ocr_par' dir='ltr' id='par_1_52' title="bbox 2041 2354 3620 2428">
     <span class='ocr_line' id='line_1_52' title="bbox 2041 2354 3620 2428; baseline 0 -18"><span class='ocrx_word' id='word_1_375' title='bbox 2041 2356 2377 2424; x_wconf 79' lang='grc' dir='ltr'>κατάγεσθαι</span> <span class='ocrx_word' id='word_1_376' title='bbox 2419 2354 2632 2425; x_wconf 76' lang='grc' dir='ltr'>ἔμελλε.</span> <span class='ocrx_word' id='word_1_377' title='bbox 2671 2356 2814 2428; x_wconf 82' lang='grc' dir='ltr'>Πρὸς</span> <span class='ocrx_word' id='word_1_378' title='bbox 2877 2357 3064 2426; x_wconf 84' lang='grc' dir='ltr'>μέντοι</span> <span class='ocrx_word' id='word_1_379' title='bbox 3093 2357 3219 2419; x_wconf 78' lang='grc' dir='ltr'>τοὺς</span> <span class='ocrx_word' id='word_1_380' title='bbox 3266 2357 3620 2419; x_wconf 80' lang='grc' dir='ltr'>σκώπτοντας</span> 
     </span>
    </p>
   </div>
   <div class='ocr_carea' id='block_1_53' title="bbox 2040 2445 3621 2517">
    <p class='ocr_par' dir='ltr' id='par_1_53' title="bbox 2040 2445 3621 2517">
     <span class='ocr_line' id='line_1_53' title="bbox 2040 2445 3621 2517; baseline -0.001 -15"><span class='ocrx_word' id='word_1_381' title='bbox 2040 2447 2202 2502; x_wconf 75' lang='grc' dir='ltr'>αὐτὸν</span> <span class='ocrx_word' id='word_1_382' title='bbox 2220 2448 2316 2499; x_wconf 71' lang='grc' dir='ltr'>καὶ</span> <span class='ocrx_word' id='word_1_383' title='bbox 2340 2446 2571 2499; x_wconf 84' lang='grc' dir='ltr'>ὀνείδεσι</span> <span class='ocrx_word' id='word_1_384' title='bbox 2602 2445 2895 2515; x_wconf 79' lang='grc' dir='ltr'>βάλλοντας</span> <span class='ocrx_word' id='word_1_385' title='bbox 2925 2446 3364 2517; x_wconf 81' lang='grc' dir='ltr'><strong>ἀπολογούμενος</strong></span> <span class='ocrx_word' id='word_1_386' title='bbox 3388 2448 3470 2511; x_wconf 84' lang='grc' dir='ltr'><strong>ὡς</strong></span> <span class='ocrx_word' id='word_1_387' title='bbox 3500 2447 3621 2517; x_wconf 83' lang='grc' dir='ltr'>περί</span> 
     </span>
    </p>
   </div>
   <div class='ocr_carea' id='block_1_54' title="bbox 2041 2537 3621 2611">
    <p class='ocr_par' dir='ltr' id='par_1_54' title="bbox 2041 2537 3621 2611">
     <span class='ocr_line' id='line_1_54' title="bbox 2041 2537 3621 2611; baseline 0 -20"><span class='ocrx_word' id='word_1_388' title='bbox 2041 2555 2186 2601; x_wconf 77' lang='grc' dir='ltr'>τινος</span> <span class='ocrx_word' id='word_1_389' title='bbox 2222 2537 2426 2608; x_wconf 81' lang='grc' dir='ltr'>φαύλου</span> <span class='ocrx_word' id='word_1_390' title='bbox 2458 2537 2711 2609; x_wconf 81' lang='grc' dir='ltr'>πράξεως</span> <span class='ocrx_word' id='word_1_391' title='bbox 2742 2538 2880 2608; x_wconf 80' lang='grc' dir='ltr'>πρὸς</span> <span class='ocrx_word' id='word_1_392' title='bbox 2908 2537 3171 2608; x_wconf 84' lang='grc' dir='ltr'>ἀλήθειαν</span> <span class='ocrx_word' id='word_1_393' title='bbox 3207 2540 3529 2611; x_wconf 78' lang='grc' dir='ltr'>γινομένης,</span> <span class='ocrx_word' id='word_1_394' title='bbox 3561 2539 3621 2592; x_wconf 89' lang='grc' dir='ltr'><strong>Τί</strong></span> 
     </span>
    </p>
   </div>
   <div class='ocr_carea' id='block_1_55' title="bbox 2042 2629 3619 2703">
    <p class='ocr_par' dir='ltr' id='par_1_55' title="bbox 2042 2629 3619 2703">
     <span class='ocr_line' id='line_1_55' title="bbox 2042 2629 3619 2703; baseline 0 -20"><span class='ocrx_word' id='word_1_395' title='bbox 2042 2629 2126 2695; x_wconf 65' lang='lat' dir='ltr'><strong>es;</strong></span> <span class='ocrx_word' id='word_1_396' title='bbox 2148 2631 2323 2699; x_wconf 74' lang='grc' dir='ltr'>ἔλεγε,</span> <span class='ocrx_word' id='word_1_397' title='bbox 2352 2630 2428 2700; x_wconf 82' lang='grc' dir='ltr'>μὴ</span> <span class='ocrx_word' id='word_1_398' title='bbox 2460 2630 2569 2702; x_wconf 83' lang='grc' dir='ltr'><strong>γὰρ</strong></span> <span class='ocrx_word' id='word_1_399' title='bbox 2598 2632 2694 2683; x_wconf 78' lang='grc' dir='ltr'>καὶ</span> <span class='ocrx_word' id='word_1_400' title='bbox 2723 2631 2886 2692; x_wconf 72' lang='grc' dir='ltr'>αὐτὸς</span> <span class='ocrx_word' id='word_1_401' title='bbox 2905 2630 3005 2683; x_wconf 84' lang='grc' dir='ltr'><strong>ούκ</strong></span> <span class='ocrx_word' id='word_1_402' title='bbox 3031 2631 3147 2699; x_wconf 73' lang='grc' dir='ltr'>είμὶ</span> <span class='ocrx_word' id='word_1_403' title='bbox 3173 2631 3282 2683; x_wconf 84' lang='grc' dir='ltr'>τῶν</span> <span class='ocrx_word' id='word_1_404' title='bbox 3313 2632 3500 2703; x_wconf 80' lang='grc' dir='ltr'>σάρκα</span> <span class='ocrx_word' id='word_1_405' title='bbox 3529 2648 3619 2701; x_wconf 77' lang='grc' dir='ltr'><strong>φο·</strong></span> 
     </span>
    </p>
   </div>
   <div class='ocr_carea' id='block_1_56' title="bbox 2045 2723 3619 2795">
    <p class='ocr_par' dir='ltr' id='par_1_56' title="bbox 2045 2723 3619 2795">
     <span class='ocr_line' id='line_1_56' title="bbox 2045 2723 3619 2795; baseline 0 -18"><span class='ocrx_word' id='word_1_406' title='bbox 2045 2725 2284 2795; x_wconf 87' lang='grc' dir='ltr'>ρούντων</span> <span class='ocrx_word' id='word_1_407' title='bbox 2318 2724 2560 2787; x_wconf 77' lang='grc' dir='ltr'>καὶτοῖς</span> <span class='ocrx_word' id='word_1_408' title='bbox 2610 2723 2798 2794; x_wconf 81' lang='grc' dir='ltr'>νόμοις</span> <span class='ocrx_word' id='word_1_409' title='bbox 2859 2723 3033 2794; x_wconf 78' lang='grc' dir='ltr'>αὐτῆς</span> <span class='ocrx_word' id='word_1_410' title='bbox 3082 2723 3382 2791; x_wconf 85' lang='grc' dir='ltr'>είκόντων;</span> <span class='ocrx_word' id='word_1_411' title='bbox 3446 2724 3481 2795; x_wconf 77' lang='grc' dir='ltr'>ἢ</span> <span class='ocrx_word' id='word_1_412' title='bbox 3516 2726 3619 2787; x_wconf 81' lang='grc' dir='ltr'>τοῖς</span> 
     </span>
    </p>
   </div>
   <div class='ocr_carea' id='block_1_57' title="bbox 2048 2815 3619 2887">
    <p class='ocr_par' dir='ltr' id='par_1_57' title="bbox 2048 2815 3619 2887">
     <span class='ocr_line' id='line_1_57' title="bbox 2048 2815 3619 2887; baseline 0.001 -19"><span class='ocrx_word' id='word_1_413' title='bbox 2048 2818 2299 2886; x_wconf 82' lang='grc' dir='ltr'>μοναχοῖς</span> <span class='ocrx_word' id='word_1_414' title='bbox 2329 2816 2625 2887; x_wconf 81' lang='grc' dir='ltr'>ἀπείρηται</span> <span class='ocrx_word' id='word_1_415' title='bbox 2654 2816 2859 2886; x_wconf 86' lang='grc' dir='ltr'>μόνοις,</span> <span class='ocrx_word' id='word_1_416' title='bbox 2878 2816 2988 2870; x_wconf 84' lang='grc' dir='ltr'>τῶν</span> <span class='ocrx_word' id='word_1_417' title='bbox 3011 2815 3103 2869; x_wconf 79' lang='grc' dir='ltr'><strong>τοῦ</strong></span> <span class='ocrx_word' id='word_1_418' title='bbox 3135 2815 3391 2886; x_wconf 79' lang='grc' dir='ltr'>σώματος</span> <span class='ocrx_word' id='word_1_419' title='bbox 3423 2816 3619 2887; x_wconf 70' lang='grc' dir='ltr'>ἡδονῶν</span> 
     </span>
    </p>
   </div>
   <div class='ocr_carea' id='block_1_58' title="bbox 2042 2909 3618 2980">
    <p class='ocr_par' dir='ltr' id='par_1_58' title="bbox 2042 2909 3618 2980">
     <span class='ocr_line' id='line_1_58' title="bbox 2042 2909 3618 2980; baseline 0 -17"><span class='ocrx_word' id='word_1_420' title='bbox 2042 2909 2148 2976; x_wconf 76' lang='grc' dir='ltr'><strong>ἔξω</strong></span> <span class='ocrx_word' id='word_1_421' title='bbox 2205 2911 2420 2980; x_wconf 84' lang='grc' dir='ltr'>μένειν;</span> <span class='ocrx_word' id='word_1_422' title='bbox 2457 2910 2516 2964; x_wconf 86' lang='grc' dir='ltr'>οὐ</span> <span class='ocrx_word' id='word_1_423' title='bbox 2562 2911 2855 2980; x_wconf 84' lang='grc' dir='ltr'>μετέχουσι</span> <span class='ocrx_word' id='word_1_424' title='bbox 2912 2911 3009 2963; x_wconf 74' lang='grc' dir='ltr'>καὶ</span> <span class='ocrx_word' id='word_1_425' title='bbox 3043 2910 3197 2963; x_wconf 74' lang='grc' dir='ltr'>αὐτοὶ</span> <span class='ocrx_word' id='word_1_426' title='bbox 3237 2911 3347 2963; x_wconf 86' lang='grc' dir='ltr'>τῶν</span> <span class='ocrx_word' id='word_1_427' title='bbox 3375 2909 3618 2977; x_wconf 74' lang='grc' dir='ltr'>φυσικῶν</span> 
     </span>
    </p>
   </div>
   <div class='ocr_carea' id='block_1_59' title="bbox 364 2997 1935 3075">
    <p class='ocr_par' dir='ltr' id='par_1_59' title="bbox 364 2999 1935 3075">
     <span class='ocr_line' id='line_1_59' title="bbox 364 2999 1935 3075; baseline -0.001 -20"><span class='ocrx_word' id='word_1_428' title='bbox 364 3010 473 3056; x_wconf 87' lang='lat' dir='ltr'><strong>tem</strong></span> <span class='ocrx_word' id='word_1_429' title='bbox 504 3003 598 3057; x_wconf 87' lang='lat' dir='ltr'><strong>tibi</strong></span> <span class='ocrx_word' id='word_1_430' title='bbox 628 3005 831 3075; x_wconf 90' lang='lat' dir='ltr'><strong>accipe,</strong></span> <span class='ocrx_word' id='word_1_431' title='bbox 859 3016 1069 3061; x_wconf 90' lang='lat' dir='ltr'><strong>mutato</strong></span> <span class='ocrx_word' id='word_1_432' title='bbox 1100 3006 1315 3071; x_wconf 81' lang='lat' dir='ltr'><strong>vestitu,</strong></span> <span class='ocrx_word' id='word_1_433' title='bbox 1346 3014 1399 3061; x_wconf 88' lang='lat' dir='ltr'><strong>et</strong></span> <span class='ocrx_word' id='word_1_434' title='bbox 1427 3020 1496 3059; x_wconf 91' lang='lat' dir='ltr'><strong>ne</strong></span> <span class='ocrx_word' id='word_1_435' title='bbox 1518 3005 1593 3058; x_wconf 91' lang='lat' dir='ltr'><strong>sis</strong></span> <span class='ocrx_word' id='word_1_436' title='bbox 1618 3012 1724 3057; x_wconf 91' lang='lat' dir='ltr'><strong>tam</strong></span> <span class='ocrx_word' id='word_1_437' title='bbox 1755 2999 1935 3056; x_wconf 82' lang='lat' dir='ltr'><strong>multis</strong></span> 
     </span>
    </p>
   </div>
   <div class='ocr_carea' id='block_1_60' title="bbox 2042 2997 3619 3075">
    <p class='ocr_par' dir='ltr' id='par_1_60' title="bbox 2044 2997 3619 3073">
     <span class='ocr_line' id='line_1_60' title="bbox 2044 2997 3619 3073; baseline 0 -17"><span class='ocrx_word' id='word_1_438' title='bbox 2044 3002 2233 3056; x_wconf 85' lang='grc' dir='ltr'>παθῶν</span> <span class='ocrx_word' id='word_1_439' title='bbox 2269 3005 2382 3067; x_wconf 85' lang='grc' dir='ltr'>τοῖς</span> <span class='ocrx_word' id='word_1_440' title='bbox 2438 3002 2619 3066; x_wconf 77' lang='grc' dir='ltr'>ἄλλοις</span> <span class='ocrx_word' id='word_1_441' title='bbox 2667 3002 2904 3073; x_wconf 86' lang='grc' dir='ltr'>δμοίως;</span> <span class='ocrx_word' id='word_1_442' title='bbox 2961 2997 3095 3056; x_wconf 76' lang='grc' dir='ltr'>Εἶτα</span> <span class='ocrx_word' id='word_1_443' title='bbox 3143 3001 3619 3072; x_wconf 81' lang='grc' dir='ltr'>συμϐουλευόντων</span> 
     </span>
    </p>
   </div>
   <div class='ocr_carea' id='block_1_61' title="bbox 364 3091 1935 3167">
    <p class='ocr_par' dir='ltr' id='par_1_61' title="bbox 364 3091 1935 3167">
     <span class='ocr_line' id='line_1_61' title="bbox 364 3091 1935 3167; baseline 0.008 -24"><span class='ocrx_word' id='word_1_444' title='bbox 364 3091 684 3159; x_wconf 74' lang='grc' dir='ltr'><strong>υίΐειιείοηῑ,</strong></span> <span class='ocrx_word' id='word_1_445' title='bbox 742 3102 802 3149; x_wconf 91' lang='lat' dir='ltr'><strong>ut</strong></span> <span class='ocrx_word' id='word_1_446' title='bbox 844 3111 1018 3167; x_wconf 84' lang='lat' dir='ltr'><strong>neque</strong></span> <span class='ocrx_word' id='word_1_447' title='bbox 1070 3096 1213 3150; x_wconf 85' lang='lat' dir='ltr'><strong>Deus</strong></span> <span class='ocrx_word' id='word_1_448' title='bbox 1257 3110 1356 3167; x_wconf 85' lang='lat' dir='ltr'><strong>per</strong></span> <span class='ocrx_word' id='word_1_449' title='bbox 1402 3103 1458 3150; x_wconf 73' lang='lat' dir='ltr'><strong>te</strong></span> <span class='ocrx_word' id='word_1_450' title='bbox 1506 3092 1935 3163; x_wconf 65' lang='lat' dir='ltr'><strong>thspllemewr.</strong></span> 
     </span>
    </p>
   </div>
   <div class='ocr_carea' id='block_1_62' title="bbox 2042 3091 3619 3167">
    <p class='ocr_par' dir='ltr' id='par_1_62' title="bbox 2042 3092 3619 3164">
     <span class='ocr_line' id='line_1_62' title="bbox 2042 3092 3619 3164; baseline 0.001 -17"><span class='ocrx_word' id='word_1_451' title='bbox 2042 3093 2215 3157; x_wconf 65' lang='grc' dir='ltr'>τινῶν,</span> <span class='ocrx_word' id='word_1_452' title='bbox 2239 3094 2357 3160; x_wconf 68' lang='grc' dir='ltr'>καὶ,</span> <span class='ocrx_word' id='word_1_453' title='bbox 2391 3092 2540 3147; x_wconf 82' lang='grc' dir='ltr'>Λάϐε</span> <span class='ocrx_word' id='word_1_454' title='bbox 2595 3093 2727 3162; x_wconf 88' lang='grc' dir='ltr'>γοῦν</span> <span class='ocrx_word' id='word_1_455' title='bbox 2767 3094 2900 3164; x_wconf 84' lang='grc' dir='ltr'>μίαν</span> <span class='ocrx_word' id='word_1_456' title='bbox 2935 3092 3169 3163; x_wconf 84' lang='grc' dir='ltr'>σεαυτῷ,</span> <span class='ocrx_word' id='word_1_457' title='bbox 3202 3093 3501 3162; x_wconf 84' lang='grc' dir='ltr'>λεγόντων,</span> <span class='ocrx_word' id='word_1_458' title='bbox 3529 3092 3619 3164; x_wconf 69' lang='grc' dir='ltr'>τὴν</span> 
     </span>
    </p>
   </div>
   <div class='ocr_carea' id='block_1_63' title="bbox 364 3181 1935 3260">
    <p class='ocr_par' dir='ltr' id='par_1_63' title="bbox 364 3181 1935 3256">
     <span class='ocr_line' id='line_1_63' title="bbox 364 3181 1935 3256; baseline -0.001 -21"><span class='ocrx_word' id='word_1_459' title='bbox 364 3196 541 3254; x_wconf 85' lang='lat' dir='ltr'><strong>neque</strong></span> <span class='ocrx_word' id='word_1_460' title='bbox 580 3185 969 3241; x_wconf 87' lang='lat' dir='ltr'><strong>monachorum</strong></span> <span class='ocrx_word' id='word_1_461' title='bbox 1009 3187 1280 3256; x_wconf 88' lang='lat' dir='ltr'><strong>pretiosus</strong></span> <span class='ocrx_word' id='word_1_462' title='bbox 1320 3185 1531 3240; x_wconf 89' lang='lat' dir='ltr'><strong>habitus</strong></span> <span class='ocrx_word' id='word_1_463' title='bbox 1575 3184 1775 3254; x_wconf 90' lang='lat' dir='ltr'><strong>probro</strong></span> <span class='ocrx_word' id='word_1_464' title='bbox 1816 3181 1935 3236; x_wconf 89' lang='lat' dir='ltr'><strong>affi-</strong></span> 
     </span>
    </p>
   </div>
   <div class='ocr_carea' id='block_1_64' title="bbox 2042 3181 3618 3260">
    <p class='ocr_par' dir='ltr' id='par_1_64' title="bbox 2042 3187 3618 3260">
     <span class='ocr_line' id='line_1_64' title="bbox 2042 3187 3618 3260; baseline 0.001 -19"><span class='ocrx_word' id='word_1_465' title='bbox 2042 3189 2236 3260; x_wconf 84' lang='grc' dir='ltr'>στολὴν</span> <span class='ocrx_word' id='word_1_466' title='bbox 2271 3188 2515 3259; x_wconf 63' lang='grc' dir='ltr'>ἀμείψας</span> <span class='ocrx_word' id='word_1_467' title='bbox 2544 3190 2638 3240; x_wconf 73' lang='grc' dir='ltr'><strong>καὶ</strong></span> <span class='ocrx_word' id='word_1_468' title='bbox 2663 3188 2737 3260; x_wconf 84' lang='grc' dir='ltr'><strong>μὴ</strong></span> <span class='ocrx_word' id='word_1_469' title='bbox 2772 3188 3070 3242; x_wconf 84' lang='grc' dir='ltr'>σκάνδαλον</span> <span class='ocrx_word' id='word_1_470' title='bbox 3091 3187 3236 3242; x_wconf 85' lang='grc' dir='ltr'>οῦτω</span> <span class='ocrx_word' id='word_1_471' title='bbox 3266 3191 3379 3251; x_wconf 86' lang='grc' dir='ltr'>τοῖς</span> <span class='ocrx_word' id='word_1_472' title='bbox 3409 3187 3618 3251; x_wconf 72' lang='grc' dir='ltr'>πολλοῐς</span> 
     </span>
    </p>
   </div>
   <div class='ocr_carea' id='block_1_65' title="bbox 365 3274 1935 3351">
    <p class='ocr_par' dir='ltr' id='par_1_65' title="bbox 365 3274 1935 3346">
     <span class='ocr_line' id='line_1_65' title="bbox 365 3274 1935 3346; baseline 0.001 -15"><span class='ocrx_word' id='word_1_473' title='bbox 365 3274 563 3339; x_wconf 88' lang='lat' dir='ltr'><strong>ciatur,</strong></span> <span class='ocrx_word' id='word_1_474' title='bbox 594 3279 648 3327; x_wconf 82' lang='lat' dir='ltr'><strong>et</strong></span> <span class='ocrx_word' id='word_1_475' title='bbox 679 3275 918 3328; x_wconf 92' lang='lat' dir='ltr'><strong>omnium</strong></span> <span class='ocrx_word' id='word_1_476' title='bbox 942 3275 1202 3344; x_wconf 82' lang='lat' dir='ltr'><strong>judicium</strong></span> <span class='ocrx_word' id='word_1_477' title='bbox 1235 3275 1288 3329; x_wconf 91' lang='lat' dir='ltr'><strong>in</strong></span> <span class='ocrx_word' id='word_1_478' title='bbox 1320 3283 1470 3329; x_wconf 90' lang='lat' dir='ltr'><strong>tuum</strong></span> <span class='ocrx_word' id='word_1_479' title='bbox 1501 3283 1660 3346; x_wconf 85' lang='lat' dir='ltr'><strong>caput</strong></span> <span class='ocrx_word' id='word_1_480' title='bbox 1690 3279 1935 3333; x_wconf 88' lang='lat' dir='ltr'><strong>attraha-</strong></span> 
     </span>
    </p>
   </div>
   <div class='ocr_carea' id='block_1_66' title="bbox 2042 3274 3617 3351">
    <p class='ocr_par' dir='ltr' id='par_1_66' title="bbox 2042 3278 3617 3351">
     <span class='ocr_line' id='line_1_66' title="bbox 2042 3278 3617 3351; baseline 0 -20"><span class='ocrx_word' id='word_1_481' title='bbox 2042 3278 2154 3342; x_wconf 78' lang='grc' dir='ltr'>ἔσο,</span> <span class='ocrx_word' id='word_1_482' title='bbox 2185 3278 2280 3331; x_wconf 86' lang='grc' dir='ltr'><strong>τοῦ</strong></span> <span class='ocrx_word' id='word_1_483' title='bbox 2310 3280 2447 3349; x_wconf 86' lang='grc' dir='ltr'>μήτε</span> <span class='ocrx_word' id='word_1_484' title='bbox 2471 3279 2564 3332; x_wconf 76' lang='grc' dir='ltr'>τὸν</span> <span class='ocrx_word' id='word_1_485' title='bbox 2595 3278 2729 3332; x_wconf 79' lang='grc' dir='ltr'>Θεὸν</span> <span class='ocrx_word' id='word_1_486' title='bbox 2759 3278 2847 3332; x_wconf 87' lang='grc' dir='ltr'>διὰ</span> <span class='ocrx_word' id='word_1_487' title='bbox 2873 3278 2967 3332; x_wconf 89' lang='grc' dir='ltr'><strong>σοῦ</strong></span> <span class='ocrx_word' id='word_1_488' title='bbox 3001 3278 3467 3349; x_wconf 70' lang='grc' dir='ltr'>βλασφημείσθω,</span> <span class='ocrx_word' id='word_1_489' title='bbox 3488 3279 3617 3351; x_wconf 70' lang='grc' dir='ltr'>μήτε</span> 
     </span>
    </p>
   </div>
   <div class='ocr_carea' id='block_1_67' title="bbox 366 3365 1935 3444">
    <p class='ocr_par' dir='ltr' id='par_1_67' title="bbox 366 3365 1935 3435">
     <span class='ocr_line' id='line_1_67' title="bbox 366 3365 1935 3435; baseline 0.004 -14"><span class='ocrx_word' id='word_1_490' title='bbox 366 3375 484 3432; x_wconf 81' lang='lat' dir='ltr'><strong>tur;</strong></span> <span class='ocrx_word' id='word_1_491' title='bbox 510 3365 698 3422; x_wconf 89' lang='lat' dir='ltr'><strong>multis</strong></span> <span class='ocrx_word' id='word_1_492' title='bbox 727 3368 840 3423; x_wconf 66' lang='lat' dir='ltr'><strong>haec</strong></span> <span class='ocrx_word' id='word_1_493' title='bbox 866 3367 914 3422; x_wconf 93' lang='lat' dir='ltr'><strong>ei</strong></span> <span class='ocrx_word' id='word_1_494' title='bbox 939 3368 1262 3435; x_wconf 89' lang='lat' dir='ltr'><strong>dicentibus,</strong></span> <span class='ocrx_word' id='word_1_495' title='bbox 1289 3367 1377 3423; x_wconf 91' lang='lat' dir='ltr'><strong>ille</strong></span> <span class='ocrx_word' id='word_1_496' title='bbox 1407 3383 1468 3424; x_wconf 91' lang='lat' dir='ltr'><strong>se</strong></span> <span class='ocrx_word' id='word_1_497' title='bbox 1488 3368 1751 3424; x_wconf 88' lang='lat' dir='ltr'><strong>simulans</strong></span> <span class='ocrx_word' id='word_1_498' title='bbox 1774 3369 1935 3427; x_wconf 89' lang='lat' dir='ltr'><strong>irasci</strong></span> 
     </span>
    </p>
   </div>
   <div class='ocr_carea' id='block_1_68' title="bbox 2042 3365 3618 3444">
    <p class='ocr_par' dir='ltr' id='par_1_68' title="bbox 2042 3367 3618 3444">
     <span class='ocr_line' id='line_1_68' title="bbox 2042 3367 3618 3444; baseline -0.001 -19"><span class='ocrx_word' id='word_1_499' title='bbox 2042 3373 2102 3425; x_wconf 83' lang='grc' dir='ltr'><strong>τὸ</strong></span> <span class='ocrx_word' id='word_1_500' title='bbox 2132 3371 2239 3424; x_wconf 88' lang='grc' dir='ltr'>τῶν</span> <span class='ocrx_word' id='word_1_501' title='bbox 2269 3372 2524 3442; x_wconf 81' lang='grc' dir='ltr'>μοναχῶν</span> <span class='ocrx_word' id='word_1_502' title='bbox 2554 3372 2734 3442; x_wconf 88' lang='grc' dir='ltr'>τίμιον</span> <span class='ocrx_word' id='word_1_503' title='bbox 2778 3370 3163 3443; x_wconf 77' lang='grc' dir='ltr'>ἑξυϐρίζεσθαι</span> <span class='ocrx_word' id='word_1_504' title='bbox 3202 3372 3411 3444; x_wconf 80' lang='grc' dir='ltr'>σχῆμα,</span> <span class='ocrx_word' id='word_1_505' title='bbox 3445 3371 3536 3424; x_wconf 77' lang='grc' dir='ltr'><strong>καὶ</strong></span> <span class='ocrx_word' id='word_1_506' title='bbox 3560 3367 3618 3423; x_wconf 67' lang='lat' dir='ltr'><strong>td</strong></span> 
     </span>
    </p>
   </div>
   <div class='ocr_carea' id='block_1_69' title="bbox 366 3457 1935 3534">
    <p class='ocr_par' dir='ltr' id='par_1_69' title="bbox 366 3457 1935 3532">
     <span class='ocr_line' id='line_1_69' title="bbox 366 3457 1935 3532; baseline 0.005 -20"><span class='ocrx_word' id='word_1_507' title='bbox 366 3467 423 3512; x_wconf 87' lang='lat' dir='ltr'><strong>et</strong></span> <span class='ocrx_word' id='word_1_508' title='bbox 472 3473 617 3529; x_wconf 58' lang='lat' dir='ltr'><strong>agre</strong></span> <span class='ocrx_word' id='word_1_509' title='bbox 662 3457 829 3526; x_wconf 83' lang='lat' dir='ltr'><strong>ferre,</strong></span> <span class='ocrx_word' id='word_1_510' title='bbox 883 3457 988 3515; x_wconf 91' lang='lat' dir='ltr'><strong>Sed</strong></span> <span class='ocrx_word' id='word_1_511' title='bbox 1042 3476 1149 3516; x_wconf 89' lang='lat' dir='ltr'><strong>non</strong></span> <span class='ocrx_word' id='word_1_512' title='bbox 1194 3476 1295 3532; x_wconf 90' lang='lat' dir='ltr'><strong>ego</strong></span> <span class='ocrx_word' id='word_1_513' title='bbox 1345 3478 1445 3518; x_wconf 83' lang='lat' dir='ltr'><strong>vos</strong></span> <span class='ocrx_word' id='word_1_514' title='bbox 1498 3464 1737 3529; x_wconf 80' lang='lat' dir='ltr'><strong>audiam,</strong></span> <span class='ocrx_word' id='word_1_515' title='bbox 1785 3465 1935 3520; x_wconf 90' lang='lat' dir='ltr'><strong>dice-</strong></span> 
     </span>
    </p>
   </div>
   <div class='ocr_carea' id='block_1_70' title="bbox 2042 3457 3615 3534">
    <p class='ocr_par' dir='ltr' id='par_1_70' title="bbox 2044 3460 3615 3534">
     <span class='ocr_line' id='line_1_70' title="bbox 2044 3460 3615 3534; baseline -0.002 -19"><span class='ocrx_word' id='word_1_516' title='bbox 2044 3464 2221 3534; x_wconf 83' lang='grc' dir='ltr'>κρῖμα</span> <span class='ocrx_word' id='word_1_517' title='bbox 2248 3463 2468 3517; x_wconf 88' lang='grc' dir='ltr'>πάντων</span> <span class='ocrx_word' id='word_1_518' title='bbox 2498 3462 2640 3515; x_wconf 75' lang='grc' dir='ltr'>κατὰ</span> <span class='ocrx_word' id='word_1_519' title='bbox 2674 3461 2774 3533; x_wconf 79' lang='grc' dir='ltr'>τῆς</span> <span class='ocrx_word' id='word_1_520' title='bbox 2804 3461 3032 3516; x_wconf 81' lang='grc' dir='ltr'>σεαυτοῦ</span> <span class='ocrx_word' id='word_1_521' title='bbox 3066 3462 3329 3533; x_wconf 85' lang='grc' dir='ltr'>φέρεσθαι</span> <span class='ocrx_word' id='word_1_522' title='bbox 3355 3460 3615 3531; x_wconf 81' lang='grc' dir='ltr'>κεφαλῆς·</span> 
     </span>
    </p>
   </div>
   <div class='ocr_carea' id='block_1_71' title="bbox 365 3550 1933 3634">
    <p class='ocr_par' dir='ltr' id='par_1_71' title="bbox 365 3550 1933 3634">
     <span class='ocr_line' id='line_1_71' title="bbox 365 3550 1933 3634; baseline 0.006 -30"><span class='ocrx_word' id='word_1_523' title='bbox 365 3550 461 3604; x_wconf 87' lang='lat' dir='ltr'><strong>bat</strong></span> <span class='ocrx_word' id='word_1_524' title='bbox 516 3566 636 3604; x_wconf 89' lang='lat' dir='ltr'><strong>cum</strong></span> <span class='ocrx_word' id='word_1_525' title='bbox 675 3566 870 3622; x_wconf 88' lang='lat' dir='ltr'><strong>magno</strong></span> <span class='ocrx_word' id='word_1_526' title='bbox 900 3553 1155 3609; x_wconf 90' lang='lat' dir='ltr'><strong>clamore.</strong></span> <span class='ocrx_word' id='word_1_527' title='bbox 1188 3553 1325 3634; x_wconf 78' lang='lat' dir='ltr'><strong>Quid</strong></span> <span class='ocrx_word' id='word_1_528' title='bbox 1355 3570 1471 3609; x_wconf 89' lang='lat' dir='ltr'><strong>mea</strong></span> <span class='ocrx_word' id='word_1_529' title='bbox 1529 3555 1718 3623; x_wconf 88' lang='lat' dir='ltr'><strong>refert,</strong></span> <span class='ocrx_word' id='word_1_530' title='bbox 1740 3556 1786 3611; x_wconf 87' lang='lat' dir='ltr'><strong>si</strong></span> <span class='ocrx_word' id='word_1_531' title='bbox 1819 3571 1933 3622; x_wconf 85' lang='lat' dir='ltr'><strong>vos,</strong></span> 
     </span>
    </p>
   </div>
   <div class='ocr_carea' id='block_1_72' title="bbox 369 3645 1942 3715">
    <p class='ocr_par' dir='ltr' id='par_1_72' title="bbox 369 3645 1942 3715">
     <span class='ocr_line' id='line_1_72' title="bbox 369 3645 1942 3715; baseline 0.004 -17"><span class='ocrx_word' id='word_1_532' title='bbox 369 3653 426 3700; x_wconf 88' lang='lat' dir='ltr'><strong>ut</strong></span> <span class='ocrx_word' id='word_1_533' title='bbox 464 3645 663 3713; x_wconf 87' lang='lat' dir='ltr'><strong>dicitis,</strong></span> <span class='ocrx_word' id='word_1_534' title='bbox 709 3646 1085 3702; x_wconf 73' lang='lat' dir='ltr'><strong>ommtlimini?</strong></span> <span class='ocrx_word' id='word_1_535' title='bbox 1125 3647 1392 3703; x_wconf 87' lang='lat' dir='ltr'><strong>Discedite</strong></span> <span class='ocrx_word' id='word_1_536' title='bbox 1442 3662 1471 3700; x_wconf 94' lang='lat' dir='ltr'><strong>a</strong></span> <span class='ocrx_word' id='word_1_537' title='bbox 1519 3662 1625 3704; x_wconf 86' lang='lat' dir='ltr'><strong>me.</strong></span> <span class='ocrx_word' id='word_1_538' title='bbox 1674 3648 1810 3715; x_wconf 88' lang='lat' dir='ltr'><strong>Quid</strong></span> <span class='ocrx_word' id='word_1_539' title='bbox 1863 3649 1942 3704; x_wconf 80' lang='lat' dir='ltr'><strong>rei</strong></span> 
     </span>
    </p>
   </div>
   <div class='ocr_carea' id='block_1_73' title="bbox 368 3734 1939 3807">
    <p class='ocr_par' dir='ltr' id='par_1_73' title="bbox 368 3734 1939 3807">
     <span class='ocr_line' id='line_1_73' title="bbox 368 3734 1939 3807; baseline 0.003 -21"><span class='ocrx_word' id='word_1_540' title='bbox 368 3748 578 3789; x_wconf 90' lang='lat' dir='ltr'><strong>mecum</strong></span> <span class='ocrx_word' id='word_1_541' title='bbox 621 3744 703 3791; x_wconf 87' lang='lat' dir='ltr'><strong>est</strong></span> <span class='ocrx_word' id='word_1_542' title='bbox 727 3735 913 3791; x_wconf 88' lang='lat' dir='ltr'><strong>vobis?</strong></span> <span class='ocrx_word' id='word_1_543' title='bbox 946 3734 1022 3791; x_wconf 83' lang='lat' dir='ltr'><strong>Ex</strong></span> <span class='ocrx_word' id='word_1_544' title='bbox 1062 3746 1275 3806; x_wconf 85' lang='lat' dir='ltr'><strong>vestro,</strong></span> <span class='ocrx_word' id='word_1_545' title='bbox 1326 3737 1533 3807; x_wconf 90' lang='lat' dir='ltr'><strong>inquit,</strong></span> <span class='ocrx_word' id='word_1_546' title='bbox 1566 3739 1795 3794; x_wconf 89' lang='lat' dir='ltr'><strong>consilio</strong></span> <span class='ocrx_word' id='word_1_547' title='bbox 1817 3752 1939 3791; x_wconf 90' lang='lat' dir='ltr'><strong>cum</strong></span> 
     </span>
    </p>
   </div>
   <div class='ocr_carea' id='block_1_74' title="bbox 349 3812 1938 3897">
    <p class='ocr_par' dir='ltr' id='par_1_74' title="bbox 349 3812 1938 3897">
     <span class='ocr_line' id='line_1_74' title="bbox 349 3812 1938 3897; baseline 0.001 -18"><span class='ocrx_word' id='word_1_548' title='bbox 349 3812 564 3879; x_wconf 33' lang='lat' dir='ltr'><strong>‘fcmina</strong></span> <span class='ocrx_word' id='word_1_549' title='bbox 605 3826 901 3895; x_wconf 76' lang='lat' dir='ltr'><strong>coniungar</strong></span> <span class='ocrx_word' id='word_1_550' title='bbox 944 3827 1327 3895; x_wconf 76' lang='lat' dir='ltr'><strong>matrimonio,</strong></span> <span class='ocrx_word' id='word_1_551' title='bbox 1369 3839 1423 3883; x_wconf 91' lang='lat' dir='ltr'><strong>et</strong></span> <span class='ocrx_word' id='word_1_552' title='bbox 1467 3842 1551 3883; x_wconf 88' lang='lat' dir='ltr'><strong>me</strong></span> <span class='ocrx_word' id='word_1_553' title='bbox 1597 3828 1838 3897; x_wconf 90' lang='lat' dir='ltr'><strong>injiciam</strong></span> <span class='ocrx_word' id='word_1_554' title='bbox 1887 3827 1938 3880; x_wconf 90' lang='lat' dir='ltr'><strong>in</strong></span> 
     </span>
    </p>
   </div>
   <div class='ocr_carea' id='block_1_75' title="bbox 367 3917 1941 3985">
    <p class='ocr_par' dir='ltr' id='par_1_75' title="bbox 367 3917 1941 3985">
     <span class='ocr_line' id='line_1_75' title="bbox 367 3917 1941 3985; baseline 0.003 -16"><span class='ocrx_word' id='word_1_555' title='bbox 367 3930 531 3969; x_wconf 87' lang='lat' dir='ltr'><strong>curas</strong></span> <span class='ocrx_word' id='word_1_556' title='bbox 582 3917 1032 3985; x_wconf 85' lang='lat' dir='ltr'><strong>innumerabiles,</strong></span> <span class='ocrx_word' id='word_1_557' title='bbox 1091 3928 1147 3974; x_wconf 88' lang='lat' dir='ltr'><strong>et</strong></span> <span class='ocrx_word' id='word_1_558' title='bbox 1196 3920 1262 3975; x_wconf 88' lang='lat' dir='ltr'><strong>de</strong></span> <span class='ocrx_word' id='word_1_559' title='bbox 1311 3919 1458 3974; x_wconf 77' lang='lat' dir='ltr'><strong>victu</strong></span> <span class='ocrx_word' id='word_1_560' title='bbox 1503 3919 1941 3975; x_wconf 79' lang='lat' dir='ltr'><strong>sollicitudines?</strong></span> 
     </span>
    </p>
   </div>
   <div class='ocr_carea' id='block_1_76' title="bbox 366 4004 1937 4065">
    <p class='ocr_par' dir='ltr' id='par_1_76' title="bbox 366 4004 1937 4065">
     <span class='ocr_line' id='line_1_76' title="bbox 366 4004 1937 4065; baseline 0.003 -6"><span class='ocrx_word' id='word_1_561' title='bbox 366 4005 588 4059; x_wconf 88' lang='lat' dir='ltr'><strong>Cessate</strong></span> <span class='ocrx_word' id='word_1_562' title='bbox 632 4020 717 4060; x_wconf 90' lang='lat' dir='ltr'><strong>me</strong></span> <span class='ocrx_word' id='word_1_563' title='bbox 751 4004 1017 4061; x_wconf 86' lang='lat' dir='ltr'><strong>ludificari</strong></span> <span class='ocrx_word' id='word_1_564' title='bbox 1056 4017 1111 4062; x_wconf 88' lang='lat' dir='ltr'><strong>et</strong></span> <span class='ocrx_word' id='word_1_565' title='bbox 1137 4009 1437 4064; x_wconf 77' lang='lat' dir='ltr'><strong>criminari.</strong></span> <span class='ocrx_word' id='word_1_566' title='bbox 1480 4008 1595 4063; x_wconf 78' lang='lat' dir='ltr'><strong>Non</strong></span> <span class='ocrx_word' id='word_1_567' title='bbox 1637 4009 1771 4065; x_wconf 89' lang='lat' dir='ltr'><strong>estis</strong></span> <span class='ocrx_word' id='word_1_568' title='bbox 1793 4011 1937 4064; x_wconf 88' lang='lat' dir='ltr'><strong>enim</strong></span> 
     </span>
    </p>
   </div>
   <div class='ocr_carea' id='block_1_77' title="bbox 366 4095 1935 4164">
    <p class='ocr_par' dir='ltr' id='par_1_77' title="bbox 366 4095 1935 4164">
     <span class='ocr_line' id='line_1_77' title="bbox 366 4095 1935 4164; baseline 0.004 -17"><span class='ocrx_word' id='word_1_569' title='bbox 366 4096 470 4148; x_wconf 89' lang='lat' dir='ltr'><strong>mei</strong></span> <span class='ocrx_word' id='word_1_570' title='bbox 510 4095 719 4164; x_wconf 87' lang='lat' dir='ltr'><strong>judices</strong></span> <span class='ocrx_word' id='word_1_571' title='bbox 746 4112 766 4162; x_wconf 73' lang='grc' dir='ltr'><strong>ςΔ</strong></span> <span class='ocrx_word' id='word_1_572' title='bbox 802 4111 891 4151; x_wconf 90' lang='lat' dir='ltr'><strong>res</strong></span> <span class='ocrx_word' id='word_1_573' title='bbox 929 4111 1061 4153; x_wconf 77' lang='lat' dir='ltr'><strong>meae</strong></span> <span class='ocrx_word' id='word_1_574' title='bbox 1104 4098 1216 4154; x_wconf 88' lang='lat' dir='ltr'><strong>sint</strong></span> <span class='ocrx_word' id='word_1_575' title='bbox 1261 4100 1394 4154; x_wconf 90' lang='lat' dir='ltr'><strong>mihi</strong></span> <span class='ocrx_word' id='word_1_576' title='bbox 1440 4113 1607 4155; x_wconf 73' lang='lat' dir='ltr'><strong>curae.</strong></span> <span class='ocrx_word' id='word_1_577' title='bbox 1656 4098 1751 4154; x_wconf 89' lang='lat' dir='ltr'><strong>Est</strong></span> <span class='ocrx_word' id='word_1_578' title='bbox 1792 4100 1935 4154; x_wconf 90' lang='lat' dir='ltr'><strong>enim</strong></span> 
     </span>
    </p>
   </div>
   <div class='ocr_carea' id='block_1_78' title="bbox 367 4183 1937 4260">
    <p class='ocr_par' dir='ltr' id='par_1_78' title="bbox 367 4183 1937 4260">
     <span class='ocr_line' id='line_1_78' title="bbox 367 4183 1937 4260; baseline 0.006 -24"><span class='ocrx_word' id='word_1_579' title='bbox 367 4183 528 4250; x_wconf 84' lang='lat' dir='ltr'><strong>alius,</strong></span> <span class='ocrx_word' id='word_1_580' title='bbox 573 4185 670 4253; x_wconf 88' lang='lat' dir='ltr'><strong>qui</strong></span> <span class='ocrx_word' id='word_1_581' title='bbox 701 4195 783 4240; x_wconf 90' lang='lat' dir='ltr'><strong>est</strong></span> <span class='ocrx_word' id='word_1_582' title='bbox 817 4188 1154 4257; x_wconf 87' lang='lat' dir='ltr'><strong>judicaturus</strong></span> <span class='ocrx_word' id='word_1_583' title='bbox 1188 4188 1374 4245; x_wconf 90' lang='lat' dir='ltr'><strong>orbem</strong></span> <span class='ocrx_word' id='word_1_584' title='bbox 1416 4198 1609 4256; x_wconf 63' lang='lat' dir='ltr'><strong>terra,</strong></span> <span class='ocrx_word' id='word_1_585' title='bbox 1649 4188 1741 4260; x_wconf 86' lang='lat' dir='ltr'><strong>qui</strong></span> <span class='ocrx_word' id='word_1_586' title='bbox 1775 4191 1937 4246; x_wconf 86' lang='lat' dir='ltr'><strong>etiam</strong></span> 
     </span>
    </p>
   </div>
   <div class='ocr_carea' id='block_1_79' title="bbox 354 4275 1583 4353">
    <p class='ocr_par' dir='ltr' id='par_1_79' title="bbox 354 4275 1583 4353">
     <span class='ocr_line' id='line_1_79' title="bbox 354 4275 1583 4353; baseline 0.003 -25"><span class='ocrx_word' id='word_1_587' title='bbox 354 4275 557 4353; x_wconf 75' lang='lat' dir='ltr'><strong>reddet</strong></span> <span class='ocrx_word' id='word_1_588' title='bbox 589 4275 879 4344; x_wconf 88' lang='lat' dir='ltr'><strong>unicuique</strong></span> <span class='ocrx_word' id='word_1_589' title='bbox 912 4279 1206 4331; x_wconf 82' lang='lat' dir='ltr'><strong>secundum</strong></span> <span class='ocrx_word' id='word_1_590' title='bbox 1240 4294 1375 4347; x_wconf 84' lang='lat' dir='ltr'><strong>Opus</strong></span> <span class='ocrx_word' id='word_1_591' title='bbox 1403 4292 1583 4333; x_wconf 88' lang='lat' dir='ltr'><strong>suum.</strong></span> 
     </span>
    </p>
   </div>
   <div class='ocr_carea' id='block_1_80' title="bbox 2040 3552 3618 3624">
    <p class='ocr_par' dir='ltr' id='par_1_80' title="bbox 2040 3552 3618 3624">
     <span class='ocr_line' id='line_1_80' title="bbox 2040 3552 3618 3624; baseline -0.001 -18"><span class='ocrx_word' id='word_1_592' title='bbox 2040 3553 2266 3606; x_wconf 80' lang='grc' dir='ltr'>τοιαῦτα</span> <span class='ocrx_word' id='word_1_593' title='bbox 2299 3552 2510 3606; x_wconf 72' lang='grc' dir='ltr'>πολλῶν</span> <span class='ocrx_word' id='word_1_594' title='bbox 2539 3554 2809 3623; x_wconf 86' lang='grc' dir='ltr'>λεγόντων</span> <span class='ocrx_word' id='word_1_595' title='bbox 2852 3553 3023 3624; x_wconf 79' lang='grc' dir='ltr'>αὐτῷ,</span> <span class='ocrx_word' id='word_1_596' title='bbox 3055 3555 3263 3616; x_wconf 75' lang='grc' dir='ltr'>ἐκεῖνος</span> <span class='ocrx_word' id='word_1_597' title='bbox 3291 3553 3384 3606; x_wconf 80' lang='grc' dir='ltr'>τὸν</span> <span class='ocrx_word' id='word_1_598' title='bbox 3409 3553 3618 3624; x_wconf 77' lang='grc' dir='ltr'>ὀργιζό-</span> 
     </span>
    </p>
   </div>
   <div class='ocr_carea' id='block_1_81' title="bbox 2049 3642 3616 3716">
    <p class='ocr_par' dir='ltr' id='par_1_81' title="bbox 2049 3642 3616 3716">
     <span class='ocr_line' id='line_1_81' title="bbox 2049 3642 3616 3716; baseline 0 -20"><span class='ocrx_word' id='word_1_599' title='bbox 2049 3661 2208 3714; x_wconf 89' lang='grc' dir='ltr'>μενον</span> <span class='ocrx_word' id='word_1_600' title='bbox 2231 3646 2325 3698; x_wconf 77' lang='grc' dir='ltr'><strong>καὶ</strong></span> <span class='ocrx_word' id='word_1_601' title='bbox 2345 3644 2821 3698; x_wconf 80' lang='grc' dir='ltr'>ἀποδυσπετοῦντα</span> <span class='ocrx_word' id='word_1_602' title='bbox 2860 3644 3314 3716; x_wconf 79' lang='grc' dir='ltr'>ὑποκρινόμενος,</span> <span class='ocrx_word' id='word_1_603' title='bbox 3362 3642 3616 3697; x_wconf 77' lang='grc' dir='ltr'>’Δλλόύκ</span> 
     </span>
    </p>
   </div>
   <div class='ocr_carea' id='block_1_82' title="bbox 2046 3734 3614 3807">
    <p class='ocr_par' dir='ltr' id='par_1_82' title="bbox 2046 3734 3614 3807">
     <span class='ocr_line' id='line_1_82' title="bbox 2046 3734 3614 3807; baseline 0.006 -21"><span class='ocrx_word' id='word_1_604' title='bbox 2046 3734 2224 3802; x_wconf 77' lang='grc' dir='ltr'>ἔγωγε</span> <span class='ocrx_word' id='word_1_605' title='bbox 2270 3735 2578 3805; x_wconf 81' lang='grc' dir='ltr'>ἀκούσομαι</span> <span class='ocrx_word' id='word_1_606' title='bbox 2634 3734 2811 3804; x_wconf 72' lang='grc' dir='ltr'>ὑμῶν,</span> <span class='ocrx_word' id='word_1_607' title='bbox 2864 3734 3016 3804; x_wconf 74' lang='grc' dir='ltr'>ἔλεγε</span> <span class='ocrx_word' id='word_1_608' title='bbox 3075 3735 3214 3805; x_wconf 84' lang='grc' dir='ltr'>μετὰ</span> <span class='ocrx_word' id='word_1_609' title='bbox 3263 3736 3473 3807; x_wconf 78' lang='grc' dir='ltr'>πολλῆς</span> <span class='ocrx_word' id='word_1_610' title='bbox 3524 3736 3614 3807; x_wconf 74' lang='grc' dir='ltr'><strong>τῆς</strong></span> 
     </span>
    </p>
   </div>
   <div class='ocr_carea' id='block_1_83' title="bbox 2046 3825 3615 3897">
    <p class='ocr_par' dir='ltr' id='par_1_83' title="bbox 2046 3825 3615 3897">
     <span class='ocr_line' id='line_1_83' title="bbox 2046 3825 3615 3897; baseline 0.001 -20"><span class='ocrx_word' id='word_1_611' title='bbox 2046 3825 2319 3897; x_wconf 81' lang='grc' dir='ltr'>κραυγῆς.</span> <span class='ocrx_word' id='word_1_612' title='bbox 2355 3826 2419 3879; x_wconf 90' lang='grc' dir='ltr'><strong>Τί</strong></span> <span class='ocrx_word' id='word_1_613' title='bbox 2452 3825 2507 3878; x_wconf 85' lang='grc' dir='ltr'>δὲ</span> <span class='ocrx_word' id='word_1_614' title='bbox 2538 3825 2632 3879; x_wconf 77' lang='grc' dir='ltr'>καὶ</span> <span class='ocrx_word' id='word_1_615' title='bbox 2660 3826 2805 3894; x_wconf 71' lang='grc' dir='ltr'>ἐμοὶ,</span> <span class='ocrx_word' id='word_1_616' title='bbox 2838 3826 2933 3880; x_wconf 69' lang='grc' dir='ltr'><strong>ἐὰν</strong></span> <span class='ocrx_word' id='word_1_617' title='bbox 2956 3826 3134 3896; x_wconf 81' lang='grc' dir='ltr'>ὑμεῖς,</span> <span class='ocrx_word' id='word_1_618' title='bbox 3154 3825 3231 3890; x_wconf 86' lang='grc' dir='ltr'>ῶς</span> <span class='ocrx_word' id='word_1_619' title='bbox 3254 3843 3390 3895; x_wconf 84' lang='grc' dir='ltr'>φατε</span> <span class='ocrx_word' id='word_1_620' title='bbox 3410 3865 3428 3893; x_wconf 94' lang='grc'><strong>,</strong></span> <span class='ocrx_word' id='word_1_621' title='bbox 3461 3843 3615 3880; x_wconf 81' lang='grc' dir='ltr'>σκανο</span> 
     </span>
    </p>
   </div>
   <div class='ocr_carea' id='block_1_84' title="bbox 2044 3917 3614 3989">
    <p class='ocr_par' dir='ltr' id='par_1_84' title="bbox 2044 3917 3614 3989">
     <span class='ocr_line' id='line_1_84' title="bbox 2044 3917 3614 3989; baseline 0 -20"><span class='ocrx_word' id='word_1_622' title='bbox 2044 3917 2366 3987; x_wconf 74' lang='grc' dir='ltr'>δαλίζησθες</span> <span class='ocrx_word' id='word_1_623' title='bbox 2396 3917 2673 3989; x_wconf 80' lang='grc' dir='ltr'>ἀπόστητε</span> <span class='ocrx_word' id='word_1_624' title='bbox 2698 3918 2793 3972; x_wconf 82' lang='grc' dir='ltr'><strong>ἀπ’</strong></span> <span class='ocrx_word' id='word_1_625' title='bbox 2813 3917 2970 3989; x_wconf 69' lang='grc' dir='ltr'><strong>ὲμοῖν</strong></span> <span class='ocrx_word' id='word_1_626' title='bbox 2999 3919 3053 3971; x_wconf 88' lang='grc' dir='ltr'><strong>τί</strong></span> <span class='ocrx_word' id='word_1_627' title='bbox 3079 3918 3257 3973; x_wconf 88' lang='grc' dir='ltr'>κοινδν</span> <span class='ocrx_word' id='word_1_628' title='bbox 3283 3918 3411 3989; x_wconf 81' lang='grc' dir='ltr'>ὲμοί</span> <span class='ocrx_word' id='word_1_629' title='bbox 3436 3935 3498 3971; x_wconf 88' lang='grc' dir='ltr'><strong>τε</strong></span> <span class='ocrx_word' id='word_1_630' title='bbox 3527 3918 3614 3971; x_wconf 73' lang='grc' dir='ltr'><strong>καὶ</strong></span> 
     </span>
    </p>
   </div>
   <div class='ocr_carea' id='block_1_85' title="bbox 2046 4007 3616 4082">
    <p class='ocr_par' dir='ltr' id='par_1_85' title="bbox 2046 4007 3616 4082">
     <span class='ocr_line' id='line_1_85' title="bbox 2046 4007 3616 4082; baseline -0.002 -19"><span class='ocrx_word' id='word_1_631' title='bbox 2046 4011 2210 4080; x_wconf 84' lang='grc' dir='ltr'>ύμῖν;</span> <span class='ocrx_word' id='word_1_632' title='bbox 2251 4010 2343 4075; x_wconf 80' lang='grc' dir='ltr'><strong>Ἐξ</strong></span> <span class='ocrx_word' id='word_1_633' title='bbox 2372 4010 2668 4082; x_wconf 81' lang='grc' dir='ltr'>ὑμετέρας,</span> <span class='ocrx_word' id='word_1_634' title='bbox 2726 4012 2881 4081; x_wconf 72' lang='grc' dir='ltr'>φησὶ,</span> <span class='ocrx_word' id='word_1_635' title='bbox 2913 4010 3227 4081; x_wconf 76' lang='grc' dir='ltr'>συμϐουλῆς</span> <span class='ocrx_word' id='word_1_636' title='bbox 3259 4010 3488 4079; x_wconf 80' lang='grc' dir='ltr'>γυναικὶ</span> <span class='ocrx_word' id='word_1_637' title='bbox 3515 4007 3616 4077; x_wconf 71' lang='grc' dir='ltr'><strong>ἐγὼ</strong></span> 
     </span>
    </p>
   </div>
   <div class='ocr_carea' id='block_1_86' title="bbox 2048 4100 3613 4173">
    <p class='ocr_par' dir='ltr' id='par_1_86' title="bbox 2048 4100 3613 4173">
     <span class='ocr_line' id='line_1_86' title="bbox 2048 4100 3613 4173; baseline 0.001 -20"><span class='ocrx_word' id='word_1_638' title='bbox 2048 4100 2485 4172; x_wconf 79' lang='grc' dir='ltr'>συναφθήσομαι,</span> <span class='ocrx_word' id='word_1_639' title='bbox 2522 4101 2615 4155; x_wconf 72' lang='grc' dir='ltr'>καὶ</span> <span class='ocrx_word' id='word_1_640' title='bbox 2646 4101 2931 4172; x_wconf 82' lang='grc' dir='ltr'>βιωτικαῖς</span> <span class='ocrx_word' id='word_1_641' title='bbox 2959 4102 3351 4173; x_wconf 85' lang='grc' dir='ltr'>περιστάσεσιν</span> <span class='ocrx_word' id='word_1_642' title='bbox 3383 4102 3613 4173; x_wconf 67' lang='grc' dir='ltr'>ἐμαυτὸν</span> 
     </span>
    </p>
   </div>
   <div class='ocr_carea' id='block_1_87' title="bbox 2044 4190 3614 4262">
    <p class='ocr_par' dir='ltr' id='par_1_87' title="bbox 2044 4190 3614 4262">
     <span class='ocr_line' id='line_1_87' title="bbox 2044 4190 3614 4262; baseline -0.001 -19"><span class='ocrx_word' id='word_1_643' title='bbox 2044 4190 2293 4261; x_wconf 73' lang='grc' dir='ltr'>ἑμϐαλῶς</span> <span class='ocrx_word' id='word_1_644' title='bbox 2325 4191 2621 4245; x_wconf 82' lang='grc' dir='ltr'>Παύσασθε</span> <span class='ocrx_word' id='word_1_645' title='bbox 2651 4192 2709 4246; x_wconf 73' lang='grc' dir='ltr'>δὲ</span> <span class='ocrx_word' id='word_1_646' title='bbox 2729 4192 2823 4245; x_wconf 75' lang='grc' dir='ltr'>καὶ</span> <span class='ocrx_word' id='word_1_647' title='bbox 2854 4190 2948 4245; x_wconf 89' lang='grc' dir='ltr'><strong>τοῦ</strong></span> <span class='ocrx_word' id='word_1_648' title='bbox 2978 4192 3045 4245; x_wconf 79' lang='grc' dir='ltr'>τὰ</span> <span class='ocrx_word' id='word_1_649' title='bbox 3075 4193 3184 4262; x_wconf 80' lang='grc' dir='ltr'><strong>ὲμὰ</strong></span> <span class='ocrx_word' id='word_1_650' title='bbox 3210 4192 3487 4247; x_wconf 86' lang='grc' dir='ltr'>σκώπτειν</span> <span class='ocrx_word' id='word_1_651' title='bbox 3529 4191 3614 4245; x_wconf 80' lang='grc' dir='ltr'>καὶ</span> 
     </span>
    </p>
   </div>
   <div class='ocr_carea' id='block_1_88' title="bbox 2044 4283 3615 4356">
    <p class='ocr_par' dir='ltr' id='par_1_88' title="bbox 2044 4283 3615 4356">
     <span class='ocr_line' id='line_1_88' title="bbox 2044 4283 3615 4356; baseline 0 -20"><span class='ocrx_word' id='word_1_652' title='bbox 2044 4283 2349 4338; x_wconf 88' lang='grc' dir='ltr'>διαϐάλλειν</span> <span class='ocrx_word' id='word_1_653' title='bbox 2369 4298 2386 4313; x_wconf 85' lang='grc'>⁶</span> <span class='ocrx_word' id='word_1_654' title='bbox 2414 4284 2492 4355; x_wconf 81' lang='grc' dir='ltr'>μὴ</span> <span class='ocrx_word' id='word_1_655' title='bbox 2519 4284 2627 4353; x_wconf 78' lang='grc' dir='ltr'><strong>γὰρ</strong></span> <span class='ocrx_word' id='word_1_656' title='bbox 2649 4284 2806 4354; x_wconf 80' lang='grc' dir='ltr'>ὑμεῖς</span> <span class='ocrx_word' id='word_1_657' title='bbox 2835 4285 3134 4356; x_wconf 84' lang='grc' dir='ltr'>κατέστητε</span> <span class='ocrx_word' id='word_1_658' title='bbox 3156 4283 3268 4339; x_wconf 81' lang='grc' dir='ltr'>τῶν</span> <span class='ocrx_word' id='word_1_659' title='bbox 3292 4286 3447 4354; x_wconf 67' lang='grc' dir='ltr'>ἐμῶν</span> <span class='ocrx_word' id='word_1_660' title='bbox 3475 4284 3615 4338; x_wconf 78' lang='grc' dir='ltr'>δικαο</span> 
     </span>
    </p>
   </div>
   <div class='ocr_carea' id='block_1_89' title="bbox 367 4366 3618 4451">
    <p class='ocr_par' dir='ltr' id='par_1_89' title="bbox 367 4366 3618 4451">
     <span class='ocr_line' id='line_1_89' title="bbox 367 4366 3618 4451; baseline 0.001 -24"><span class='ocrx_word' id='word_1_661' title='bbox 367 4366 532 4440; x_wconf 72' lang='lat' dir='ltr'><strong>cmi;</strong></span> <span class='ocrx_word' id='word_1_662' title='bbox 571 4372 707 4444; x_wconf 78' lang='lat' dir='ltr'><strong>napi.</strong></span> <span class='ocrx_word' id='word_1_663' title='bbox 736 4372 843 4426; x_wconf 89' lang='grc' dir='ltr'>τῶν</span> <span class='ocrx_word' id='word_1_664' title='bbox 866 4374 1087 4428; x_wconf 77' lang='grc' dir='ltr'><strong>οἰκείων</strong></span> <span class='ocrx_word' id='word_1_665' title='bbox 1118 4374 1274 4445; x_wconf 85' lang='grc' dir='ltr'>ὑμῶν</span> <span class='ocrx_word' id='word_1_666' title='bbox 1306 4375 1518 4448; x_wconf 86' lang='grc' dir='ltr'>μελέτω</span> <span class='ocrx_word' id='word_1_667' title='bbox 1543 4393 1556 4408; x_wconf 84' lang='grc'><em>’</em></span> <span class='ocrx_word' id='word_1_668' title='bbox 1602 4376 1791 4449; x_wconf 69' lang='grc' dir='ltr'>ἕτερος</span> <span class='ocrx_word' id='word_1_669' title='bbox 1829 4376 1938 4450; x_wconf 81' lang='grc' dir='ltr'><strong>γάρ</strong></span> <span class='ocrx_word' id='word_1_670' title='bbox 1977 4377 2129 4433; x_wconf 74' lang='grc' dir='ltr'>ἐστιν</span> <span class='ocrx_word' id='word_1_671' title='bbox 2185 4381 2213 4435; x_wconf 86' lang='grc' dir='ltr'>ὁ</span> <span class='ocrx_word' id='word_1_672' title='bbox 2279 4382 2467 4450; x_wconf 81' lang='grc' dir='ltr'>κρῖναι</span> <span class='ocrx_word' id='word_1_673' title='bbox 2504 4378 2849 4450; x_wconf 74' lang='grc' dir='ltr'><strong>μέλλωνξτὴν</strong></span> <span class='ocrx_word' id='word_1_674' title='bbox 2876 4379 3224 4451; x_wconf 82' lang='grc' dir='ltr'>οίκουμένην,</span> <span class='ocrx_word' id='word_1_675' title='bbox 3268 4376 3326 4441; x_wconf 89' lang='grc' dir='ltr'><strong>δς</strong></span> <span class='ocrx_word' id='word_1_676' title='bbox 3362 4380 3461 4433; x_wconf 87' lang='grc' dir='ltr'>καὶ</span> <span class='ocrx_word' id='word_1_677' title='bbox 3491 4378 3618 4431; x_wconf 72' lang='grc' dir='ltr'><strong>ἀπο·</strong></span> 
     </span>
    </p>
   </div>
   <div class='ocr_carea' id='block_1_90' title="bbox 362 4466 1436 4540">
    <p class='ocr_par' dir='ltr' id='par_1_90' title="bbox 362 4466 1436 4540">
     <span class='ocr_line' id='line_1_90' title="bbox 362 4466 1436 4540; baseline 0.003 -18"><span class='ocrx_word' id='word_1_678' title='bbox 362 4466 525 4522; x_wconf 81' lang='grc' dir='ltr'>δώσει</span> <span class='ocrx_word' id='word_1_679' title='bbox 554 4467 768 4540; x_wconf 74' lang='grc' dir='ltr'>ἑκάστῳ</span> <span class='ocrx_word' id='word_1_680' title='bbox 795 4467 937 4523; x_wconf 79' lang='grc' dir='ltr'>κατὰ</span> <span class='ocrx_word' id='word_1_681' title='bbox 968 4469 1029 4523; x_wconf 79' lang='grc' dir='ltr'>τὸ</span> <span class='ocrx_word' id='word_1_682' title='bbox 1055 4468 1216 4540; x_wconf 78' lang='grc' dir='ltr'>ἔργον</span> <span class='ocrx_word' id='word_1_683' title='bbox 1247 4470 1436 4525; x_wconf 82' lang='grc' dir='ltr'>αὑτοῦ.</span> 
     </span>
    </p>
   </div>
   <div class='ocr_carea' id='block_1_91' title="bbox 437 4559 1935 4637">
    <p class='ocr_par' dir='ltr' id='par_1_91' title="bbox 437 4559 1935 4637">
     <span class='ocr_line' id='line_1_91' title="bbox 437 4559 1935 4637; baseline 0.003 -21"><span class='ocrx_word' id='word_1_684' title='bbox 437 4559 576 4618; x_wconf 76' lang='lat' dir='ltr'><strong>LXI.</strong></span> <span class='ocrx_word' id='word_1_685' title='bbox 619 4563 768 4637; x_wconf 70' lang='lat' dir='ltr'><strong>Multi</strong></span> <span class='ocrx_word' id='word_1_686' title='bbox 800 4578 931 4634; x_wconf 89' lang='lat' dir='ltr'><strong>ergo</strong></span> <span class='ocrx_word' id='word_1_687' title='bbox 965 4563 1080 4619; x_wconf 63' lang='lat' dir='ltr'><strong>haec</strong></span> <span class='ocrx_word' id='word_1_688' title='bbox 1110 4564 1272 4619; x_wconf 83' lang='lat' dir='ltr'><strong>verba</strong></span> <span class='ocrx_word' id='word_1_689' title='bbox 1306 4565 1588 4622; x_wconf 88' lang='lat' dir='ltr'><strong>audientes</strong></span> <span class='ocrx_word' id='word_1_690' title='bbox 1622 4581 1745 4622; x_wconf 87' lang='lat' dir='ltr'><strong>cum</strong></span> <span class='ocrx_word' id='word_1_691' title='bbox 1781 4579 1935 4621; x_wconf 86' lang='lat' dir='ltr'><strong>acer-</strong></span> 
     </span>
    </p>
   </div>
   <div class='ocr_carea' id='block_1_92' title="bbox 2042 4559 3611 4637">
    <p class='ocr_par' dir='ltr' id='par_1_92' title="bbox 2116 4559 3611 4635">
     <span class='ocr_line' id='line_1_92' title="bbox 2116 4559 3611 4635; baseline -0.001 -19"><span class='ocrx_word' id='word_1_692' title='bbox 2116 4559 2242 4616; x_wconf 74' lang='lat' dir='ltr'><strong>EA&#39;.</strong></span> <span class='ocrx_word' id='word_1_693' title='bbox 2280 4560 2498 4615; x_wconf 79' lang='grc' dir='ltr'>Τούτων</span> <span class='ocrx_word' id='word_1_694' title='bbox 2537 4559 2631 4616; x_wconf 79' lang='grc' dir='ltr'>οῦν</span> <span class='ocrx_word' id='word_1_695' title='bbox 2682 4560 2868 4615; x_wconf 77' lang='grc' dir='ltr'>πολλοὶ</span> <span class='ocrx_word' id='word_1_696' title='bbox 2920 4560 3031 4615; x_wconf 87' lang='grc' dir='ltr'>τῶν</span> <span class='ocrx_word' id='word_1_697' title='bbox 3066 4564 3163 4616; x_wconf 73' lang='grc' dir='ltr'>σὺν</span> <span class='ocrx_word' id='word_1_698' title='bbox 3216 4561 3492 4635; x_wconf 76' lang='grc' dir='ltr'>αύστηρίᾳ</span> <span class='ocrx_word' id='word_1_699' title='bbox 3528 4562 3611 4615; x_wconf 78' lang='grc' dir='ltr'><strong>καὶ</strong></span> 
     </span>
    </p>
   </div>
   <div class='ocr_carea' id='block_1_93' title="bbox 363 4652 1936 4726">
    <p class='ocr_par' dir='ltr' id='par_1_93' title="bbox 363 4652 1936 4726">
     <span class='ocr_line' id='line_1_93' title="bbox 363 4652 1936 4726; baseline 0.003 -18"><span class='ocrx_word' id='word_1_700' title='bbox 363 4654 537 4710; x_wconf 85' lang='lat' dir='ltr'><strong>bitate</strong></span> <span class='ocrx_word' id='word_1_701' title='bbox 564 4662 616 4710; x_wconf 89' lang='lat' dir='ltr'><strong>et</strong></span> <span class='ocrx_word' id='word_1_702' title='bbox 646 4654 1053 4719; x_wconf 79' lang='lat' dir='ltr'><strong>vociferatione,</strong></span> <span class='ocrx_word' id='word_1_703' title='bbox 1076 4652 1166 4707; x_wconf 89' lang='lat' dir='ltr'><strong>alii</strong></span> <span class='ocrx_word' id='word_1_704' title='bbox 1195 4654 1409 4726; x_wconf 87' lang='lat' dir='ltr'><strong>quidem</strong></span> <span class='ocrx_word' id='word_1_705' title='bbox 1440 4657 1725 4712; x_wconf 89' lang='lat' dir='ltr'><strong>cessabant</strong></span> <span class='ocrx_word' id='word_1_706' title='bbox 1751 4670 1936 4726; x_wconf 86' lang='lat' dir='ltr'><strong>reprc-</strong></span> 
     </span>
    </p>
   </div>
   <div class='ocr_carea' id='block_1_94' title="bbox 350 4745 1930 4819">
    <p class='ocr_par' dir='ltr' id='par_1_94' title="bbox 350 4745 1930 4819">
     <span class='ocr_line' id='line_1_94' title="bbox 350 4745 1930 4819; baseline 0.004 -22"><span class='ocrx_word' id='word_1_707' title='bbox 350 4745 635 4819; x_wconf 73' lang='lat' dir='ltr'><strong>hendere,</strong></span> <span class='ocrx_word' id='word_1_708' title='bbox 680 4745 796 4815; x_wconf 88' lang='lat' dir='ltr'><strong>ejus</strong></span> <span class='ocrx_word' id='word_1_709' title='bbox 825 4746 1211 4815; x_wconf 85' lang='lat' dir='ltr'><strong>impudentiam</strong></span> <span class='ocrx_word' id='word_1_710' title='bbox 1246 4747 1499 4803; x_wconf 85' lang='lat' dir='ltr'><strong>timentes</strong></span> <span class='ocrx_word' id='word_1_711' title='bbox 1528 4759 1582 4803; x_wconf 89' lang='lat' dir='ltr'><strong>et</strong></span> <span class='ocrx_word' id='word_1_712' title='bbox 1617 4748 1930 4814; x_wconf 89' lang='lat' dir='ltr'><strong>audaciam;</strong></span> 
     </span>
    </p>
   </div>
   <div class='ocr_carea' id='block_1_95' title="bbox 365 4835 1931 4909">
    <p class='ocr_par' dir='ltr' id='par_1_95' title="bbox 365 4835 1931 4909">
     <span class='ocr_line' id='line_1_95' title="bbox 365 4835 1931 4909; baseline 0.003 -19"><span class='ocrx_word' id='word_1_713' title='bbox 365 4835 454 4890; x_wconf 81' lang='lat' dir='ltr'><strong>alii</strong></span> <span class='ocrx_word' id='word_1_714' title='bbox 487 4850 613 4891; x_wconf 82' lang='lat' dir='ltr'><strong>vero</strong></span> <span class='ocrx_word' id='word_1_715' title='bbox 639 4838 978 4892; x_wconf 84' lang='lat' dir='ltr'><strong>conabantur</strong></span> <span class='ocrx_word' id='word_1_716' title='bbox 1004 4852 1129 4893; x_wconf 89' lang='lat' dir='ltr'><strong>eum</strong></span> <span class='ocrx_word' id='word_1_717' title='bbox 1174 4839 1316 4909; x_wconf 89' lang='lat' dir='ltr'><strong>apud</strong></span> <span class='ocrx_word' id='word_1_718' title='bbox 1346 4848 1590 4894; x_wconf 85' lang='lat' dir='ltr'><strong>sanetum</strong></span> <span class='ocrx_word' id='word_1_719' title='bbox 1629 4838 1931 4895; x_wconf 87' lang='lat' dir='ltr'><strong>criminari.</strong></span> 
     </span>
    </p>
   </div>
   <div class='ocr_carea' id='block_1_96' title="bbox 368 4927 1935 5000">
    <p class='ocr_par' dir='ltr' id='par_1_96' title="bbox 368 4927 1935 5000">
     <span class='ocr_line' id='line_1_96' title="bbox 368 4927 1935 5000; baseline 0.004 -18"><span class='ocrx_word' id='word_1_720' title='bbox 368 4928 474 4982; x_wconf 89' lang='lat' dir='ltr'><strong>Sed</strong></span> <span class='ocrx_word' id='word_1_721' title='bbox 504 4927 619 4994; x_wconf 87' lang='lat' dir='ltr'><strong>ille,</strong></span> <span class='ocrx_word' id='word_1_722' title='bbox 659 4938 717 4982; x_wconf 92' lang='lat' dir='ltr'><strong>ut</strong></span> <span class='ocrx_word' id='word_1_723' title='bbox 747 4930 835 4997; x_wconf 89' lang='lat' dir='ltr'><strong>qui</strong></span> <span class='ocrx_word' id='word_1_724' title='bbox 865 4943 901 4987; x_wconf 82' lang='lat' dir='ltr'><strong>a</strong></span> <span class='ocrx_word' id='word_1_725' title='bbox 926 4928 1035 4985; x_wconf 87' lang='lat' dir='ltr'><strong>Deo</strong></span> <span class='ocrx_word' id='word_1_726' title='bbox 1056 4931 1353 4998; x_wconf 88' lang='lat' dir='ltr'><strong>didicerat,</strong></span> <span class='ocrx_word' id='word_1_727' title='bbox 1382 4932 1526 5000; x_wconf 85' lang='lat' dir='ltr'><strong>quali</strong></span> <span class='ocrx_word' id='word_1_728' title='bbox 1567 4933 1766 4988; x_wconf 81' lang='lat' dir='ltr'><strong>virtute</strong></span> <span class='ocrx_word' id='word_1_729' title='bbox 1795 4940 1935 4988; x_wconf 84' lang='lat' dir='ltr'><strong>esset</strong></span> 
     </span>
    </p>
   </div>
   <div class='ocr_carea' id='block_1_97' title="bbox 362 5020 1936 5095">
    <p class='ocr_par' dir='ltr' id='par_1_97' title="bbox 362 5020 1936 5095">
     <span class='ocr_line' id='line_1_97' title="bbox 362 5020 1936 5095; baseline 0.005 -22"><span class='ocrx_word' id='word_1_730' title='bbox 362 5033 554 5095; x_wconf 79' lang='lat' dir='ltr'><strong>senex,</strong></span> <span class='ocrx_word' id='word_1_731' title='bbox 596 5020 817 5077; x_wconf 85' lang='lat' dir='ltr'><strong>minime</strong></span> <span class='ocrx_word' id='word_1_732' title='bbox 861 5023 1177 5078; x_wconf 80' lang='lat' dir='ltr'><strong>attendebat</strong></span> <span class='ocrx_word' id='word_1_733' title='bbox 1221 5038 1321 5091; x_wconf 85' lang='lat' dir='ltr'><strong>ea,</strong></span> <span class='ocrx_word' id='word_1_734' title='bbox 1362 5039 1485 5094; x_wconf 68' lang='lat' dir='ltr'><strong>quae</strong></span> <span class='ocrx_word' id='word_1_735' title='bbox 1524 5025 1843 5082; x_wconf 90' lang='lat' dir='ltr'><strong>dicebantur</strong></span> <span class='ocrx_word' id='word_1_736' title='bbox 1868 5028 1936 5081; x_wconf 78' lang='lat' dir='ltr'><strong>ab</strong></span> 
     </span>
    </p>
   </div>
   <div class='ocr_carea' id='block_1_98' title="bbox 358 5098 1939 5187">
    <p class='ocr_par' dir='ltr' id='par_1_98' title="bbox 358 5098 1939 5187">
     <span class='ocr_line' id='line_1_98' title="bbox 358 5098 1939 5187; baseline 0.001 -19"><span class='ocrx_word' id='word_1_737' title='bbox 358 5098 522 5180; x_wconf 71' lang='lat' dir='ltr'><strong>ipsis,</strong></span> <span class='ocrx_word' id='word_1_738' title='bbox 552 5112 721 5183; x_wconf 87' lang='lat' dir='ltr'><strong>utqui</strong></span> <span class='ocrx_word' id='word_1_739' title='bbox 752 5121 876 5168; x_wconf 89' lang='lat' dir='ltr'><strong>ante</strong></span> <span class='ocrx_word' id='word_1_740' title='bbox 900 5115 1086 5171; x_wconf 91' lang='lat' dir='ltr'><strong>oculos</strong></span> <span class='ocrx_word' id='word_1_741' title='bbox 1110 5130 1325 5185; x_wconf 89' lang='lat' dir='ltr'><strong>semper</strong></span> <span class='ocrx_word' id='word_1_742' title='bbox 1355 5117 1685 5187; x_wconf 89' lang='lat' dir='ltr'><strong>descriptum</strong></span> <span class='ocrx_word' id='word_1_743' title='bbox 1715 5116 1939 5173; x_wconf 87' lang='lat' dir='ltr'><strong>haberet</strong></span> 
     </span>
    </p>
   </div>
   <div class='ocr_carea' id='block_1_99' title="bbox 355 5203 1938 5289">
    <p class='ocr_par' dir='ltr' id='par_1_99' title="bbox 355 5203 1938 5289">
     <span class='ocr_line' id='line_1_99' title="bbox 355 5203 1938 5289; baseline 0.004 -31"><span class='ocrx_word' id='word_1_744' title='bbox 355 5203 498 5289; x_wconf 67' lang='lat' dir='ltr'><strong>illud</strong></span> <span class='ocrx_word' id='word_1_745' title='bbox 522 5203 687 5261; x_wconf 83' lang='lat' dir='ltr'><strong>excisi</strong></span> <span class='ocrx_word' id='word_1_746' title='bbox 712 5207 979 5262; x_wconf 86' lang='lat' dir='ltr'><strong>monachi.</strong></span> <span class='ocrx_word' id='word_1_747' title='bbox 1013 5205 1287 5264; x_wconf 87' lang='lat' dir='ltr'><strong>Suadebat</strong></span> <span class='ocrx_word' id='word_1_748' title='bbox 1311 5218 1489 5264; x_wconf 88' lang='lat' dir='ltr'><strong>autem</strong></span> <span class='ocrx_word' id='word_1_749' title='bbox 1516 5209 1740 5265; x_wconf 86' lang='lat' dir='ltr'><strong>omnino</strong></span> <span class='ocrx_word' id='word_1_750' title='bbox 1767 5210 1938 5265; x_wconf 82' lang='lat' dir='ltr'><strong>vitare</strong></span> 
     </span>
    </p>
   </div>
   <div class='ocr_carea' id='block_1_100' title="bbox 363 5295 1936 5370">
    <p class='ocr_par' dir='ltr' id='par_1_100' title="bbox 363 5295 1936 5370">
     <span class='ocr_line' id='line_1_100' title="bbox 363 5295 1936 5370; baseline 0.004 -21"><span class='ocrx_word' id='word_1_751' title='bbox 363 5295 742 5350; x_wconf 84' lang='lat' dir='ltr'><strong>accusationes</strong></span> <span class='ocrx_word' id='word_1_752' title='bbox 767 5311 885 5367; x_wconf 81' lang='lat' dir='ltr'><strong>quae</strong></span> <span class='ocrx_word' id='word_1_753' title='bbox 915 5296 1117 5352; x_wconf 78' lang='lat' dir='ltr'><strong>ﬁebant</strong></span> <span class='ocrx_word' id='word_1_754' title='bbox 1142 5300 1405 5361; x_wconf 78' lang='lat' dir='ltr'><strong>adversus</strong></span> <span class='ocrx_word' id='word_1_755' title='bbox 1435 5299 1726 5355; x_wconf 60' lang='lat' dir='ltr'><strong>monachos</strong></span> <span class='ocrx_word' id='word_1_756' title='bbox 1745 5340 1760 5365; x_wconf 93' lang='lat'><strong>,</strong></span> <span class='ocrx_word' id='word_1_757' title='bbox 1800 5315 1936 5370; x_wconf 84' lang='lat' dir='ltr'><strong>prae-</strong></span> 
     </span>
    </p>
   </div>
   <div class='ocr_carea' id='block_1_101' title="bbox 363 5378 1938 5460">
    <p class='ocr_par' dir='ltr' id='par_1_101' title="bbox 363 5378 1938 5460">
     <span class='ocr_line' id='line_1_101' title="bbox 363 5378 1938 5460; baseline 0.005 -20"><span class='ocrx_word' id='word_1_758' title='bbox 363 5378 573 5441; x_wconf 79' lang='lat' dir='ltr'><strong>clarum</strong></span> <span class='ocrx_word' id='word_1_759' title='bbox 604 5385 735 5442; x_wconf 85' lang='lat' dir='ltr'><strong>illud</strong></span> <span class='ocrx_word' id='word_1_760' title='bbox 766 5390 989 5443; x_wconf 75' lang='lat' dir='ltr'><strong>verbum</strong></span> <span class='ocrx_word' id='word_1_761' title='bbox 1021 5390 1367 5460; x_wconf 85' lang='lat' dir='ltr'><strong>imperatoris</strong></span> <span class='ocrx_word' id='word_1_762' title='bbox 1394 5392 1762 5456; x_wconf 87' lang='lat' dir='ltr'><strong>Constantini.</strong></span> <span class='ocrx_word' id='word_1_763' title='bbox 1794 5394 1938 5448; x_wconf 89' lang='lat' dir='ltr'><strong>inter</strong></span> 
     </span>
    </p>
   </div>
   <div class='ocr_carea' id='block_1_102' title="bbox 363 5476 1937 5556">
    <p class='ocr_par' dir='ltr' id='par_1_102' title="bbox 363 5476 1937 5556">
     <span class='ocr_line' id='line_1_102' title="bbox 363 5476 1937 5556; baseline 0.004 -23"><span class='ocrx_word' id='word_1_764' title='bbox 363 5476 715 5546; x_wconf 73' lang='lat' dir='ltr'><strong>imperatores</strong></span> <span class='ocrx_word' id='word_1_765' title='bbox 734 5478 1093 5547; x_wconf 87' lang='lat' dir='ltr'><strong>celeberrimi,</strong></span> <span class='ocrx_word' id='word_1_766' title='bbox 1110 5484 1161 5538; x_wconf 92' lang='lat' dir='ltr'><strong>in</strong></span> <span class='ocrx_word' id='word_1_767' title='bbox 1180 5498 1275 5541; x_wconf 87' lang='lat' dir='ltr'><strong>ore</strong></span> <span class='ocrx_word' id='word_1_768' title='bbox 1294 5484 1521 5550; x_wconf 88' lang='lat' dir='ltr'><strong>habens,</strong></span> <span class='ocrx_word' id='word_1_769' title='bbox 1541 5485 1630 5556; x_wconf 89' lang='lat' dir='ltr'><strong>qui</strong></span> <span class='ocrx_word' id='word_1_770' title='bbox 1647 5487 1702 5542; x_wconf 91' lang='lat' dir='ltr'><strong>in</strong></span> <span class='ocrx_word' id='word_1_771' title='bbox 1725 5485 1937 5541; x_wconf 66' lang='lat' dir='ltr'><strong>Nicaeus</strong></span> 
     </span>
    </p>
   </div>
   <div class='ocr_carea' id='block_1_103' title="bbox 363 5567 1937 5653">
    <p class='ocr_par' dir='ltr' id='par_1_103' title="bbox 363 5567 1937 5653">
     <span class='ocr_line' id='line_1_103' title="bbox 363 5567 1937 5653; baseline 0.008 -31"><span class='ocrx_word' id='word_1_772' title='bbox 363 5569 571 5649; x_wconf 81' lang='lat' dir='ltr'><strong>synodo</strong></span> <span class='ocrx_word' id='word_1_773' title='bbox 606 5567 811 5625; x_wconf 87' lang='lat' dir='ltr'><strong>libellos</strong></span> <span class='ocrx_word' id='word_1_774' title='bbox 834 5570 1241 5630; x_wconf 81' lang='lat' dir='ltr'><strong>accusationum</strong></span> <span class='ocrx_word' id='word_1_775' title='bbox 1261 5575 1415 5631; x_wconf 86' lang='lat' dir='ltr'><strong>datos</strong></span> <span class='ocrx_word' id='word_1_776' title='bbox 1440 5577 1701 5633; x_wconf 80' lang='lat' dir='ltr'><strong>adversus</strong></span> <span class='ocrx_word' id='word_1_777' title='bbox 1725 5578 1937 5653; x_wconf 83' lang='lat' dir='ltr'><strong>aliquos</strong></span> 
     </span>
    </p>
   </div>
   <div class='ocr_carea' id='block_1_104' title="bbox 362 5660 1934 5743">
    <p class='ocr_par' dir='ltr' id='par_1_104' title="bbox 362 5660 1934 5743">
     <span class='ocr_line' id='line_1_104' title="bbox 362 5660 1934 5743; baseline 0.008 -31"><span class='ocrx_word' id='word_1_778' title='bbox 362 5660 645 5731; x_wconf 85' lang='lat' dir='ltr'><strong>episcopos</strong></span> <span class='ocrx_word' id='word_1_779' title='bbox 668 5677 774 5716; x_wconf 90' lang='lat' dir='ltr'><strong>non</strong></span> <span class='ocrx_word' id='word_1_780' title='bbox 805 5660 1046 5731; x_wconf 79' lang='lat' dir='ltr'><strong>admisit,</strong></span> <span class='ocrx_word' id='word_1_781' title='bbox 1074 5667 1295 5725; x_wconf 89' lang='lat' dir='ltr'><strong>dicens:</strong></span> <span class='ocrx_word' id='word_1_782' title='bbox 1329 5668 1384 5725; x_wconf 90' lang='lat' dir='ltr'><strong>Si</strong></span> <span class='ocrx_word' id='word_1_783' title='bbox 1425 5672 1477 5726; x_wconf 92' lang='lat' dir='ltr'><strong>in</strong></span> <span class='ocrx_word' id='word_1_784' title='bbox 1502 5673 1812 5743; x_wconf 87' lang='lat' dir='ltr'><strong>episcopum</strong></span> <span class='ocrx_word' id='word_1_785' title='bbox 1842 5679 1934 5726; x_wconf 87' lang='lat' dir='ltr'><strong>aut</strong></span> 
     </span>
    </p>
   </div>
   <div class='ocr_carea' id='block_1_105' title="bbox 366 5754 1929 5836">
    <p class='ocr_par' dir='ltr' id='par_1_105' title="bbox 366 5754 1929 5836">
     <span class='ocr_line' id='line_1_105' title="bbox 366 5754 1929 5836; baseline 0.008 -29"><span class='ocrx_word' id='word_1_786' title='bbox 366 5754 687 5809; x_wconf 87' lang='lat' dir='ltr'><strong>monachum</strong></span> <span class='ocrx_word' id='word_1_787' title='bbox 751 5754 1107 5816; x_wconf 82' lang='lat' dir='ltr'><strong>foruicantem</strong></span> <span class='ocrx_word' id='word_1_788' title='bbox 1172 5760 1526 5836; x_wconf 59' lang='lat' dir='ltr'><strong>incidismn,</strong></span> <span class='ocrx_word' id='word_1_789' title='bbox 1590 5765 1929 5823; x_wconf 83' lang='lat' dir='ltr'><strong>sustulissent</strong></span> 
     </span>
    </p>
   </div>
   <div class='ocr_carea' id='block_1_106' title="bbox 2044 4652 3610 4728">
    <p class='ocr_par' dir='ltr' id='par_1_106' title="bbox 2044 4652 3610 4728">
     <span class='ocr_line' id='line_1_106' title="bbox 2044 4652 3610 4728; baseline -0.001 -20"><span class='ocrx_word' id='word_1_790' title='bbox 2044 4653 2140 4728; x_wconf 77' lang='grc' dir='ltr'><strong>βοῇ</strong></span> <span class='ocrx_word' id='word_1_791' title='bbox 2167 4654 2340 4722; x_wconf 74' lang='grc' dir='ltr'>λόγων</span> <span class='ocrx_word' id='word_1_792' title='bbox 2377 4652 2705 4718; x_wconf 78' lang='grc' dir='ltr'>ἀκούοντες,</span> <span class='ocrx_word' id='word_1_793' title='bbox 2735 4654 2785 4707; x_wconf 77' lang='lat' dir='ltr'><strong>oi</strong></span> <span class='ocrx_word' id='word_1_794' title='bbox 2845 4652 2944 4722; x_wconf 80' lang='grc' dir='ltr'><strong>μὲν</strong></span> <span class='ocrx_word' id='word_1_795' title='bbox 2993 4652 3260 4707; x_wconf 73' lang='grc' dir='ltr'>ἐπαύοντο</span> <span class='ocrx_word' id='word_1_796' title='bbox 3320 4655 3432 4708; x_wconf 88' lang='grc' dir='ltr'>τῶν</span> <span class='ocrx_word' id='word_1_797' title='bbox 3469 4653 3610 4723; x_wconf 68' lang='grc' dir='ltr'><strong>ὲλέγυ</strong></span> 
     </span>
    </p>
   </div>
   <div class='ocr_carea' id='block_1_107' title="bbox 2052 4744 3609 4818">
    <p class='ocr_par' dir='ltr' id='par_1_107' title="bbox 2052 4744 3609 4818">
     <span class='ocr_line' id='line_1_107' title="bbox 2052 4744 3609 4818; baseline -0.001 -18"><span class='ocrx_word' id='word_1_798' title='bbox 2052 4764 2185 4818; x_wconf 87' lang='grc' dir='ltr'>χων,</span> <span class='ocrx_word' id='word_1_799' title='bbox 2215 4745 2671 4817; x_wconf 81' lang='grc' dir='ltr'>ύποστελλόμενοι</span> <span class='ocrx_word' id='word_1_800' title='bbox 2691 4745 2789 4815; x_wconf 81' lang='grc' dir='ltr'>τὴν</span> <span class='ocrx_word' id='word_1_801' title='bbox 2826 4744 2989 4814; x_wconf 81' lang='grc' dir='ltr'>δῆθεν</span> <span class='ocrx_word' id='word_1_802' title='bbox 3019 4746 3297 4802; x_wconf 85' lang='grc' dir='ltr'>ἀναίδειαν</span> <span class='ocrx_word' id='word_1_803' title='bbox 3331 4747 3499 4803; x_wconf 73' lang='grc' dir='ltr'>αὑτοῦ</span> <span class='ocrx_word' id='word_1_804' title='bbox 3525 4749 3609 4801; x_wconf 73' lang='grc' dir='ltr'><strong>καὶ</strong></span> 
     </span>
    </p>
   </div>
   <div class='ocr_carea' id='block_1_108' title="bbox 2041 4837 3607 4909">
    <p class='ocr_par' dir='ltr' id='par_1_108' title="bbox 2041 4837 3607 4909">
     <span class='ocr_line' id='line_1_108' title="bbox 2041 4837 3607 4909; baseline -0.003 -16"><span class='ocrx_word' id='word_1_805' title='bbox 2041 4839 2101 4893; x_wconf 77' lang='grc' dir='ltr'>τὸ</span> <span class='ocrx_word' id='word_1_806' title='bbox 2131 4839 2327 4909; x_wconf 84' lang='grc' dir='ltr'>θράσος</span> <span class='ocrx_word' id='word_1_807' title='bbox 2349 4854 2364 4870; x_wconf 89' lang='grc'><strong>·</strong></span> <span class='ocrx_word' id='word_1_808' title='bbox 2393 4839 2442 4891; x_wconf 78' lang='lat' dir='ltr'><strong>oi</strong></span> <span class='ocrx_word' id='word_1_809' title='bbox 2488 4838 2545 4891; x_wconf 79' lang='grc' dir='ltr'>δὲ</span> <span class='ocrx_word' id='word_1_810' title='bbox 2583 4837 2895 4893; x_wconf 85' lang='grc' dir='ltr'>διαϐάλλειν</span> <span class='ocrx_word' id='word_1_811' title='bbox 2916 4838 3056 4909; x_wconf 77' lang='grc' dir='ltr'>πρὸς</span> <span class='ocrx_word' id='word_1_812' title='bbox 3094 4841 3185 4893; x_wconf 81' lang='grc' dir='ltr'><strong>τδν</strong></span> <span class='ocrx_word' id='word_1_813' title='bbox 3223 4840 3370 4893; x_wconf 79' lang='grc' dir='ltr'>ὅσιον</span> <span class='ocrx_word' id='word_1_814' title='bbox 3405 4840 3607 4908; x_wconf 78' lang='grc' dir='ltr'>ἐπεχεί-</span> 
     </span>
    </p>
   </div>
   <div class='ocr_carea' id='block_1_109' title="bbox 2040 4924 3607 5003">
    <p class='ocr_par' dir='ltr' id='par_1_109' title="bbox 2040 4924 3607 5003">
     <span class='ocr_line' id='line_1_109' title="bbox 2040 4924 3607 5003; baseline 0 -20"><span class='ocrx_word' id='word_1_815' title='bbox 2040 4948 2196 5003; x_wconf 90' lang='grc' dir='ltr'>ρουν.</span> <span class='ocrx_word' id='word_1_816' title='bbox 2247 4929 2389 4983; x_wconf 78' lang='grc' dir='ltr'><strong>Ἀλλ’</strong></span> <span class='ocrx_word' id='word_1_817' title='bbox 2415 4930 2624 4993; x_wconf 78' lang='grc' dir='ltr'>ἐκεῖνος</span> <span class='ocrx_word' id='word_1_818' title='bbox 2657 4925 2768 4993; x_wconf 75' lang='grc' dir='ltr'>οἷος</span> <span class='ocrx_word' id='word_1_819' title='bbox 2795 4924 2864 5002; x_wconf 77' lang='grc' dir='ltr'>ἦν</span> <span class='ocrx_word' id='word_1_820' title='bbox 2891 4931 2991 5001; x_wconf 81' lang='grc' dir='ltr'><strong>τὴν</strong></span> <span class='ocrx_word' id='word_1_821' title='bbox 3018 4929 3221 5001; x_wconf 75' lang='grc' dir='ltr'>ἀρετὴν</span> <span class='ocrx_word' id='word_1_822' title='bbox 3252 4932 3281 4984; x_wconf 76' lang='grc' dir='ltr'><strong>δ</strong></span> <span class='ocrx_word' id='word_1_823' title='bbox 3310 4931 3487 5003; x_wconf 82' lang='grc' dir='ltr'>γέρων</span> <span class='ocrx_word' id='word_1_824' title='bbox 3514 4929 3607 4983; x_wconf 79' lang='grc' dir='ltr'><strong>ὑπὸ</strong></span> 
     </span>
    </p>
   </div>
   <div class='ocr_carea' id='block_1_110' title="bbox 2039 5020 3603 5094">
    <p class='ocr_par' dir='ltr' id='par_1_110' title="bbox 2039 5020 3603 5094">
     <span class='ocr_line' id='line_1_110' title="bbox 2039 5020 3603 5094; baseline -0.004 -17"><span class='ocrx_word' id='word_1_825' title='bbox 2039 5024 2173 5077; x_wconf 62' lang='grc' dir='ltr'>θεοῦ</span> <span class='ocrx_word' id='word_1_826' title='bbox 2206 5021 2621 5093; x_wconf 84' lang='grc' dir='ltr'>διδασκόμενος,</span> <span class='ocrx_word' id='word_1_827' title='bbox 2650 5023 2852 5093; x_wconf 69' lang='grc' dir='ltr'>ἥκιστα</span> <span class='ocrx_word' id='word_1_828' title='bbox 2877 5025 3136 5093; x_wconf 85' lang='grc' dir='ltr'>προσεῖχε</span> <span class='ocrx_word' id='word_1_829' title='bbox 3148 5025 3263 5085; x_wconf 81' lang='grc' dir='ltr'>τοῖς</span> <span class='ocrx_word' id='word_1_830' title='bbox 3279 5024 3408 5094; x_wconf 83' lang='grc' dir='ltr'>παρ’</span> <span class='ocrx_word' id='word_1_831' title='bbox 3439 5020 3603 5077; x_wconf 79' lang='grc' dir='ltr'>αὐτῶν</span> 
     </span>
    </p>
   </div>
   <div class='ocr_carea' id='block_1_111' title="bbox 2041 5106 3601 5186">
    <p class='ocr_par' dir='ltr' id='par_1_111' title="bbox 2041 5106 3601 5186">
     <span class='ocr_line' id='line_1_111' title="bbox 2041 5106 3601 5186; baseline -0.004 -18"><span class='ocrx_word' id='word_1_832' title='bbox 2041 5115 2380 5185; x_wconf 81' lang='grc' dir='ltr'>λεγομένοις,</span> <span class='ocrx_word' id='word_1_833' title='bbox 2423 5114 2778 5186; x_wconf 83' lang='grc' dir='ltr'>ἀνάγραπτον</span> <span class='ocrx_word' id='word_1_834' title='bbox 2809 5113 2868 5166; x_wconf 82' lang='grc' dir='ltr'><strong>τὸ</strong></span> <span class='ocrx_word' id='word_1_835' title='bbox 2916 5112 3008 5167; x_wconf 85' lang='grc' dir='ltr'><strong>τοῦ</strong></span> <span class='ocrx_word' id='word_1_836' title='bbox 3060 5112 3345 5167; x_wconf 82' lang='grc' dir='ltr'>ἁποκόπου</span> <span class='ocrx_word' id='word_1_837' title='bbox 3381 5106 3601 5184; x_wconf 78' lang='grc' dir='ltr'>μοναχοῦ</span> 
     </span>
    </p>
   </div>
   <div class='ocr_carea' id='block_1_112' title="bbox 2041 5202 3600 5277">
    <p class='ocr_par' dir='ltr' id='par_1_112' title="bbox 2041 5202 3600 5277">
     <span class='ocr_line' id='line_1_112' title="bbox 2041 5202 3600 5277; baseline -0.004 -15"><span class='ocrx_word' id='word_1_838' title='bbox 2041 5208 2136 5262; x_wconf 72' lang='grc' dir='ltr'><strong>καὶ</strong></span> <span class='ocrx_word' id='word_1_839' title='bbox 2170 5206 2276 5277; x_wconf 75' lang='grc' dir='ltr'>πρὸ</span> <span class='ocrx_word' id='word_1_840' title='bbox 2309 5206 2574 5277; x_wconf 84' lang='grc' dir='ltr'>ὀμμάτων</span> <span class='ocrx_word' id='word_1_841' title='bbox 2636 5206 2725 5259; x_wconf 73' lang='grc' dir='ltr'><strong>ἀεὶ</strong></span> <span class='ocrx_word' id='word_1_842' title='bbox 2774 5204 3079 5275; x_wconf 78' lang='grc' dir='ltr'>τιθέμενος.</span> <span class='ocrx_word' id='word_1_843' title='bbox 3137 5205 3383 5277; x_wconf 74' lang='grc' dir='ltr'>Παρῄνει</span> <span class='ocrx_word' id='word_1_844' title='bbox 3413 5205 3469 5259; x_wconf 82' lang='grc' dir='ltr'>δὲ</span> <span class='ocrx_word' id='word_1_845' title='bbox 3517 5202 3600 5258; x_wconf 80' lang='grc' dir='ltr'>καὶ</span> 
     </span>
    </p>
   </div>
   <div class='ocr_carea' id='block_1_113' title="bbox 2042 5298 3601 5369">
    <p class='ocr_par' dir='ltr' id='par_1_113' title="bbox 2042 5298 3601 5369">
     <span class='ocr_line' id='line_1_113' title="bbox 2042 5298 3601 5369; baseline -0.004 -15"><span class='ocrx_word' id='word_1_846' title='bbox 2042 5299 2293 5365; x_wconf 76' lang='grc' dir='ltr'>καθάπαξ</span> <span class='ocrx_word' id='word_1_847' title='bbox 2342 5300 2612 5354; x_wconf 86' lang='grc' dir='ltr'>ἐκκλίνειν</span> <span class='ocrx_word' id='word_1_848' title='bbox 2671 5298 2771 5368; x_wconf 84' lang='grc' dir='ltr'>τῆς</span> <span class='ocrx_word' id='word_1_849' title='bbox 2794 5300 2936 5354; x_wconf 83' lang='grc' dir='ltr'>κατὰ</span> <span class='ocrx_word' id='word_1_850' title='bbox 2956 5298 3067 5354; x_wconf 85' lang='grc' dir='ltr'>τῶν</span> <span class='ocrx_word' id='word_1_851' title='bbox 3098 5299 3347 5369; x_wconf 86' lang='grc' dir='ltr'>μοναχῶν</span> <span class='ocrx_word' id='word_1_852' title='bbox 3388 5311 3601 5367; x_wconf 79' lang='grc' dir='ltr'>κατηγο·</span> 
     </span>
    </p>
   </div>
   <div class='ocr_carea' id='block_1_114' title="bbox 2044 5375 3595 5464">
    <p class='ocr_par' dir='ltr' id='par_1_114' title="bbox 2044 5375 3595 5464">
     <span class='ocr_line' id='line_1_114' title="bbox 2044 5375 3595 5464; baseline -0.007 -19"><span class='ocrx_word' id='word_1_853' title='bbox 2044 5391 2187 5464; x_wconf 84' lang='grc' dir='ltr'>ρίας,</span> <span class='ocrx_word' id='word_1_854' title='bbox 2224 5392 2284 5444; x_wconf 67' lang='grc' dir='ltr'>τὸ</span> <span class='ocrx_word' id='word_1_855' title='bbox 2305 5390 2665 5462; x_wconf 76' lang='grc' dir='ltr'><strong>ἀξιοζήλωτον</strong></span> <span class='ocrx_word' id='word_1_856' title='bbox 2699 5391 2880 5444; x_wconf 76' lang='grc' dir='ltr'>ἐκεῖνο</span> <span class='ocrx_word' id='word_1_857' title='bbox 2904 5375 3058 5461; x_wconf 76' lang='grc' dir='ltr'>ῥῆμα</span> <span class='ocrx_word' id='word_1_858' title='bbox 3086 5390 3490 5443; x_wconf 81' lang='grc' dir='ltr'>Κωνσταντίνου</span> <span class='ocrx_word' id='word_1_859' title='bbox 3514 5381 3595 5438; x_wconf 86' lang='grc' dir='ltr'><strong>τοῦ</strong></span> 
     </span>
    </p>
   </div>
   <div class='ocr_carea' id='block_1_115' title="bbox 2047 5475 3593 5556">
    <p class='ocr_par' dir='ltr' id='par_1_115' title="bbox 2047 5475 3593 5556">
     <span class='ocr_line' id='line_1_115' title="bbox 2047 5475 3593 5556; baseline -0.005 -17"><span class='ocrx_word' id='word_1_860' title='bbox 2047 5487 2108 5539; x_wconf 79' lang='grc' dir='ltr'>ἐν</span> <span class='ocrx_word' id='word_1_861' title='bbox 2149 5484 2464 5556; x_wconf 86' lang='grc' dir='ltr'>βασιλεῦσιν</span> <span class='ocrx_word' id='word_1_862' title='bbox 2521 5484 2767 5555; x_wconf 87' lang='grc' dir='ltr'>ἀοιδίμου</span> <span class='ocrx_word' id='word_1_863' title='bbox 2791 5483 3291 5553; x_wconf 71' lang='grc' dir='ltr'><strong>ὲπιφθεγγέμενος·</strong></span> <span class='ocrx_word' id='word_1_864' title='bbox 3344 5481 3406 5544; x_wconf 73' lang='grc' dir='ltr'>ὃς</span> <span class='ocrx_word' id='word_1_865' title='bbox 3457 5482 3511 5533; x_wconf 76' lang='grc' dir='ltr'><strong>ἐν</strong></span> <span class='ocrx_word' id='word_1_866' title='bbox 3536 5475 3593 5543; x_wconf 68' lang='grc' dir='ltr'>τῇ</span> 
     </span>
    </p>
   </div>
   <div class='ocr_carea' id='block_1_116' title="bbox 2043 5566 3593 5649">
    <p class='ocr_par' dir='ltr' id='par_1_116' title="bbox 2043 5566 3593 5649">
     <span class='ocr_line' id='line_1_116' title="bbox 2043 5566 3593 5649; baseline -0.01 -14"><span class='ocrx_word' id='word_1_867' title='bbox 2043 5580 2186 5635; x_wconf 81' lang='grc' dir='ltr'>κατὰ</span> <span class='ocrx_word' id='word_1_868' title='bbox 2222 5581 2460 5635; x_wconf 82' lang='grc' dir='ltr'>Νίκαιαν</span> <span class='ocrx_word' id='word_1_869' title='bbox 2509 5579 2712 5649; x_wconf 81' lang='grc' dir='ltr'>συνόδῳ</span> <span class='ocrx_word' id='word_1_870' title='bbox 2764 5578 3039 5642; x_wconf 82' lang='grc' dir='ltr'>λιϐέλλους</span> <span class='ocrx_word' id='word_1_871' title='bbox 3096 5574 3441 5646; x_wconf 83' lang='grc' dir='ltr'>κατηγοριῶν</span> <span class='ocrx_word' id='word_1_872' title='bbox 3468 5566 3593 5626; x_wconf 75' lang='grc' dir='ltr'>κατὰ</span> 
     </span>
    </p>
   </div>
   <div class='ocr_carea' id='block_1_117' title="bbox 2039 5662 3590 5737">
    <p class='ocr_par' dir='ltr' id='par_1_117' title="bbox 2039 5662 3590 5737">
     <span class='ocr_line' id='line_1_117' title="bbox 2039 5662 3590 5737; baseline -0.005 -14"><span class='ocrx_word' id='word_1_873' title='bbox 2039 5688 2201 5725; x_wconf 83' lang='grc' dir='ltr'>τινων</span> <span class='ocrx_word' id='word_1_874' title='bbox 2228 5671 2539 5724; x_wconf 68' lang='grc' dir='ltr'>ἐπισκόπων</span> <span class='ocrx_word' id='word_1_875' title='bbox 2557 5668 2962 5737; x_wconf 85' lang='grc' dir='ltr'>ὲπιδιδομένους</span> <span class='ocrx_word' id='word_1_876' title='bbox 2984 5668 3045 5720; x_wconf 85' lang='grc' dir='ltr'>ού</span> <span class='ocrx_word' id='word_1_877' title='bbox 3071 5666 3424 5737; x_wconf 73' lang='grc' dir='ltr'>παρεδέξατο,</span> <span class='ocrx_word' id='word_1_878' title='bbox 3461 5662 3590 5730; x_wconf 69' lang='grc' dir='ltr'>είρηι</span> 
     </span>
    </p>
   </div>
   <div class='ocr_carea' id='block_1_118' title="bbox 2040 5757 3590 5833">
    <p class='ocr_par' dir='ltr' id='par_1_118' title="bbox 2040 5757 3590 5833">
     <span class='ocr_line' id='line_1_118' title="bbox 2040 5757 3590 5833; baseline -0.001 -19"><span class='ocrx_word' id='word_1_879' title='bbox 2040 5760 2171 5833; x_wconf 84' lang='grc' dir='ltr'>κὼς,</span> <span class='ocrx_word' id='word_1_880' title='bbox 2201 5762 2281 5816; x_wconf 78' lang='grc' dir='ltr'>ὅτι</span> <span class='ocrx_word' id='word_1_881' title='bbox 2313 5763 2431 5817; x_wconf 75' lang='grc' dir='ltr'>Κᾶν</span> <span class='ocrx_word' id='word_1_882' title='bbox 2465 5760 2779 5833; x_wconf 76' lang='grc' dir='ltr'>πορνεύοντι</span> <span class='ocrx_word' id='word_1_883' title='bbox 2814 5759 3097 5829; x_wconf 73' lang='grc' dir='ltr'>ἐπισκόπῳ</span> <span class='ocrx_word' id='word_1_884' title='bbox 3149 5757 3179 5829; x_wconf 73' lang='grc' dir='ltr'><strong>ἢ</strong></span> <span class='ocrx_word' id='word_1_885' title='bbox 3213 5757 3431 5832; x_wconf 77' lang='grc' dir='ltr'>μονσχῷ</span> <span class='ocrx_word' id='word_1_886' title='bbox 3459 5766 3590 5824; x_wconf 71' lang='grc' dir='ltr'>περιε</span> 
     </span>
    </p>
   </div>
  </div>
