3828 6472
248 341 360 405 949

1209 348 1387 440 νῙἸξΑ
1426 349 1487 408 S.
1528 345 1851 407 IOANNIS
1888 346 2530 412 ELEEMOSYNARII.

3376 348 3497 414 950-

248 456 467 524 ἐτυχον,
492 454 593 523 τὴν
622 454 870 525 χλαμύδα
909 456 1164 527 τὴνιὲμὴν
1191 457 1438 527 ἀνασχὼν
1474 456 1721 520 ἐπέθηκα
1751 457 1818 511 ἂν

1950 470 2099 513 neatn
2142 460 2516 532 chlamydem,
2565 473 2618 517 et
2652 462 2700 519 ei
2742 460 3152 532 imposuissent,
3192 475 3249 517 ut
3281 482 3309 517 ιι
3345 466 3495 521 nullo

250 545 426 617 αὐτῷ,
465 546 610 599 ῶστε
659 546 735 616 μὴ
784 547 888 600 ὑπό
939 564 1083 611 τινος
1127 547 1409 619 ὀφθαλμοῦ
1460 547 1726 618 ὀφθῆναι·
1756 546 1816 601 εὖ

251 638 411 702 εἰδὼς
437 640 644 701 ἐκεῖνος
670 639 751 691 ὅτι
797 636 864 691 τά
892 638 1003 691 τῶν
1057 638 1311 693 τοιούτων
1339 640 1548 711 ἀνδρῶν
1593 638 1821 693 ἔλαττώ-

257 745 405 798 ματα
453 727 588 797 δῆλα
630 730 744 792 τοῖς
770 726 984 792 πολλοῖς
1031 728 1424 800 καθιστάμενα,
1453 729 1515 784 οὐ
1556 729 1714 799 μόνον
1751 728 1821 784 τὰ

253 818 441 882 αἰδοῦς
469 820 594 885 ἄξια
632 819 729 872 καὶ
775 819 943 889 τιμῆς
978 819 1439 890 καταφρονεῖσθαι
1472 819 1823 890 παρασκευά-

253 910 464 976 ζουσιν,
498 911 632 964 ἀλλὰ
664 911 758 964 καὶ
793 909 966 983 πολλὴ
1003 910 1353 984 παράκλησις
1378 913 1458 978 είς
1505 914 1703 967 κακίαν
1729 912 1823 967 καὶ

255 1000 479 1069 ἀφορμὴ
506 999 766 1066 γίνονται.

326 1089 449 1146 ΞΒ’.
480 1089 618 1142 Ἀλλ’
645 1090 788 1144 οὕτω
816 1092 916 1161 μὲν
934 1095 962 1148 ὁ
988 1091 1159 1165 μέγας
1178 1092 1279 1158 τὰς
1306 1095 1449 1150 κατὰ
1469 1093 1563 1149 τοῦ
1590 1096 1822 1166 μεγάλου

254 1183 513 1251 γέροντος
535 1184 788 1248 διαϐολὰς
819 1186 1108 1243 ἀπωθείτο.
1153 1189 1389 1252 Ἐκεῖνος
1413 1188 1469 1241 δὲ
1502 1188 1604 1258 τῆς
1656 1191 1827 1259 ἐργα-

258 1272 382 1335 σίας
402 1276 501 1328 οὐκ
532 1275 691 1346 ἔληγε
725 1277 952 1348 ταύτης*
976 1279 1110 1333 ἀλλά
1130 1280 1232 1334 κᾶν
1255 1283 1367 1345 τοῖς
1392 1280 1608 1344 πολλοῖς
1635 1279 1828 1351 αἰσχύ-

255 1380 358 1431 νην
382 1363 580 1432 ὤφειλε
613 1367 707 1419 καὶ
734 1367 958 1434 ὄνειδος,
997 1356 1162 1434 αὐτὸς
1189 1370 1324 1440 πρὸς
1362 1370 1419 1425 ἒν
1450 1370 1597 1440 ἐώρα
1643 1373 1826 1442 μόνον.

256 1456 357 1524 τὴν
373 1456 483 1508 τῶν
509 1458 697 1527 ψυχῶν
719 1462 994 1530 σωτηρίαν
1014 1478 1029 1494 ·
1052 1466 1161 1527 τοῖς
1190 1463 1247 1516 δὲ
1272 1464 1371 1535 τὴν
1399 1465 1650 1532 γλῶσσαν
1708 1465 1828 1518 κατ’

259 1549 427 1602 αὐτοῦ
465 1551 692 1616 κινοῦσι,
728 1554 822 1604 καὶ
853 1554 1181 1625 συγγνώμην
1215 1557 1412 1625 μᾶλλον
1433 1559 1533 1626 τῆς
1557 1558 1832 1629 ἁμαρτίας

260 1642 622 1710 προσηύχετο.
648 1644 770 1697 Ὀτι
793 1644 848 1698 δὲ
879 1645 1037 1698 τοῦτο
1069 1647 1167 1700 οὐκ
1191 1649 1437 1719 ἄκαρπον
1457 1649 1550 1703 καὶ
1574 1651 1832 1721 ἀνόνητον

260 1730 412 1800 αὐτῷ
440 1732 681 1800 γέγονεν,
732 1734 870 1788 ἀλλά
913 1735 1129 1801 πολλοῖς
1172 1739 1342 1792 αἴτιον
1396 1741 1669 1811 σωτηρίας
1700 1758 1829 1794 κατ·

1920 549 2077 603 oculo
2122 549 2432 607 videretur:
2467 562 2525 606 ut
2552 553 2644 623 qui
2677 559 2824 608 recte
2859 553 3059 617 sciret,
3100 554 3243 623 quod
3290 554 3493 613 delicta.

1924 640 2111 694 talium
2163 641 2439 710 virorum,
2490 644 2534 699 si
2582 645 2765 700 multis
2818 645 2949 700 [iant
3004 644 3329 711 manifesta,
3383 663 3495 704 non

1921 728 2091 785 solum
2130 731 2375 789 efficiunt
2416 744 2473 790 ut
2516 745 2937 793 contemnantur
2971 753 3091 809 quae
3125 749 3251 794 sunt
3287 735 3494 797 honore

1922 818 2079 889 digna
2124 832 2178 876 et
2223 826 2563 895 reverentia;
2608 828 2702 882 sed
2745 828 2908 883 etiam
2955 843 3208 898 magnum
3251 830 3497 903 praebent

1923 911 2332 970 incitamentum
2369 926 2422 972 et
2450 918 2792 985 occasionem
2820 922 2885 976 ad
2924 921 3141 978 vitium.

1995 1089 2157 1147 LXII.
2196 1091 2302 1149 Sed
2335 1098 2412 1150 sic
2443 1097 2659 1166 quidem
2695 1115 2923 1170 magnus
2954 1100 3043 1156 ille
3071 1100 3362 1171 repellebat
3399 1116 3493 1159 ca-

1925 1182 2194 1246 lumnias.
2234 1203 2351 1254 quae
2384 1188 2789 1246 intentabantur
2830 1193 3089 1248 adversus
3124 1209 3375 1265 magnum
3410 1208 3497 1249 se-

1928 1290 2074 1329 nem.
2107 1273 2201 1330 Ille
2240 1287 2417 1333 autem
2460 1296 2564 1335 non
2612 1282 2856 1337 cessabat
2893 1283 2962 1337 ab
3006 1283 3108 1340 hac
3147 1285 3497 1352 operatione:

1928 1365 2021 1419 sed
2056 1366 2264 1420 etiamsi
2295 1370 2489 1435 probro
2519 1380 2573 1425 et
2602 1373 2867 1429 dedecore
2898 1389 2927 1430 a
2955 1374 3139 1429 multis
3168 1374 3505 1444 afficeretur,

1929 1453 2045 1522 ipse
2074 1470 2237 1509 unum
2266 1457 2439 1511 solmn
2474 1462 2777 1529 spectabat,
2814 1478 3005 1531 nempe
3030 1463 3260 1519 salutem
3295 1464 3504 1520 anima-

1933 1559 2071 1601 rum.
2104 1543 2174 1601 lis
2199 1562 2343 1612 vero,
2370 1550 2458 1619 qui
2486 1553 2748 1606 adversus
2778 1570 2899 1607 cum
2929 1554 3165 1625 linguam
3193 1555 3503 1621 movebant,

1932 1637 2137 1706 peccati
2186 1638 2266 1692 sui
2324 1640 2648 1707 precabatur
2695 1644 2922 1698 veniam.
2973 1643 3125 1710 Quod
3174 1653 3355 1718 autem
3405 1646 3509 1706 itm:

1933 1728 2168 1783 studium
2211 1746 2314 1785 non
2365 1730 2468 1788 fuit
2517 1735 2566 1790 ei
2620 1735 2996 1807 infrngiferum
3052 1748 3106 1794 et
3150 1739 3375 1808 inutile,
3413 1740 3514 1805 sed

264 1799 421 1893 ἐστη,
451 1823 608 1890 δῆλον
633 1824 902 1880 ἐντεῦθεν.
948 1799 1183 1898 Ὀρῶσαι
1216 1832 1326 1902 γὰρ
1360 1833 1413 1884 αἱ
1445 1799 1705 1900 γυναῖκες
1733 1833 1833 1904 τήν

1950 1821 2122 1876 multis
2149 1823 2327 1877 attulit
2356 1825 2606 1891 salutem,
2643 1827 2767 1883 hinc
2797 1840 2880 1884 est
2912 1831 3283 1888 manifestum.
3315 1832 3511 1888 Viden-

258 1927 321 1963 τε
342 1912 637 1983 παννύχιον
662 1915 826 1969 αὐτοῦ
855 1917 1043 1972 στάσιν
1073 1920 1165 1973 καὶ
1202 1920 1300 1990 τὴν
1322 1923 1389 1976 τὰ
1413 1922 1531 1976 θεῖα
1581 1923 1668 1977 διὰ
1697 1940 1833 1977 παν-

259 2003 355 2064 τὸς
394 2002 624 2074 ᾄδουσαν
652 2006 926 2073 γλῶσσαν,
952 2009 1121 2081 αὐτὴν
1145 2028 1206 2065 τε
1231 2014 1330 2082 τὴν
1365 2013 1508 2085 ὑπὲρ
1551 2015 1648 2086 τῆς
1673 2032 1836 2086 μετα-

263 2093 427 2165 ϐολῆς
459 2096 641 2151 αὐτῶν
659 2100 752 2152 καὶ
781 2099 873 2153 τοῦ
900 2102 1239 2173 σωθήσεσθαι
1257 2105 1479 2175 διηνεκῆ
1503 2107 1833 2178 προσευχὴν,

264 2183 377 2238 τῶν
425 2187 647 2254 φαύλων
700 2190 1073 2262 ἀφιστάμεναι
1126 2194 1417 2264 πράξεων,
1479 2199 1838 2271 σωφροσύνης

266 2276 652 2346 δπεμελοῦντο.
679 2281 788 2335 Καὶ
842 2285 901 2336 αί
940 2286 1039 2354 μὲν
1092 2287 1344 2358 νομίμοις
1373 2291 1726 2363 συνήπτοντο,
1783 2294 1837 2346 αἱ

262 2366 322 2420 δὲ
344 2366 517 2431 οὕτως
552 2370 746 2440 ἔμενον
768 2375 1075 2430 ἀποστάσαι
1108 2378 1216 2431 τῶν
1246 2381 1501 2451 πονηρῶν
1561 2382 1835 2454 πράξεων,

266 2461 325 2513 αξ
354 2460 411 2514 δὲ
435 2462 530 2517 καὶ
551 2462 753 2529 τέλεον,
779 2465 858 2536 τῷ
883 2466 1075 2537 κόσμῳ
1117 2467 1525 2541 ἀποταξάμεναι
1546 2512 1561 2538 ,
1612 2471 1704 2526 τὸν
1733 2473 1841 2526 τῶν

271 2553 523 2622 μοναχῶν
551 2554 757 2609 εἴλοντο
789 2556 921 2626 βίον.
958 2558 1147 2623 Οὐδεὶς
1181 2559 1364 2630 μέντοι
1422 2561 1619 2629 διέγνω
1658 2561 1757 2634 τὴν
1783 2563 1842 2617 ἐν

268 2644 348 2714 τῷ
372 2646 570 2715 ἀφανεῖ
601 2651 741 2703 κατά
785 2649 919 2703 Θεὸν
951 2650 1119 2706 αὐτοῦ
1155 2652 1433 2708 πολιτείαν
1485 2656 1612 2727 ἄχρι
1645 2656 1739 2709 καὶ
1765 2655 1844 2724 τῷ

272 2737 373 2807 βίῳ
424 2739 627 2811 περιὼν
673 2737 762 2811 ἦν,
792 2743 887 2796 καὶ
935 2745 1084 2810 ὅπως
1140 2745 1223 2816 τῷ
1252 2745 1571 2819 φαυλότητα
1616 2747 1847 2820 ὑποκρί-

279 2829 457 2884 θεσθαι
483 2831 551 2885 τὰ
581 2833 758 2903 φαῦλα
781 2834 978 2903 γύναια
1009 2838 1280 2910 μετετίθει
1314 2838 1409 2893 τοῦ
1440 2840 1668 2911 τρόπου.

344 3009 461 3064 El".
494 3011 591 3064 Διά
617 3011 682 3082 δὴ
712 3012 874 3067 τοῦτο
895 3014 988 3069 καὶ
1041 3016 1235 3082 ἐξιόντι
1260 3018 1389 3073 ποτὲ
1433 3017 1529 3073 τοῦ
1577 3036 1838 3091 καταγω-

1942 1921 2021 1967 tes
2065 1912 2210 1967 enim
2258 1916 2513 1972 mulieres
2549 1918 2665 1987 ejus
2710 1935 2804 1989 per
2841 1931 3051 1977 nor-tem
3094 1927 3420 1989 stationem,
3455 1931 3512 1979 et

1939 2002 2173 2073 linguam
2221 2006 2399 2061 divina
2441 2022 2701 2079 perpetuo
2743 2023 3056 2079 canentem,
3108 2021 3164 2069 et
3199 2028 3296 2081 pro
3320 2027 3510 2068 carum

1943 2096 2280 2166 mutatione,
2328 2112 2381 2154 et
2418 2110 2479 2154 ut
2508 2115 2877 2170 servarentur,
2910 2103 3182 2170 assiduam
3229 2105 3514 2174 precatio—

1940 2213 2086 2263 nem,
2109 2199 2432 2255 desistentes
2456 2214 2485 2252 a
2512 2196 2668 2253 malis
2689 2196 3014 2263 actionibus,
3038 2196 3301 2266 gerebant
3323 2209 3510 2252 curam

1940 2291 2364 2358 temperantiae:
2410 2298 2464 2343 et
2513 2288 2630 2343 alia:
2676 2288 2890 2358 quidem
2934 2288 3179 2367 legitimo
3222 2288 3518 2359 conjunge-

1939 2381 2142 2436 bantnr
2175 2378 2552 2446 matrimonio;
2587 2378 2707 2434 alia:
2739 2388 2918 2435 autem
2954 2380 3033 2435 sic
3066 2378 3389 2449 manebant,
3419 2380 3517 2437 de-

1942 2473 2194 2529 sistentes
2218 2488 2245 2525 a
2292 2470 2571 2543 ﬂagitiosis
2604 2470 2947 2538 actionibus;
2985 2470 3106 2526 alite
3141 2486 3271 2545 vero
3314 2472 3522 2527 mundo

1943 2563 2182 2634 perfecte
2212 2564 2609 2631 renuntiantes,
2638 2561 2805 2616 vitam
2835 2562 3103 2632 eligebant
3136 2562 3519 2619 monasticam.

1945 2657 2112 2713 Nemo
2147 2665 2328 2711 autem
2363 2656 2616 2727 cognovit
2647 2653 2913 2710 occultam
2944 2654 3062 2723 eius
3090 2669 3158 2709 ex
3195 2655 3302 2711 Deo
3324 2655 3517 2720 vitam.

1945 2751 2180 2821 quandiu
2216 2747 2310 2803 fuit
2346 2748 2398 2802 in
2429 2748 2541 2803 vita
2575 2754 2890 2815 superstes;
2927 2761 3024 2801 nec
3059 2746 3515 2816 quemadmodum

1947 2840 2251 2896 simulando
2277 2837 2593 2911 nequitiam,
2620 2851 2650 2891 a
2676 2834 2833 2892 malis
2865 2835 3109 2893 moribus
3134 2836 3373 2892 traduxit
3402 2851 3519 2892 ma-

1950 2933 2029 2989 las
2062 2933 2338 2989 mulieres.

2018 3024 2200 3081 LXIII.
2261 3025 2620 3092 Quamobrem
2669 3039 2791 3081 cum
2832 3025 3121 3094 aliquando
3173 3023 3520 3096 egrederetnr

273 3101 393 3167 γὶου
424 3104 520 3172 τῆς
541 3102 648 3156 τῶν
672 3106 888 3175 πορνῶν
917 3109 1323 3181 πρωτευούσης,
1359 3113 1594 3184 συναντᾷ
1623 3129 1708 3177 τις
1734 3113 1841 3168 τῶν

1950 3134 2016 3173 ex
2045 3116 2352 3172 habitacnlo
2382 3114 2531 3186 ejus,
2566 3131 2684 3187 quae
2712 3116 2945 3185 primum
2981 3115 3155 3172 locum
3191 3113 3405 3169 tenebat
3431 3112 3523 3170 in-

252 3192 609 3261 -ἀκολάστων,
628 3195 714 3249 ἐπ’
735 3196 868 3251 αὐτὸ
886 3198 1042 3252 τοῦτο
1061 3200 1243 3255 είσιὼν
1260 3203 1487 3270 ἐκεῖνος,
1502 3203 1641 3259 ὥστε
1662 3206 1842 3279 βδελυ-

276 3285 399 3355 ρίαν
418 3286 594 3355 ὲαυτῷ
625 3288 958 3357 πράξασθαι,
981 3293 1073 3346 καὶ
1111 3294 1256 3347 παίει
1280 3296 1371 3351 τὸν
1394 3297 1538 3351 ὅσιον
1556 3298 1697 3353 κατὰ
1716 3300 1843 3372 κόρ-

276 3379 379 3447 ρης
406 3377 503 3450 ὅλῃ
532 3382 696 3450 χειρὶ,
716 3381 861 3438 Ἕως
881 3382 1047 3449 τίνος,
1080 3386 1342 3453 ἐπειπὼν,
1364 3391 1407 3442 Χ
1418 3378 1843 3461 ριστεμπαίκτα,

274 3466 387 3520 τῶν
416 3467 634 3532 φαύλων
687 3470 788 3523 οὐκ
842 3471 1126 3543 ἀποστήσῃ
1165 3474 1448 3545 πράξεωνς
1481 3478 1624 3547 Πρὸς
1671 3476 1847 3532 ταῦτα

258 3558 369 3611 -τδν
422 3557 724 3629 θαυμάσιον
771 3563 979 3615 ἐκεῖνον
1016 3561 1321 3634 ἄνθρωπον,
1375 3567 1632 3633 Ταπεινὲ,
1657 3569 1846 3638 φάναι,

280 3649 465 3718 μέλλει
490 3666 572 3702 σοι
598 3652 1027 3723 ἐπικῳτηθῆναι
1056 3655 1327 3725 ῥάπισμα,
1346 3655 1417 3721 ὡς
1446 3657 1643 3729 μικροῦ
1669 3661 1849 3713 πᾶσαν

275 3741 379 3810 τὴν
452 3742 857 3813 Ἀλεξάνδρειαν
909 3730 1045 3815 πρὸς
1107 3745 1208 3808 τὰς
1259 3748 1359 3811 σὰς
1422 3750 1849 3820 ὲπισυναχθῆναι

253 3834 551 3902 κραυγὰς.
582 3835 789 3904 Χρόνος
816 3835 879 3888 τὸ
909 3836 1112 3905 μεταξὺ
1143 3838 1344 3905 ἱκανὸς,
1372 3840 1466 3894 καὶ
1492 3842 1521 3893 ὁ
1543 3840 1687 3905 θεῖος
1709 3845 1853 3896 ἐκεῖ·

275 3943 369 3988 νος
393 3928 532 3999 ἀνὴρ
556 3928 694 3998 πρὸς
722 3928 927 3999 Κύριον
974 3930 1224 4001 ἑκδημεί,
1256 3933 1316 3987 ἓν
1345 3950 1450 3987 τινι
1500 3936 1854 4008 σμικροτάτῳ

278 4019 477 4089 κελλίῳ
528 4018 624 4085 ῶν,
657 4019 686 4073 δ
713 4021 854 4074 κατὰ
880 4022 979 4091 τὴν
1010 4022 1311 4095 λεγομένην
1350 4025 1695 4081 Ἡλιούπολιν
1718 4043 1853 4098 κτηο

1948 3220 2029 3265 ter
2060 3209 2397 3278 meretrices,
2433 3209 2481 3265 ei
2516 3210 2756 3265 occurrit
2782 3209 3000 3278 quidam
3024 3208 3362 3272 libidinosus,
3391 3220 3521 3276 pro-

1943 3310 2062 3370 pter
2090 3301 2190 3354 hoc
2222 3300 2396 3367 ipsum
2428 3300 2763 3369 ingrediens,
2798 3307 2855 3352 ut
2884 3299 3005 3352 data
3044 3298 3294 3367 pecunia,
3330 3296 3516 3366 exple-

1945 3399 2027 3445 ret
2054 3390 2330 3443 libidinem
2358 3406 2371 3443 :
2398 3396 2452 3444 et
2482 3400 2669 3444 sancto
2703 3389 2950 3459 impingit
2971 3387 3281 3457 colaphum,
3308 3386 3525 3454 Quonso

1946 3498 2070 3553 qne.
2106 3482 2290 3537 dicens
2314 3518 2329 3544 ,
2361 3495 2393 3535 ο
2427 3479 2632 3535 Christi
2664 3479 2874 3545 illnsor,
2912 3495 3018 3533 non
3048 3478 3282 3533 dcsistes
3309 3493 3337 3531 a
3371 3478 3528 3533 malis

1934 3569 2295 3626 ’actionibus?
2336 3568 2415 3622 Ad
2452 3568 2568 3622 bare
2603 3567 2767 3622 homo
2803 3567 2893 3621 ille
2926 3566 3305 3630 admirabilis,
3342 3564 3528 3631 Miser.

1951 3663 2142 3740 inquit,
2182 3670 2238 3716 et
2287 3659 2381 3714 tibi
2426 3658 2771 3714 incutiendus
2810 3657 3105 3728 colaphus,
3150 3666 3208 3712 ut
3269 3665 3378 3711 tota
3415 3655 3530 3713 fere

1950 3751 2272 3806 Alexandria
2296 3750 2361 3805 ad
2385 3762 2508 3806 tuos
2532 3749 2802 3805 clamores
2828 3756 3214 3818 congregetur.
3243 3747 3357 3801 Non
3387 3751 3529 3801 mul-

1954 3854 2067 3898 tum
2099 3844 2410 3899 intercessit
2443 3841 2726 3911 temporis.
2763 3850 2818 3896 et
2848 3841 2930 3895 vir
2956 3839 3045 3895 ille
3078 3841 3298 3896 divinus
3326 3841 3533 3910 migra~

1954 3938 2031 3989 vit
2064 3936 2129 3989 ad
2163 3935 2468 4000 Dominum,
2500 3946 2624 3989 cum
2661 3942 2805 3987 esset
2840 3933 2889 3986 in
2921 3948 3083 4001 parva
3114 3934 3345 4003 quadam
3373 3930 3539 3995 cella.

1958 4045 2116 4100 quam
2148 4035 2531 4082 construxerat
2567 4026 2620 4080 in
2657 4025 2800 4087 loco,
2836 4040 2958 4095 quae
2995 4025 3191 4080 dicitur
3222 4023 3383 4078 Porta
3415 4023 3543 4097 (lii).

281 4112 514 4180 σάμενος
541 4108 629 4183 ἦν,
665 4112 786 4166 καθ’
815 4114 883 4186 ἣν
906 4115 1100 4186 μικρόν
1117 4133 1170 4169 τι
1190 4116 1356 4185 εὒκτή
1367 4134 1480 4188 ριον
1501 4118 1566 4171 ὲκ
1598 4119 1841 4186 γειτόνωπ

1958 4121 2129 4184 solis,
2159 4120 2210 4173 in
2243 4135 2346 4189 qua
2382 4118 2649 4188 quoddam
2694 4132 2917 4186 parvum
2961 4117 3167 4172 habens
3206 4115 3529 4183 oratorium,

279 4203 444 4273 ἔχων,
480 4205 678 4267 πολλὰς
707 4209 766 4260 ὲν
787 4206 934 4277 αὐτῷ
969 4208 1217 4273 συνάξεις
1250 4209 1444 4265 ἐποίει.
1474 4210 1645 4266 Ἔνθα
1668 4213 1730 4283 δὴ
1763 4213 1841 4265 κα⁴

1960 4211 2192 4268 faciebat
2223 4212 2274 4264 in
2306 4224 2372 4263 eo
2406 4207 2603 4263 multas
2633 4222 2884 4280 synaxes.
2914 4206 3033 4284 Quo
3068 4209 3122 4261 in
3154 4208 3271 4263 loco
3301 4218 3535 4270 cetum:

280 4298 569 4366 ἠθροίζετο
624 4298 758 4352 πολύ
789 4316 843 4352 τι
878 4299 988 4353 τῶν
1021 4300 1274 4370 ἀσέμνων
1330 4303 1603 4372 γυναικῶν
1634 4303 1856 4373 πλῆθος,

280 4390 476 4460 ίκανῆς
508 4389 641 4459 παρ’
672 4390 837 4445 αὐτοῦ
885 4392 985 4463 τῆς
1013 4392 1312 4462 θεραπείας
1340 4393 1683 4463 ἀξιούμεναι,
1710 4395 1854 4449 ὥστε

1961 4303 2188 4373 gabatur
2226 4302 2390 4355 etiam
2440 4298 2725 4353 multitudo
2776 4298 3174 4369 impudicarum
3220 4302 3529 4365 mulierum,

1963 4406 2082 4461 qnte
2107 4389 2578 4459 consequebantur
2607 4389 2673 4441 ab
2704 4402 2767 4444 eo
2786 4387 3155 4454 ecuratiOnem,
3186 4391 3321 4444 adeo
3355 4397 3412 4443 ut
3435 4389 3531 4461 qui

278 4483 532 4546 καὶτοὺς
564 4484 653 4537 τὸν
701 4483 924 4554 ἐμπαθῆ
980 4484 1274 4547 διώκοντας
1311 4484 1446 4556 βίον,
1504 4486 1666 4557 χολᾷν
1707 4486 1841 4555 etim;

1963 4485 2127 4538 vitam
2154 4482 2385 4552 agebant
2410 4480 2839 4550 libidinosam,“
2860 4482 3241 4553 voluptariam,
3259 4483 3305 4535 ei
3327 4481 3532 4537 irasce-

281 4575 380 4628 καὶ
410 4574 746 4646 ὀργίζεσθαι,
808 4575 1045 4647 πονηροῦ
1078 4577 1406 4647 πράγματος
1451 4576 1611 4649 δῆθεν
1658 4577 1854 4648 ἐκείνῳ

280 4668 775 4739 διαφθονουμένους
800 4709 815 4735 ,
850 4669 965 4738 καὶ,
998 4671 1062 4723 Ὢ
1091 4669 1209 4734 πῶς
1238 4670 1535 4739 ἐξεγένετο,
1572 4670 1852 4739 λέγοντας,

276 4758 364 4828 ’τῷ
394 4760 670 4814 ἀπατεῶνι
693 4760 961 4824 τοσαύτας
990 4761 1215 4815 ἐλκῦσαι
1243 4762 1378 4834 πρὸς
1410 4763 1601 4817 ἑαυτόν
1626 4781 1641 4831 ;

356 4851 458 4906 ΞΔ.
501 4852 877 4923 Κοιμηθὲντος
923 4851 1037 4920 οὖν,
1070 4853 1257 4923 ῶσπερ
1289 4854 1525 4926 εἴρηται,
1561 4854 1654 4909 καὶ
1687 4856 1857 4927 μηδε.

285 4943 376 5005 Vb;
404 4943 748 5012 αἰσθομένου,
797 4945 1085 5015 ἐφίσταταί
1111 4963 1196 5010 τις
1228 4946 1568 5018 παραχρῆμα
1610 4945 1853 5016 δύσμορε

287 5052 387 5105 φος
433 5033 625 5106 Αἰθίοψ
674 5035 754 5106 τῷ
800 5035 1090 5107 ραπίσαντι
1147 5037 1311 5090 αὐτὸν
1369 5035 1657 5107 ἀκολάστῳ
1684 5076 1701 5104 ,
1757 5037 1855 5089 καὶ

287 5128 439 5182 παίει
468 5126 606 5197 βαρύ
640 5144 693 5180 τι
739 5128 833 5182 καὶ
855 5127 1067 5181 ἔντονον
1094 5126 1243 5197 αὐτῷ
1264 5128 1405 5181 κατὰ
1447 5127 1557 5180 τῶν
1612 5126 1858 5197 παρειῶν

289 5219 567 5291 ῥάπισμα,
590 5218 765 5282 οὕτως
798 5218 1053 5289 ἰσχυρῶς,
1079 5218 1154 5283 ὡς
1204 5218 1297 5273 τὸν
1348 5219 1543 5289 κρότον
1579 5219 1708 5289 ἄχρι
1764 5218 1858 5271 καὶ

292 5311 561 5380 μηκίστου
587 5310 683 5365 τοῦ
709 5311 1080 5383 διαστήματος
1105 5312 1370 5367 ἀκουστὸν
1390 5310 1666 5382 γενέσθαι,
1708 5312 1857 5393 Errar-

288 5406 417 5457 πεῖν
442 5421 500 5457 τε
530 5404 701 5474 αὐτῷ’
737 5406 896 5472 Δέξαι
919 5406 1069 5459 τουτὶ
1090 5405 1153 5458 τὺ
1175 5406 1446 5475 ῥάπισμα,
1479 5404 1615 5475 ὅπερ
1641 5405 1669 5458 ό
1701 5420 1862 5474 μονα·

288 5495 383 5566 κός
417 5513 500 5549 σοι
532 5496 778 5562 Βιτάλιος
831 5499 1142 5569 πέπομφεν,
1190 5497 1265 5562 ὡς
1300 5500 1579 5569 προεῖπεν.
1646 5496 1857 5553 Αὐτίκα

1963 4581 2151 4625 rentur
2183 4579 2237 4625 et
2273 4579 2691 4636 succenserent,
2724 4579 2783 4625 ut
2808 4571 2894 4625 cui
2923 4580 3144 4641 propter
3181 4584 3293 4624 rem
3335 4568 3531 4625 malam

1959 4661 2171 4714 scilicet
2194 4659 2520 4726 inviderent,
2562 4659 2845 4715 dicentes:
2875 4659 3156 4726 Quomodo
3189 4659 3303 4715 fieri
3330 4658 3528 4732 potuit,

1965 4763 2023 4807 ut
2046 4752 2130 4806 hic
2152 4753 2412 4821 impostor
2435 4761 2544 4807 tam
2578 4753 2773 4807 multas
2809 4753 2873 4808 ad
2898 4768 2957 4809 se
2988 4754 3321 4808 attraxerit?

2036 4843 2219 4899 LXIV.
2246 4843 2379 4901 Cum
2413 4846 2726 4901 dorntiisset
2758 4860 2909 4918 ergo,
2944 4845 3087 4903 sicut
3107 4844 3310 4900 dictum
3337 4855 3454 4915 est,
3474 4857 3530 4903 et

1962 4954 2122 4995 nemo
2162 4938 2457 5006 sensisset,
2499 4938 2707 4994 accedit
2748 4948 2967 5009 repente
3004 4938 3225 5010 quidam
3264 4938 3528 4997 deformis

1964 5032 2216 5103 Ethiops
2253 5033 2320 5086 ad
2373 5032 2545 5087 virum
2594 5030 2977 5097 libidinosum,
3019 5032 3110 5102 qui
3148 5031 3196 5087 ei
3239 5030 3527 5102 colaphum

1966 5125 2283 5195 impegerat,
2313 5133 2369 5180 et
2401 5124 2519 5194 ejus
2549 5122 2698 5193 genis
2728 5123 2919 5179 incutit
2955 5138 3175 5194 gravem
3205 5131 3260 5178 et
3291 5122 3529 5178 validum

1968 5216 2289 5285 colaphum,
2332 5217 2468 5270 adeo
2498 5225 2556 5269 ut
2580 5216 2695 5285 ejus
2730 5230 2895 5270 sonus
2936 5216 3004 5272 ad
3043 5216 3334 5270 maximum
3364 5229 3533 5283 usque

1962 5298 2201 5378 spatium
2258 5307 2425 5363 fuerit
2483 5307 2790 5365 exauditus.
2848 5306 2950 5375 Qui
3007 5309 3199 5364 deinde
3246 5309 3296 5364 ei
3353 5307 3530 5363 dixit:

1966 5403 2171 5473 Accipe
2195 5402 2338 5458 hunc
2362 5401 2666 5473 colaphum,
2700 5418 2859 5473 quem
2883 5402 2950 5458 ad
2983 5411 3035 5459 te
3062 5402 3206 5458 misit
3236 5403 3533 5462 monachus

1969 5495 2186 5562 Vitalis,
2220 5494 2363 5551 sicut
2386 5494 2655 5566 praedixit.
2686 5493 2945 5552 Protinus
2977 5507 3106 5565 ergo
3132 5494 3295 5548 miser
3323 5490 3531 5546 voluta-

363 5678 478 5747 (17)
520 5678 819 5750 Utrumque
868 5678 962 5735 Ms.
997 5677 1241 5736 Gracum
1284 5677 1607 5747 Ἠλιόπολις,
1638 5684 1719 5735 ast
1750 5675 1841 5734 ile:

1951 5694 2011 5735 us
2041 5678 2173 5750 legit
2235 5673 2571 5744 ’ίίλιόπυλος,
2637 5675 2723 5733 cui
2788 5673 3057 5732 consentit
3096 5673 3263 5730 altera
3297 5671 3400 5728 vita
3439 5683 3535 5739 per

294 5747 602 5805 Leontium.
