  <div class='ocr_page' id='page_1' title='image "/cluster/home/n/w/nwhite01/storage/ocr_20150623/114/hvd.32044019208123/509.png"; bbox 0 0 3828 6548; ppageno 0'>
   <div class='ocr_carea' id='block_1_1' title="bbox 304 341 401 407">
    <p class='ocr_par' dir='ltr' id='par_1_1' title="bbox 304 341 401 407">
     <span class='ocr_line' id='line_1_1' title="bbox 304 341 401 407; baseline 0 -1"><span class='ocrx_word' id='word_1_1' title='bbox 304 341 401 407; x_wconf 74' lang='grc'><strong>951</strong></span> 
     </span>
    </p>
   </div>
   <div class='ocr_carea' id='block_1_2' title="bbox 1527 333 2300 396">
    <p class='ocr_par' dir='ltr' id='par_1_2' title="bbox 1527 333 2300 396">
     <span class='ocr_line' id='line_1_2' title="bbox 1527 333 2300 396; baseline 0.003 -3"><span class='ocrx_word' id='word_1_2' title='bbox 1527 333 1806 395; x_wconf 83' lang='lat' dir='ltr'><strong>MENSIS</strong></span> <span class='ocrx_word' id='word_1_3' title='bbox 1843 333 1979 396; x_wconf 76' lang='lat' dir='ltr'><strong>IAN</strong></span> <span class='ocrx_word' id='word_1_4' title='bbox 1993 333 2300 395; x_wconf 76' lang='lat' dir='ltr'><strong>UARIUS.</strong></span> 
     </span>
    </p>
   </div>
   <div class='ocr_carea' id='block_1_3' title="bbox 3437 323 3546 388">
    <p class='ocr_par' dir='ltr' id='par_1_3' title="bbox 3437 323 3546 388">
     <span class='ocr_line' id='line_1_3' title="bbox 3437 323 3546 388; baseline -0.037 0"><span class='ocrx_word' id='word_1_5' title='bbox 3437 323 3546 388; x_wconf 73' lang='lat'><strong>952</strong></span> 
     </span>
    </p>
   </div>
   <div class='ocr_carea' id='block_1_4' title="bbox 294 433 1878 516">
    <p class='ocr_par' dir='ltr' id='par_1_4' title="bbox 294 441 1871 516">
     <span class='ocr_line' id='line_1_4' title="bbox 294 441 1871 516; baseline -0.001 -17"><span class='ocrx_word' id='word_1_6' title='bbox 294 447 455 502; x_wconf 84' lang='lat' dir='ltr'><strong>batur</strong></span> <span class='ocrx_word' id='word_1_7' title='bbox 488 454 768 516; x_wconf 86' lang='lat' dir='ltr'><strong>correptus</strong></span> <span class='ocrx_word' id='word_1_8' title='bbox 801 460 830 500; x_wconf 89' lang='lat' dir='ltr'><strong>a</strong></span> <span class='ocrx_word' id='word_1_9' title='bbox 878 445 1119 500; x_wconf 67' lang='lat' dir='ltr'><strong>daemone</strong></span> <span class='ocrx_word' id='word_1_10' title='bbox 1146 487 1161 512; x_wconf 91' lang='lat'><strong>,</strong></span> <span class='ocrx_word' id='word_1_11' title='bbox 1198 451 1255 499; x_wconf 91' lang='lat' dir='ltr'><strong>ut</strong></span> <span class='ocrx_word' id='word_1_12' title='bbox 1290 443 1356 498; x_wconf 87' lang='lat' dir='ltr'><strong>ad</strong></span> <span class='ocrx_word' id='word_1_13' title='bbox 1390 443 1562 512; x_wconf 86' lang='lat' dir='ltr'><strong>ipsum</strong></span> <span class='ocrx_word' id='word_1_14' title='bbox 1603 441 1702 497; x_wconf 84' lang='lat' dir='ltr'><strong>fuit</strong></span> <span class='ocrx_word' id='word_1_15' title='bbox 1737 458 1871 498; x_wconf 86' lang='lat' dir='ltr'><strong>con-</strong></span> 
     </span>
    </p>
   </div>
   <div class='ocr_carea' id='block_1_5' title="bbox 1989 433 3553 516">
    <p class='ocr_par' dir='ltr' id='par_1_5' title="bbox 1989 433 3553 510">
     <span class='ocr_line' id='line_1_5' title="bbox 1989 433 3553 510; baseline -0.005 -16"><span class='ocrx_word' id='word_1_16' title='bbox 1989 441 2105 508; x_wconf 67' lang='lat' dir='ltr'><strong>r-o-Sv</strong></span> <span class='ocrx_word' id='word_1_17' title='bbox 2134 445 2163 496; x_wconf 86' lang='grc' dir='ltr'><strong>ό</strong></span> <span class='ocrx_word' id='word_1_18' title='bbox 2203 443 2386 504; x_wconf 82' lang='grc' dir='ltr'>ἄθλιος</span> <span class='ocrx_word' id='word_1_19' title='bbox 2415 441 2658 497; x_wconf 77' lang='grc' dir='ltr'>ἐκυλίετο</span> <span class='ocrx_word' id='word_1_20' title='bbox 2685 438 2957 510; x_wconf 84' lang='grc' dir='ltr'>δαιμονῶν</span> <span class='ocrx_word' id='word_1_21' title='bbox 2975 455 2991 471; x_wconf 75' lang='grc' dir='ltr'><strong>ο</strong></span> <span class='ocrx_word' id='word_1_22' title='bbox 3017 437 3110 491; x_wconf 74' lang='grc' dir='ltr'>καὶ</span> <span class='ocrx_word' id='word_1_23' title='bbox 3156 433 3553 505; x_wconf 82' lang='grc' dir='ltr'>συνηθροίσθη-</span> 
     </span>
    </p>
   </div>
   <div class='ocr_carea' id='block_1_6' title="bbox 295 534 1870 608">
    <p class='ocr_par' dir='ltr' id='par_1_6' title="bbox 295 534 1870 608">
     <span class='ocr_line' id='line_1_6' title="bbox 295 534 1870 608; baseline 0 -18"><span class='ocrx_word' id='word_1_24' title='bbox 295 545 512 608; x_wconf 74' lang='lat' dir='ltr'><strong>gregata</strong></span> <span class='ocrx_word' id='word_1_25' title='bbox 557 544 668 592; x_wconf 85' lang='lat' dir='ltr'><strong>tota</strong></span> <span class='ocrx_word' id='word_1_26' title='bbox 712 535 830 591; x_wconf 87' lang='lat' dir='ltr'><strong>fere</strong></span> <span class='ocrx_word' id='word_1_27' title='bbox 872 535 1194 590; x_wconf 80' lang='lat' dir='ltr'><strong>Alexandria</strong></span> <span class='ocrx_word' id='word_1_28' title='bbox 1218 575 1233 600; x_wconf 92' lang='lat'><strong>,</strong></span> <span class='ocrx_word' id='word_1_29' title='bbox 1275 534 1414 591; x_wconf 90' lang='lat' dir='ltr'><strong>sicut</strong></span> <span class='ocrx_word' id='word_1_30' title='bbox 1444 534 1532 590; x_wconf 91' lang='lat' dir='ltr'><strong>ille</strong></span> <span class='ocrx_word' id='word_1_31' title='bbox 1571 535 1654 590; x_wconf 92' lang='lat' dir='ltr'><strong>vir</strong></span> <span class='ocrx_word' id='word_1_32' title='bbox 1690 534 1870 604; x_wconf 86' lang='lat' dir='ltr'><strong>justus</strong></span> 
     </span>
    </p>
   </div>
   <div class='ocr_carea' id='block_1_7' title="bbox 294 613 1868 695">
    <p class='ocr_par' dir='ltr' id='par_1_7' title="bbox 294 613 1868 695">
     <span class='ocr_line' id='line_1_7' title="bbox 294 613 1868 695; baseline -0.002 -15"><span class='ocrx_word' id='word_1_33' title='bbox 294 627 642 695; x_wconf 68' lang='lat' dir='ltr'><strong>prtedixerat.</strong></span> <span class='ocrx_word' id='word_1_34' title='bbox 685 625 818 681; x_wconf 89' lang='lat' dir='ltr'><strong>Cum</strong></span> <span class='ocrx_word' id='word_1_35' title='bbox 857 625 1040 694; x_wconf 78' lang='lat' dir='ltr'><strong>itaque</strong></span> <span class='ocrx_word' id='word_1_36' title='bbox 1092 613 1179 678; x_wconf 80' lang='lat' dir='ltr'><strong>vix</strong></span> <span class='ocrx_word' id='word_1_37' title='bbox 1225 624 1438 679; x_wconf 87' lang='lat' dir='ltr'><strong>tandem</strong></span> <span class='ocrx_word' id='word_1_38' title='bbox 1483 633 1603 694; x_wconf 87' lang='lat' dir='ltr'><strong>post</strong></span> <span class='ocrx_word' id='word_1_39' title='bbox 1644 623 1868 678; x_wconf 92' lang='lat' dir='ltr'><strong>multum</strong></span> 
     </span>
    </p>
   </div>
   <div class='ocr_carea' id='block_1_8' title="bbox 293 714 1871 784">
    <p class='ocr_par' dir='ltr' id='par_1_8' title="bbox 293 714 1871 784">
     <span class='ocr_line' id='line_1_8' title="bbox 293 714 1871 784; baseline 0 -18"><span class='ocrx_word' id='word_1_40' title='bbox 293 725 512 784; x_wconf 77' lang='lat' dir='ltr'><strong>tempus</strong></span> <span class='ocrx_word' id='word_1_41' title='bbox 544 714 610 768; x_wconf 89' lang='lat' dir='ltr'><strong>ad</strong></span> <span class='ocrx_word' id='word_1_42' title='bbox 646 727 706 769; x_wconf 88' lang='lat' dir='ltr'><strong>se</strong></span> <span class='ocrx_word' id='word_1_43' title='bbox 737 714 994 777; x_wconf 90' lang='lat' dir='ltr'><strong>redisset,</strong></span> <span class='ocrx_word' id='word_1_44' title='bbox 1041 715 1244 782; x_wconf 85' lang='lat' dir='ltr'><strong>rumpit</strong></span> <span class='ocrx_word' id='word_1_45' title='bbox 1297 720 1512 779; x_wconf 84' lang='lat' dir='ltr'><strong>vestes,</strong></span> <span class='ocrx_word' id='word_1_46' title='bbox 1553 723 1608 768; x_wconf 92' lang='lat' dir='ltr'><strong>et</strong></span> <span class='ocrx_word' id='word_1_47' title='bbox 1645 727 1871 783; x_wconf 85' lang='lat' dir='ltr'><strong>surgens</strong></span> 
     </span>
    </p>
   </div>
   <div class='ocr_carea' id='block_1_9' title="bbox 295 803 1873 868">
    <p class='ocr_par' dir='ltr' id='par_1_9' title="bbox 295 803 1873 868">
     <span class='ocr_line' id='line_1_9' title="bbox 295 803 1873 868; baseline 0.002 -10"><span class='ocrx_word' id='word_1_48' title='bbox 295 821 458 860; x_wconf 81' lang='lat' dir='ltr'><strong>cnrsn</strong></span> <span class='ocrx_word' id='word_1_49' title='bbox 513 806 794 860; x_wconf 90' lang='lat' dir='ltr'><strong>contendit</strong></span> <span class='ocrx_word' id='word_1_50' title='bbox 833 805 898 858; x_wconf 88' lang='lat' dir='ltr'><strong>ad</strong></span> <span class='ocrx_word' id='word_1_51' title='bbox 942 805 1114 860; x_wconf 86' lang='lat' dir='ltr'><strong>sancti</strong></span> <span class='ocrx_word' id='word_1_52' title='bbox 1157 805 1572 868; x_wconf 90' lang='lat' dir='ltr'><strong>domunculam,</strong></span> <span class='ocrx_word' id='word_1_53' title='bbox 1617 803 1873 861; x_wconf 83' lang='lat' dir='ltr'><strong>Miserere</strong></span> 
     </span>
    </p>
   </div>
   <div class='ocr_carea' id='block_1_10' title="bbox 291 886 1870 967">
    <p class='ocr_par' dir='ltr' id='par_1_10' title="bbox 291 886 1870 967">
     <span class='ocr_line' id='line_1_10' title="bbox 291 886 1870 967; baseline -0.001 -16"><span class='ocrx_word' id='word_1_54' title='bbox 291 886 426 962; x_wconf 85' lang='lat' dir='ltr'><strong>mei,</strong></span> <span class='ocrx_word' id='word_1_55' title='bbox 452 897 716 964; x_wconf 84' lang='lat' dir='ltr'><strong>clamans,</strong></span> <span class='ocrx_word' id='word_1_56' title='bbox 749 912 904 952; x_wconf 84' lang='lat' dir='ltr'><strong>serve</strong></span> <span class='ocrx_word' id='word_1_57' title='bbox 930 897 1026 952; x_wconf 89' lang='lat' dir='ltr'><strong>Dei</strong></span> <span class='ocrx_word' id='word_1_58' title='bbox 1055 896 1281 964; x_wconf 79' lang='lat' dir='ltr'><strong>Vitalis,</strong></span> <span class='ocrx_word' id='word_1_59' title='bbox 1320 897 1413 967; x_wconf 92' lang='lat' dir='ltr'><strong>qui</strong></span> <span class='ocrx_word' id='word_1_60' title='bbox 1445 899 1495 953; x_wconf 93' lang='lat' dir='ltr'><strong>in</strong></span> <span class='ocrx_word' id='word_1_61' title='bbox 1535 898 1702 952; x_wconf 91' lang='lat' dir='ltr'><strong>Deum</strong></span> <span class='ocrx_word' id='word_1_62' title='bbox 1733 908 1787 952; x_wconf 91' lang='lat' dir='ltr'><strong>et</strong></span> <span class='ocrx_word' id='word_1_63' title='bbox 1819 897 1870 951; x_wconf 89' lang='lat' dir='ltr'><strong>in</strong></span> 
     </span>
    </p>
   </div>
   <div class='ocr_carea' id='block_1_11' title="bbox 299 987 1872 1060">
    <p class='ocr_par' dir='ltr' id='par_1_11' title="bbox 299 987 1872 1060">
     <span class='ocr_line' id='line_1_11' title="bbox 299 987 1872 1060; baseline 0.002 -19"><span class='ocrx_word' id='word_1_64' title='bbox 299 997 352 1044; x_wconf 94' lang='lat' dir='ltr'><strong>te</strong></span> <span class='ocrx_word' id='word_1_65' title='bbox 384 989 609 1044; x_wconf 89' lang='lat' dir='ltr'><strong>multum</strong></span> <span class='ocrx_word' id='word_1_66' title='bbox 646 990 891 1058; x_wconf 84' lang='lat' dir='ltr'><strong>peccavi.</strong></span> <span class='ocrx_word' id='word_1_67' title='bbox 931 987 1192 1045; x_wconf 85' lang='lat' dir='ltr'><strong>Omnibus</strong></span> <span class='ocrx_word' id='word_1_68' title='bbox 1225 1003 1355 1060; x_wconf 86' lang='lat' dir='ltr'><strong>ergo</strong></span> <span class='ocrx_word' id='word_1_69' title='bbox 1398 988 1736 1053; x_wconf 80' lang='lat' dir='ltr'><strong>videntibus,</strong></span> <span class='ocrx_word' id='word_1_70' title='bbox 1780 989 1872 1058; x_wconf 89' lang='lat' dir='ltr'><strong>qui</strong></span> 
     </span>
    </p>
   </div>
   <div class='ocr_carea' id='block_1_12' title="bbox 301 1081 1871 1154">
    <p class='ocr_par' dir='ltr' id='par_1_12' title="bbox 301 1081 1871 1154">
     <span class='ocr_line' id='line_1_12' title="bbox 301 1081 1871 1154; baseline -0.001 -20"><span class='ocrx_word' id='word_1_71' title='bbox 301 1081 562 1150; x_wconf 82' lang='lat' dir='ltr'><strong>aderant,</strong></span> <span class='ocrx_word' id='word_1_72' title='bbox 617 1091 904 1152; x_wconf 81' lang='lat' dir='ltr'><strong>postquam</strong></span> <span class='ocrx_word' id='word_1_73' title='bbox 956 1082 1140 1138; x_wconf 88' lang='lat' dir='ltr'><strong>domui</strong></span> <span class='ocrx_word' id='word_1_74' title='bbox 1197 1082 1342 1138; x_wconf 88' lang='lat' dir='ltr'><strong>senis</strong></span> <span class='ocrx_word' id='word_1_75' title='bbox 1399 1081 1871 1154; x_wconf 80' lang='lat' dir='ltr'><strong>appropinquavit,</strong></span> 
     </span>
    </p>
   </div>
   <div class='ocr_carea' id='block_1_13' title="bbox 293 1174 1767 1247">
    <p class='ocr_par' dir='ltr' id='par_1_13' title="bbox 293 1174 1767 1247">
     <span class='ocr_line' id='line_1_13' title="bbox 293 1174 1767 1247; baseline 0.003 -20"><span class='ocrx_word' id='word_1_76' title='bbox 293 1174 478 1241; x_wconf 84' lang='lat' dir='ltr'><strong>ipsum</strong></span> <span class='ocrx_word' id='word_1_77' title='bbox 501 1175 712 1245; x_wconf 72' lang='lat' dir='ltr'><strong>iaciens</strong></span> <span class='ocrx_word' id='word_1_78' title='bbox 745 1184 800 1230; x_wconf 85' lang='lat' dir='ltr'><strong>et</strong></span> <span class='ocrx_word' id='word_1_79' title='bbox 835 1176 1152 1247; x_wconf 89' lang='lat' dir='ltr'><strong>discerpens</strong></span> <span class='ocrx_word' id='word_1_80' title='bbox 1185 1177 1507 1233; x_wconf 63' lang='lat' dir='ltr'><strong>daemonium</strong></span> <span class='ocrx_word' id='word_1_81' title='bbox 1540 1176 1767 1232; x_wconf 82' lang='lat' dir='ltr'><strong>dimisit.</strong></span> 
     </span>
    </p>
   </div>
   <div class='ocr_carea' id='block_1_14' title="bbox 374 1350 1873 1426">
    <p class='ocr_par' dir='ltr' id='par_1_14' title="bbox 374 1350 1873 1426">
     <span class='ocr_line' id='line_1_14' title="bbox 374 1350 1873 1426; baseline 0.001 -22"><span class='ocrx_word' id='word_1_82' title='bbox 374 1350 537 1407; x_wconf 71' lang='lat' dir='ltr'><strong>LXV.</strong></span> <span class='ocrx_word' id='word_1_83' title='bbox 573 1352 708 1408; x_wconf 89' lang='lat' dir='ltr'><strong>Cum</strong></span> <span class='ocrx_word' id='word_1_84' title='bbox 746 1366 876 1426; x_wconf 83' lang='lat' dir='ltr'><strong>ergo</strong></span> <span class='ocrx_word' id='word_1_85' title='bbox 904 1352 1024 1408; x_wconf 72' lang='lat' dir='ltr'><strong>haec</strong></span> <span class='ocrx_word' id='word_1_86' title='bbox 1054 1351 1348 1419; x_wconf 88' lang='lat' dir='ltr'><strong>vidissent,</strong></span> <span class='ocrx_word' id='word_1_87' title='bbox 1378 1352 1609 1423; x_wconf 85' lang='lat' dir='ltr'><strong>ingressi</strong></span> <span class='ocrx_word' id='word_1_88' title='bbox 1641 1352 1873 1407; x_wconf 90' lang='lat' dir='ltr'><strong>domun-</strong></span> 
     </span>
    </p>
   </div>
   <div class='ocr_carea' id='block_1_15' title="bbox 297 1441 1874 1513">
    <p class='ocr_par' dir='ltr' id='par_1_15' title="bbox 297 1441 1874 1513">
     <span class='ocr_line' id='line_1_15' title="bbox 297 1441 1874 1513; baseline 0.004 -22"><span class='ocrx_word' id='word_1_89' title='bbox 297 1441 507 1506; x_wconf 73' lang='lat' dir='ltr'><strong>culam,</strong></span> <span class='ocrx_word' id='word_1_90' title='bbox 557 1443 875 1497; x_wconf 88' lang='lat' dir='ltr'><strong>invenerunt</strong></span> <span class='ocrx_word' id='word_1_91' title='bbox 918 1449 1195 1510; x_wconf 88' lang='lat' dir='ltr'><strong>sanctum,</strong></span> <span class='ocrx_word' id='word_1_92' title='bbox 1239 1444 1328 1512; x_wconf 93' lang='lat' dir='ltr'><strong>qui</strong></span> <span class='ocrx_word' id='word_1_93' title='bbox 1370 1459 1508 1513; x_wconf 86' lang='lat' dir='ltr'><strong>genu</strong></span> <span class='ocrx_word' id='word_1_94' title='bbox 1557 1441 1782 1498; x_wconf 78' lang='lat' dir='ltr'><strong>ﬂexerat</strong></span> <span class='ocrx_word' id='word_1_95' title='bbox 1821 1455 1874 1498; x_wconf 88' lang='lat' dir='ltr'><strong>et</strong></span> 
     </span>
    </p>
   </div>
   <div class='ocr_carea' id='block_1_16' title="bbox 293 1531 1875 1603">
    <p class='ocr_par' dir='ltr' id='par_1_16' title="bbox 293 1531 1875 1603">
     <span class='ocr_line' id='line_1_16' title="bbox 293 1531 1875 1603; baseline 0.004 -19"><span class='ocrx_word' id='word_1_96' title='bbox 293 1531 413 1585; x_wconf 85' lang='lat' dir='ltr'><strong>&#39;Deo</strong></span> <span class='ocrx_word' id='word_1_97' title='bbox 443 1547 537 1600; x_wconf 88' lang='lat' dir='ltr'><strong>per</strong></span> <span class='ocrx_word' id='word_1_98' title='bbox 581 1536 948 1603; x_wconf 82' lang='lat' dir='ltr'><strong>precationem</strong></span> <span class='ocrx_word' id='word_1_99' title='bbox 990 1533 1226 1587; x_wconf 89' lang='lat' dir='ltr'><strong>animam</strong></span> <span class='ocrx_word' id='word_1_100' title='bbox 1270 1536 1700 1591; x_wconf 85' lang='lat' dir='ltr'><strong>commendatam</strong></span> <span class='ocrx_word' id='word_1_101' title='bbox 1740 1536 1875 1590; x_wconf 85' lang='lat' dir='ltr'><strong>emi-</strong></span> 
     </span>
    </p>
   </div>
   <div class='ocr_carea' id='block_1_17' title="bbox 299 1625 1872 1698">
    <p class='ocr_par' dir='ltr' id='par_1_17' title="bbox 299 1625 1872 1698">
     <span class='ocr_line' id='line_1_17' title="bbox 299 1625 1872 1698; baseline 0.004 -24"><span class='ocrx_word' id='word_1_102' title='bbox 299 1631 468 1680; x_wconf 61' lang='lat' dir='ltr'><strong>serat.</strong></span> <span class='ocrx_word' id='word_1_103' title='bbox 504 1625 705 1680; x_wconf 87' lang='lat' dir='ltr'><strong>Deinde</strong></span> <span class='ocrx_word' id='word_1_104' title='bbox 737 1626 882 1682; x_wconf 92' lang='lat' dir='ltr'><strong>humi</strong></span> <span class='ocrx_word' id='word_1_105' title='bbox 932 1629 1276 1698; x_wconf 88' lang='lat' dir='ltr'><strong>aspicientes,</strong></span> <span class='ocrx_word' id='word_1_106' title='bbox 1329 1628 1516 1681; x_wconf 88' lang='lat' dir='ltr'><strong>vident</strong></span> <span class='ocrx_word' id='word_1_107' title='bbox 1545 1627 1872 1697; x_wconf 89' lang='lat' dir='ltr'><strong>scripturam</strong></span> 
     </span>
    </p>
   </div>
   <div class='ocr_carea' id='block_1_18' title="bbox 299 1717 1874 1789">
    <p class='ocr_par' dir='ltr' id='par_1_18' title="bbox 299 1717 1874 1789">
     <span class='ocr_line' id='line_1_18' title="bbox 299 1717 1874 1789; baseline 0.002 -21"><span class='ocrx_word' id='word_1_108' title='bbox 299 1729 420 1782; x_wconf 78' lang='lat' dir='ltr'><strong>qna:</strong></span> <span class='ocrx_word' id='word_1_109' title='bbox 456 1717 534 1772; x_wconf 88' lang='lat' dir='ltr'><strong>sic</strong></span> <span class='ocrx_word' id='word_1_110' title='bbox 571 1717 846 1774; x_wconf 84' lang='lat' dir='ltr'><strong>habebat:</strong></span> <span class='ocrx_word' id='word_1_111' title='bbox 892 1718 1003 1773; x_wconf 79' lang='lat' dir='ltr'><strong>Viri</strong></span> <span class='ocrx_word' id='word_1_112' title='bbox 1042 1719 1422 1785; x_wconf 79' lang='lat' dir='ltr'><strong>Alexandrini,</strong></span> <span class='ocrx_word' id='word_1_113' title='bbox 1468 1720 1627 1773; x_wconf 82' lang='lat' dir='ltr'><strong>nolite</strong></span> <span class='ocrx_word' id='word_1_114' title='bbox 1670 1719 1874 1789; x_wconf 82' lang='lat' dir='ltr'><strong>aliquid</strong></span> 
     </span>
    </p>
   </div>
   <div class='ocr_carea' id='block_1_19' title="bbox 293 1791 1950 1879">
    <p class='ocr_par' dir='ltr' id='par_1_19' title="bbox 293 1791 1950 1879">
     <span class='ocr_line' id='line_1_19' title="bbox 293 1791 1950 1879; baseline 0.006 -22"><span class='ocrx_word' id='word_1_115' title='bbox 293 1807 546 1874; x_wconf 82' lang='lat' dir='ltr'><strong>judicare</strong></span> <span class='ocrx_word' id='word_1_116' title='bbox 579 1819 698 1863; x_wconf 83' lang='lat' dir='ltr'><strong>ante</strong></span> <span class='ocrx_word' id='word_1_117' title='bbox 729 1819 959 1879; x_wconf 76' lang='lat' dir='ltr'><strong>tempus,</strong></span> <span class='ocrx_word' id='word_1_118' title='bbox 993 1812 1155 1867; x_wconf 84' lang='lat' dir='ltr'><strong>donec</strong></span> <span class='ocrx_word' id='word_1_119' title='bbox 1188 1814 1381 1867; x_wconf 80' lang='lat' dir='ltr'><strong>venerit</strong></span> <span class='ocrx_word' id='word_1_120' title='bbox 1423 1811 1699 1866; x_wconf 73' lang='lat' dir='ltr'><strong>Dominus.</strong></span> <span class='ocrx_word' id='word_1_121' title='bbox 1733 1810 1873 1866; x_wconf 88' lang='lat' dir='ltr'><strong>Con-</strong></span> <span class='ocrx_word' id='word_1_122' title='bbox 1901 1791 1950 1852; x_wconf 73' lang='grc' dir='ltr'><strong>Β</strong></span> 
     </span>
    </p>
   </div>
   <div class='ocr_carea' id='block_1_20' title="bbox 301 1897 1878 1974">
    <p class='ocr_par' dir='ltr' id='par_1_20' title="bbox 301 1897 1878 1974">
     <span class='ocr_line' id='line_1_20' title="bbox 301 1897 1878 1974; baseline 0.005 -26"><span class='ocrx_word' id='word_1_123' title='bbox 301 1897 556 1952; x_wconf 85' lang='lat' dir='ltr'><strong>ﬁtebatur</strong></span> <span class='ocrx_word' id='word_1_124' title='bbox 583 1900 765 1971; x_wconf 89' lang='lat' dir='ltr'><strong>itaque</strong></span> <span class='ocrx_word' id='word_1_125' title='bbox 782 1901 1035 1958; x_wconf 89' lang='lat' dir='ltr'><strong>omnibus</strong></span> <span class='ocrx_word' id='word_1_126' title='bbox 1063 1904 1422 1974; x_wconf 66' lang='lat' dir='ltr'><strong>praasentibus</strong></span> <span class='ocrx_word' id='word_1_127' title='bbox 1453 1903 1522 1969; x_wconf 88' lang='lat' dir='ltr'><strong>is,</strong></span> <span class='ocrx_word' id='word_1_128' title='bbox 1561 1903 1651 1972; x_wconf 92' lang='lat' dir='ltr'><strong>qui</strong></span> <span class='ocrx_word' id='word_1_129' title='bbox 1677 1903 1878 1958; x_wconf 88' lang='lat' dir='ltr'><strong>libera-</strong></span> 
     </span>
    </p>
   </div>
   <div class='ocr_carea' id='block_1_21' title="bbox 301 1984 1877 2061">
    <p class='ocr_par' dir='ltr' id='par_1_21' title="bbox 301 1984 1877 2061">
     <span class='ocr_line' id='line_1_21' title="bbox 301 1984 1877 2061; baseline 0.005 -25"><span class='ocrx_word' id='word_1_130' title='bbox 301 1994 390 2039; x_wconf 87' lang='lat' dir='ltr'><strong>tus</strong></span> <span class='ocrx_word' id='word_1_131' title='bbox 420 1984 597 2041; x_wconf 78' lang='lat' dir='ltr'><strong>fuerat</strong></span> <span class='ocrx_word' id='word_1_132' title='bbox 633 2003 664 2043; x_wconf 88' lang='lat' dir='ltr'><strong>a</strong></span> <span class='ocrx_word' id='word_1_133' title='bbox 721 1989 983 2057; x_wconf 82' lang='lat' dir='ltr'><strong>daemone,</strong></span> <span class='ocrx_word' id='word_1_134' title='bbox 1021 1993 1162 2046; x_wconf 88' lang='lat' dir='ltr'><strong>mala</strong></span> <span class='ocrx_word' id='word_1_135' title='bbox 1194 2007 1314 2061; x_wconf 73' lang='lat' dir='ltr'><strong>qua:</strong></span> <span class='ocrx_word' id='word_1_136' title='bbox 1345 2001 1534 2047; x_wconf 90' lang='lat' dir='ltr'><strong>sancto</strong></span> <span class='ocrx_word' id='word_1_137' title='bbox 1567 1992 1790 2057; x_wconf 80' lang='lat' dir='ltr'><strong>fecerat,</strong></span> <span class='ocrx_word' id='word_1_138' title='bbox 1823 2001 1877 2046; x_wconf 90' lang='lat' dir='ltr'><strong>et</strong></span> 
     </span>
    </p>
   </div>
   <div class='ocr_carea' id='block_1_22' title="bbox 302 2080 1878 2154">
    <p class='ocr_par' dir='ltr' id='par_1_22' title="bbox 302 2080 1878 2154">
     <span class='ocr_line' id='line_1_22' title="bbox 302 2080 1878 2154; baseline 0.006 -26"><span class='ocrx_word' id='word_1_139' title='bbox 302 2093 424 2148; x_wconf 69' lang='grc' dir='ltr'><strong>(μω</strong></span> <span class='ocrx_word' id='word_1_140' title='bbox 445 2080 650 2135; x_wconf 84' lang='lat' dir='ltr'><strong>audivit</strong></span> <span class='ocrx_word' id='word_1_141' title='bbox 669 2083 979 2151; x_wconf 81' lang='lat' dir='ltr'><strong>prephetice</strong></span> <span class='ocrx_word' id='word_1_142' title='bbox 999 2082 1066 2136; x_wconf 88' lang='lat' dir='ltr'><strong>ab</strong></span> <span class='ocrx_word' id='word_1_143' title='bbox 1085 2097 1150 2136; x_wconf 93' lang='lat' dir='ltr'><strong>eo</strong></span> <span class='ocrx_word' id='word_1_144' title='bbox 1170 2085 1336 2151; x_wconf 88' lang='lat' dir='ltr'><strong>dicta,</strong></span> <span class='ocrx_word' id='word_1_145' title='bbox 1357 2099 1479 2154; x_wconf 71' lang='lat' dir='ltr'><strong>qua:</strong></span> <span class='ocrx_word' id='word_1_146' title='bbox 1500 2084 1662 2138; x_wconf 90' lang='lat' dir='ltr'><strong>etiam</strong></span> <span class='ocrx_word' id='word_1_147' title='bbox 1683 2098 1878 2154; x_wconf 87' lang='lat' dir='ltr'><strong>passus</strong></span> 
     </span>
    </p>
   </div>
   <div class='ocr_carea' id='block_1_23' title="bbox 290 2167 1876 2242">
    <p class='ocr_par' dir='ltr' id='par_1_23' title="bbox 290 2167 1876 2242">
     <span class='ocr_line' id='line_1_23' title="bbox 290 2167 1876 2242; baseline 0.003 -20"><span class='ocrx_word' id='word_1_148' title='bbox 290 2177 409 2222; x_wconf 81' lang='lat' dir='ltr'><strong>est.</strong></span> <span class='ocrx_word' id='word_1_149' title='bbox 434 2167 676 2223; x_wconf 91' lang='lat' dir='ltr'><strong>Fuerunt</strong></span> <span class='ocrx_word' id='word_1_150' title='bbox 701 2185 829 2240; x_wconf 85' lang='lat' dir='ltr'><strong>ergo</strong></span> <span class='ocrx_word' id='word_1_151' title='bbox 856 2171 967 2224; x_wconf 66' lang='lat' dir='ltr'><strong>tunc</strong></span> <span class='ocrx_word' id='word_1_152' title='bbox 996 2172 1180 2225; x_wconf 85' lang='lat' dir='ltr'><strong>statim</strong></span> <span class='ocrx_word' id='word_1_153' title='bbox 1208 2173 1511 2227; x_wconf 86' lang='lat' dir='ltr'><strong>renuntiata</strong></span> <span class='ocrx_word' id='word_1_154' title='bbox 1532 2171 1876 2242; x_wconf 63' lang='lat' dir='ltr'><strong>patriarchae,</strong></span> 
     </span>
    </p>
   </div>
   <div class='ocr_carea' id='block_1_24' title="bbox 304 2258 1880 2334">
    <p class='ocr_par' dir='ltr' id='par_1_24' title="bbox 304 2258 1880 2334">
     <span class='ocr_line' id='line_1_24' title="bbox 304 2258 1880 2334; baseline 0.004 -23"><span class='ocrx_word' id='word_1_155' title='bbox 304 2267 360 2312; x_wconf 88' lang='lat' dir='ltr'><strong>et</strong></span> <span class='ocrx_word' id='word_1_156' title='bbox 391 2258 504 2326; x_wconf 84' lang='lat' dir='ltr'><strong>ipse</strong></span> <span class='ocrx_word' id='word_1_157' title='bbox 539 2273 662 2313; x_wconf 89' lang='lat' dir='ltr'><strong>cum</strong></span> <span class='ocrx_word' id='word_1_158' title='bbox 697 2259 857 2314; x_wconf 90' lang='lat' dir='ltr'><strong>simul</strong></span> <span class='ocrx_word' id='word_1_159' title='bbox 882 2261 1264 2316; x_wconf 89' lang='lat' dir='ltr'><strong>venissetcum</strong></span> <span class='ocrx_word' id='word_1_160' title='bbox 1289 2270 1401 2316; x_wconf 92' lang='lat' dir='ltr'><strong>toto</strong></span> <span class='ocrx_word' id='word_1_161' title='bbox 1424 2262 1594 2328; x_wconf 91' lang='lat' dir='ltr'><strong>clero,</strong></span> <span class='ocrx_word' id='word_1_162' title='bbox 1631 2262 1722 2318; x_wconf 91' lang='lat' dir='ltr'><strong>ubi</strong></span> <span class='ocrx_word' id='word_1_163' title='bbox 1752 2263 1880 2334; x_wconf 82' lang='lat' dir='ltr'><strong>legit</strong></span> 
     </span>
    </p>
   </div>
   <div class='ocr_carea' id='block_1_25' title="bbox 293 2354 1877 2426">
    <p class='ocr_par' dir='ltr' id='par_1_25' title="bbox 293 2354 1877 2426">
     <span class='ocr_line' id='line_1_25' title="bbox 293 2354 1877 2426; baseline 0.006 -23"><span class='ocrx_word' id='word_1_164' title='bbox 293 2359 450 2416; x_wconf 83' lang='lat' dir='ltr'><strong>‘eam,</strong></span> <span class='ocrx_word' id='word_1_165' title='bbox 482 2367 602 2422; x_wconf 67' lang='lat' dir='ltr'><strong>qua:</strong></span> <span class='ocrx_word' id='word_1_166' title='bbox 634 2361 752 2407; x_wconf 88' lang='lat' dir='ltr'><strong>erat</strong></span> <span class='ocrx_word' id='word_1_167' title='bbox 785 2354 953 2419; x_wconf 90' lang='lat' dir='ltr'><strong>bnmi,</strong></span> <span class='ocrx_word' id='word_1_168' title='bbox 990 2355 1338 2424; x_wconf 87' lang='lat' dir='ltr'><strong>scripturam,</strong></span> <span class='ocrx_word' id='word_1_169' title='bbox 1368 2357 1527 2426; x_wconf 85' lang='lat' dir='ltr'><strong>paulo</strong></span> <span class='ocrx_word' id='word_1_170' title='bbox 1557 2365 1681 2426; x_wconf 90' lang='lat' dir='ltr'><strong>post</strong></span> <span class='ocrx_word' id='word_1_171' title='bbox 1711 2357 1877 2412; x_wconf 82' lang='lat' dir='ltr'><strong>dixit:</strong></span> 
     </span>
    </p>
   </div>
   <div class='ocr_carea' id='block_1_26' title="bbox 297 2443 1880 2518">
    <p class='ocr_par' dir='ltr' id='par_1_26' title="bbox 297 2443 1880 2518">
     <span class='ocr_line' id='line_1_26' title="bbox 297 2443 1880 2518; baseline 0.004 -23"><span class='ocrx_word' id='word_1_172' title='bbox 297 2443 364 2496; x_wconf 84' lang='lat' dir='ltr'><strong>&#39;Si</strong></span> <span class='ocrx_word' id='word_1_173' title='bbox 391 2443 614 2499; x_wconf 89' lang='lat' dir='ltr'><strong>fuissem</strong></span> <span class='ocrx_word' id='word_1_174' title='bbox 649 2444 902 2500; x_wconf 84' lang='lat' dir='ltr'><strong>inductus</strong></span> <span class='ocrx_word' id='word_1_175' title='bbox 941 2445 1127 2501; x_wconf 89' lang='lat' dir='ltr'><strong>verbis</strong></span> <span class='ocrx_word' id='word_1_176' title='bbox 1169 2461 1395 2513; x_wconf 90' lang='lat' dir='ltr'><strong>eorum,</strong></span> <span class='ocrx_word' id='word_1_177' title='bbox 1445 2448 1536 2518; x_wconf 90' lang='lat' dir='ltr'><strong>qui</strong></span> <span class='ocrx_word' id='word_1_178' title='bbox 1579 2448 1880 2503; x_wconf 84' lang='lat' dir='ltr'><strong>calumnia-</strong></span> 
     </span>
    </p>
   </div>
   <div class='ocr_carea' id='block_1_27' title="bbox 299 2529 1633 2610">
    <p class='ocr_par' dir='ltr' id='par_1_27' title="bbox 299 2529 1633 2610">
     <span class='ocr_line' id='line_1_27' title="bbox 299 2529 1633 2610; baseline 0.003 -19"><span class='ocrx_word' id='word_1_179' title='bbox 299 2529 526 2599; x_wconf 76' lang='lat' dir='ltr'><strong>bantur,</strong></span> <span class='ocrx_word' id='word_1_180' title='bbox 556 2535 749 2592; x_wconf 81' lang='lat' dir='ltr'><strong>fuisset</strong></span> <span class='ocrx_word' id='word_1_181' title='bbox 783 2537 914 2592; x_wconf 88' lang='lat' dir='ltr'><strong>mihi</strong></span> <span class='ocrx_word' id='word_1_182' title='bbox 949 2538 1203 2594; x_wconf 87' lang='lat' dir='ltr'><strong>incussus</strong></span> <span class='ocrx_word' id='word_1_183' title='bbox 1234 2539 1323 2594; x_wconf 87' lang='lat' dir='ltr'><strong>ille</strong></span> <span class='ocrx_word' id='word_1_184' title='bbox 1355 2539 1633 2610; x_wconf 87' lang='lat' dir='ltr'><strong>colaphus.</strong></span> 
     </span>
    </p>
   </div>
   <div class='ocr_carea' id='block_1_28' title="bbox 376 2622 1880 2701">
    <p class='ocr_par' dir='ltr' id='par_1_28' title="bbox 376 2622 1880 2701">
     <span class='ocr_line' id='line_1_28' title="bbox 376 2622 1880 2701; baseline 0.003 -21"><span class='ocrx_word' id='word_1_185' title='bbox 376 2622 562 2680; x_wconf 81' lang='lat' dir='ltr'><strong>LXVI.</strong></span> <span class='ocrx_word' id='word_1_186' title='bbox 599 2627 750 2682; x_wconf 92' lang='lat' dir='ltr'><strong>Tunc</strong></span> <span class='ocrx_word' id='word_1_187' title='bbox 775 2627 938 2682; x_wconf 89' lang='lat' dir='ltr'><strong>etiam</strong></span> <span class='ocrx_word' id='word_1_188' title='bbox 963 2638 1324 2700; x_wconf 80' lang='lat' dir='ltr'><strong>congregatur</strong></span> <span class='ocrx_word' id='word_1_189' title='bbox 1347 2629 1658 2685; x_wconf 88' lang='lat' dir='ltr'><strong>universum</strong></span> <span class='ocrx_word' id='word_1_190' title='bbox 1686 2636 1880 2701; x_wconf 78' lang='lat' dir='ltr'><strong>agmen</strong></span> 
     </span>
    </p>
   </div>
   <div class='ocr_carea' id='block_1_29' title="bbox 303 2719 1882 2794">
    <p class='ocr_par' dir='ltr' id='par_1_29' title="bbox 303 2719 1882 2794">
     <span class='ocr_line' id='line_1_29' title="bbox 303 2719 1882 2794; baseline 0.004 -23"><span class='ocrx_word' id='word_1_191' title='bbox 303 2719 652 2773; x_wconf 82' lang='lat' dir='ltr'><strong>meretricum</strong></span> <span class='ocrx_word' id='word_1_192' title='bbox 693 2719 762 2772; x_wconf 88' lang='lat' dir='ltr'><strong>ad</strong></span> <span class='ocrx_word' id='word_1_193' title='bbox 806 2721 952 2790; x_wconf 89' lang='lat' dir='ltr'><strong>justa</strong></span> <span class='ocrx_word' id='word_1_194' title='bbox 995 2719 1241 2777; x_wconf 87' lang='lat' dir='ltr'><strong>facienda</strong></span> <span class='ocrx_word' id='word_1_195' title='bbox 1284 2723 1594 2779; x_wconf 88' lang='lat' dir='ltr'><strong>venerando</strong></span> <span class='ocrx_word' id='word_1_196' title='bbox 1642 2725 1882 2794; x_wconf 88' lang='lat' dir='ltr'><strong>corpori.</strong></span> 
     </span>
    </p>
   </div>
   <div class='ocr_carea' id='block_1_30' title="bbox 307 2811 1887 2881">
    <p class='ocr_par' dir='ltr' id='par_1_30' title="bbox 307 2811 1887 2881">
     <span class='ocr_line' id='line_1_30' title="bbox 307 2811 1887 2881; baseline 0.006 -17"><span class='ocrx_word' id='word_1_197' title='bbox 307 2811 439 2876; x_wconf 81' lang='lat' dir='ltr'><strong>Quae</strong></span> <span class='ocrx_word' id='word_1_198' title='bbox 487 2811 704 2881; x_wconf 90' lang='lat' dir='ltr'><strong>quidem</strong></span> <span class='ocrx_word' id='word_1_199' title='bbox 757 2827 880 2868; x_wconf 91' lang='lat' dir='ltr'><strong>eum</strong></span> <span class='ocrx_word' id='word_1_200' title='bbox 926 2813 1226 2870; x_wconf 72' lang='lat' dir='ltr'><strong>efferebant</strong></span> <span class='ocrx_word' id='word_1_201' title='bbox 1271 2822 1405 2870; x_wconf 89' lang='lat' dir='ltr'><strong>cum&#39;</strong></span> <span class='ocrx_word' id='word_1_202' title='bbox 1452 2816 1791 2872; x_wconf 86' lang='lat' dir='ltr'><strong>aromatibus</strong></span> <span class='ocrx_word' id='word_1_203' title='bbox 1831 2828 1887 2873; x_wconf 90' lang='lat' dir='ltr'><strong>et</strong></span> 
     </span>
    </p>
   </div>
   <div class='ocr_carea' id='block_1_31' title="bbox 301 2904 1887 2980">
    <p class='ocr_par' dir='ltr' id='par_1_31' title="bbox 301 2904 1887 2980">
     <span class='ocr_line' id='line_1_31' title="bbox 301 2904 1887 2980; baseline 0.004 -23"><span class='ocrx_word' id='word_1_204' title='bbox 301 2904 666 2975; x_wconf 72' lang='lat' dir='ltr'><strong>lampadibus,</strong></span> <span class='ocrx_word' id='word_1_205' title='bbox 691 2905 847 2961; x_wconf 85' lang='lat' dir='ltr'><strong>valde</strong></span> <span class='ocrx_word' id='word_1_206' title='bbox 872 2906 1132 2962; x_wconf 84' lang='lat' dir='ltr'><strong>deﬂentes</strong></span> <span class='ocrx_word' id='word_1_207' title='bbox 1159 2907 1516 2978; x_wconf 84' lang='lat' dir='ltr'><strong>privationem</strong></span> <span class='ocrx_word' id='word_1_208' title='bbox 1539 2908 1660 2980; x_wconf 86' lang='lat' dir='ltr'><strong>ejus</strong></span> <span class='ocrx_word' id='word_1_209' title='bbox 1685 2909 1887 2965; x_wconf 88' lang='lat' dir='ltr'><strong>doctri-</strong></span> 
     </span>
    </p>
   </div>
   <div class='ocr_carea' id='block_1_32' title="bbox 308 3001 1887 3074">
    <p class='ocr_par' dir='ltr' id='par_1_32' title="bbox 308 3001 1887 3074">
     <span class='ocr_line' id='line_1_32' title="bbox 308 3001 1887 3074; baseline 0.007 -23"><span class='ocrx_word' id='word_1_210' title='bbox 308 3013 414 3064; x_wconf 86' lang='lat' dir='ltr'><strong>nae,</strong></span> <span class='ocrx_word' id='word_1_211' title='bbox 447 3014 475 3053; x_wconf 89' lang='lat' dir='ltr'><strong>a</strong></span> <span class='ocrx_word' id='word_1_212' title='bbox 507 3016 614 3070; x_wconf 89' lang='lat' dir='ltr'><strong>qua</strong></span> <span class='ocrx_word' id='word_1_213' title='bbox 650 3001 716 3055; x_wconf 88' lang='lat' dir='ltr'><strong>ad</strong></span> <span class='ocrx_word' id='word_1_214' title='bbox 743 3016 837 3058; x_wconf 90' lang='lat' dir='ltr'><strong>eas</strong></span> <span class='ocrx_word' id='word_1_215' title='bbox 865 3017 1058 3074; x_wconf 82' lang='lat' dir='ltr'><strong>magna</strong></span> <span class='ocrx_word' id='word_1_216' title='bbox 1095 3005 1350 3060; x_wconf 86' lang='lat' dir='ltr'><strong>manabat</strong></span> <span class='ocrx_word' id='word_1_217' title='bbox 1391 3003 1630 3072; x_wconf 85' lang='lat' dir='ltr'><strong>utilitas,</strong></span> <span class='ocrx_word' id='word_1_218' title='bbox 1665 3015 1720 3061; x_wconf 92' lang='lat' dir='ltr'><strong>et</strong></span> <span class='ocrx_word' id='word_1_219' title='bbox 1760 3015 1887 3062; x_wconf 87' lang='lat' dir='ltr'><strong>tunc</strong></span> 
     </span>
    </p>
   </div>
   <div class='ocr_carea' id='block_1_33' title="bbox 303 3093 1884 3167">
    <p class='ocr_par' dir='ltr' id='par_1_33' title="bbox 303 3093 1884 3167">
     <span class='ocr_line' id='line_1_33' title="bbox 303 3093 1884 3167; baseline 0.008 -23"><span class='ocrx_word' id='word_1_220' title='bbox 303 3093 655 3160; x_wconf 76' lang='lat' dir='ltr'><strong>exponebant</strong></span> <span class='ocrx_word' id='word_1_221' title='bbox 691 3093 810 3164; x_wconf 85' lang='lat' dir='ltr'><strong>ejus</strong></span> <span class='ocrx_word' id='word_1_222' title='bbox 856 3096 1057 3160; x_wconf 82' lang='lat' dir='ltr'><strong>vitam,</strong></span> <span class='ocrx_word' id='word_1_223' title='bbox 1099 3097 1167 3152; x_wconf 89' lang='lat' dir='ltr'><strong>iis</strong></span> <span class='ocrx_word' id='word_1_224' title='bbox 1199 3112 1320 3167; x_wconf 72' lang='lat' dir='ltr'><strong>qua:</strong></span> <span class='ocrx_word' id='word_1_225' title='bbox 1364 3097 1686 3154; x_wconf 87' lang='lat' dir='ltr'><strong>dicebantur</strong></span> <span class='ocrx_word' id='word_1_226' title='bbox 1727 3099 1884 3155; x_wconf 88' lang='lat' dir='ltr'><strong>tidem</strong></span> 
     </span>
    </p>
   </div>
   <div class='ocr_carea' id='block_1_34' title="bbox 303 3185 1884 3262">
    <p class='ocr_par' dir='ltr' id='par_1_34' title="bbox 303 3185 1884 3262">
     <span class='ocr_line' id='line_1_34' title="bbox 303 3185 1884 3262; baseline 0.006 -25"><span class='ocrx_word' id='word_1_227' title='bbox 303 3185 562 3241; x_wconf 81' lang='lat' dir='ltr'><strong>omnibus</strong></span> <span class='ocrx_word' id='word_1_228' title='bbox 593 3186 764 3244; x_wconf 88' lang='lat' dir='ltr'><strong>modis</strong></span> <span class='ocrx_word' id='word_1_229' title='bbox 793 3186 1073 3256; x_wconf 85' lang='lat' dir='ltr'><strong>facientes,</strong></span> <span class='ocrx_word' id='word_1_230' title='bbox 1111 3191 1254 3260; x_wconf 92' lang='lat' dir='ltr'><strong>quod</strong></span> <span class='ocrx_word' id='word_1_231' title='bbox 1294 3205 1398 3245; x_wconf 92' lang='lat' dir='ltr'><strong>non</strong></span> <span class='ocrx_word' id='word_1_232' title='bbox 1428 3190 1498 3246; x_wconf 91' lang='lat' dir='ltr'><strong>ob</strong></span> <span class='ocrx_word' id='word_1_233' title='bbox 1523 3191 1740 3262; x_wconf 85' lang='lat' dir='ltr'><strong>aliquod</strong></span> <span class='ocrx_word' id='word_1_234' title='bbox 1770 3207 1884 3246; x_wconf 85' lang='lat' dir='ltr'><strong>ma-</strong></span> 
     </span>
    </p>
   </div>
   <div class='ocr_carea' id='block_1_35' title="bbox 301 3276 1883 3356">
    <p class='ocr_par' dir='ltr' id='par_1_35' title="bbox 301 3276 1883 3356">
     <span class='ocr_line' id='line_1_35' title="bbox 301 3276 1883 3356; baseline 0.001 -22"><span class='ocrx_word' id='word_1_235' title='bbox 301 3276 422 3334; x_wconf 67' lang='lat' dir='ltr'><strong>lum</strong></span> <span class='ocrx_word' id='word_1_236' title='bbox 453 3276 519 3332; x_wconf 86' lang='lat' dir='ltr'><strong>ad</strong></span> <span class='ocrx_word' id='word_1_237' title='bbox 549 3290 642 3333; x_wconf 88' lang='lat' dir='ltr'><strong>eas</strong></span> <span class='ocrx_word' id='word_1_238' title='bbox 667 3278 1092 3356; x_wconf 66' lang='lat' dir='ltr'><strong>ingrediebantur,</strong></span> <span class='ocrx_word' id='word_1_239' title='bbox 1119 3289 1172 3334; x_wconf 91' lang='lat' dir='ltr'><strong>et</strong></span> <span class='ocrx_word' id='word_1_240' title='bbox 1195 3294 1294 3337; x_wconf 84' lang='lat' dir='ltr'><strong>nec</strong></span> <span class='ocrx_word' id='word_1_241' title='bbox 1324 3280 1473 3336; x_wconf 88' lang='lat' dir='ltr'><strong>visus</strong></span> <span class='ocrx_word' id='word_1_242' title='bbox 1496 3284 1568 3336; x_wconf 86' lang='lat' dir='ltr'><strong>sit</strong></span> <span class='ocrx_word' id='word_1_243' title='bbox 1591 3279 1883 3336; x_wconf 88' lang='lat' dir='ltr'><strong>ulliearnm</strong></span> 
     </span>
    </p>
   </div>
   <div class='ocr_carea' id='block_1_36' title="bbox 311 3371 1887 3443">
    <p class='ocr_par' dir='ltr' id='par_1_36' title="bbox 311 3371 1887 3443">
     <span class='ocr_line' id='line_1_36' title="bbox 311 3371 1887 3443; baseline 0.003 -16"><span class='ocrx_word' id='word_1_244' title='bbox 311 3386 380 3427; x_wconf 80' lang='lat' dir='ltr'><strong>ne</strong></span> <span class='ocrx_word' id='word_1_245' title='bbox 405 3385 625 3425; x_wconf 89' lang='lat' dir='ltr'><strong>manum</strong></span> <span class='ocrx_word' id='word_1_246' title='bbox 659 3371 874 3443; x_wconf 88' lang='lat' dir='ltr'><strong>quidem</strong></span> <span class='ocrx_word' id='word_1_247' title='bbox 903 3373 1233 3439; x_wconf 86' lang='lat' dir='ltr'><strong>admovisse,</strong></span> <span class='ocrx_word' id='word_1_248' title='bbox 1266 3384 1360 3432; x_wconf 90' lang='lat' dir='ltr'><strong>aut</strong></span> <span class='ocrx_word' id='word_1_249' title='bbox 1389 3375 1456 3432; x_wconf 91' lang='lat' dir='ltr'><strong>ad</strong></span> <span class='ocrx_word' id='word_1_250' title='bbox 1492 3375 1632 3433; x_wconf 87' lang='lat' dir='ltr'><strong>latus</strong></span> <span class='ocrx_word' id='word_1_251' title='bbox 1665 3377 1887 3432; x_wconf 90' lang='lat' dir='ltr'><strong>omnino</strong></span> 
     </span>
    </p>
   </div>
   <div class='ocr_carea' id='block_1_37' title="bbox 311 3462 1888 3537">
    <p class='ocr_par' dir='ltr' id='par_1_37' title="bbox 311 3462 1888 3537">
     <span class='ocr_line' id='line_1_37' title="bbox 311 3462 1888 3537; baseline 0.008 -27"><span class='ocrx_word' id='word_1_252' title='bbox 311 3462 655 3517; x_wconf 76' lang='lat' dir='ltr'><strong>accubuisse.</strong></span> <span class='ocrx_word' id='word_1_253' title='bbox 688 3462 767 3517; x_wconf 85' lang='lat' dir='ltr'><strong>Ad</strong></span> <span class='ocrx_word' id='word_1_254' title='bbox 794 3477 888 3518; x_wconf 89' lang='lat' dir='ltr'><strong>eos</strong></span> <span class='ocrx_word' id='word_1_255' title='bbox 919 3473 1123 3528; x_wconf 89' lang='lat' dir='ltr'><strong>autem,</strong></span> <span class='ocrx_word' id='word_1_256' title='bbox 1151 3467 1242 3537; x_wconf 90' lang='lat' dir='ltr'><strong>qui</strong></span> <span class='ocrx_word' id='word_1_257' title='bbox 1276 3466 1488 3523; x_wconf 89' lang='lat' dir='ltr'><strong>illarum</strong></span> <span class='ocrx_word' id='word_1_258' title='bbox 1523 3465 1888 3536; x_wconf 87' lang='lat' dir='ltr'><strong>reprehende-</strong></span> 
     </span>
    </p>
   </div>
   <div class='ocr_carea' id='block_1_38' title="bbox 297 3553 1890 3620">
    <p class='ocr_par' dir='ltr' id='par_1_38' title="bbox 297 3553 1890 3620">
     <span class='ocr_line' id='line_1_38' title="bbox 297 3553 1890 3620; baseline 0.004 -14"><span class='ocrx_word' id='word_1_259' title='bbox 297 3553 442 3608; x_wconf 71' lang='lat' dir='ltr'><strong>bant</strong></span> <span class='ocrx_word' id='word_1_260' title='bbox 470 3555 744 3611; x_wconf 88' lang='lat' dir='ltr'><strong>silentium</strong></span> <span class='ocrx_word' id='word_1_261' title='bbox 769 3595 783 3620; x_wconf 95' lang='lat'><strong>,</strong></span> <span class='ocrx_word' id='word_1_262' title='bbox 818 3563 873 3611; x_wconf 92' lang='lat' dir='ltr'><strong>et</strong></span> <span class='ocrx_word' id='word_1_263' title='bbox 903 3556 1158 3614; x_wconf 85' lang='lat' dir='ltr'><strong>dicebant</strong></span> <span class='ocrx_word' id='word_1_264' title='bbox 1197 3574 1291 3615; x_wconf 88' lang='lat' dir='ltr'><strong>eas</strong></span> <span class='ocrx_word' id='word_1_265' title='bbox 1322 3558 1489 3614; x_wconf 83' lang='lat' dir='ltr'><strong>fuisse</strong></span> <span class='ocrx_word' id='word_1_266' title='bbox 1538 3559 1724 3615; x_wconf 82' lang='lat' dir='ltr'><strong>multis</strong></span> <span class='ocrx_word' id='word_1_267' title='bbox 1759 3574 1890 3614; x_wconf 85' lang='lat' dir='ltr'><strong>cau-</strong></span> 
     </span>
    </p>
   </div>
   <div class='ocr_carea' id='block_1_39' title="bbox 311 3642 1886 3720">
    <p class='ocr_par' dir='ltr' id='par_1_39' title="bbox 311 3642 1886 3720">
     <span class='ocr_line' id='line_1_39' title="bbox 311 3642 1886 3720; baseline 0.003 -20"><span class='ocrx_word' id='word_1_268' title='bbox 311 3661 427 3700; x_wconf 77' lang='lat' dir='ltr'><strong>sam</strong></span> <span class='ocrx_word' id='word_1_269' title='bbox 463 3642 802 3712; x_wconf 79' lang='lat' dir='ltr'><strong>oﬂcnsionis,</strong></span> <span class='ocrx_word' id='word_1_270' title='bbox 850 3647 994 3704; x_wconf 90' lang='lat' dir='ltr'><strong>illius</strong></span> <span class='ocrx_word' id='word_1_271' title='bbox 1038 3659 1369 3720; x_wconf 66' lang='lat' dir='ltr'><strong>praeceptum</strong></span> <span class='ocrx_word' id='word_1_272' title='bbox 1423 3650 1770 3706; x_wconf 85' lang='lat' dir='ltr'><strong>adducebant</strong></span> <span class='ocrx_word' id='word_1_273' title='bbox 1817 3649 1886 3704; x_wconf 90' lang='lat' dir='ltr'><strong>ad</strong></span> 
     </span>
    </p>
   </div>
   <div class='ocr_carea' id='block_1_40' title="bbox 311 3737 1881 3813">
    <p class='ocr_par' dir='ltr' id='par_1_40' title="bbox 311 3737 1881 3813">
     <span class='ocr_line' id='line_1_40' title="bbox 311 3737 1881 3813; baseline 0.002 -21"><span class='ocrx_word' id='word_1_274' title='bbox 311 3737 393 3792; x_wconf 85' lang='lat' dir='ltr'><strong>sui</strong></span> <span class='ocrx_word' id='word_1_275' title='bbox 423 3740 827 3796; x_wconf 76' lang='lat' dir='ltr'><strong>excusationem</strong></span> <span class='ocrx_word' id='word_1_276' title='bbox 854 3780 868 3805; x_wconf 95' lang='lat'><strong>,</strong></span> <span class='ocrx_word' id='word_1_277' title='bbox 893 3750 948 3797; x_wconf 90' lang='lat' dir='ltr'><strong>et</strong></span> <span class='ocrx_word' id='word_1_278' title='bbox 969 3757 1093 3813; x_wconf 62' lang='lat' dir='ltr'><strong>qua</strong></span> <span class='ocrx_word' id='word_1_279' title='bbox 1120 3759 1150 3797; x_wconf 87' lang='lat' dir='ltr'><strong>a</strong></span> <span class='ocrx_word' id='word_1_280' title='bbox 1174 3743 1421 3800; x_wconf 62' lang='lat' dir='ltr'><strong>damone</strong></span> <span class='ocrx_word' id='word_1_281' title='bbox 1455 3741 1656 3798; x_wconf 80' lang='lat' dir='ltr'><strong>inﬂicta</strong></span> <span class='ocrx_word' id='word_1_282' title='bbox 1688 3744 1881 3808; x_wconf 80' lang='lat' dir='ltr'><strong>fuerat,</strong></span> 
     </span>
    </p>
   </div>
   <div class='ocr_carea' id='block_1_41' title="bbox 308 3825 1888 3904">
    <p class='ocr_par' dir='ltr' id='par_1_41' title="bbox 308 3825 1888 3904">
     <span class='ocr_line' id='line_1_41' title="bbox 308 3825 1888 3904; baseline 0.005 -24"><span class='ocrx_word' id='word_1_283' title='bbox 308 3825 549 3904; x_wconf 78' lang='lat' dir='ltr'><strong>plagam,</strong></span> <span class='ocrx_word' id='word_1_284' title='bbox 576 3829 640 3883; x_wconf 86' lang='lat' dir='ltr'><strong>ad</strong></span> <span class='ocrx_word' id='word_1_285' title='bbox 673 3829 1015 3898; x_wconf 88' lang='lat' dir='ltr'><strong>disciplinam</strong></span> <span class='ocrx_word' id='word_1_286' title='bbox 1051 3831 1101 3886; x_wconf 88' lang='lat' dir='ltr'><strong>ei</strong></span> <span class='ocrx_word' id='word_1_287' title='bbox 1137 3847 1258 3901; x_wconf 65' lang='lat' dir='ltr'><strong>quae</strong></span> <span class='ocrx_word' id='word_1_288' title='bbox 1295 3846 1402 3886; x_wconf 91' lang='lat' dir='ltr'><strong>non</strong></span> <span class='ocrx_word' id='word_1_289' title='bbox 1433 3833 1729 3889; x_wconf 88' lang='lat' dir='ltr'><strong>obcdierat.</strong></span> <span class='ocrx_word' id='word_1_290' title='bbox 1770 3831 1888 3902; x_wconf 88' lang='lat' dir='ltr'><strong>Ipse</strong></span> 
     </span>
    </p>
   </div>
   <div class='ocr_carea' id='block_1_42' title="bbox 311 3920 1882 3993">
    <p class='ocr_par' dir='ltr' id='par_1_42' title="bbox 311 3920 1882 3993">
     <span class='ocr_line' id='line_1_42' title="bbox 311 3920 1882 3993; baseline 0.005 -23"><span class='ocrx_word' id='word_1_291' title='bbox 311 3927 513 3982; x_wconf 91' lang='lat' dir='ltr'><strong>autem,</strong></span> <span class='ocrx_word' id='word_1_292' title='bbox 544 3920 634 3987; x_wconf 88' lang='lat' dir='ltr'><strong>qni</strong></span> <span class='ocrx_word' id='word_1_293' title='bbox 677 3921 964 3989; x_wconf 87' lang='lat' dir='ltr'><strong>colaphum</strong></span> <span class='ocrx_word' id='word_1_294' title='bbox 1007 3923 1225 3977; x_wconf 86' lang='lat' dir='ltr'><strong>dederat</strong></span> <span class='ocrx_word' id='word_1_295' title='bbox 1264 3931 1318 3980; x_wconf 89' lang='lat' dir='ltr'><strong>et</strong></span> <span class='ocrx_word' id='word_1_296' title='bbox 1361 3934 1551 3979; x_wconf 84' lang='lat' dir='ltr'><strong>contra</strong></span> <span class='ocrx_word' id='word_1_297' title='bbox 1578 3934 1882 3993; x_wconf 86' lang='lat' dir='ltr'><strong>acceperat,</strong></span> 
     </span>
    </p>
   </div>
   <div class='ocr_carea' id='block_1_43' title="bbox 311 4011 1884 4085">
    <p class='ocr_par' dir='ltr' id='par_1_43' title="bbox 311 4011 1884 4085">
     <span class='ocr_line' id='line_1_43' title="bbox 311 4011 1884 4085; baseline 0.006 -24"><span class='ocrx_word' id='word_1_298' title='bbox 311 4024 590 4078; x_wconf 88' lang='lat' dir='ltr'><strong>nunquam</strong></span> <span class='ocrx_word' id='word_1_299' title='bbox 641 4011 954 4074; x_wconf 89' lang='lat' dir='ltr'><strong>intermisit,</strong></span> <span class='ocrx_word' id='word_1_300' title='bbox 981 4028 1114 4084; x_wconf 83' lang='lat' dir='ltr'><strong>_cum</strong></span> <span class='ocrx_word' id='word_1_301' title='bbox 1141 4013 1352 4070; x_wconf 68' lang='lat' dir='ltr'><strong>daemon</strong></span> <span class='ocrx_word' id='word_1_302' title='bbox 1393 4029 1514 4070; x_wconf 90' lang='lat' dir='ltr'><strong>eum</strong></span> <span class='ocrx_word' id='word_1_303' title='bbox 1552 4014 1884 4085; x_wconf 82' lang='lat' dir='ltr'><strong>reliquisset,</strong></span> 
     </span>
    </p>
   </div>
   <div class='ocr_carea' id='block_1_44' title="bbox 312 4099 1884 4175">
    <p class='ocr_par' dir='ltr' id='par_1_44' title="bbox 312 4099 1884 4175">
     <span class='ocr_line' id='line_1_44' title="bbox 312 4099 1884 4175; baseline 0.006 -23"><span class='ocrx_word' id='word_1_304' title='bbox 312 4099 456 4152; x_wconf 88' lang='lat' dir='ltr'><strong>beati</strong></span> <span class='ocrx_word' id='word_1_305' title='bbox 486 4099 776 4168; x_wconf 63' lang='lat' dir='ltr'><strong>sepulchro</strong></span> <span class='ocrx_word' id='word_1_306' title='bbox 799 4103 1061 4170; x_wconf 82' lang='lat' dir='ltr'><strong>assidere,</strong></span> <span class='ocrx_word' id='word_1_307' title='bbox 1093 4104 1238 4175; x_wconf 89' lang='lat' dir='ltr'><strong>quod</strong></span> <span class='ocrx_word' id='word_1_308' title='bbox 1271 4104 1521 4160; x_wconf 79' lang='lat' dir='ltr'><strong>eﬂ‘ectum</strong></span> <span class='ocrx_word' id='word_1_309' title='bbox 1548 4115 1633 4162; x_wconf 88' lang='lat' dir='ltr'><strong>est</strong></span> <span class='ocrx_word' id='word_1_310' title='bbox 1666 4105 1884 4162; x_wconf 63' lang='lat' dir='ltr'><strong>tliesauo</strong></span> 
     </span>
    </p>
   </div>
   <div class='ocr_carea' id='block_1_45' title="bbox 305 4188 1889 4260">
    <p class='ocr_par' dir='ltr' id='par_1_45' title="bbox 305 4188 1889 4260">
     <span class='ocr_line' id='line_1_45' title="bbox 305 4188 1889 4260; baseline 0.006 -20"><span class='ocrx_word' id='word_1_311' title='bbox 305 4201 405 4242; x_wconf 64' lang='lat' dir='ltr'><strong>vos</strong></span> <span class='ocrx_word' id='word_1_312' title='bbox 435 4188 725 4247; x_wconf 82' lang='lat' dir='ltr'><strong>multorum</strong></span> <span class='ocrx_word' id='word_1_313' title='bbox 766 4192 1151 4250; x_wconf 82' lang='lat' dir='ltr'><strong>miraculorum</strong></span> <span class='ocrx_word' id='word_1_314' title='bbox 1173 4234 1188 4260; x_wconf 95' lang='lat'><strong>,</strong></span> <span class='ocrx_word' id='word_1_315' title='bbox 1225 4202 1282 4249; x_wconf 91' lang='lat' dir='ltr'><strong>et</strong></span> <span class='ocrx_word' id='word_1_316' title='bbox 1315 4193 1464 4249; x_wconf 89' lang='lat' dir='ltr'><strong>illius</strong></span> <span class='ocrx_word' id='word_1_317' title='bbox 1498 4209 1889 4250; x_wconf 86' lang='lat' dir='ltr'><strong>commemora-</strong></span> 
     </span>
    </p>
   </div>
   <div class='ocr_carea' id='block_1_46' title="bbox 316 4277 1887 4355">
    <p class='ocr_par' dir='ltr' id='par_1_46' title="bbox 316 4277 1887 4355">
     <span class='ocr_line' id='line_1_46' title="bbox 316 4277 1887 4355; baseline 0.008 -27"><span class='ocrx_word' id='word_1_318' title='bbox 316 4277 517 4332; x_wconf 82' lang='lat' dir='ltr'><strong>tionem</strong></span> <span class='ocrx_word' id='word_1_319' title='bbox 562 4281 630 4334; x_wconf 89' lang='lat' dir='ltr'><strong>de</strong></span> <span class='ocrx_word' id='word_1_320' title='bbox 681 4295 832 4336; x_wconf 90' lang='lat' dir='ltr'><strong>more</strong></span> <span class='ocrx_word' id='word_1_321' title='bbox 879 4297 1004 4337; x_wconf 90' lang='lat' dir='ltr'><strong>cum</strong></span> <span class='ocrx_word' id='word_1_322' title='bbox 1066 4281 1291 4352; x_wconf 87' lang='lat' dir='ltr'><strong>psalmis</strong></span> <span class='ocrx_word' id='word_1_323' title='bbox 1337 4298 1622 4355; x_wconf 74' lang='lat' dir='ltr'><strong>peragere.</strong></span> <span class='ocrx_word' id='word_1_324' title='bbox 1679 4285 1887 4340; x_wconf 88' lang='lat' dir='ltr'><strong>Deinde</strong></span> 
     </span>
    </p>
   </div>
   <div class='ocr_carea' id='block_1_47' title="bbox 309 4369 1883 4442">
    <p class='ocr_par' dir='ltr' id='par_1_47' title="bbox 309 4369 1883 4442">
     <span class='ocr_line' id='line_1_47' title="bbox 309 4369 1883 4442; baseline 0.006 -19"><span class='ocrx_word' id='word_1_325' title='bbox 309 4369 500 4438; x_wconf 86' lang='lat' dir='ltr'><strong>paucis</strong></span> <span class='ocrx_word' id='word_1_326' title='bbox 517 4381 640 4442; x_wconf 87' lang='lat' dir='ltr'><strong>post</strong></span> <span class='ocrx_word' id='word_1_327' title='bbox 661 4374 819 4428; x_wconf 86' lang='lat' dir='ltr'><strong>annis</strong></span> <span class='ocrx_word' id='word_1_328' title='bbox 836 4375 1163 4432; x_wconf 86' lang='lat' dir='ltr'><strong>detondetur</strong></span> <span class='ocrx_word' id='word_1_329' title='bbox 1194 4375 1248 4430; x_wconf 91' lang='lat' dir='ltr'><strong>in</strong></span> <span class='ocrx_word' id='word_1_330' title='bbox 1276 4376 1606 4431; x_wconf 89' lang='lat' dir='ltr'><strong>monasterio</strong></span> <span class='ocrx_word' id='word_1_331' title='bbox 1635 4377 1883 4432; x_wconf 85' lang='lat' dir='ltr'><strong>monachi</strong></span> 
     </span>
    </p>
   </div>
   <div class='ocr_carea' id='block_1_48' title="bbox 1973 527 3552 606">
    <p class='ocr_par' dir='ltr' id='par_1_48' title="bbox 1973 527 3552 606">
     <span class='ocr_line' id='line_1_48' title="bbox 1973 527 3552 606; baseline -0.004 -21"><span class='ocrx_word' id='word_1_332' title='bbox 1973 551 2074 586; x_wconf 89' lang='grc' dir='ltr'><strong>σαν</strong></span> <span class='ocrx_word' id='word_1_333' title='bbox 2113 535 2200 588; x_wconf 76' lang='grc' dir='ltr'><strong>ἐπ’</strong></span> <span class='ocrx_word' id='word_1_334' title='bbox 2256 533 2407 605; x_wconf 88' lang='grc' dir='ltr'>αύτῷ</span> <span class='ocrx_word' id='word_1_335' title='bbox 2443 532 2641 606; x_wconf 77' lang='grc' dir='ltr'>μικροῦ</span> <span class='ocrx_word' id='word_1_336' title='bbox 2677 534 2829 587; x_wconf 80' lang='grc' dir='ltr'>πᾶσα</span> <span class='ocrx_word' id='word_1_337' title='bbox 2877 532 2912 602; x_wconf 83' lang='grc' dir='ltr'>ὴ</span> <span class='ocrx_word' id='word_1_338' title='bbox 2971 527 3376 598; x_wconf 80' lang='grc' dir='ltr'>’Δλεξάνδρεια,</span> <span class='ocrx_word' id='word_1_339' title='bbox 3405 528 3552 580; x_wconf 73' lang='grc' dir='ltr'>κατὰ</span> 
     </span>
    </p>
   </div>
   <div class='ocr_carea' id='block_1_49' title="bbox 1969 618 3553 697">
    <p class='ocr_par' dir='ltr' id='par_1_49' title="bbox 1969 618 3553 697">
     <span class='ocr_line' id='line_1_49' title="bbox 1969 618 3553 697; baseline -0.004 -22"><span class='ocrx_word' id='word_1_340' title='bbox 1969 622 2067 694; x_wconf 80' lang='grc' dir='ltr'><strong>τὴν</strong></span> <span class='ocrx_word' id='word_1_341' title='bbox 2099 623 2191 678; x_wconf 89' lang='grc' dir='ltr'><strong>τοῦ</strong></span> <span class='ocrx_word' id='word_1_342' title='bbox 2235 624 2446 678; x_wconf 75' lang='grc' dir='ltr'><strong>δικαίου</strong></span> <span class='ocrx_word' id='word_1_343' title='bbox 2497 625 2826 697; x_wconf 76' lang='grc' dir='ltr'>πρόρρησιν.</span> <span class='ocrx_word' id='word_1_344' title='bbox 2880 621 3048 683; x_wconf 87' lang='grc' dir='ltr'>Μόλις</span> <span class='ocrx_word' id='word_1_345' title='bbox 3079 619 3211 689; x_wconf 86' lang='grc' dir='ltr'>γοῦν</span> <span class='ocrx_word' id='word_1_346' title='bbox 3244 635 3374 671; x_wconf 84' lang='grc' dir='ltr'>ποτε</span> <span class='ocrx_word' id='word_1_347' title='bbox 3409 618 3553 688; x_wconf 75' lang='grc' dir='ltr'>μετᾶ</span> 
     </span>
    </p>
   </div>
   <div class='ocr_carea' id='block_1_50' title="bbox 1971 711 3552 789">
    <p class='ocr_par' dir='ltr' id='par_1_50' title="bbox 1971 711 3552 789">
     <span class='ocr_line' id='line_1_50' title="bbox 1971 711 3552 789; baseline -0.006 -19"><span class='ocrx_word' id='word_1_348' title='bbox 1971 717 2172 788; x_wconf 80' lang='grc' dir='ltr'>πολλὴν</span> <span class='ocrx_word' id='word_1_349' title='bbox 2202 716 2425 789; x_wconf 80' lang='grc' dir='ltr'>ὕστερον</span> <span class='ocrx_word' id='word_1_350' title='bbox 2454 717 2550 789; x_wconf 81' lang='grc' dir='ltr'>τὴν</span> <span class='ocrx_word' id='word_1_351' title='bbox 2583 716 2734 787; x_wconf 83' lang='grc' dir='ltr'>ὥραν</span> <span class='ocrx_word' id='word_1_352' title='bbox 2769 713 2961 769; x_wconf 73' lang='grc' dir='ltr'>ἑαυτοῦ</span> <span class='ocrx_word' id='word_1_353' title='bbox 2990 711 3284 781; x_wconf 84' lang='grc' dir='ltr'>γενόμενος</span> <span class='ocrx_word' id='word_1_354' title='bbox 3314 711 3552 782; x_wconf 78' lang='grc' dir='ltr'>ῥήγνυσι</span> 
     </span>
    </p>
   </div>
   <div class='ocr_carea' id='block_1_51' title="bbox 1969 797 3556 878">
    <p class='ocr_par' dir='ltr' id='par_1_51' title="bbox 1969 797 3556 878">
     <span class='ocr_line' id='line_1_51' title="bbox 1969 797 3556 878; baseline -0.007 -16"><span class='ocrx_word' id='word_1_355' title='bbox 1969 807 2038 862; x_wconf 85' lang='grc' dir='ltr'>τὰ</span> <span class='ocrx_word' id='word_1_356' title='bbox 2071 808 2279 878; x_wconf 80' lang='grc' dir='ltr'>ἱμάτια,</span> <span class='ocrx_word' id='word_1_357' title='bbox 2311 809 2407 861; x_wconf 87' lang='grc' dir='ltr'><strong>καὶ</strong></span> <span class='ocrx_word' id='word_1_358' title='bbox 2427 807 2719 870; x_wconf 87' lang='grc' dir='ltr'>διαναστὰς</span> <span class='ocrx_word' id='word_1_359' title='bbox 2764 805 2952 876; x_wconf 82' lang='grc' dir='ltr'><strong>δρόμῳ</strong></span> <span class='ocrx_word' id='word_1_360' title='bbox 3000 803 3138 872; x_wconf 65' lang='grc' dir='ltr'>πρὸς</span> <span class='ocrx_word' id='word_1_361' title='bbox 3165 801 3257 854; x_wconf 81' lang='grc' dir='ltr'>τὸν</span> <span class='ocrx_word' id='word_1_362' title='bbox 3282 797 3378 853; x_wconf 83' lang='grc' dir='ltr'><strong>τοῦ</strong></span> <span class='ocrx_word' id='word_1_363' title='bbox 3399 797 3556 853; x_wconf 82' lang='grc' dir='ltr'>ὁσίου</span> 
     </span>
    </p>
   </div>
   <div class='ocr_carea' id='block_1_52' title="bbox 1970 885 3558 968">
    <p class='ocr_par' dir='ltr' id='par_1_52' title="bbox 1970 885 3558 968">
     <span class='ocr_line' id='line_1_52' title="bbox 1970 885 3558 968; baseline -0.008 -18"><span class='ocrx_word' id='word_1_364' title='bbox 1970 898 2212 951; x_wconf 81' lang='grc' dir='ltr'><strong>οἰκίσκον</strong></span> <span class='ocrx_word' id='word_1_365' title='bbox 2245 896 2463 968; x_wconf 73' lang='grc' dir='ltr'>ἐχώρει,</span> <span class='ocrx_word' id='word_1_366' title='bbox 2525 893 2779 964; x_wconf 80' lang='grc' dir='ltr'>Ἐλέησόν</span> <span class='ocrx_word' id='word_1_367' title='bbox 2825 909 2914 962; x_wconf 86' lang='grc' dir='ltr'><strong>με,</strong></span> <span class='ocrx_word' id='word_1_368' title='bbox 2971 890 3213 961; x_wconf 71' lang='grc' dir='ltr'>κράζων,</span> <span class='ocrx_word' id='word_1_369' title='bbox 3259 887 3356 941; x_wconf 85' lang='grc' dir='ltr'><strong>τοῦ</strong></span> <span class='ocrx_word' id='word_1_370' title='bbox 3410 885 3558 939; x_wconf 84' lang='grc' dir='ltr'>Θεοῦ</span> 
     </span>
    </p>
   </div>
   <div class='ocr_carea' id='block_1_53' title="bbox 1971 979 3559 1058">
    <p class='ocr_par' dir='ltr' id='par_1_53' title="bbox 1971 979 3559 1058">
     <span class='ocr_line' id='line_1_53' title="bbox 1971 979 3559 1058; baseline -0.007 -17"><span class='ocrx_word' id='word_1_371' title='bbox 1971 987 2123 1041; x_wconf 81' lang='grc' dir='ltr'>δοῦλε</span> <span class='ocrx_word' id='word_1_372' title='bbox 2152 987 2388 1054; x_wconf 82' lang='grc' dir='ltr'>Βιτάλιε,</span> <span class='ocrx_word' id='word_1_373' title='bbox 2422 987 2634 1058; x_wconf 85' lang='grc' dir='ltr'>μεγάλα</span> <span class='ocrx_word' id='word_1_374' title='bbox 2654 987 2734 1049; x_wconf 83' lang='grc' dir='ltr'><strong>είς</strong></span> <span class='ocrx_word' id='word_1_375' title='bbox 2761 983 2894 1037; x_wconf 79' lang='grc' dir='ltr'>Θεὸν</span> <span class='ocrx_word' id='word_1_376' title='bbox 2921 982 3015 1035; x_wconf 80' lang='grc' dir='ltr'>καὶ</span> <span class='ocrx_word' id='word_1_377' title='bbox 3041 981 3100 1034; x_wconf 79' lang='grc' dir='ltr'>σὲ</span> <span class='ocrx_word' id='word_1_378' title='bbox 3130 979 3559 1051; x_wconf 83' lang='grc' dir='ltr'>άμαρτήσαντα.</span> 
     </span>
    </p>
   </div>
   <div class='ocr_carea' id='block_1_54' title="bbox 1971 1066 3565 1150">
    <p class='ocr_par' dir='ltr' id='par_1_54' title="bbox 1971 1066 3565 1150">
     <span class='ocr_line' id='line_1_54' title="bbox 1971 1066 3565 1150; baseline -0.009 -16"><span class='ocrx_word' id='word_1_379' title='bbox 1971 1079 2200 1134; x_wconf 79' lang='grc' dir='ltr'><strong>Πάντων</strong></span> <span class='ocrx_word' id='word_1_380' title='bbox 2238 1075 2334 1134; x_wconf 84' lang='grc' dir='ltr'><strong>οῦν</strong></span> <span class='ocrx_word' id='word_1_381' title='bbox 2358 1077 2608 1150; x_wconf 82' lang='grc' dir='ltr'>ὁρώντων</span> <span class='ocrx_word' id='word_1_382' title='bbox 2654 1079 2768 1131; x_wconf 84' lang='grc' dir='ltr'><strong>ὅσοι</strong></span> <span class='ocrx_word' id='word_1_383' title='bbox 2800 1074 3069 1145; x_wconf 78' lang='grc' dir='ltr'><strong>παρόντες</strong></span> <span class='ocrx_word' id='word_1_384' title='bbox 3101 1070 3294 1141; x_wconf 76' lang='grc' dir='ltr'>ἔτυχον</span> <span class='ocrx_word' id='word_1_385' title='bbox 3315 1109 3331 1133; x_wconf 92' lang='grc'><strong>,</strong></span> <span class='ocrx_word' id='word_1_386' title='bbox 3367 1068 3447 1132; x_wconf 84' lang='grc' dir='ltr'>ὡς</span> <span class='ocrx_word' id='word_1_387' title='bbox 3478 1066 3565 1137; x_wconf 83' lang='grc' dir='ltr'>τῷ</span> 
     </span>
    </p>
   </div>
   <div class='ocr_carea' id='block_1_55' title="bbox 1973 1159 3564 1240">
    <p class='ocr_par' dir='ltr' id='par_1_55' title="bbox 1973 1159 3564 1240">
     <span class='ocr_line' id='line_1_55' title="bbox 1973 1159 3564 1240; baseline -0.008 -17"><span class='ocrx_word' id='word_1_388' title='bbox 1973 1169 2201 1240; x_wconf 73' lang='grc' dir='ltr'>οἰκίσκῳ</span> <span class='ocrx_word' id='word_1_389' title='bbox 2227 1169 2318 1224; x_wconf 86' lang='grc' dir='ltr'><strong>τοῦ</strong></span> <span class='ocrx_word' id='word_1_390' title='bbox 2368 1169 2624 1240; x_wconf 82' lang='grc' dir='ltr'>γέροντος</span> <span class='ocrx_word' id='word_1_391' title='bbox 2660 1169 2880 1238; x_wconf 74' lang='grc' dir='ltr'>ἧγγισε,</span> <span class='ocrx_word' id='word_1_392' title='bbox 2924 1164 3085 1236; x_wconf 73' lang='grc' dir='ltr'>ῥίψαν</span> <span class='ocrx_word' id='word_1_393' title='bbox 3117 1161 3282 1217; x_wconf 79' lang='grc' dir='ltr'>αὐτὸν</span> <span class='ocrx_word' id='word_1_394' title='bbox 3331 1160 3396 1213; x_wconf 81' lang='grc' dir='ltr'>τὸ</span> <span class='ocrx_word' id='word_1_395' title='bbox 3434 1159 3564 1212; x_wconf 83' lang='grc' dir='ltr'>δαι-</span> 
     </span>
    </p>
   </div>
   <div class='ocr_carea' id='block_1_56' title="bbox 1979 1254 2849 1332">
    <p class='ocr_par' dir='ltr' id='par_1_56' title="bbox 1979 1254 2849 1332">
     <span class='ocr_line' id='line_1_56' title="bbox 1979 1254 2849 1332; baseline -0.005 -17"><span class='ocrx_word' id='word_1_396' title='bbox 1979 1263 2161 1332; x_wconf 84' lang='grc' dir='ltr'>μόνιον</span> <span class='ocrx_word' id='word_1_397' title='bbox 2182 1263 2276 1316; x_wconf 75' lang='grc' dir='ltr'>καὶ</span> <span class='ocrx_word' id='word_1_398' title='bbox 2308 1261 2591 1332; x_wconf 79' lang='grc' dir='ltr'><strong>σπαράξαν</strong></span> <span class='ocrx_word' id='word_1_399' title='bbox 2617 1254 2849 1330; x_wconf 70' lang='grc' dir='ltr'><strong>ἀφῆκεν.</strong></span> 
     </span>
    </p>
   </div>
   <div class='ocr_carea' id='block_1_57' title="bbox 2044 1341 3559 1412">
    <p class='ocr_par' dir='ltr' id='par_1_57' title="bbox 2044 1341 3559 1412">
     <span class='ocr_line' id='line_1_57' title="bbox 2044 1341 3559 1412; baseline -0.009 -5"><span class='ocrx_word' id='word_1_400' title='bbox 2044 1354 2161 1407; x_wconf 77' lang='lat' dir='ltr'><strong>EE’.</strong></span> <span class='ocrx_word' id='word_1_401' title='bbox 2200 1353 2354 1409; x_wconf 70' lang='grc' dir='ltr'>Ἐπεὶ</span> <span class='ocrx_word' id='word_1_402' title='bbox 2386 1348 2479 1406; x_wconf 79' lang='grc' dir='ltr'><strong>οὖν</strong></span> <span class='ocrx_word' id='word_1_403' title='bbox 2535 1353 2707 1405; x_wconf 87' lang='grc' dir='ltr'>ταῦτα</span> <span class='ocrx_word' id='word_1_404' title='bbox 2737 1348 2913 1412; x_wconf 77' lang='grc' dir='ltr'>εἶδον,</span> <span class='ocrx_word' id='word_1_405' title='bbox 2970 1348 3102 1401; x_wconf 79' lang='grc' dir='ltr'>εἴσω</span> <span class='ocrx_word' id='word_1_406' title='bbox 3149 1343 3242 1398; x_wconf 86' lang='grc' dir='ltr'><strong>τοῦ</strong></span> <span class='ocrx_word' id='word_1_407' title='bbox 3301 1341 3559 1397; x_wconf 78' lang='grc' dir='ltr'>οἰκίσκου</span> 
     </span>
    </p>
   </div>
   <div class='ocr_carea' id='block_1_58' title="bbox 1976 1435 3567 1516">
    <p class='ocr_par' dir='ltr' id='par_1_58' title="bbox 1976 1435 3567 1516">
     <span class='ocr_line' id='line_1_58' title="bbox 1976 1435 3567 1516; baseline -0.007 -18"><span class='ocrx_word' id='word_1_408' title='bbox 1976 1446 2279 1514; x_wconf 87' lang='grc' dir='ltr'>γενόμενοι,</span> <span class='ocrx_word' id='word_1_409' title='bbox 2313 1437 2472 1516; x_wconf 73' lang='grc' dir='ltr'>εὗρον</span> <span class='ocrx_word' id='word_1_410' title='bbox 2521 1443 2613 1497; x_wconf 81' lang='grc' dir='ltr'>τὸν</span> <span class='ocrx_word' id='word_1_411' title='bbox 2650 1444 2796 1497; x_wconf 79' lang='grc' dir='ltr'>ὅσιον</span> <span class='ocrx_word' id='word_1_412' title='bbox 2841 1441 2934 1494; x_wconf 73' lang='grc' dir='ltr'><strong>ἐπὶ</strong></span> <span class='ocrx_word' id='word_1_413' title='bbox 2983 1439 3113 1508; x_wconf 83' lang='grc' dir='ltr'><strong>γόνυ</strong></span> <span class='ocrx_word' id='word_1_414' title='bbox 3147 1436 3425 1500; x_wconf 71' lang='grc' dir='ltr'>κλιθέντα,</span> <span class='ocrx_word' id='word_1_415' title='bbox 3460 1435 3567 1488; x_wconf 74' lang='grc' dir='ltr'>καὶ</span> 
     </span>
    </p>
   </div>
   <div class='ocr_carea' id='block_1_59' title="bbox 1976 1521 3568 1610">
    <p class='ocr_par' dir='ltr' id='par_1_59' title="bbox 1976 1521 3568 1610">
     <span class='ocr_line' id='line_1_59' title="bbox 1976 1521 3568 1610; baseline -0.007 -20"><span class='ocrx_word' id='word_1_416' title='bbox 1976 1537 2096 1610; x_wconf 84' lang='grc' dir='ltr'><strong>Θεῷ</strong></span> <span class='ocrx_word' id='word_1_417' title='bbox 2125 1539 2215 1592; x_wconf 81' lang='grc' dir='ltr'>διὰ</span> <span class='ocrx_word' id='word_1_418' title='bbox 2262 1537 2569 1610; x_wconf 82' lang='grc' dir='ltr'>προσευχῆς</span> <span class='ocrx_word' id='word_1_419' title='bbox 2597 1536 2696 1610; x_wconf 78' lang='grc' dir='ltr'><strong>τὴν</strong></span> <span class='ocrx_word' id='word_1_420' title='bbox 2745 1534 2926 1606; x_wconf 79' lang='grc' dir='ltr'>ψυχὴν</span> <span class='ocrx_word' id='word_1_421' title='bbox 2975 1530 3382 1600; x_wconf 82' lang='grc' dir='ltr'>παραθέμενον.</span> <span class='ocrx_word' id='word_1_422' title='bbox 3422 1521 3568 1580; x_wconf 73' lang='grc' dir='ltr'>Εἶτα</span> 
     </span>
    </p>
   </div>
   <div class='ocr_carea' id='block_1_60' title="bbox 1975 1619 3566 1702">
    <p class='ocr_par' dir='ltr' id='par_1_60' title="bbox 1975 1619 3566 1702">
     <span class='ocr_line' id='line_1_60' title="bbox 1975 1619 3566 1702; baseline -0.01 -17"><span class='ocrx_word' id='word_1_423' title='bbox 1975 1632 2055 1702; x_wconf 83' lang='grc' dir='ltr'>τῷ</span> <span class='ocrx_word' id='word_1_424' title='bbox 2089 1631 2275 1699; x_wconf 77' lang='grc' dir='ltr'>ἐδάφει</span> <span class='ocrx_word' id='word_1_425' title='bbox 2317 1630 2756 1701; x_wconf 77' lang='grc' dir='ltr'><strong>προσκύψαντες,</strong></span> <span class='ocrx_word' id='word_1_426' title='bbox 2799 1627 3020 1696; x_wconf 79' lang='grc' dir='ltr'>γραφὴν</span> <span class='ocrx_word' id='word_1_427' title='bbox 3068 1623 3264 1694; x_wconf 82' lang='grc' dir='ltr'>ὁρῶσιν</span> <span class='ocrx_word' id='word_1_428' title='bbox 3321 1619 3566 1688; x_wconf 77' lang='grc' dir='ltr'>ἔχουσαν</span> 
     </span>
    </p>
   </div>
   <div class='ocr_carea' id='block_1_61' title="bbox 1977 1711 3571 1791">
    <p class='ocr_par' dir='ltr' id='par_1_61' title="bbox 1977 1711 3571 1791">
     <span class='ocr_line' id='line_1_61' title="bbox 1977 1711 3571 1791; baseline -0.008 -15"><span class='ocrx_word' id='word_1_429' title='bbox 1977 1723 2182 1786; x_wconf 76' lang='grc' dir='ltr'>οὕτως’</span> <span class='ocrx_word' id='word_1_430' title='bbox 2223 1721 2475 1791; x_wconf 77' lang='grc' dir='ltr'>Ἄνδρες</span> <span class='ocrx_word' id='word_1_431' title='bbox 2521 1717 2961 1788; x_wconf 66' lang='grc' dir='ltr'><strong>Ἀλεξανδρεῖς,</strong></span> <span class='ocrx_word' id='word_1_432' title='bbox 2987 1716 3074 1786; x_wconf 80' lang='grc' dir='ltr'>μὴ</span> <span class='ocrx_word' id='word_1_433' title='bbox 3104 1713 3218 1783; x_wconf 82' lang='grc' dir='ltr'>πρὸ</span> <span class='ocrx_word' id='word_1_434' title='bbox 3262 1711 3474 1781; x_wconf 79' lang='grc' dir='ltr'>καιροῦ</span> <span class='ocrx_word' id='word_1_435' title='bbox 3504 1727 3571 1764; x_wconf 77' lang='grc' dir='ltr'><strong>τι</strong></span> 
     </span>
    </p>
   </div>
   <div class='ocr_carea' id='block_1_62' title="bbox 1979 1803 3571 1884">
    <p class='ocr_par' dir='ltr' id='par_1_62' title="bbox 1979 1803 3571 1884">
     <span class='ocr_line' id='line_1_62' title="bbox 1979 1803 3571 1884; baseline -0.009 -15"><span class='ocrx_word' id='word_1_436' title='bbox 1979 1816 2232 1884; x_wconf 76' lang='grc' dir='ltr'>κρίνετε,</span> <span class='ocrx_word' id='word_1_437' title='bbox 2283 1815 2398 1880; x_wconf 81' lang='grc' dir='ltr'>ἕως</span> <span class='ocrx_word' id='word_1_438' title='bbox 2447 1815 2524 1868; x_wconf 81' lang='grc' dir='ltr'><strong>ἂν</strong></span> <span class='ocrx_word' id='word_1_439' title='bbox 2579 1812 2726 1880; x_wconf 78' lang='grc' dir='ltr'>ἔλθῃ</span> <span class='ocrx_word' id='word_1_440' title='bbox 2763 1813 2796 1866; x_wconf 85' lang='grc' dir='ltr'><strong>ό</strong></span> <span class='ocrx_word' id='word_1_441' title='bbox 2852 1811 3088 1876; x_wconf 80' lang='grc' dir='ltr'><strong>Κύριος.</strong></span> <span class='ocrx_word' id='word_1_442' title='bbox 3137 1803 3571 1872; x_wconf 81' lang='grc' dir='ltr'>Ἐξωμολογεῖτο</span> 
     </span>
    </p>
   </div>
   <div class='ocr_carea' id='block_1_63' title="bbox 1977 1893 3570 1978">
    <p class='ocr_par' dir='ltr' id='par_1_63' title="bbox 1977 1893 3570 1978">
     <span class='ocr_line' id='line_1_63' title="bbox 1977 1893 3570 1978; baseline -0.009 -17"><span class='ocrx_word' id='word_1_443' title='bbox 1977 1906 2268 1978; x_wconf 80' lang='grc' dir='ltr'>τοιγαροῦν</span> <span class='ocrx_word' id='word_1_444' title='bbox 2295 1907 2386 1959; x_wconf 71' lang='grc' dir='ltr'><strong>ἐπὶ</strong></span> <span class='ocrx_word' id='word_1_445' title='bbox 2426 1905 2642 1959; x_wconf 83' lang='grc' dir='ltr'>πάντων</span> <span class='ocrx_word' id='word_1_446' title='bbox 2686 1906 2713 1956; x_wconf 85' lang='grc' dir='ltr'><strong>ό</strong></span> <span class='ocrx_word' id='word_1_447' title='bbox 2753 1901 2846 1955; x_wconf 90' lang='grc' dir='ltr'><strong>τοῦ</strong></span> <span class='ocrx_word' id='word_1_448' title='bbox 2895 1901 3149 1970; x_wconf 83' lang='grc' dir='ltr'>δαίμονος</span> <span class='ocrx_word' id='word_1_449' title='bbox 3184 1895 3398 1959; x_wconf 80' lang='grc' dir='ltr'>ἀνεθεὶς</span> <span class='ocrx_word' id='word_1_450' title='bbox 3432 1893 3472 1947; x_wconf 74' lang='grc' dir='ltr'>ὅ,</span> <span class='ocrx_word' id='word_1_451' title='bbox 3503 1909 3570 1946; x_wconf 77' lang='grc' dir='ltr'><strong>τε</strong></span> 
     </span>
    </p>
   </div>
   <div class='ocr_carea' id='block_1_64' title="bbox 1981 1987 3571 2071">
    <p class='ocr_par' dir='ltr' id='par_1_64' title="bbox 1981 1987 3571 2071">
     <span class='ocr_line' id='line_1_64' title="bbox 1981 1987 3571 2071; baseline -0.01 -19"><span class='ocrx_word' id='word_1_452' title='bbox 1981 2001 2267 2071; x_wconf 79' lang='grc' dir='ltr'>εἴργασται</span> <span class='ocrx_word' id='word_1_453' title='bbox 2293 1997 2505 2067; x_wconf 73' lang='grc' dir='ltr'>πονηρὰ</span> <span class='ocrx_word' id='word_1_454' title='bbox 2531 1995 2671 2049; x_wconf 81' lang='grc' dir='ltr'>κατὰ</span> <span class='ocrx_word' id='word_1_455' title='bbox 2695 1993 2789 2047; x_wconf 88' lang='grc' dir='ltr'><strong>τοῦ</strong></span> <span class='ocrx_word' id='word_1_456' title='bbox 2817 1993 3050 2056; x_wconf 82' lang='grc' dir='ltr'>δικαίου,</span> <span class='ocrx_word' id='word_1_457' title='bbox 3077 1991 3174 2043; x_wconf 73' lang='grc' dir='ltr'>καὶ</span> <span class='ocrx_word' id='word_1_458' title='bbox 3195 1988 3341 2057; x_wconf 75' lang='grc' dir='ltr'>ἅπερ</span> <span class='ocrx_word' id='word_1_459' title='bbox 3357 1987 3571 2057; x_wconf 65' lang='grc' dir='ltr'>ἤκουσε</span> 
     </span>
    </p>
   </div>
   <div class='ocr_carea' id='block_1_65' title="bbox 1980 2079 3574 2161">
    <p class='ocr_par' dir='ltr' id='par_1_65' title="bbox 1980 2079 3574 2161">
     <span class='ocr_line' id='line_1_65' title="bbox 1980 2079 3574 2161; baseline -0.012 -14"><span class='ocrx_word' id='word_1_460' title='bbox 1980 2089 2334 2161; x_wconf 75' lang='grc' dir='ltr'>προφητικῶς</span> <span class='ocrx_word' id='word_1_461' title='bbox 2361 2089 2496 2160; x_wconf 87' lang='grc' dir='ltr'>παρ’</span> <span class='ocrx_word' id='word_1_462' title='bbox 2535 2085 2701 2142; x_wconf 80' lang='grc' dir='ltr'>αὐτοῦ</span> <span class='ocrx_word' id='word_1_463' title='bbox 2741 2085 2995 2158; x_wconf 80' lang='grc' dir='ltr'>ρηθέντα,</span> <span class='ocrx_word' id='word_1_464' title='bbox 3029 2081 3066 2136; x_wconf 73' lang='grc' dir='ltr'>ἃ</span> <span class='ocrx_word' id='word_1_465' title='bbox 3092 2083 3157 2154; x_wconf 77' lang='grc' dir='ltr'>δὴ</span> <span class='ocrx_word' id='word_1_466' title='bbox 3211 2081 3308 2134; x_wconf 67' lang='grc' dir='ltr'><strong>καλ⁵</strong></span> <span class='ocrx_word' id='word_1_467' title='bbox 3359 2079 3574 2132; x_wconf 84' lang='grc' dir='ltr'>πέπον-</span> 
     </span>
    </p>
   </div>
   <div class='ocr_carea' id='block_1_66' title="bbox 1981 2171 3564 2252">
    <p class='ocr_par' dir='ltr' id='par_1_66' title="bbox 1981 2171 3564 2252">
     <span class='ocr_line' id='line_1_66' title="bbox 1981 2171 3564 2252; baseline -0.005 -18"><span class='ocrx_word' id='word_1_468' title='bbox 1981 2181 2092 2236; x_wconf 88' lang='grc' dir='ltr'>θεν.</span> <span class='ocrx_word' id='word_1_469' title='bbox 2138 2181 2440 2252; x_wconf 79' lang='grc' dir='ltr'>Ἀνηγγὲλη</span> <span class='ocrx_word' id='word_1_470' title='bbox 2472 2180 2564 2234; x_wconf 80' lang='grc' dir='ltr'>οὖν</span> <span class='ocrx_word' id='word_1_471' title='bbox 2597 2179 2770 2234; x_wconf 86' lang='grc' dir='ltr'>ταῦτα</span> <span class='ocrx_word' id='word_1_472' title='bbox 2803 2177 3147 2248; x_wconf 79' lang='grc' dir='ltr'>παραχρῆμα</span> <span class='ocrx_word' id='word_1_473' title='bbox 3168 2173 3247 2244; x_wconf 85' lang='grc' dir='ltr'>τῷ</span> <span class='ocrx_word' id='word_1_474' title='bbox 3281 2171 3564 2240; x_wconf 81' lang='grc' dir='ltr'>πατριάρ-</span> 
     </span>
    </p>
   </div>
   <div class='ocr_carea' id='block_1_67' title="bbox 1981 2261 3568 2342">
    <p class='ocr_par' dir='ltr' id='par_1_67' title="bbox 1981 2261 3568 2342">
     <span class='ocr_line' id='line_1_67' title="bbox 1981 2261 3568 2342; baseline -0.011 -15"><span class='ocrx_word' id='word_1_475' title='bbox 1981 2287 2073 2342; x_wconf 83' lang='grc' dir='ltr'>χῃ,</span> <span class='ocrx_word' id='word_1_476' title='bbox 2107 2272 2203 2325; x_wconf 61' lang='grc' dir='ltr'><strong>καλ⁸</strong></span> <span class='ocrx_word' id='word_1_477' title='bbox 2233 2271 2396 2333; x_wconf 72' lang='grc' dir='ltr'>αὐτὸς</span> <span class='ocrx_word' id='word_1_478' title='bbox 2427 2269 2543 2342; x_wconf 73' lang='grc' dir='ltr'><strong>ἅμα</strong></span> <span class='ocrx_word' id='word_1_479' title='bbox 2571 2269 2737 2323; x_wconf 73' lang='grc' dir='ltr'>παντὶ</span> <span class='ocrx_word' id='word_1_480' title='bbox 2757 2267 2836 2339; x_wconf 82' lang='grc' dir='ltr'>τῷ</span> <span class='ocrx_word' id='word_1_481' title='bbox 2868 2266 3058 2336; x_wconf 83' lang='grc' dir='ltr'>κλήρῳ</span> <span class='ocrx_word' id='word_1_482' title='bbox 3083 2261 3568 2335; x_wconf 83' lang='grc' dir='ltr'>παραγενόμενος,</span> 
     </span>
    </p>
   </div>
   <div class='ocr_carea' id='block_1_68' title="bbox 1979 2351 3571 2431">
    <p class='ocr_par' dir='ltr' id='par_1_68' title="bbox 1979 2351 3571 2431">
     <span class='ocr_line' id='line_1_68' title="bbox 1979 2351 3571 2431; baseline -0.01 -12"><span class='ocrx_word' id='word_1_483' title='bbox 1979 2365 2054 2425; x_wconf 82' lang='grc' dir='ltr'>ὡς</span> <span class='ocrx_word' id='word_1_484' title='bbox 2073 2363 2286 2430; x_wconf 79' lang='grc' dir='ltr'><strong>ἀνέγνω</strong></span> <span class='ocrx_word' id='word_1_485' title='bbox 2309 2361 2409 2431; x_wconf 83' lang='grc' dir='ltr'><strong>τὴν</strong></span> <span class='ocrx_word' id='word_1_486' title='bbox 2434 2361 2528 2414; x_wconf 71' lang='grc' dir='ltr'><strong>ἐπὶ</strong></span> <span class='ocrx_word' id='word_1_487' title='bbox 2546 2359 2640 2413; x_wconf 90' lang='grc' dir='ltr'><strong>τοῦ</strong></span> <span class='ocrx_word' id='word_1_488' title='bbox 2672 2359 2902 2428; x_wconf 78' lang='grc' dir='ltr'><strong>ἐδάφους</strong></span> <span class='ocrx_word' id='word_1_489' title='bbox 2931 2357 3175 2427; x_wconf 74' lang='grc' dir='ltr'>γραφὴν,</span> <span class='ocrx_word' id='word_1_490' title='bbox 3217 2352 3347 2424; x_wconf 88' lang='grc' dir='ltr'>παρ’</span> <span class='ocrx_word' id='word_1_491' title='bbox 3379 2351 3571 2418; x_wconf 78' lang='grc' dir='ltr'><strong>ὀλίγον</strong></span> 
     </span>
    </p>
   </div>
   <div class='ocr_carea' id='block_1_69' title="bbox 1979 2437 3569 2522">
    <p class='ocr_par' dir='ltr' id='par_1_69' title="bbox 1979 2437 3569 2522">
     <span class='ocr_line' id='line_1_69' title="bbox 1979 2437 3569 2522; baseline -0.011 -12"><span class='ocrx_word' id='word_1_492' title='bbox 1979 2455 2156 2513; x_wconf 73' lang='grc' dir='ltr'>εἶπεν·</span> <span class='ocrx_word' id='word_1_493' title='bbox 2184 2454 2366 2518; x_wconf 79' lang='grc' dir='ltr'>Είτοῖς</span> <span class='ocrx_word' id='word_1_494' title='bbox 2387 2453 2563 2522; x_wconf 88' lang='grc' dir='ltr'>λόγοις</span> <span class='ocrx_word' id='word_1_495' title='bbox 2580 2451 2686 2506; x_wconf 80' lang='grc' dir='ltr'>τῶν</span> <span class='ocrx_word' id='word_1_496' title='bbox 2706 2447 3165 2504; x_wconf 76' lang='grc' dir='ltr'>ὲνδιαϐαλλόντων</span> <span class='ocrx_word' id='word_1_497' title='bbox 3179 2442 3448 2515; x_wconf 64' lang='grc' dir='ltr'>ὑπαχθελς</span> <span class='ocrx_word' id='word_1_498' title='bbox 3473 2437 3569 2513; x_wconf 78' lang='grc' dir='ltr'>ἦν,</span> 
     </span>
    </p>
   </div>
   <div class='ocr_carea' id='block_1_70' title="bbox 1983 2540 3163 2621">
    <p class='ocr_par' dir='ltr' id='par_1_70' title="bbox 1983 2540 3163 2621">
     <span class='ocr_line' id='line_1_70' title="bbox 1983 2540 3163 2621; baseline -0.01 -18"><span class='ocrx_word' id='word_1_499' title='bbox 1983 2549 2108 2621; x_wconf 70' lang='grc' dir='ltr'>ἐμοὶ</span> <span class='ocrx_word' id='word_1_500' title='bbox 2139 2548 2206 2602; x_wconf 81' lang='grc' dir='ltr'><strong>ἂν</strong></span> <span class='ocrx_word' id='word_1_501' title='bbox 2227 2548 2401 2601; x_wconf 77' lang='grc' dir='ltr'>ἐκεῖνο</span> <span class='ocrx_word' id='word_1_502' title='bbox 2435 2543 2780 2615; x_wconf 79' lang='grc' dir='ltr'>ὲπεκροτήθη</span> <span class='ocrx_word' id='word_1_503' title='bbox 2805 2543 2865 2596; x_wconf 86' lang='grc' dir='ltr'>τὺ</span> <span class='ocrx_word' id='word_1_504' title='bbox 2891 2540 3163 2613; x_wconf 79' lang='grc' dir='ltr'>ῥάπισμα.</span> 
     </span>
    </p>
   </div>
   <div class='ocr_carea' id='block_1_71' title="bbox 2058 2623 3575 2707">
    <p class='ocr_par' dir='ltr' id='par_1_71' title="bbox 2058 2623 3575 2707">
     <span class='ocr_line' id='line_1_71' title="bbox 2058 2623 3575 2707; baseline -0.008 -15"><span class='ocrx_word' id='word_1_505' title='bbox 2058 2636 2197 2706; x_wconf 64' lang='lat' dir='ltr'><strong>EG’.</strong></span> <span class='ocrx_word' id='word_1_506' title='bbox 2234 2638 2369 2692; x_wconf 83' lang='grc' dir='ltr'>Τότε</span> <span class='ocrx_word' id='word_1_507' title='bbox 2411 2635 2477 2707; x_wconf 75' lang='grc' dir='ltr'>δὴ</span> <span class='ocrx_word' id='word_1_508' title='bbox 2508 2632 2952 2704; x_wconf 76' lang='grc' dir='ltr'>συναθροίζονται</span> <span class='ocrx_word' id='word_1_509' title='bbox 2994 2627 3173 2684; x_wconf 75' lang='grc' dir='ltr'>καὶτὸ</span> <span class='ocrx_word' id='word_1_510' title='bbox 3204 2626 3315 2682; x_wconf 85' lang='grc' dir='ltr'>τῶν</span> <span class='ocrx_word' id='word_1_511' title='bbox 3352 2623 3575 2696; x_wconf 80' lang='grc' dir='ltr'>πορνῶν</span> 
     </span>
    </p>
   </div>
   <div class='ocr_carea' id='block_1_72' title="bbox 1983 2715 3568 2800">
    <p class='ocr_par' dir='ltr' id='par_1_72' title="bbox 1983 2715 3568 2800">
     <span class='ocr_line' id='line_1_72' title="bbox 1983 2715 3568 2800; baseline -0.013 -13"><span class='ocrx_word' id='word_1_512' title='bbox 1983 2733 2132 2787; x_wconf 69' lang='grc' dir='ltr'>ἅπαν</span> <span class='ocrx_word' id='word_1_513' title='bbox 2159 2729 2364 2800; x_wconf 83' lang='grc' dir='ltr'>σμῆνος</span> <span class='ocrx_word' id='word_1_514' title='bbox 2390 2726 2528 2800; x_wconf 80' lang='grc' dir='ltr'>πρὸς</span> <span class='ocrx_word' id='word_1_515' title='bbox 2553 2725 2652 2798; x_wconf 81' lang='grc' dir='ltr'><strong>τὴν</strong></span> <span class='ocrx_word' id='word_1_516' title='bbox 2703 2723 2798 2778; x_wconf 84' lang='grc' dir='ltr'><strong>τοῦ</strong></span> <span class='ocrx_word' id='word_1_517' title='bbox 2824 2721 3008 2793; x_wconf 78' lang='grc' dir='ltr'>τιμίου</span> <span class='ocrx_word' id='word_1_518' title='bbox 3035 2720 3287 2790; x_wconf 86' lang='grc' dir='ltr'>σώματος</span> <span class='ocrx_word' id='word_1_519' title='bbox 3311 2715 3568 2785; x_wconf 78' lang='grc' dir='ltr'>κηδείαν·</span> 
     </span>
    </p>
   </div>
   <div class='ocr_carea' id='block_1_73' title="bbox 1984 2805 3575 2893">
    <p class='ocr_par' dir='ltr' id='par_1_73' title="bbox 1984 2805 3575 2893">
     <span class='ocr_line' id='line_1_73' title="bbox 1984 2805 3575 2893; baseline -0.011 -18"><span class='ocrx_word' id='word_1_520' title='bbox 1984 2819 2412 2893; x_wconf 75' lang='grc' dir='ltr'>προεκομίζοντό</span> <span class='ocrx_word' id='word_1_521' title='bbox 2455 2834 2515 2870; x_wconf 86' lang='grc' dir='ltr'><strong>τε</strong></span> <span class='ocrx_word' id='word_1_522' title='bbox 2547 2815 2677 2870; x_wconf 83' lang='grc' dir='ltr'>αύτδ</span> <span class='ocrx_word' id='word_1_523' title='bbox 2700 2814 2959 2886; x_wconf 85' lang='grc' dir='ltr'>άρώμασι</span> <span class='ocrx_word' id='word_1_524' title='bbox 3013 2809 3108 2864; x_wconf 79' lang='grc' dir='ltr'>καὶ</span> <span class='ocrx_word' id='word_1_525' title='bbox 3141 2807 3417 2879; x_wconf 81' lang='grc' dir='ltr'><strong>λαμπάσι,</strong></span> <span class='ocrx_word' id='word_1_526' title='bbox 3465 2805 3575 2876; x_wconf 71' lang='grc' dir='ltr'><strong>τὴν</strong></span> 
     </span>
    </p>
   </div>
   <div class='ocr_carea' id='block_1_74' title="bbox 1986 2896 3579 2984">
    <p class='ocr_par' dir='ltr' id='par_1_74' title="bbox 1986 2896 3579 2984">
     <span class='ocr_line' id='line_1_74' title="bbox 1986 2896 3579 2984; baseline -0.012 -17"><span class='ocrx_word' id='word_1_527' title='bbox 1986 2913 2241 2984; x_wconf 81' lang='grc' dir='ltr'>στέρησιν</span> <span class='ocrx_word' id='word_1_528' title='bbox 2269 2909 2524 2980; x_wconf 71' lang='grc' dir='ltr'>ἐκθύμως</span> <span class='ocrx_word' id='word_1_529' title='bbox 2545 2907 2977 2970; x_wconf 84' lang='grc' dir='ltr'>άποκλαιόμεναι</span> <span class='ocrx_word' id='word_1_530' title='bbox 2999 2902 3100 2971; x_wconf 84' lang='grc' dir='ltr'>τῆς</span> <span class='ocrx_word' id='word_1_531' title='bbox 3130 2899 3264 2953; x_wconf 78' lang='grc' dir='ltr'>πολὺ</span> <span class='ocrx_word' id='word_1_532' title='bbox 3287 2899 3344 2952; x_wconf 83' lang='grc' dir='ltr'>τὺ</span> <span class='ocrx_word' id='word_1_533' title='bbox 3369 2896 3579 2966; x_wconf 74' lang='grc' dir='ltr'><strong>ὠφέλιο</strong></span> 
     </span>
    </p>
   </div>
   <div class='ocr_carea' id='block_1_75' title="bbox 1990 2988 3572 3075">
    <p class='ocr_par' dir='ltr' id='par_1_75' title="bbox 1990 2988 3572 3075">
     <span class='ocr_line' id='line_1_75' title="bbox 1990 2988 3572 3075; baseline -0.011 -16"><span class='ocrx_word' id='word_1_534' title='bbox 1990 3021 2090 3075; x_wconf 87' lang='grc' dir='ltr'><strong>μον</strong></span> <span class='ocrx_word' id='word_1_535' title='bbox 2119 3002 2348 3075; x_wconf 79' lang='grc' dir='ltr'>ῥεούσης</span> <span class='ocrx_word' id='word_1_536' title='bbox 2373 2999 2540 3055; x_wconf 79' lang='grc' dir='ltr'>αὐτοῦ</span> <span class='ocrx_word' id='word_1_537' title='bbox 2567 2998 2810 3070; x_wconf 74' lang='grc' dir='ltr'>διδαχῆς.</span> <span class='ocrx_word' id='word_1_538' title='bbox 2860 2996 3152 3066; x_wconf 80' lang='grc' dir='ltr'>ὲξηγοῦντό</span> <span class='ocrx_word' id='word_1_539' title='bbox 3181 3009 3242 3046; x_wconf 80' lang='grc' dir='ltr'><strong>τε</strong></span> <span class='ocrx_word' id='word_1_540' title='bbox 3275 2991 3368 3046; x_wconf 82' lang='grc' dir='ltr'>τὸν</span> <span class='ocrx_word' id='word_1_541' title='bbox 3395 2988 3572 3044; x_wconf 80' lang='grc' dir='ltr'>αὐτοῦ</span> 
     </span>
    </p>
   </div>
   <div class='ocr_carea' id='block_1_76' title="bbox 1989 3080 3574 3166">
    <p class='ocr_par' dir='ltr' id='par_1_76' title="bbox 1989 3080 3574 3166">
     <span class='ocr_line' id='line_1_76' title="bbox 1989 3080 3574 3166; baseline -0.009 -17"><span class='ocrx_word' id='word_1_542' title='bbox 1989 3096 2123 3166; x_wconf 82' lang='grc' dir='ltr'>βίον,</span> <span class='ocrx_word' id='word_1_543' title='bbox 2148 3096 2330 3148; x_wconf 80' lang='grc' dir='ltr'>πᾶσαν</span> <span class='ocrx_word' id='word_1_544' title='bbox 2357 3093 2540 3146; x_wconf 88' lang='grc' dir='ltr'>πίστιν</span> <span class='ocrx_word' id='word_1_545' title='bbox 2572 3092 2683 3154; x_wconf 86' lang='grc' dir='ltr'>τοῖς</span> <span class='ocrx_word' id='word_1_546' title='bbox 2701 3089 3018 3159; x_wconf 77' lang='grc' dir='ltr'>λεγομένοις</span> <span class='ocrx_word' id='word_1_547' title='bbox 3047 3087 3374 3153; x_wconf 79' lang='grc' dir='ltr'>ὲπάγουσαι,</span> <span class='ocrx_word' id='word_1_548' title='bbox 3407 3081 3486 3145; x_wconf 84' lang='grc' dir='ltr'>ὡς</span> <span class='ocrx_word' id='word_1_549' title='bbox 3509 3080 3574 3134; x_wconf 83' lang='grc' dir='ltr'><strong>οὐ</strong></span> 
     </span>
    </p>
   </div>
   <div class='ocr_carea' id='block_1_77' title="bbox 1989 3175 3578 3254">
    <p class='ocr_par' dir='ltr' id='par_1_77' title="bbox 1989 3175 3578 3254">
     <span class='ocr_line' id='line_1_77' title="bbox 1989 3175 3578 3254; baseline -0.008 -14"><span class='ocrx_word' id='word_1_550' title='bbox 1989 3187 2134 3242; x_wconf 79' lang='grc' dir='ltr'>κατά</span> <span class='ocrx_word' id='word_1_551' title='bbox 2174 3203 2228 3240; x_wconf 89' lang='grc' dir='ltr'>τι</span> <span class='ocrx_word' id='word_1_552' title='bbox 2279 3185 2518 3254; x_wconf 81' lang='grc' dir='ltr'>πονηρὸν</span> <span class='ocrx_word' id='word_1_553' title='bbox 2555 3183 2655 3254; x_wconf 78' lang='grc' dir='ltr'>τὴν</span> <span class='ocrx_word' id='word_1_554' title='bbox 2709 3181 2848 3254; x_wconf 77' lang='grc' dir='ltr'>πρὸς</span> <span class='ocrx_word' id='word_1_555' title='bbox 2876 3180 3046 3243; x_wconf 78' lang='grc' dir='ltr'>αὑτὰς</span> <span class='ocrx_word' id='word_1_556' title='bbox 3078 3177 3280 3232; x_wconf 82' lang='grc' dir='ltr'>εῐσοδον</span> <span class='ocrx_word' id='word_1_557' title='bbox 3333 3175 3578 3237; x_wconf 81' lang='grc' dir='ltr'>ποιοῖτο,</span> 
     </span>
    </p>
   </div>
   <div class='ocr_carea' id='block_1_78' title="bbox 1986 3263 3579 3349">
    <p class='ocr_par' dir='ltr' id='par_1_78' title="bbox 1986 3263 3579 3349">
     <span class='ocr_line' id='line_1_78' title="bbox 1986 3263 3579 3349; baseline -0.009 -17"><span class='ocrx_word' id='word_1_558' title='bbox 1986 3277 2108 3332; x_wconf 75' lang='grc' dir='ltr'>οὔτε</span> <span class='ocrx_word' id='word_1_559' title='bbox 2141 3277 2248 3349; x_wconf 84' lang='grc' dir='ltr'><strong>μὴν</strong></span> <span class='ocrx_word' id='word_1_560' title='bbox 2298 3275 2492 3347; x_wconf 78' lang='grc' dir='ltr'><strong>ὀφθείη</strong></span> <span class='ocrx_word' id='word_1_561' title='bbox 2523 3275 2652 3328; x_wconf 79' lang='grc' dir='ltr'>ποτὲ</span> <span class='ocrx_word' id='word_1_562' title='bbox 2681 3273 2785 3326; x_wconf 79' lang='grc' dir='ltr'>ὑπὸ</span> <span class='ocrx_word' id='word_1_563' title='bbox 2833 3273 2962 3342; x_wconf 78' lang='grc' dir='ltr'>μιᾶς</span> <span class='ocrx_word' id='word_1_564' title='bbox 3020 3267 3199 3322; x_wconf 81' lang='grc' dir='ltr'>αὐτῶν</span> <span class='ocrx_word' id='word_1_565' title='bbox 3244 3265 3365 3320; x_wconf 79' lang='grc' dir='ltr'>οὐδὲ</span> <span class='ocrx_word' id='word_1_566' title='bbox 3419 3263 3579 3336; x_wconf 79' lang='grc' dir='ltr'>χειρὶ</span> 
     </span>
    </p>
   </div>
   <div class='ocr_carea' id='block_1_79' title="bbox 1984 3357 3574 3443">
    <p class='ocr_par' dir='ltr' id='par_1_79' title="bbox 1984 3357 3574 3443">
     <span class='ocr_line' id='line_1_79' title="bbox 1984 3357 3574 3443; baseline -0.008 -18"><span class='ocrx_word' id='word_1_567' title='bbox 1984 3373 2143 3443; x_wconf 81' lang='grc' dir='ltr'>χεῖρα</span> <span class='ocrx_word' id='word_1_568' title='bbox 2162 3366 2506 3441; x_wconf 78' lang='grc' dir='ltr'>προσϐαλὼν,</span> <span class='ocrx_word' id='word_1_569' title='bbox 2538 3366 2572 3436; x_wconf 81' lang='grc' dir='ltr'>ἢ</span> <span class='ocrx_word' id='word_1_570' title='bbox 2606 3365 2698 3420; x_wconf 74' lang='grc' dir='ltr'><strong>ἐπὶ</strong></span> <span class='ocrx_word' id='word_1_571' title='bbox 2735 3362 2977 3432; x_wconf 77' lang='grc' dir='ltr'>πλευρὰν</span> <span class='ocrx_word' id='word_1_572' title='bbox 3002 3362 3140 3424; x_wconf 82' lang='grc' dir='ltr'><strong>ὅλως</strong></span> <span class='ocrx_word' id='word_1_573' title='bbox 3187 3357 3574 3418; x_wconf 79' lang='grc' dir='ltr'>κατακλιθείς.</span> 
     </span>
    </p>
   </div>
   <div class='ocr_carea' id='block_1_80' title="bbox 1986 3449 3574 3534">
    <p class='ocr_par' dir='ltr' id='par_1_80' title="bbox 1986 3449 3574 3534">
     <span class='ocr_line' id='line_1_80' title="bbox 1986 3449 3574 3534; baseline -0.009 -16"><span class='ocrx_word' id='word_1_574' title='bbox 1986 3463 2130 3534; x_wconf 83' lang='grc' dir='ltr'><strong>Πρὸς</strong></span> <span class='ocrx_word' id='word_1_575' title='bbox 2167 3462 2350 3534; x_wconf 82' lang='grc' dir='ltr'>μέντοι</span> <span class='ocrx_word' id='word_1_576' title='bbox 2375 3461 2506 3523; x_wconf 79' lang='grc' dir='ltr'>τοὺς</span> <span class='ocrx_word' id='word_1_577' title='bbox 2543 3455 2908 3526; x_wconf 73' lang='grc' dir='ltr'>ἐγκαλοῦντας</span> <span class='ocrx_word' id='word_1_578' title='bbox 2937 3453 3165 3515; x_wconf 83' lang='grc' dir='ltr'>ταύταις</span> <span class='ocrx_word' id='word_1_579' title='bbox 3205 3450 3306 3523; x_wconf 82' lang='grc' dir='ltr'>τὴν</span> <span class='ocrx_word' id='word_1_580' title='bbox 3331 3449 3574 3519; x_wconf 78' lang='grc' dir='ltr'>σιωπὴν,</span> 
     </span>
    </p>
   </div>
   <div class='ocr_carea' id='block_1_81' title="bbox 1986 3540 3574 3616">
    <p class='ocr_par' dir='ltr' id='par_1_81' title="bbox 1986 3540 3574 3616">
     <span class='ocr_line' id='line_1_81' title="bbox 1986 3540 3574 3616; baseline -0.011 -7"><span class='ocrx_word' id='word_1_581' title='bbox 1986 3555 2082 3610; x_wconf 73' lang='grc' dir='ltr'><strong>καὶ</strong></span> <span class='ocrx_word' id='word_1_582' title='bbox 2107 3555 2189 3608; x_wconf 81' lang='grc' dir='ltr'><strong>ὅτι</strong></span> <span class='ocrx_word' id='word_1_583' title='bbox 2218 3551 2434 3616; x_wconf 81' lang='grc' dir='ltr'>πολλοῖς</span> <span class='ocrx_word' id='word_1_584' title='bbox 2453 3549 2703 3605; x_wconf 68' lang='grc' dir='ltr'>ἐντεῦθεν</span> <span class='ocrx_word' id='word_1_585' title='bbox 2727 3546 3023 3602; x_wconf 76' lang='grc' dir='ltr'>σκανδάλου</span> <span class='ocrx_word' id='word_1_586' title='bbox 3048 3542 3340 3614; x_wconf 86' lang='grc' dir='ltr'>γεγόνασιν</span> <span class='ocrx_word' id='word_1_587' title='bbox 3371 3540 3574 3604; x_wconf 80' lang='grc' dir='ltr'>αῐτιαι,</span> 
     </span>
    </p>
   </div>
   <div class='ocr_carea' id='block_1_82' title="bbox 1986 3635 3575 3718">
    <p class='ocr_par' dir='ltr' id='par_1_82' title="bbox 1986 3635 3575 3718">
     <span class='ocr_line' id='line_1_82' title="bbox 1986 3635 3575 3718; baseline -0.012 -16"><span class='ocrx_word' id='word_1_588' title='bbox 1986 3646 2086 3718; x_wconf 84' lang='grc' dir='ltr'>τὴν</span> <span class='ocrx_word' id='word_1_589' title='bbox 2105 3645 2316 3700; x_wconf 73' lang='grc' dir='ltr'>ἐκείνου</span> <span class='ocrx_word' id='word_1_590' title='bbox 2348 3641 2728 3715; x_wconf 87' lang='grc' dir='ltr'>παραγγελίαν</span> <span class='ocrx_word' id='word_1_591' title='bbox 2766 3640 2846 3703; x_wconf 82' lang='grc' dir='ltr'><strong>είς</strong></span> <span class='ocrx_word' id='word_1_592' title='bbox 2885 3637 3186 3706; x_wconf 78' lang='grc' dir='ltr'>ἀπολογίαν</span> <span class='ocrx_word' id='word_1_593' title='bbox 3218 3635 3575 3706; x_wconf 86' lang='grc' dir='ltr'>προέτειναν,</span> 
     </span>
    </p>
   </div>
   <div class='ocr_carea' id='block_1_83' title="bbox 1987 3723 3572 3808">
    <p class='ocr_par' dir='ltr' id='par_1_83' title="bbox 1987 3723 3572 3808">
     <span class='ocr_line' id='line_1_83' title="bbox 1987 3723 3572 3808; baseline -0.011 -15"><span class='ocrx_word' id='word_1_594' title='bbox 1987 3737 2083 3793; x_wconf 79' lang='grc' dir='ltr'>καὶ</span> <span class='ocrx_word' id='word_1_595' title='bbox 2109 3737 2207 3808; x_wconf 81' lang='grc' dir='ltr'><strong>τὴν</strong></span> <span class='ocrx_word' id='word_1_596' title='bbox 2233 3736 2338 3790; x_wconf 82' lang='grc' dir='ltr'>ὑπὸ</span> <span class='ocrx_word' id='word_1_597' title='bbox 2375 3734 2629 3805; x_wconf 89' lang='grc' dir='ltr'>δαίμονος</span> <span class='ocrx_word' id='word_1_598' title='bbox 2668 3729 3056 3801; x_wconf 75' lang='grc' dir='ltr'>ἐπισκήψασαν</span> <span class='ocrx_word' id='word_1_599' title='bbox 3089 3727 3171 3790; x_wconf 81' lang='grc' dir='ltr'><strong>είς</strong></span> <span class='ocrx_word' id='word_1_600' title='bbox 3210 3723 3463 3779; x_wconf 84' lang='grc' dir='ltr'>παιδείαν</span> <span class='ocrx_word' id='word_1_601' title='bbox 3498 3725 3572 3793; x_wconf 79' lang='grc' dir='ltr'>τῇ</span> 
     </span>
    </p>
   </div>
   <div class='ocr_carea' id='block_1_84' title="bbox 1987 3812 3580 3900">
    <p class='ocr_par' dir='ltr' id='par_1_84' title="bbox 1987 3812 3580 3900">
     <span class='ocr_line' id='line_1_84' title="bbox 1987 3812 3580 3900; baseline -0.011 -18"><span class='ocrx_word' id='word_1_602' title='bbox 1987 3826 2386 3900; x_wconf 70' lang='grc' dir='ltr'>παρακουσάσῃ</span> <span class='ocrx_word' id='word_1_603' title='bbox 2417 3825 2680 3896; x_wconf 88' lang='grc' dir='ltr'>μάστιγα.</span> <span class='ocrx_word' id='word_1_604' title='bbox 2727 3820 2898 3883; x_wconf 74' lang='grc' dir='ltr'>Αὐτὸς</span> <span class='ocrx_word' id='word_1_605' title='bbox 2941 3817 3000 3872; x_wconf 76' lang='grc' dir='ltr'>δὲ</span> <span class='ocrx_word' id='word_1_606' title='bbox 3032 3818 3061 3870; x_wconf 89' lang='grc' dir='ltr'><strong>ό</strong></span> <span class='ocrx_word' id='word_1_607' title='bbox 3106 3816 3167 3869; x_wconf 82' lang='grc' dir='ltr'>τὸ</span> <span class='ocrx_word' id='word_1_608' title='bbox 3193 3816 3452 3886; x_wconf 77' lang='grc' dir='ltr'>ῥάπισμα</span> <span class='ocrx_word' id='word_1_609' title='bbox 3483 3812 3580 3865; x_wconf 82' lang='grc' dir='ltr'>δε-</span> 
     </span>
    </p>
   </div>
   <div class='ocr_carea' id='block_1_85' title="bbox 1986 3904 3579 3982">
    <p class='ocr_par' dir='ltr' id='par_1_85' title="bbox 1986 3904 3579 3982">
     <span class='ocr_line' id='line_1_85' title="bbox 1986 3904 3579 3982; baseline -0.011 -9"><span class='ocrx_word' id='word_1_610' title='bbox 1986 3919 2176 3982; x_wconf 84' lang='grc' dir='ltr'>δωκὼς</span> <span class='ocrx_word' id='word_1_611' title='bbox 2208 3919 2304 3971; x_wconf 73' lang='grc' dir='ltr'>καὶ</span> <span class='ocrx_word' id='word_1_612' title='bbox 2327 3913 2632 3971; x_wconf 78' lang='grc' dir='ltr'>ἀντιλαϐὼν</span> <span class='ocrx_word' id='word_1_613' title='bbox 2661 3913 2722 3966; x_wconf 87' lang='grc' dir='ltr'><strong>ού</strong></span> <span class='ocrx_word' id='word_1_614' title='bbox 2752 3910 2992 3966; x_wconf 82' lang='grc' dir='ltr'>διέλειπὲ</span> <span class='ocrx_word' id='word_1_615' title='bbox 3017 3925 3168 3971; x_wconf 85' lang='grc' dir='ltr'>ποτε,</span> <span class='ocrx_word' id='word_1_616' title='bbox 3199 3904 3294 3959; x_wconf 83' lang='grc' dir='ltr'><strong>τοῦ</strong></span> <span class='ocrx_word' id='word_1_617' title='bbox 3315 3904 3579 3974; x_wconf 77' lang='grc' dir='ltr'>δαίμονος</span> 
     </span>
    </p>
   </div>
   <div class='ocr_carea' id='block_1_86' title="bbox 1987 3996 3573 4077">
    <p class='ocr_par' dir='ltr' id='par_1_86' title="bbox 1987 3996 3573 4077">
     <span class='ocr_line' id='line_1_86' title="bbox 1987 3996 3573 4077; baseline -0.011 -13"><span class='ocrx_word' id='word_1_618' title='bbox 1987 4011 2149 4065; x_wconf 61' lang='grc' dir='ltr'>αὑτὸν</span> <span class='ocrx_word' id='word_1_619' title='bbox 2169 4008 2404 4072; x_wconf 76' lang='grc' dir='ltr'><strong>ἀνέντος.</strong></span> <span class='ocrx_word' id='word_1_620' title='bbox 2430 4005 2509 4077; x_wconf 81' lang='grc' dir='ltr'>τῷ</span> <span class='ocrx_word' id='word_1_621' title='bbox 2540 4006 2698 4074; x_wconf 75' lang='grc' dir='ltr'>τάφῳ</span> <span class='ocrx_word' id='word_1_622' title='bbox 2721 4001 3097 4075; x_wconf 88' lang='grc' dir='ltr'>προσεδρεύων</span> <span class='ocrx_word' id='word_1_623' title='bbox 3135 3997 3230 4053; x_wconf 90' lang='grc' dir='ltr'><strong>τοῦ</strong></span> <span class='ocrx_word' id='word_1_624' title='bbox 3263 3996 3573 4068; x_wconf 80' lang='grc' dir='ltr'>μακαρίου,</span> 
     </span>
    </p>
   </div>
   <div class='ocr_carea' id='block_1_87' title="bbox 1988 4086 3577 4175">
    <p class='ocr_par' dir='ltr' id='par_1_87' title="bbox 1988 4086 3577 4175">
     <span class='ocr_line' id='line_1_87' title="bbox 1988 4086 3577 4175; baseline -0.013 -17"><span class='ocrx_word' id='word_1_625' title='bbox 1988 4102 2246 4175; x_wconf 82' lang='grc' dir='ltr'>θησαυρῷ</span> <span class='ocrx_word' id='word_1_626' title='bbox 2285 4101 2494 4155; x_wconf 83' lang='grc' dir='ltr'>πολλῶν</span> <span class='ocrx_word' id='word_1_627' title='bbox 2520 4097 2820 4170; x_wconf 83' lang='grc' dir='ltr'>χρημάτων</span> <span class='ocrx_word' id='word_1_628' title='bbox 2847 4091 3244 4161; x_wconf 81' lang='grc' dir='ltr'>άποδειχθέντι,</span> <span class='ocrx_word' id='word_1_629' title='bbox 3297 4088 3400 4158; x_wconf 71' lang='grc' dir='ltr'>τὴν</span> <span class='ocrx_word' id='word_1_630' title='bbox 3432 4086 3577 4158; x_wconf 81' lang='grc' dir='ltr'>μνή-</span> 
     </span>
    </p>
   </div>
   <div class='ocr_carea' id='block_1_88' title="bbox 1991 4177 3577 4267">
    <p class='ocr_par' dir='ltr' id='par_1_88' title="bbox 1991 4177 3577 4267">
     <span class='ocr_line' id='line_1_88' title="bbox 1991 4177 3577 4267; baseline -0.012 -17"><span class='ocrx_word' id='word_1_631' title='bbox 1991 4212 2099 4267; x_wconf 89' lang='grc' dir='ltr'><strong>μην</strong></span> <span class='ocrx_word' id='word_1_632' title='bbox 2119 4212 2180 4248; x_wconf 87' lang='grc' dir='ltr'><strong>τε</strong></span> <span class='ocrx_word' id='word_1_633' title='bbox 2209 4193 2305 4248; x_wconf 82' lang='grc' dir='ltr'>καὶ</span> <span class='ocrx_word' id='word_1_634' title='bbox 2326 4193 2424 4265; x_wconf 79' lang='grc' dir='ltr'>τὴν</span> <span class='ocrx_word' id='word_1_635' title='bbox 2455 4192 2666 4245; x_wconf 69' lang='grc' dir='ltr'>ἐκείνου</span> <span class='ocrx_word' id='word_1_636' title='bbox 2699 4187 2838 4242; x_wconf 80' lang='grc' dir='ltr'>κατὰ</span> <span class='ocrx_word' id='word_1_637' title='bbox 2884 4186 2945 4240; x_wconf 83' lang='grc' dir='ltr'>τὺ</span> <span class='ocrx_word' id='word_1_638' title='bbox 2978 4184 3098 4248; x_wconf 75' lang='grc' dir='ltr'>ἔθος</span> <span class='ocrx_word' id='word_1_639' title='bbox 3121 4183 3211 4236; x_wconf 81' lang='grc' dir='ltr'>διὰ</span> <span class='ocrx_word' id='word_1_640' title='bbox 3240 4177 3577 4251; x_wconf 77' lang='grc' dir='ltr'>ψαλμφδίας</span> 
     </span>
    </p>
   </div>
   <div class='ocr_carea' id='block_1_89' title="bbox 1988 4271 3576 4358">
    <p class='ocr_par' dir='ltr' id='par_1_89' title="bbox 1988 4271 3576 4358">
     <span class='ocr_line' id='line_1_89' title="bbox 1988 4271 3576 4358; baseline -0.013 -16"><span class='ocrx_word' id='word_1_641' title='bbox 1988 4286 2330 4358; x_wconf 86' lang='grc' dir='ltr'>ποιούμενος.</span> <span class='ocrx_word' id='word_1_642' title='bbox 2384 4281 2520 4338; x_wconf 70' lang='grc' dir='ltr'>Εἶτα</span> <span class='ocrx_word' id='word_1_643' title='bbox 2555 4283 2652 4336; x_wconf 71' lang='grc' dir='ltr'><strong>καὶ</strong></span> <span class='ocrx_word' id='word_1_644' title='bbox 2700 4280 2916 4352; x_wconf 84' lang='grc' dir='ltr'>χρόνοις</span> <span class='ocrx_word' id='word_1_645' title='bbox 2974 4276 3174 4344; x_wconf 79' lang='grc' dir='ltr'>ὀλίγοις</span> <span class='ocrx_word' id='word_1_646' title='bbox 3227 4271 3456 4342; x_wconf 75' lang='grc' dir='ltr'>ὕστερον</span> <span class='ocrx_word' id='word_1_647' title='bbox 3503 4272 3576 4340; x_wconf 72' lang='grc' dir='ltr'>τῇ</span> 
     </span>
    </p>
   </div>
   <div class='ocr_carea' id='block_1_90' title="bbox 1992 4360 3577 4451">
    <p class='ocr_par' dir='ltr' id='par_1_90' title="bbox 1992 4360 3577 4451">
     <span class='ocr_line' id='line_1_90' title="bbox 1992 4360 3577 4451; baseline -0.013 -17"><span class='ocrx_word' id='word_1_648' title='bbox 1992 4383 2127 4451; x_wconf 83' lang='grc' dir='ltr'>μονῇ</span> <span class='ocrx_word' id='word_1_649' title='bbox 2152 4379 2243 4432; x_wconf 88' lang='grc' dir='ltr'><strong>τοῦ</strong></span> <span class='ocrx_word' id='word_1_650' title='bbox 2271 4377 2505 4449; x_wconf 88' lang='grc' dir='ltr'>μοναχοῦ</span> <span class='ocrx_word' id='word_1_651' title='bbox 2528 4374 2823 4444; x_wconf 80' lang='grc' dir='ltr'>Σερίδωνος</span> <span class='ocrx_word' id='word_1_652' title='bbox 2841 4364 3334 4442; x_wconf 49' lang='grc' dir='ltr'>ἁποκείμταιάτδ]</span> <span class='ocrx_word' id='word_1_653' title='bbox 3359 4364 3455 4418; x_wconf 75' lang='grc' dir='ltr'>καὶ</span> <span class='ocrx_word' id='word_1_654' title='bbox 3473 4360 3577 4421; x_wconf 63' lang='grc' dir='ltr'><strong>τοῦ</strong></span> 
     </span>
    </p>
   </div>
   <div class='ocr_carea' id='block_1_91' title="bbox 307 4453 1878 4549">
    <p class='ocr_par' dir='ltr' id='par_1_91' title="bbox 307 4463 1878 4525">
     <span class='ocr_line' id='line_1_91' title="bbox 307 4463 1878 4525; baseline 0.003 -8"><span class='ocrx_word' id='word_1_655' title='bbox 307 4463 598 4522; x_wconf 79' lang='lat' dir='ltr'><strong>Saridonis</strong></span> <span class='ocrx_word' id='word_1_656' title='bbox 627 4484 640 4520; x_wconf 93' lang='lat'><strong>:</strong></span> <span class='ocrx_word' id='word_1_657' title='bbox 669 4476 721 4521; x_wconf 93' lang='lat' dir='ltr'><strong>et</strong></span> <span class='ocrx_word' id='word_1_658' title='bbox 750 4482 870 4523; x_wconf 94' lang='lat' dir='ltr'><strong>cum</strong></span> <span class='ocrx_word' id='word_1_659' title='bbox 904 4465 976 4522; x_wconf 92' lang='lat' dir='ltr'><strong>illi</strong></span> <span class='ocrx_word' id='word_1_660' title='bbox 1002 4465 1192 4523; x_wconf 87' lang='lat' dir='ltr'><strong>fuisset</strong></span> <span class='ocrx_word' id='word_1_661' title='bbox 1221 4468 1414 4523; x_wconf 85' lang='lat' dir='ltr'><strong>tradita</strong></span> <span class='ocrx_word' id='word_1_662' title='bbox 1442 4467 1500 4524; x_wconf 88' lang='grc' dir='ltr'><strong>Β.</strong></span> <span class='ocrx_word' id='word_1_663' title='bbox 1527 4468 1720 4525; x_wconf 83' lang='lat' dir='ltr'><strong>Vitalis</strong></span> <span class='ocrx_word' id='word_1_664' title='bbox 1749 4469 1878 4525; x_wconf 88' lang='lat' dir='ltr'><strong>cella</strong></span> 
     </span>
    </p>
   </div>
   <div class='ocr_carea' id='block_1_92' title="bbox 1989 4453 3579 4549">
    <p class='ocr_par' dir='ltr' id='par_1_92' title="bbox 1994 4453 3579 4549">
     <span class='ocr_line' id='line_1_92' title="bbox 1994 4453 3579 4549; baseline -0.011 -25"><span class='ocrx_word' id='word_1_665' title='bbox 1994 4472 2137 4525; x_wconf 85' lang='grc' dir='ltr'>θείου</span> <span class='ocrx_word' id='word_1_666' title='bbox 2168 4469 2416 4524; x_wconf 86' lang='grc' dir='ltr'>Βιταλίου</span> <span class='ocrx_word' id='word_1_667' title='bbox 2441 4467 2651 4521; x_wconf 84' lang='grc' dir='ltr'>κελλίον</span> <span class='ocrx_word' id='word_1_668' title='bbox 2679 4465 2824 4519; x_wconf 75' lang='grc' dir='ltr'>κατὰ</span> <span class='ocrx_word' id='word_1_669' title='bbox 2849 4461 3050 4534; x_wconf 76' lang='grc' dir='ltr'>πολλὴν</span> <span class='ocrx_word' id='word_1_670' title='bbox 3079 4461 3178 4531; x_wconf 80' lang='grc' dir='ltr'><strong>τὴν</strong></span> <span class='ocrx_word' id='word_1_671' title='bbox 3217 4458 3356 4529; x_wconf 83' lang='grc' dir='ltr'>πρὸς</span> <span class='ocrx_word' id='word_1_672' title='bbox 3406 4453 3579 4508; x_wconf 68' lang='grc' dir='ltr'>αὑτὸν</span> 
     </span>
    </p>
   </div>
   <div class='ocr_carea' id='block_1_93' title="bbox 315 4561 1886 4633">
    <p class='ocr_par' dir='ltr' id='par_1_93' title="bbox 315 4561 1886 4633">
     <span class='ocr_line' id='line_1_93' title="bbox 315 4561 1886 4633; baseline 0.004 -23"><span class='ocrx_word' id='word_1_673' title='bbox 315 4572 538 4629; x_wconf 83' lang='lat' dir='ltr'><strong>propter</strong></span> <span class='ocrx_word' id='word_1_674' title='bbox 558 4575 804 4630; x_wconf 86' lang='lat' dir='ltr'><strong>magnam</strong></span> <span class='ocrx_word' id='word_1_675' title='bbox 833 4562 886 4616; x_wconf 92' lang='lat' dir='ltr'><strong>in</strong></span> <span class='ocrx_word' id='word_1_676' title='bbox 917 4562 1090 4632; x_wconf 88' lang='lat' dir='ltr'><strong>ipsum</strong></span> <span class='ocrx_word' id='word_1_677' title='bbox 1117 4561 1297 4629; x_wconf 83' lang='lat' dir='ltr'><strong>iidem,</strong></span> <span class='ocrx_word' id='word_1_678' title='bbox 1323 4562 1430 4618; x_wconf 91' lang='lat' dir='ltr'><strong>illic</strong></span> <span class='ocrx_word' id='word_1_679' title='bbox 1460 4561 1624 4616; x_wconf 91' lang='lat' dir='ltr'><strong>vitam</strong></span> <span class='ocrx_word' id='word_1_680' title='bbox 1646 4563 1886 4633; x_wconf 86' lang='lat' dir='ltr'><strong>quietam</strong></span> 
     </span>
    </p>
   </div>
   <div class='ocr_carea' id='block_1_94' title="bbox 315 4652 1888 4726">
    <p class='ocr_par' dir='ltr' id='par_1_94' title="bbox 315 4652 1888 4726">
     <span class='ocr_line' id='line_1_94' title="bbox 315 4652 1888 4726; baseline 0.004 -22"><span class='ocrx_word' id='word_1_681' title='bbox 315 4652 370 4706; x_wconf 87' lang='lat' dir='ltr'><strong>in</strong></span> <span class='ocrx_word' id='word_1_682' title='bbox 431 4653 646 4711; x_wconf 90' lang='lat' dir='ltr'><strong>silentio</strong></span> <span class='ocrx_word' id='word_1_683' title='bbox 696 4656 959 4726; x_wconf 84' lang='lat' dir='ltr'><strong>transegit</strong></span> <span class='ocrx_word' id='word_1_684' title='bbox 1003 4665 1285 4726; x_wconf 88' lang='lat' dir='ltr'><strong>perpetuo,</strong></span> <span class='ocrx_word' id='word_1_685' title='bbox 1332 4655 1506 4712; x_wconf 90' lang='lat' dir='ltr'><strong>donec</strong></span> <span class='ocrx_word' id='word_1_686' title='bbox 1542 4657 1788 4726; x_wconf 81' lang='lat' dir='ltr'><strong>pervenit</strong></span> <span class='ocrx_word' id='word_1_687' title='bbox 1821 4655 1888 4710; x_wconf 88' lang='lat' dir='ltr'><strong>ad</strong></span> 
     </span>
    </p>
   </div>
   <div class='ocr_carea' id='block_1_95' title="bbox 311 4744 1886 4818">
    <p class='ocr_par' dir='ltr' id='par_1_95' title="bbox 311 4744 1886 4818">
     <span class='ocr_line' id='line_1_95' title="bbox 311 4744 1886 4818; baseline 0.004 -22"><span class='ocrx_word' id='word_1_688' title='bbox 311 4744 478 4798; x_wconf 83' lang='lat' dir='ltr'><strong>tinem</strong></span> <span class='ocrx_word' id='word_1_689' title='bbox 519 4746 642 4800; x_wconf 83' lang='lat' dir='ltr'><strong>vitae</strong></span> <span class='ocrx_word' id='word_1_690' title='bbox 681 4748 986 4817; x_wconf 80' lang='lat' dir='ltr'><strong>praesentis.</strong></span> <span class='ocrx_word' id='word_1_691' title='bbox 1035 4747 1304 4803; x_wconf 67' lang='lat' dir='ltr'><strong>Praeterea</strong></span> <span class='ocrx_word' id='word_1_692' title='bbox 1348 4757 1527 4802; x_wconf 86' lang='lat' dir='ltr'><strong>autem</strong></span> <span class='ocrx_word' id='word_1_693' title='bbox 1575 4748 1886 4818; x_wconf 89' lang='lat' dir='ltr'><strong>patriarcha</strong></span> 
     </span>
    </p>
   </div>
   <div class='ocr_carea' id='block_1_96' title="bbox 316 4839 1884 4911">
    <p class='ocr_par' dir='ltr' id='par_1_96' title="bbox 316 4839 1884 4911">
     <span class='ocr_line' id='line_1_96' title="bbox 316 4839 1884 4911; baseline 0.004 -23"><span class='ocrx_word' id='word_1_694' title='bbox 316 4852 531 4908; x_wconf 83' lang='lat' dir='ltr'><strong>quoque</strong></span> <span class='ocrx_word' id='word_1_695' title='bbox 559 4853 786 4908; x_wconf 84' lang='lat' dir='ltr'><strong>magnas</strong></span> <span class='ocrx_word' id='word_1_696' title='bbox 817 4841 926 4894; x_wconf 91' lang='lat' dir='ltr'><strong>Deo</strong></span> <span class='ocrx_word' id='word_1_697' title='bbox 954 4839 1152 4911; x_wconf 83' lang='lat' dir='ltr'><strong>agebat-</strong></span> <span class='ocrx_word' id='word_1_698' title='bbox 1177 4840 1404 4911; x_wconf 87' lang='lat' dir='ltr'><strong>gratias,</strong></span> <span class='ocrx_word' id='word_1_699' title='bbox 1439 4841 1580 4910; x_wconf 89' lang='lat' dir='ltr'><strong>quod</strong></span> <span class='ocrx_word' id='word_1_700' title='bbox 1620 4855 1732 4896; x_wconf 83' lang='lat' dir='ltr'><strong>non</strong></span> <span class='ocrx_word' id='word_1_701' title='bbox 1761 4854 1884 4910; x_wconf 87' lang='lat' dir='ltr'><strong>per-</strong></span> 
     </span>
    </p>
   </div>
   <div class='ocr_carea' id='block_1_97' title="bbox 315 4929 1885 5002">
    <p class='ocr_par' dir='ltr' id='par_1_97' title="bbox 315 4929 1885 5002">
     <span class='ocr_line' id='line_1_97' title="bbox 315 4929 1885 5002; baseline 0.005 -22"><span class='ocrx_word' id='word_1_702' title='bbox 315 4929 577 4993; x_wconf 87' lang='lat' dir='ltr'><strong>misisset,</strong></span> <span class='ocrx_word' id='word_1_703' title='bbox 613 4939 672 4984; x_wconf 91' lang='lat' dir='ltr'><strong>ut</strong></span> <span class='ocrx_word' id='word_1_704' title='bbox 701 4929 902 5000; x_wconf 86' lang='lat' dir='ltr'><strong>aliquid</strong></span> <span class='ocrx_word' id='word_1_705' title='bbox 926 4932 1131 4988; x_wconf 89' lang='lat' dir='ltr'><strong>diceret</strong></span> <span class='ocrx_word' id='word_1_706' title='bbox 1161 4939 1256 4990; x_wconf 85' lang='lat' dir='ltr'><strong>aut</strong></span> <span class='ocrx_word' id='word_1_707' title='bbox 1299 4933 1568 5002; x_wconf 80' lang='lat' dir='ltr'><strong>cogitaret</strong></span> <span class='ocrx_word' id='word_1_708' title='bbox 1606 4932 1885 5002; x_wconf 81' lang='lat' dir='ltr'><strong>indignum</strong></span> 
     </span>
    </p>
   </div>
   <div class='ocr_carea' id='block_1_98' title="bbox 315 5017 1888 5095">
    <p class='ocr_par' dir='ltr' id='par_1_98' title="bbox 315 5017 1888 5095">
     <span class='ocr_line' id='line_1_98' title="bbox 315 5017 1888 5095; baseline 0.006 -24"><span class='ocrx_word' id='word_1_709' title='bbox 315 5017 474 5074; x_wconf 87' lang='lat' dir='ltr'><strong>beata</strong></span> <span class='ocrx_word' id='word_1_710' title='bbox 507 5019 596 5074; x_wconf 88' lang='lat' dir='ltr'><strong>illa</strong></span> <span class='ocrx_word' id='word_1_711' title='bbox 642 5029 696 5075; x_wconf 91' lang='lat' dir='ltr'><strong>et</strong></span> <span class='ocrx_word' id='word_1_712' title='bbox 730 5021 962 5092; x_wconf 85' lang='lat' dir='ltr'><strong>gloriosa</strong></span> <span class='ocrx_word' id='word_1_713' title='bbox 1007 5024 1212 5080; x_wconf 86' lang='lat' dir='ltr'><strong>anima.</strong></span> <span class='ocrx_word' id='word_1_714' title='bbox 1256 5025 1469 5095; x_wconf 82' lang='lat' dir='ltr'><strong>Alioqui</strong></span> <span class='ocrx_word' id='word_1_715' title='bbox 1509 5034 1686 5080; x_wconf 89' lang='lat' dir='ltr'><strong>autem</strong></span> <span class='ocrx_word' id='word_1_716' title='bbox 1735 5024 1888 5080; x_wconf 90' lang='lat' dir='ltr'><strong>multi</strong></span> 
     </span>
    </p>
   </div>
   <div class='ocr_carea' id='block_1_99' title="bbox 317 5113 1891 5184">
    <p class='ocr_par' dir='ltr' id='par_1_99' title="bbox 317 5113 1891 5184">
     <span class='ocr_line' id='line_1_99' title="bbox 317 5113 1891 5184; baseline 0.007 -23"><span class='ocrx_word' id='word_1_717' title='bbox 317 5125 531 5180; x_wconf 78' lang='lat' dir='ltr'><strong>quoque</strong></span> <span class='ocrx_word' id='word_1_718' title='bbox 578 5128 644 5168; x_wconf 85' lang='lat' dir='ltr'><strong>cx</strong></span> <span class='ocrx_word' id='word_1_719' title='bbox 694 5113 779 5178; x_wconf 88' lang='lat' dir='ltr'><strong>iis,</strong></span> <span class='ocrx_word' id='word_1_720' title='bbox 822 5115 909 5184; x_wconf 88' lang='lat' dir='ltr'><strong>qni</strong></span> <span class='ocrx_word' id='word_1_721' title='bbox 963 5115 1281 5175; x_wconf 82' lang='lat' dir='ltr'><strong>habitabant</strong></span> <span class='ocrx_word' id='word_1_722' title='bbox 1331 5115 1741 5183; x_wconf 80' lang='lat' dir='ltr'><strong>Alexandriam,</strong></span> <span class='ocrx_word' id='word_1_723' title='bbox 1779 5133 1891 5172; x_wconf 86' lang='lat' dir='ltr'><strong>me-</strong></span> 
     </span>
    </p>
   </div>
   <div class='ocr_carea' id='block_1_100' title="bbox 317 5201 1890 5279">
    <p class='ocr_par' dir='ltr' id='par_1_100' title="bbox 317 5201 1890 5279">
     <span class='ocr_line' id='line_1_100' title="bbox 317 5201 1890 5279; baseline 0.006 -25"><span class='ocrx_word' id='word_1_724' title='bbox 317 5201 484 5256; x_wconf 85' lang='lat' dir='ltr'><strong>liores</strong></span> <span class='ocrx_word' id='word_1_725' title='bbox 507 5213 814 5270; x_wconf 84' lang='lat' dir='ltr'><strong>evaserunt,</strong></span> <span class='ocrx_word' id='word_1_726' title='bbox 841 5207 929 5279; x_wconf 86' lang='lat' dir='ltr'><strong>qui</strong></span> <span class='ocrx_word' id='word_1_727' title='bbox 957 5208 1214 5278; x_wconf 76' lang='lat' dir='ltr'><strong>propensi</strong></span> <span class='ocrx_word' id='word_1_728' title='bbox 1238 5217 1396 5263; x_wconf 90' lang='lat' dir='ltr'><strong>erant</strong></span> <span class='ocrx_word' id='word_1_729' title='bbox 1422 5208 1490 5262; x_wconf 87' lang='lat' dir='ltr'><strong>ad</strong></span> <span class='ocrx_word' id='word_1_730' title='bbox 1518 5208 1890 5264; x_wconf 84' lang='lat' dir='ltr'><strong>condemnan-</strong></span> 
     </span>
    </p>
   </div>
   <div class='ocr_carea' id='block_1_101' title="bbox 318 5293 1886 5358">
    <p class='ocr_par' dir='ltr' id='par_1_101' title="bbox 318 5293 1886 5358">
     <span class='ocr_line' id='line_1_101' title="bbox 318 5293 1886 5358; baseline 0.008 -12"><span class='ocrx_word' id='word_1_731' title='bbox 318 5293 467 5358; x_wconf 85' lang='lat' dir='ltr'><strong>dum,</strong></span> <span class='ocrx_word' id='word_1_732' title='bbox 491 5303 544 5348; x_wconf 92' lang='lat' dir='ltr'><strong>et</strong></span> <span class='ocrx_word' id='word_1_733' title='bbox 567 5295 705 5351; x_wconf 89' lang='lat' dir='ltr'><strong>hanc</strong></span> <span class='ocrx_word' id='word_1_734' title='bbox 729 5297 922 5352; x_wconf 89' lang='lat' dir='ltr'><strong>malam</strong></span> <span class='ocrx_word' id='word_1_735' title='bbox 943 5298 1247 5358; x_wconf 87' lang='lat' dir='ltr'><strong>didicerant</strong></span> <span class='ocrx_word' id='word_1_736' title='bbox 1271 5301 1742 5358; x_wconf 85' lang='lat' dir='ltr'><strong>consuetudinem.</strong></span> <span class='ocrx_word' id='word_1_737' title='bbox 1779 5300 1886 5358; x_wconf 88' lang='lat' dir='ltr'><strong>Sed</strong></span> 
     </span>
    </p>
   </div>
   <div class='ocr_carea' id='block_1_102' title="bbox 316 5369 1891 5468">
    <p class='ocr_par' dir='ltr' id='par_1_102' title="bbox 316 5369 1891 5468">
     <span class='ocr_line' id='line_1_102' title="bbox 316 5369 1891 5468; baseline 0.01 -30"><span class='ocrx_word' id='word_1_738' title='bbox 316 5369 445 5441; x_wconf 83' lang='lat' dir='ltr'><strong>talis</strong></span> <span class='ocrx_word' id='word_1_739' title='bbox 487 5386 704 5456; x_wconf 88' lang='lat' dir='ltr'><strong>quidem</strong></span> <span class='ocrx_word' id='word_1_740' title='bbox 757 5399 876 5445; x_wconf 91' lang='lat' dir='ltr'><strong>erat</strong></span> <span class='ocrx_word' id='word_1_741' title='bbox 947 5392 1030 5448; x_wconf 90' lang='lat' dir='ltr'><strong>vir</strong></span> <span class='ocrx_word' id='word_1_742' title='bbox 1075 5391 1164 5450; x_wconf 89' lang='lat' dir='ltr'><strong>ille</strong></span> <span class='ocrx_word' id='word_1_743' title='bbox 1208 5403 1476 5465; x_wconf 76' lang='lat' dir='ltr'><strong>sanctus;</strong></span> <span class='ocrx_word' id='word_1_744' title='bbox 1532 5405 1586 5454; x_wconf 91' lang='lat' dir='ltr'><strong>et</strong></span> <span class='ocrx_word' id='word_1_745' title='bbox 1630 5410 1720 5453; x_wconf 85' lang='lat' dir='ltr'><strong>res</strong></span> <span class='ocrx_word' id='word_1_746' title='bbox 1774 5397 1891 5468; x_wconf 82' lang='lat' dir='ltr'><strong>ejus</strong></span> 
     </span>
    </p>
   </div>
   <div class='ocr_carea' id='block_1_103' title="bbox 315 5479 1016 5544">
    <p class='ocr_par' dir='ltr' id='par_1_103' title="bbox 315 5479 1016 5544">
     <span class='ocr_line' id='line_1_103' title="bbox 315 5479 1016 5544; baseline 0.013 -8"><span class='ocrx_word' id='word_1_747' title='bbox 315 5479 421 5536; x_wconf 76' lang='lat' dir='ltr'><strong>hoc</strong></span> <span class='ocrx_word' id='word_1_748' title='bbox 451 5481 608 5538; x_wconf 88' lang='lat' dir='ltr'><strong>modo</strong></span> <span class='ocrx_word' id='word_1_749' title='bbox 636 5497 694 5540; x_wconf 83' lang='lat' dir='ltr'><strong>se</strong></span> <span class='ocrx_word' id='word_1_750' title='bbox 724 5482 1016 5544; x_wconf 78' lang='lat' dir='ltr'><strong>habebant-</strong></span> 
     </span>
    </p>
   </div>
   <div class='ocr_carea' id='block_1_104' title="bbox 1989 4548 3581 4634">
    <p class='ocr_par' dir='ltr' id='par_1_104' title="bbox 1989 4548 3581 4634">
     <span class='ocr_line' id='line_1_104' title="bbox 1989 4548 3581 4634; baseline -0.013 -16"><span class='ocrx_word' id='word_1_751' title='bbox 1989 4565 2174 4620; x_wconf 86' lang='grc' dir='ltr'>πίστιν</span> <span class='ocrx_word' id='word_1_752' title='bbox 2199 4559 2566 4634; x_wconf 71' lang='grc' dir='ltr'>ἐγχειρισθεὶς</span> <span class='ocrx_word' id='word_1_753' title='bbox 2593 4558 2894 4612; x_wconf 80' lang='grc' dir='ltr'>διετέλεσεν</span> <span class='ocrx_word' id='word_1_754' title='bbox 2923 4553 3069 4610; x_wconf 80' lang='grc' dir='ltr'>οὕτω</span> <span class='ocrx_word' id='word_1_755' title='bbox 3087 4552 3178 4605; x_wconf 81' lang='grc' dir='ltr'>τὸν</span> <span class='ocrx_word' id='word_1_756' title='bbox 3199 4551 3404 4621; x_wconf 75' lang='grc' dir='ltr'>ἥσυχον</span> <span class='ocrx_word' id='word_1_757' title='bbox 3432 4548 3581 4600; x_wconf 67' lang='grc' dir='ltr'><strong>ἐκείν-</strong></span> 
     </span>
    </p>
   </div>
   <div class='ocr_carea' id='block_1_105' title="bbox 1989 4639 3579 4728">
    <p class='ocr_par' dir='ltr' id='par_1_105' title="bbox 1989 4639 3579 4728">
     <span class='ocr_line' id='line_1_105' title="bbox 1989 4639 3579 4728; baseline -0.012 -18"><span class='ocrx_word' id='word_1_758' title='bbox 1989 4674 2047 4710; x_wconf 88' lang='grc' dir='ltr'><strong>σε</strong></span> <span class='ocrx_word' id='word_1_759' title='bbox 2077 4655 2277 4728; x_wconf 85' lang='grc' dir='ltr'>μετιὼν</span> <span class='ocrx_word' id='word_1_760' title='bbox 2310 4653 2446 4724; x_wconf 87' lang='grc' dir='ltr'>βίον,</span> <span class='ocrx_word' id='word_1_761' title='bbox 2482 4653 2612 4724; x_wconf 79' lang='grc' dir='ltr'>ἄχρι</span> <span class='ocrx_word' id='word_1_762' title='bbox 2642 4651 2739 4704; x_wconf 74' lang='grc' dir='ltr'>καὶ</span> <span class='ocrx_word' id='word_1_763' title='bbox 2759 4648 2854 4703; x_wconf 87' lang='grc' dir='ltr'><strong>τοῦ</strong></span> <span class='ocrx_word' id='word_1_764' title='bbox 2888 4646 3155 4718; x_wconf 82' lang='grc' dir='ltr'>παρόντος</span> <span class='ocrx_word' id='word_1_765' title='bbox 3180 4642 3296 4713; x_wconf 85' lang='grc' dir='ltr'>βίου</span> <span class='ocrx_word' id='word_1_766' title='bbox 3324 4643 3385 4694; x_wconf 82' lang='grc' dir='ltr'><strong>τὸ</strong></span> <span class='ocrx_word' id='word_1_767' title='bbox 3419 4639 3579 4701; x_wconf 78' lang='grc' dir='ltr'>τέλος</span> 
     </span>
    </p>
   </div>
   <div class='ocr_carea' id='block_1_106' title="bbox 1988 4732 3576 4820">
    <p class='ocr_par' dir='ltr' id='par_1_106' title="bbox 1988 4732 3576 4820">
     <span class='ocr_line' id='line_1_106' title="bbox 1988 4732 3576 4820; baseline -0.013 -18"><span class='ocrx_word' id='word_1_768' title='bbox 1988 4750 2242 4820; x_wconf 74' lang='grc' dir='ltr'>ἔσχηκεν.</span> <span class='ocrx_word' id='word_1_769' title='bbox 2278 4747 2399 4799; x_wconf 82' lang='grc' dir='ltr'><strong>Ἔτι</strong></span> <span class='ocrx_word' id='word_1_770' title='bbox 2427 4762 2490 4813; x_wconf 87' lang='grc' dir='ltr'><strong>γε</strong></span> <span class='ocrx_word' id='word_1_771' title='bbox 2510 4745 2618 4815; x_wconf 84' lang='grc' dir='ltr'><strong>μὴν</strong></span> <span class='ocrx_word' id='word_1_772' title='bbox 2647 4743 2742 4798; x_wconf 65' lang='grc' dir='ltr'><strong>καὶ</strong></span> <span class='ocrx_word' id='word_1_773' title='bbox 2770 4743 2798 4794; x_wconf 86' lang='grc' dir='ltr'>ὁ</span> <span class='ocrx_word' id='word_1_774' title='bbox 2823 4739 3170 4810; x_wconf 85' lang='grc' dir='ltr'>πατριάρχης</span> <span class='ocrx_word' id='word_1_775' title='bbox 3193 4733 3396 4796; x_wconf 83' lang='grc' dir='ltr'>πολλάς</span> <span class='ocrx_word' id='word_1_776' title='bbox 3413 4732 3576 4800; x_wconf 78' lang='grc' dir='ltr'>ὡμο-</span> 
     </span>
    </p>
   </div>
   <div class='ocr_carea' id='block_1_107' title="bbox 1987 4823 3577 4911">
    <p class='ocr_par' dir='ltr' id='par_1_107' title="bbox 1987 4823 3577 4911">
     <span class='ocr_line' id='line_1_107' title="bbox 1987 4823 3577 4911; baseline -0.013 -16"><span class='ocrx_word' id='word_1_777' title='bbox 1987 4843 2136 4911; x_wconf 86' lang='grc' dir='ltr'>λόγει</span> <span class='ocrx_word' id='word_1_778' title='bbox 2193 4838 2272 4911; x_wconf 80' lang='grc' dir='ltr'>τῷ</span> <span class='ocrx_word' id='word_1_779' title='bbox 2325 4838 2447 4910; x_wconf 81' lang='grc' dir='ltr'><strong>Θεῷ</strong></span> <span class='ocrx_word' id='word_1_780' title='bbox 2508 4837 2742 4908; x_wconf 84' lang='grc' dir='ltr'>χάριτας</span> <span class='ocrx_word' id='word_1_781' title='bbox 2797 4832 2930 4903; x_wconf 84' lang='grc' dir='ltr'>παρ’</span> <span class='ocrx_word' id='word_1_782' title='bbox 2979 4831 3008 4884; x_wconf 84' lang='grc' dir='ltr'><strong>ὃ</strong></span> <span class='ocrx_word' id='word_1_783' title='bbox 3055 4827 3132 4900; x_wconf 82' lang='grc' dir='ltr'>μὴ</span> <span class='ocrx_word' id='word_1_784' title='bbox 3188 4823 3577 4896; x_wconf 84' lang='grc' dir='ltr'>συγχωρηθείη</span> 
     </span>
    </p>
   </div>
   <div class='ocr_carea' id='block_1_108' title="bbox 1989 4916 3580 5001">
    <p class='ocr_par' dir='ltr' id='par_1_108' title="bbox 1989 4916 3580 5001">
     <span class='ocr_line' id='line_1_108' title="bbox 1989 4916 3580 5001; baseline -0.014 -11"><span class='ocrx_word' id='word_1_785' title='bbox 1989 4933 2207 5000; x_wconf 63' lang='grc' dir='ltr'>ἀνάξιόν</span> <span class='ocrx_word' id='word_1_786' title='bbox 2227 4949 2278 4984; x_wconf 86' lang='grc' dir='ltr'><strong>τι</strong></span> <span class='ocrx_word' id='word_1_787' title='bbox 2296 4929 2628 5001; x_wconf 79' lang='grc' dir='ltr'>φθέγξασθαι</span> <span class='ocrx_word' id='word_1_788' title='bbox 2657 4927 2689 4998; x_wconf 81' lang='grc' dir='ltr'>ἢ</span> <span class='ocrx_word' id='word_1_789' title='bbox 2715 4924 2970 4995; x_wconf 75' lang='grc' dir='ltr'>ἐννοῆσαι</span> <span class='ocrx_word' id='word_1_790' title='bbox 2997 4922 3095 4991; x_wconf 80' lang='grc' dir='ltr'>τῆς</span> <span class='ocrx_word' id='word_1_791' title='bbox 3128 4919 3405 4990; x_wconf 80' lang='grc' dir='ltr'>μακαρίας</span> <span class='ocrx_word' id='word_1_792' title='bbox 3431 4916 3580 4969; x_wconf 70' lang='grc' dir='ltr'>ὲκείν-</span> 
     </span>
    </p>
   </div>
   <div class='ocr_carea' id='block_1_109' title="bbox 1990 5009 3577 5104">
    <p class='ocr_par' dir='ltr' id='par_1_109' title="bbox 1990 5009 3577 5104">
     <span class='ocr_line' id='line_1_109' title="bbox 1990 5009 3577 5104; baseline -0.014 -22"><span class='ocrx_word' id='word_1_793' title='bbox 1990 5045 2087 5099; x_wconf 84' lang='grc' dir='ltr'>νης</span> <span class='ocrx_word' id='word_1_794' title='bbox 2105 5025 2200 5079; x_wconf 72' lang='grc' dir='ltr'><strong>καὶ</strong></span> <span class='ocrx_word' id='word_1_795' title='bbox 2228 5024 2474 5092; x_wconf 78' lang='grc' dir='ltr'>ἀοιδίμου</span> <span class='ocrx_word' id='word_1_796' title='bbox 2507 5019 2686 5090; x_wconf 76' lang='grc' dir='ltr'>ψυχῆς</span> <span class='ocrx_word' id='word_1_797' title='bbox 2707 5035 2730 5104; x_wconf 27' lang='grc'><strong>’1</strong></span> <span class='ocrx_word' id='word_1_798' title='bbox 2754 5017 2928 5080; x_wconf 69' lang='grc' dir='ltr'>ἄλλως</span> <span class='ocrx_word' id='word_1_799' title='bbox 2965 5031 3024 5068; x_wconf 87' lang='grc' dir='ltr'><strong>τε</strong></span> <span class='ocrx_word' id='word_1_800' title='bbox 3052 5013 3110 5066; x_wconf 83' lang='grc' dir='ltr'>δὲ</span> <span class='ocrx_word' id='word_1_801' title='bbox 3131 5013 3239 5075; x_wconf 63' lang='grc' dir='ltr'>καὶ,</span> <span class='ocrx_word' id='word_1_802' title='bbox 3259 5009 3444 5063; x_wconf 73' lang='grc' dir='ltr'>πολλοὶ</span> <span class='ocrx_word' id='word_1_803' title='bbox 3463 5009 3577 5068; x_wconf 78' lang='grc' dir='ltr'>τῶν</span> 
     </span>
    </p>
   </div>
   <div class='ocr_carea' id='block_1_110' title="bbox 1993 5105 3577 5190">
    <p class='ocr_par' dir='ltr' id='par_1_110' title="bbox 1993 5105 3577 5190">
     <span class='ocr_line' id='line_1_110' title="bbox 1993 5105 3577 5190; baseline -0.009 -17"><span class='ocrx_word' id='word_1_804' title='bbox 1993 5121 2094 5190; x_wconf 82' lang='grc' dir='ltr'>τὴν</span> <span class='ocrx_word' id='word_1_805' title='bbox 2131 5117 2538 5188; x_wconf 80' lang='grc' dir='ltr'>Ἀλεξάνδρειαν</span> <span class='ocrx_word' id='word_1_806' title='bbox 2593 5113 3018 5176; x_wconf 78' lang='grc' dir='ltr'>κατοικούντων,</span> <span class='ocrx_word' id='word_1_807' title='bbox 3051 5109 3120 5164; x_wconf 83' lang='grc' dir='ltr'><strong>τά</strong></span> <span class='ocrx_word' id='word_1_808' title='bbox 3172 5106 3390 5178; x_wconf 78' lang='grc' dir='ltr'>μεγάλα</span> <span class='ocrx_word' id='word_1_809' title='bbox 3417 5105 3577 5160; x_wconf 70' lang='grc' dir='ltr'>ἐσελ-</span> 
     </span>
    </p>
   </div>
   <div class='ocr_carea' id='block_1_111' title="bbox 1993 5201 3571 5284">
    <p class='ocr_par' dir='ltr' id='par_1_111' title="bbox 1993 5201 3571 5284">
     <span class='ocr_line' id='line_1_111' title="bbox 1993 5201 3571 5284; baseline -0.009 -18"><span class='ocrx_word' id='word_1_810' title='bbox 1993 5211 2292 5283; x_wconf 83' lang='grc' dir='ltr'>τιώθησαν,</span> <span class='ocrx_word' id='word_1_811' title='bbox 2339 5210 2645 5284; x_wconf 78' lang='grc' dir='ltr'>προχείρως</span> <span class='ocrx_word' id='word_1_812' title='bbox 2697 5209 2825 5276; x_wconf 74' lang='grc' dir='ltr'>περὶ</span> <span class='ocrx_word' id='word_1_813' title='bbox 2852 5206 2913 5260; x_wconf 81' lang='grc' dir='ltr'>τὸ</span> <span class='ocrx_word' id='word_1_814' title='bbox 2941 5204 3297 5275; x_wconf 82' lang='grc' dir='ltr'>κατακρίνειν</span> <span class='ocrx_word' id='word_1_815' title='bbox 3329 5201 3571 5272; x_wconf 77' lang='grc' dir='ltr'>ἔχοντες,</span> 
     </span>
    </p>
   </div>
   <div class='ocr_carea' id='block_1_112' title="bbox 1990 5293 3570 5375">
    <p class='ocr_par' dir='ltr' id='par_1_112' title="bbox 1990 5293 3570 5375">
     <span class='ocr_line' id='line_1_112' title="bbox 1990 5293 3570 5375; baseline -0.009 -17"><span class='ocrx_word' id='word_1_816' title='bbox 1990 5304 2084 5359; x_wconf 74' lang='grc' dir='ltr'>καὶ</span> <span class='ocrx_word' id='word_1_817' title='bbox 2123 5304 2226 5375; x_wconf 84' lang='grc' dir='ltr'>τὴν</span> <span class='ocrx_word' id='word_1_818' title='bbox 2276 5302 2519 5373; x_wconf 70' lang='grc' dir='ltr'>πονηράν</span> <span class='ocrx_word' id='word_1_819' title='bbox 2562 5300 2768 5369; x_wconf 81' lang='grc' dir='ltr'>ταύτην</span> <span class='ocrx_word' id='word_1_820' title='bbox 2820 5296 3200 5368; x_wconf 80' lang='grc' dir='ltr'>άπομαθόντες</span> <span class='ocrx_word' id='word_1_821' title='bbox 3251 5293 3570 5363; x_wconf 79' lang='grc' dir='ltr'>συνήθειαν.</span> 
     </span>
    </p>
   </div>
   <div class='ocr_carea' id='block_1_113' title="bbox 2005 5384 3572 5464">
    <p class='ocr_par' dir='ltr' id='par_1_113' title="bbox 2005 5384 3572 5464">
     <span class='ocr_line' id='line_1_113' title="bbox 2005 5384 3572 5464; baseline -0.009 -14"><span class='ocrx_word' id='word_1_822' title='bbox 2005 5395 2171 5450; x_wconf 83' lang='grc' dir='ltr'>Ἀλλὰ</span> <span class='ocrx_word' id='word_1_823' title='bbox 2190 5395 2360 5448; x_wconf 83' lang='grc' dir='ltr'>ταῦτα</span> <span class='ocrx_word' id='word_1_824' title='bbox 2383 5395 2480 5464; x_wconf 83' lang='grc' dir='ltr'>μὲν</span> <span class='ocrx_word' id='word_1_825' title='bbox 2504 5392 2596 5448; x_wconf 83' lang='grc' dir='ltr'><strong>τοῦ</strong></span> <span class='ocrx_word' id='word_1_826' title='bbox 2618 5393 2764 5448; x_wconf 76' lang='grc' dir='ltr'>ὁσίου</span> <span class='ocrx_word' id='word_1_827' title='bbox 2786 5389 2980 5460; x_wconf 68' lang='grc' dir='ltr'>ἁνδρδς</span> <span class='ocrx_word' id='word_1_828' title='bbox 2998 5388 3208 5443; x_wconf 81' lang='grc' dir='ltr'>ἐκείνου</span> <span class='ocrx_word' id='word_1_829' title='bbox 3227 5385 3461 5442; x_wconf 84' lang='grc' dir='ltr'>τοιαῦτα</span> <span class='ocrx_word' id='word_1_830' title='bbox 3472 5384 3572 5438; x_wconf 79' lang='grc' dir='ltr'><strong>καὶ</strong></span> 
     </span>
    </p>
   </div>
   <div class='ocr_carea' id='block_1_114' title="bbox 1992 5485 2400 5557">
    <p class='ocr_par' dir='ltr' id='par_1_114' title="bbox 1992 5485 2400 5557">
     <span class='ocr_line' id='line_1_114' title="bbox 1992 5485 2400 5557; baseline -0.007 -14"><span class='ocrx_word' id='word_1_831' title='bbox 1992 5487 2164 5550; x_wconf 77' lang='grc' dir='ltr'>οὕτως</span> <span class='ocrx_word' id='word_1_832' title='bbox 2188 5485 2400 5557; x_wconf 76' lang='grc' dir='ltr'>ἔχοντα.</span> 
     </span>
    </p>
   </div>
  </div>
