3828 6500
274 390 390 456 953

1244 385 1421 447 νΙΤΑ
1461 383 1521 443 S.
1559 380 1879 444 JOANNIS
1916 378 2565 446 ELEEMOSYNARII.

3416 376 3526 446 954

1733 543 1961 602 CAPUT
1999 544 2067 597 ΧΙ

1467 666 1767 721 Temeraria
1806 662 2019 734 judicia
2055 667 2295 722 manda.

240 782 245 787 ⁸
308 792 313 795 ’
347 799 467 857 ΞΖ⁹.
508 800 762 873 Ἀρκέσει
817 802 873 857 δὲ
932 803 1027 857 καὶ
1069 803 1132 858 τὸ
1162 805 1495 877 ῥηθήσεσθαι
1550 804 1745 877 μέλλον
1776 804 1844 867 είς

2029 802 2241 862 LXVII.
2284 803 2527 863 Sumciet
2573 815 2755 864 autem
2797 805 2849 862 id
2881 821 3099 878 quoque
3132 807 3276 880 quod
3317 816 3402 865 est
3438 810 3527 864 di-

279 894 608 966 μαρτυρίαν,
634 894 782 959 ὅπως
810 893 1008 966 βραδὺς
1039 897 1119 960 είς
1150 897 1475 969 κατάκρισιν
1504 896 1799 968 ἐτύγχανεν
1824 898 1853 949 ὁ

278 986 591 1056 θαυμαστὸς
644 986 1013 1060 πατριάρχης.
1040 989 1180 1053 Νέος
1202 1006 1284 1054 τις
1306 989 1627 1052 ἀκολάστοις
1654 989 1854 1061 ὁρμαῖς

275 1077 578 1149 χρώμενος,
634 1078 737 1132 ἀνὰ
790 1078 890 1149 τὴν
933 1079 1088 1132 πόλιν
1132 1080 1360 1152 περιιὼν
1418 1079 1850 1150 Ἀλεξάνδρειαν,

275 1170 547 1241 παρθένον
567 1169 688 1224 τινὰ
708 1171 817 1224 τῶν
840 1156 941 1225 τὸν
966 1173 1257 1242 μοναχικδν
1286 1172 1400 1244 βίον
1422 1171 1849 1242 ἀσπασαμένων,

274 1268 375 1337 τῆς
417 1267 633 1332 εὐθείας
666 1268 1079 1339 ἀποπλανὴσας,
1110 1263 1231 1320 εἶτα
1270 1265 1596 1337 ὲντρύφημα
1623 1262 1721 1332 τῆς
1752 1262 1853 1315 αύ-

273 1359 370 1413 τοῦ
398 1360 624 1430 θέμενος
657 1360 967 1429 ἀσελγείας,
1005 1363 1123 1430 μετ’
1148 1346 1332 1427 ὀλίγον
1359 1357 1439 1420 είς
1471 1356 1531 1409 τὸ
1557 1355 1852 1420 Βυζάντιον

278 1455 378 1505 σὺν
399 1454 537 1524 αὑτῇ
568 1454 984 1525 ἀπέδρα.”οπερ
1014 1452 1240 1523 μαθόντι
1266 1450 1342 1521 τῷ
1371 1448 1642 1519 θεσπεσίῳ
1674 1447 1852 1516 λύπης

274 1544 479 1614 πολλῆς
522 1544 759 1614 κατέστη
794 1545 987 1598 αἴτιον.
1021 1543 1129 1596 Kal.
1162 1541 1319 1595 τοῦτο
1339 1541 1402 1611 δὴ
1446 1541 1506 1594 τὸ
1539 1538 1634 1593 τοῦ
1665 1538 1850 1607 λόγου,

275 1636 457 1690 πάντα
500 1635 645 1690 λίθον
674 1636 864 1700 ἐκίνει,
920 1635 1169 1690 σπεύδων
1202 1634 1400 1698 αὐτοὺς
1425 1635 1508 1706 ότι
1529 1633 1689 1703 τάχος
1717 1628 1851 1685 ἀνα-

270 1727 461 1781 λαϐεῖν
482 1727 577 1780 τοῦ
607 1728 916 1798 πτώματος.
958 1729 1171 1799 Χρόνου
1195 1727 1253 1780 δὲ
1285 1727 1345 1779 τὸ
1376 1727 1577 1797 μεταξὺ
1605 1726 1851 1792 διαγενο-

276 1818 464 1887 μένου,
505 1818 758 1888 διήγησιν
812 1818 948 1888 πρός
977 1837 1129 1883 τινας
1163 1820 1273 1873 τῶν
1318 1819 1412 1873 τοῦ
1441 1819 1647 1889 κλήρου
1674 1816 1851 1888 ψυχῆς

271 1908 545 1977 ὠφέλειαν
571 1910 818 1979 ἐμποιεῖν
840 1910 1166 1981 δυναμένην,
1198 1910 1294 1963 τοῦ
1324 1913 1601 1980 μακαρίου
1628 1909 1849 1979 διηγου-

276 2000 462 2069 μένου,
515 2001 609 2053 καὶ
640 2001 673 2071 ή
706 1999 798 2053 τοῦ
835 2001 955 2054 νέου
1002 2001 1212 2055 ἐκείνου
1250 2002 1343 2056 καὶ
1390 2001 1691 2072 ’.νεωτερικᾶ
1720 2000 1850 2072 δρά-

272 2107 469 2154 σαντος
501 2090 691 2161 ἔτυχεν
735 2090 908 2156 οὓτως
939 2091 1372 2164 παρενεχθῆναι·
1395 2093 1453 2146 ὃν
1474 2094 1637 2157 εὐθὺς
1657 2095 1706 2146 οἱ
1724 2093 1845 2146 τότε

272 2182 546 2252 παρόντες
582 2183 907 2256 κατέκρινόν
930 2203 989 2239 τε
1011 2186 1105 2238 καὶ
1126 2187 1502 2256 ἀπεκήρυττον
1526 2184 1602 2248 ὡς
1625 2186 1688 2238 ὲκ
1719 2185 1846 2256 μιᾶς

272 2273 519 2338 ἅπαντες
558 2274 828 2346 γλώττης,
860 2277 918 2330 ού
939 2277 1033 2331 δύο
1069 2278 1247 2349 μόνων
1266 2276 1456 2347 ψυχῶν
1487 2276 1760 2331 ἀπώλειαν
1787 2275 1849 2329 τὸ

244 2352 247 2353 ν
271 2365 599 2435 φαινόμενον
615 2367 799 2435 ὅφλειν
820 2368 1092 2437 λέγοντες,
1113 2368 1251 2422 ἀλλὰ
1271 2369 1368 2423 καὶ
1388 2369 1600 2422 πολλῶν
1623 2370 1845 2441 ἑτέρων,

267 2452 352 2523 οἷς
384 2460 462 2522 εἰς
482 2456 717 2530 πονηρὸν
745 2461 982 2531 κατέστη
1011 2462 1384 2533 παράδειγμα.
1404 2462 1628 2526 Τούτοις
1656 2479 1846 2530 τοιγα-

272 2552 402 2617 ροῦν
430 2553 531 2622 τῆς
556 2554 848 2625 προχείρου
879 2554 1084 2626 ταύτης
1114 2555 1562 2626 ἐπιμεμφόμενος
1579 2553 1846 2625 κατακρί-

269 2661 432 2713 σεως,
492 2646 585 2718 Μὴ
626 2646 821 2714 οὕτως,
868 2643 1042 2713 εἶπεν,
1088 2641 1132 2702 ὦ
1162 2650 1346 2713 τέκνα,
1378 2648 1451 2718 μὴ
1482 2646 1693 2701 εὖκολοί
1723 2649 1846 2701 ἐστε

266 2734 369 2802 τὴν
401 2735 647 2803 γλῶτταν
677 2738 738 2791 ὲν
770 2737 846 2808 τῷ
891 2740 1171 2792 κατειπεῖν
1198 2738 1276 2810 τῷ
1314 2738 1564 2808 πλησίον,
1605 2738 1729 2790 ἐπεὶ
1753 2737 1847 2791 καί⁵

269 2827 431 2898 ὑμεῖς
492 2827 709 2892 πάντως
759 2829 881 2884 δυσὶ
944 2832 1135 2895 κακοῖς
1196 2831 1419 2901 μέλλετε
1481 2831 1723 2884 πίπτειν*
1764 2829 1847 2883 ένὶ

270 2919 395 2988 μὲν,
417 2918 510 2973 τοῦ
543 2919 619 2991 μὴ
667 2921 774 2991 πρὸ
804 2922 999 2992 καιροῦ
1048 2940 1100 2976 τι
1149 2924 1358 2994 κρίνειν
1398 2923 1847 2991 διακελευομένου

266 3015 371 3079 τὴν
400 3011 621 3082 ἐντολὴν
662 3012 1091 3082 παραϐαίνοντες
1111 3030 1126 3046 ·
1152 3015 1323 3087 ἑτέρῳ
1352 3015 1430 3082 δὲ,
1460 3016 1542 3069 ὅτι
1587 3014 1648 3069 τὸ
1682 3015 1847 3088 μέχρι

265 3102 364 3154 τοῦ
400 3102 494 3157 νῦν
525 3102 816 3175 γενόμενον
852 3105 1197 3173 ἀγνοοῦντες,
1216 3105 1410 3177 κριτὰς
1441 3105 1663 3167 ἑαυτοὺς
1704 3105 1847 3158 ὲκεί-

267 3210 365 3247 νου
410 3195 554 3249 κατὰ
599 3197 800 3267 πολλὴν
837 3197 1088 3262 καθίζετε
1131 3199 1231 3269 τὴν
1280 3198 1586 3268 εὐχέρειαν.
1616 3197 1847 3268 Ἀδηλον

264 3283 380 3355 γὰρ
412 3286 627 3347 πάντως
658 3286 768 3341 εἴτε
797 3290 876 3350 είς
912 3288 1072 3358 δεῦρο
1092 3289 1170 3359 τῷ
1198 3289 1555 3360 ἁμαρτήματι
1593 3288 1847 3360 παραμέ-

266 3391 440 3441 νουσι,
466 3375 498 3447 ἢ
527 3377 885 3446 μετεϐάλοντο
909 3380 1044 3450 πρὸς
1069 3380 1374 3451 διόρθωσιν.
1392 3378 1533 3450 Ἐγὼ
1560 3382 1669 3452 γάρ
1692 3398 1842 3449 ποτε,

265 3466 396 3537 ἔφη,
435 3465 548 3537 βίον
563 3467 710 3533 τινος
732 3470 840 3523 τῶν
864 3472 1114 3540 μεγάλων
1144 3471 1403 3543 Πατέρων
1430 3472 1842 3542 ἀναγινώσκων,
1871 3497 1915 3556 C

265 3559 497 3631 τοιούτῳ
518 3561 623 3615 τινὶ
657 3562 927 3634 ὠφελείας
954 3565 1137 3638 μεστῷ
1162 3565 1462 3639 διηγήματι
1496 3565 1841 3638 περιέτυχον.

266 3644 395 3720 Εἶχε
436 3649 492 3704 δὲ
519 3650 693 3716 οὕτως

337 3872 466 3928 EH’.
499 3875 598 3939 Εἰς
628 3873 808 3947 Τύρον
833 3875 932 3949 τὴν
968 3876 1127 3932 πόλιν
1156 3877 1383 3949 μοναχοὶ
1429 3875 1524 3931 δύο
1560 3874 1843 3932 διακονίαν

260 3966 441 4038 δήπου
473 3967 808 4039 πληροῦντες
846 3969 1108 4039 ἀφίκοντο
1131 3985 1147 4003 ⁸
1177 3969 1392 4042 θατέρῳ
1421 3969 1479 4024 δὲ
1519 3968 1727 4024 τούτων
1763 3970 1845 4033 είς

261 4060 432 4112 τόπον
468 4059 717 4129 παριόντι
745 4059 868 4114 τινὰ
905 4060 1004 4130 μία
1050 4061 1161 4116 τῶν
1201 4061 1442 4134 πορνῶν,
1482 4055 1551 4132 ἧς
1598 4057 1843 4131 τοῦνομα

264 4147 573 4219 Πορφυρία,
608 4149 792 4202 εἵπετο
809 4148 1109 4220 κράζουσαο
1142 4150 1327 4222 Πάτερ
1356 4149 1715 4221 τίμιε,σῶσόν
1749 4165 1839 4220 με,

260 4232 355 4293 οἶά
380 4256 511 4295 ποτε
536 4240 636 4313 τὴν
664 4240 872 4312 πόρνην
910 4240 1119 4312 Ἰησοῦς
1142 4241 1172 4295 ό
1195 4242 1449 4314 Χριστός.
1493 4241 1552 4296 '0
1579 4240 1637 4295 δὲ
1673 4241 1842 4312 μηδὲν

260 4332 375 4387 τῶν
404 4332 762 4403 ἀνθρωπίνων
810 4332 1298 4401 ὑπολογισάμενος,
1336 4332 1637 4402 λαϐόμενος
1669 4331 1842 4402 αὐτῆς

260 4426 364 4492 τῆς
405 4425 587 4496 χειρὸς
616 4424 722 4477 ὑπὸ
751 4422 962 4477 πολλῶν
993 4421 1246 4495 ὁρώντων
1274 4425 1388 4487 τοῖς
1425 4422 1722 4492 ὀφθαλμοῖς
1751 4421 1842 4475 διὰ

261 4518 436 4587 μέσης
470 4517 570 4585 τῆς
598 4516 803 4582 πόλεως
826 4516 1014 4584 ἔξεισι.
1043 4516 1204 4587 Φήμη
1242 4514 1531 4587 τοιγαροῦν
1560 4512 1838 4585 πανταχοῦ

257 4610 601 4682 διέρῤευσεν,
632 4609 708 4672 ὡς
768 4609 857 4681 εἴη
909 4612 937 4664 ό
990 4608 1223 4680 μοναχδς
1253 4610 1459 4669 ἐκεῖνος
1495 4611 1574 4672 είς
1604 4609 1839 4675 γυναῖκα

256 4701 359 4774 τὴν
383 4700 695 4773 Πορφυρίαν
716 4699 918 4756 λαϐὼν.
942 4700 1161 4755 Διιοῦσα
1179 4700 1236 4753 δὲ
1256 4701 1289 4771 ἡ
1323 4700 1494 4772 πόρνη
1550 4701 1646 4754 σὺν
1687 4698 1838 4770 αύτῷ

1955 897 2207 960 cendum,
2238 897 2305 952 ad
2353 899 2659 954 testandum
2711 914 2873 970 quam
2912 909 3059 957 esset
3104 900 3287 956 tardus
3327 900 3411 956 vir
3439 900 3531 957 ille

1955 986 2288 1043 admirabilis
2334 990 2401 1044 ad
2457 992 2986 1049 condemnationem.
3036 989 3267 1059 Quidam
3312 991 3529 1062 juvenis

1955 1077 2257 1147 impudicus
2287 1079 2564 1136 civitatem
2586 1080 2777 1137 obiens
2815 1083 3222 1146 Alexandriam,
3265 1099 3387 1138 cum
3418 1084 3528 1139 vir-

1954 1167 2133 1237 ginem
2177 1169 2466 1238 quamdam
2504 1170 2686 1235 exiis,
2724 1186 2844 1241 Quae
2880 1173 3046 1227 vitam
3086 1172 3347 1244 amplexae
3373 1183 3530 1230 erant

1954 1260 2334 1327 monasticam,
2375 1277 2405 1316 a
2441 1262 2523 1317 via
2552 1272 2700 1318 recta
2732 1265 3070 1329 abduxisset,
3102 1273 3158 1320 et
3188 1266 3381 1321 deinde
3405 1279 3524 1320 eam

1953 1366 2066 1407 suae
2111 1352 2354 1410 libidinis
2403 1365 2458 1410 et
2512 1355 2950 1419 intemperantiae
3003 1357 3225 1414 fecisset
3282 1357 3529 1425 delicias,

1952 1444 2111 1513 paulo
2161 1455 2276 1515 post
2319 1462 2439 1501 cum
2483 1462 2545 1502 ea
2594 1447 2801 1519 aufugit
2833 1447 3177 1521 Byzantium.
3218 1448 3375 1517 Quod
3405 1449 3529 1520 qui-

1954 1537 2077 1591 dem
2105 1552 2228 1593 cum
2262 1540 2573 1595 rescivisset
2605 1541 2692 1595 vir
2724 1541 2965 1609 divinus,
3006 1557 3203 1612 magno
3225 1542 3412 1598 dolore
3445 1549 3528 1598 est

1953 1629 2203 1697 affectus.
2246 1642 2320 1699 et,
2351 1642 2410 1687 ut
2448 1633 2673 1702 dicitur,
2717 1649 2936 1689 omnem
2984 1635 3238 1690 movebat
3269 1633 3526 1705 lapidem,

1951 1726 2174 1778 studens
2204 1740 2296 1780 eos
2320 1741 2350 1780 a
2373 1725 2522 1797 lapsu
2552 1741 2828 1784 revocare.
2858 1726 3151 1796 Aliquanto
3175 1736 3357 1782 autem
3386 1736 3523 1782 tem-

1950 1830 2084 1887 pore
2118 1817 2421 1887 interjecto,
2466 1819 2665 1873 accidit
2704 1826 2762 1872 ut
2812 1834 2933 1873 cum
2979 1819 3116 1889 apud
3156 1817 3418 1886 quosdam
3458 1831 3526 1871 ex

1952 1907 2097 1962 clcro
2136 1916 2386 1963 narraret
2407 1909 2595 1964 beatus
2645 1909 2934 1982 quamdam
2967 1910 3362 1974 narrationem,
3405 1921 3526 1977 qua:

1951 2009 2161 2069 poterat
2212 2015 2403 2054 eorum
2478 2001 2673 2055 animat
2736 2000 2929 2056 afferre
2999 2000 3335 2065 utilitatem,
3381 1998 3525 2052 illius

1953 2107 2167 2163 quoque
2210 2092 2449 2163 juvenis,
2496 2093 2596 2167 qui
2650 2093 2765 2146 haec
2799 2093 3038 2147 recentia
3086 2091 3319 2156 fecerat,
3375 2090 3529 2146 fleret

1956 2185 2191 2249 mentio;
2221 2199 2379 2252 quem
2428 2185 2517 2255 qui
2545 2194 2675 2238 tunc
2717 2184 2970 2249 aderant,
3003 2184 3246 2255 protinus
3271 2185 3527 2239 condem-

1952 2275 2177 2342 nabam,
2248 2282 2511 2347 tanquam
2563 2291 2670 2331 uno
2719 2290 2816 2331 ore
2864 2292 3054 2332 omnes
3100 2276 3364 2341 dicentes,
3402 2290 3524 2330 eum

1952 2383 2057 2423 non
2089 2368 2263 2423 solum
2296 2368 2450 2435 duas,
2486 2378 2544 2423 ut
2585 2368 2898 2437 apparebat,
2934 2366 3237 2437 perdidisse
3293 2366 3524 2432 animas,

1950 2460 2043 2515 sed
2068 2468 2121 2515 et
2159 2468 2263 2513 tam
2307 2460 2505 2515 multas
2556 2459 2713 2524 alias,
2762 2461 2958 2530 quibus
3010 2459 3111 2514 hoc
3163 2458 3363 2512 malum
3407 2467 3526 2513 erat

1948 2550 2227 2618 exemplar
2262 2551 2620 2618 propositum.
2680 2551 2877 2606 Eorum
2933 2551 3119 2618 itaque
3164 2563 3391 2618 magnus
3437 2547 3526 2602 ille

1949 2642 2111 2697 nimis
2175 2641 2388 2696 facilem
2425 2644 2824 2712 reprehendens
2868 2642 3397 2708 condemnationem,
3424 2638 3528 2694 No-

1948 2733 2062 2797 lite,
2104 2733 2298 2803 inquit,
2352 2749 2384 2788 o
2429 2734 2546 2800 filii,
2597 2734 2762 2787 nolite
2788 2748 2907 2788 esse
2935 2733 3112 2803 lingua
3149 2744 3256 2787 tam
3291 2734 3523 2801 prompti

1948 2825 2016 2877 ad
2047 2824 2431 2878 detrahendum
2459 2825 2725 2893 proximo.
2756 2822 2892 2877 Nam
2928 2824 3006 2878 sic
3037 2822 3251 2893 quidem
3285 2822 3522 2878 futurum

1947 2926 2051 2979 est,
2102 2928 2161 2971 ut
2188 2932 2280 2972 vos
2323 2919 2544 2972 omnino
2588 2918 2642 2973 in
2680 2917 2789 2972 duo
2860 2916 3002 2971 mala
3036 2913 3308 2979 incidatis,
3353 2929 3521 2969 unum

1948 3009 2189 3080 quidem,
2223 3009 2688 3078 transgredientes
2718 3017 3045 3078 praeceptum
3073 3006 3237 3072 illius,
3261 3005 3351 3076 qui
3370 3002 3525 3073 jubet

1948 3113 2054 3153 non
2090 3097 2335 3166 judicare
2399 3110 2525 3154 ante
2570 3110 2824 3170 tempus;
2877 3098 3101 3153 alterum
3135 3105 3334 3161 autem,
3379 3097 3523 3168 quod

1946 3190 2260 3262 ignorantes
2295 3193 2440 3261 quod
2466 3191 2748 3262 hucusque
2786 3191 2990 3246 factum
3051 3196 3155 3253 est,
3186 3204 3282 3245 vos
3328 3203 3521 3259 magna

1947 3282 2209 3340 facilitate
2264 3284 2594 3340 constituitis
2653 3284 2884 3354 judices.
2933 3283 3030 3339 Est
3091 3281 3234 3337 enim
3301 3280 3525 3336 omnino

1923 3372 2238 3437 'incertum,
2269 3388 2337 3428 an
2369 3375 2647 3443 hucusque
2697 3381 3050 3445 permaneant
3080 3371 3134 3425 in
3175 3380 3421 3440 peccato,
3450 3384 3520 3424 an

1949 3465 2139 3520 mutati
2159 3464 2269 3520 sint
2299 3466 2366 3521 ad
2383 3465 2800 3521 correctionem.
2848 3463 2962 3532 Ego
2998 3465 3167 3527 enim.
3192 3462 3385 3531 inquit,
3419 3462 3523 3515 ali-

1947 3558 2165 3627 quando
2197 3558 2382 3625 legens
2411 3557 2582 3611 vitam
2624 3554 2907 3627 cujusdam
2944 3551 3124 3623 magni
3153 3565 3220 3606 ex
3246 3550 3521 3616 Patribus,

1920 3648 2111 3705 ‘incidi
2152 3649 2206 3703 in
2243 3649 2403 3704 talem
2456 3648 2830 3704 narrationem
2869 3645 3085 3717 plenam
3130 3644 3385 3700 utilitate.
3426 3642 3520 3701 Sic

1945 3751 2127 3798 autem
2155 3741 2430 3799 habebat:
3232 3800 3237 3805 ,

2015 3855 2249 3914 LXVIII.
2287 3856 2347 3913 In
2395 3857 2599 3931 Tyrum
2645 3855 2920 3913 civitatem
2965 3864 3232 3913 venerant
3275 3854 3384 3913 duo
3413 3866 3521 3910 mo-

1945 3973 2126 4039 nachi,
2180 3972 2361 4044 aliquo
2405 3971 2692 4044 iungentes
2736 3971 3064 4047 ministerio.
3097 3971 3345 4031 Alterum
3390 3985 3523 4027 vero

1942 4083 2158 4133 eorum,
2189 4083 2312 4125 cum
2340 4069 2580 4126 venisset
2606 4068 2661 4123 in
2695 4067 2984 4139 quemdam
3028 4066 3228 4136 locum,
3270 4067 3516 4138 quaedam

1942 4162 2225 4229 meretrix,
2271 4162 2362 4218 cui
2396 4178 2593 4219 nomen
2639 4171 2760 4218 crat
2806 4161 3130 4235 Porphyria,
3177 4164 3512 4234 sequebatur

1942 4251 2234 4308 clamans:
2278 4251 2597 4311 Venerande
2640 4253 2819 4322 Pater,
2861 4271 3020 4313 serva
3057 4271 3167 4322 me,
3200 4257 3345 4313 sicut
3389 4257 3520 4312 olim

1940 4340 2102 4400 Jesus
2130 4342 2383 4400 Christus
2409 4346 2777 4403 meretricem.
2802 4346 2898 4403 Ille
2927 4357 3111 4403 autem
3158 4347 3524 4402 humanarum

1943 4448 2125 4490 rerum
2168 4434 2302 4490 nihil
2360 4447 2641 4508 reputans,
2686 4450 2749 4494 ea
2802 4453 2968 4495 manu
3028 4448 3276 4509 accepta,
3334 4438 3520 4495 multis

1941 4526 2277 4596 videntibus,
2298 4529 2580 4598 egreditur
2608 4544 2705 4599 per
2736 4531 2967 4586 mediam
2999 4531 3302 4586 civitatem.
3326 4528 3517 4587 Mana-

1941 4616 2020 4672 vi’t
2047 4619 2228 4689 itaque
2271 4618 2418 4675 fama
2456 4620 2511 4676 in
2542 4634 2734 4678 omnes
2780 4627 2987 4691 partes.
3015 4620 3158 4691 quod
3195 4619 3287 4676 ille
3334 4635 3513 4676 mona-

1942 4710 2078 4767 chus
2110 4711 2164 4767 in
2202 4726 2428 4767 uxorem
2469 4712 2773 4784 accepisset
2806 4711 3183 4783 Porphyriam.
3216 4710 3353 4768 Cum
3399 4711 3517 4782 ipso

256 4797 447 4858 πόλεις
477 4813 535 4850 τε
593 4795 691 4851 καὶ
744 4795 960 4865 κώμας,
1015 4794 1206 4865 βρέφει
1236 4793 1625 4866 περιτυγχάνει
1663 4794 1836 4865 χαμαὶ

1948 4803 2137 4859 obiens
2169 4803 2428 4859 meretrix
2457 4803 2621 4860 urbes
2648 4813 2702 4860 et
2732 4804 2903 4871 vicos,
2943 4804 3136 4861 incidit
3169 4804 3223 4859 in
3254 4803 3518 4861 infantem

255 4886 520 4958 κειμένῳ·
556 4887 693 4959 ὅπερ
718 4886 927 4955 ὲπὶοτῷ
949 4886 1250 4958 ἀναθρέψαι
1289 4885 1685 4956 φιλανθρώπως
1718 4886 1839 4940 ἀνε-

257 4981 465 5047 λομένη
485 4978 829 5049 βαστάζουσα
846 4973 937 5050 ἦν.
957 4980 1149 5050 Χρόνῳ
1175 4979 1233 5032 δέ
1263 4996 1369 5033 τινι
1400 4977 1524 5032 ῦστε
1533 4995 1623 5048 ρον
1644 4978 1834 5049 Τύριοι

256 5069 664 5133 καταλαϐόντες
702 5069 834 5124 ἔνθα
872 5064 1018 5125 οὗτοι
1056 5070 1346 5139 διέτριϐον,
1392 5073 1486 5126 καὶ
1527 5072 1589 5126 τδ
1624 5073 1839 5128 παιδίον

1944 4891 2088 4945 humi
2125 4890 2421 4961 jaceutem.
2454 4890 2627 4958 Quem
2671 4892 2889 4963 quidem
2914 4904 3036 4949 cum
3072 4891 3305 4960 benigne
3332 4900 3516 4946 sustu-

1939 4980 2115 5047 lisset,
2163 4991 2227 5037 ut
2269 4981 2441 5038 aleret
2467 4997 2656 5037 secum
2693 4995 2823 5035 eum
2862 4980 3134 5052 portabat.
3163 4980 3300 5037 Cum
3326 4980 3515 5051 aliquo

1937 5084 2118 5128 autem
2149 5082 2396 5144 tempore
2433 5074 2709 5131 venissent
2743 5072 2893 5146 Tyrii
2936 5073 2991 5128 in
3030 5087 3152 5128 eum
3194 5074 3393 5137 locum,
3421 5072 3514 5127 ubi

255 5163 365 5216 ὑπό
392 5179 455 5231 γε
488 5162 589 5233 τῆς
614 5162 819 5233 πόρνης
846 5163 1045 5226 ἰδόντες
1078 5163 1499 5235 ὴγκαλισμένον,
1528 5164 1718 5235 ὥσπερ
1746 5167 1842 5235 ἑγ-

1948 5165 2319 5233 rersabantur,
2366 5173 2423 5222 et
2455 5167 2802 5222 meretricem
2848 5166 3113 5222 vidissent
3148 5166 3201 5221 in
3250 5167 3394 5222 ulnis
3435 5175 3516 5220 te-

255 5253 549 5321 γελῶντες,
582 5252 677 5307 καὶ
724 5253 821 5306 τοῦ
851 5254 1101 5325 γενναίου
1132 5254 1283 5307 τοῦδε
1321 5253 1515 5325 ἀνδρὸς
1572 5273 1842 5326 κατειρω·

1935 5273 2066 5315 nere
2095 5257 2383 5325 infantem,
2410 5258 2575 5314 veluti
2618 5259 2930 5328 irridentes,
2966 5267 3020 5314 et
3056 5259 3336 5332 egregium
3368 5259 3515 5316 hunc

255 5341 560 5410 γευόμενοι,
595 5340 857 5411 ’Δληθῶς,
881 5342 1066 5411 ἔλεγον
1090 5344 1226 5413 πρὸς
1247 5345 1439 5414 αὐτὴν,
1465 5345 1565 5416 οὐχ
1592 5345 1840 5418 ἥμαρτες

1948 5351 2110 5405 virmn
2135 5349 2516 5410 ludificantes:
2558 5349 2639 5406 Re
2677 5366 2827 5417 vera,
2867 5355 2917 5408 ei
2968 5351 3242 5419 dicebant,
3276 5365 3307 5405 a
3347 5364 3519 5420 scepo

255 5432 352 5484 τοῦ
379 5433 583 5487 σκοποῦ
606 5448 622 5464 ο
653 5434 818 5489 καλὸν
841 5435 948 5507 γάρ
980 5453 1061 5489 σοι
1093 5437 1149 5493 τὸ
1174 5437 1236 5490 ὲκ
1265 5438 1357 5491 τοῦ
1388 5438 1622 5509 μοναχοῦ
1647 5439 1836 5495 τέκνον

258 5527 658 5598 ἁποκεκύηται.
689 5528 752 5583 Οἳ
788 5531 883 5584 καὶ
909 5531 988 5594 εἰς
1031 5530 1205 5601 Τύρον
1230 5530 1640 5597 ἐπανελθόντες,
1675 5533 1836 5602 λόγον

255 5617 578 5690 ἁπανταχοῦ
599 5620 935 5690 διέσπειραν,
970 5622 1034 5676 ὲκ
1082 5621 1174 5677 τοῦ
1209 5623 1441 5694 μοναχοῦ
1470 5624 1673 5696 ταύτην
1704 5643 1829 5680 παι-η

255 5710 369 5764 δίον
402 5710 712 5778 ἀποτεκεῖν,
745 5715 935 5783 σαφεῖς
970 5714 1179 5769 ἐκείνου
1222 5713 1485 5781 διασῶζον
1511 5719 1634 5781 τοὺς
1658 5735 1832 5787 χαρα-

258 5806 485 5875 κτῆρας.
521 5804 677 5862 Οὕτω
712 5805 894 5879 σχεδὸν
924 5807 970 5860 οἱ
1003 5806 1275 5879 ἄνθρωποι
1310 5808 1515 5881 ἕτοιμοι
1544 5809 1827 5866 πιστεῦσαι

1944 5459 2050 5498 non
2080 5443 2368 5499 abcrrasti.
2403 5442 2639 5499 Pulcher
2668 5444 2814 5499 enim
2842 5444 2936 5498 tibi
2964 5444 3108 5499 ﬁlius
3140 5454 3299 5500 natus
3324 5453 3413 5500 est
3446 5459 3514 5500 ex

1942 5536 2227 5591 monacho.
2263 5535 2367 5604 Qui
2392 5536 2555 5592 etiam
2593 5536 2798 5609 Tyrum
2828 5538 3056 5604 reversi,
3084 5551 3206 5594 eam
3243 5551 3358 5593 rem
3391 5535 3508 5592 ubi.

1941 5646 2046 5700 que
2067 5630 2509 5697 disseminarunt,
2536 5633 2682 5702 quod
2715 5645 2779 5686 ea
2814 5646 2882 5688 ex
2912 5631 3180 5687 monacho
3214 5629 3516 5701 peperisset

1942 5721 2135 5786 filium,
2193 5721 2282 5791 qui
2328 5720 2472 5776 illius
2514 5737 2829 5791 expressam
2872 5719 3219 5777 conservavit
3253 5718 3506 5790 efﬁgiem.

1938 5816 2015 5872 Ita
2041 5815 2155 5874 fere
2188 5825 2305 5873 sunt
2343 5816 2591 5875 homines
2615 5818 2849 5891 prompti
2881 5817 2947 5873 ad
2982 5814 3314 5873 credendum
3340 5814 3513 5884 suspi-
