  <div class='ocr_page' id='page_1' title='image "/cluster/home/n/w/nwhite01/storage/ocr_20150623/114/hvd.32044019208123/511.png"; bbox 0 0 3828 6466; ppageno 0'>
   <div class='ocr_carea' id='block_1_1' title="bbox 342 307 3606 418">
    <p class='ocr_par' dir='ltr' id='par_1_1' title="bbox 342 307 3606 418">
     <span class='ocr_line' id='line_1_1' title="bbox 342 307 3606 418; baseline -0.015 0"><span class='ocrx_word' id='word_1_1' title='bbox 342 352 456 418; x_wconf 73' lang='lat'><strong>955</strong></span> <span class='ocrx_word' id='word_1_2' title='bbox 1569 327 1855 394; x_wconf 81' lang='lat' dir='ltr'><strong>MENSIS</strong></span> <span class='ocrx_word' id='word_1_3' title='bbox 1890 321 2353 387; x_wconf 78' lang='lat' dir='ltr'><strong>JANUARIUS.</strong></span> <span class='ocrx_word' id='word_1_4' title='bbox 3502 307 3606 371; x_wconf 70' lang='grc'><strong>956</strong></span> 
     </span>
    </p>
   </div>
   <div class='ocr_carea' id='block_1_2' title="bbox 349 416 1968 523">
    <p class='ocr_par' dir='ltr' id='par_1_2' title="bbox 349 438 1968 523">
     <span class='ocr_line' id='line_1_2' title="bbox 349 438 1968 523; baseline -0.021 -1"><span class='ocrx_word' id='word_1_5' title='bbox 349 462 614 523; x_wconf 87' lang='lat' dir='ltr'><strong>cionibus,</strong></span> <span class='ocrx_word' id='word_1_6' title='bbox 643 466 695 513; x_wconf 86' lang='lat' dir='ltr'><strong>et</strong></span> <span class='ocrx_word' id='word_1_7' title='bbox 723 453 954 510; x_wconf 78' lang='lat' dir='ltr'><strong>maxime</strong></span> <span class='ocrx_word' id='word_1_8' title='bbox 971 450 1062 520; x_wconf 89' lang='lat' dir='ltr'><strong>qui</strong></span> <span class='ocrx_word' id='word_1_9' title='bbox 1094 457 1227 503; x_wconf 88' lang='lat' dir='ltr'><strong>sunt</strong></span> <span class='ocrx_word' id='word_1_10' title='bbox 1266 445 1391 501; x_wconf 85' lang='lat' dir='ltr'><strong>mali</strong></span> <span class='ocrx_word' id='word_1_11' title='bbox 1436 450 1490 499; x_wconf 89' lang='lat' dir='ltr'><strong>et</strong></span> <span class='ocrx_word' id='word_1_12' title='bbox 1541 438 1815 512; x_wconf 78' lang='lat' dir='ltr'><strong>llagitiosi,</strong></span> <span class='ocrx_word' id='word_1_13' title='bbox 1876 443 1932 490; x_wconf 93' lang='lat' dir='ltr'><strong>et</strong></span> <span class='ocrx_word' id='word_1_14' title='bbox 1963 483 1968 494; x_wconf 42' lang='grc' dir='ltr'>ε</span> 
     </span>
    </p>
   </div>
   <div class='ocr_carea' id='block_1_3' title="bbox 2074 416 3612 523">
    <p class='ocr_par' dir='ltr' id='par_1_3' title="bbox 2074 416 3612 495">
     <span class='ocr_line' id='line_1_3' title="bbox 2074 416 3612 495; baseline -0.01 -9"><span class='ocrx_word' id='word_1_15' title='bbox 2074 434 2155 495; x_wconf 86' lang='grc' dir='ltr'><strong>αῖς</strong></span> <span class='ocrx_word' id='word_1_16' title='bbox 2197 426 2502 491; x_wconf 81' lang='grc' dir='ltr'><strong>ὑπονοίαις,</strong></span> <span class='ocrx_word' id='word_1_17' title='bbox 2566 423 2661 478; x_wconf 72' lang='grc' dir='ltr'><strong>καὶ</strong></span> <span class='ocrx_word' id='word_1_18' title='bbox 2701 422 2935 494; x_wconf 83' lang='grc' dir='ltr'><strong>μάλιστα</strong></span> <span class='ocrx_word' id='word_1_19' title='bbox 2970 418 3162 489; x_wconf 78' lang='grc' dir='ltr'><strong>φαῦλοι</strong></span> <span class='ocrx_word' id='word_1_20' title='bbox 3206 419 3302 473; x_wconf 82' lang='grc' dir='ltr'><strong>καὶ</strong></span> <span class='ocrx_word' id='word_1_21' title='bbox 3351 416 3612 488; x_wconf 76' lang='grc' dir='ltr'><strong>μοχθηροὶ</strong></span> 
     </span>
    </p>
   </div>
   <div class='ocr_carea' id='block_1_4' title="bbox 354 509 1968 613">
    <p class='ocr_par' dir='ltr' id='par_1_4' title="bbox 354 527 1929 613">
     <span class='ocr_line' id='line_1_4' title="bbox 354 527 1929 613; baseline -0.02 -3"><span class='ocrx_word' id='word_1_22' title='bbox 354 569 386 610; x_wconf 83' lang='lat' dir='ltr'><strong>tl</strong></span> <span class='ocrx_word' id='word_1_23' title='bbox 415 569 477 607; x_wconf 84' lang='lat' dir='ltr'><strong>se</strong></span> <span class='ocrx_word' id='word_1_24' title='bbox 507 550 709 604; x_wconf 82' lang='lat' dir='ltr'><strong>habent</strong></span> <span class='ocrx_word' id='word_1_25' title='bbox 737 553 1013 613; x_wconf 75' lang='lat' dir='ltr'><strong>acceptam</strong></span> <span class='ocrx_word' id='word_1_26' title='bbox 1053 538 1309 595; x_wconf 79' lang='lat' dir='ltr'><strong>credendi</strong></span> <span class='ocrx_word' id='word_1_27' title='bbox 1341 534 1703 591; x_wconf 75' lang='lat' dir='ltr'><strong>occasionem.</strong></span> <span class='ocrx_word' id='word_1_28' title='bbox 1733 527 1929 584; x_wconf 88' lang='lat' dir='ltr'><strong>Statim</strong></span> 
     </span>
    </p>
   </div>
   <div class='ocr_carea' id='block_1_5' title="bbox 2074 509 3612 613">
    <p class='ocr_par' dir='ltr' id='par_1_5' title="bbox 2074 509 3612 594">
     <span class='ocr_line' id='line_1_5' title="bbox 2074 509 3612 594; baseline -0.011 -19"><span class='ocrx_word' id='word_1_29' title='bbox 2074 538 2214 585; x_wconf 80' lang='grc' dir='ltr'><strong>ντες,</strong></span> <span class='ocrx_word' id='word_1_30' title='bbox 2241 519 2339 574; x_wconf 72' lang='grc' dir='ltr'><strong>καὶ</strong></span> <span class='ocrx_word' id='word_1_31' title='bbox 2375 516 2589 571; x_wconf 74' lang='grc' dir='ltr'><strong>οἴκοθεν</strong></span> <span class='ocrx_word' id='word_1_32' title='bbox 2621 515 2766 594; x_wconf 60' lang='grc' dir='ltr'><strong>ἔχειν</strong></span> <span class='ocrx_word' id='word_1_33' title='bbox 2793 516 2893 576; x_wconf 80' lang='grc' dir='ltr'><strong>τὰς</strong></span> <span class='ocrx_word' id='word_1_34' title='bbox 2922 512 3015 567; x_wconf 80' lang='grc' dir='ltr'><strong>τοῦ</strong></span> <span class='ocrx_word' id='word_1_35' title='bbox 3049 509 3327 565; x_wconf 72' lang='grc' dir='ltr'><strong>πιστεύειν</strong></span> <span class='ocrx_word' id='word_1_36' title='bbox 3362 509 3612 578; x_wconf 70' lang='grc' dir='ltr'><strong>ἀφορμάς</strong></span> 
     </span>
    </p>
   </div>
   <div class='ocr_carea' id='block_1_6' title="bbox 352 619 1934 709">
    <p class='ocr_par' dir='ltr' id='par_1_6' title="bbox 352 619 1934 709">
     <span class='ocr_line' id='line_1_6' title="bbox 352 619 1934 709; baseline -0.018 -9"><span class='ocrx_word' id='word_1_37' title='bbox 352 644 494 700; x_wconf 89' lang='lat' dir='ltr'><strong>enim</strong></span> <span class='ocrx_word' id='word_1_38' title='bbox 526 651 776 709; x_wconf 83' lang='lat' dir='ltr'><strong>tanquam</strong></span> <span class='ocrx_word' id='word_1_39' title='bbox 819 649 850 689; x_wconf 90' lang='lat' dir='ltr'><strong>e</strong></span> <span class='ocrx_word' id='word_1_40' title='bbox 900 632 1202 703; x_wconf 84' lang='lat' dir='ltr'><strong>propinquo</strong></span> <span class='ocrx_word' id='word_1_41' title='bbox 1230 626 1436 696; x_wconf 88' lang='lat' dir='ltr'><strong>seipsos</strong></span> <span class='ocrx_word' id='word_1_42' title='bbox 1470 634 1634 679; x_wconf 77' lang='lat' dir='ltr'><strong>teSLes</strong></span> <span class='ocrx_word' id='word_1_43' title='bbox 1663 619 1934 690; x_wconf 88' lang='lat' dir='ltr'><strong>accipien-</strong></span> 
     </span>
    </p>
   </div>
   <div class='ocr_carea' id='block_1_7' title="bbox 357 714 1934 794">
    <p class='ocr_par' dir='ltr' id='par_1_7' title="bbox 357 714 1934 794">
     <span class='ocr_line' id='line_1_7' title="bbox 357 714 1934 794; baseline -0.016 -4"><span class='ocrx_word' id='word_1_44' title='bbox 357 745 456 794; x_wconf 85' lang='lat' dir='ltr'><strong>tes.</strong></span> <span class='ocrx_word' id='word_1_45' title='bbox 490 731 627 786; x_wconf 87' lang='lat' dir='ltr'><strong>alios</strong></span> <span class='ocrx_word' id='word_1_46' title='bbox 652 731 909 782; x_wconf 83' lang='lat' dir='ltr'><strong>accusant</strong></span> <span class='ocrx_word' id='word_1_47' title='bbox 939 723 1097 778; x_wconf 77' lang='lat' dir='ltr'><strong>facile</strong></span> <span class='ocrx_word' id='word_1_48' title='bbox 1126 738 1142 788; x_wconf 88' lang='lat'><strong>;</strong></span> <span class='ocrx_word' id='word_1_49' title='bbox 1169 718 1329 773; x_wconf 85' lang='lat' dir='ltr'><strong>simul</strong></span> <span class='ocrx_word' id='word_1_50' title='bbox 1356 718 1576 789; x_wconf 83' lang='lat' dir='ltr'><strong>quidem</strong></span> <span class='ocrx_word' id='word_1_51' title='bbox 1609 730 1668 769; x_wconf 89' lang='lat' dir='ltr'><strong>se</strong></span> <span class='ocrx_word' id='word_1_52' title='bbox 1693 714 1934 767; x_wconf 85' lang='lat' dir='ltr'><strong>volentes</strong></span> 
     </span>
    </p>
   </div>
   <div class='ocr_carea' id='block_1_8' title="bbox 362 807 1932 892">
    <p class='ocr_par' dir='ltr' id='par_1_8' title="bbox 362 807 1932 892">
     <span class='ocr_line' id='line_1_8' title="bbox 362 807 1932 892; baseline -0.017 -14"><span class='ocrx_word' id='word_1_53' title='bbox 362 821 581 892; x_wconf 79' lang='lat' dir='ltr'><strong>ettplere</strong></span> <span class='ocrx_word' id='word_1_54' title='bbox 625 818 835 874; x_wconf 83' lang='lat' dir='ltr'><strong>deliciis</strong></span> <span class='ocrx_word' id='word_1_55' title='bbox 878 814 1066 869; x_wconf 78' lang='lat' dir='ltr'><strong>talium</strong></span> <span class='ocrx_word' id='word_1_56' title='bbox 1090 810 1479 880; x_wconf 75' lang='lat' dir='ltr'><strong>cogitationum</strong></span> <span class='ocrx_word' id='word_1_57' title='bbox 1525 814 1581 860; x_wconf 87' lang='lat' dir='ltr'><strong>et</strong></span> <span class='ocrx_word' id='word_1_58' title='bbox 1622 807 1932 861; x_wconf 83' lang='lat' dir='ltr'><strong>verborum,</strong></span> 
     </span>
    </p>
   </div>
   <div class='ocr_carea' id='block_1_9' title="bbox 358 890 1936 984">
    <p class='ocr_par' dir='ltr' id='par_1_9' title="bbox 358 890 1936 984">
     <span class='ocr_line' id='line_1_9' title="bbox 358 890 1936 984; baseline -0.016 -16"><span class='ocrx_word' id='word_1_59' title='bbox 358 924 412 968; x_wconf 91' lang='lat' dir='ltr'><strong>et</strong></span> <span class='ocrx_word' id='word_1_60' title='bbox 437 890 725 984; x_wconf 82' lang='lat' dir='ltr'><strong>cupientes</strong></span> <span class='ocrx_word' id='word_1_61' title='bbox 778 922 901 963; x_wconf 86' lang='lat' dir='ltr'><strong>esse</strong></span> <span class='ocrx_word' id='word_1_62' title='bbox 950 904 1088 958; x_wconf 86' lang='lat' dir='ltr'><strong>alios</strong></span> <span class='ocrx_word' id='word_1_63' title='bbox 1132 900 1385 957; x_wconf 87' lang='lat' dir='ltr'><strong>similiter</strong></span> <span class='ocrx_word' id='word_1_64' title='bbox 1424 894 1732 967; x_wconf 87' lang='lat' dir='ltr'><strong>improbos;</strong></span> <span class='ocrx_word' id='word_1_65' title='bbox 1771 899 1827 947; x_wconf 89' lang='lat' dir='ltr'><strong>et</strong></span> <span class='ocrx_word' id='word_1_66' title='bbox 1855 890 1936 944; x_wconf 86' lang='lat' dir='ltr'><strong>sic</strong></span> 
     </span>
    </p>
   </div>
   <div class='ocr_carea' id='block_1_10' title="bbox 360 985 1939 1066">
    <p class='ocr_par' dir='ltr' id='par_1_10' title="bbox 360 985 1939 1066">
     <span class='ocr_line' id='line_1_10' title="bbox 360 985 1939 1066; baseline -0.018 -5"><span class='ocrx_word' id='word_1_67' title='bbox 360 1004 643 1061; x_wconf 78' lang='lat' dir='ltr'><strong>studentes</strong></span> <span class='ocrx_word' id='word_1_68' title='bbox 677 1000 851 1053; x_wconf 88' lang='lat' dir='ltr'><strong>vitare</strong></span> <span class='ocrx_word' id='word_1_69' title='bbox 892 998 1098 1066; x_wconf 87' lang='lat' dir='ltr'><strong>plagas,</strong></span> <span class='ocrx_word' id='word_1_70' title='bbox 1135 1005 1254 1062; x_wconf 75' lang='lat' dir='ltr'><strong>qua:</strong></span> <span class='ocrx_word' id='word_1_71' title='bbox 1296 987 1606 1044; x_wconf 80' lang='lat' dir='ltr'><strong>inferuntur</strong></span> <span class='ocrx_word' id='word_1_72' title='bbox 1641 985 1722 1038; x_wconf 89' lang='lat' dir='ltr'><strong>eis</strong></span> <span class='ocrx_word' id='word_1_73' title='bbox 1753 997 1779 1035; x_wconf 91' lang='lat' dir='ltr'><strong>a</strong></span> <span class='ocrx_word' id='word_1_74' title='bbox 1812 996 1939 1035; x_wconf 84' lang='lat' dir='ltr'><strong>con-</strong></span> 
     </span>
    </p>
   </div>
   <div class='ocr_carea' id='block_1_11' title="bbox 361 1073 1935 1153">
    <p class='ocr_par' dir='ltr' id='par_1_11' title="bbox 361 1073 1935 1153">
     <span class='ocr_line' id='line_1_11' title="bbox 361 1073 1935 1153; baseline -0.018 0"><span class='ocrx_word' id='word_1_75' title='bbox 361 1098 613 1153; x_wconf 74' lang='lat' dir='ltr'><strong>Scientia.</strong></span> <span class='ocrx_word' id='word_1_76' title='bbox 641 1092 937 1147; x_wconf 79' lang='lat' dir='ltr'><strong>Monachus</strong></span> <span class='ocrx_word' id='word_1_77' title='bbox 964 1096 1143 1141; x_wconf 88' lang='lat' dir='ltr'><strong>autem</strong></span> <span class='ocrx_word' id='word_1_78' title='bbox 1185 1098 1305 1138; x_wconf 89' lang='lat' dir='ltr'><strong>cum</strong></span> <span class='ocrx_word' id='word_1_79' title='bbox 1334 1078 1660 1135; x_wconf 83' lang='lat' dir='ltr'><strong>totondisset</strong></span> <span class='ocrx_word' id='word_1_80' title='bbox 1689 1073 1935 1143; x_wconf 85' lang='lat' dir='ltr'><strong>Porphy-</strong></span> 
     </span>
    </p>
   </div>
   <div class='ocr_carea' id='block_1_12' title="bbox 362 1169 1935 1251">
    <p class='ocr_par' dir='ltr' id='par_1_12' title="bbox 362 1169 1935 1251">
     <span class='ocr_line' id='line_1_12' title="bbox 362 1169 1935 1251; baseline -0.017 -7"><span class='ocrx_word' id='word_1_81' title='bbox 362 1192 523 1251; x_wconf 86' lang='lat' dir='ltr'><strong>riatn,</strong></span> <span class='ocrx_word' id='word_1_82' title='bbox 548 1193 602 1239; x_wconf 87' lang='lat' dir='ltr'><strong>et</strong></span> <span class='ocrx_word' id='word_1_83' title='bbox 631 1184 678 1238; x_wconf 91' lang='lat' dir='ltr'><strong>ei</strong></span> <span class='ocrx_word' id='word_1_84' title='bbox 709 1180 1065 1236; x_wconf 81' lang='lat' dir='ltr'><strong>monasticam</strong></span> <span class='ocrx_word' id='word_1_85' title='bbox 1094 1174 1444 1244; x_wconf 81' lang='lat' dir='ltr'><strong>imposuisset</strong></span> <span class='ocrx_word' id='word_1_86' title='bbox 1470 1169 1738 1233; x_wconf 82' lang='lat' dir='ltr'><strong>habitum,</strong></span> <span class='ocrx_word' id='word_1_87' title='bbox 1776 1175 1935 1220; x_wconf 88' lang='lat' dir='ltr'><strong>vocat</strong></span> 
     </span>
    </p>
   </div>
   <div class='ocr_carea' id='block_1_13' title="bbox 354 1257 1934 1346">
    <p class='ocr_par' dir='ltr' id='par_1_13' title="bbox 354 1257 1934 1346">
     <span class='ocr_line' id='line_1_13' title="bbox 354 1257 1934 1346; baseline -0.015 -11"><span class='ocrx_word' id='word_1_88' title='bbox 354 1291 485 1334; x_wconf 77' lang='lat' dir='ltr'><strong>eant</strong></span> <span class='ocrx_word' id='word_1_89' title='bbox 529 1275 823 1346; x_wconf 75' lang='lat' dir='ltr'><strong>Pelagiani,</strong></span> <span class='ocrx_word' id='word_1_90' title='bbox 868 1281 922 1326; x_wconf 89' lang='lat' dir='ltr'><strong>et</strong></span> <span class='ocrx_word' id='word_1_91' title='bbox 972 1266 1223 1323; x_wconf 86' lang='lat' dir='ltr'><strong>concedit</strong></span> <span class='ocrx_word' id='word_1_92' title='bbox 1264 1264 1338 1329; x_wconf 90' lang='lat' dir='ltr'><strong>ei,</strong></span> <span class='ocrx_word' id='word_1_93' title='bbox 1396 1272 1453 1318; x_wconf 91' lang='lat' dir='ltr'><strong>ul</strong></span> <span class='ocrx_word' id='word_1_94' title='bbox 1502 1262 1555 1317; x_wconf 94' lang='lat' dir='ltr'><strong>in</strong></span> <span class='ocrx_word' id='word_1_95' title='bbox 1607 1257 1934 1316; x_wconf 87' lang='lat' dir='ltr'><strong>monasterio</strong></span> 
     </span>
    </p>
   </div>
   <div class='ocr_carea' id='block_1_14' title="bbox 368 1362 1137 1442">
    <p class='ocr_par' dir='ltr' id='par_1_14' title="bbox 368 1362 1137 1442">
     <span class='ocr_line' id='line_1_14' title="bbox 368 1362 1137 1442; baseline -0.016 -17"><span class='ocrx_word' id='word_1_96' title='bbox 368 1373 641 1442; x_wconf 74' lang='lat' dir='ltr'><strong>virginum</strong></span> <span class='ocrx_word' id='word_1_97' title='bbox 682 1374 807 1435; x_wconf 87' lang='lat' dir='ltr'><strong>agat</strong></span> <span class='ocrx_word' id='word_1_98' title='bbox 838 1362 1137 1419; x_wconf 83' lang='lat' dir='ltr'><strong>silentium.</strong></span> 
     </span>
    </p>
   </div>
   <div class='ocr_carea' id='block_1_15' title="bbox 2042 599 3618 683">
    <p class='ocr_par' dir='ltr' id='par_1_15' title="bbox 2042 599 3618 683">
     <span class='ocr_line' id='line_1_15' title="bbox 2042 599 3618 683; baseline -0.011 -16"><span class='ocrx_word' id='word_1_99' title='bbox 2042 613 2353 683; x_wconf 84' lang='grc' dir='ltr'><strong>δυνάμενοι.</strong></span> <span class='ocrx_word' id='word_1_100' title='bbox 2390 608 2564 671; x_wconf 78' lang='grc' dir='ltr'><strong>Εὐθὺς</strong></span> <span class='ocrx_word' id='word_1_101' title='bbox 2589 606 2721 678; x_wconf 82' lang='grc' dir='ltr'><strong>γὰρ,</strong></span> <span class='ocrx_word' id='word_1_102' title='bbox 2761 603 2952 672; x_wconf 83' lang='grc' dir='ltr'><strong>ὥσπερ</strong></span> <span class='ocrx_word' id='word_1_103' title='bbox 2978 602 3203 664; x_wconf 68' lang='grc' dir='ltr'><strong>ἑαυτοὺς</strong></span> <span class='ocrx_word' id='word_1_104' title='bbox 3224 601 3289 654; x_wconf 79' lang='grc' dir='ltr'><strong>ἐκ</strong></span> <span class='ocrx_word' id='word_1_105' title='bbox 3325 599 3419 654; x_wconf 81' lang='grc' dir='ltr'><strong>τοῦ</strong></span> <span class='ocrx_word' id='word_1_106' title='bbox 3452 600 3618 666; x_wconf 70' lang='grc' dir='ltr'><strong>ἐγγυ-</strong></span> 
     </span>
    </p>
   </div>
   <div class='ocr_carea' id='block_1_16' title="bbox 2041 689 3618 771">
    <p class='ocr_par' dir='ltr' id='par_1_16' title="bbox 2041 689 3618 771">
     <span class='ocr_line' id='line_1_16' title="bbox 2041 689 3618 771; baseline -0.012 -10"><span class='ocrx_word' id='word_1_107' title='bbox 2041 705 2205 761; x_wconf 74' lang='grc' dir='ltr'><strong>τάτου</strong></span> <span class='ocrx_word' id='word_1_108' title='bbox 2236 700 2603 771; x_wconf 77' lang='grc' dir='ltr'><strong>λαμϐάνοντες</strong></span> <span class='ocrx_word' id='word_1_109' title='bbox 2633 698 2935 768; x_wconf 87' lang='grc' dir='ltr'><strong>μάρτυρας,</strong></span> <span class='ocrx_word' id='word_1_110' title='bbox 2976 692 3343 765; x_wconf 83' lang='grc' dir='ltr'><strong>κατηγοροῦσι</strong></span> <span class='ocrx_word' id='word_1_111' title='bbox 3394 690 3504 745; x_wconf 84' lang='grc' dir='ltr'><strong>τῶν</strong></span> <span class='ocrx_word' id='word_1_112' title='bbox 3530 689 3618 743; x_wconf 72' lang='grc' dir='ltr'><strong>ἆ).-</strong></span> 
     </span>
    </p>
   </div>
   <div class='ocr_carea' id='block_1_17' title="bbox 2041 780 3619 867">
    <p class='ocr_par' dir='ltr' id='par_1_17' title="bbox 2041 780 3619 867">
     <span class='ocr_line' id='line_1_17' title="bbox 2041 780 3619 867; baseline -0.01 -17"><span class='ocrx_word' id='word_1_113' title='bbox 2041 797 2150 851; x_wconf 89' lang='grc' dir='ltr'><strong>λων</strong></span> <span class='ocrx_word' id='word_1_114' title='bbox 2181 793 2400 867; x_wconf 77' lang='grc' dir='ltr'><strong>ῥαδίως,</strong></span> <span class='ocrx_word' id='word_1_115' title='bbox 2437 791 2553 860; x_wconf 72' lang='grc' dir='ltr'><strong>ἅμα</strong></span> <span class='ocrx_word' id='word_1_116' title='bbox 2595 789 2696 860; x_wconf 71' lang='grc' dir='ltr'><strong>μὲν</strong></span> <span class='ocrx_word' id='word_1_117' title='bbox 2720 790 2832 851; x_wconf 81' lang='grc' dir='ltr'><strong>τοῖς</strong></span> <span class='ocrx_word' id='word_1_118' title='bbox 2866 785 3129 850; x_wconf 81' lang='grc' dir='ltr'><strong>τοιούτοις</strong></span> <span class='ocrx_word' id='word_1_119' title='bbox 3161 782 3399 854; x_wconf 83' lang='grc' dir='ltr'><strong>νοὴμασί</strong></span> <span class='ocrx_word' id='word_1_120' title='bbox 3430 798 3488 835; x_wconf 86' lang='grc' dir='ltr'><strong>τε</strong></span> <span class='ocrx_word' id='word_1_121' title='bbox 3522 780 3619 835; x_wconf 78' lang='grc' dir='ltr'><strong>καὶ</strong></span> 
     </span>
    </p>
   </div>
   <div class='ocr_carea' id='block_1_18' title="bbox 2046 869 3620 960">
    <p class='ocr_par' dir='ltr' id='par_1_18' title="bbox 2046 869 3620 960">
     <span class='ocr_line' id='line_1_18' title="bbox 2046 869 3620 960; baseline -0.012 -21"><span class='ocrx_word' id='word_1_122' title='bbox 2046 888 2285 960; x_wconf 78' lang='grc' dir='ltr'><strong>ῥήμασιν</strong></span> <span class='ocrx_word' id='word_1_123' title='bbox 2320 881 2593 952; x_wconf 75' lang='grc' dir='ltr'><strong>ὲντρυφᾷν</strong></span> <span class='ocrx_word' id='word_1_124' title='bbox 2625 877 2961 949; x_wconf 79' lang='grc' dir='ltr'><strong>βουλόμενοι,</strong></span> <span class='ocrx_word' id='word_1_125' title='bbox 3023 874 3139 946; x_wconf 69' lang='grc' dir='ltr'><strong>ἅμα</strong></span> <span class='ocrx_word' id='word_1_126' title='bbox 3177 874 3234 928; x_wconf 67' lang='grc' dir='ltr'><strong>δὲ</strong></span> <span class='ocrx_word' id='word_1_127' title='bbox 3266 871 3363 927; x_wconf 79' lang='grc' dir='ltr'><strong>καὶ</strong></span> <span class='ocrx_word' id='word_1_128' title='bbox 3399 869 3620 942; x_wconf 73' lang='grc' dir='ltr'><strong>ἑτέρους</strong></span> 
     </span>
    </p>
   </div>
   <div class='ocr_carea' id='block_1_19' title="bbox 2044 960 3620 1047">
    <p class='ocr_par' dir='ltr' id='par_1_19' title="bbox 2044 960 3620 1047">
     <span class='ocr_line' id='line_1_19' title="bbox 2044 960 3620 1047; baseline -0.011 -14"><span class='ocrx_word' id='word_1_129' title='bbox 2044 982 2123 1041; x_wconf 79' lang='grc' dir='ltr'><strong>εἰς</strong></span> <span class='ocrx_word' id='word_1_130' title='bbox 2156 972 2454 1047; x_wconf 78' lang='grc' dir='ltr'><strong>μοχθηρίαν</strong></span> <span class='ocrx_word' id='word_1_131' title='bbox 2483 970 2702 1039; x_wconf 80' lang='grc' dir='ltr'><strong>ὁμοίους</strong></span> <span class='ocrx_word' id='word_1_132' title='bbox 2726 968 2872 1038; x_wconf 74' lang='grc' dir='ltr'><strong>ἔχειν</strong></span> <span class='ocrx_word' id='word_1_133' title='bbox 2911 963 3324 1036; x_wconf 73' lang='grc' dir='ltr'><strong>ἐπιθυμοῦντες,</strong></span> <span class='ocrx_word' id='word_1_134' title='bbox 3350 963 3446 1016; x_wconf 78' lang='grc' dir='ltr'><strong>καὶ</strong></span> <span class='ocrx_word' id='word_1_135' title='bbox 3475 960 3620 1016; x_wconf 75' lang='grc' dir='ltr'><strong>οὕτω</strong></span> 
     </span>
    </p>
   </div>
   <div class='ocr_carea' id='block_1_20' title="bbox 2047 1054 3623 1140">
    <p class='ocr_par' dir='ltr' id='par_1_20' title="bbox 2047 1054 3623 1140">
     <span class='ocr_line' id='line_1_20' title="bbox 2047 1054 3623 1140; baseline -0.01 -16"><span class='ocrx_word' id='word_1_136' title='bbox 2047 1071 2269 1140; x_wconf 75' lang='grc' dir='ltr'><strong>φεύγειν</strong></span> <span class='ocrx_word' id='word_1_137' title='bbox 2295 1064 2687 1128; x_wconf 72' lang='grc' dir='ltr'><strong>σπουδάζοντες</strong></span> <span class='ocrx_word' id='word_1_138' title='bbox 2716 1060 2814 1123; x_wconf 82' lang='grc' dir='ltr'><strong>τὰς</strong></span> <span class='ocrx_word' id='word_1_139' title='bbox 2846 1061 2910 1114; x_wconf 77' lang='grc' dir='ltr'><strong>ἐκ</strong></span> <span class='ocrx_word' id='word_1_140' title='bbox 2935 1058 3029 1113; x_wconf 79' lang='grc' dir='ltr'><strong>τοῦ</strong></span> <span class='ocrx_word' id='word_1_141' title='bbox 3057 1057 3356 1120; x_wconf 79' lang='grc' dir='ltr'><strong>συνειδότος</strong></span> <span class='ocrx_word' id='word_1_142' title='bbox 3384 1054 3623 1125; x_wconf 78' lang='grc' dir='ltr'><strong>πληγάς.</strong></span> 
     </span>
    </p>
   </div>
   <div class='ocr_carea' id='block_1_21' title="bbox 2050 1146 3627 1231">
    <p class='ocr_par' dir='ltr' id='par_1_21' title="bbox 2050 1146 3627 1231">
     <span class='ocr_line' id='line_1_21' title="bbox 2050 1146 3627 1231; baseline 0.01 -48"><span class='ocrx_word' id='word_1_143' title='bbox 2050 1162 2112 1216; x_wconf 75' lang='grc' dir='ltr'><strong>ου</strong></span> <span class='ocrx_word' id='word_1_144' title='bbox 2167 1160 2351 1231; x_wconf 68' lang='grc' dir='ltr'><strong>μέντοι</strong></span> <span class='ocrx_word' id='word_1_145' title='bbox 2412 1154 2644 1226; x_wconf 78' lang='grc' dir='ltr'><strong>μοναχὸς</strong></span> <span class='ocrx_word' id='word_1_146' title='bbox 2694 1151 2991 1222; x_wconf 72' lang='grc' dir='ltr'><strong>ἀποκείρας</strong></span> <span class='ocrx_word' id='word_1_147' title='bbox 3016 1149 3115 1221; x_wconf 76' lang='grc' dir='ltr'><strong>τὴν</strong></span> <span class='ocrx_word' id='word_1_148' title='bbox 3155 1146 3495 1219; x_wconf 83' lang='grc' dir='ltr'><strong>Πορφυρίαν,</strong></span> <span class='ocrx_word' id='word_1_149' title='bbox 3532 1146 3627 1199; x_wconf 77' lang='grc' dir='ltr'><strong>καὶ</strong></span> 
     </span>
    </p>
   </div>
   <div class='ocr_carea' id='block_1_22' title="bbox 2046 1235 3628 1320">
    <p class='ocr_par' dir='ltr' id='par_1_22' title="bbox 2046 1235 3628 1320">
     <span class='ocr_line' id='line_1_22' title="bbox 2046 1235 3628 1320; baseline -0.011 -14"><span class='ocrx_word' id='word_1_150' title='bbox 2046 1254 2107 1307; x_wconf 80' lang='grc' dir='ltr'><strong>τὸ</strong></span> <span class='ocrx_word' id='word_1_151' title='bbox 2152 1253 2256 1305; x_wconf 84' lang='grc' dir='ltr'><strong>τῶν</strong></span> <span class='ocrx_word' id='word_1_152' title='bbox 2313 1247 2562 1320; x_wconf 84' lang='grc' dir='ltr'><strong>μονσχῶν</strong></span> <span class='ocrx_word' id='word_1_153' title='bbox 2593 1245 2730 1315; x_wconf 76' lang='grc' dir='ltr'><strong>αύτῇ</strong></span> <span class='ocrx_word' id='word_1_154' title='bbox 2781 1243 2967 1313; x_wconf 79' lang='grc' dir='ltr'><strong>σχῆμα</strong></span> <span class='ocrx_word' id='word_1_155' title='bbox 3028 1241 3294 1311; x_wconf 76' lang='grc' dir='ltr'><strong>περιθεὶς,</strong></span> <span class='ocrx_word' id='word_1_156' title='bbox 3349 1235 3628 1307; x_wconf 76' lang='grc' dir='ltr'><strong>Πελαγίαν</strong></span> 
     </span>
    </p>
   </div>
   <div class='ocr_carea' id='block_1_23' title="bbox 2046 1325 3629 1414">
    <p class='ocr_par' dir='ltr' id='par_1_23' title="bbox 2046 1325 3629 1414">
     <span class='ocr_line' id='line_1_23' title="bbox 2046 1325 3629 1414; baseline -0.009 -19"><span class='ocrx_word' id='word_1_157' title='bbox 2046 1340 2403 1414; x_wconf 74' lang='grc' dir='ltr'><strong>μετονομάζει</strong></span> <span class='ocrx_word' id='word_1_158' title='bbox 2448 1337 2543 1390; x_wconf 68' lang='grc' dir='ltr'><strong>καὶ</strong></span> <span class='ocrx_word' id='word_1_159' title='bbox 2597 1336 2677 1398; x_wconf 80' lang='grc' dir='ltr'><strong>εἰς</strong></span> <span class='ocrx_word' id='word_1_160' title='bbox 2706 1332 3027 1404; x_wconf 84' lang='grc' dir='ltr'><strong>παρθενῶνα</strong></span> <span class='ocrx_word' id='word_1_161' title='bbox 3064 1329 3278 1384; x_wconf 83' lang='grc' dir='ltr'><strong>δίδωσιν</strong></span> <span class='ocrx_word' id='word_1_162' title='bbox 3307 1325 3629 1399; x_wconf 74' lang='grc' dir='ltr'><strong>ἡσυχάζειν.</strong></span> 
     </span>
    </p>
   </div>
   <div class='ocr_carea' id='block_1_24' title="bbox 445 1533 1968 1633">
    <p class='ocr_par' dir='ltr' id='par_1_24' title="bbox 445 1558 1939 1633">
     <span class='ocr_line' id='line_1_24' title="bbox 445 1558 1939 1633; baseline -0.013 -5"><span class='ocrx_word' id='word_1_163' title='bbox 445 1571 631 1628; x_wconf 81' lang='lat' dir='ltr'><strong>LXIX.</strong></span> <span class='ocrx_word' id='word_1_164' title='bbox 662 1567 795 1624; x_wconf 91' lang='lat' dir='ltr'><strong>Cum</strong></span> <span class='ocrx_word' id='word_1_165' title='bbox 826 1578 957 1619; x_wconf 84' lang='lat' dir='ltr'><strong>vero</strong></span> <span class='ocrx_word' id='word_1_166' title='bbox 993 1560 1353 1633; x_wconf 74' lang='lat' dir='ltr'><strong>prtescivisset</strong></span> <span class='ocrx_word' id='word_1_167' title='bbox 1382 1559 1522 1613; x_wconf 89' lang='lat' dir='ltr'><strong>diem</strong></span> <span class='ocrx_word' id='word_1_168' title='bbox 1558 1558 1641 1612; x_wconf 86' lang='lat' dir='ltr'><strong>sui</strong></span> <span class='ocrx_word' id='word_1_169' title='bbox 1666 1558 1939 1620; x_wconf 84' lang='lat' dir='ltr'><strong>decessus,</strong></span> 
     </span>
    </p>
   </div>
   <div class='ocr_carea' id='block_1_25' title="bbox 2074 1533 3631 1633">
    <p class='ocr_par' dir='ltr' id='par_1_25' title="bbox 2117 1533 3631 1615">
     <span class='ocr_line' id='line_1_25' title="bbox 2117 1533 3631 1615; baseline -0.011 -12"><span class='ocrx_word' id='word_1_170' title='bbox 2117 1547 2238 1603; x_wconf 83' lang='grc' dir='ltr'><strong>ΞΘ’.</strong></span> <span class='ocrx_word' id='word_1_171' title='bbox 2281 1545 2440 1600; x_wconf 75' lang='grc' dir='ltr'><strong>Ἐπεὶ</strong></span> <span class='ocrx_word' id='word_1_172' title='bbox 2473 1544 2541 1615; x_wconf 19' lang='grc' dir='ltr'><strong>δὲ,</strong></span> <span class='ocrx_word' id='word_1_173' title='bbox 2558 1540 2811 1613; x_wconf 80' lang='grc' dir='ltr'><strong>προέγνω</strong></span> <span class='ocrx_word' id='word_1_174' title='bbox 2841 1538 2941 1610; x_wconf 81' lang='grc' dir='ltr'><strong>τὴν</strong></span> <span class='ocrx_word' id='word_1_175' title='bbox 2966 1535 3183 1608; x_wconf 74' lang='grc' dir='ltr'><strong>ἡμέραν</strong></span> <span class='ocrx_word' id='word_1_176' title='bbox 3212 1535 3312 1604; x_wconf 83' lang='grc' dir='ltr'><strong>τῆς</strong></span> <span class='ocrx_word' id='word_1_177' title='bbox 3344 1533 3631 1603; x_wconf 79' lang='grc' dir='ltr'><strong>τελευτῆς,</strong></span> 
     </span>
    </p>
   </div>
   <div class='ocr_carea' id='block_1_26' title="bbox 370 1622 1968 1734">
    <p class='ocr_par' dir='ltr' id='par_1_26' title="bbox 370 1650 1941 1734">
     <span class='ocr_line' id='line_1_26' title="bbox 370 1650 1941 1734; baseline -0.013 -14"><span class='ocrx_word' id='word_1_178' title='bbox 370 1665 458 1720; x_wconf 87' lang='lat' dir='ltr'><strong>illa</strong></span> <span class='ocrx_word' id='word_1_179' title='bbox 492 1674 709 1734; x_wconf 89' lang='lat' dir='ltr'><strong>quoque</strong></span> <span class='ocrx_word' id='word_1_180' title='bbox 734 1665 978 1722; x_wconf 84' lang='lat' dir='ltr'><strong>accepta,</strong></span> <span class='ocrx_word' id='word_1_181' title='bbox 1014 1653 1153 1708; x_wconf 88' lang='lat' dir='ltr'><strong>redit</strong></span> <span class='ocrx_word' id='word_1_182' title='bbox 1181 1651 1406 1724; x_wconf 85' lang='lat' dir='ltr'><strong>Tyrum.</strong></span> <span class='ocrx_word' id='word_1_183' title='bbox 1438 1650 1568 1704; x_wconf 83' lang='lat' dir='ltr'><strong>Eam</strong></span> <span class='ocrx_word' id='word_1_184' title='bbox 1602 1658 1781 1704; x_wconf 87' lang='lat' dir='ltr'><strong>autem</strong></span> <span class='ocrx_word' id='word_1_185' title='bbox 1811 1661 1941 1716; x_wconf 89' lang='lat' dir='ltr'><strong>puer</strong></span> 
     </span>
    </p>
   </div>
   <div class='ocr_carea' id='block_1_27' title="bbox 2074 1622 3634 1734">
    <p class='ocr_par' dir='ltr' id='par_1_27' title="bbox 2074 1622 3634 1711">
     <span class='ocr_line' id='line_1_27' title="bbox 2074 1622 3634 1711; baseline -0.01 -15"><span class='ocrx_word' id='word_1_186' title='bbox 2074 1638 2378 1711; x_wconf 67' lang='grc' dir='ltr'><strong>παραλαϐὼν</strong></span> <span class='ocrx_word' id='word_1_187' title='bbox 2399 1636 2680 1705; x_wconf 81' lang='grc' dir='ltr'><strong>κάκείνην,</strong></span> <span class='ocrx_word' id='word_1_188' title='bbox 2705 1633 2948 1686; x_wconf 72' lang='grc' dir='ltr'><strong>ἐπάνεισι</strong></span> <span class='ocrx_word' id='word_1_189' title='bbox 2969 1631 3104 1702; x_wconf 75' lang='grc' dir='ltr'><strong>πρὸς</strong></span> <span class='ocrx_word' id='word_1_190' title='bbox 3134 1627 3229 1699; x_wconf 80' lang='grc' dir='ltr'><strong>τὴν</strong></span> <span class='ocrx_word' id='word_1_191' title='bbox 3250 1627 3425 1699; x_wconf 85' lang='grc' dir='ltr'><strong>Τύρον</strong></span> <span class='ocrx_word' id='word_1_192' title='bbox 3446 1642 3459 1656; x_wconf 86' lang='grc'><strong>·</strong></span> <span class='ocrx_word' id='word_1_193' title='bbox 3479 1622 3553 1698; x_wconf 78' lang='grc' dir='ltr'><strong>ἦν</strong></span> <span class='ocrx_word' id='word_1_194' title='bbox 3577 1625 3634 1680; x_wconf 72' lang='grc' dir='ltr'><strong>δι</strong></span> 
     </span>
    </p>
   </div>
   <div class='ocr_carea' id='block_1_28' title="bbox 370 1720 1968 1828">
    <p class='ocr_par' dir='ltr' id='par_1_28' title="bbox 370 1720 1943 1828">
     <span class='ocr_line' id='line_1_28' title="bbox 370 1720 1943 1828; baseline -0.013 -19"><span class='ocrx_word' id='word_1_195' title='bbox 370 1720 585 1828; x_wconf 76' lang='lat' dir='ltr'><strong>quoque</strong></span> <span class='ocrx_word' id='word_1_196' title='bbox 620 1720 988 1819; x_wconf 66' lang='lat' dir='ltr'><strong>sequebatur,</strong></span> <span class='ocrx_word' id='word_1_197' title='bbox 1029 1744 1139 1814; x_wconf 83' lang='lat' dir='ltr'><strong>jam</strong></span> <span class='ocrx_word' id='word_1_198' title='bbox 1182 1720 1386 1811; x_wconf 75' lang='lat' dir='ltr'><strong>septem</strong></span> <span class='ocrx_word' id='word_1_199' title='bbox 1429 1754 1599 1794; x_wconf 88' lang='lat' dir='ltr'><strong>annos</strong></span> <span class='ocrx_word' id='word_1_200' title='bbox 1644 1748 1824 1794; x_wconf 88' lang='lat' dir='ltr'><strong>natus.</strong></span> <span class='ocrx_word' id='word_1_201' title='bbox 1863 1737 1943 1790; x_wconf 83' lang='lat' dir='ltr'><strong>Ad</strong></span> 
     </span>
    </p>
   </div>
   <div class='ocr_carea' id='block_1_29' title="bbox 2074 1720 3637 1828">
    <p class='ocr_par' dir='ltr' id='par_1_29' title="bbox 2074 1720 3637 1799">
     <span class='ocr_line' id='line_1_29' title="bbox 2074 1720 3637 1799; baseline -0.012 -11"><span class='ocrx_word' id='word_1_202' title='bbox 2074 1737 2141 1788; x_wconf 60' lang='grc' dir='ltr'><strong>ια).</strong></span> <span class='ocrx_word' id='word_1_203' title='bbox 2166 1733 2226 1787; x_wconf 82' lang='grc' dir='ltr'><strong>τὸ</strong></span> <span class='ocrx_word' id='word_1_204' title='bbox 2249 1733 2463 1785; x_wconf 85' lang='grc' dir='ltr'><strong>παιδίον</strong></span> <span class='ocrx_word' id='word_1_205' title='bbox 2489 1731 2627 1799; x_wconf 78' lang='grc' dir='ltr'><strong>αὐτῇ</strong></span> <span class='ocrx_word' id='word_1_206' title='bbox 2661 1726 3048 1792; x_wconf 81' lang='grc' dir='ltr'><strong>συνεπόμενον,</strong></span> <span class='ocrx_word' id='word_1_207' title='bbox 3083 1721 3222 1776; x_wconf 76' lang='grc' dir='ltr'><strong>ἑπτὰ</strong></span> <span class='ocrx_word' id='word_1_208' title='bbox 3260 1720 3483 1792; x_wconf 84' lang='grc' dir='ltr'><strong>χρόνους</strong></span> <span class='ocrx_word' id='word_1_209' title='bbox 3515 1734 3637 1789; x_wconf 86' lang='grc' dir='ltr'><strong>σχε-</strong></span> 
     </span>
    </p>
   </div>
   <div class='ocr_carea' id='block_1_30' title="bbox 370 1809 1968 1909">
    <p class='ocr_par' dir='ltr' id='par_1_30' title="bbox 370 1809 1942 1909">
     <span class='ocr_line' id='line_1_30' title="bbox 376 1809 1257 1828; baseline -0.019 0"><span class='ocrx_word' id='word_1_210' title='bbox 376 1809 403 1828; x_wconf 68' lang='grc' dir='ltr'><strong>τ</strong></span> <span class='ocrx_word' id='word_1_211' title='bbox 496 1809 515 1825; x_wconf 88' lang='grc'><strong>.</strong></span> <span class='ocrx_word' id='word_1_212' title='bbox 711 1809 723 1819; x_wconf 93' lang='grc'><strong>.</strong></span> <span class='ocrx_word' id='word_1_213' title='bbox 974 1809 983 1813; x_wconf 39' lang='grc' dir='ltr'><strong><em>γ</em></strong></span> <span class='ocrx_word' id='word_1_214' title='bbox 1030 1809 1046 1814; x_wconf 89' lang='grc'><strong>-</strong></span> <span class='ocrx_word' id='word_1_215' title='bbox 1247 1809 1257 1811; x_wconf 62' lang='lat'><strong><em>,</em></strong></span> 
     </span>
     <span class='ocr_line' id='line_1_31' title="bbox 370 1829 1942 1909; baseline -0.013 -6"><span class='ocrx_word' id='word_1_216' title='bbox 370 1861 559 1903; x_wconf 71' lang='lat' dir='ltr'><strong>onnies</strong></span> <span class='ocrx_word' id='word_1_217' title='bbox 600 1857 732 1900; x_wconf 83' lang='lat' dir='ltr'><strong>vero</strong></span> <span class='ocrx_word' id='word_1_218' title='bbox 769 1838 1013 1909; x_wconf 81' lang='lat' dir='ltr'><strong>pervenit</strong></span> <span class='ocrx_word' id='word_1_219' title='bbox 1050 1836 1192 1889; x_wconf 76' lang='lat' dir='ltr'><strong>fatua</strong></span> <span class='ocrx_word' id='word_1_220' title='bbox 1232 1849 1416 1888; x_wconf 90' lang='lat' dir='ltr'><strong>eorum</strong></span> <span class='ocrx_word' id='word_1_221' title='bbox 1466 1834 1762 1894; x_wconf 86' lang='lat' dir='ltr'><strong>adventus,</strong></span> <span class='ocrx_word' id='word_1_222' title='bbox 1801 1829 1942 1898; x_wconf 90' lang='lat' dir='ltr'><strong>quod</strong></span> 
     </span>
    </p>
   </div>
   <div class='ocr_carea' id='block_1_31' title="bbox 2074 1809 3636 1909">
    <p class='ocr_par' dir='ltr' id='par_1_31' title="bbox 2074 1809 3636 1895">
     <span class='ocr_line' id='line_1_32' title="bbox 2074 1809 3636 1895; baseline -0.01 -16"><span class='ocrx_word' id='word_1_223' title='bbox 2074 1826 2133 1879; x_wconf 82' lang='grc' dir='ltr'><strong>δν</strong></span> <span class='ocrx_word' id='word_1_224' title='bbox 2159 1826 2405 1895; x_wconf 87' lang='grc' dir='ltr'><strong>γεγονός.</strong></span> <span class='ocrx_word' id='word_1_225' title='bbox 2457 1820 2677 1889; x_wconf 87' lang='grc' dir='ltr'><strong>Διεδόθη</strong></span> <span class='ocrx_word' id='word_1_226' title='bbox 2722 1818 2778 1871; x_wconf 83' lang='grc' dir='ltr'><strong>δὲ</strong></span> <span class='ocrx_word' id='word_1_227' title='bbox 2808 1815 2987 1870; x_wconf 79' lang='grc' dir='ltr'><strong>αὐτῶν</strong></span> <span class='ocrx_word' id='word_1_228' title='bbox 3019 1815 3098 1878; x_wconf 89' lang='grc' dir='ltr'><strong>είς</strong></span> <span class='ocrx_word' id='word_1_229' title='bbox 3137 1813 3342 1874; x_wconf 80' lang='grc' dir='ltr'><strong>πάντας</strong></span> <span class='ocrx_word' id='word_1_230' title='bbox 3367 1813 3402 1881; x_wconf 86' lang='grc' dir='ltr'><strong>ἡ</strong></span> <span class='ocrx_word' id='word_1_231' title='bbox 3426 1809 3636 1879; x_wconf 76' lang='grc' dir='ltr'><strong>ἄφιξις,</strong></span> 
     </span>
    </p>
   </div>
   <div class='ocr_carea' id='block_1_32' title="bbox 372 1901 1968 1995">
    <p class='ocr_par' dir='ltr' id='par_1_32' title="bbox 372 1922 1950 1995">
     <span class='ocr_line' id='line_1_33' title="bbox 372 1922 1950 1995; baseline -0.016 0"><span class='ocrx_word' id='word_1_232' title='bbox 372 1938 579 1995; x_wconf 83' lang='lat' dir='ltr'><strong>scilicet</strong></span> <span class='ocrx_word' id='word_1_233' title='bbox 605 1932 892 1987; x_wconf 79' lang='lat' dir='ltr'><strong>revertitur</strong></span> <span class='ocrx_word' id='word_1_234' title='bbox 921 1926 1214 1995; x_wconf 84' lang='lat' dir='ltr'><strong>Porpbyria</strong></span> <span class='ocrx_word' id='word_1_235' title='bbox 1242 1939 1363 1979; x_wconf 91' lang='lat' dir='ltr'><strong>cum</strong></span> <span class='ocrx_word' id='word_1_236' title='bbox 1397 1922 1663 1976; x_wconf 82' lang='lat' dir='ltr'><strong>monacho</strong></span> <span class='ocrx_word' id='word_1_237' title='bbox 1692 1934 1792 1974; x_wconf 88' lang='lat' dir='ltr'><strong>suo</strong></span> <span class='ocrx_word' id='word_1_238' title='bbox 1819 1933 1950 1973; x_wconf 88' lang='lat' dir='ltr'><strong>con-</strong></span> 
     </span>
    </p>
   </div>
   <div class='ocr_carea' id='block_1_33' title="bbox 2074 1901 3639 1995">
    <p class='ocr_par' dir='ltr' id='par_1_33' title="bbox 2074 1901 3639 1988">
     <span class='ocr_line' id='line_1_34' title="bbox 2074 1901 3639 1988; baseline -0.011 -17"><span class='ocrx_word' id='word_1_239' title='bbox 2074 1921 2121 1982; x_wconf 74' lang='lat'><strong>);</strong></span> <span class='ocrx_word' id='word_1_240' title='bbox 2147 1920 2178 1988; x_wconf 84' lang='grc' dir='ltr'><strong>ἡ</strong></span> <span class='ocrx_word' id='word_1_241' title='bbox 2208 1915 2487 1987; x_wconf 82' lang='grc' dir='ltr'><strong>Πορφυρία</strong></span> <span class='ocrx_word' id='word_1_242' title='bbox 2551 1912 2690 1984; x_wconf 83' lang='grc' dir='ltr'><strong>μετά</strong></span> <span class='ocrx_word' id='word_1_243' title='bbox 2734 1927 2799 1980; x_wconf 88' lang='grc' dir='ltr'><strong>γε</strong></span> <span class='ocrx_word' id='word_1_244' title='bbox 2845 1908 2937 1963; x_wconf 77' lang='grc' dir='ltr'><strong>τοῦ</strong></span> <span class='ocrx_word' id='word_1_245' title='bbox 2980 1904 3213 1979; x_wconf 83' lang='grc' dir='ltr'><strong>μοναχοῦ</strong></span> <span class='ocrx_word' id='word_1_246' title='bbox 3240 1903 3431 1974; x_wconf 66' lang='grc' dir='ltr'><strong>ἀνδρὸς</strong></span> <span class='ocrx_word' id='word_1_247' title='bbox 3461 1901 3639 1971; x_wconf 81' lang='grc' dir='ltr'><strong>αὐτῆς</strong></span> 
     </span>
    </p>
   </div>
   <div class='ocr_carea' id='block_1_34' title="bbox 368 1994 1968 2098">
    <p class='ocr_par' dir='ltr' id='par_1_34' title="bbox 368 2012 1950 2098">
     <span class='ocr_line' id='line_1_35' title="bbox 368 2012 1950 2098; baseline -0.012 -18"><span class='ocrx_word' id='word_1_248' title='bbox 368 2029 514 2098; x_wconf 79' lang='lat' dir='ltr'><strong>jnge.</strong></span> <span class='ocrx_word' id='word_1_249' title='bbox 546 2024 751 2081; x_wconf 89' lang='lat' dir='ltr'><strong>Deinde</strong></span> <span class='ocrx_word' id='word_1_250' title='bbox 781 2037 904 2077; x_wconf 90' lang='lat' dir='ltr'><strong>cum</strong></span> <span class='ocrx_word' id='word_1_251' title='bbox 937 2027 1252 2086; x_wconf 64' lang='lat' dir='ltr'><strong>a&#39;grutasset</strong></span> <span class='ocrx_word' id='word_1_252' title='bbox 1282 2013 1600 2079; x_wconf 86' lang='lat' dir='ltr'><strong>monachus,</strong></span> <span class='ocrx_word' id='word_1_253' title='bbox 1632 2021 1685 2065; x_wconf 82' lang='lat' dir='ltr'><strong>et</strong></span> <span class='ocrx_word' id='word_1_254' title='bbox 1710 2012 1774 2064; x_wconf 93' lang='lat' dir='ltr'><strong>ad</strong></span> <span class='ocrx_word' id='word_1_255' title='bbox 1805 2025 1950 2064; x_wconf 90' lang='lat' dir='ltr'><strong>mor-</strong></span> 
     </span>
    </p>
   </div>
   <div class='ocr_carea' id='block_1_35' title="bbox 2074 1994 3641 2098">
    <p class='ocr_par' dir='ltr' id='par_1_35' title="bbox 2074 1994 3641 2080">
     <span class='ocr_line' id='line_1_36' title="bbox 2074 1994 3641 2080; baseline -0.008 -19"><span class='ocrx_word' id='word_1_256' title='bbox 2074 2010 2336 2080; x_wconf 64' lang='lat' dir='ltr'><strong>,mvﬁxsr</strong></span> <span class='ocrx_word' id='word_1_257' title='bbox 2366 2003 2464 2061; x_wconf 78' lang='grc' dir='ltr'><strong>εἷθ’</strong></span> <span class='ocrx_word' id='word_1_258' title='bbox 2514 2004 2688 2068; x_wconf 74' lang='grc' dir='ltr'><strong>οὕτως</strong></span> <span class='ocrx_word' id='word_1_259' title='bbox 2734 2005 3025 2073; x_wconf 80' lang='grc' dir='ltr'><strong>νοσήσαντι</strong></span> <span class='ocrx_word' id='word_1_260' title='bbox 3072 1999 3169 2053; x_wconf 80' lang='grc' dir='ltr'><strong>καὶ</strong></span> <span class='ocrx_word' id='word_1_261' title='bbox 3216 1997 3353 2067; x_wconf 67' lang='grc' dir='ltr'><strong>πρὸς</strong></span> <span class='ocrx_word' id='word_1_262' title='bbox 3401 1994 3641 2051; x_wconf 84' lang='grc' dir='ltr'><strong>θάνατον</strong></span> 
     </span>
    </p>
   </div>
   <div class='ocr_carea' id='block_1_36' title="bbox 379 2088 1968 2188">
    <p class='ocr_par' dir='ltr' id='par_1_36' title="bbox 379 2088 1950 2188">
     <span class='ocr_line' id='line_1_37' title="bbox 379 2088 1950 2188; baseline -0.014 -12"><span class='ocrx_word' id='word_1_263' title='bbox 379 2088 484 2176; x_wconf 58' lang='lat' dir='ltr'><strong>tein</strong></span> <span class='ocrx_word' id='word_1_264' title='bbox 517 2119 626 2188; x_wconf 84' lang='lat' dir='ltr'><strong>jam</strong></span> <span class='ocrx_word' id='word_1_265' title='bbox 661 2122 954 2184; x_wconf 85' lang='lat' dir='ltr'><strong>spectaret,</strong></span> <span class='ocrx_word' id='word_1_266' title='bbox 993 2108 1208 2180; x_wconf 87' lang='lat' dir='ltr'><strong>plurimi</strong></span> <span class='ocrx_word' id='word_1_267' title='bbox 1243 2106 1308 2160; x_wconf 88' lang='lat' dir='ltr'><strong>ad</strong></span> <span class='ocrx_word' id='word_1_268' title='bbox 1348 2120 1472 2160; x_wconf 89' lang='lat' dir='ltr'><strong>eum</strong></span> <span class='ocrx_word' id='word_1_269' title='bbox 1504 2112 1853 2159; x_wconf 86' lang='lat' dir='ltr'><strong>accesserunt</strong></span> <span class='ocrx_word' id='word_1_270' title='bbox 1883 2115 1950 2156; x_wconf 77' lang='lat' dir='ltr'><strong>ex</strong></span> 
     </span>
    </p>
   </div>
   <div class='ocr_carea' id='block_1_37' title="bbox 2074 2088 3637 2188">
    <p class='ocr_par' dir='ltr' id='par_1_37' title="bbox 2074 2088 3637 2175">
     <span class='ocr_line' id='line_1_38' title="bbox 2074 2088 3637 2175; baseline -0.012 -17"><span class='ocrx_word' id='word_1_271' title='bbox 2074 2102 2325 2175; x_wconf 80' lang='grc' dir='ltr'><strong>ιφορῶντι</strong></span> <span class='ocrx_word' id='word_1_272' title='bbox 2354 2100 2431 2171; x_wconf 82' lang='grc' dir='ltr'><strong>τῷ</strong></span> <span class='ocrx_word' id='word_1_273' title='bbox 2472 2096 2711 2171; x_wconf 85' lang='grc' dir='ltr'><strong>μοναχῷ,</strong></span> <span class='ocrx_word' id='word_1_274' title='bbox 2743 2095 2987 2148; x_wconf 82' lang='grc' dir='ltr'><strong>πλεῖστοι</strong></span> <span class='ocrx_word' id='word_1_275' title='bbox 3034 2092 3141 2146; x_wconf 85' lang='grc' dir='ltr'><strong>τῶν</strong></span> <span class='ocrx_word' id='word_1_276' title='bbox 3167 2088 3471 2160; x_wconf 80' lang='grc' dir='ltr'><strong>οἰκητόρων</strong></span> <span class='ocrx_word' id='word_1_277' title='bbox 3506 2090 3637 2140; x_wconf 64' lang='lat' dir='ltr'><strong>sm-</strong></span> 
     </span>
    </p>
   </div>
   <div class='ocr_carea' id='block_1_38' title="bbox 377 2177 1968 2273">
    <p class='ocr_par' dir='ltr' id='par_1_38' title="bbox 377 2191 1952 2273">
     <span class='ocr_line' id='line_1_39' title="bbox 377 2191 1952 2273; baseline -0.011 -5"><span class='ocrx_word' id='word_1_278' title='bbox 377 2208 796 2269; x_wconf 86' lang='lat' dir='ltr'><strong>habitatoribus,</strong></span> <span class='ocrx_word' id='word_1_279' title='bbox 825 2202 942 2273; x_wconf 84' lang='lat' dir='ltr'><strong>ejus</strong></span> <span class='ocrx_word' id='word_1_280' title='bbox 972 2191 1225 2257; x_wconf 88' lang='lat' dir='ltr'><strong>visitandi</strong></span> <span class='ocrx_word' id='word_1_281' title='bbox 1257 2199 1451 2269; x_wconf 81' lang='lat' dir='ltr'><strong>gratia.</strong></span> <span class='ocrx_word' id='word_1_282' title='bbox 1484 2197 1536 2251; x_wconf 94' lang='lat' dir='ltr'><strong>In</strong></span> <span class='ocrx_word' id='word_1_283' title='bbox 1566 2211 1794 2266; x_wconf 90' lang='lat' dir='ltr'><strong>quorum</strong></span> <span class='ocrx_word' id='word_1_284' title='bbox 1821 2210 1952 2251; x_wconf 85' lang='lat' dir='ltr'><strong>con-</strong></span> 
     </span>
    </p>
   </div>
   <div class='ocr_carea' id='block_1_39' title="bbox 2074 2177 3636 2273">
    <p class='ocr_par' dir='ltr' id='par_1_39' title="bbox 2074 2177 3636 2265">
     <span class='ocr_line' id='line_1_40' title="bbox 2074 2177 3636 2265; baseline -0.012 -16"><span class='ocrx_word' id='word_1_285' title='bbox 2074 2194 2301 2265; x_wconf 75' lang='grc' dir='ltr'><strong>ικέψεως</strong></span> <span class='ocrx_word' id='word_1_286' title='bbox 2332 2192 2493 2264; x_wconf 78' lang='grc' dir='ltr'><strong>χάριν</strong></span> <span class='ocrx_word' id='word_1_287' title='bbox 2526 2187 2675 2260; x_wconf 81' lang='grc' dir='ltr'><strong>αὐτῴ</strong></span> <span class='ocrx_word' id='word_1_288' title='bbox 2702 2185 3061 2259; x_wconf 74' lang='grc' dir='ltr'><strong>προσέϐαλον.</strong></span> <span class='ocrx_word' id='word_1_289' title='bbox 3100 2177 3201 2237; x_wconf 77' lang='grc' dir='ltr'><strong>Ἦν</strong></span> <span class='ocrx_word' id='word_1_290' title='bbox 3232 2180 3319 2234; x_wconf 74' lang='grc' dir='ltr'><strong>ἐπ’</strong></span> <span class='ocrx_word' id='word_1_291' title='bbox 3344 2179 3506 2250; x_wconf 70' lang='grc' dir='ltr'><strong>ὂψεσι</strong></span> <span class='ocrx_word' id='word_1_292' title='bbox 3541 2178 3636 2232; x_wconf 82' lang='grc' dir='ltr'><strong>θυ-</strong></span> 
     </span>
    </p>
   </div>
   <div class='ocr_carea' id='block_1_40' title="bbox 379 2270 1968 2374">
    <p class='ocr_par' dir='ltr' id='par_1_40' title="bbox 379 2286 1949 2374">
     <span class='ocr_line' id='line_1_41' title="bbox 379 2286 1949 2374; baseline -0.013 -15"><span class='ocrx_word' id='word_1_293' title='bbox 379 2314 566 2374; x_wconf 74' lang='lat' dir='ltr'><strong>s‘pectu</strong></span> <span class='ocrx_word' id='word_1_294' title='bbox 619 2316 741 2355; x_wconf 87' lang='lat' dir='ltr'><strong>cum</strong></span> <span class='ocrx_word' id='word_1_295' title='bbox 790 2296 1049 2369; x_wconf 87' lang='lat' dir='ltr'><strong>jussisset</strong></span> <span class='ocrx_word' id='word_1_296' title='bbox 1106 2291 1289 2346; x_wconf 74' lang='lat' dir='ltr'><strong>aﬂerri</strong></span> <span class='ocrx_word' id='word_1_297' title='bbox 1348 2288 1679 2345; x_wconf 85' lang='lat' dir='ltr'><strong>lintribulnm</strong></span> <span class='ocrx_word' id='word_1_298' title='bbox 1734 2286 1949 2357; x_wconf 86' lang='lat' dir='ltr'><strong>plenum</strong></span> 
     </span>
    </p>
   </div>
   <div class='ocr_carea' id='block_1_41' title="bbox 2074 2270 3640 2374">
    <p class='ocr_par' dir='ltr' id='par_1_41' title="bbox 2074 2270 3640 2357">
     <span class='ocr_line' id='line_1_42' title="bbox 2074 2270 3640 2357; baseline -0.011 -18"><span class='ocrx_word' id='word_1_299' title='bbox 2074 2286 2346 2357; x_wconf 76' lang='grc' dir='ltr'><strong>ιιατὴριον</strong></span> <span class='ocrx_word' id='word_1_300' title='bbox 2404 2281 2694 2352; x_wconf 74' lang='grc' dir='ltr'><strong>ἐνεχθῆναι</strong></span> <span class='ocrx_word' id='word_1_301' title='bbox 2753 2276 3017 2340; x_wconf 86' lang='grc' dir='ltr'><strong>κελεύσας</strong></span> <span class='ocrx_word' id='word_1_302' title='bbox 3077 2273 3364 2345; x_wconf 76' lang='grc' dir='ltr'><strong>ἀνθράκων</strong></span> <span class='ocrx_word' id='word_1_303' title='bbox 3423 2270 3640 2341; x_wconf 72' lang='grc' dir='ltr'><strong>πλῆρες</strong></span> 
     </span>
    </p>
   </div>
   <div class='ocr_carea' id='block_1_42' title="bbox 378 2362 1968 2454">
    <p class='ocr_par' dir='ltr' id='par_1_42' title="bbox 378 2382 1954 2454">
     <span class='ocr_line' id='line_1_43' title="bbox 378 2382 1954 2454; baseline -0.011 -3"><span class='ocrx_word' id='word_1_304' title='bbox 378 2396 734 2451; x_wconf 82' lang='lat' dir='ltr'><strong>candentibus</strong></span> <span class='ocrx_word' id='word_1_305' title='bbox 779 2386 1131 2451; x_wconf 87' lang='lat' dir='ltr'><strong>carbonibus,</strong></span> <span class='ocrx_word' id='word_1_306' title='bbox 1175 2384 1372 2454; x_wconf 86' lang='lat' dir='ltr'><strong>accipit</strong></span> <span class='ocrx_word' id='word_1_307' title='bbox 1416 2398 1508 2437; x_wconf 90' lang='lat' dir='ltr'><strong>eos</strong></span> <span class='ocrx_word' id='word_1_308' title='bbox 1554 2382 1853 2445; x_wconf 82' lang='lat' dir='ltr'><strong>carbones,</strong></span> <span class='ocrx_word' id='word_1_309' title='bbox 1901 2388 1954 2435; x_wconf 89' lang='lat' dir='ltr'><strong>et</strong></span> 
     </span>
    </p>
   </div>
   <div class='ocr_carea' id='block_1_43' title="bbox 2074 2362 3639 2454">
    <p class='ocr_par' dir='ltr' id='par_1_43' title="bbox 2074 2362 3639 2448">
     <span class='ocr_line' id='line_1_44' title="bbox 2074 2362 3639 2448; baseline -0.013 -16"><span class='ocrx_word' id='word_1_310' title='bbox 2074 2377 2249 2448; x_wconf 81' lang='grc' dir='ltr'><strong>τυρὸς,</strong></span> <span class='ocrx_word' id='word_1_311' title='bbox 2279 2373 2459 2430; x_wconf 78' lang='grc' dir='ltr'><strong>λαϐὼν</strong></span> <span class='ocrx_word' id='word_1_312' title='bbox 2485 2372 2739 2442; x_wconf 79' lang='grc' dir='ltr'><strong>καταχέει</strong></span> <span class='ocrx_word' id='word_1_313' title='bbox 2767 2370 2863 2424; x_wconf 79' lang='grc' dir='ltr'><strong>τοῦ</strong></span> <span class='ocrx_word' id='word_1_314' title='bbox 2914 2368 3118 2422; x_wconf 76' lang='grc' dir='ltr'><strong>κόλπου</strong></span> <span class='ocrx_word' id='word_1_315' title='bbox 3161 2366 3286 2429; x_wconf 77' lang='grc' dir='ltr'><strong>τοὺς</strong></span> <span class='ocrx_word' id='word_1_316' title='bbox 3331 2362 3639 2434; x_wconf 78' lang='grc' dir='ltr'><strong>ἄνθρακας,</strong></span> 
     </span>
    </p>
   </div>
   <div class='ocr_carea' id='block_1_44' title="bbox 381 2455 1968 2545">
    <p class='ocr_par' dir='ltr' id='par_1_44' title="bbox 381 2470 1953 2545">
     <span class='ocr_line' id='line_1_45' title="bbox 381 2470 1953 2545; baseline -0.011 -3"><span class='ocrx_word' id='word_1_317' title='bbox 381 2487 616 2543; x_wconf 79' lang='lat' dir='ltr'><strong>infundit</strong></span> <span class='ocrx_word' id='word_1_318' title='bbox 651 2485 704 2538; x_wconf 92' lang='lat' dir='ltr'><strong>in</strong></span> <span class='ocrx_word' id='word_1_319' title='bbox 723 2484 920 2545; x_wconf 86' lang='lat' dir='ltr'><strong>sinum,</strong></span> <span class='ocrx_word' id='word_1_320' title='bbox 948 2490 1002 2535; x_wconf 92' lang='lat' dir='ltr'><strong>et</strong></span> <span class='ocrx_word' id='word_1_321' title='bbox 1049 2476 1301 2533; x_wconf 90' lang='lat' dir='ltr'><strong>omnibus</strong></span> <span class='ocrx_word' id='word_1_322' title='bbox 1318 2473 1661 2530; x_wconf 88' lang='lat' dir='ltr'><strong>audientibus</strong></span> <span class='ocrx_word' id='word_1_323' title='bbox 1682 2488 1696 2525; x_wconf 93' lang='lat'><strong>:</strong></span> <span class='ocrx_word' id='word_1_324' title='bbox 1721 2470 1953 2527; x_wconf 87' lang='lat' dir='ltr'><strong>Benedi-</strong></span> 
     </span>
    </p>
   </div>
   <div class='ocr_carea' id='block_1_45' title="bbox 2074 2455 3643 2545">
    <p class='ocr_par' dir='ltr' id='par_1_45' title="bbox 2074 2455 3643 2531">
     <span class='ocr_line' id='line_1_46' title="bbox 2074 2455 3643 2531; baseline -0.011 -8"><span class='ocrx_word' id='word_1_325' title='bbox 2074 2471 2151 2524; x_wconf 81' lang='lat' dir='ltr'><strong>tati.</strong></span> <span class='ocrx_word' id='word_1_326' title='bbox 2203 2470 2282 2531; x_wconf 82' lang='grc' dir='ltr'><strong>είς</strong></span> <span class='ocrx_word' id='word_1_327' title='bbox 2335 2466 2505 2530; x_wconf 74' lang='grc' dir='ltr'><strong>ἀκοὰς</strong></span> <span class='ocrx_word' id='word_1_328' title='bbox 2556 2465 2810 2529; x_wconf 83' lang='grc' dir='ltr'><strong>πάντων,</strong></span> <span class='ocrx_word' id='word_1_329' title='bbox 2842 2460 3145 2531; x_wconf 68' lang='grc' dir='ltr'><strong>Εὐλογητὸς</strong></span> <span class='ocrx_word' id='word_1_330' title='bbox 3177 2457 3401 2528; x_wconf 85' lang='grc' dir='ltr'><strong>Κύριος,</strong></span> <span class='ocrx_word' id='word_1_331' title='bbox 3452 2455 3643 2525; x_wconf 74' lang='grc' dir='ltr'><strong>ἐφη,ὁ</strong></span> 
     </span>
    </p>
   </div>
   <div class='ocr_carea' id='block_1_46' title="bbox 381 2544 1968 2646">
    <p class='ocr_par' dir='ltr' id='par_1_46' title="bbox 381 2564 1958 2646">
     <span class='ocr_line' id='line_1_47' title="bbox 381 2564 1958 2646; baseline -0.012 -8"><span class='ocrx_word' id='word_1_332' title='bbox 381 2591 524 2646; x_wconf 82' lang='lat' dir='ltr'><strong>ctus,</strong></span> <span class='ocrx_word' id='word_1_333' title='bbox 555 2578 751 2646; x_wconf 81' lang='lat' dir='ltr'><strong>inquit,</strong></span> <span class='ocrx_word' id='word_1_334' title='bbox 789 2574 1064 2636; x_wconf 87' lang='lat' dir='ltr'><strong>Dominus,</strong></span> <span class='ocrx_word' id='word_1_335' title='bbox 1100 2570 1190 2640; x_wconf 86' lang='lat' dir='ltr'><strong>qui</strong></span> <span class='ocrx_word' id='word_1_336' title='bbox 1222 2569 1351 2625; x_wconf 90' lang='lat' dir='ltr'><strong>olim</strong></span> <span class='ocrx_word' id='word_1_337' title='bbox 1385 2569 1575 2622; x_wconf 87' lang='lat' dir='ltr'><strong>rubtttn</strong></span> <span class='ocrx_word' id='word_1_338' title='bbox 1613 2566 1848 2620; x_wconf 75' lang='lat' dir='ltr'><strong>servavit</strong></span> <span class='ocrx_word' id='word_1_339' title='bbox 1874 2564 1958 2620; x_wconf 89' lang='lat' dir='ltr'><strong>iu-</strong></span> 
     </span>
    </p>
   </div>
   <div class='ocr_carea' id='block_1_47' title="bbox 2074 2544 3643 2646">
    <p class='ocr_par' dir='ltr' id='par_1_47' title="bbox 2074 2544 3643 2631">
     <span class='ocr_line' id='line_1_48' title="bbox 2074 2544 3643 2631; baseline -0.014 -13"><span class='ocrx_word' id='word_1_340' title='bbox 2074 2562 2231 2618; x_wconf 75' lang='grc' dir='ltr'><strong>πάλαι</strong></span> <span class='ocrx_word' id='word_1_341' title='bbox 2260 2560 2360 2631; x_wconf 78' lang='grc' dir='ltr'><strong>τὴν</strong></span> <span class='ocrx_word' id='word_1_342' title='bbox 2395 2557 2556 2629; x_wconf 77' lang='grc' dir='ltr'><strong>βάτον</strong></span> <span class='ocrx_word' id='word_1_343' title='bbox 2584 2556 2831 2627; x_wconf 80' lang='grc' dir='ltr'><strong>τηρήσας</strong></span> <span class='ocrx_word' id='word_1_344' title='bbox 2859 2554 3126 2625; x_wconf 80' lang='grc' dir='ltr'><strong>άφλεκτον</strong></span> <span class='ocrx_word' id='word_1_345' title='bbox 3149 2566 3163 2581; x_wconf 87' lang='grc'><strong>·</strong></span> <span class='ocrx_word' id='word_1_346' title='bbox 3222 2544 3380 2613; x_wconf 76' lang='grc' dir='ltr'><strong>οὗτός</strong></span> <span class='ocrx_word' id='word_1_347' title='bbox 3429 2562 3525 2617; x_wconf 84' lang='grc' dir='ltr'><strong>μοι</strong></span> <span class='ocrx_word' id='word_1_348' title='bbox 3559 2544 3643 2617; x_wconf 79' lang='grc' dir='ltr'><strong>εἴη</strong></span> 
     </span>
    </p>
   </div>
   <div class='ocr_carea' id='block_1_48' title="bbox 381 2640 1968 2728">
    <p class='ocr_par' dir='ltr' id='par_1_48' title="bbox 381 2640 1959 2728">
     <span class='ocr_line' id='line_1_49' title="bbox 381 2640 1959 2728; baseline -0.01 -2"><span class='ocrx_word' id='word_1_349' title='bbox 381 2640 724 2728; x_wconf 73' lang='lat' dir='ltr'><strong>combustum</strong></span> <span class='ocrx_word' id='word_1_350' title='bbox 753 2685 767 2720; x_wconf 89' lang='lat'>:</span> <span class='ocrx_word' id='word_1_351' title='bbox 801 2666 848 2720; x_wconf 88' lang='lat' dir='ltr'><strong>is</strong></span> <span class='ocrx_word' id='word_1_352' title='bbox 885 2663 1016 2718; x_wconf 84' lang='lat' dir='ltr'><strong>mihi</strong></span> <span class='ocrx_word' id='word_1_353' title='bbox 1052 2663 1214 2717; x_wconf 82' lang='lat' dir='ltr'><strong>fuerit</strong></span> <span class='ocrx_word' id='word_1_354' title='bbox 1245 2662 1396 2716; x_wconf 89' lang='lat' dir='ltr'><strong>testis</strong></span> <span class='ocrx_word' id='word_1_355' title='bbox 1433 2656 1635 2723; x_wconf 90' lang='lat' dir='ltr'><strong>lidelis,</strong></span> <span class='ocrx_word' id='word_1_356' title='bbox 1665 2658 1808 2728; x_wconf 90' lang='lat' dir='ltr'><strong>quod</strong></span> <span class='ocrx_word' id='word_1_357' title='bbox 1823 2671 1959 2726; x_wconf 89' lang='lat' dir='ltr'><strong>quo-</strong></span> 
     </span>
    </p>
   </div>
   <div class='ocr_carea' id='block_1_49' title="bbox 2074 2640 3646 2728">
    <p class='ocr_par' dir='ltr' id='par_1_49' title="bbox 2074 2640 3646 2727">
     <span class='ocr_line' id='line_1_50' title="bbox 2074 2640 3646 2727; baseline -0.012 -18"><span class='ocrx_word' id='word_1_358' title='bbox 2074 2655 2275 2727; x_wconf 78' lang='grc' dir='ltr'><strong>μάρτυς</strong></span> <span class='ocrx_word' id='word_1_359' title='bbox 2305 2650 2516 2716; x_wconf 83' lang='grc' dir='ltr'><strong>πιστὸς,</strong></span> <span class='ocrx_word' id='word_1_360' title='bbox 2545 2649 2628 2703; x_wconf 79' lang='grc' dir='ltr'><strong>ὅτι</strong></span> <span class='ocrx_word' id='word_1_361' title='bbox 2652 2647 2841 2714; x_wconf 83' lang='grc' dir='ltr'><strong>ὥσπερ</strong></span> <span class='ocrx_word' id='word_1_362' title='bbox 2870 2647 2968 2715; x_wconf 81' lang='grc' dir='ltr'><strong>οὐχ</strong></span> <span class='ocrx_word' id='word_1_363' title='bbox 2989 2644 3167 2715; x_wconf 70' lang='grc' dir='ltr'><strong>ἥψατο</strong></span> <span class='ocrx_word' id='word_1_364' title='bbox 3196 2642 3304 2696; x_wconf 81' lang='grc' dir='ltr'><strong>τῶν</strong></span> <span class='ocrx_word' id='word_1_365' title='bbox 3334 2641 3486 2710; x_wconf 78' lang='grc' dir='ltr'><strong>ὲμῶν</strong></span> <span class='ocrx_word' id='word_1_366' title='bbox 3518 2640 3646 2709; x_wconf 83' lang='grc' dir='ltr'><strong>ίμα-</strong></span> 
     </span>
    </p>
   </div>
   <div class='ocr_carea' id='block_1_50' title="bbox 380 2731 1968 2824">
    <p class='ocr_par' dir='ltr' id='par_1_50' title="bbox 380 2749 1960 2824">
     <span class='ocr_line' id='line_1_51' title="bbox 380 2749 1960 2824; baseline -0.013 -3"><span class='ocrx_word' id='word_1_367' title='bbox 380 2766 544 2821; x_wconf 86' lang='lat' dir='ltr'><strong>modo</strong></span> <span class='ocrx_word' id='word_1_368' title='bbox 584 2776 733 2817; x_wconf 88' lang='lat' dir='ltr'><strong>meas</strong></span> <span class='ocrx_word' id='word_1_369' title='bbox 771 2769 948 2815; x_wconf 91' lang='lat' dir='ltr'><strong>vestes</strong></span> <span class='ocrx_word' id='word_1_370' title='bbox 975 2773 1082 2814; x_wconf 91' lang='lat' dir='ltr'><strong>non</strong></span> <span class='ocrx_word' id='word_1_371' title='bbox 1119 2756 1296 2824; x_wconf 87' lang='lat' dir='ltr'><strong>attigit</strong></span> <span class='ocrx_word' id='word_1_372' title='bbox 1330 2753 1446 2808; x_wconf 59' lang='lat' dir='ltr'><strong>hare</strong></span> <span class='ocrx_word' id='word_1_373' title='bbox 1478 2766 1597 2821; x_wconf 62' lang='lat' dir='ltr'><strong>quae</strong></span> <span class='ocrx_word' id='word_1_374' title='bbox 1625 2759 1708 2805; x_wconf 88' lang='lat' dir='ltr'><strong>est</strong></span> <span class='ocrx_word' id='word_1_375' title='bbox 1744 2750 1796 2804; x_wconf 90' lang='lat' dir='ltr'><strong>in</strong></span> <span class='ocrx_word' id='word_1_376' title='bbox 1836 2749 1960 2818; x_wconf 89' lang='lat' dir='ltr'><strong>igne</strong></span> 
     </span>
    </p>
   </div>
   <div class='ocr_carea' id='block_1_51' title="bbox 2074 2731 3645 2824">
    <p class='ocr_par' dir='ltr' id='par_1_51' title="bbox 2074 2731 3645 2814">
     <span class='ocr_line' id='line_1_52' title="bbox 2074 2731 3645 2814; baseline -0.01 -15"><span class='ocrx_word' id='word_1_377' title='bbox 2074 2746 2191 2800; x_wconf 77' lang='grc' dir='ltr'><strong>τίων</strong></span> <span class='ocrx_word' id='word_1_378' title='bbox 2219 2746 2252 2814; x_wconf 92' lang='grc' dir='ltr'><strong>ἡ</strong></span> <span class='ocrx_word' id='word_1_379' title='bbox 2272 2743 2540 2812; x_wconf 86' lang='grc' dir='ltr'><strong>καυστικὴ</strong></span> <span class='ocrx_word' id='word_1_380' title='bbox 2569 2739 2670 2813; x_wconf 74' lang='grc' dir='ltr'><strong>ἡδη</strong></span> <span class='ocrx_word' id='word_1_381' title='bbox 2700 2737 2795 2792; x_wconf 80' lang='grc' dir='ltr'><strong>τοῦ</strong></span> <span class='ocrx_word' id='word_1_382' title='bbox 2841 2736 3011 2809; x_wconf 72' lang='grc' dir='ltr'><strong>πυρὸς</strong></span> <span class='ocrx_word' id='word_1_383' title='bbox 3040 2734 3291 2804; x_wconf 88' lang='grc' dir='ltr'><strong>δύναμις,</strong></span> <span class='ocrx_word' id='word_1_384' title='bbox 3324 2731 3500 2795; x_wconf 74' lang='grc' dir='ltr'><strong>οὕτως</strong></span> <span class='ocrx_word' id='word_1_385' title='bbox 3523 2731 3645 2784; x_wconf 72' lang='grc' dir='ltr'><strong>οὐδὲ</strong></span> 
     </span>
    </p>
   </div>
   <div class='ocr_carea' id='block_1_52' title="bbox 386 2823 1968 2922">
    <p class='ocr_par' dir='ltr' id='par_1_52' title="bbox 386 2847 1959 2922">
     <span class='ocr_line' id='line_1_53' title="bbox 386 2847 1959 2922; baseline -0.013 -9"><span class='ocrx_word' id='word_1_386' title='bbox 386 2857 576 2913; x_wconf 80' lang='lat' dir='ltr'><strong>urcadi</strong></span> <span class='ocrx_word' id='word_1_387' title='bbox 607 2857 708 2922; x_wconf 81' lang='lat' dir='ltr'><strong>vis,</strong></span> <span class='ocrx_word' id='word_1_388' title='bbox 738 2854 810 2907; x_wconf 90' lang='lat' dir='ltr'><strong>ita</strong></span> <span class='ocrx_word' id='word_1_389' title='bbox 834 2867 931 2907; x_wconf 91' lang='lat' dir='ltr'><strong>nec</strong></span> <span class='ocrx_word' id='word_1_390' title='bbox 965 2864 1067 2919; x_wconf 91' lang='lat' dir='ltr'><strong>ego</strong></span> <span class='ocrx_word' id='word_1_391' title='bbox 1089 2847 1240 2915; x_wconf 85' lang='lat' dir='ltr'><strong>attigi</strong></span> <span class='ocrx_word' id='word_1_392' title='bbox 1268 2847 1549 2902; x_wconf 86' lang='lat' dir='ltr'><strong>mulierem</strong></span> <span class='ocrx_word' id='word_1_393' title='bbox 1579 2850 1693 2897; x_wconf 87' lang='lat' dir='ltr'><strong>toto</strong></span> <span class='ocrx_word' id='word_1_394' title='bbox 1717 2852 1959 2910; x_wconf 90' lang='lat' dir='ltr'><strong>tempore</strong></span> 
     </span>
    </p>
   </div>
   <div class='ocr_carea' id='block_1_53' title="bbox 2074 2823 3645 2922">
    <p class='ocr_par' dir='ltr' id='par_1_53' title="bbox 2074 2823 3645 2908">
     <span class='ocr_line' id='line_1_54' title="bbox 2074 2823 3645 2908; baseline -0.011 -16"><span class='ocrx_word' id='word_1_395' title='bbox 2074 2837 2173 2908; x_wconf 64' lang='grc' dir='ltr'><strong>ἐγὼ</strong></span> <span class='ocrx_word' id='word_1_396' title='bbox 2203 2835 2462 2906; x_wconf 76' lang='grc' dir='ltr'><strong>γυναικὸς</strong></span> <span class='ocrx_word' id='word_1_397' title='bbox 2488 2833 2715 2903; x_wconf 78' lang='grc' dir='ltr'><strong>ἡψάμην</strong></span> <span class='ocrx_word' id='word_1_398' title='bbox 2752 2829 2881 2901; x_wconf 81' lang='grc' dir='ltr'><strong>παρ’</strong></span> <span class='ocrx_word' id='word_1_399' title='bbox 2916 2829 3037 2883; x_wconf 86' lang='grc' dir='ltr'><strong>ὅλον</strong></span> <span class='ocrx_word' id='word_1_400' title='bbox 3068 2827 3159 2880; x_wconf 72' lang='grc' dir='ltr'><strong>τὸν</strong></span> <span class='ocrx_word' id='word_1_401' title='bbox 3186 2826 3283 2896; x_wconf 84' lang='grc' dir='ltr'><strong>τῆς</strong></span> <span class='ocrx_word' id='word_1_402' title='bbox 3312 2823 3460 2894; x_wconf 75' lang='grc' dir='ltr'><strong>ζωῆς</strong></span> <span class='ocrx_word' id='word_1_403' title='bbox 3513 2823 3645 2894; x_wconf 71' lang='grc' dir='ltr'><strong>χρό-</strong></span> 
     </span>
    </p>
   </div>
   <div class='ocr_carea' id='block_1_54' title="bbox 383 2914 1968 3007">
    <p class='ocr_par' dir='ltr' id='par_1_54' title="bbox 383 2914 1962 3007">
     <span class='ocr_line' id='line_1_55' title="bbox 383 2914 1962 3007; baseline -0.013 0"><span class='ocrx_word' id='word_1_404' title='bbox 383 2954 511 3007; x_wconf 82' lang='lat' dir='ltr'><strong>vitae</strong></span> <span class='ocrx_word' id='word_1_405' title='bbox 559 2961 710 3005; x_wconf 76' lang='lat' dir='ltr'><strong>meze.</strong></span> <span class='ocrx_word' id='word_1_406' title='bbox 759 2944 854 3000; x_wconf 83' lang='lat' dir='ltr'><strong>llis</strong></span> <span class='ocrx_word' id='word_1_407' title='bbox 903 2943 1100 2997; x_wconf 84' lang='lat' dir='ltr'><strong>auditis</strong></span> <span class='ocrx_word' id='word_1_408' title='bbox 1146 2914 1334 2995; x_wconf 83' lang='lat' dir='ltr'><strong>omnes</strong></span> <span class='ocrx_word' id='word_1_409' title='bbox 1378 2937 1805 3006; x_wconf 86' lang='lat' dir='ltr'><strong>obstupuerunt,</strong></span> <span class='ocrx_word' id='word_1_410' title='bbox 1851 2931 1962 2987; x_wconf 90' lang='lat' dir='ltr'><strong>Deo</strong></span> 
     </span>
    </p>
   </div>
   <div class='ocr_carea' id='block_1_55' title="bbox 2074 2914 3648 3007">
    <p class='ocr_par' dir='ltr' id='par_1_55' title="bbox 2074 2914 3648 2989">
     <span class='ocr_line' id='line_1_56' title="bbox 2074 2914 3648 2989; baseline -0.011 -5"><span class='ocrx_word' id='word_1_411' title='bbox 2074 2946 2175 2985; x_wconf 80' lang='grc' dir='ltr'><strong>νον.</strong></span> <span class='ocrx_word' id='word_1_412' title='bbox 2208 2926 2380 2981; x_wconf 79' lang='grc' dir='ltr'><strong>Τοῦτο</strong></span> <span class='ocrx_word' id='word_1_413' title='bbox 2404 2924 2602 2989; x_wconf 85' lang='grc' dir='ltr'><strong>πάντες</strong></span> <span class='ocrx_word' id='word_1_414' title='bbox 2637 2921 2968 2984; x_wconf 80' lang='grc' dir='ltr'><strong>ἀκούσαντες</strong></span> <span class='ocrx_word' id='word_1_415' title='bbox 2992 2918 3442 2987; x_wconf 81' lang='grc' dir='ltr'><strong>κατεπλάγησαν,</strong></span> <span class='ocrx_word' id='word_1_416' title='bbox 3482 2914 3648 2979; x_wconf 78' lang='grc' dir='ltr'><strong>δόξαν</strong></span> 
     </span>
    </p>
   </div>
   <div class='ocr_carea' id='block_1_56' title="bbox 385 3007 1968 3111">
    <p class='ocr_par' dir='ltr' id='par_1_56' title="bbox 385 3027 1963 3111">
     <span class='ocr_line' id='line_1_57' title="bbox 385 3027 1963 3111; baseline -0.01 -14"><span class='ocrx_word' id='word_1_417' title='bbox 385 3049 581 3097; x_wconf 85' lang='lat' dir='ltr'><strong>dantes</strong></span> <span class='ocrx_word' id='word_1_418' title='bbox 618 3039 872 3111; x_wconf 87' lang='lat' dir='ltr'><strong>gloriam,</strong></span> <span class='ocrx_word' id='word_1_419' title='bbox 912 3035 1001 3104; x_wconf 89' lang='lat' dir='ltr'><strong>qui</strong></span> <span class='ocrx_word' id='word_1_420' title='bbox 1045 3047 1159 3098; x_wconf 90' lang='lat' dir='ltr'><strong>eos,</strong></span> <span class='ocrx_word' id='word_1_421' title='bbox 1191 3032 1281 3102; x_wconf 90' lang='lat' dir='ltr'><strong>qui</strong></span> <span class='ocrx_word' id='word_1_422' title='bbox 1326 3030 1498 3100; x_wconf 84' lang='lat' dir='ltr'><strong>ipsum</strong></span> <span class='ocrx_word' id='word_1_423' title='bbox 1526 3029 1597 3100; x_wconf 76' lang='lat' dir='ltr'><strong>,in</strong></span> <span class='ocrx_word' id='word_1_424' title='bbox 1627 3027 1838 3084; x_wconf 90' lang='lat' dir='ltr'><strong>occulto</strong></span> <span class='ocrx_word' id='word_1_425' title='bbox 1868 3041 1963 3084; x_wconf 89' lang='lat' dir='ltr'><strong>co-</strong></span> 
     </span>
    </p>
   </div>
   <div class='ocr_carea' id='block_1_57' title="bbox 2074 3007 3650 3111">
    <p class='ocr_par' dir='ltr' id='par_1_57' title="bbox 2074 3007 3650 3092">
     <span class='ocr_line' id='line_1_58' title="bbox 2074 3007 3650 3092; baseline -0.01 -16"><span class='ocrx_word' id='word_1_426' title='bbox 2074 3022 2147 3092; x_wconf 80' lang='grc' dir='ltr'><strong>τῷ</strong></span> <span class='ocrx_word' id='word_1_427' title='bbox 2174 3018 2293 3089; x_wconf 87' lang='grc' dir='ltr'><strong>Θεῷ</strong></span> <span class='ocrx_word' id='word_1_428' title='bbox 2324 3018 2580 3081; x_wconf 85' lang='grc' dir='ltr'><strong>διδόντες,</strong></span> <span class='ocrx_word' id='word_1_429' title='bbox 2628 3018 2686 3079; x_wconf 84' lang='grc' dir='ltr'><strong>ὃς</strong></span> <span class='ocrx_word' id='word_1_430' title='bbox 2716 3032 2778 3084; x_wconf 83' lang='grc' dir='ltr'><strong>γε</strong></span> <span class='ocrx_word' id='word_1_431' title='bbox 2823 3015 2950 3077; x_wconf 73' lang='grc' dir='ltr'><strong>τοὺς</strong></span> <span class='ocrx_word' id='word_1_432' title='bbox 2985 3014 3039 3066; x_wconf 79' lang='grc' dir='ltr'><strong>ὲν</strong></span> <span class='ocrx_word' id='word_1_433' title='bbox 3087 3010 3166 3082; x_wconf 84' lang='grc' dir='ltr'><strong>τῷ</strong></span> <span class='ocrx_word' id='word_1_434' title='bbox 3218 3009 3447 3082; x_wconf 78' lang='grc' dir='ltr'><strong>κρυπτῷ</strong></span> <span class='ocrx_word' id='word_1_435' title='bbox 3480 3007 3650 3061; x_wconf 70' lang='grc' dir='ltr'><strong>αὑτὸν</strong></span> 
     </span>
    </p>
   </div>
   <div class='ocr_carea' id='block_1_58' title="bbox 386 3101 1968 3200">
    <p class='ocr_par' dir='ltr' id='par_1_58' title="bbox 386 3101 1965 3200">
     <span class='ocr_line' id='line_1_59' title="bbox 386 3101 1965 3200; baseline -0.01 -9"><span class='ocrx_word' id='word_1_436' title='bbox 386 3137 535 3199; x_wconf 89' lang='lat' dir='ltr'><strong>lunt,</strong></span> <span class='ocrx_word' id='word_1_437' title='bbox 586 3101 689 3188; x_wconf 68' lang='lat' dir='ltr'><strong>scit</strong></span> <span class='ocrx_word' id='word_1_438' title='bbox 723 3101 1283 3200; x_wconf 32' lang='lat' dir='ltr'><strong>aperte—gloriﬁcare.</strong></span> <span class='ocrx_word' id='word_1_439' title='bbox 1321 3124 1449 3178; x_wconf 73' lang='lat' dir='ltr'><strong>Haec</strong></span> <span class='ocrx_word' id='word_1_440' title='bbox 1481 3138 1602 3178; x_wconf 87' lang='lat' dir='ltr'><strong>cum</strong></span> <span class='ocrx_word' id='word_1_441' title='bbox 1644 3120 1864 3177; x_wconf 72' lang='lat' dir='ltr'><strong>iecisset</strong></span> <span class='ocrx_word' id='word_1_442' title='bbox 1908 3129 1965 3176; x_wconf 86' lang='lat' dir='ltr'><strong>et</strong></span> 
     </span>
    </p>
   </div>
   <div class='ocr_carea' id='block_1_59' title="bbox 2074 3101 3652 3200">
    <p class='ocr_par' dir='ltr' id='par_1_59' title="bbox 2074 3101 3652 3185">
     <span class='ocr_line' id='line_1_60' title="bbox 2074 3101 3652 3185; baseline -0.01 -17"><span class='ocrx_word' id='word_1_443' title='bbox 2074 3111 2475 3185; x_wconf 79' lang='grc' dir='ltr'><strong>θεραπεύοντας</strong></span> <span class='ocrx_word' id='word_1_444' title='bbox 2515 3108 2764 3181; x_wconf 79' lang='grc' dir='ltr'><strong>φανερῶς</strong></span> <span class='ocrx_word' id='word_1_445' title='bbox 2781 3103 2889 3160; x_wconf 78' lang='grc' dir='ltr'><strong>οἶδε</strong></span> <span class='ocrx_word' id='word_1_446' title='bbox 2919 3103 3180 3171; x_wconf 73' lang='grc' dir='ltr'><strong>δοξάζειν.</strong></span> <span class='ocrx_word' id='word_1_447' title='bbox 3200 3101 3388 3157; x_wconf 73' lang='grc' dir='ltr'><strong>Ταῦτα</strong></span> <span class='ocrx_word' id='word_1_448' title='bbox 3415 3101 3652 3168; x_wconf 77' lang='grc' dir='ltr'><strong>ποιήσας</strong></span> 
     </span>
    </p>
   </div>
   <div class='ocr_carea' id='block_1_60' title="bbox 389 3212 1961 3281">
    <p class='ocr_par' dir='ltr' id='par_1_60' title="bbox 389 3212 1961 3281">
     <span class='ocr_line' id='line_1_61' title="bbox 389 3212 1961 3281; baseline -0.007 -5"><span class='ocrx_word' id='word_1_449' title='bbox 389 3226 617 3276; x_wconf 66' lang='lat' dir='ltr'><strong>dixisset</strong></span> <span class='ocrx_word' id='word_1_450' title='bbox 653 3219 974 3277; x_wconf 84' lang='lat' dir='ltr'><strong>monachus.</strong></span> <span class='ocrx_word' id='word_1_451' title='bbox 1007 3217 1059 3269; x_wconf 91' lang='lat' dir='ltr'><strong>in</strong></span> <span class='ocrx_word' id='word_1_452' title='bbox 1097 3228 1290 3269; x_wconf 83' lang='lat' dir='ltr'><strong>manus</strong></span> <span class='ocrx_word' id='word_1_453' title='bbox 1325 3212 1419 3269; x_wconf 88' lang='lat' dir='ltr'><strong>Dei</strong></span> <span class='ocrx_word' id='word_1_454' title='bbox 1449 3213 1671 3281; x_wconf 85' lang='lat' dir='ltr'><strong>deponit</strong></span> <span class='ocrx_word' id='word_1_455' title='bbox 1699 3212 1961 3265; x_wconf 89' lang='lat' dir='ltr'><strong>animam.</strong></span> 
     </span>
    </p>
   </div>
   <div class='ocr_carea' id='block_1_61' title="bbox 390 3301 1963 3380">
    <p class='ocr_par' dir='ltr' id='par_1_61' title="bbox 390 3301 1963 3380">
     <span class='ocr_line' id='line_1_62' title="bbox 390 3301 1963 3380; baseline -0.007 -12"><span class='ocrx_word' id='word_1_456' title='bbox 390 3312 686 3380; x_wconf 83' lang='lat' dir='ltr'><strong>Propterea</strong></span> <span class='ocrx_word' id='word_1_457' title='bbox 722 3310 874 3363; x_wconf 82' lang='lat' dir='ltr'><strong>vobis</strong></span> <span class='ocrx_word' id='word_1_458' title='bbox 902 3306 1156 3361; x_wconf 86' lang='lat' dir='ltr'><strong>omnibus</strong></span> <span class='ocrx_word' id='word_1_459' title='bbox 1183 3305 1406 3369; x_wconf 89' lang='lat' dir='ltr'><strong>suadeo,</strong></span> <span class='ocrx_word' id='word_1_460' title='bbox 1442 3318 1475 3358; x_wconf 90' lang='grc' dir='ltr'><strong>ο</strong></span> <span class='ocrx_word' id='word_1_461' title='bbox 1505 3302 1603 3358; x_wconf 78' lang='lat' dir='ltr'><strong>lilii</strong></span> <span class='ocrx_word' id='word_1_462' title='bbox 1633 3301 1963 3372; x_wconf 88' lang='lat' dir='ltr'><strong>spirituales,</strong></span> 
     </span>
    </p>
   </div>
   <div class='ocr_carea' id='block_1_62' title="bbox 392 3396 1964 3471">
    <p class='ocr_par' dir='ltr' id='par_1_62' title="bbox 392 3396 1964 3471">
     <span class='ocr_line' id='line_1_63' title="bbox 392 3396 1964 3471; baseline -0.01 -8"><span class='ocrx_word' id='word_1_463' title='bbox 392 3407 536 3463; x_wconf 79' lang='lat' dir='ltr'><strong>sicut</strong></span> <span class='ocrx_word' id='word_1_464' title='bbox 562 3403 726 3458; x_wconf 88' lang='lat' dir='ltr'><strong>etiam</strong></span> <span class='ocrx_word' id='word_1_465' title='bbox 760 3400 910 3471; x_wconf 73' lang='lat' dir='ltr'><strong>prius</strong></span> <span class='ocrx_word' id='word_1_466' title='bbox 937 3400 1046 3453; x_wconf 77' lang='lat' dir='ltr'><strong>dixi</strong></span> <span class='ocrx_word' id='word_1_467' title='bbox 1068 3438 1083 3462; x_wconf 95' lang='lat'><strong>,</strong></span> <span class='ocrx_word' id='word_1_468' title='bbox 1121 3413 1226 3452; x_wconf 88' lang='lat' dir='ltr'><strong>non</strong></span> <span class='ocrx_word' id='word_1_469' title='bbox 1269 3411 1388 3452; x_wconf 90' lang='lat' dir='ltr'><strong>esse</strong></span> <span class='ocrx_word' id='word_1_470' title='bbox 1413 3405 1694 3468; x_wconf 86' lang='lat' dir='ltr'><strong>promptos</strong></span> <span class='ocrx_word' id='word_1_471' title='bbox 1734 3396 1802 3450; x_wconf 82' lang='lat' dir='ltr'><strong>ad</strong></span> <span class='ocrx_word' id='word_1_472' title='bbox 1831 3409 1964 3448; x_wconf 88' lang='lat' dir='ltr'><strong>con-</strong></span> 
     </span>
    </p>
   </div>
   <div class='ocr_carea' id='block_1_63' title="bbox 393 3484 1968 3562">
    <p class='ocr_par' dir='ltr' id='par_1_63' title="bbox 393 3484 1968 3562">
     <span class='ocr_line' id='line_1_64' title="bbox 393 3484 1968 3562; baseline -0.008 -8"><span class='ocrx_word' id='word_1_473' title='bbox 393 3496 813 3554; x_wconf 84' lang='lat' dir='ltr'><strong>demnationem.</strong></span> <span class='ocrx_word' id='word_1_474' title='bbox 841 3490 1120 3562; x_wconf 86' lang='lat' dir='ltr'><strong>Contingit</strong></span> <span class='ocrx_word' id='word_1_475' title='bbox 1150 3489 1293 3543; x_wconf 89' lang='lat' dir='ltr'><strong>enim</strong></span> <span class='ocrx_word' id='word_1_476' title='bbox 1326 3503 1732 3557; x_wconf 88' lang='lat' dir='ltr'><strong>nonnunquam,</strong></span> <span class='ocrx_word' id='word_1_477' title='bbox 1760 3495 1817 3540; x_wconf 90' lang='lat' dir='ltr'><strong>ut</strong></span> <span class='ocrx_word' id='word_1_478' title='bbox 1847 3484 1968 3556; x_wconf 87' lang='lat' dir='ltr'><strong>ejus</strong></span> 
     </span>
    </p>
   </div>
   <div class='ocr_carea' id='block_1_64' title="bbox 395 3577 1970 3659">
    <p class='ocr_par' dir='ltr' id='par_1_64' title="bbox 395 3577 1970 3659">
     <span class='ocr_line' id='line_1_65' title="bbox 395 3577 1970 3659; baseline -0.006 -16"><span class='ocrx_word' id='word_1_479' title='bbox 395 3589 639 3659; x_wconf 82' lang='lat' dir='ltr'><strong>quidem,</strong></span> <span class='ocrx_word' id='word_1_480' title='bbox 678 3583 768 3653; x_wconf 91' lang='lat' dir='ltr'><strong>qui</strong></span> <span class='ocrx_word' id='word_1_481' title='bbox 809 3592 892 3637; x_wconf 80' lang='lat' dir='ltr'><strong>est</strong></span> <span class='ocrx_word' id='word_1_482' title='bbox 918 3579 1249 3647; x_wconf 78' lang='lat' dir='ltr'><strong>fornicatus,</strong></span> <span class='ocrx_word' id='word_1_483' title='bbox 1289 3590 1384 3634; x_wconf 89' lang='lat' dir='ltr'><strong>aut</strong></span> <span class='ocrx_word' id='word_1_484' title='bbox 1416 3579 1617 3651; x_wconf 87' lang='lat' dir='ltr'><strong>aliquid</strong></span> <span class='ocrx_word' id='word_1_485' title='bbox 1657 3579 1803 3635; x_wconf 78' lang='lat' dir='ltr'><strong>aliud</strong></span> <span class='ocrx_word' id='word_1_486' title='bbox 1832 3577 1970 3633; x_wconf 83' lang='lat' dir='ltr'><strong>deli-</strong></span> 
     </span>
    </p>
   </div>
   <div class='ocr_carea' id='block_1_65' title="bbox 396 3669 1969 3747">
    <p class='ocr_par' dir='ltr' id='par_1_65' title="bbox 396 3669 1969 3747">
     <span class='ocr_line' id='line_1_66' title="bbox 396 3669 1969 3747; baseline -0.004 -15"><span class='ocrx_word' id='word_1_487' title='bbox 396 3681 545 3747; x_wconf 85' lang='lat' dir='ltr'><strong>quit,</strong></span> <span class='ocrx_word' id='word_1_488' title='bbox 586 3682 866 3744; x_wconf 67' lang='lat' dir='ltr'><strong>pecwtum</strong></span> <span class='ocrx_word' id='word_1_489' title='bbox 900 3683 1087 3741; x_wconf 84' lang='lat' dir='ltr'><strong>aperte</strong></span> <span class='ocrx_word' id='word_1_490' title='bbox 1120 3670 1323 3747; x_wconf 70' lang='lat' dir='ltr'><strong>factum</strong></span> <span class='ocrx_word' id='word_1_491' title='bbox 1356 3669 1593 3727; x_wconf 84' lang='lat' dir='ltr'><strong>sciamus</strong></span> <span class='ocrx_word' id='word_1_492' title='bbox 1621 3709 1637 3735; x_wconf 93' lang='lat'><strong>,</strong></span> <span class='ocrx_word' id='word_1_493' title='bbox 1667 3670 1720 3724; x_wconf 92' lang='lat' dir='ltr'><strong>in</strong></span> <span class='ocrx_word' id='word_1_494' title='bbox 1753 3669 1969 3726; x_wconf 88' lang='lat' dir='ltr'><strong>occulto</strong></span> 
     </span>
    </p>
   </div>
   <div class='ocr_carea' id='block_1_66' title="bbox 400 3762 1969 3835">
    <p class='ocr_par' dir='ltr' id='par_1_66' title="bbox 400 3762 1969 3835">
     <span class='ocr_line' id='line_1_67' title="bbox 400 3762 1969 3835; baseline -0.006 -11"><span class='ocrx_word' id='word_1_495' title='bbox 400 3779 582 3824; x_wconf 75' lang='lat' dir='ltr'><strong>autem</strong></span> <span class='ocrx_word' id='word_1_496' title='bbox 621 3768 814 3822; x_wconf 82' lang='lat' dir='ltr'><strong>factam</strong></span> <span class='ocrx_word' id='word_1_497' title='bbox 855 3767 1163 3835; x_wconf 79' lang='lat' dir='ltr'><strong>ignoremus</strong></span> <span class='ocrx_word' id='word_1_498' title='bbox 1194 3764 1590 3832; x_wconf 62' lang='lat' dir='ltr'><strong>paenitentiam.</strong></span> <span class='ocrx_word' id='word_1_499' title='bbox 1621 3762 1844 3834; x_wconf 84' lang='lat' dir='ltr'><strong>Oportet</strong></span> <span class='ocrx_word' id='word_1_500' title='bbox 1872 3778 1969 3816; x_wconf 86' lang='lat' dir='ltr'><strong>au-</strong></span> 
     </span>
    </p>
   </div>
   <div class='ocr_carea' id='block_1_67' title="bbox 401 3856 1971 3926">
    <p class='ocr_par' dir='ltr' id='par_1_67' title="bbox 401 3856 1971 3926">
     <span class='ocr_line' id='line_1_68' title="bbox 401 3856 1971 3926; baseline -0.004 -9"><span class='ocrx_word' id='word_1_501' title='bbox 401 3872 508 3917; x_wconf 83' lang='lat' dir='ltr'><strong>tem</strong></span> <span class='ocrx_word' id='word_1_502' title='bbox 546 3861 876 3914; x_wconf 79' lang='lat' dir='ltr'><strong>Dominicam</strong></span> <span class='ocrx_word' id='word_1_503' title='bbox 912 3872 1123 3925; x_wconf 79' lang='lat' dir='ltr'><strong>qunque</strong></span> <span class='ocrx_word' id='word_1_504' title='bbox 1161 3858 1352 3911; x_wconf 87' lang='lat' dir='ltr'><strong>timere</strong></span> <span class='ocrx_word' id='word_1_505' title='bbox 1391 3871 1611 3918; x_wconf 87' lang='lat' dir='ltr'><strong>vocem,</strong></span> <span class='ocrx_word' id='word_1_506' title='bbox 1653 3872 1771 3926; x_wconf 69' lang='lat' dir='ltr'><strong>qua:</strong></span> <span class='ocrx_word' id='word_1_507' title='bbox 1802 3856 1971 3911; x_wconf 69' lang='lat' dir='ltr'><strong>dicit:</strong></span> 
     </span>
    </p>
   </div>
   <div class='ocr_carea' id='block_1_68' title="bbox 406 3948 1746 4022">
    <p class='ocr_par' dir='ltr' id='par_1_68' title="bbox 406 3948 1746 4022">
     <span class='ocr_line' id='line_1_69' title="bbox 406 3948 1746 4022; baseline -0.003 -19"><span class='ocrx_word' id='word_1_508' title='bbox 406 3967 426 4003; x_wconf 76' lang='grc' dir='ltr'><strong>ι</strong></span> <span class='ocrx_word' id='word_1_509' title='bbox 473 3949 529 4005; x_wconf 85' lang='lat' dir='ltr'><strong>In</strong></span> <span class='ocrx_word' id='word_1_510' title='bbox 564 3965 670 4021; x_wconf 88' lang='lat' dir='ltr'><strong>quo</strong></span> <span class='ocrx_word' id='word_1_511' title='bbox 696 3951 902 4022; x_wconf 82' lang='lat' dir='ltr'><strong>judicio</strong></span> <span class='ocrx_word' id='word_1_512' title='bbox 927 3948 1209 4021; x_wconf 64' lang='lat' dir='ltr'><strong>iudicatis,</strong></span> <span class='ocrx_word' id='word_1_513' title='bbox 1232 3948 1610 4018; x_wconf 84' lang='lat' dir='ltr'><strong>jutlicabimini</strong></span> <span class='ocrx_word' id='word_1_514' title='bbox 1640 3949 1682 4001; x_wconf 84' lang='lat'><strong>&#39;.</strong></span> <span class='ocrx_word' id='word_1_515' title='bbox 1728 3968 1746 3999; x_wconf 76' lang='grc' dir='ltr'><strong>ι</strong></span> 
     </span>
    </p>
   </div>
   <div class='ocr_carea' id='block_1_69' title="bbox 2069 3192 3655 3272">
    <p class='ocr_par' dir='ltr' id='par_1_69' title="bbox 2069 3192 3655 3272">
     <span class='ocr_line' id='line_1_70' title="bbox 2069 3192 3655 3272; baseline -0.011 -11"><span class='ocrx_word' id='word_1_516' title='bbox 2069 3224 2130 3261; x_wconf 85' lang='grc' dir='ltr'><strong>τε</strong></span> <span class='ocrx_word' id='word_1_517' title='bbox 2161 3205 2256 3260; x_wconf 75' lang='grc' dir='ltr'><strong>καὶ</strong></span> <span class='ocrx_word' id='word_1_518' title='bbox 2283 3203 2441 3269; x_wconf 80' lang='grc' dir='ltr'><strong>λέξας</strong></span> <span class='ocrx_word' id='word_1_519' title='bbox 2477 3204 2505 3256; x_wconf 87' lang='grc' dir='ltr'><strong>ὁ</strong></span> <span class='ocrx_word' id='word_1_520' title='bbox 2546 3200 2799 3272; x_wconf 75' lang='grc' dir='ltr'><strong>μοναχός,</strong></span> <span class='ocrx_word' id='word_1_521' title='bbox 2831 3200 2910 3263; x_wconf 85' lang='grc' dir='ltr'><strong>είς</strong></span> <span class='ocrx_word' id='word_1_522' title='bbox 2956 3196 3093 3252; x_wconf 78' lang='grc' dir='ltr'><strong>Θεοῦ</strong></span> <span class='ocrx_word' id='word_1_523' title='bbox 3125 3198 3315 3268; x_wconf 86' lang='grc' dir='ltr'><strong>χεῖρας</strong></span> <span class='ocrx_word' id='word_1_524' title='bbox 3346 3193 3448 3265; x_wconf 80' lang='grc' dir='ltr'><strong>τὴν</strong></span> <span class='ocrx_word' id='word_1_525' title='bbox 3467 3192 3655 3263; x_wconf 76' lang='grc' dir='ltr'><strong>ψυχὴν</strong></span> 
     </span>
    </p>
   </div>
   <div class='ocr_carea' id='block_1_70' title="bbox 2073 3287 3654 3369">
    <p class='ocr_par' dir='ltr' id='par_1_70' title="bbox 2073 3287 3654 3369">
     <span class='ocr_line' id='line_1_71' title="bbox 2073 3287 3654 3369; baseline -0.01 -17"><span class='ocrx_word' id='word_1_526' title='bbox 2073 3295 2428 3369; x_wconf 88' lang='grc' dir='ltr'><strong>παρατίθησι.</strong></span> <span class='ocrx_word' id='word_1_527' title='bbox 2453 3293 2551 3347; x_wconf 76' lang='grc' dir='ltr'><strong>Διὰ</strong></span> <span class='ocrx_word' id='word_1_528' title='bbox 2579 3292 2644 3362; x_wconf 80' lang='grc' dir='ltr'><strong>δὴ</strong></span> <span class='ocrx_word' id='word_1_529' title='bbox 2677 3291 2851 3345; x_wconf 81' lang='grc' dir='ltr'><strong>ταῦτα</strong></span> <span class='ocrx_word' id='word_1_530' title='bbox 2881 3290 3010 3361; x_wconf 82' lang='grc' dir='ltr'><strong>ὑμῖν</strong></span> <span class='ocrx_word' id='word_1_531' title='bbox 3043 3287 3449 3360; x_wconf 75' lang='grc' dir='ltr'><strong>παρεγγυῶμαι</strong></span> <span class='ocrx_word' id='word_1_532' title='bbox 3483 3287 3654 3351; x_wconf 81' lang='grc' dir='ltr'><strong>πᾶσι,</strong></span> 
     </span>
    </p>
   </div>
   <div class='ocr_carea' id='block_1_71' title="bbox 2072 3376 3651 3456">
    <p class='ocr_par' dir='ltr' id='par_1_71' title="bbox 2072 3376 3651 3456">
     <span class='ocr_line' id='line_1_72' title="bbox 2072 3376 3651 3456; baseline -0.009 -14"><span class='ocrx_word' id='word_1_533' title='bbox 2072 3390 2238 3443; x_wconf 77' lang='grc' dir='ltr'><strong>τέκνα</strong></span> <span class='ocrx_word' id='word_1_534' title='bbox 2274 3382 2641 3456; x_wconf 85' lang='grc' dir='ltr'><strong>πνευματικὰ,</strong></span> <span class='ocrx_word' id='word_1_535' title='bbox 2682 3382 2934 3453; x_wconf 86' lang='grc' dir='ltr'><strong>καθάπερ</strong></span> <span class='ocrx_word' id='word_1_536' title='bbox 2959 3381 3023 3451; x_wconf 80' lang='grc' dir='ltr'><strong>δὴ</strong></span> <span class='ocrx_word' id='word_1_537' title='bbox 3050 3383 3147 3435; x_wconf 75' lang='grc' dir='ltr'><strong>καὶ</strong></span> <span class='ocrx_word' id='word_1_538' title='bbox 3176 3379 3442 3451; x_wconf 77' lang='grc' dir='ltr'><strong>πρότερον</strong></span> <span class='ocrx_word' id='word_1_539' title='bbox 3489 3376 3651 3445; x_wconf 82' lang='grc' dir='ltr'><strong>ἔφην,</strong></span> 
     </span>
    </p>
   </div>
   <div class='ocr_carea' id='block_1_72' title="bbox 2080 3468 3658 3551">
    <p class='ocr_par' dir='ltr' id='par_1_72' title="bbox 2080 3468 3658 3551">
     <span class='ocr_line' id='line_1_73' title="bbox 2080 3468 3658 3551; baseline -0.013 -13"><span class='ocrx_word' id='word_1_540' title='bbox 2080 3480 2162 3551; x_wconf 77' lang='grc' dir='ltr'><strong>μὴ</strong></span> <span class='ocrx_word' id='word_1_541' title='bbox 2224 3476 2549 3549; x_wconf 81' lang='grc' dir='ltr'><strong>προχείρους</strong></span> <span class='ocrx_word' id='word_1_542' title='bbox 2584 3469 2725 3527; x_wconf 77' lang='grc' dir='ltr'><strong>εἶναι</strong></span> <span class='ocrx_word' id='word_1_543' title='bbox 2779 3472 2916 3544; x_wconf 78' lang='grc' dir='ltr'><strong>πρὸς</strong></span> <span class='ocrx_word' id='word_1_544' title='bbox 2967 3471 3064 3541; x_wconf 78' lang='grc' dir='ltr'><strong>τὴν</strong></span> <span class='ocrx_word' id='word_1_545' title='bbox 3115 3470 3461 3540; x_wconf 79' lang='grc' dir='ltr'><strong>κατάκρισιν.</strong></span> <span class='ocrx_word' id='word_1_546' title='bbox 3498 3468 3658 3521; x_wconf 81' lang='grc' dir='ltr'><strong>Ἔστι</strong></span> 
     </span>
    </p>
   </div>
   <div class='ocr_carea' id='block_1_73' title="bbox 2074 3554 3658 3645">
    <p class='ocr_par' dir='ltr' id='par_1_73' title="bbox 2074 3554 3658 3645">
     <span class='ocr_line' id='line_1_74' title="bbox 2074 3554 3658 3645; baseline -0.011 -18"><span class='ocrx_word' id='word_1_547' title='bbox 2074 3573 2185 3645; x_wconf 86' lang='grc' dir='ltr'><strong>γὰρ</strong></span> <span class='ocrx_word' id='word_1_548' title='bbox 2207 3573 2294 3626; x_wconf 77' lang='grc' dir='ltr'><strong>ὅτε</strong></span> <span class='ocrx_word' id='word_1_549' title='bbox 2319 3572 2414 3623; x_wconf 83' lang='grc' dir='ltr'><strong>καὶ</strong></span> <span class='ocrx_word' id='word_1_550' title='bbox 2450 3566 2736 3639; x_wconf 79' lang='grc' dir='ltr'><strong>συμϐαίνει</strong></span> <span class='ocrx_word' id='word_1_551' title='bbox 2764 3564 2862 3636; x_wconf 73' lang='grc' dir='ltr'><strong>τὴν</strong></span> <span class='ocrx_word' id='word_1_552' title='bbox 2896 3563 2995 3633; x_wconf 81' lang='grc' dir='ltr'><strong>μὲν</strong></span> <span class='ocrx_word' id='word_1_553' title='bbox 3039 3559 3134 3615; x_wconf 82' lang='grc' dir='ltr'><strong>τοῦ</strong></span> <span class='ocrx_word' id='word_1_554' title='bbox 3168 3559 3577 3629; x_wconf 78' lang='grc' dir='ltr'><strong>πορνεύσαντος</strong></span> <span class='ocrx_word' id='word_1_555' title='bbox 3623 3554 3658 3626; x_wconf 74' lang='grc' dir='ltr'>ἦ</span> 
     </span>
    </p>
   </div>
   <div class='ocr_carea' id='block_1_74' title="bbox 2085 3650 3662 3730">
    <p class='ocr_par' dir='ltr' id='par_1_74' title="bbox 2085 3650 3662 3730">
     <span class='ocr_line' id='line_1_75' title="bbox 2085 3650 3662 3730; baseline -0.015 -8"><span class='ocrx_word' id='word_1_556' title='bbox 2085 3668 2180 3722; x_wconf 76' lang='grc' dir='ltr'><strong>καὶ</strong></span> <span class='ocrx_word' id='word_1_557' title='bbox 2205 3664 2333 3720; x_wconf 82' lang='grc' dir='ltr'><strong>ἄλλο</strong></span> <span class='ocrx_word' id='word_1_558' title='bbox 2364 3679 2418 3716; x_wconf 83' lang='grc' dir='ltr'><strong>τι</strong></span> <span class='ocrx_word' id='word_1_559' title='bbox 2449 3656 2982 3730; x_wconf 83' lang='grc' dir='ltr'><strong>πεπλημμεληκότος</strong></span> <span class='ocrx_word' id='word_1_560' title='bbox 3047 3653 3320 3724; x_wconf 80' lang='grc' dir='ltr'><strong>ἁμαρτίαν</strong></span> <span class='ocrx_word' id='word_1_561' title='bbox 3355 3652 3414 3703; x_wconf 79' lang='grc' dir='ltr'><strong>ὲν</strong></span> <span class='ocrx_word' id='word_1_562' title='bbox 3446 3650 3531 3721; x_wconf 79' lang='grc' dir='ltr'><strong>τῷ</strong></span> <span class='ocrx_word' id='word_1_563' title='bbox 3558 3666 3662 3718; x_wconf 65' lang='grc' dir='ltr'><strong>φα.</strong></span> 
     </span>
    </p>
   </div>
   <div class='ocr_carea' id='block_1_75' title="bbox 2078 3737 3663 3831">
    <p class='ocr_par' dir='ltr' id='par_1_75' title="bbox 2078 3737 3663 3831">
     <span class='ocr_line' id='line_1_76' title="bbox 2078 3737 3663 3831; baseline -0.014 -21"><span class='ocrx_word' id='word_1_564' title='bbox 2078 3754 2223 3831; x_wconf 82' lang='grc' dir='ltr'><strong>νερῷ</strong></span> <span class='ocrx_word' id='word_1_565' title='bbox 2279 3750 2622 3824; x_wconf 88' lang='grc' dir='ltr'><strong>πραχθεῖσαν</strong></span> <span class='ocrx_word' id='word_1_566' title='bbox 2651 3746 2871 3809; x_wconf 73' lang='grc' dir='ltr'><strong>εἰδέναι,</strong></span> <span class='ocrx_word' id='word_1_567' title='bbox 2903 3745 3002 3815; x_wconf 81' lang='grc' dir='ltr'><strong>τὴν</strong></span> <span class='ocrx_word' id='word_1_568' title='bbox 3028 3743 3085 3796; x_wconf 82' lang='grc' dir='ltr'><strong>δὲ</strong></span> <span class='ocrx_word' id='word_1_569' title='bbox 3111 3741 3399 3813; x_wconf 85' lang='grc' dir='ltr'><strong>μετάνοιαν</strong></span> <span class='ocrx_word' id='word_1_570' title='bbox 3431 3740 3579 3793; x_wconf 71' lang='grc' dir='ltr'><strong>κατὰ</strong></span> <span class='ocrx_word' id='word_1_571' title='bbox 3602 3737 3663 3789; x_wconf 82' lang='grc' dir='ltr'><strong>τδ</strong></span> 
     </span>
    </p>
   </div>
   <div class='ocr_carea' id='block_1_76' title="bbox 2079 3830 3664 3922">
    <p class='ocr_par' dir='ltr' id='par_1_76' title="bbox 2079 3830 3664 3922">
     <span class='ocr_line' id='line_1_77' title="bbox 2079 3830 3664 3922; baseline -0.015 -17"><span class='ocrx_word' id='word_1_572' title='bbox 2079 3850 2323 3922; x_wconf 74' lang='grc' dir='ltr'><strong>κρυπτὸν</strong></span> <span class='ocrx_word' id='word_1_573' title='bbox 2343 3845 2708 3909; x_wconf 75' lang='grc' dir='ltr'><strong>τελεσθεῖσαν,</strong></span> <span class='ocrx_word' id='word_1_574' title='bbox 2734 3840 2969 3910; x_wconf 80' lang='grc' dir='ltr'><strong>ἀγνοεῖν.</strong></span> <span class='ocrx_word' id='word_1_575' title='bbox 2992 3835 3115 3908; x_wconf 78' lang='grc' dir='ltr'><strong>Χρὴ</strong></span> <span class='ocrx_word' id='word_1_576' title='bbox 3138 3835 3194 3889; x_wconf 82' lang='grc' dir='ltr'><strong>δὲ</strong></span> <span class='ocrx_word' id='word_1_577' title='bbox 3220 3836 3314 3888; x_wconf 75' lang='grc' dir='ltr'><strong>καὶ</strong></span> <span class='ocrx_word' id='word_1_578' title='bbox 3337 3830 3436 3902; x_wconf 77' lang='grc' dir='ltr'><strong>τὴν</strong></span> <span class='ocrx_word' id='word_1_579' title='bbox 3453 3831 3664 3883; x_wconf 62' lang='lat' dir='ltr'><strong>Aeaco.</strong></span> 
     </span>
    </p>
   </div>
   <div class='ocr_carea' id='block_1_77' title="bbox 2080 3918 3664 4014">
    <p class='ocr_par' dir='ltr' id='par_1_77' title="bbox 2080 3918 3664 4014">
     <span class='ocr_line' id='line_1_78' title="bbox 2080 3918 3664 4014; baseline -0.013 -17"><span class='ocrx_word' id='word_1_580' title='bbox 2080 3918 2239 4014; x_wconf 73' lang='grc' dir='ltr'><strong>τικὴν</strong></span> <span class='ocrx_word' id='word_1_581' title='bbox 2271 3939 2457 4011; x_wconf 82' lang='grc' dir='ltr'><strong>φωνὴν</strong></span> <span class='ocrx_word' id='word_1_582' title='bbox 2483 3936 2708 3992; x_wconf 85' lang='grc' dir='ltr'><strong>δεδιέναι</strong></span> <span class='ocrx_word' id='word_1_583' title='bbox 2731 3933 2829 4006; x_wconf 80' lang='grc' dir='ltr'><strong>τὴν</strong></span> <span class='ocrx_word' id='word_1_584' title='bbox 2850 3931 3141 4001; x_wconf 79' lang='grc' dir='ltr'><strong>λέγουσανο</strong></span> <span class='ocrx_word' id='word_1_585' title='bbox 3177 3945 3199 3982; x_wconf 80' lang='grc' dir='ltr'><strong>ι</strong></span> <span class='ocrx_word' id='word_1_586' title='bbox 3233 3928 3324 3981; x_wconf 86' lang='grc' dir='ltr'><strong>Ἐν</strong></span> <span class='ocrx_word' id='word_1_587' title='bbox 3355 3918 3401 3995; x_wconf 77' lang='grc' dir='ltr'>ᾧ</span> <span class='ocrx_word' id='word_1_588' title='bbox 3427 3925 3664 3995; x_wconf 81' lang='grc' dir='ltr'><strong>κρίματι</strong></span> 
     </span>
    </p>
   </div>
   <div class='ocr_carea' id='block_1_78' title="bbox 2082 4027 2720 4105">
    <p class='ocr_par' dir='ltr' id='par_1_78' title="bbox 2082 4027 2720 4105">
     <span class='ocr_line' id='line_1_79' title="bbox 2082 4027 2720 4105; baseline -0.013 -17"><span class='ocrx_word' id='word_1_589' title='bbox 2082 4035 2318 4105; x_wconf 81' lang='grc' dir='ltr'><strong>κρίνετε,</strong></span> <span class='ocrx_word' id='word_1_590' title='bbox 2344 4027 2720 4104; x_wconf 71' lang='grc' dir='ltr'><strong>κριθήσεσθε.»</strong></span> 
     </span>
    </p>
   </div>
   <div class='ocr_carea' id='block_1_79' title="bbox 1851 4187 2235 4247">
    <p class='ocr_par' dir='ltr' id='par_1_79' title="bbox 1851 4187 2235 4247">
     <span class='ocr_line' id='line_1_80' title="bbox 1851 4187 2235 4247; baseline -0.01 -1"><span class='ocrx_word' id='word_1_591' title='bbox 1851 4187 2078 4247; x_wconf 80' lang='lat' dir='ltr'><strong>CAPUT</strong></span> <span class='ocrx_word' id='word_1_592' title='bbox 2123 4187 2235 4242; x_wconf 70' lang='lat' dir='ltr'><strong>XII.</strong></span> 
     </span>
    </p>
   </div>
   <div class='ocr_carea' id='block_1_80' title="bbox 1326 4294 2757 4373">
    <p class='ocr_par' dir='ltr' id='par_1_80' title="bbox 1326 4294 2757 4373">
     <span class='ocr_line' id='line_1_81' title="bbox 1326 4294 2757 4373; baseline -0.006 -16"><span class='ocrx_word' id='word_1_593' title='bbox 1326 4302 1550 4358; x_wconf 78' lang='lat' dir='ltr'><strong>Pietatis</strong></span> <span class='ocrx_word' id='word_1_594' title='bbox 1571 4312 1621 4357; x_wconf 78' lang='lat' dir='ltr'><strong>et</strong></span> <span class='ocrx_word' id='word_1_595' title='bbox 1643 4302 1939 4357; x_wconf 79' lang='lat' dir='ltr'><strong>divinorum</strong></span> <span class='ocrx_word' id='word_1_596' title='bbox 1959 4294 2327 4373; x_wconf 73' lang='lat' dir='ltr'><strong>mysteriorum</strong></span> <span class='ocrx_word' id='word_1_597' title='bbox 2349 4297 2757 4352; x_wconf 80' lang='lat' dir='ltr'><strong>commendatio.</strong></span> 
     </span>
    </p>
   </div>
   <div class='ocr_carea' id='block_1_81' title="bbox 476 4406 1968 4494">
    <p class='ocr_par' dir='ltr' id='par_1_81' title="bbox 476 4417 1968 4494">
     <span class='ocr_line' id='line_1_82' title="bbox 476 4417 1968 4494; baseline -0.004 -16"><span class='ocrx_word' id='word_1_598' title='bbox 476 4422 641 4479; x_wconf 79' lang='lat' dir='ltr'><strong>LXX.</strong></span> <span class='ocrx_word' id='word_1_599' title='bbox 682 4422 869 4494; x_wconf 82' lang='lat' dir='ltr'><strong>Neque</strong></span> <span class='ocrx_word' id='word_1_600' title='bbox 910 4434 1041 4477; x_wconf 73' lang='lat' dir='ltr'><strong>vero</strong></span> <span class='ocrx_word' id='word_1_601' title='bbox 1090 4418 1353 4474; x_wconf 86' lang='lat' dir='ltr'><strong>suadebat</strong></span> <span class='ocrx_word' id='word_1_602' title='bbox 1403 4419 1603 4474; x_wconf 80' lang='lat' dir='ltr'><strong>solum</strong></span> <span class='ocrx_word' id='word_1_603' title='bbox 1635 4430 1829 4473; x_wconf 84' lang='lat' dir='ltr'><strong>cavere</strong></span> <span class='ocrx_word' id='word_1_604' title='bbox 1875 4417 1968 4472; x_wconf 81' lang='lat' dir='ltr'><strong>ltoc</strong></span> 
     </span>
    </p>
   </div>
   <div class='ocr_carea' id='block_1_82' title="bbox 2074 4406 3671 4494">
    <p class='ocr_par' dir='ltr' id='par_1_82' title="bbox 2150 4406 3671 4485">
     <span class='ocr_line' id='line_1_83' title="bbox 2150 4406 3671 4485; baseline -0.006 -16"><span class='ocrx_word' id='word_1_605' title='bbox 2150 4411 2227 4469; x_wconf 92' lang='lat'><strong>0&#39;.</strong></span> <span class='ocrx_word' id='word_1_606' title='bbox 2255 4414 2329 4467; x_wconf 76' lang='grc' dir='ltr'><strong>Οὐ</strong></span> <span class='ocrx_word' id='word_1_607' title='bbox 2365 4413 2472 4485; x_wconf 76' lang='grc' dir='ltr'><strong>μὴν</strong></span> <span class='ocrx_word' id='word_1_608' title='bbox 2502 4413 2629 4484; x_wconf 85' lang='grc' dir='ltr'><strong>άχρι</strong></span> <span class='ocrx_word' id='word_1_609' title='bbox 2660 4409 2754 4464; x_wconf 84' lang='grc' dir='ltr'><strong>τοῦ</strong></span> <span class='ocrx_word' id='word_1_610' title='bbox 2786 4408 3170 4480; x_wconf 78' lang='grc' dir='ltr'><strong>ἐλαττώματος</strong></span> <span class='ocrx_word' id='word_1_611' title='bbox 3211 4406 3671 4476; x_wconf 79' lang='grc' dir='ltr'><strong>πεφυλαγμένους</strong></span> 
     </span>
    </p>
   </div>
   <div class='ocr_carea' id='block_1_83' title="bbox 410 4511 1976 4583">
    <p class='ocr_par' dir='ltr' id='par_1_83' title="bbox 410 4511 1976 4583">
     <span class='ocr_line' id='line_1_84' title="bbox 410 4511 1976 4583; baseline -0.004 -15"><span class='ocrx_word' id='word_1_612' title='bbox 410 4516 699 4583; x_wconf 64' lang='lat' dir='ltr'><strong>delictum;</strong></span> <span class='ocrx_word' id='word_1_613' title='bbox 749 4516 844 4570; x_wconf 88' lang='lat' dir='ltr'><strong>sed</strong></span> <span class='ocrx_word' id='word_1_614' title='bbox 892 4528 1079 4571; x_wconf 88' lang='lat' dir='ltr'><strong>eorum</strong></span> <span class='ocrx_word' id='word_1_615' title='bbox 1126 4512 1291 4566; x_wconf 85' lang='lat' dir='ltr'><strong>etiam</strong></span> <span class='ocrx_word' id='word_1_616' title='bbox 1339 4512 1429 4581; x_wconf 89' lang='lat' dir='ltr'><strong>qui</strong></span> <span class='ocrx_word' id='word_1_617' title='bbox 1490 4511 1672 4565; x_wconf 86' lang='lat' dir='ltr'><strong>divina</strong></span> <span class='ocrx_word' id='word_1_618' title='bbox 1712 4518 1976 4579; x_wconf 73' lang='lat' dir='ltr'><strong>praerepta</strong></span> 
     </span>
    </p>
   </div>
   <div class='ocr_carea' id='block_1_84' title="bbox 410 4600 1979 4678">
    <p class='ocr_par' dir='ltr' id='par_1_84' title="bbox 410 4600 1979 4678">
     <span class='ocr_line' id='line_1_85' title="bbox 410 4600 1979 4678; baseline -0.004 -17"><span class='ocrx_word' id='word_1_619' title='bbox 410 4607 713 4678; x_wconf 87' lang='lat' dir='ltr'><strong>negligunt,</strong></span> <span class='ocrx_word' id='word_1_620' title='bbox 760 4608 948 4661; x_wconf 80' lang='lat' dir='ltr'><strong>volens</strong></span> <span class='ocrx_word' id='word_1_621' title='bbox 992 4604 1264 4672; x_wconf 70' lang='lat' dir='ltr'><strong>corrigere</strong></span> <span class='ocrx_word' id='word_1_622' title='bbox 1314 4603 1647 4668; x_wconf 88' lang='lat' dir='ltr'><strong>socordiam,</strong></span> <span class='ocrx_word' id='word_1_623' title='bbox 1698 4602 1804 4656; x_wconf 91' lang='lat' dir='ltr'><strong>tale</strong></span> <span class='ocrx_word' id='word_1_624' title='bbox 1851 4600 1979 4670; x_wconf 87' lang='lat' dir='ltr'><strong>quid</strong></span> 
     </span>
    </p>
   </div>
   <div class='ocr_carea' id='block_1_85' title="bbox 411 4690 1977 4767">
    <p class='ocr_par' dir='ltr' id='par_1_85' title="bbox 411 4690 1977 4767">
     <span class='ocr_line' id='line_1_86' title="bbox 411 4690 1977 4767; baseline -0.004 -16"><span class='ocrx_word' id='word_1_625' title='bbox 411 4697 564 4763; x_wconf 78' lang='lat' dir='ltr'><strong>fecit,</strong></span> <span class='ocrx_word' id='word_1_626' title='bbox 589 4698 806 4767; x_wconf 87' lang='lat' dir='ltr'><strong>digmtm</strong></span> <span class='ocrx_word' id='word_1_627' title='bbox 840 4698 981 4767; x_wconf 85' lang='lat' dir='ltr'><strong>quod</strong></span> <span class='ocrx_word' id='word_1_628' title='bbox 1021 4695 1309 4749; x_wconf 81' lang='lat' dir='ltr'><strong>mandetur</strong></span> <span class='ocrx_word' id='word_1_629' title='bbox 1338 4693 1629 4748; x_wconf 64' lang='lat' dir='ltr'><strong>memoriae.</strong></span> <span class='ocrx_word' id='word_1_630' title='bbox 1671 4691 1805 4747; x_wconf 90' lang='lat' dir='ltr'><strong>Cum</strong></span> <span class='ocrx_word' id='word_1_631' title='bbox 1834 4690 1977 4746; x_wconf 86' lang='lat' dir='ltr'><strong>enim</strong></span> 
     </span>
    </p>
   </div>
   <div class='ocr_carea' id='block_1_86' title="bbox 412 4782 1979 4857">
    <p class='ocr_par' dir='ltr' id='par_1_86' title="bbox 412 4782 1979 4857">
     <span class='ocr_line' id='line_1_87' title="bbox 412 4782 1979 4857; baseline -0.004 -14"><span class='ocrx_word' id='word_1_632' title='bbox 412 4787 759 4857; x_wconf 81' lang='lat' dir='ltr'><strong>cognovisset</strong></span> <span class='ocrx_word' id='word_1_633' title='bbox 801 4788 996 4842; x_wconf 90' lang='lat' dir='ltr'><strong>multos</strong></span> <span class='ocrx_word' id='word_1_634' title='bbox 1037 4784 1459 4856; x_wconf 87' lang='lat' dir='ltr'><strong>negligentiores</strong></span> <span class='ocrx_word' id='word_1_635' title='bbox 1525 4792 1650 4854; x_wconf 85' lang='lat' dir='ltr'><strong>post</strong></span> <span class='ocrx_word' id='word_1_636' title='bbox 1692 4782 1979 4839; x_wconf 89' lang='lat' dir='ltr'><strong>lectionem</strong></span> 
     </span>
    </p>
   </div>
   <div class='ocr_carea' id='block_1_87' title="bbox 415 4870 1988 4944">
    <p class='ocr_par' dir='ltr' id='par_1_87' title="bbox 415 4870 1988 4944">
     <span class='ocr_line' id='line_1_88' title="bbox 415 4870 1988 4944; baseline -0.003 -14"><span class='ocrx_word' id='word_1_637' title='bbox 415 4876 719 4930; x_wconf 83' lang='lat' dir='ltr'><strong>divinorum</strong></span> <span class='ocrx_word' id='word_1_638' title='bbox 748 4874 1162 4944; x_wconf 82' lang='lat' dir='ltr'><strong>Evangeliorttm</strong></span> <span class='ocrx_word' id='word_1_639' title='bbox 1197 4873 1347 4929; x_wconf 76' lang='lat' dir='ltr'><strong>exire</strong></span> <span class='ocrx_word' id='word_1_640' title='bbox 1374 4886 1441 4927; x_wconf 78' lang='lat' dir='ltr'><strong>ex</strong></span> <span class='ocrx_word' id='word_1_641' title='bbox 1464 4871 1716 4937; x_wconf 87' lang='lat' dir='ltr'><strong>ecclesia,</strong></span> <span class='ocrx_word' id='word_1_642' title='bbox 1748 4881 1803 4925; x_wconf 90' lang='lat' dir='ltr'><strong>et</strong></span> <span class='ocrx_word' id='word_1_643' title='bbox 1834 4870 1988 4926; x_wconf 80' lang='lat' dir='ltr'><strong>vanis</strong></span> 
     </span>
    </p>
   </div>
   <div class='ocr_carea' id='block_1_88' title="bbox 417 4962 1984 5033">
    <p class='ocr_par' dir='ltr' id='par_1_88' title="bbox 417 4962 1984 5033">
     <span class='ocr_line' id='line_1_89' title="bbox 417 4962 1984 5033; baseline -0.003 -12"><span class='ocrx_word' id='word_1_644' title='bbox 417 4981 483 5022; x_wconf 75' lang='lat' dir='ltr'><strong>ac</strong></span> <span class='ocrx_word' id='word_1_645' title='bbox 511 4967 700 5022; x_wconf 85' lang='lat' dir='ltr'><strong>ntiosis</strong></span> <span class='ocrx_word' id='word_1_646' title='bbox 729 4982 922 5022; x_wconf 83' lang='lat' dir='ltr'><strong>vacare</strong></span> <span class='ocrx_word' id='word_1_647' title='bbox 951 4966 1318 5030; x_wconf 87' lang='lat' dir='ltr'><strong>sermonibus,</strong></span> <span class='ocrx_word' id='word_1_648' title='bbox 1345 4963 1571 5020; x_wconf 89' lang='lat' dir='ltr'><strong>solemni</strong></span> <span class='ocrx_word' id='word_1_649' title='bbox 1608 4962 1842 5033; x_wconf 88' lang='lat' dir='ltr'><strong>quodam</strong></span> <span class='ocrx_word' id='word_1_650' title='bbox 1879 4963 1984 5027; x_wconf 90' lang='lat' dir='ltr'><strong>die,</strong></span> 
     </span>
    </p>
   </div>
   <div class='ocr_carea' id='block_1_89' title="bbox 420 5055 1989 5129">
    <p class='ocr_par' dir='ltr' id='par_1_89' title="bbox 420 5055 1989 5129">
     <span class='ocr_line' id='line_1_90' title="bbox 420 5055 1989 5129; baseline 0 -18"><span class='ocrx_word' id='word_1_651' title='bbox 420 5058 610 5112; x_wconf 73' lang='lat' dir='ltr'><strong>relicto</strong></span> <span class='ocrx_word' id='word_1_652' title='bbox 630 5060 1050 5128; x_wconf 84' lang='lat' dir='ltr'><strong>sacriticio,ipse</strong></span> <span class='ocrx_word' id='word_1_653' title='bbox 1077 5074 1293 5129; x_wconf 86' lang='lat' dir='ltr'><strong>quoque</strong></span> <span class='ocrx_word' id='word_1_654' title='bbox 1325 5075 1357 5115; x_wconf 93' lang='lat' dir='ltr'><strong>e</strong></span> <span class='ocrx_word' id='word_1_655' title='bbox 1385 5056 1583 5128; x_wconf 91' lang='lat' dir='ltr'><strong>templo</strong></span> <span class='ocrx_word' id='word_1_656' title='bbox 1610 5055 1904 5126; x_wconf 85' lang='lat' dir='ltr'><strong>egreditur,</strong></span> <span class='ocrx_word' id='word_1_657' title='bbox 1932 5064 1989 5111; x_wconf 88' lang='lat' dir='ltr'><strong>et</strong></span> 
     </span>
    </p>
   </div>
   <div class='ocr_carea' id='block_1_90' title="bbox 423 5147 1992 5207">
    <p class='ocr_par' dir='ltr' id='par_1_90' title="bbox 423 5147 1992 5207">
     <span class='ocr_line' id='line_1_91' title="bbox 423 5147 1992 5207; baseline -0.001 -6"><span class='ocrx_word' id='word_1_658' title='bbox 423 5150 579 5204; x_wconf 72' lang='lat' dir='ltr'><strong>sedet</strong></span> <span class='ocrx_word' id='word_1_659' title='bbox 625 5163 746 5203; x_wconf 90' lang='lat' dir='ltr'><strong>cum</strong></span> <span class='ocrx_word' id='word_1_660' title='bbox 774 5149 1044 5203; x_wconf 86' lang='lat' dir='ltr'><strong>.universa</strong></span> <span class='ocrx_word' id='word_1_661' title='bbox 1096 5147 1769 5207; x_wconf 87' lang='lat' dir='ltr'><strong>multitudine.&#39;Omnibus</strong></span> <span class='ocrx_word' id='word_1_662' title='bbox 1814 5157 1992 5202; x_wconf 90' lang='lat' dir='ltr'><strong>autem</strong></span> 
     </span>
    </p>
   </div>
   <div class='ocr_carea' id='block_1_91' title="bbox 426 5238 1995 5312">
    <p class='ocr_par' dir='ltr' id='par_1_91' title="bbox 426 5238 1995 5312">
     <span class='ocr_line' id='line_1_92' title="bbox 426 5238 1995 5312; baseline 0 -18"><span class='ocrx_word' id='word_1_663' title='bbox 426 5242 532 5295; x_wconf 74' lang='lat' dir='ltr'><strong>line</strong></span> <span class='ocrx_word' id='word_1_664' title='bbox 565 5241 927 5311; x_wconf 87' lang='lat' dir='ltr'><strong>stupentibus,</strong></span> <span class='ocrx_word' id='word_1_665' title='bbox 960 5240 1074 5295; x_wconf 83' lang='lat' dir='ltr'><strong>Non</strong></span> <span class='ocrx_word' id='word_1_666' title='bbox 1104 5251 1337 5310; x_wconf 88' lang='lat' dir='ltr'><strong>oportet,</strong></span> <span class='ocrx_word' id='word_1_667' title='bbox 1368 5242 1563 5312; x_wconf 85' lang='lat' dir='ltr'><strong>inquit,</strong></span> <span class='ocrx_word' id='word_1_668' title='bbox 1588 5240 1867 5295; x_wconf 81' lang='lat' dir='ltr'><strong>admirari.</strong></span> <span class='ocrx_word' id='word_1_669' title='bbox 1892 5238 1995 5294; x_wconf 86' lang='lat' dir='ltr'><strong>Ubi</strong></span> 
     </span>
    </p>
   </div>
   <div class='ocr_carea' id='block_1_92' title="bbox 427 5331 1999 5403">
    <p class='ocr_par' dir='ltr' id='par_1_92' title="bbox 427 5331 1999 5403">
     <span class='ocr_line' id='line_1_93' title="bbox 427 5331 1999 5403; baseline 0.001 -17"><span class='ocrx_word' id='word_1_670' title='bbox 427 5332 570 5386; x_wconf 87' lang='lat' dir='ltr'><strong>enim</strong></span> <span class='ocrx_word' id='word_1_671' title='bbox 616 5341 745 5386; x_wconf 91' lang='lat' dir='ltr'><strong>sunt</strong></span> <span class='ocrx_word' id='word_1_672' title='bbox 784 5346 942 5398; x_wconf 82' lang='lat' dir='ltr'><strong>oves,</strong></span> <span class='ocrx_word' id='word_1_673' title='bbox 983 5331 1093 5387; x_wconf 86' lang='lat' dir='ltr'><strong>illic</strong></span> <span class='ocrx_word' id='word_1_674' title='bbox 1142 5332 1363 5388; x_wconf 90' lang='lat' dir='ltr'><strong>omnino</strong></span> <span class='ocrx_word' id='word_1_675' title='bbox 1405 5342 1623 5403; x_wconf 83' lang='lat' dir='ltr'><strong>oportet</strong></span> <span class='ocrx_word' id='word_1_676' title='bbox 1651 5348 1772 5389; x_wconf 88' lang='lat' dir='ltr'><strong>esse</strong></span> <span class='ocrx_word' id='word_1_677' title='bbox 1815 5340 1999 5402; x_wconf 83' lang='lat' dir='ltr'><strong>pasto-</strong></span> 
     </span>
    </p>
   </div>
   <div class='ocr_carea' id='block_1_93' title="bbox 431 5423 1996 5493">
    <p class='ocr_par' dir='ltr' id='par_1_93' title="bbox 431 5423 1996 5493">
     <span class='ocr_line' id='line_1_94' title="bbox 431 5423 1996 5493; baseline 0 -17"><span class='ocrx_word' id='word_1_678' title='bbox 431 5437 568 5477; x_wconf 81' lang='lat' dir='ltr'><strong>rem.</strong></span> <span class='ocrx_word' id='word_1_679' title='bbox 608 5423 740 5476; x_wconf 75' lang='lat' dir='ltr'><strong>Nam</strong></span> <span class='ocrx_word' id='word_1_680' title='bbox 781 5438 903 5478; x_wconf 88' lang='lat' dir='ltr'><strong>cum</strong></span> <span class='ocrx_word' id='word_1_681' title='bbox 943 5429 1163 5493; x_wconf 87' lang='lat' dir='ltr'><strong>propter</strong></span> <span class='ocrx_word' id='word_1_682' title='bbox 1190 5437 1290 5478; x_wconf 81' lang='lat' dir='ltr'><strong>vos</strong></span> <span class='ocrx_word' id='word_1_683' title='bbox 1334 5433 1389 5478; x_wconf 91' lang='lat' dir='ltr'><strong>et</strong></span> <span class='ocrx_word' id='word_1_684' title='bbox 1425 5435 1662 5479; x_wconf 85' lang='lat' dir='ltr'><strong>vestram</strong></span> <span class='ocrx_word' id='word_1_685' title='bbox 1709 5423 1996 5477; x_wconf 80' lang='lat' dir='ltr'><strong>utilitatem</strong></span> 
     </span>
    </p>
   </div>
   <div class='ocr_carea' id='block_1_94' title="bbox 432 5514 2003 5586">
    <p class='ocr_par' dir='ltr' id='par_1_94' title="bbox 432 5514 2003 5586">
     <span class='ocr_line' id='line_1_95' title="bbox 432 5514 2003 5586; baseline 0 -16"><span class='ocrx_word' id='word_1_686' title='bbox 432 5514 704 5570; x_wconf 75' lang='lat' dir='ltr'><strong>soleamus</strong></span> <span class='ocrx_word' id='word_1_687' title='bbox 728 5531 960 5586; x_wconf 82' lang='lat' dir='ltr'><strong>synaxcs</strong></span> <span class='ocrx_word' id='word_1_688' title='bbox 991 5515 1289 5580; x_wconf 82' lang='lat' dir='ltr'><strong>celebrare,</strong></span> <span class='ocrx_word' id='word_1_689' title='bbox 1323 5516 1367 5570; x_wconf 83' lang='lat' dir='ltr'><strong>si</strong></span> <span class='ocrx_word' id='word_1_690' title='bbox 1400 5531 1494 5571; x_wconf 89' lang='lat' dir='ltr'><strong>vos</strong></span> <span class='ocrx_word' id='word_1_691' title='bbox 1516 5526 1695 5574; x_wconf 89' lang='lat' dir='ltr'><strong>autem</strong></span> <span class='ocrx_word' id='word_1_692' title='bbox 1729 5516 1860 5573; x_wconf 81' lang='lat' dir='ltr'><strong>foris</strong></span> <span class='ocrx_word' id='word_1_693' title='bbox 1881 5530 2003 5572; x_wconf 81' lang='lat' dir='ltr'><strong>vcr-</strong></span> 
     </span>
    </p>
   </div>
   <div class='ocr_carea' id='block_1_95' title="bbox 434 5608 2009 5680">
    <p class='ocr_par' dir='ltr' id='par_1_95' title="bbox 434 5608 2009 5680">
     <span class='ocr_line' id='line_1_96' title="bbox 434 5608 2009 5680; baseline 0.004 -20"><span class='ocrx_word' id='word_1_694' title='bbox 434 5608 665 5673; x_wconf 79' lang='lat' dir='ltr'><strong>sclnini,</strong></span> <span class='ocrx_word' id='word_1_695' title='bbox 713 5610 979 5678; x_wconf 77' lang='lat' dir='ltr'><strong>contingit</strong></span> <span class='ocrx_word' id='word_1_696' title='bbox 1018 5610 1261 5665; x_wconf 88' lang='lat' dir='ltr'><strong>inutilem</strong></span> <span class='ocrx_word' id='word_1_697' title='bbox 1306 5626 1335 5664; x_wconf 89' lang='lat' dir='ltr'><strong>a</strong></span> <span class='ocrx_word' id='word_1_698' title='bbox 1384 5611 1538 5669; x_wconf 86' lang='lat' dir='ltr'><strong>nobis</strong></span> <span class='ocrx_word' id='word_1_699' title='bbox 1579 5613 1695 5680; x_wconf 84' lang='lat' dir='ltr'><strong>capi</strong></span> <span class='ocrx_word' id='word_1_700' title='bbox 1744 5612 2009 5676; x_wconf 85' lang='lat' dir='ltr'><strong>laborem,</strong></span> 
     </span>
    </p>
   </div>
   <div class='ocr_carea' id='block_1_96' title="bbox 511 5766 948 5836">
    <p class='ocr_par' dir='ltr' id='par_1_96' title="bbox 511 5766 948 5836">
     <span class='ocr_line' id='line_1_97' title="bbox 511 5766 948 5836; baseline 0.005 -12"><span class='ocrx_word' id='word_1_701' title='bbox 511 5767 531 5801; x_wconf 76' lang='grc'><strong>⁸</strong></span> <span class='ocrx_word' id='word_1_702' title='bbox 556 5766 724 5823; x_wconf 62' lang='grc' dir='ltr'><strong>λίιιιὶι</strong></span> <span class='ocrx_word' id='word_1_703' title='bbox 772 5784 865 5836; x_wconf 73' lang='lat' dir='ltr'><strong>vn,</strong></span> <span class='ocrx_word' id='word_1_704' title='bbox 898 5774 948 5827; x_wconf 74' lang='lat'><strong>2.</strong></span> 
     </span>
    </p>
   </div>
   <div class='ocr_carea' id='block_1_97' title="bbox 2085 4499 3672 4576">
    <p class='ocr_par' dir='ltr' id='par_1_97' title="bbox 2085 4499 3672 4576">
     <span class='ocr_line' id='line_1_98' title="bbox 2085 4499 3672 4576; baseline -0.005 -17"><span class='ocrx_word' id='word_1_705' title='bbox 2085 4500 2225 4559; x_wconf 76' lang='grc' dir='ltr'><strong>εἶναι</strong></span> <span class='ocrx_word' id='word_1_706' title='bbox 2255 4505 2523 4576; x_wconf 71' lang='grc' dir='ltr'><strong>παρῄνει·</strong></span> <span class='ocrx_word' id='word_1_707' title='bbox 2559 4503 2694 4558; x_wconf 75' lang='grc' dir='ltr'><strong>ἀλλὰ</strong></span> <span class='ocrx_word' id='word_1_708' title='bbox 2719 4502 2813 4556; x_wconf 79' lang='grc' dir='ltr'><strong>καὶ</strong></span> <span class='ocrx_word' id='word_1_709' title='bbox 2843 4501 2951 4554; x_wconf 82' lang='grc' dir='ltr'><strong>τῶν</strong></span> <span class='ocrx_word' id='word_1_710' title='bbox 2984 4499 3106 4555; x_wconf 73' lang='grc' dir='ltr'><strong>ιτῶν</strong></span> <span class='ocrx_word' id='word_1_711' title='bbox 3130 4500 3290 4553; x_wconf 82' lang='grc' dir='ltr'><strong>θείων</strong></span> <span class='ocrx_word' id='word_1_712' title='bbox 3315 4499 3672 4570; x_wconf 79' lang='grc' dir='ltr'><strong>προστάξεων</strong></span> 
     </span>
    </p>
   </div>
   <div class='ocr_carea' id='block_1_98' title="bbox 2089 4591 3670 4667">
    <p class='ocr_par' dir='ltr' id='par_1_98' title="bbox 2089 4591 3670 4667">
     <span class='ocr_line' id='line_1_99' title="bbox 2089 4591 3670 4667; baseline -0.004 -16"><span class='ocrx_word' id='word_1_713' title='bbox 2089 4596 2601 4667; x_wconf 83' lang='grc' dir='ltr'><strong>κατολιγωρούντων</strong></span> <span class='ocrx_word' id='word_1_714' title='bbox 2643 4595 2703 4648; x_wconf 80' lang='grc' dir='ltr'><strong>τὸ</strong></span> <span class='ocrx_word' id='word_1_715' title='bbox 2741 4594 2983 4667; x_wconf 69' lang='grc' dir='ltr'><strong>ῥᾴθυμον</strong></span> <span class='ocrx_word' id='word_1_716' title='bbox 3019 4592 3337 4665; x_wconf 85' lang='grc' dir='ltr'><strong>βουλόμενος</strong></span> <span class='ocrx_word' id='word_1_717' title='bbox 3371 4591 3670 4662; x_wconf 82' lang='grc' dir='ltr'><strong>διορθώσα-</strong></span> 
     </span>
    </p>
   </div>
   <div class='ocr_carea' id='block_1_99' title="bbox 2090 4683 3672 4757">
    <p class='ocr_par' dir='ltr' id='par_1_99' title="bbox 2090 4683 3672 4757">
     <span class='ocr_line' id='line_1_100' title="bbox 2090 4683 3672 4757; baseline -0.005 -14"><span class='ocrx_word' id='word_1_718' title='bbox 2090 4689 2241 4754; x_wconf 87' lang='grc' dir='ltr'><strong>σθαι,</strong></span> <span class='ocrx_word' id='word_1_719' title='bbox 2266 4687 2506 4741; x_wconf 81' lang='grc' dir='ltr'><strong>τοιοῦτόν</strong></span> <span class='ocrx_word' id='word_1_720' title='bbox 2526 4687 2917 4757; x_wconf 72' lang='grc' dir='ltr'><strong>τιὲπετὴδευσε</strong></span> <span class='ocrx_word' id='word_1_721' title='bbox 2940 4687 3161 4757; x_wconf 71' lang='grc' dir='ltr'><strong>μνήμης</strong></span> <span class='ocrx_word' id='word_1_722' title='bbox 3178 4684 3349 4750; x_wconf 79' lang='grc' dir='ltr'><strong>ἄξιον.</strong></span> <span class='ocrx_word' id='word_1_723' title='bbox 3383 4683 3542 4737; x_wconf 74' lang='grc' dir='ltr'><strong>Ἐπεὶ</strong></span> <span class='ocrx_word' id='word_1_724' title='bbox 3565 4683 3672 4753; x_wconf 74' lang='grc' dir='ltr'><strong>γάρ</strong></span> 
     </span>
    </p>
   </div>
   <div class='ocr_carea' id='block_1_100' title="bbox 2089 4774 3673 4850">
    <p class='ocr_par' dir='ltr' id='par_1_100' title="bbox 2089 4774 3673 4850">
     <span class='ocr_line' id='line_1_101' title="bbox 2089 4774 3673 4850; baseline -0.005 -15"><span class='ocrx_word' id='word_1_725' title='bbox 2089 4781 2232 4850; x_wconf 77' lang='grc' dir='ltr'><strong>εγνω</strong></span> <span class='ocrx_word' id='word_1_726' title='bbox 2256 4779 2483 4843; x_wconf 80' lang='grc' dir='ltr'><strong>πολλοὺς</strong></span> <span class='ocrx_word' id='word_1_727' title='bbox 2504 4778 2611 4832; x_wconf 84' lang='grc' dir='ltr'><strong>τῶν</strong></span> <span class='ocrx_word' id='word_1_728' title='bbox 2647 4776 3029 4848; x_wconf 85' lang='grc' dir='ltr'><strong>άμελεστέρων</strong></span> <span class='ocrx_word' id='word_1_729' title='bbox 3073 4777 3210 4847; x_wconf 81' lang='grc' dir='ltr'><strong>μετὰ</strong></span> <span class='ocrx_word' id='word_1_730' title='bbox 3241 4774 3339 4847; x_wconf 81' lang='grc' dir='ltr'><strong>τὴν</strong></span> <span class='ocrx_word' id='word_1_731' title='bbox 3362 4774 3673 4843; x_wconf 81' lang='grc' dir='ltr'><strong>ἀνάγνωσιν</strong></span> 
     </span>
    </p>
   </div>
   <div class='ocr_carea' id='block_1_101' title="bbox 2091 4862 3674 4940">
    <p class='ocr_par' dir='ltr' id='par_1_101' title="bbox 2091 4862 3674 4940">
     <span class='ocr_line' id='line_1_102' title="bbox 2091 4862 3674 4940; baseline -0.006 -12"><span class='ocrx_word' id='word_1_732' title='bbox 2091 4875 2200 4929; x_wconf 83' lang='grc' dir='ltr'><strong>τῶν</strong></span> <span class='ocrx_word' id='word_1_733' title='bbox 2229 4874 2387 4928; x_wconf 83' lang='grc' dir='ltr'><strong>θείων</strong></span> <span class='ocrx_word' id='word_1_734' title='bbox 2421 4870 2769 4940; x_wconf 84' lang='grc' dir='ltr'><strong>Εὑαγγελίων</strong></span> <span class='ocrx_word' id='word_1_735' title='bbox 2796 4869 3043 4936; x_wconf 76' lang='grc' dir='ltr'><strong>ἐξιόντας</strong></span> <span class='ocrx_word' id='word_1_736' title='bbox 3077 4868 3179 4938; x_wconf 80' lang='grc' dir='ltr'><strong>τῆς</strong></span> <span class='ocrx_word' id='word_1_737' title='bbox 3233 4864 3543 4938; x_wconf 78' lang='grc' dir='ltr'><strong>ἐκκλησίας</strong></span> <span class='ocrx_word' id='word_1_738' title='bbox 3576 4862 3674 4919; x_wconf 82' lang='grc' dir='ltr'><strong>καὶ</strong></span> 
     </span>
    </p>
   </div>
   <div class='ocr_carea' id='block_1_102' title="bbox 2092 4957 3674 5038">
    <p class='ocr_par' dir='ltr' id='par_1_102' title="bbox 2092 4957 3674 5038">
     <span class='ocr_line' id='line_1_103' title="bbox 2092 4957 3674 5038; baseline -0.009 -17"><span class='ocrx_word' id='word_1_739' title='bbox 2092 4964 2440 5038; x_wconf 75' lang='grc' dir='ltr'><strong>ἀργολογίαις</strong></span> <span class='ocrx_word' id='word_1_740' title='bbox 2502 4962 2880 5034; x_wconf 75' lang='grc' dir='ltr'><strong>σχολάζοντας,</strong></span> <span class='ocrx_word' id='word_1_741' title='bbox 2942 4962 3000 5015; x_wconf 83' lang='grc' dir='ltr'><strong>ὲν</strong></span> <span class='ocrx_word' id='word_1_742' title='bbox 3056 4960 3155 5031; x_wconf 85' lang='grc' dir='ltr'><strong>μιᾷ</strong></span> <span class='ocrx_word' id='word_1_743' title='bbox 3213 4957 3317 5012; x_wconf 84' lang='grc' dir='ltr'><strong>τῶν</strong></span> <span class='ocrx_word' id='word_1_744' title='bbox 3384 4958 3674 5028; x_wconf 70' lang='grc' dir='ltr'><strong>ἐπισήμων</strong></span> 
     </span>
    </p>
   </div>
   <div class='ocr_carea' id='block_1_103' title="bbox 2094 5048 3675 5129">
    <p class='ocr_par' dir='ltr' id='par_1_103' title="bbox 2094 5048 3675 5129">
     <span class='ocr_line' id='line_1_104' title="bbox 2094 5048 3675 5129; baseline -0.006 -19"><span class='ocrx_word' id='word_1_745' title='bbox 2094 5058 2280 5129; x_wconf 67' lang='grc' dir='ltr'><strong>ἡμέρᾳ</strong></span> <span class='ocrx_word' id='word_1_746' title='bbox 2310 5056 2408 5125; x_wconf 79' lang='grc' dir='ltr'><strong>τὴν</strong></span> <span class='ocrx_word' id='word_1_747' title='bbox 2431 5054 2578 5109; x_wconf 89' lang='grc' dir='ltr'><strong>θείαν</strong></span> <span class='ocrx_word' id='word_1_748' title='bbox 2613 5054 2924 5125; x_wconf 78' lang='grc' dir='ltr'><strong>ἱερουργίαν</strong></span> <span class='ocrx_word' id='word_1_749' title='bbox 2972 5051 3132 5120; x_wconf 78' lang='grc' dir='ltr'><strong>ἀφεὶς</strong></span> <span class='ocrx_word' id='word_1_750' title='bbox 3185 5050 3351 5116; x_wconf 76' lang='grc' dir='ltr'><strong>ἔξεισι</strong></span> <span class='ocrx_word' id='word_1_751' title='bbox 3384 5050 3481 5102; x_wconf 69' lang='grc' dir='ltr'><strong>καὶ</strong></span> <span class='ocrx_word' id='word_1_752' title='bbox 3512 5048 3675 5110; x_wconf 71' lang='grc' dir='ltr'><strong>αὐτὸς</strong></span> 
     </span>
    </p>
   </div>
   <div class='ocr_carea' id='block_1_104' title="bbox 2092 5142 3676 5217">
    <p class='ocr_par' dir='ltr' id='par_1_104' title="bbox 2092 5142 3676 5217">
     <span class='ocr_line' id='line_1_105' title="bbox 2092 5142 3676 5217; baseline -0.008 -14"><span class='ocrx_word' id='word_1_753' title='bbox 2092 5149 2187 5203; x_wconf 75' lang='grc' dir='ltr'><strong>τοῦ</strong></span> <span class='ocrx_word' id='word_1_754' title='bbox 2220 5147 2371 5214; x_wconf 76' lang='grc' dir='ltr'><strong>ναοῦ,</strong></span> <span class='ocrx_word' id='word_1_755' title='bbox 2403 5148 2499 5202; x_wconf 70' lang='grc' dir='ltr'><strong>καὶ</strong></span> <span class='ocrx_word' id='word_1_756' title='bbox 2534 5148 2633 5202; x_wconf 75' lang='grc' dir='ltr'><strong>σὺν</strong></span> <span class='ocrx_word' id='word_1_757' title='bbox 2666 5144 2741 5217; x_wconf 84' lang='grc' dir='ltr'><strong>τῷ</strong></span> <span class='ocrx_word' id='word_1_758' title='bbox 2766 5145 2907 5217; x_wconf 80' lang='grc' dir='ltr'><strong>δχλῳ</strong></span> <span class='ocrx_word' id='word_1_759' title='bbox 2954 5144 3119 5198; x_wconf 69' lang='grc' dir='ltr'><strong>παντὶ</strong></span> <span class='ocrx_word' id='word_1_760' title='bbox 3152 5142 3410 5212; x_wconf 86' lang='grc' dir='ltr'><strong>κάθηται.</strong></span> <span class='ocrx_word' id='word_1_761' title='bbox 3448 5142 3676 5195; x_wconf 78' lang='grc' dir='ltr'><strong>Πάντων</strong></span> 
     </span>
    </p>
   </div>
   <div class='ocr_carea' id='block_1_105' title="bbox 2093 5229 3671 5309">
    <p class='ocr_par' dir='ltr' id='par_1_105' title="bbox 2093 5229 3671 5309">
     <span class='ocr_line' id='line_1_106' title="bbox 2093 5229 3671 5309; baseline -0.008 -15"><span class='ocrx_word' id='word_1_762' title='bbox 2093 5237 2185 5296; x_wconf 74' lang='grc' dir='ltr'><strong>οὖν</strong></span> <span class='ocrx_word' id='word_1_763' title='bbox 2201 5240 2267 5293; x_wconf 87' lang='grc' dir='ltr'><strong>δι’</strong></span> <span class='ocrx_word' id='word_1_764' title='bbox 2296 5239 2610 5309; x_wconf 80' lang='grc' dir='ltr'><strong>ἐκπλήξεως</strong></span> <span class='ocrx_word' id='word_1_765' title='bbox 2627 5237 2777 5290; x_wconf 76' lang='grc' dir='ltr'><strong>τουτὶ</strong></span> <span class='ocrx_word' id='word_1_766' title='bbox 2803 5233 3163 5304; x_wconf 69' lang='grc' dir='ltr'><strong>ποιουμένων,</strong></span> <span class='ocrx_word' id='word_1_767' title='bbox 3184 5233 3413 5295; x_wconf 76' lang='grc' dir='ltr'><strong>ἐκεῖνος,</strong></span> <span class='ocrx_word' id='word_1_768' title='bbox 3440 5230 3515 5282; x_wconf 73' lang='lat'><strong>0-3</strong></span> <span class='ocrx_word' id='word_1_769' title='bbox 3544 5229 3671 5299; x_wconf 65' lang='grc' dir='ltr'><strong>χρὴ.</strong></span> 
     </span>
    </p>
   </div>
   <div class='ocr_carea' id='block_1_106' title="bbox 2098 5320 3676 5403">
    <p class='ocr_par' dir='ltr' id='par_1_106' title="bbox 2098 5320 3676 5403">
     <span class='ocr_line' id='line_1_107' title="bbox 2098 5320 3676 5403; baseline -0.011 -16"><span class='ocrx_word' id='word_1_770' title='bbox 2098 5334 2224 5403; x_wconf 80' lang='grc' dir='ltr'><strong>ἔφη,</strong></span> <span class='ocrx_word' id='word_1_771' title='bbox 2256 5332 2577 5403; x_wconf 80' lang='grc' dir='ltr'><strong>θαυμάζειν.</strong></span> <span class='ocrx_word' id='word_1_772' title='bbox 2636 5330 2812 5383; x_wconf 81' lang='grc' dir='ltr'><strong>Ὀπου</strong></span> <span class='ocrx_word' id='word_1_773' title='bbox 2842 5328 2952 5399; x_wconf 81' lang='grc' dir='ltr'><strong>γὰρ</strong></span> <span class='ocrx_word' id='word_1_774' title='bbox 2994 5322 3061 5379; x_wconf 76' lang='grc' dir='ltr'><strong>τά</strong></span> <span class='ocrx_word' id='word_1_775' title='bbox 3092 5324 3361 5395; x_wconf 70' lang='grc' dir='ltr'><strong>πρόϐατα,</strong></span> <span class='ocrx_word' id='word_1_776' title='bbox 3422 5324 3545 5375; x_wconf 75' lang='grc' dir='ltr'><strong>ἐκεῖ</strong></span> <span class='ocrx_word' id='word_1_777' title='bbox 3597 5320 3676 5372; x_wconf 77' lang='grc' dir='ltr'><strong>δεῖ</strong></span> 
     </span>
    </p>
   </div>
   <div class='ocr_carea' id='block_1_107' title="bbox 2100 5411 3675 5488">
    <p class='ocr_par' dir='ltr' id='par_1_107' title="bbox 2100 5411 3675 5488">
     <span class='ocr_line' id='line_1_108' title="bbox 2100 5411 3675 5488; baseline -0.008 -12"><span class='ocrx_word' id='word_1_778' title='bbox 2100 5426 2318 5485; x_wconf 73' lang='grc' dir='ltr'><strong>πάντως</strong></span> <span class='ocrx_word' id='word_1_779' title='bbox 2345 5418 2484 5475; x_wconf 72' lang='grc' dir='ltr'><strong>εἶναι</strong></span> <span class='ocrx_word' id='word_1_780' title='bbox 2514 5419 2607 5474; x_wconf 62' lang='grc' dir='ltr'><strong>καλ⁸</strong></span> <span class='ocrx_word' id='word_1_781' title='bbox 2656 5417 2747 5472; x_wconf 74' lang='grc' dir='ltr'><strong>τὸν</strong></span> <span class='ocrx_word' id='word_1_782' title='bbox 2783 5419 3019 5488; x_wconf 87' lang='grc' dir='ltr'><strong>ποιμένα</strong></span> <span class='ocrx_word' id='word_1_783' title='bbox 3041 5428 3054 5446; x_wconf 65' lang='grc' dir='ltr'>δ</span> <span class='ocrx_word' id='word_1_784' title='bbox 3084 5415 3207 5468; x_wconf 71' lang='grc' dir='ltr'><strong>ἐπεὶ</strong></span> <span class='ocrx_word' id='word_1_785' title='bbox 3261 5414 3372 5484; x_wconf 82' lang='grc' dir='ltr'><strong>γάρ</strong></span> <span class='ocrx_word' id='word_1_786' title='bbox 3409 5413 3474 5466; x_wconf 79' lang='grc' dir='ltr'><strong>δι’</strong></span> <span class='ocrx_word' id='word_1_787' title='bbox 3530 5411 3675 5479; x_wconf 77' lang='grc' dir='ltr'><strong>ὑμᾶς</strong></span> 
     </span>
    </p>
   </div>
   <div class='ocr_carea' id='block_1_108' title="bbox 2100 5500 3674 5586">
    <p class='ocr_par' dir='ltr' id='par_1_108' title="bbox 2100 5500 3674 5586">
     <span class='ocr_line' id='line_1_109' title="bbox 2100 5500 3674 5586; baseline -0.01 -15"><span class='ocrx_word' id='word_1_788' title='bbox 2100 5515 2195 5571; x_wconf 75' lang='grc' dir='ltr'><strong>καὶ</strong></span> <span class='ocrx_word' id='word_1_789' title='bbox 2232 5514 2327 5586; x_wconf 84' lang='grc' dir='ltr'><strong>τὴν</strong></span> <span class='ocrx_word' id='word_1_790' title='bbox 2355 5513 2625 5585; x_wconf 78' lang='grc' dir='ltr'><strong>ὑμετέραν</strong></span> <span class='ocrx_word' id='word_1_791' title='bbox 2657 5512 2926 5583; x_wconf 79' lang='grc' dir='ltr'><strong>ὠφέλειαν</strong></span> <span class='ocrx_word' id='word_1_792' title='bbox 2977 5508 3249 5578; x_wconf 81' lang='grc' dir='ltr'><strong>εἰώθαμεν</strong></span> <span class='ocrx_word' id='word_1_793' title='bbox 3291 5505 3389 5570; x_wconf 76' lang='grc' dir='ltr'><strong>τὰς</strong></span> <span class='ocrx_word' id='word_1_794' title='bbox 3426 5500 3674 5568; x_wconf 79' lang='grc' dir='ltr'><strong>συνάξεις</strong></span> 
     </span>
    </p>
   </div>
   <div class='ocr_carea' id='block_1_109' title="bbox 2095 5595 3672 5677">
    <p class='ocr_par' dir='ltr' id='par_1_109' title="bbox 2095 5595 3672 5677">
     <span class='ocr_line' id='line_1_110' title="bbox 2095 5595 3672 5677; baseline -0.011 -13"><span class='ocrx_word' id='word_1_795' title='bbox 2095 5609 2360 5664; x_wconf 75' lang='grc' dir='ltr'><strong>ἐπιτελεῖν</strong></span> <span class='ocrx_word' id='word_1_796' title='bbox 2382 5646 2397 5672; x_wconf 95' lang='grc'><strong>,</strong></span> <span class='ocrx_word' id='word_1_797' title='bbox 2430 5605 2584 5677; x_wconf 80' lang='grc' dir='ltr'><strong>ὑμῶν</strong></span> <span class='ocrx_word' id='word_1_798' title='bbox 2617 5607 2673 5660; x_wconf 76' lang='grc' dir='ltr'><strong>δὲ</strong></span> <span class='ocrx_word' id='word_1_799' title='bbox 2706 5606 2807 5672; x_wconf 75' lang='grc' dir='ltr'><strong>ἔξω</strong></span> <span class='ocrx_word' id='word_1_800' title='bbox 2839 5601 3221 5674; x_wconf 75' lang='grc' dir='ltr'><strong>διατριϐόντων</strong></span> <span class='ocrx_word' id='word_1_801' title='bbox 3250 5599 3505 5671; x_wconf 77' lang='grc' dir='ltr'><strong>ἀνόνητον</strong></span> <span class='ocrx_word' id='word_1_802' title='bbox 3536 5595 3672 5665; x_wconf 72' lang='grc' dir='ltr'><strong>ἡμῖν</strong></span> 
     </span>
    </p>
   </div>
  </div>
