  <div class='ocr_page' id='page_1' title='image "/cluster/home/n/w/nwhite01/storage/ocr_20150623/114/hvd.32044019208123/512.png"; bbox 0 0 3828 6496; ppageno 0'>
   <div class='ocr_carea' id='block_1_1' title="bbox 252 383 357 447">
    <p class='ocr_par' dir='ltr' id='par_1_1' title="bbox 252 383 357 447">
     <span class='ocr_line' id='line_1_1' title="bbox 252 383 357 447; baseline -0.019 0"><span class='ocrx_word' id='word_1_1' title='bbox 252 383 357 447; x_wconf 83' lang='grc' dir='ltr'><strong>95Ί</strong></span> 
     </span>
    </p>
   </div>
   <div class='ocr_carea' id='block_1_2' title="bbox 1210 375 2537 443">
    <p class='ocr_par' dir='ltr' id='par_1_2' title="bbox 1210 375 2537 443">
     <span class='ocr_line' id='line_1_2' title="bbox 1210 375 2537 443; baseline 0.002 -4"><span class='ocrx_word' id='word_1_2' title='bbox 1210 377 1394 439; x_wconf 74' lang='grc' dir='ltr'>νιΤΑ</span> <span class='ocrx_word' id='word_1_3' title='bbox 1429 376 1492 438; x_wconf 91' lang='lat' dir='ltr'><strong>S.</strong></span> <span class='ocrx_word' id='word_1_4' title='bbox 1531 375 1855 437; x_wconf 74' lang='lat' dir='ltr'><strong>JOANNIS</strong></span> <span class='ocrx_word' id='word_1_5' title='bbox 1890 376 2537 443; x_wconf 75' lang='lat' dir='ltr'><strong>ELEEMOSYNARII.</strong></span> 
     </span>
    </p>
   </div>
   <div class='ocr_carea' id='block_1_3' title="bbox 3396 391 3507 456">
    <p class='ocr_par' dir='ltr' id='par_1_3' title="bbox 3396 391 3507 456">
     <span class='ocr_line' id='line_1_3' title="bbox 3396 391 3507 456; baseline 0 0"><span class='ocrx_word' id='word_1_6' title='bbox 3396 391 3507 456; x_wconf 74' lang='lat'><strong>958</strong></span> 
     </span>
    </p>
   </div>
   <div class='ocr_carea' id='block_1_4' title="bbox 254 488 1840 576">
    <p class='ocr_par' dir='ltr' id='par_1_4' title="bbox 254 488 1840 565">
     <span class='ocr_line' id='line_1_4' title="bbox 254 488 1840 565; baseline -0.006 -14"><span class='ocrx_word' id='word_1_7' title='bbox 254 497 350 551; x_wconf 80' lang='grc' dir='ltr'>τὸν</span> <span class='ocrx_word' id='word_1_8' title='bbox 401 494 571 551; x_wconf 80' lang='grc' dir='ltr'>κόπον</span> <span class='ocrx_word' id='word_1_9' title='bbox 628 491 918 565; x_wconf 79' lang='grc' dir='ltr'>συμϐαίνει</span> <span class='ocrx_word' id='word_1_10' title='bbox 969 490 1235 562; x_wconf 75' lang='grc' dir='ltr'>γίνεσθαιο</span> <span class='ocrx_word' id='word_1_11' title='bbox 1304 488 1542 542; x_wconf 85' lang='grc' dir='ltr'><strong>πέπεικα</strong></span> <span class='ocrx_word' id='word_1_12' title='bbox 1606 489 1840 559; x_wconf 75' lang='grc' dir='ltr'>ἐμαυτὸν</span> 
     </span>
    </p>
   </div>
   <div class='ocr_carea' id='block_1_5' title="bbox 1947 488 3526 576">
    <p class='ocr_par' dir='ltr' id='par_1_5' title="bbox 1947 494 3526 576">
     <span class='ocr_line' id='line_1_5' title="bbox 1947 494 3526 576; baseline 0.01 -31"><span class='ocrx_word' id='word_1_13' title='bbox 1947 494 2106 546; x_wconf 83' lang='lat' dir='ltr'><strong>statui</strong></span> <span class='ocrx_word' id='word_1_14' title='bbox 2133 509 2256 548; x_wconf 88' lang='lat' dir='ltr'><strong>cum</strong></span> <span class='ocrx_word' id='word_1_15' title='bbox 2284 496 2689 566; x_wconf 75' lang='lat' dir='ltr'><strong>egredientibus</strong></span> <span class='ocrx_word' id='word_1_16' title='bbox 2716 499 2867 555; x_wconf 84' lang='lat' dir='ltr'><strong>vobis</strong></span> <span class='ocrx_word' id='word_1_17' title='bbox 2895 499 3056 556; x_wconf 87' lang='lat' dir='ltr'><strong>simul</strong></span> <span class='ocrx_word' id='word_1_18' title='bbox 3086 502 3291 576; x_wconf 82' lang='lat' dir='ltr'><strong>egredi,</strong></span> <span class='ocrx_word' id='word_1_19' title='bbox 3321 515 3377 560; x_wconf 89' lang='lat' dir='ltr'><strong>et</strong></span> <span class='ocrx_word' id='word_1_20' title='bbox 3403 520 3526 560; x_wconf 87' lang='lat' dir='ltr'><strong>rur-</strong></span> 
     </span>
    </p>
   </div>
   <div class='ocr_carea' id='block_1_6' title="bbox 254 579 1839 655">
    <p class='ocr_par' dir='ltr' id='par_1_6' title="bbox 254 579 1839 655">
     <span class='ocr_line' id='line_1_6' title="bbox 254 579 1839 655; baseline -0.007 -14"><span class='ocrx_word' id='word_1_21' title='bbox 254 586 460 654; x_wconf 73' lang='grc' dir='ltr'>ἐξιοῦσι</span> <span class='ocrx_word' id='word_1_22' title='bbox 498 602 558 637; x_wconf 90' lang='grc' dir='ltr'><strong>τε</strong></span> <span class='ocrx_word' id='word_1_23' title='bbox 580 585 710 655; x_wconf 82' lang='grc' dir='ltr'>ὑμῖν</span> <span class='ocrx_word' id='word_1_24' title='bbox 738 581 1177 653; x_wconf 78' lang='grc' dir='ltr'>συνεξέρχεσθαι,</span> <span class='ocrx_word' id='word_1_25' title='bbox 1202 594 1296 634; x_wconf 80' lang='grc' dir='ltr'>και</span> <span class='ocrx_word' id='word_1_26' title='bbox 1327 579 1484 643; x_wconf 80' lang='grc' dir='ltr'>αὖθις</span> <span class='ocrx_word' id='word_1_27' title='bbox 1514 579 1839 649; x_wconf 80' lang='grc' dir='ltr'>εἰσερχομέ-</span> 
     </span>
    </p>
   </div>
   <div class='ocr_carea' id='block_1_7' title="bbox 256 670 1837 748">
    <p class='ocr_par' dir='ltr' id='par_1_7' title="bbox 256 670 1837 748">
     <span class='ocr_line' id='line_1_7' title="bbox 256 670 1837 748; baseline -0.006 -15"><span class='ocrx_word' id='word_1_28' title='bbox 256 679 369 741; x_wconf 76' lang='grc' dir='ltr'>νοις</span> <span class='ocrx_word' id='word_1_29' title='bbox 402 674 806 748; x_wconf 80' lang='grc' dir='ltr'>συν[εισ]ιέναι.</span> <span class='ocrx_word' id='word_1_30' title='bbox 837 673 1071 738; x_wconf 75' lang='grc' dir='ltr'>Πολλοὺς</span> <span class='ocrx_word' id='word_1_31' title='bbox 1114 672 1272 726; x_wconf 88' lang='grc' dir='ltr'>τοῦτο</span> <span class='ocrx_word' id='word_1_32' title='bbox 1301 670 1577 739; x_wconf 81' lang='grc' dir='ltr'>διώρθωσε</span> <span class='ocrx_word' id='word_1_33' title='bbox 1610 671 1705 724; x_wconf 73' lang='grc' dir='ltr'>καὶ</span> <span class='ocrx_word' id='word_1_34' title='bbox 1737 670 1837 741; x_wconf 83' lang='grc' dir='ltr'>τῆς</span> 
     </span>
    </p>
   </div>
   <div class='ocr_carea' id='block_1_8' title="bbox 260 764 1487 839">
    <p class='ocr_par' dir='ltr' id='par_1_8' title="bbox 260 764 1487 839">
     <span class='ocr_line' id='line_1_8' title="bbox 260 764 1487 839; baseline -0.005 -15"><span class='ocrx_word' id='word_1_35' title='bbox 260 770 337 839; x_wconf 85' lang='grc' dir='ltr'>μὴ</span> <span class='ocrx_word' id='word_1_36' title='bbox 357 767 538 829; x_wconf 81' lang='grc' dir='ltr'>καλῶς</span> <span class='ocrx_word' id='word_1_37' title='bbox 559 765 851 835; x_wconf 79' lang='grc' dir='ltr'><strong>γινομένης</strong></span> <span class='ocrx_word' id='word_1_38' title='bbox 879 764 1156 835; x_wconf 78' lang='grc' dir='ltr'><strong>ἀπήλλαξε</strong></span> <span class='ocrx_word' id='word_1_39' title='bbox 1183 764 1487 834; x_wconf 80' lang='grc' dir='ltr'>συνηθείας.</span> 
     </span>
    </p>
   </div>
   <div class='ocr_carea' id='block_1_9' title="bbox 329 855 1841 926">
    <p class='ocr_par' dir='ltr' id='par_1_9' title="bbox 329 855 1841 926">
     <span class='ocr_line' id='line_1_9' title="bbox 329 855 1841 926; baseline -0.002 -12"><span class='ocrx_word' id='word_1_40' title='bbox 329 857 454 914; x_wconf 77' lang='lat' dir='ltr'><strong>OA&#39;.</strong></span> <span class='ocrx_word' id='word_1_41' title='bbox 479 859 593 912; x_wconf 79' lang='grc' dir='ltr'><strong>Οὐκ</strong></span> <span class='ocrx_word' id='word_1_42' title='bbox 620 857 860 920; x_wconf 75' lang='grc' dir='ltr'><strong>ἐκείνους</strong></span> <span class='ocrx_word' id='word_1_43' title='bbox 885 858 941 910; x_wconf 75' lang='grc' dir='ltr'>δὲ</span> <span class='ocrx_word' id='word_1_44' title='bbox 977 857 1171 925; x_wconf 82' lang='grc' dir='ltr'><strong>μόνους</strong></span> <span class='ocrx_word' id='word_1_45' title='bbox 1195 855 1437 926; x_wconf 86' lang='grc' dir='ltr'>βελτιοῦν</span> <span class='ocrx_word' id='word_1_46' title='bbox 1465 856 1694 911; x_wconf 75' lang='grc' dir='ltr'><strong>ἔσπευδε</strong></span> <span class='ocrx_word' id='word_1_47' title='bbox 1714 858 1841 922; x_wconf 76' lang='grc' dir='ltr'>τοὺς</span> 
     </span>
    </p>
   </div>
   <div class='ocr_carea' id='block_1_10' title="bbox 259 947 1840 1020">
    <p class='ocr_par' dir='ltr' id='par_1_10' title="bbox 259 947 1840 1020">
     <span class='ocr_line' id='line_1_10' title="bbox 259 947 1840 1020; baseline -0.003 -16"><span class='ocrx_word' id='word_1_48' title='bbox 259 950 368 1018; x_wconf 68' lang='grc' dir='ltr'><strong>ἔξω</strong></span> <span class='ocrx_word' id='word_1_49' title='bbox 387 951 487 1020; x_wconf 84' lang='grc' dir='ltr'>τῆς</span> <span class='ocrx_word' id='word_1_50' title='bbox 516 948 786 1014; x_wconf 80' lang='grc' dir='ltr'>συνάξεως</span> <span class='ocrx_word' id='word_1_51' title='bbox 824 947 1171 1018; x_wconf 82' lang='grc' dir='ltr'>ἀργολογίαις</span> <span class='ocrx_word' id='word_1_52' title='bbox 1200 948 1673 1018; x_wconf 80' lang='grc' dir='ltr'>ἐνευκαιροῦντας,</span> <span class='ocrx_word' id='word_1_53' title='bbox 1704 948 1840 1001; x_wconf 86' lang='grc' dir='ltr'><strong>ἀλλά</strong></span> 
     </span>
    </p>
   </div>
   <div class='ocr_carea' id='block_1_11' title="bbox 260 1040 1867 1114">
    <p class='ocr_par' dir='ltr' id='par_1_11' title="bbox 260 1040 1867 1114">
     <span class='ocr_line' id='line_1_11' title="bbox 260 1040 1867 1114; baseline -0.002 -18"><span class='ocrx_word' id='word_1_54' title='bbox 260 1045 356 1098; x_wconf 78' lang='grc' dir='ltr'><strong>καὶ</strong></span> <span class='ocrx_word' id='word_1_55' title='bbox 379 1043 507 1106; x_wconf 78' lang='grc' dir='ltr'>τοὺς</span> <span class='ocrx_word' id='word_1_56' title='bbox 528 1042 677 1096; x_wconf 75' lang='grc' dir='ltr'>ἔνδον</span> <span class='ocrx_word' id='word_1_57' title='bbox 712 1043 846 1114; x_wconf 72' lang='grc' dir='ltr'>πρὸς</span> <span class='ocrx_word' id='word_1_58' title='bbox 874 1040 1136 1112; x_wconf 77' lang='grc' dir='ltr'><strong>ἀλλήλους</strong></span> <span class='ocrx_word' id='word_1_59' title='bbox 1163 1040 1479 1108; x_wconf 81' lang='grc' dir='ltr'>ἀλογώτατα</span> <span class='ocrx_word' id='word_1_60' title='bbox 1502 1041 1867 1109; x_wconf 74' lang='grc' dir='ltr'>κοινολογου-”</span> 
     </span>
    </p>
   </div>
   <div class='ocr_carea' id='block_1_12' title="bbox 263 1133 1841 1206">
    <p class='ocr_par' dir='ltr' id='par_1_12' title="bbox 263 1133 1841 1206">
     <span class='ocr_line' id='line_1_12' title="bbox 263 1133 1841 1206; baseline -0.001 -18"><span class='ocrx_word' id='word_1_61' title='bbox 263 1135 482 1206; x_wconf 76' lang='grc' dir='ltr'>μένους·</span> <span class='ocrx_word' id='word_1_62' title='bbox 516 1137 610 1188; x_wconf 76' lang='grc' dir='ltr'>καὶ</span> <span class='ocrx_word' id='word_1_63' title='bbox 634 1136 868 1204; x_wconf 86' lang='grc' dir='ltr'>μάλιστα</span> <span class='ocrx_word' id='word_1_64' title='bbox 890 1134 953 1205; x_wconf 83' lang='grc' dir='ltr'>δὴ</span> <span class='ocrx_word' id='word_1_65' title='bbox 975 1134 1102 1198; x_wconf 79' lang='grc' dir='ltr'>τοὺς</span> <span class='ocrx_word' id='word_1_66' title='bbox 1129 1133 1221 1187; x_wconf 90' lang='grc' dir='ltr'><strong>τοῦ</strong></span> <span class='ocrx_word' id='word_1_67' title='bbox 1254 1134 1518 1204; x_wconf 76' lang='grc' dir='ltr'>βήματος.</span> <span class='ocrx_word' id='word_1_68' title='bbox 1539 1133 1607 1186; x_wconf 83' lang='grc' dir='ltr'><strong>Εἴ</strong></span> <span class='ocrx_word' id='word_1_69' title='bbox 1628 1151 1754 1187; x_wconf 85' lang='grc' dir='ltr'>ποτε</span> <span class='ocrx_word' id='word_1_70' title='bbox 1781 1134 1841 1187; x_wconf 82' lang='grc' dir='ltr'><strong>δέ</strong></span> 
     </span>
    </p>
   </div>
   <div class='ocr_carea' id='block_1_13' title="bbox 261 1226 1840 1298">
    <p class='ocr_par' dir='ltr' id='par_1_13' title="bbox 261 1226 1840 1298">
     <span class='ocr_line' id='line_1_13' title="bbox 261 1226 1840 1298; baseline 0.001 -19"><span class='ocrx_word' id='word_1_71' title='bbox 261 1243 384 1279; x_wconf 89' lang='grc' dir='ltr'>τινα</span> <span class='ocrx_word' id='word_1_72' title='bbox 423 1227 563 1293; x_wconf 87' lang='grc' dir='ltr'><strong>μετά</strong></span> <span class='ocrx_word' id='word_1_73' title='bbox 592 1226 719 1295; x_wconf 89' lang='grc' dir='ltr'>μίαν</span> <span class='ocrx_word' id='word_1_74' title='bbox 747 1227 839 1280; x_wconf 80' lang='grc' dir='ltr'><strong>καὶ</strong></span> <span class='ocrx_word' id='word_1_75' title='bbox 870 1227 1129 1296; x_wconf 76' lang='grc' dir='ltr'><strong>δευτέραν</strong></span> <span class='ocrx_word' id='word_1_76' title='bbox 1161 1227 1486 1298; x_wconf 80' lang='grc' dir='ltr'>παραίνεσιν</span> <span class='ocrx_word' id='word_1_77' title='bbox 1512 1226 1840 1297; x_wconf 82' lang='grc' dir='ltr'><strong>ἀδιόρθωτον</strong></span> 
     </span>
    </p>
   </div>
   <div class='ocr_carea' id='block_1_14' title="bbox 267 1318 1843 1390">
    <p class='ocr_par' dir='ltr' id='par_1_14' title="bbox 267 1318 1843 1390">
     <span class='ocr_line' id='line_1_14' title="bbox 267 1318 1843 1390; baseline 0 -19"><span class='ocrx_word' id='word_1_78' title='bbox 267 1318 390 1384; x_wconf 76' lang='grc' dir='ltr'>ἴδοι,</span> <span class='ocrx_word' id='word_1_79' title='bbox 433 1319 539 1384; x_wconf 74' lang='grc' dir='ltr'><strong>ἔξω</strong></span> <span class='ocrx_word' id='word_1_80' title='bbox 568 1319 728 1382; x_wconf 81' lang='grc' dir='ltr'>εὐθὺς</span> <span class='ocrx_word' id='word_1_81' title='bbox 759 1318 971 1382; x_wconf 76' lang='grc' dir='ltr'>ἔϐαλλε,</span> <span class='ocrx_word' id='word_1_82' title='bbox 1000 1319 1098 1390; x_wconf 87' lang='grc' dir='ltr'>τὴν</span> <span class='ocrx_word' id='word_1_83' title='bbox 1142 1318 1477 1389; x_wconf 84' lang='grc' dir='ltr'>Δεσποτικὴν</span> <span class='ocrx_word' id='word_1_84' title='bbox 1505 1318 1687 1382; x_wconf 78' lang='grc' dir='ltr'>αὐτοῖς</span> <span class='ocrx_word' id='word_1_85' title='bbox 1722 1320 1843 1371; x_wconf 75' lang='grc' dir='ltr'>ἐπι-</span> 
     </span>
    </p>
   </div>
   <div class='ocr_carea' id='block_1_15' title="bbox 260 1407 1842 1480">
    <p class='ocr_par' dir='ltr' id='par_1_15' title="bbox 260 1407 1842 1480">
     <span class='ocr_line' id='line_1_15' title="bbox 260 1407 1842 1480; baseline -0.001 -17"><span class='ocrx_word' id='word_1_86' title='bbox 260 1410 438 1478; x_wconf 82' lang='grc' dir='ltr'>λέγων</span> <span class='ocrx_word' id='word_1_87' title='bbox 463 1414 669 1480; x_wconf 76' lang='grc' dir='ltr'>φωνήν·</span> <span class='ocrx_word' id='word_1_88' title='bbox 702 1429 721 1462; x_wconf 81' lang='grc' dir='ltr'><strong>ι</strong></span> <span class='ocrx_word' id='word_1_89' title='bbox 759 1410 863 1464; x_wconf 78' lang='grc' dir='ltr'><strong>Τὸν</strong></span> <span class='ocrx_word' id='word_1_90' title='bbox 888 1407 1034 1465; x_wconf 79' lang='grc' dir='ltr'>οἶκον</span> <span class='ocrx_word' id='word_1_91' title='bbox 1072 1412 1166 1464; x_wconf 90' lang='grc' dir='ltr'><strong>τοῦ</strong></span> <span class='ocrx_word' id='word_1_92' title='bbox 1212 1411 1344 1465; x_wconf 86' lang='grc' dir='ltr'>Θεοῦ</span> <span class='ocrx_word' id='word_1_93' title='bbox 1374 1408 1520 1464; x_wconf 80' lang='grc' dir='ltr'>οἷκον</span> <span class='ocrx_word' id='word_1_94' title='bbox 1554 1412 1648 1473; x_wconf 46' lang='grc' dir='ltr'>,δεῖ</span> <span class='ocrx_word' id='word_1_95' title='bbox 1670 1426 1842 1479; x_wconf 85' lang='grc' dir='ltr'>προσ-</span> 
     </span>
    </p>
   </div>
   <div class='ocr_carea' id='block_1_16' title="bbox 262 1500 1842 1577">
    <p class='ocr_par' dir='ltr' id='par_1_16' title="bbox 262 1500 1842 1577">
     <span class='ocr_line' id='line_1_16' title="bbox 262 1500 1842 1577; baseline 0.001 -19"><span class='ocrx_word' id='word_1_96' title='bbox 262 1504 430 1575; x_wconf 76' lang='grc' dir='ltr'>ευχῆς</span> <span class='ocrx_word' id='word_1_97' title='bbox 498 1500 677 1560; x_wconf 78' lang='grc' dir='ltr'>εἶναι’</span> <span class='ocrx_word' id='word_1_98' title='bbox 713 1526 731 1560; x_wconf 76' lang='grc' dir='ltr'><strong>ι</strong></span> <span class='ocrx_word' id='word_1_99' title='bbox 792 1504 1028 1577; x_wconf 78' lang='grc' dir='ltr'>ἔμπαλιν</span> <span class='ocrx_word' id='word_1_100' title='bbox 1077 1505 1134 1559; x_wconf 85' lang='grc' dir='ltr'>δὲ</span> <span class='ocrx_word' id='word_1_101' title='bbox 1180 1506 1305 1569; x_wconf 75' lang='grc' dir='ltr'>τοὺς</span> <span class='ocrx_word' id='word_1_102' title='bbox 1344 1507 1472 1576; x_wconf 79' lang='grc' dir='ltr'>περὶ</span> <span class='ocrx_word' id='word_1_103' title='bbox 1524 1505 1626 1569; x_wconf 80' lang='grc' dir='ltr'>τὰς</span> <span class='ocrx_word' id='word_1_104' title='bbox 1689 1505 1842 1569; x_wconf 84' lang='grc' dir='ltr'>θείας</span> 
     </span>
    </p>
   </div>
   <div class='ocr_carea' id='block_1_17' title="bbox 264 1596 1841 1670">
    <p class='ocr_par' dir='ltr' id='par_1_17' title="bbox 264 1596 1841 1670">
     <span class='ocr_line' id='line_1_17' title="bbox 264 1596 1841 1670; baseline 0 -19"><span class='ocrx_word' id='word_1_105' title='bbox 264 1597 515 1663; x_wconf 81' lang='grc' dir='ltr'>συνάξεις</span> <span class='ocrx_word' id='word_1_106' title='bbox 572 1598 1039 1670; x_wconf 83' lang='grc' dir='ltr'><strong>σπουδαιοτέρους,</strong></span> <span class='ocrx_word' id='word_1_107' title='bbox 1088 1599 1379 1669; x_wconf 84' lang='grc' dir='ltr'>ἀπεδέχετο</span> <span class='ocrx_word' id='word_1_108' title='bbox 1419 1596 1519 1669; x_wconf 78' lang='grc' dir='ltr'>τῆς</span> <span class='ocrx_word' id='word_1_109' title='bbox 1566 1598 1841 1667; x_wconf 81' lang='grc' dir='ltr'>φιλοθεῒας</span> 
     </span>
    </p>
   </div>
   <div class='ocr_carea' id='block_1_18' title="bbox 260 1688 1837 1761">
    <p class='ocr_par' dir='ltr' id='par_1_18' title="bbox 260 1688 1837 1761">
     <span class='ocr_line' id='line_1_18' title="bbox 260 1688 1837 1761; baseline 0.001 -19"><span class='ocrx_word' id='word_1_110' title='bbox 260 1690 359 1742; x_wconf 72' lang='grc' dir='ltr'><strong>καὶ</strong></span> <span class='ocrx_word' id='word_1_111' title='bbox 384 1688 715 1760; x_wconf 80' lang='grc' dir='ltr'>προσεπῄνει</span> <span class='ocrx_word' id='word_1_112' title='bbox 733 1706 748 1721; x_wconf 75' lang='grc'><strong><em>⁸</em></strong></span> <span class='ocrx_word' id='word_1_113' title='bbox 778 1691 913 1745; x_wconf 86' lang='grc' dir='ltr'><strong>ἀλλά</strong></span> <span class='ocrx_word' id='word_1_114' title='bbox 938 1693 1029 1744; x_wconf 72' lang='grc' dir='ltr'>καὶ</span> <span class='ocrx_word' id='word_1_115' title='bbox 1057 1694 1362 1756; x_wconf 80' lang='grc' dir='ltr'>προκοπαῖς</span> <span class='ocrx_word' id='word_1_116' title='bbox 1394 1692 1555 1760; x_wconf 76' lang='grc' dir='ltr'>ἐτίμα</span> <span class='ocrx_word' id='word_1_117' title='bbox 1577 1690 1801 1761; x_wconf 80' lang='grc' dir='ltr'><strong>βαθμῶν</strong></span> <span class='ocrx_word' id='word_1_118' title='bbox 1822 1704 1837 1720; x_wconf 84' lang='grc'>⁶</span> 
     </span>
    </p>
   </div>
   <div class='ocr_carea' id='block_1_19' title="bbox 258 1780 1914 1893">
    <p class='ocr_par' dir='ltr' id='par_1_19' title="bbox 258 1780 1914 1893">
     <span class='ocr_line' id='line_1_19' title="bbox 258 1780 1914 1893; baseline 0.001 -60"><span class='ocrx_word' id='word_1_119' title='bbox 258 1780 400 1852; x_wconf 82' lang='grc' dir='ltr'>ὅπερ</span> <span class='ocrx_word' id='word_1_120' title='bbox 428 1780 495 1853; x_wconf 80' lang='grc' dir='ltr'>δὴ</span> <span class='ocrx_word' id='word_1_121' title='bbox 519 1783 614 1835; x_wconf 60' lang='grc' dir='ltr'><strong>καὶ⁵</strong></span> <span class='ocrx_word' id='word_1_122' title='bbox 641 1783 973 1855; x_wconf 79' lang='grc' dir='ltr'>σαφέστερον</span> <span class='ocrx_word' id='word_1_123' title='bbox 1019 1783 1080 1836; x_wconf 84' lang='grc' dir='ltr'>τὸ</span> <span class='ocrx_word' id='word_1_124' title='bbox 1119 1783 1311 1855; x_wconf 83' lang='grc' dir='ltr'>μέλλον</span> <span class='ocrx_word' id='word_1_125' title='bbox 1335 1782 1670 1855; x_wconf 73' lang='grc' dir='ltr'><strong>ῥηθήσεσθαι</strong></span> <span class='ocrx_word' id='word_1_126' title='bbox 1702 1798 1842 1852; x_wconf 83' lang='grc' dir='ltr'>γνω-</span> <span class='ocrx_word' id='word_1_127' title='bbox 1871 1836 1914 1893; x_wconf 71' lang='grc' dir='ltr'><strong>Β</strong></span> 
     </span>
    </p>
   </div>
   <div class='ocr_carea' id='block_1_20' title="bbox 262 1875 396 1946">
    <p class='ocr_par' dir='ltr' id='par_1_20' title="bbox 262 1875 396 1946">
     <span class='ocr_line' id='line_1_20' title="bbox 262 1875 396 1946; baseline 0.015 -19"><span class='ocrx_word' id='word_1_128' title='bbox 262 1875 396 1946; x_wconf 79' lang='grc' dir='ltr'>ριεί.</span> 
     </span>
    </p>
   </div>
   <div class='ocr_carea' id='block_1_21' title="bbox 332 2045 1838 2129">
    <p class='ocr_par' dir='ltr' id='par_1_21' title="bbox 332 2045 1838 2129">
     <span class='ocr_line' id='line_1_21' title="bbox 332 2045 1838 2129; baseline -0.002 -16"><span class='ocrx_word' id='word_1_129' title='bbox 332 2059 453 2113; x_wconf 80' lang='lat'><strong>08&#39;.</strong></span> <span class='ocrx_word' id='word_1_130' title='bbox 479 2057 581 2111; x_wconf 76' lang='grc' dir='ltr'><strong>Δύο</strong></span> <span class='ocrx_word' id='word_1_131' title='bbox 601 2056 744 2121; x_wconf 77' lang='grc' dir='ltr'>τινὲς</span> <span class='ocrx_word' id='word_1_132' title='bbox 767 2058 1021 2129; x_wconf 77' lang='grc' dir='ltr'>κληρικοὶ</span> <span class='ocrx_word' id='word_1_133' title='bbox 1045 2045 1141 2129; x_wconf 72' lang='grc' dir='ltr'>τῆς</span> <span class='ocrx_word' id='word_1_134' title='bbox 1162 2058 1283 2113; x_wconf 77' lang='grc' dir='ltr'>κατ’</span> <span class='ocrx_word' id='word_1_135' title='bbox 1304 2057 1468 2111; x_wconf 78' lang='grc' dir='ltr'>αὑτὸν</span> <span class='ocrx_word' id='word_1_136' title='bbox 1489 2057 1838 2129; x_wconf 83' lang='grc' dir='ltr'>Ἐκκλησίας,</span> 
     </span>
    </p>
   </div>
   <div class='ocr_carea' id='block_1_22' title="bbox 263 2151 1842 2222">
    <p class='ocr_par' dir='ltr' id='par_1_22' title="bbox 263 2151 1842 2222">
     <span class='ocr_line' id='line_1_22' title="bbox 263 2151 1842 2222; baseline 0.001 -20"><span class='ocrx_word' id='word_1_137' title='bbox 263 2151 663 2221; x_wconf 82' lang='grc' dir='ltr'>σκυτοτομικὴν</span> <span class='ocrx_word' id='word_1_138' title='bbox 689 2153 968 2221; x_wconf 75' lang='grc' dir='ltr'>μετιόντες</span> <span class='ocrx_word' id='word_1_139' title='bbox 986 2153 1198 2222; x_wconf 86' lang='grc' dir='ltr'>τέχνην.</span> <span class='ocrx_word' id='word_1_140' title='bbox 1230 2154 1292 2204; x_wconf 81' lang='grc' dir='ltr'><strong>ὲκ</strong></span> <span class='ocrx_word' id='word_1_141' title='bbox 1318 2152 1575 2219; x_wconf 82' lang='grc' dir='ltr'>γειτόνων</span> <span class='ocrx_word' id='word_1_142' title='bbox 1595 2152 1842 2220; x_wconf 77' lang='grc' dir='ltr'>ἀλλήλοις</span> 
     </span>
    </p>
   </div>
   <div class='ocr_carea' id='block_1_23' title="bbox 160 2234 1842 2313">
    <p class='ocr_par' dir='ltr' id='par_1_23' title="bbox 160 2234 1842 2313">
     <span class='ocr_line' id='line_1_23' title="bbox 160 2234 1842 2313; baseline 0.001 -18"><span class='ocrx_word' id='word_1_143' title='bbox 160 2264 171 2273; x_wconf 70' lang='grc' dir='ltr'><strong><em>ο</em></strong></span> <span class='ocrx_word' id='word_1_144' title='bbox 263 2242 456 2312; x_wconf 78' lang='grc' dir='ltr'>έμενον</span> <span class='ocrx_word' id='word_1_145' title='bbox 479 2260 494 2275; x_wconf 90' lang='grc'><strong>·</strong></span> <span class='ocrx_word' id='word_1_146' title='bbox 521 2234 597 2297; x_wconf 78' lang='grc' dir='ltr'>ὧν</span> <span class='ocrx_word' id='word_1_147' title='bbox 625 2244 653 2294; x_wconf 78' lang='grc' dir='ltr'>ὁ</span> <span class='ocrx_word' id='word_1_148' title='bbox 679 2243 799 2313; x_wconf 80' lang='grc' dir='ltr'>μὲν,</span> <span class='ocrx_word' id='word_1_149' title='bbox 828 2245 1050 2312; x_wconf 72' lang='grc' dir='ltr'>γυναικὶ</span> <span class='ocrx_word' id='word_1_150' title='bbox 1101 2243 1531 2312; x_wconf 76' lang='grc' dir='ltr'>συνεζευγμένος</span> <span class='ocrx_word' id='word_1_151' title='bbox 1558 2245 1654 2297; x_wconf 77' lang='grc' dir='ltr'><strong>καὶ</strong></span> <span class='ocrx_word' id='word_1_152' title='bbox 1677 2244 1842 2296; x_wconf 82' lang='grc' dir='ltr'>τέκνα</span> 
     </span>
    </p>
   </div>
   <div class='ocr_carea' id='block_1_24' title="bbox 262 2334 1842 2407">
    <p class='ocr_par' dir='ltr' id='par_1_24' title="bbox 262 2334 1842 2407">
     <span class='ocr_line' id='line_1_24' title="bbox 262 2334 1842 2407; baseline 0.001 -20"><span class='ocrx_word' id='word_1_153' title='bbox 262 2334 423 2403; x_wconf 80' lang='grc' dir='ltr'>ἔχων,</span> <span class='ocrx_word' id='word_1_154' title='bbox 447 2336 658 2404; x_wconf 83' lang='grc' dir='ltr'>πατέρα</span> <span class='ocrx_word' id='word_1_155' title='bbox 678 2352 736 2387; x_wconf 86' lang='grc' dir='ltr'><strong>τε</strong></span> <span class='ocrx_word' id='word_1_156' title='bbox 772 2337 866 2388; x_wconf 76' lang='grc' dir='ltr'><strong>καὶ</strong></span> <span class='ocrx_word' id='word_1_157' title='bbox 898 2337 1109 2406; x_wconf 88' lang='grc' dir='ltr'>μητέρα</span> <span class='ocrx_word' id='word_1_158' title='bbox 1142 2336 1524 2398; x_wconf 77' lang='grc' dir='ltr'>συνοικοῦντας</span> <span class='ocrx_word' id='word_1_159' title='bbox 1548 2337 1717 2407; x_wconf 79' lang='grc' dir='ltr'>αὐτῷ,</span> <span class='ocrx_word' id='word_1_160' title='bbox 1749 2335 1842 2400; x_wconf 76' lang='grc' dir='ltr'>οὓς</span> 
     </span>
    </p>
   </div>
   <div class='ocr_carea' id='block_1_25' title="bbox 261 2426 1842 2499">
    <p class='ocr_par' dir='ltr' id='par_1_25' title="bbox 261 2426 1842 2499">
     <span class='ocr_line' id='line_1_25' title="bbox 261 2426 1842 2499; baseline 0.001 -21"><span class='ocrx_word' id='word_1_161' title='bbox 261 2427 473 2490; x_wconf 80' lang='grc' dir='ltr'>πάντας</span> <span class='ocrx_word' id='word_1_162' title='bbox 529 2430 592 2480; x_wconf 80' lang='grc' dir='ltr'><strong>ὲκ</strong></span> <span class='ocrx_word' id='word_1_163' title='bbox 616 2427 725 2479; x_wconf 83' lang='grc' dir='ltr'><strong>τῶν</strong></span> <span class='ocrx_word' id='word_1_164' title='bbox 753 2426 951 2498; x_wconf 84' lang='grc' dir='ltr'>χειρῶν</span> <span class='ocrx_word' id='word_1_165' title='bbox 985 2426 1179 2497; x_wconf 77' lang='grc' dir='ltr'>ἔτρεφε</span> <span class='ocrx_word' id='word_1_166' title='bbox 1210 2427 1317 2481; x_wconf 84' lang='grc' dir='ltr'>τῶν</span> <span class='ocrx_word' id='word_1_167' title='bbox 1347 2428 1492 2481; x_wconf 81' lang='grc' dir='ltr'>ἰδίων</span> <span class='ocrx_word' id='word_1_168' title='bbox 1520 2468 1533 2492; x_wconf 93' lang='grc'><strong>,</strong></span> <span class='ocrx_word' id='word_1_169' title='bbox 1567 2429 1713 2499; x_wconf 84' lang='grc' dir='ltr'>ὅμως</span> <span class='ocrx_word' id='word_1_170' title='bbox 1734 2428 1842 2481; x_wconf 86' lang='grc' dir='ltr'><strong>τῶν</strong></span> 
     </span>
    </p>
   </div>
   <div class='ocr_carea' id='block_1_26' title="bbox 263 2518 1840 2590">
    <p class='ocr_par' dir='ltr' id='par_1_26' title="bbox 263 2518 1840 2590">
     <span class='ocr_line' id='line_1_26' title="bbox 263 2518 1840 2590; baseline 0.001 -19"><span class='ocrx_word' id='word_1_171' title='bbox 263 2518 538 2584; x_wconf 80' lang='grc' dir='ltr'>συνάξεων</span> <span class='ocrx_word' id='word_1_172' title='bbox 568 2519 667 2571; x_wconf 78' lang='grc' dir='ltr'><strong>οὐκ</strong></span> <span class='ocrx_word' id='word_1_173' title='bbox 695 2518 905 2588; x_wconf 80' lang='grc' dir='ltr'>ἠμέλει.</span> <span class='ocrx_word' id='word_1_174' title='bbox 959 2519 1201 2590; x_wconf 80' lang='grc' dir='ltr'>θάτερος</span> <span class='ocrx_word' id='word_1_175' title='bbox 1228 2518 1308 2584; x_wconf 79' lang='grc' dir='ltr'>δὲ,</span> <span class='ocrx_word' id='word_1_176' title='bbox 1338 2520 1515 2572; x_wconf 88' lang='grc' dir='ltr'>καίτοι</span> <span class='ocrx_word' id='word_1_177' title='bbox 1554 2520 1713 2587; x_wconf 83' lang='grc' dir='ltr'>μόνος</span> <span class='ocrx_word' id='word_1_178' title='bbox 1743 2520 1840 2585; x_wconf 87' lang='grc' dir='ltr'>ὢν,</span> 
     </span>
    </p>
   </div>
   <div class='ocr_carea' id='block_1_27' title="bbox 260 2611 1843 2682">
    <p class='ocr_par' dir='ltr' id='par_1_27' title="bbox 260 2611 1843 2682">
     <span class='ocr_line' id='line_1_27' title="bbox 260 2611 1843 2682; baseline -0.001 -17"><span class='ocrx_word' id='word_1_179' title='bbox 260 2611 361 2680; x_wconf 74' lang='grc' dir='ltr'>τὴν</span> <span class='ocrx_word' id='word_1_180' title='bbox 384 2614 579 2682; x_wconf 80' lang='grc' dir='ltr'>τέχνην</span> <span class='ocrx_word' id='word_1_181' title='bbox 594 2628 654 2664; x_wconf 92' lang='grc' dir='ltr'><strong>τε</strong></span> <span class='ocrx_word' id='word_1_182' title='bbox 687 2612 1096 2682; x_wconf 74' lang='grc' dir='ltr'>ἀκριϐέστερος,</span> <span class='ocrx_word' id='word_1_183' title='bbox 1129 2612 1224 2665; x_wconf 73' lang='grc' dir='ltr'><strong>καὶ</strong></span> <span class='ocrx_word' id='word_1_184' title='bbox 1263 2611 1362 2681; x_wconf 82' lang='grc' dir='ltr'>τὴν</span> <span class='ocrx_word' id='word_1_185' title='bbox 1410 2611 1676 2680; x_wconf 74' lang='grc' dir='ltr'>ἐργασίαν</span> <span class='ocrx_word' id='word_1_186' title='bbox 1722 2613 1843 2663; x_wconf 77' lang='grc' dir='ltr'>ἐπι-</span> 
     </span>
    </p>
   </div>
   <div class='ocr_carea' id='block_1_28' title="bbox 265 2704 1843 2776">
    <p class='ocr_par' dir='ltr' id='par_1_28' title="bbox 265 2704 1843 2776">
     <span class='ocr_line' id='line_1_28' title="bbox 265 2704 1843 2776; baseline -0.002 -17"><span class='ocrx_word' id='word_1_187' title='bbox 265 2705 612 2776; x_wconf 80' lang='grc' dir='ltr'>μελέστερος,</span> <span class='ocrx_word' id='word_1_188' title='bbox 665 2707 785 2759; x_wconf 77' lang='grc' dir='ltr'>οὐδὲ</span> <span class='ocrx_word' id='word_1_189' title='bbox 831 2706 980 2776; x_wconf 82' lang='grc' dir='ltr'><strong>αὑτῷ</strong></span> <span class='ocrx_word' id='word_1_190' title='bbox 1017 2707 1162 2775; x_wconf 81' lang='grc' dir='ltr'>μόνῳ</span> <span class='ocrx_word' id='word_1_191' title='bbox 1192 2706 1437 2776; x_wconf 74' lang='grc' dir='ltr'>πορίζειν</span> <span class='ocrx_word' id='word_1_192' title='bbox 1467 2707 1535 2759; x_wconf 76' lang='grc' dir='ltr'><strong>τὰ</strong></span> <span class='ocrx_word' id='word_1_193' title='bbox 1561 2705 1696 2775; x_wconf 70' lang='grc' dir='ltr'>πρὸς</span> <span class='ocrx_word' id='word_1_194' title='bbox 1742 2704 1843 2776; x_wconf 83' lang='grc' dir='ltr'>τὴν</span> 
     </span>
    </p>
   </div>
   <div class='ocr_carea' id='block_1_29' title="bbox 259 2794 1842 2869">
    <p class='ocr_par' dir='ltr' id='par_1_29' title="bbox 259 2794 1842 2869">
     <span class='ocr_line' id='line_1_29' title="bbox 259 2794 1842 2869; baseline 0.001 -19"><span class='ocrx_word' id='word_1_195' title='bbox 259 2798 452 2869; x_wconf 84' lang='grc' dir='ltr'>χρείαν</span> <span class='ocrx_word' id='word_1_196' title='bbox 472 2798 697 2860; x_wconf 81' lang='grc' dir='ltr'>δυνατὸς</span> <span class='ocrx_word' id='word_1_197' title='bbox 723 2794 810 2869; x_wconf 79' lang='grc' dir='ltr'><strong>ἦν.</strong></span> <span class='ocrx_word' id='word_1_198' title='bbox 836 2798 926 2868; x_wconf 81' lang='grc' dir='ltr'>Τῷ</span> <span class='ocrx_word' id='word_1_199' title='bbox 955 2798 1049 2852; x_wconf 75' lang='grc' dir='ltr'>οὖν</span> <span class='ocrx_word' id='word_1_200' title='bbox 1075 2798 1356 2868; x_wconf 83' lang='grc' dir='ltr'><strong>ὁμοτέχνῳ</strong></span> <span class='ocrx_word' id='word_1_201' title='bbox 1384 2798 1672 2867; x_wconf 72' lang='grc' dir='ltr'>διαφθονοῦ</span> <span class='ocrx_word' id='word_1_202' title='bbox 1682 2815 1842 2867; x_wconf 87' lang='grc' dir='ltr'>μενος</span> 
     </span>
    </p>
   </div>
   <div class='ocr_carea' id='block_1_30' title="bbox 262 2891 1843 2963">
    <p class='ocr_par' dir='ltr' id='par_1_30' title="bbox 262 2891 1843 2963">
     <span class='ocr_line' id='line_1_30' title="bbox 262 2891 1843 2963; baseline -0.001 -17"><span class='ocrx_word' id='word_1_203' title='bbox 262 2893 360 2946; x_wconf 74' lang='grc' dir='ltr'><strong>καὶ</strong></span> <span class='ocrx_word' id='word_1_204' title='bbox 383 2892 579 2962; x_wconf 82' lang='grc' dir='ltr'>μηκέτι</span> <span class='ocrx_word' id='word_1_205' title='bbox 610 2891 797 2963; x_wconf 78' lang='grc' dir='ltr'>φέρειν</span> <span class='ocrx_word' id='word_1_206' title='bbox 827 2892 1123 2962; x_wconf 77' lang='grc' dir='ltr'>δυνάμενος</span> <span class='ocrx_word' id='word_1_207' title='bbox 1153 2893 1253 2962; x_wconf 83' lang='grc' dir='ltr'>τὴν</span> <span class='ocrx_word' id='word_1_208' title='bbox 1283 2892 1447 2945; x_wconf 79' lang='grc' dir='ltr'>ὠδῖνα</span> <span class='ocrx_word' id='word_1_209' title='bbox 1496 2891 1598 2961; x_wconf 77' lang='grc' dir='ltr'>τῆς</span> <span class='ocrx_word' id='word_1_210' title='bbox 1634 2891 1843 2961; x_wconf 82' lang='grc' dir='ltr'>βασκα-</span> 
     </span>
    </p>
   </div>
   <div class='ocr_carea' id='block_1_31' title="bbox 261 2985 1842 3056">
    <p class='ocr_par' dir='ltr' id='par_1_31' title="bbox 261 2985 1842 3056">
     <span class='ocr_line' id='line_1_31' title="bbox 261 2985 1842 3056; baseline 0.001 -17"><span class='ocrx_word' id='word_1_211' title='bbox 261 2986 402 3049; x_wconf 88' lang='grc' dir='ltr'>νίας,</span> <span class='ocrx_word' id='word_1_212' title='bbox 431 2985 667 3055; x_wconf 79' lang='grc' dir='ltr'>ἐντυχὼν</span> <span class='ocrx_word' id='word_1_213' title='bbox 713 2986 861 3056; x_wconf 82' lang='grc' dir='ltr'><strong>αὐτῷ</strong></span> <span class='ocrx_word' id='word_1_214' title='bbox 916 2986 1057 3040; x_wconf 76' lang='grc' dir='ltr'>κατὰ</span> <span class='ocrx_word' id='word_1_215' title='bbox 1088 2987 1275 3056; x_wconf 72' lang='grc' dir='ltr'>μόνας,</span> <span class='ocrx_word' id='word_1_216' title='bbox 1328 2985 1562 3056; x_wconf 76' lang='grc' dir='ltr'>Ὁρκίζω</span> <span class='ocrx_word' id='word_1_217' title='bbox 1612 3004 1669 3039; x_wconf 91' lang='grc' dir='ltr'><strong>σε</strong></span> <span class='ocrx_word' id='word_1_218' title='bbox 1702 2987 1842 3040; x_wconf 80' lang='grc' dir='ltr'><strong>κατά</strong></span> 
     </span>
    </p>
   </div>
   <div class='ocr_carea' id='block_1_32' title="bbox 261 3077 1842 3162">
    <p class='ocr_par' dir='ltr' id='par_1_32' title="bbox 261 3077 1842 3162">
     <span class='ocr_line' id='line_1_32' title="bbox 261 3077 1842 3162; baseline 0.001 -31"><span class='ocrx_word' id='word_1_219' title='bbox 261 3077 360 3131; x_wconf 86' lang='grc' dir='ltr'><strong>τοῦ</strong></span> <span class='ocrx_word' id='word_1_220' title='bbox 390 3077 547 3143; x_wconf 79' lang='grc' dir='ltr'>θεοῦ,</span> <span class='ocrx_word' id='word_1_221' title='bbox 574 3077 701 3148; x_wconf 73' lang='grc' dir='ltr'>ἔφη,</span> <span class='ocrx_word' id='word_1_222' title='bbox 741 3077 813 3162; x_wconf 75' lang='grc' dir='ltr'>μὴ</span> <span class='ocrx_word' id='word_1_223' title='bbox 845 3078 1183 3148; x_wconf 68' lang='grc' dir='ltr'>ἀποκρύψειν</span> <span class='ocrx_word' id='word_1_224' title='bbox 1221 3079 1316 3132; x_wconf 86' lang='grc' dir='ltr'><strong>ἀπ’</strong></span> <span class='ocrx_word' id='word_1_225' title='bbox 1349 3078 1505 3148; x_wconf 76' lang='grc' dir='ltr'>ἐμοῦ,</span> <span class='ocrx_word' id='word_1_226' title='bbox 1543 3078 1681 3131; x_wconf 75' lang='grc' dir='ltr'>ἀλλὰ</span> <span class='ocrx_word' id='word_1_227' title='bbox 1736 3095 1842 3147; x_wconf 79' lang='grc' dir='ltr'><strong>φα-</strong></span> 
     </span>
    </p>
   </div>
   <div class='ocr_carea' id='block_1_33' title="bbox 1945 587 3525 659">
    <p class='ocr_par' dir='ltr' id='par_1_33' title="bbox 1945 587 3525 659">
     <span class='ocr_line' id='line_1_33' title="bbox 1945 587 3525 659; baseline 0.009 -20"><span class='ocrx_word' id='word_1_228' title='bbox 1945 601 2041 641; x_wconf 92' lang='lat' dir='ltr'><strong>sus</strong></span> <span class='ocrx_word' id='word_1_229' title='bbox 2081 587 2289 658; x_wconf 80' lang='lat' dir='ltr'><strong>ingredi</strong></span> <span class='ocrx_word' id='word_1_230' title='bbox 2317 605 2439 644; x_wconf 91' lang='lat' dir='ltr'><strong>eum</strong></span> <span class='ocrx_word' id='word_1_231' title='bbox 2490 592 2936 659; x_wconf 74' lang='lat' dir='ltr'><strong>ingredientibus.</strong></span> <span class='ocrx_word' id='word_1_232' title='bbox 2982 595 3097 652; x_wconf 82' lang='lat' dir='ltr'><strong>Hoc</strong></span> <span class='ocrx_word' id='word_1_233' title='bbox 3145 596 3348 655; x_wconf 86' lang='lat' dir='ltr'><strong>multos</strong></span> <span class='ocrx_word' id='word_1_234' title='bbox 3400 613 3525 654; x_wconf 84' lang='lat' dir='ltr'><strong>cor-</strong></span> 
     </span>
    </p>
   </div>
   <div class='ocr_carea' id='block_1_34' title="bbox 1946 678 3131 746">
    <p class='ocr_par' dir='ltr' id='par_1_34' title="bbox 1946 678 3131 746">
     <span class='ocr_line' id='line_1_34' title="bbox 1946 678 3131 746; baseline 0.009 -14"><span class='ocrx_word' id='word_1_235' title='bbox 1946 678 2108 746; x_wconf 85' lang='lat' dir='ltr'><strong>rexit,</strong></span> <span class='ocrx_word' id='word_1_236' title='bbox 2141 691 2196 734; x_wconf 93' lang='lat' dir='ltr'><strong>et</strong></span> <span class='ocrx_word' id='word_1_237' title='bbox 2228 693 2258 734; x_wconf 88' lang='lat' dir='ltr'><strong>a</strong></span> <span class='ocrx_word' id='word_1_238' title='bbox 2292 680 2431 736; x_wconf 89' lang='lat' dir='ltr'><strong>mala</strong></span> <span class='ocrx_word' id='word_1_239' title='bbox 2459 682 2683 739; x_wconf 86' lang='lat' dir='ltr'><strong>abduxit</strong></span> <span class='ocrx_word' id='word_1_240' title='bbox 2715 686 3131 743; x_wconf 86' lang='lat' dir='ltr'><strong>consuetudine.</strong></span> 
     </span>
    </p>
   </div>
   <div class='ocr_carea' id='block_1_35' title="bbox 2016 863 3522 940">
    <p class='ocr_par' dir='ltr' id='par_1_35' title="bbox 2016 863 3522 940">
     <span class='ocr_line' id='line_1_35' title="bbox 2016 863 3522 940; baseline 0.006 -22"><span class='ocrx_word' id='word_1_241' title='bbox 2016 863 2206 919; x_wconf 81' lang='lat' dir='ltr'><strong>LXXI.</strong></span> <span class='ocrx_word' id='word_1_242' title='bbox 2248 863 2365 920; x_wconf 84' lang='lat' dir='ltr'><strong>Non</strong></span> <span class='ocrx_word' id='word_1_243' title='bbox 2394 866 2514 922; x_wconf 91' lang='lat' dir='ltr'><strong>illos</strong></span> <span class='ocrx_word' id='word_1_244' title='bbox 2544 880 2673 922; x_wconf 83' lang='lat' dir='ltr'><strong>vero</strong></span> <span class='ocrx_word' id='word_1_245' title='bbox 2701 867 2845 925; x_wconf 91' lang='lat' dir='ltr'><strong>solos</strong></span> <span class='ocrx_word' id='word_1_246' title='bbox 2871 868 3079 924; x_wconf 88' lang='lat' dir='ltr'><strong>studuit</strong></span> <span class='ocrx_word' id='word_1_247' title='bbox 3106 870 3402 939; x_wconf 76' lang='lat' dir='ltr'><strong>corrigere,</strong></span> <span class='ocrx_word' id='word_1_248' title='bbox 3431 875 3522 940; x_wconf 87' lang='lat' dir='ltr'><strong>qui</strong></span> 
     </span>
    </p>
   </div>
   <div class='ocr_carea' id='block_1_36' title="bbox 1944 959 3520 1027">
    <p class='ocr_par' dir='ltr' id='par_1_36' title="bbox 1944 959 3520 1027">
     <span class='ocr_line' id='line_1_36' title="bbox 1944 959 3520 1027; baseline 0.001 -15"><span class='ocrx_word' id='word_1_249' title='bbox 1944 966 2097 1012; x_wconf 77' lang='lat' dir='ltr'><strong>extra</strong></span> <span class='ocrx_word' id='word_1_250' title='bbox 2128 959 2603 1027; x_wconf 79' lang='lat' dir='ltr'><strong>congregationem</strong></span> <span class='ocrx_word' id='word_1_251' title='bbox 2635 959 2823 1013; x_wconf 87' lang='lat' dir='ltr'><strong>otiosis</strong></span> <span class='ocrx_word' id='word_1_252' title='bbox 2856 960 3127 1014; x_wconf 86' lang='lat' dir='ltr'><strong>vacabant</strong></span> <span class='ocrx_word' id='word_1_253' title='bbox 3158 959 3520 1025; x_wconf 79' lang='lat' dir='ltr'><strong>sermonibus;</strong></span> 
     </span>
    </p>
   </div>
   <div class='ocr_carea' id='block_1_37' title="bbox 1944 1049 3521 1118">
    <p class='ocr_par' dir='ltr' id='par_1_37' title="bbox 1944 1049 3521 1118">
     <span class='ocr_line' id='line_1_37' title="bbox 1944 1049 3521 1118; baseline 0.001 -15"><span class='ocrx_word' id='word_1_254' title='bbox 1944 1050 2038 1103; x_wconf 91' lang='lat' dir='ltr'><strong>sed</strong></span> <span class='ocrx_word' id='word_1_255' title='bbox 2064 1063 2158 1103; x_wconf 88' lang='lat' dir='ltr'><strong>eos</strong></span> <span class='ocrx_word' id='word_1_256' title='bbox 2180 1051 2366 1114; x_wconf 88' lang='lat' dir='ltr'><strong>etiam,</strong></span> <span class='ocrx_word' id='word_1_257' title='bbox 2391 1049 2482 1118; x_wconf 89' lang='lat' dir='ltr'><strong>qui</strong></span> <span class='ocrx_word' id='word_1_258' title='bbox 2509 1050 2650 1103; x_wconf 88' lang='lat' dir='ltr'><strong>citra</strong></span> <span class='ocrx_word' id='word_1_259' title='bbox 2676 1051 2942 1105; x_wconf 85' lang='lat' dir='ltr'><strong>rationem</strong></span> <span class='ocrx_word' id='word_1_260' title='bbox 2970 1052 3117 1107; x_wconf 83' lang='lat' dir='ltr'><strong>intus</strong></span> <span class='ocrx_word' id='word_1_261' title='bbox 3142 1051 3284 1105; x_wconf 91' lang='lat' dir='ltr'><strong>inter</strong></span> <span class='ocrx_word' id='word_1_262' title='bbox 3307 1064 3366 1106; x_wconf 88' lang='lat' dir='ltr'><strong>se</strong></span> <span class='ocrx_word' id='word_1_263' title='bbox 3389 1065 3521 1106; x_wconf 88' lang='lat' dir='ltr'><strong>con-</strong></span> 
     </span>
    </p>
   </div>
   <div class='ocr_carea' id='block_1_38' title="bbox 1944 1138 3521 1207">
    <p class='ocr_par' dir='ltr' id='par_1_38' title="bbox 1944 1138 3521 1207">
     <span class='ocr_line' id='line_1_38' title="bbox 1944 1138 3521 1207; baseline 0.003 -14"><span class='ocrx_word' id='word_1_264' title='bbox 1944 1138 2192 1195; x_wconf 79' lang='lat' dir='ltr'><strong>ferebant</strong></span> <span class='ocrx_word' id='word_1_265' title='bbox 2219 1156 2530 1207; x_wconf 82' lang='lat' dir='ltr'><strong>sermones,</strong></span> <span class='ocrx_word' id='word_1_266' title='bbox 2591 1151 2646 1197; x_wconf 92' lang='lat' dir='ltr'><strong>et</strong></span> <span class='ocrx_word' id='word_1_267' title='bbox 2684 1144 2920 1197; x_wconf 77' lang='lat' dir='ltr'><strong>maxime</strong></span> <span class='ocrx_word' id='word_1_268' title='bbox 2956 1158 3085 1197; x_wconf 83' lang='lat' dir='ltr'><strong>vero</strong></span> <span class='ocrx_word' id='word_1_269' title='bbox 3126 1143 3318 1198; x_wconf 85' lang='lat' dir='ltr'><strong>altaris</strong></span> <span class='ocrx_word' id='word_1_270' title='bbox 3357 1143 3521 1197; x_wconf 88' lang='lat' dir='ltr'><strong>mini-</strong></span> 
     </span>
    </p>
   </div>
   <div class='ocr_carea' id='block_1_39' title="bbox 1944 1233 3522 1305">
    <p class='ocr_par' dir='ltr' id='par_1_39' title="bbox 1944 1233 3522 1305">
     <span class='ocr_line' id='line_1_39' title="bbox 1944 1233 3522 1305; baseline 0.001 -18"><span class='ocrx_word' id='word_1_271' title='bbox 1944 1241 2107 1287; x_wconf 84' lang='lat' dir='ltr'><strong>stros.</strong></span> <span class='ocrx_word' id='word_1_272' title='bbox 2129 1233 2185 1288; x_wconf 88' lang='lat' dir='ltr'><strong>Si</strong></span> <span class='ocrx_word' id='word_1_273' title='bbox 2207 1234 2423 1303; x_wconf 84' lang='lat' dir='ltr'><strong>quando</strong></span> <span class='ocrx_word' id='word_1_274' title='bbox 2443 1242 2623 1288; x_wconf 89' lang='lat' dir='ltr'><strong>autem</strong></span> <span class='ocrx_word' id='word_1_275' title='bbox 2651 1234 2876 1289; x_wconf 83' lang='lat' dir='ltr'><strong>vidisset</strong></span> <span class='ocrx_word' id='word_1_276' title='bbox 2893 1235 3201 1305; x_wconf 87' lang='lat' dir='ltr'><strong>quempiam</strong></span> <span class='ocrx_word' id='word_1_277' title='bbox 3225 1243 3344 1302; x_wconf 86' lang='lat' dir='ltr'><strong>post</strong></span> <span class='ocrx_word' id='word_1_278' title='bbox 3361 1247 3522 1288; x_wconf 90' lang='lat' dir='ltr'><strong>uuam</strong></span> 
     </span>
    </p>
   </div>
   <div class='ocr_carea' id='block_1_40' title="bbox 1926 1322 3521 1394">
    <p class='ocr_par' dir='ltr' id='par_1_40' title="bbox 1926 1322 3521 1394">
     <span class='ocr_line' id='line_1_40' title="bbox 1926 1322 3521 1394; baseline -0.003 -16"><span class='ocrx_word' id='word_1_279' title='bbox 1926 1334 1997 1378; x_wconf 90' lang='lat' dir='ltr'><strong>et</strong></span> <span class='ocrx_word' id='word_1_280' title='bbox 2026 1322 2248 1376; x_wconf 84' lang='lat' dir='ltr'><strong>alteram</strong></span> <span class='ocrx_word' id='word_1_281' title='bbox 2276 1325 2698 1380; x_wconf 87' lang='lat' dir='ltr'><strong>admonitionem</strong></span> <span class='ocrx_word' id='word_1_282' title='bbox 2733 1340 3072 1394; x_wconf 79' lang='lat' dir='ltr'><strong>nequaquam</strong></span> <span class='ocrx_word' id='word_1_283' title='bbox 3101 1338 3269 1393; x_wconf 85' lang='lat' dir='ltr'><strong>posse</strong></span> <span class='ocrx_word' id='word_1_284' title='bbox 3300 1322 3521 1391; x_wconf 83' lang='lat' dir='ltr'><strong>corrigi,</strong></span> 
     </span>
    </p>
   </div>
   <div class='ocr_carea' id='block_1_41' title="bbox 1944 1413 3524 1484">
    <p class='ocr_par' dir='ltr' id='par_1_41' title="bbox 1944 1413 3524 1484">
     <span class='ocr_line' id='line_1_41' title="bbox 1944 1413 3524 1484; baseline 0.001 -15"><span class='ocrx_word' id='word_1_285' title='bbox 1944 1429 2067 1469; x_wconf 88' lang='lat' dir='ltr'><strong>eum</strong></span> <span class='ocrx_word' id='word_1_286' title='bbox 2118 1413 2300 1469; x_wconf 81' lang='lat' dir='ltr'><strong>statim</strong></span> <span class='ocrx_word' id='word_1_287' title='bbox 2351 1415 2636 1483; x_wconf 78' lang='lat' dir='ltr'><strong>eiiciebat,</strong></span> <span class='ocrx_word' id='word_1_288' title='bbox 2685 1417 2827 1484; x_wconf 87' lang='lat' dir='ltr'><strong>apud</strong></span> <span class='ocrx_word' id='word_1_289' title='bbox 2873 1431 2968 1470; x_wconf 87' lang='lat' dir='ltr'><strong>eos</strong></span> <span class='ocrx_word' id='word_1_290' title='bbox 3018 1430 3206 1470; x_wconf 79' lang='lat' dir='ltr'><strong>vocem</strong></span> <span class='ocrx_word' id='word_1_291' title='bbox 3252 1427 3524 1484; x_wconf 77' lang='lat' dir='ltr'><strong>usurpans</strong></span> 
     </span>
    </p>
   </div>
   <div class='ocr_carea' id='block_1_42' title="bbox 1945 1506 3524 1577">
    <p class='ocr_par' dir='ltr' id='par_1_42' title="bbox 1945 1506 3524 1577">
     <span class='ocr_line' id='line_1_42' title="bbox 1945 1506 3524 1577; baseline -0.001 -17"><span class='ocrx_word' id='word_1_292' title='bbox 1945 1506 2332 1571; x_wconf 71' lang='lat' dir='ltr'><strong>Dontinicam,c</strong></span> <span class='ocrx_word' id='word_1_293' title='bbox 2364 1508 2581 1562; x_wconf 91' lang='lat' dir='ltr'><strong>domum</strong></span> <span class='ocrx_word' id='word_1_294' title='bbox 2612 1508 2703 1562; x_wconf 88' lang='lat' dir='ltr'><strong>Dei</strong></span> <span class='ocrx_word' id='word_1_295' title='bbox 2732 1518 2985 1577; x_wconf 85' lang='lat' dir='ltr'><strong>oportere</strong></span> <span class='ocrx_word' id='word_1_296' title='bbox 3007 1522 3127 1561; x_wconf 91' lang='lat' dir='ltr'><strong>esse</strong></span> <span class='ocrx_word' id='word_1_297' title='bbox 3157 1509 3376 1561; x_wconf 89' lang='lat' dir='ltr'><strong>domum</strong></span> <span class='ocrx_word' id='word_1_298' title='bbox 3395 1521 3524 1560; x_wconf 81' lang='lat' dir='ltr'><strong>nra-</strong></span> 
     </span>
    </p>
   </div>
   <div class='ocr_carea' id='block_1_43' title="bbox 1945 1598 3526 1663">
    <p class='ocr_par' dir='ltr' id='par_1_43' title="bbox 1945 1598 3526 1663">
     <span class='ocr_line' id='line_1_43' title="bbox 1945 1598 3526 1663; baseline 0 -12"><span class='ocrx_word' id='word_1_299' title='bbox 1945 1599 2107 1652; x_wconf 90' lang='lat' dir='ltr'><strong>tionis</strong></span> <span class='ocrx_word' id='word_1_300' title='bbox 2131 1598 2207 1654; x_wconf 71' lang='grc'><strong>⁹*.</strong></span> <span class='ocrx_word' id='word_1_301' title='bbox 2238 1599 2475 1655; x_wconf 70' lang='grc' dir='ltr'>»ϐοιιιτιι</span> <span class='ocrx_word' id='word_1_302' title='bbox 2508 1611 2687 1654; x_wconf 86' lang='lat' dir='ltr'><strong>autem</strong></span> <span class='ocrx_word' id='word_1_303' title='bbox 2711 1616 2922 1663; x_wconf 84' lang='lat' dir='ltr'><strong>eorum,</strong></span> <span class='ocrx_word' id='word_1_304' title='bbox 2950 1601 3041 1663; x_wconf 89' lang='lat' dir='ltr'><strong>qui</strong></span> <span class='ocrx_word' id='word_1_305' title='bbox 3074 1599 3126 1654; x_wconf 92' lang='lat' dir='ltr'><strong>in</strong></span> <span class='ocrx_word' id='word_1_306' title='bbox 3159 1599 3372 1654; x_wconf 80' lang='lat' dir='ltr'><strong>divinas</strong></span> <span class='ocrx_word' id='word_1_307' title='bbox 3393 1612 3526 1654; x_wconf 88' lang='lat' dir='ltr'><strong>con-</strong></span> 
     </span>
    </p>
   </div>
   <div class='ocr_carea' id='block_1_44' title="bbox 1945 1690 3527 1762">
    <p class='ocr_par' dir='ltr' id='par_1_44' title="bbox 1945 1690 3527 1762">
     <span class='ocr_line' id='line_1_44' title="bbox 1945 1690 3527 1762; baseline 0.003 -21"><span class='ocrx_word' id='word_1_308' title='bbox 1945 1692 2290 1760; x_wconf 85' lang='lat' dir='ltr'><strong>gregationes</strong></span> <span class='ocrx_word' id='word_1_309' title='bbox 2316 1702 2470 1744; x_wconf 87' lang='lat' dir='ltr'><strong>erant</strong></span> <span class='ocrx_word' id='word_1_310' title='bbox 2494 1692 2870 1756; x_wconf 85' lang='lat' dir='ltr'><strong>studiosiores,</strong></span> <span class='ocrx_word' id='word_1_311' title='bbox 2898 1691 2972 1745; x_wconf 91' lang='lat' dir='ltr'><strong>illi</strong></span> <span class='ocrx_word' id='word_1_312' title='bbox 3002 1702 3222 1762; x_wconf 85' lang='lat' dir='ltr'><strong>accepta</strong></span> <span class='ocrx_word' id='word_1_313' title='bbox 3253 1700 3373 1745; x_wconf 86' lang='lat' dir='ltr'><strong>erat</strong></span> <span class='ocrx_word' id='word_1_314' title='bbox 3411 1690 3527 1759; x_wconf 87' lang='lat' dir='ltr'><strong>pie-</strong></span> 
     </span>
    </p>
   </div>
   <div class='ocr_carea' id='block_1_45' title="bbox 1948 1782 3520 1853">
    <p class='ocr_par' dir='ltr' id='par_1_45' title="bbox 1948 1782 3520 1853">
     <span class='ocr_line' id='line_1_45' title="bbox 1948 1782 3520 1853; baseline 0.003 -20"><span class='ocrx_word' id='word_1_315' title='bbox 1948 1790 2060 1845; x_wconf 86' lang='lat' dir='ltr'><strong>tas,</strong></span> <span class='ocrx_word' id='word_1_316' title='bbox 2093 1797 2294 1851; x_wconf 90' lang='lat' dir='ltr'><strong>eosque</strong></span> <span class='ocrx_word' id='word_1_317' title='bbox 2336 1791 2391 1836; x_wconf 91' lang='lat' dir='ltr'><strong>et</strong></span> <span class='ocrx_word' id='word_1_318' title='bbox 2434 1783 2686 1837; x_wconf 79' lang='lat' dir='ltr'><strong>laudabat</strong></span> <span class='ocrx_word' id='word_1_319' title='bbox 2725 1797 2780 1837; x_wconf 91' lang='lat' dir='ltr'><strong>et</strong></span> <span class='ocrx_word' id='word_1_320' title='bbox 2823 1787 2888 1837; x_wconf 91' lang='lat' dir='ltr'><strong>ad</strong></span> <span class='ocrx_word' id='word_1_321' title='bbox 2919 1782 3118 1853; x_wconf 86' lang='lat' dir='ltr'><strong>gradus</strong></span> <span class='ocrx_word' id='word_1_322' title='bbox 3168 1782 3520 1852; x_wconf 82' lang='lat' dir='ltr'><strong>provehebat.</strong></span> 
     </span>
    </p>
   </div>
   <div class='ocr_carea' id='block_1_46' title="bbox 1943 1862 3522 1945">
    <p class='ocr_par' dir='ltr' id='par_1_46' title="bbox 1943 1862 3522 1945">
     <span class='ocr_line' id='line_1_46' title="bbox 1943 1862 3522 1945; baseline 0.003 -22"><span class='ocrx_word' id='word_1_323' title='bbox 1943 1873 2094 1939; x_wconf 84' lang='lat' dir='ltr'><strong>Quod</strong></span> <span class='ocrx_word' id='word_1_324' title='bbox 2136 1874 2352 1942; x_wconf 85' lang='lat' dir='ltr'><strong>quidem</strong></span> <span class='ocrx_word' id='word_1_325' title='bbox 2399 1862 2639 1945; x_wconf 83' lang='lat' dir='ltr'><strong>apertius</strong></span> <span class='ocrx_word' id='word_1_326' title='bbox 2676 1875 2937 1930; x_wconf 87' lang='lat' dir='ltr'><strong>indicabit</strong></span> <span class='ocrx_word' id='word_1_327' title='bbox 2975 1875 3058 1940; x_wconf 90' lang='lat' dir='ltr'><strong>id,</strong></span> <span class='ocrx_word' id='word_1_328' title='bbox 3100 1875 3242 1944; x_wconf 92' lang='lat' dir='ltr'><strong>quod</strong></span> <span class='ocrx_word' id='word_1_329' title='bbox 3275 1872 3389 1942; x_wconf 86' lang='lat' dir='ltr'><strong>jam</strong></span> <span class='ocrx_word' id='word_1_330' title='bbox 3434 1882 3522 1928; x_wconf 89' lang='lat' dir='ltr'><strong>est</strong></span> 
     </span>
    </p>
   </div>
   <div class='ocr_carea' id='block_1_47' title="bbox 1943 1966 2250 2020">
    <p class='ocr_par' dir='ltr' id='par_1_47' title="bbox 1943 1966 2250 2020">
     <span class='ocr_line' id='line_1_47' title="bbox 1943 1966 2250 2020; baseline 0.007 -2"><span class='ocrx_word' id='word_1_331' title='bbox 1943 1966 2250 2020; x_wconf 84' lang='lat' dir='ltr'><strong>dicendum.</strong></span> 
     </span>
    </p>
   </div>
   <div class='ocr_carea' id='block_1_48' title="bbox 2012 2056 3523 2127">
    <p class='ocr_par' dir='ltr' id='par_1_48' title="bbox 2012 2056 3523 2127">
     <span class='ocr_line' id='line_1_48' title="bbox 2012 2056 3523 2127; baseline -0.003 -14"><span class='ocrx_word' id='word_1_332' title='bbox 2012 2057 2222 2113; x_wconf 80' lang='lat' dir='ltr'><strong>LXXII.</strong></span> <span class='ocrx_word' id='word_1_333' title='bbox 2262 2058 2380 2113; x_wconf 90' lang='lat' dir='ltr'><strong>Duo</strong></span> <span class='ocrx_word' id='word_1_334' title='bbox 2421 2058 2606 2114; x_wconf 83' lang='lat' dir='ltr'><strong>clerici</strong></span> <span class='ocrx_word' id='word_1_335' title='bbox 2664 2057 2780 2127; x_wconf 82' lang='lat' dir='ltr'><strong>ejus</strong></span> <span class='ocrx_word' id='word_1_336' title='bbox 2820 2056 3108 2120; x_wconf 83' lang='lat' dir='ltr'><strong>Ecclesiae,</strong></span> <span class='ocrx_word' id='word_1_337' title='bbox 3152 2067 3325 2112; x_wconf 85' lang='lat' dir='ltr'><strong>artem</strong></span> <span class='ocrx_word' id='word_1_338' title='bbox 3359 2070 3523 2112; x_wconf 81' lang='lat' dir='ltr'><strong>exer-</strong></span> 
     </span>
    </p>
   </div>
   <div class='ocr_carea' id='block_1_49' title="bbox 1942 2147 3527 2215">
    <p class='ocr_par' dir='ltr' id='par_1_49' title="bbox 1942 2147 3527 2215">
     <span class='ocr_line' id='line_1_49' title="bbox 1942 2147 3527 2215; baseline -0.003 -9"><span class='ocrx_word' id='word_1_339' title='bbox 1942 2161 2129 2206; x_wconf 77' lang='lat' dir='ltr'><strong>Centes</strong></span> <span class='ocrx_word' id='word_1_340' title='bbox 2162 2152 2432 2206; x_wconf 87' lang='lat' dir='ltr'><strong>incidendi</strong></span> <span class='ocrx_word' id='word_1_341' title='bbox 2459 2151 2694 2215; x_wconf 88' lang='lat' dir='ltr'><strong>corium,</strong></span> <span class='ocrx_word' id='word_1_342' title='bbox 2735 2161 2891 2205; x_wconf 86' lang='lat' dir='ltr'><strong>erant</strong></span> <span class='ocrx_word' id='word_1_343' title='bbox 2915 2153 3056 2205; x_wconf 88' lang='lat' dir='ltr'><strong>inter</strong></span> <span class='ocrx_word' id='word_1_344' title='bbox 3075 2164 3134 2205; x_wconf 88' lang='lat' dir='ltr'><strong>se</strong></span> <span class='ocrx_word' id='word_1_345' title='bbox 3162 2149 3349 2204; x_wconf 88' lang='lat' dir='ltr'><strong>vieini.</strong></span> <span class='ocrx_word' id='word_1_346' title='bbox 3378 2147 3527 2215; x_wconf 84' lang='lat' dir='ltr'><strong>Quo-</strong></span> 
     </span>
    </p>
   </div>
   <div class='ocr_carea' id='block_1_50' title="bbox 1942 2242 3523 2312">
    <p class='ocr_par' dir='ltr' id='par_1_50' title="bbox 1942 2242 3523 2312">
     <span class='ocr_line' id='line_1_50' title="bbox 1942 2242 3523 2312; baseline -0.001 -15"><span class='ocrx_word' id='word_1_347' title='bbox 1942 2258 2063 2297; x_wconf 87' lang='lat' dir='ltr'><strong>rum</strong></span> <span class='ocrx_word' id='word_1_348' title='bbox 2103 2258 2243 2296; x_wconf 91' lang='lat' dir='ltr'><strong>unus</strong></span> <span class='ocrx_word' id='word_1_349' title='bbox 2275 2243 2491 2311; x_wconf 85' lang='lat' dir='ltr'><strong>quidem</strong></span> <span class='ocrx_word' id='word_1_350' title='bbox 2537 2242 2746 2295; x_wconf 76' lang='lat' dir='ltr'><strong>mulieri</strong></span> <span class='ocrx_word' id='word_1_351' title='bbox 2785 2242 3110 2312; x_wconf 68' lang='lat' dir='ltr'><strong>coniunctus</strong></span> <span class='ocrx_word' id='word_1_352' title='bbox 3154 2242 3523 2309; x_wconf 84' lang='lat' dir='ltr'><strong>matrimonio,</strong></span> 
     </span>
    </p>
   </div>
   <div class='ocr_carea' id='block_1_51' title="bbox 1944 2335 3527 2405">
    <p class='ocr_par' dir='ltr' id='par_1_51' title="bbox 1944 2335 3527 2405">
     <span class='ocr_line' id='line_1_51' title="bbox 1944 2335 3527 2405; baseline 0.001 -15"><span class='ocrx_word' id='word_1_353' title='bbox 1944 2336 2258 2405; x_wconf 83' lang='lat' dir='ltr'><strong>habensque</strong></span> <span class='ocrx_word' id='word_1_354' title='bbox 2311 2335 2450 2391; x_wconf 78' lang='lat' dir='ltr'><strong>ﬁlios</strong></span> <span class='ocrx_word' id='word_1_355' title='bbox 2493 2344 2549 2389; x_wconf 90' lang='lat' dir='ltr'><strong>et</strong></span> <span class='ocrx_word' id='word_1_356' title='bbox 2596 2345 2803 2405; x_wconf 88' lang='lat' dir='ltr'><strong>patrem</strong></span> <span class='ocrx_word' id='word_1_357' title='bbox 2858 2345 2912 2389; x_wconf 91' lang='lat' dir='ltr'><strong>et</strong></span> <span class='ocrx_word' id='word_1_358' title='bbox 2962 2346 3190 2389; x_wconf 77' lang='lat' dir='ltr'><strong>matrem</strong></span> <span class='ocrx_word' id='word_1_359' title='bbox 3241 2349 3364 2388; x_wconf 84' lang='lat' dir='ltr'><strong>cum</strong></span> <span class='ocrx_word' id='word_1_360' title='bbox 3410 2335 3527 2405; x_wconf 91' lang='lat' dir='ltr'><strong>ipso</strong></span> 
     </span>
    </p>
   </div>
   <div class='ocr_carea' id='block_1_52' title="bbox 1946 2429 3519 2501">
    <p class='ocr_par' dir='ltr' id='par_1_52' title="bbox 1946 2429 3519 2501">
     <span class='ocr_line' id='line_1_52' title="bbox 1946 2429 3519 2501; baseline 0.002 -18"><span class='ocrx_word' id='word_1_361' title='bbox 1946 2429 2276 2496; x_wconf 72' lang='lat' dir='ltr'><strong>habitantes,</strong></span> <span class='ocrx_word' id='word_1_362' title='bbox 2302 2446 2439 2498; x_wconf 88' lang='lat' dir='ltr'><strong>quos</strong></span> <span class='ocrx_word' id='word_1_363' title='bbox 2458 2430 2676 2501; x_wconf 87' lang='lat' dir='ltr'><strong>quidem</strong></span> <span class='ocrx_word' id='word_1_364' title='bbox 2700 2431 2874 2485; x_wconf 82' lang='lat' dir='ltr'><strong>alebat</strong></span> <span class='ocrx_word' id='word_1_365' title='bbox 2898 2445 3089 2486; x_wconf 90' lang='lat' dir='ltr'><strong>omnes</strong></span> <span class='ocrx_word' id='word_1_366' title='bbox 3110 2430 3223 2486; x_wconf 83' lang='lat' dir='ltr'><strong>suis</strong></span> <span class='ocrx_word' id='word_1_367' title='bbox 3249 2432 3519 2499; x_wconf 85' lang='lat' dir='ltr'><strong>inanibus,</strong></span> 
     </span>
    </p>
   </div>
   <div class='ocr_carea' id='block_1_53' title="bbox 1946 2523 3523 2593">
    <p class='ocr_par' dir='ltr' id='par_1_53' title="bbox 1946 2523 3523 2593">
     <span class='ocr_line' id='line_1_53' title="bbox 1946 2523 3523 2593; baseline 0 -16"><span class='ocrx_word' id='word_1_368' title='bbox 1946 2539 2050 2577; x_wconf 89' lang='lat' dir='ltr'><strong>non</strong></span> <span class='ocrx_word' id='word_1_369' title='bbox 2079 2523 2379 2593; x_wconf 82' lang='lat' dir='ltr'><strong>negligebat</strong></span> <span class='ocrx_word' id='word_1_370' title='bbox 2411 2535 2592 2578; x_wconf 89' lang='lat' dir='ltr'><strong>tamen</strong></span> <span class='ocrx_word' id='word_1_371' title='bbox 2628 2524 2840 2579; x_wconf 86' lang='lat' dir='ltr'><strong>divinas</strong></span> <span class='ocrx_word' id='word_1_372' title='bbox 2872 2526 3318 2593; x_wconf 79' lang='lat' dir='ltr'><strong>congregationes</strong></span> <span class='ocrx_word' id='word_1_373' title='bbox 3344 2536 3360 2576; x_wconf 92' lang='lat'><strong>:</strong></span> <span class='ocrx_word' id='word_1_374' title='bbox 3385 2524 3523 2577; x_wconf 86' lang='lat' dir='ltr'><strong>alter</strong></span> 
     </span>
    </p>
   </div>
   <div class='ocr_carea' id='block_1_54' title="bbox 1945 2614 3525 2684">
    <p class='ocr_par' dir='ltr' id='par_1_54' title="bbox 1945 2614 3525 2684">
     <span class='ocr_line' id='line_1_54' title="bbox 1945 2614 3525 2684; baseline 0.003 -19"><span class='ocrx_word' id='word_1_375' title='bbox 1945 2623 2124 2668; x_wconf 82' lang='lat' dir='ltr'><strong>autem</strong></span> <span class='ocrx_word' id='word_1_376' title='bbox 2162 2617 2263 2669; x_wconf 75' lang='lat' dir='ltr'><strong>etsi</strong></span> <span class='ocrx_word' id='word_1_377' title='bbox 2304 2626 2421 2670; x_wconf 90' lang='lat' dir='ltr'><strong>erat</strong></span> <span class='ocrx_word' id='word_1_378' title='bbox 2461 2616 2640 2677; x_wconf 88' lang='lat' dir='ltr'><strong>solus.</strong></span> <span class='ocrx_word' id='word_1_379' title='bbox 2670 2625 2724 2669; x_wconf 90' lang='lat' dir='ltr'><strong>et</strong></span> <span class='ocrx_word' id='word_1_380' title='bbox 2759 2616 2893 2669; x_wconf 86' lang='lat' dir='ltr'><strong>artis</strong></span> <span class='ocrx_word' id='word_1_381' title='bbox 2920 2614 3174 2683; x_wconf 87' lang='lat' dir='ltr'><strong>peritior,</strong></span> <span class='ocrx_word' id='word_1_382' title='bbox 3207 2624 3263 2668; x_wconf 89' lang='lat' dir='ltr'><strong>et</strong></span> <span class='ocrx_word' id='word_1_383' title='bbox 3302 2615 3354 2667; x_wconf 89' lang='lat' dir='ltr'><strong>in</strong></span> <span class='ocrx_word' id='word_1_384' title='bbox 3393 2629 3525 2684; x_wconf 85' lang='lat' dir='ltr'><strong>ope-</strong></span> 
     </span>
    </p>
   </div>
   <div class='ocr_carea' id='block_1_55' title="bbox 1944 2706 3521 2777">
    <p class='ocr_par' dir='ltr' id='par_1_55' title="bbox 1944 2706 3521 2777">
     <span class='ocr_line' id='line_1_55' title="bbox 1944 2706 3521 2777; baseline -0.002 -18"><span class='ocrx_word' id='word_1_385' title='bbox 1944 2707 2115 2759; x_wconf 84' lang='lat' dir='ltr'><strong>rando</strong></span> <span class='ocrx_word' id='word_1_386' title='bbox 2134 2706 2463 2777; x_wconf 80' lang='lat' dir='ltr'><strong>diligentior,</strong></span> <span class='ocrx_word' id='word_1_387' title='bbox 2492 2724 2557 2762; x_wconf 90' lang='lat' dir='ltr'><strong>ne</strong></span> <span class='ocrx_word' id='word_1_388' title='bbox 2576 2708 2677 2761; x_wconf 85' lang='lat' dir='ltr'><strong>sibi</strong></span> <span class='ocrx_word' id='word_1_389' title='bbox 2705 2707 2920 2775; x_wconf 83' lang='lat' dir='ltr'><strong>quidem</strong></span> <span class='ocrx_word' id='word_1_390' title='bbox 2950 2707 3049 2761; x_wconf 89' lang='lat' dir='ltr'><strong>soli</strong></span> <span class='ocrx_word' id='word_1_391' title='bbox 3075 2721 3267 2774; x_wconf 87' lang='lat' dir='ltr'><strong>parare</strong></span> <span class='ocrx_word' id='word_1_392' title='bbox 3289 2716 3521 2776; x_wconf 81' lang='lat' dir='ltr'><strong>poterat,</strong></span> 
     </span>
    </p>
   </div>
   <div class='ocr_carea' id='block_1_56' title="bbox 1946 2797 3525 2874">
    <p class='ocr_par' dir='ltr' id='par_1_56' title="bbox 1946 2797 3525 2874">
     <span class='ocr_line' id='line_1_56' title="bbox 1946 2797 3525 2874; baseline -0.004 -19"><span class='ocrx_word' id='word_1_393' title='bbox 1946 2820 2064 2874; x_wconf 77' lang='lat' dir='ltr'><strong>qua:</strong></span> <span class='ocrx_word' id='word_1_394' title='bbox 2094 2815 2252 2858; x_wconf 86' lang='lat' dir='ltr'><strong>erant</strong></span> <span class='ocrx_word' id='word_1_395' title='bbox 2280 2804 2345 2855; x_wconf 89' lang='lat' dir='ltr'><strong>ad</strong></span> <span class='ocrx_word' id='word_1_396' title='bbox 2378 2816 2535 2854; x_wconf 89' lang='lat' dir='ltr'><strong>usum</strong></span> <span class='ocrx_word' id='word_1_397' title='bbox 2574 2799 2902 2853; x_wconf 68' lang='lat' dir='ltr'><strong>nrcessaria.</strong></span> <span class='ocrx_word' id='word_1_398' title='bbox 2936 2797 2997 2853; x_wconf 84' lang='lat' dir='ltr'><strong>Ei</strong></span> <span class='ocrx_word' id='word_1_399' title='bbox 3033 2799 3215 2865; x_wconf 86' lang='lat' dir='ltr'><strong>itaque</strong></span> <span class='ocrx_word' id='word_1_400' title='bbox 3236 2839 3250 2863; x_wconf 92' lang='lat'><strong>,</strong></span> <span class='ocrx_word' id='word_1_401' title='bbox 3282 2798 3373 2864; x_wconf 91' lang='lat' dir='ltr'><strong>qui</strong></span> <span class='ocrx_word' id='word_1_402' title='bbox 3404 2805 3525 2851; x_wconf 73' lang='lat' dir='ltr'><strong>erat</strong></span> 
     </span>
    </p>
   </div>
   <div class='ocr_carea' id='block_1_57' title="bbox 1946 2889 3527 2967">
    <p class='ocr_par' dir='ltr' id='par_1_57' title="bbox 1946 2889 3527 2967">
     <span class='ocr_line' id='line_1_57' title="bbox 1946 2889 3527 2967; baseline -0.001 -18"><span class='ocrx_word' id='word_1_403' title='bbox 1946 2896 2183 2967; x_wconf 76' lang='lat' dir='ltr'><strong>ejusdem</strong></span> <span class='ocrx_word' id='word_1_404' title='bbox 2210 2895 2366 2954; x_wconf 85' lang='lat' dir='ltr'><strong>artis,</strong></span> <span class='ocrx_word' id='word_1_405' title='bbox 2396 2895 2668 2957; x_wconf 87' lang='lat' dir='ltr'><strong>invidens,</strong></span> <span class='ocrx_word' id='word_1_406' title='bbox 2697 2902 2749 2946; x_wconf 91' lang='lat' dir='ltr'><strong>et</strong></span> <span class='ocrx_word' id='word_1_407' title='bbox 2778 2907 2881 2944; x_wconf 85' lang='lat' dir='ltr'><strong>nun</strong></span> <span class='ocrx_word' id='word_1_408' title='bbox 2908 2892 3138 2960; x_wconf 85' lang='lat' dir='ltr'><strong>amplius</strong></span> <span class='ocrx_word' id='word_1_409' title='bbox 3167 2889 3313 2945; x_wconf 78' lang='lat' dir='ltr'><strong>ferre</strong></span> <span class='ocrx_word' id='word_1_410' title='bbox 3344 2891 3527 2947; x_wconf 78' lang='lat' dir='ltr'><strong>valens</strong></span> 
     </span>
    </p>
   </div>
   <div class='ocr_carea' id='block_1_58' title="bbox 1945 2984 3527 3058">
    <p class='ocr_par' dir='ltr' id='par_1_58' title="bbox 1945 2984 3527 3058">
     <span class='ocr_line' id='line_1_58' title="bbox 1945 2984 3527 3058; baseline -0.004 -20"><span class='ocrx_word' id='word_1_411' title='bbox 1945 3003 2105 3058; x_wconf 88' lang='lat' dir='ltr'><strong>quam</strong></span> <span class='ocrx_word' id='word_1_412' title='bbox 2152 2987 2333 3040; x_wconf 84' lang='lat' dir='ltr'><strong>animo</strong></span> <span class='ocrx_word' id='word_1_413' title='bbox 2371 2993 2689 3052; x_wconf 74' lang='lat' dir='ltr'><strong>conceperat</strong></span> <span class='ocrx_word' id='word_1_414' title='bbox 2727 2984 3021 3049; x_wconf 77' lang='lat' dir='ltr'><strong>invidiam,</strong></span> <span class='ocrx_word' id='word_1_415' title='bbox 3070 3000 3194 3038; x_wconf 86' lang='lat' dir='ltr'><strong>cum</strong></span> <span class='ocrx_word' id='word_1_416' title='bbox 3234 2984 3527 3054; x_wconf 80' lang='lat' dir='ltr'><strong>aliquando</strong></span> 
     </span>
    </p>
   </div>
   <div class='ocr_carea' id='block_1_59' title="bbox 1945 3074 3529 3147">
    <p class='ocr_par' dir='ltr' id='par_1_59' title="bbox 1945 3074 3529 3147">
     <span class='ocr_line' id='line_1_59' title="bbox 1945 3074 3529 3147; baseline -0.003 -12"><span class='ocrx_word' id='word_1_417' title='bbox 1945 3083 2118 3136; x_wconf 88' lang='lat' dir='ltr'><strong>solum</strong></span> <span class='ocrx_word' id='word_1_418' title='bbox 2154 3079 2433 3139; x_wconf 82' lang='lat' dir='ltr'><strong>oil&#39;ettdens</strong></span> <span class='ocrx_word' id='word_1_419' title='bbox 2466 3094 2478 3132; x_wconf 90' lang='lat'>:</span> <span class='ocrx_word' id='word_1_420' title='bbox 2518 3074 2721 3143; x_wconf 74' lang='lat' dir='ltr'><strong>Adiuro</strong></span> <span class='ocrx_word' id='word_1_421' title='bbox 2755 3087 2826 3140; x_wconf 89' lang='lat' dir='ltr'><strong>te,</strong></span> <span class='ocrx_word' id='word_1_422' title='bbox 2858 3076 3067 3147; x_wconf 88' lang='lat' dir='ltr'><strong>iuqttit,</strong></span> <span class='ocrx_word' id='word_1_423' title='bbox 3096 3091 3192 3146; x_wconf 89' lang='lat' dir='ltr'><strong>per</strong></span> <span class='ocrx_word' id='word_1_424' title='bbox 3229 3074 3425 3136; x_wconf 82' lang='lat' dir='ltr'><strong>Deum.</strong></span> <span class='ocrx_word' id='word_1_425' title='bbox 3459 3090 3529 3130; x_wconf 84' lang='lat' dir='ltr'><strong>ne</strong></span> 
     </span>
    </p>
   </div>
   <div class='ocr_carea' id='block_1_60' title="bbox 261 3165 1840 3252">
    <p class='ocr_par' dir='ltr' id='par_1_60' title="bbox 261 3171 1840 3242">
     <span class='ocr_line' id='line_1_60' title="bbox 261 3171 1840 3242; baseline 0 -17"><span class='ocrx_word' id='word_1_426' title='bbox 261 3172 424 3241; x_wconf 76' lang='grc' dir='ltr'>νερόν</span> <span class='ocrx_word' id='word_1_427' title='bbox 473 3189 562 3241; x_wconf 90' lang='grc' dir='ltr'><strong>μοι</strong></span> <span class='ocrx_word' id='word_1_428' title='bbox 595 3172 746 3224; x_wconf 66' lang='grc' dir='ltr'>τουτὶ</span> <span class='ocrx_word' id='word_1_429' title='bbox 793 3171 1003 3238; x_wconf 83' lang='grc' dir='ltr'>θέσθαι,</span> <span class='ocrx_word' id='word_1_430' title='bbox 1049 3172 1211 3226; x_wconf 83' lang='grc' dir='ltr'>πόθεν</span> <span class='ocrx_word' id='word_1_431' title='bbox 1262 3173 1420 3235; x_wconf 80' lang='grc' dir='ltr'>αὐτὸς</span> <span class='ocrx_word' id='word_1_432' title='bbox 1463 3173 1562 3242; x_wconf 80' lang='grc' dir='ltr'>μὲν</span> <span class='ocrx_word' id='word_1_433' title='bbox 1596 3172 1840 3225; x_wconf 79' lang='grc' dir='ltr'>πλουτῶν</span> 
     </span>
    </p>
   </div>
   <div class='ocr_carea' id='block_1_61' title="bbox 1947 3165 3527 3252">
    <p class='ocr_par' dir='ltr' id='par_1_61' title="bbox 1948 3165 3527 3239">
     <span class='ocr_line' id='line_1_61' title="bbox 1948 3165 3527 3239; baseline -0.004 -12"><span class='ocrx_word' id='word_1_434' title='bbox 1948 3189 2032 3228; x_wconf 92' lang='lat' dir='ltr'><strong>me</strong></span> <span class='ocrx_word' id='word_1_435' title='bbox 2058 3172 2220 3238; x_wconf 87' lang='lat' dir='ltr'><strong>celes,</strong></span> <span class='ocrx_word' id='word_1_436' title='bbox 2253 3171 2346 3225; x_wconf 89' lang='lat' dir='ltr'><strong>sed</strong></span> <span class='ocrx_word' id='word_1_437' title='bbox 2374 3172 2477 3226; x_wconf 86' lang='lat' dir='ltr'><strong>huc</strong></span> <span class='ocrx_word' id='word_1_438' title='bbox 2510 3170 2641 3223; x_wconf 89' lang='lat' dir='ltr'><strong>mibi</strong></span> <span class='ocrx_word' id='word_1_439' title='bbox 2672 3169 2918 3239; x_wconf 88' lang='lat' dir='ltr'><strong>aperias,</strong></span> <span class='ocrx_word' id='word_1_440' title='bbox 2957 3167 3049 3238; x_wconf 89' lang='lat' dir='ltr'><strong>qtti</strong></span> <span class='ocrx_word' id='word_1_441' title='bbox 3086 3166 3166 3232; x_wconf 87' lang='lat' dir='ltr'><strong>lit,</strong></span> <span class='ocrx_word' id='word_1_442' title='bbox 3201 3170 3344 3238; x_wconf 93' lang='lat' dir='ltr'><strong>quod</strong></span> <span class='ocrx_word' id='word_1_443' title='bbox 3373 3176 3427 3222; x_wconf 92' lang='lat' dir='ltr'><strong>tu</strong></span> <span class='ocrx_word' id='word_1_444' title='bbox 3449 3165 3527 3221; x_wconf 88' lang='lat' dir='ltr'><strong>sis</strong></span> 
     </span>
    </p>
   </div>
   <div class='ocr_carea' id='block_1_62' title="bbox 263 3264 1839 3337">
    <p class='ocr_par' dir='ltr' id='par_1_62' title="bbox 263 3264 1839 3337">
     <span class='ocr_line' id='line_1_62' title="bbox 263 3264 1839 3337; baseline 0 -20"><span class='ocrx_word' id='word_1_445' title='bbox 263 3265 554 3326; x_wconf 84' lang='grc' dir='ltr'>διατελεῖς,</span> <span class='ocrx_word' id='word_1_446' title='bbox 584 3264 898 3330; x_wconf 73' lang='grc' dir='ltr'>καὶταῦτα,</span> <span class='ocrx_word' id='word_1_447' title='bbox 924 3266 1024 3318; x_wconf 80' lang='grc' dir='ltr'>ὃσα</span> <span class='ocrx_word' id='word_1_448' title='bbox 1051 3282 1111 3333; x_wconf 86' lang='grc' dir='ltr'><strong>γε</strong></span> <span class='ocrx_word' id='word_1_449' title='bbox 1141 3267 1218 3329; x_wconf 88' lang='grc' dir='ltr'><strong>εἰς</strong></span> <span class='ocrx_word' id='word_1_450' title='bbox 1251 3267 1346 3336; x_wconf 79' lang='grc' dir='ltr'>τὴν</span> <span class='ocrx_word' id='word_1_451' title='bbox 1375 3264 1638 3335; x_wconf 74' lang='grc' dir='ltr'>ἐργασίαν</span> <span class='ocrx_word' id='word_1_452' title='bbox 1671 3266 1839 3337; x_wconf 71' lang='grc' dir='ltr'>ῥᾴθυ-</span> 
     </span>
    </p>
   </div>
   <div class='ocr_carea' id='block_1_63' title="bbox 264 3354 1839 3427">
    <p class='ocr_par' dir='ltr' id='par_1_63' title="bbox 264 3354 1839 3427">
     <span class='ocr_line' id='line_1_63' title="bbox 264 3354 1839 3427; baseline 0 -18"><span class='ocrx_word' id='word_1_453' title='bbox 264 3373 366 3427; x_wconf 87' lang='grc' dir='ltr'><strong>μος</strong></span> <span class='ocrx_word' id='word_1_454' title='bbox 388 3354 482 3420; x_wconf 81' lang='grc' dir='ltr'>ὣν,</span> <span class='ocrx_word' id='word_1_455' title='bbox 516 3356 640 3427; x_wconf 75' lang='grc' dir='ltr'>ἐμοὶ</span> <span class='ocrx_word' id='word_1_456' title='bbox 667 3355 723 3408; x_wconf 82' lang='grc' dir='ltr'>δὲ</span> <span class='ocrx_word' id='word_1_457' title='bbox 757 3356 1007 3423; x_wconf 75' lang='grc' dir='ltr'>ἐπιμελεῖ</span> <span class='ocrx_word' id='word_1_458' title='bbox 1036 3356 1148 3410; x_wconf 73' lang='grc' dir='ltr'>ὄντι</span> <span class='ocrx_word' id='word_1_459' title='bbox 1180 3358 1275 3409; x_wconf 74' lang='grc' dir='ltr'><strong>καὶ</strong></span> <span class='ocrx_word' id='word_1_460' title='bbox 1306 3357 1578 3427; x_wconf 71' lang='grc' dir='ltr'>φιλοπόνῳ</span> <span class='ocrx_word' id='word_1_461' title='bbox 1618 3359 1839 3411; x_wconf 71' lang='grc' dir='ltr'>τούναν-</span> 
     </span>
    </p>
   </div>
   <div class='ocr_carea' id='block_1_64' title="bbox 258 3447 1842 3519">
    <p class='ocr_par' dir='ltr' id='par_1_64' title="bbox 258 3447 1842 3519">
     <span class='ocr_line' id='line_1_64' title="bbox 258 3447 1842 3519; baseline 0.001 -20"><span class='ocrx_word' id='word_1_462' title='bbox 258 3449 377 3500; x_wconf 79' lang='grc' dir='ltr'>τίον</span> <span class='ocrx_word' id='word_1_463' title='bbox 407 3448 502 3518; x_wconf 80' lang='grc' dir='ltr'>μὲν</span> <span class='ocrx_word' id='word_1_464' title='bbox 523 3448 831 3517; x_wconf 79' lang='grc' dir='ltr'>συμϐαίνει,</span> <span class='ocrx_word' id='word_1_465' title='bbox 857 3448 1058 3517; x_wconf 79' lang='grc' dir='ltr'>μᾶλλον</span> <span class='ocrx_word' id='word_1_466' title='bbox 1076 3447 1169 3500; x_wconf 71' lang='grc' dir='ltr'><strong>καὶ</strong></span> <span class='ocrx_word' id='word_1_467' title='bbox 1199 3449 1535 3517; x_wconf 70' lang='grc' dir='ltr'>εἰς’ὲσχάτην</span> <span class='ocrx_word' id='word_1_468' title='bbox 1558 3448 1656 3519; x_wconf 76' lang='grc' dir='ltr'><strong>ἤδη</strong></span> <span class='ocrx_word' id='word_1_469' title='bbox 1686 3465 1842 3518; x_wconf 87' lang='grc' dir='ltr'>περι-</span> 
     </span>
    </p>
   </div>
   <div class='ocr_carea' id='block_1_65' title="bbox 261 3538 1842 3609">
    <p class='ocr_par' dir='ltr' id='par_1_65' title="bbox 261 3538 1842 3609">
     <span class='ocr_line' id='line_1_65' title="bbox 261 3538 1842 3609; baseline -0.001 -17"><span class='ocrx_word' id='word_1_470' title='bbox 261 3539 470 3608; x_wconf 74' lang='grc' dir='ltr'>έστηκα</span> <span class='ocrx_word' id='word_1_471' title='bbox 502 3539 710 3594; x_wconf 85' lang='grc' dir='ltr'>πενίαν.</span> <span class='ocrx_word' id='word_1_472' title='bbox 751 3539 806 3592; x_wconf 88' lang='grc' dir='ltr'><strong>Ὀ</strong></span> <span class='ocrx_word' id='word_1_473' title='bbox 841 3539 917 3602; x_wconf 81' lang='grc' dir='ltr'>δὲ,</span> <span class='ocrx_word' id='word_1_474' title='bbox 956 3538 1276 3609; x_wconf 82' lang='grc' dir='ltr'>βουλόμενος</span> <span class='ocrx_word' id='word_1_475' title='bbox 1298 3539 1463 3593; x_wconf 77' lang='grc' dir='ltr'>αὑτὸν</span> <span class='ocrx_word' id='word_1_476' title='bbox 1493 3538 1842 3609; x_wconf 82' lang='grc' dir='ltr'>ἐπιμελέστε-</span> 
     </span>
    </p>
   </div>
   <div class='ocr_carea' id='block_1_66' title="bbox 265 3630 1839 3703">
    <p class='ocr_par' dir='ltr' id='par_1_66' title="bbox 265 3630 1839 3703">
     <span class='ocr_line' id='line_1_66' title="bbox 265 3630 1839 3703; baseline 0.002 -21"><span class='ocrx_word' id='word_1_477' title='bbox 265 3648 358 3698; x_wconf 80' lang='grc' dir='ltr'><strong>ρον</strong></span> <span class='ocrx_word' id='word_1_478' title='bbox 392 3630 580 3685; x_wconf 78' lang='grc' dir='ltr'>θέσθαι</span> <span class='ocrx_word' id='word_1_479' title='bbox 641 3633 769 3702; x_wconf 71' lang='grc' dir='ltr'>περὶ</span> <span class='ocrx_word' id='word_1_480' title='bbox 806 3631 905 3694; x_wconf 76' lang='grc' dir='ltr'>τὰς</span> <span class='ocrx_word' id='word_1_481' title='bbox 945 3631 1229 3697; x_wconf 79' lang='grc' dir='ltr'>συνάξεις,</span> <span class='ocrx_word' id='word_1_482' title='bbox 1287 3630 1565 3702; x_wconf 76' lang='grc' dir='ltr'>ὀλιγώρως</span> <span class='ocrx_word' id='word_1_483' title='bbox 1626 3632 1839 3703; x_wconf 76' lang='grc' dir='ltr'>ἔχοντα,</span> 
     </span>
    </p>
   </div>
   <div class='ocr_carea' id='block_1_67' title="bbox 265 3721 1841 3794">
    <p class='ocr_par' dir='ltr' id='par_1_67' title="bbox 265 3721 1841 3794">
     <span class='ocr_line' id='line_1_67' title="bbox 265 3721 1841 3794; baseline 0.001 -18"><span class='ocrx_word' id='word_1_484' title='bbox 265 3723 428 3791; x_wconf 80' lang='grc' dir='ltr'>Κάμὲ</span> <span class='ocrx_word' id='word_1_485' title='bbox 471 3723 761 3794; x_wconf 84' lang='grc' dir='ltr'>πρότερον,</span> <span class='ocrx_word' id='word_1_486' title='bbox 796 3721 971 3788; x_wconf 77' lang='grc' dir='ltr'>εἶπεν,</span> <span class='ocrx_word' id='word_1_487' title='bbox 1011 3723 1227 3793; x_wconf 71' lang='grc' dir='ltr'>ἀδελφέ,</span> <span class='ocrx_word' id='word_1_488' title='bbox 1260 3723 1428 3794; x_wconf 84' lang='grc' dir='ltr'>πολλὴ</span> <span class='ocrx_word' id='word_1_489' title='bbox 1479 3723 1735 3787; x_wconf 87' lang='grc' dir='ltr'>στένωσις</span> <span class='ocrx_word' id='word_1_490' title='bbox 1762 3721 1841 3777; x_wconf 84' lang='grc' dir='ltr'><strong>εἷ-</strong></span> 
     </span>
    </p>
   </div>
   <div class='ocr_carea' id='block_1_68' title="bbox 261 3807 1840 3883">
    <p class='ocr_par' dir='ltr' id='par_1_68' title="bbox 261 3807 1840 3883">
     <span class='ocr_line' id='line_1_68' title="bbox 261 3807 1840 3883; baseline -0.001 -18"><span class='ocrx_word' id='word_1_491' title='bbox 261 3831 360 3883; x_wconf 81' lang='grc' dir='ltr'><strong>χεν</strong></span> <span class='ocrx_word' id='word_1_492' title='bbox 379 3829 395 3844; x_wconf 87' lang='grc'><strong>·</strong></span> <span class='ocrx_word' id='word_1_493' title='bbox 428 3813 521 3882; x_wconf 84' lang='grc' dir='ltr'>ἀφ’</span> <span class='ocrx_word' id='word_1_494' title='bbox 545 3807 604 3867; x_wconf 73' lang='grc' dir='ltr'><strong>οὗ</strong></span> <span class='ocrx_word' id='word_1_495' title='bbox 631 3813 685 3866; x_wconf 83' lang='grc' dir='ltr'>δὲ</span> <span class='ocrx_word' id='word_1_496' title='bbox 713 3812 996 3883; x_wconf 62' lang='grc' dir='ltr'>σχολάζειν</span> <span class='ocrx_word' id='word_1_497' title='bbox 1026 3812 1160 3881; x_wconf 77' lang='grc' dir='ltr'>πρὸς</span> <span class='ocrx_word' id='word_1_498' title='bbox 1187 3811 1285 3874; x_wconf 73' lang='grc' dir='ltr'><strong>τὰς</strong></span> <span class='ocrx_word' id='word_1_499' title='bbox 1314 3807 1560 3874; x_wconf 76' lang='grc' dir='ltr'>συνάξεις</span> <span class='ocrx_word' id='word_1_500' title='bbox 1602 3810 1840 3880; x_wconf 74' lang='grc' dir='ltr'>ἐμαυτὸν</span> 
     </span>
    </p>
   </div>
   <div class='ocr_carea' id='block_1_69' title="bbox 262 3901 1841 3975">
    <p class='ocr_par' dir='ltr' id='par_1_69' title="bbox 262 3901 1841 3975">
     <span class='ocr_line' id='line_1_69' title="bbox 262 3901 1841 3975; baseline -0.002 -17"><span class='ocrx_word' id='word_1_501' title='bbox 262 3905 476 3968; x_wconf 80' lang='grc' dir='ltr'>ἔπεισα,</span> <span class='ocrx_word' id='word_1_502' title='bbox 504 3903 648 3958; x_wconf 81' lang='grc' dir='ltr'>ἔστιν</span> <span class='ocrx_word' id='word_1_503' title='bbox 670 3906 757 3958; x_wconf 84' lang='grc' dir='ltr'>ὅτε</span> <span class='ocrx_word' id='word_1_504' title='bbox 789 3904 885 3957; x_wconf 74' lang='grc' dir='ltr'><strong>καὶ</strong></span> <span class='ocrx_word' id='word_1_505' title='bbox 908 3902 1127 3975; x_wconf 73' lang='grc' dir='ltr'>χρυσίον</span> <span class='ocrx_word' id='word_1_506' title='bbox 1163 3903 1402 3973; x_wconf 83' lang='grc' dir='ltr'>εὑρίσκω</span> <span class='ocrx_word' id='word_1_507' title='bbox 1432 3901 1572 3955; x_wconf 82' lang='grc' dir='ltr'>κατά</span> <span class='ocrx_word' id='word_1_508' title='bbox 1602 3902 1701 3972; x_wconf 81' lang='grc' dir='ltr'>τὴν</span> <span class='ocrx_word' id='word_1_509' title='bbox 1723 3901 1841 3955; x_wconf 74' lang='grc' dir='ltr'>ὁδὸν</span> 
     </span>
    </p>
   </div>
   <div class='ocr_carea' id='block_1_70' title="bbox 260 3992 1838 4068">
    <p class='ocr_par' dir='ltr' id='par_1_70' title="bbox 260 3992 1838 4068">
     <span class='ocr_line' id='line_1_70' title="bbox 260 3992 1838 4068; baseline -0.005 -14"><span class='ocrx_word' id='word_1_510' title='bbox 260 3997 461 4054; x_wconf 66' lang='grc' dir='ltr'>ἀπιών</span> <span class='ocrx_word' id='word_1_511' title='bbox 496 3998 619 4052; x_wconf 86' lang='grc' dir='ltr'>ὅθεν</span> <span class='ocrx_word' id='word_1_512' title='bbox 646 3998 710 4068; x_wconf 82' lang='grc' dir='ltr'>δὴ</span> <span class='ocrx_word' id='word_1_513' title='bbox 739 3997 832 4050; x_wconf 74' lang='grc' dir='ltr'><strong>καὶ</strong></span> <span class='ocrx_word' id='word_1_514' title='bbox 866 3997 1223 4066; x_wconf 75' lang='grc' dir='ltr'>ἐπισυνῆκται</span> <span class='ocrx_word' id='word_1_515' title='bbox 1263 3997 1444 4048; x_wconf 80' lang='grc' dir='ltr'>πᾶσαν</span> <span class='ocrx_word' id='word_1_516' title='bbox 1469 3992 1627 4066; x_wconf 76' lang='lat' dir='ltr'><strong>[forte</strong></span> <span class='ocrx_word' id='word_1_517' title='bbox 1667 3993 1838 4065; x_wconf 81' lang='grc' dir='ltr'>πᾶσα]</span> 
     </span>
    </p>
   </div>
   <div class='ocr_carea' id='block_1_71' title="bbox 261 4085 1841 4163">
    <p class='ocr_par' dir='ltr' id='par_1_71' title="bbox 261 4085 1841 4163">
     <span class='ocr_line' id='line_1_71' title="bbox 261 4085 1841 4163; baseline -0.003 -21"><span class='ocrx_word' id='word_1_518' title='bbox 261 4093 330 4163; x_wconf 80' lang='grc' dir='ltr'>ἢν</span> <span class='ocrx_word' id='word_1_519' title='bbox 361 4089 490 4160; x_wconf 68' lang='grc' dir='ltr'>ὁρᾷς</span> <span class='ocrx_word' id='word_1_520' title='bbox 531 4089 816 4159; x_wconf 76' lang='grc' dir='ltr'>εὐπορίαν.</span> <span class='ocrx_word' id='word_1_521' title='bbox 860 4087 1000 4139; x_wconf 86' lang='grc' dir='ltr'>Ἀλλ’</span> <span class='ocrx_word' id='word_1_522' title='bbox 1027 4085 1081 4139; x_wconf 84' lang='grc' dir='ltr'><strong>εί</strong></span> <span class='ocrx_word' id='word_1_523' title='bbox 1105 4103 1158 4138; x_wconf 94' lang='grc' dir='ltr'><strong>τι</strong></span> <span class='ocrx_word' id='word_1_524' title='bbox 1198 4087 1322 4155; x_wconf 75' lang='grc' dir='ltr'>ἐμοὶ</span> <span class='ocrx_word' id='word_1_525' title='bbox 1353 4085 1534 4157; x_wconf 82' lang='grc' dir='ltr'>πείθῃ,</span> <span class='ocrx_word' id='word_1_526' title='bbox 1581 4085 1713 4138; x_wconf 74' lang='grc' dir='ltr'>ἕπου</span> <span class='ocrx_word' id='word_1_527' title='bbox 1749 4085 1841 4137; x_wconf 75' lang='grc' dir='ltr'>καὶ</span> 
     </span>
    </p>
   </div>
   <div class='ocr_carea' id='block_1_72' title="bbox 260 4170 1841 4245">
    <p class='ocr_par' dir='ltr' id='par_1_72' title="bbox 260 4170 1841 4245">
     <span class='ocr_line' id='line_1_72' title="bbox 260 4170 1841 4245; baseline -0.006 -11"><span class='ocrx_word' id='word_1_528' title='bbox 260 4180 425 4242; x_wconf 74' lang='grc' dir='ltr'>αὐτὸς</span> <span class='ocrx_word' id='word_1_529' title='bbox 458 4179 674 4232; x_wconf 79' lang='grc' dir='ltr'>ἀπιόντι</span> <span class='ocrx_word' id='word_1_530' title='bbox 722 4194 830 4245; x_wconf 90' lang='grc' dir='ltr'>μοι,</span> <span class='ocrx_word' id='word_1_531' title='bbox 880 4175 976 4228; x_wconf 76' lang='grc' dir='ltr'><strong>καὶ</strong></span> <span class='ocrx_word' id='word_1_532' title='bbox 1011 4174 1365 4245; x_wconf 82' lang='grc' dir='ltr'>παραμυθίαν</span> <span class='ocrx_word' id='word_1_533' title='bbox 1417 4172 1665 4227; x_wconf 68' lang='grc' dir='ltr'>ἐντεῦθεν</span> <span class='ocrx_word' id='word_1_534' title='bbox 1698 4170 1841 4237; x_wconf 74' lang='grc' dir='ltr'>ἕξεις</span> 
     </span>
    </p>
   </div>
   <div class='ocr_carea' id='block_1_73' title="bbox 260 4266 1841 4345">
    <p class='ocr_par' dir='ltr' id='par_1_73' title="bbox 260 4266 1841 4345">
     <span class='ocr_line' id='line_1_73' title="bbox 260 4266 1841 4345; baseline -0.004 -20"><span class='ocrx_word' id='word_1_535' title='bbox 260 4273 322 4325; x_wconf 82' lang='grc' dir='ltr'>οὐ</span> <span class='ocrx_word' id='word_1_536' title='bbox 347 4271 443 4341; x_wconf 76' lang='grc' dir='ltr'>τὴν</span> <span class='ocrx_word' id='word_1_537' title='bbox 472 4274 759 4341; x_wconf 80' lang='grc' dir='ltr'>τυχοῦσαν.</span> <span class='ocrx_word' id='word_1_538' title='bbox 822 4269 1074 4321; x_wconf 80' lang='grc' dir='ltr'>Πείθεται</span> <span class='ocrx_word' id='word_1_539' title='bbox 1123 4270 1234 4331; x_wconf 84' lang='grc' dir='ltr'>τοῖς</span> <span class='ocrx_word' id='word_1_540' title='bbox 1281 4266 1449 4321; x_wconf 82' lang='grc' dir='ltr'>αὐτοῦ</span> <span class='ocrx_word' id='word_1_541' title='bbox 1484 4268 1690 4345; x_wconf 73' lang='grc' dir='ltr'>λόγοις,</span> <span class='ocrx_word' id='word_1_542' title='bbox 1747 4266 1841 4319; x_wconf 72' lang='grc' dir='ltr'><strong>καὶ</strong></span> 
     </span>
    </p>
   </div>
   <div class='ocr_carea' id='block_1_74' title="bbox 262 4356 1839 4430">
    <p class='ocr_par' dir='ltr' id='par_1_74' title="bbox 262 4356 1839 4430">
     <span class='ocr_line' id='line_1_74' title="bbox 262 4356 1839 4430; baseline -0.004 -15"><span class='ocrx_word' id='word_1_543' title='bbox 262 4360 387 4415; x_wconf 79' lang='grc' dir='ltr'>καθ’</span> <span class='ocrx_word' id='word_1_544' title='bbox 418 4360 653 4430; x_wconf 81' lang='grc' dir='ltr'>ἑκάστην</span> <span class='ocrx_word' id='word_1_545' title='bbox 683 4357 901 4422; x_wconf 77' lang='grc' dir='ltr'>σῦναξιν</span> <span class='ocrx_word' id='word_1_546' title='bbox 930 4360 1127 4426; x_wconf 81' lang='grc' dir='ltr'>φοιτῶν</span> <span class='ocrx_word' id='word_1_547' title='bbox 1158 4358 1257 4411; x_wconf 74' lang='grc' dir='ltr'>σὺν</span> <span class='ocrx_word' id='word_1_548' title='bbox 1279 4356 1446 4426; x_wconf 79' lang='grc' dir='ltr'>αὐτῷ,</span> <span class='ocrx_word' id='word_1_549' title='bbox 1479 4357 1677 4428; x_wconf 78' lang='grc' dir='ltr'>ᾔσθετο</span> <span class='ocrx_word' id='word_1_550' title='bbox 1714 4374 1780 4427; x_wconf 73' lang='grc' dir='ltr'><strong>με</strong></span> <span class='ocrx_word' id='word_1_551' title='bbox 1796 4356 1839 4409; x_wconf 73' lang='grc' dir='ltr'>τ’</span> 
     </span>
    </p>
   </div>
   <div class='ocr_carea' id='block_1_75' title="bbox 257 4448 1839 4523">
    <p class='ocr_par' dir='ltr' id='par_1_75' title="bbox 257 4448 1839 4523">
     <span class='ocr_line' id='line_1_75' title="bbox 257 4448 1839 4523; baseline -0.006 -13"><span class='ocrx_word' id='word_1_552' title='bbox 257 4457 323 4510; x_wconf 66' lang='grc' dir='ltr'>ο)</span> <span class='ocrx_word' id='word_1_553' title='bbox 357 4455 487 4508; x_wconf 64' lang='grc' dir='ltr'>πολὺ</span> <span class='ocrx_word' id='word_1_554' title='bbox 513 4452 761 4520; x_wconf 77' lang='grc' dir='ltr'>εὐλογίας</span> <span class='ocrx_word' id='word_1_555' title='bbox 784 4453 935 4523; x_wconf 76' lang='grc' dir='ltr'>παρὰ</span> <span class='ocrx_word' id='word_1_556' title='bbox 955 4451 1088 4504; x_wconf 82' lang='grc' dir='ltr'>Θεοῦ</span> <span class='ocrx_word' id='word_1_557' title='bbox 1116 4451 1417 4521; x_wconf 80' lang='grc' dir='ltr'>γενομένης</span> <span class='ocrx_word' id='word_1_558' title='bbox 1450 4452 1528 4513; x_wconf 83' lang='grc' dir='ltr'><strong>είς</strong></span> <span class='ocrx_word' id='word_1_559' title='bbox 1556 4450 1647 4502; x_wconf 73' lang='grc' dir='ltr'>τὸν</span> <span class='ocrx_word' id='word_1_560' title='bbox 1672 4448 1839 4502; x_wconf 67' lang='grc' dir='ltr'>αὑτοῦ</span> 
     </span>
    </p>
   </div>
   <div class='ocr_carea' id='block_1_76' title="bbox 1912 3258 3527 3333">
    <p class='ocr_par' dir='ltr' id='par_1_76' title="bbox 1912 3258 3527 3333">
     <span class='ocr_line' id='line_1_76' title="bbox 1912 3258 3527 3333; baseline -0.004 -14"><span class='ocrx_word' id='word_1_561' title='bbox 1912 3280 2156 3333; x_wconf 77' lang='lat' dir='ltr'><strong>semper</strong></span> <span class='ocrx_word' id='word_1_562' title='bbox 2188 3264 2402 3333; x_wconf 74' lang='lat' dir='ltr'><strong>quidem</strong></span> <span class='ocrx_word' id='word_1_563' title='bbox 2450 3264 2630 3329; x_wconf 86' lang='lat' dir='ltr'><strong>dives,</strong></span> <span class='ocrx_word' id='word_1_564' title='bbox 2680 3260 2845 3330; x_wconf 85' lang='lat' dir='ltr'><strong>idque</strong></span> <span class='ocrx_word' id='word_1_565' title='bbox 2878 3275 2998 3314; x_wconf 89' lang='lat' dir='ltr'><strong>cum</strong></span> <span class='ocrx_word' id='word_1_566' title='bbox 3037 3260 3115 3314; x_wconf 90' lang='lat' dir='ltr'><strong>sis</strong></span> <span class='ocrx_word' id='word_1_567' title='bbox 3154 3260 3207 3314; x_wconf 93' lang='lat' dir='ltr'><strong>in</strong></span> <span class='ocrx_word' id='word_1_568' title='bbox 3251 3258 3527 3329; x_wconf 87' lang='lat' dir='ltr'><strong>operando</strong></span> 
     </span>
    </p>
   </div>
   <div class='ocr_carea' id='block_1_77' title="bbox 1942 3351 3529 3427">
    <p class='ocr_par' dir='ltr' id='par_1_77' title="bbox 1942 3351 3529 3427">
     <span class='ocr_line' id='line_1_77' title="bbox 1942 3351 3529 3427; baseline -0.004 -17"><span class='ocrx_word' id='word_1_569' title='bbox 1942 3358 2247 3427; x_wconf 56' lang='lat' dir='ltr'><strong>negligens;</strong></span> <span class='ocrx_word' id='word_1_570' title='bbox 2283 3356 2411 3409; x_wconf 89' lang='lat' dir='ltr'><strong>mihi</strong></span> <span class='ocrx_word' id='word_1_571' title='bbox 2446 3365 2651 3419; x_wconf 86' lang='lat' dir='ltr'><strong>autem,</strong></span> <span class='ocrx_word' id='word_1_572' title='bbox 2680 3355 2771 3422; x_wconf 86' lang='lat' dir='ltr'><strong>qui</strong></span> <span class='ocrx_word' id='word_1_573' title='bbox 2809 3368 2928 3407; x_wconf 90' lang='lat' dir='ltr'><strong>sum</strong></span> <span class='ocrx_word' id='word_1_574' title='bbox 2958 3352 3186 3422; x_wconf 84' lang='lat' dir='ltr'><strong>diligens</strong></span> <span class='ocrx_word' id='word_1_575' title='bbox 3213 3361 3268 3406; x_wconf 86' lang='lat' dir='ltr'><strong>et</strong></span> <span class='ocrx_word' id='word_1_576' title='bbox 3297 3351 3529 3405; x_wconf 85' lang='lat' dir='ltr'><strong>laborio-</strong></span> 
     </span>
    </p>
   </div>
   <div class='ocr_carea' id='block_1_78' title="bbox 1942 3446 3522 3517">
    <p class='ocr_par' dir='ltr' id='par_1_78' title="bbox 1942 3446 3522 3517">
     <span class='ocr_line' id='line_1_78' title="bbox 1942 3446 3522 3517; baseline -0.005 -14"><span class='ocrx_word' id='word_1_577' title='bbox 1942 3466 2054 3513; x_wconf 89' lang='lat' dir='ltr'><strong>sus,</strong></span> <span class='ocrx_word' id='word_1_578' title='bbox 2081 3458 2264 3502; x_wconf 82' lang='lat' dir='ltr'><strong>centra</strong></span> <span class='ocrx_word' id='word_1_579' title='bbox 2290 3448 2486 3502; x_wconf 75' lang='lat' dir='ltr'><strong>accidit</strong></span> <span class='ocrx_word' id='word_1_580' title='bbox 2523 3458 2573 3499; x_wconf 86' lang='grc' dir='ltr'><strong>ιιι</strong></span> <span class='ocrx_word' id='word_1_581' title='bbox 2599 3446 2711 3517; x_wconf 85' lang='lat' dir='ltr'><strong>jam</strong></span> <span class='ocrx_word' id='word_1_582' title='bbox 2740 3448 2987 3500; x_wconf 85' lang='lat' dir='ltr'><strong>redactus</strong></span> <span class='ocrx_word' id='word_1_583' title='bbox 3012 3446 3113 3498; x_wconf 87' lang='lat' dir='ltr'><strong>situ</strong></span> <span class='ocrx_word' id='word_1_584' title='bbox 3138 3446 3202 3499; x_wconf 90' lang='lat' dir='ltr'><strong>ad</strong></span> <span class='ocrx_word' id='word_1_585' title='bbox 3226 3455 3522 3500; x_wconf 81' lang='lat' dir='ltr'><strong>extremam</strong></span> 
     </span>
    </p>
   </div>
   <div class='ocr_carea' id='block_1_79' title="bbox 1942 3533 3527 3610">
    <p class='ocr_par' dir='ltr' id='par_1_79' title="bbox 1942 3533 3527 3610">
     <span class='ocr_line' id='line_1_79' title="bbox 1942 3533 3527 3610; baseline -0.006 -15"><span class='ocrx_word' id='word_1_586' title='bbox 1942 3538 2365 3610; x_wconf 80' lang='lat' dir='ltr'><strong>paupertatem?</strong></span> <span class='ocrx_word' id='word_1_587' title='bbox 2401 3538 2498 3592; x_wconf 87' lang='lat' dir='ltr'><strong>llle</strong></span> <span class='ocrx_word' id='word_1_588' title='bbox 2548 3546 2726 3591; x_wconf 87' lang='lat' dir='ltr'><strong>autem</strong></span> <span class='ocrx_word' id='word_1_589' title='bbox 2747 3536 2931 3591; x_wconf 87' lang='lat' dir='ltr'><strong>volens</strong></span> <span class='ocrx_word' id='word_1_590' title='bbox 2970 3551 3094 3589; x_wconf 87' lang='lat' dir='ltr'><strong>eum</strong></span> <span class='ocrx_word' id='word_1_591' title='bbox 3135 3536 3362 3588; x_wconf 87' lang='lat' dir='ltr'><strong>reddere</strong></span> <span class='ocrx_word' id='word_1_592' title='bbox 3398 3533 3527 3587; x_wconf 86' lang='lat' dir='ltr'><strong>dili-</strong></span> 
     </span>
    </p>
   </div>
   <div class='ocr_carea' id='block_1_80' title="bbox 1942 3627 3526 3702">
    <p class='ocr_par' dir='ltr' id='par_1_80' title="bbox 1942 3627 3526 3702">
     <span class='ocr_line' id='line_1_80' title="bbox 1942 3627 3526 3702; baseline -0.003 -19"><span class='ocrx_word' id='word_1_593' title='bbox 1942 3635 2265 3702; x_wconf 81' lang='lat' dir='ltr'><strong>getttiorem,</strong></span> <span class='ocrx_word' id='word_1_594' title='bbox 2297 3631 2389 3699; x_wconf 89' lang='lat' dir='ltr'><strong>qui</strong></span> <span class='ocrx_word' id='word_1_595' title='bbox 2413 3639 2534 3684; x_wconf 85' lang='lat' dir='ltr'><strong>erat</strong></span> <span class='ocrx_word' id='word_1_596' title='bbox 2559 3629 2837 3700; x_wconf 82' lang='lat' dir='ltr'><strong>negligens</strong></span> <span class='ocrx_word' id='word_1_597' title='bbox 2858 3628 2911 3683; x_wconf 91' lang='lat' dir='ltr'><strong>in</strong></span> <span class='ocrx_word' id='word_1_598' title='bbox 2941 3627 3203 3683; x_wconf 78' lang='lat' dir='ltr'><strong>adeundis</strong></span> <span class='ocrx_word' id='word_1_599' title='bbox 3227 3639 3526 3695; x_wconf 79' lang='lat' dir='ltr'><strong>congrega-</strong></span> 
     </span>
    </p>
   </div>
   <div class='ocr_carea' id='block_1_81' title="bbox 1943 3718 3519 3793">
    <p class='ocr_par' dir='ltr' id='par_1_81' title="bbox 1943 3718 3519 3793">
     <span class='ocr_line' id='line_1_81' title="bbox 1943 3718 3519 3793; baseline -0.004 -15"><span class='ocrx_word' id='word_1_600' title='bbox 1943 3725 2207 3786; x_wconf 85' lang='lat' dir='ltr'><strong>tionibus,</strong></span> <span class='ocrx_word' id='word_1_601' title='bbox 2240 3738 2361 3793; x_wconf 74' lang='lat' dir='ltr'><strong>qua:</strong></span> <span class='ocrx_word' id='word_1_602' title='bbox 2403 3724 2536 3776; x_wconf 87' lang='lat' dir='ltr'><strong>liunt</strong></span> <span class='ocrx_word' id='word_1_603' title='bbox 2566 3738 2843 3777; x_wconf 88' lang='lat' dir='ltr'><strong>sacrorum</strong></span> <span class='ocrx_word' id='word_1_604' title='bbox 2897 3734 3097 3776; x_wconf 85' lang='lat' dir='ltr'><strong>causa:</strong></span> <span class='ocrx_word' id='word_1_605' title='bbox 3132 3718 3256 3772; x_wconf 79' lang='lat' dir='ltr'><strong>Mihi</strong></span> <span class='ocrx_word' id='word_1_606' title='bbox 3286 3732 3519 3788; x_wconf 87' lang='lat' dir='ltr'><strong>quoque,</strong></span> 
     </span>
    </p>
   </div>
   <div class='ocr_carea' id='block_1_82' title="bbox 1944 3810 3525 3884">
    <p class='ocr_par' dir='ltr' id='par_1_82' title="bbox 1944 3810 3525 3884">
     <span class='ocr_line' id='line_1_82' title="bbox 1944 3810 3525 3884; baseline -0.005 -15"><span class='ocrx_word' id='word_1_607' title='bbox 1944 3816 2148 3884; x_wconf 89' lang='lat' dir='ltr'><strong>inquit,</strong></span> <span class='ocrx_word' id='word_1_608' title='bbox 2181 3830 2214 3868; x_wconf 94' lang='lat' dir='ltr'><strong>o</strong></span> <span class='ocrx_word' id='word_1_609' title='bbox 2244 3816 2442 3878; x_wconf 80' lang='lat' dir='ltr'><strong>frater,</strong></span> <span class='ocrx_word' id='word_1_610' title='bbox 2488 3827 2575 3867; x_wconf 90' lang='lat' dir='ltr'><strong>res</strong></span> <span class='ocrx_word' id='word_1_611' title='bbox 2617 3822 2738 3866; x_wconf 89' lang='lat' dir='ltr'><strong>erat</strong></span> <span class='ocrx_word' id='word_1_612' title='bbox 2770 3812 2987 3866; x_wconf 81' lang='lat' dir='ltr'><strong>redacta</strong></span> <span class='ocrx_word' id='word_1_613' title='bbox 3028 3813 3094 3863; x_wconf 87' lang='lat' dir='ltr'><strong>ad</strong></span> <span class='ocrx_word' id='word_1_614' title='bbox 3129 3810 3397 3863; x_wconf 75' lang='lat' dir='ltr'><strong>maximas</strong></span> <span class='ocrx_word' id='word_1_615' title='bbox 3425 3825 3525 3863; x_wconf 88' lang='lat' dir='ltr'><strong>att-</strong></span> 
     </span>
    </p>
   </div>
   <div class='ocr_carea' id='block_1_83' title="bbox 1943 3903 3522 3979">
    <p class='ocr_par' dir='ltr' id='par_1_83' title="bbox 1943 3903 3522 3979">
     <span class='ocr_line' id='line_1_83' title="bbox 1943 3903 3522 3979; baseline 0.001 -23"><span class='ocrx_word' id='word_1_616' title='bbox 1943 3909 2168 3979; x_wconf 75' lang='lat' dir='ltr'><strong>gnstias.</strong></span> <span class='ocrx_word' id='word_1_617' title='bbox 2200 3907 2277 3962; x_wconf 75' lang='lat' dir='ltr'><strong>Ex</strong></span> <span class='ocrx_word' id='word_1_618' title='bbox 2314 3921 2420 3975; x_wconf 90' lang='lat' dir='ltr'><strong>quo</strong></span> <span class='ocrx_word' id='word_1_619' title='bbox 2447 3916 2627 3960; x_wconf 87' lang='lat' dir='ltr'><strong>autem</strong></span> <span class='ocrx_word' id='word_1_620' title='bbox 2666 3905 2796 3958; x_wconf 86' lang='lat' dir='ltr'><strong>ntilti</strong></span> <span class='ocrx_word' id='word_1_621' title='bbox 2826 3903 3065 3974; x_wconf 90' lang='lat' dir='ltr'><strong>persuasi</strong></span> <span class='ocrx_word' id='word_1_622' title='bbox 3098 3903 3294 3959; x_wconf 83' lang='lat' dir='ltr'><strong>divinis</strong></span> <span class='ocrx_word' id='word_1_623' title='bbox 3329 3917 3522 3959; x_wconf 85' lang='lat' dir='ltr'><strong>vacare</strong></span> 
     </span>
    </p>
   </div>
   <div class='ocr_carea' id='block_1_84' title="bbox 1942 3995 3523 4070">
    <p class='ocr_par' dir='ltr' id='par_1_84' title="bbox 1942 3995 3523 4070">
     <span class='ocr_line' id='line_1_84' title="bbox 1942 3995 3523 4070; baseline -0.005 -15"><span class='ocrx_word' id='word_1_624' title='bbox 1942 3998 2485 4070; x_wconf 71' lang='lat' dir='ltr'><strong>congregationibus,</strong></span> <span class='ocrx_word' id='word_1_625' title='bbox 2552 4009 2937 4065; x_wconf 89' lang='lat' dir='ltr'><strong>nonnunquam</strong></span> <span class='ocrx_word' id='word_1_626' title='bbox 2969 4009 3035 4050; x_wconf 91' lang='lat' dir='ltr'><strong>eo</strong></span> <span class='ocrx_word' id='word_1_627' title='bbox 3063 3995 3298 4062; x_wconf 84' lang='lat' dir='ltr'><strong>vadens,</strong></span> <span class='ocrx_word' id='word_1_628' title='bbox 3329 4010 3523 4049; x_wconf 87' lang='lat' dir='ltr'><strong>aurum</strong></span> 
     </span>
    </p>
   </div>
   <div class='ocr_carea' id='block_1_85' title="bbox 1944 4089 3529 4161">
    <p class='ocr_par' dir='ltr' id='par_1_85' title="bbox 1944 4089 3529 4161">
     <span class='ocr_line' id='line_1_85' title="bbox 1944 4089 3529 4161; baseline -0.001 -15"><span class='ocrx_word' id='word_1_629' title='bbox 1944 4093 2105 4147; x_wconf 79' lang='lat' dir='ltr'><strong>invia</strong></span> <span class='ocrx_word' id='word_1_630' title='bbox 2139 4094 2376 4159; x_wconf 84' lang='lat' dir='ltr'><strong>invenio,</strong></span> <span class='ocrx_word' id='word_1_631' title='bbox 2408 4107 2518 4160; x_wconf 86' lang='lat' dir='ltr'><strong>quo</strong></span> <span class='ocrx_word' id='word_1_632' title='bbox 2549 4090 2753 4145; x_wconf 81' lang='lat' dir='ltr'><strong>factum</strong></span> <span class='ocrx_word' id='word_1_633' title='bbox 2785 4098 2870 4145; x_wconf 91' lang='lat' dir='ltr'><strong>est</strong></span> <span class='ocrx_word' id='word_1_634' title='bbox 2909 4098 2967 4144; x_wconf 92' lang='lat' dir='ltr'><strong>ut</strong></span> <span class='ocrx_word' id='word_1_635' title='bbox 3003 4089 3132 4144; x_wconf 88' lang='lat' dir='ltr'><strong>mibi</strong></span> <span class='ocrx_word' id='word_1_636' title='bbox 3162 4091 3273 4145; x_wconf 91' lang='lat' dir='ltr'><strong>sint</strong></span> <span class='ocrx_word' id='word_1_637' title='bbox 3298 4103 3529 4161; x_wconf 87' lang='lat' dir='ltr'><strong>congre-</strong></span> 
     </span>
    </p>
   </div>
   <div class='ocr_carea' id='block_1_86' title="bbox 1944 4184 3524 4257">
    <p class='ocr_par' dir='ltr' id='par_1_86' title="bbox 1944 4184 3524 4257">
     <span class='ocr_line' id='line_1_86' title="bbox 1944 4184 3524 4257; baseline 0 -19"><span class='ocrx_word' id='word_1_638' title='bbox 1944 4195 2080 4254; x_wconf 74' lang='lat' dir='ltr'><strong>gata:</strong></span> <span class='ocrx_word' id='word_1_639' title='bbox 2112 4199 2304 4238; x_wconf 87' lang='lat' dir='ltr'><strong>omnes</strong></span> <span class='ocrx_word' id='word_1_640' title='bbox 2325 4224 2340 4250; x_wconf 92' lang='lat'><strong>,</strong></span> <span class='ocrx_word' id='word_1_641' title='bbox 2374 4200 2508 4254; x_wconf 89' lang='lat' dir='ltr'><strong>quas</strong></span> <span class='ocrx_word' id='word_1_642' title='bbox 2534 4186 2681 4240; x_wconf 84' lang='lat' dir='ltr'><strong>vides</strong></span> <span class='ocrx_word' id='word_1_643' title='bbox 2701 4226 2716 4249; x_wconf 88' lang='lat'><strong>,</strong></span> <span class='ocrx_word' id='word_1_644' title='bbox 2752 4186 2940 4257; x_wconf 69' lang='lat' dir='ltr'><strong>copiae.</strong></span> <span class='ocrx_word' id='word_1_645' title='bbox 2976 4184 3081 4240; x_wconf 88' lang='lat' dir='ltr'><strong>Sed</strong></span> <span class='ocrx_word' id='word_1_646' title='bbox 3113 4186 3158 4239; x_wconf 86' lang='lat' dir='ltr'><strong>si</strong></span> <span class='ocrx_word' id='word_1_647' title='bbox 3195 4199 3281 4241; x_wconf 88' lang='lat' dir='ltr'><strong>tne</strong></span> <span class='ocrx_word' id='word_1_648' title='bbox 3312 4184 3524 4249; x_wconf 85' lang='lat' dir='ltr'><strong>audias,</strong></span> 
     </span>
    </p>
   </div>
   <div class='ocr_carea' id='block_1_87' title="bbox 1944 4275 3527 4348">
    <p class='ocr_par' dir='ltr' id='par_1_87' title="bbox 1944 4275 3527 4348">
     <span class='ocr_line' id='line_1_87' title="bbox 1944 4275 3527 4348; baseline 0.001 -20"><span class='ocrx_word' id='word_1_649' title='bbox 1944 4277 2059 4345; x_wconf 89' lang='lat' dir='ltr'><strong>ipse</strong></span> <span class='ocrx_word' id='word_1_650' title='bbox 2102 4291 2319 4346; x_wconf 91' lang='lat' dir='ltr'><strong>quoque</strong></span> <span class='ocrx_word' id='word_1_651' title='bbox 2351 4291 2435 4331; x_wconf 89' lang='lat' dir='ltr'><strong>nte</strong></span> <span class='ocrx_word' id='word_1_652' title='bbox 2474 4288 2691 4331; x_wconf 79' lang='lat' dir='ltr'><strong>eunten:</strong></span> <span class='ocrx_word' id='word_1_653' title='bbox 2727 4292 2980 4348; x_wconf 70' lang='lat' dir='ltr'><strong>Sequere,</strong></span> <span class='ocrx_word' id='word_1_654' title='bbox 3009 4288 3063 4332; x_wconf 93' lang='lat' dir='ltr'><strong>et</strong></span> <span class='ocrx_word' id='word_1_655' title='bbox 3103 4278 3228 4331; x_wconf 86' lang='lat' dir='ltr'><strong>ltinc</strong></span> <span class='ocrx_word' id='word_1_656' title='bbox 3264 4292 3370 4332; x_wconf 90' lang='lat' dir='ltr'><strong>non</strong></span> <span class='ocrx_word' id='word_1_657' title='bbox 3405 4275 3527 4331; x_wconf 87' lang='lat' dir='ltr'><strong>vul-</strong></span> 
     </span>
    </p>
   </div>
   <div class='ocr_carea' id='block_1_88' title="bbox 1943 4366 3523 4436">
    <p class='ocr_par' dir='ltr' id='par_1_88' title="bbox 1943 4366 3523 4436">
     <span class='ocr_line' id='line_1_88' title="bbox 1943 4366 3523 4436; baseline 0.001 -18"><span class='ocrx_word' id='word_1_658' title='bbox 1943 4381 2126 4436; x_wconf 85' lang='lat' dir='ltr'><strong>garem</strong></span> <span class='ocrx_word' id='word_1_659' title='bbox 2168 4366 2395 4420; x_wconf 86' lang='lat' dir='ltr'><strong>habebis</strong></span> <span class='ocrx_word' id='word_1_660' title='bbox 2437 4366 2888 4423; x_wconf 68' lang='lat' dir='ltr'><strong>consolationem.</strong></span> <span class='ocrx_word' id='word_1_661' title='bbox 2936 4369 3097 4422; x_wconf 78' lang='lat' dir='ltr'><strong>l’aret</strong></span> <span class='ocrx_word' id='word_1_662' title='bbox 3123 4366 3320 4432; x_wconf 88' lang='lat' dir='ltr'><strong>dictis,</strong></span> <span class='ocrx_word' id='word_1_663' title='bbox 3366 4377 3421 4422; x_wconf 90' lang='lat' dir='ltr'><strong>et</strong></span> <span class='ocrx_word' id='word_1_664' title='bbox 3454 4367 3523 4421; x_wconf 86' lang='lat' dir='ltr'><strong>ad</strong></span> 
     </span>
    </p>
   </div>
   <div class='ocr_carea' id='block_1_89' title="bbox 1943 4458 3526 4530">
    <p class='ocr_par' dir='ltr' id='par_1_89' title="bbox 1943 4458 3526 4530">
     <span class='ocr_line' id='line_1_89' title="bbox 1943 4458 3526 4530; baseline -0.001 -17"><span class='ocrx_word' id='word_1_665' title='bbox 1943 4458 2182 4529; x_wconf 85' lang='lat' dir='ltr'><strong>singulas</strong></span> <span class='ocrx_word' id='word_1_666' title='bbox 2230 4458 2440 4512; x_wconf 88' lang='lat' dir='ltr'><strong>divinas</strong></span> <span class='ocrx_word' id='word_1_667' title='bbox 2480 4473 2714 4530; x_wconf 79' lang='lat' dir='ltr'><strong>synaxes</strong></span> <span class='ocrx_word' id='word_1_668' title='bbox 2743 4474 2863 4515; x_wconf 86' lang='lat' dir='ltr'><strong>cum</strong></span> <span class='ocrx_word' id='word_1_669' title='bbox 2904 4460 3022 4530; x_wconf 91' lang='lat' dir='ltr'><strong>ipso</strong></span> <span class='ocrx_word' id='word_1_670' title='bbox 3065 4459 3368 4524; x_wconf 88' lang='lat' dir='ltr'><strong>vetttitans,</strong></span> <span class='ocrx_word' id='word_1_671' title='bbox 3400 4473 3526 4511; x_wconf 88' lang='lat' dir='ltr'><strong>sen-</strong></span> 
     </span>
    </p>
   </div>
   <div class='ocr_carea' id='block_1_90' title="bbox 262 4532 1840 4616">
    <p class='ocr_par' dir='ltr' id='par_1_90' title="bbox 262 4540 1835 4616">
     <span class='ocr_line' id='line_1_90' title="bbox 262 4540 1835 4616; baseline -0.004 -16"><span class='ocrx_word' id='word_1_672' title='bbox 262 4542 436 4612; x_wconf 75' lang='grc' dir='ltr'>οἶκον,</span> <span class='ocrx_word' id='word_1_673' title='bbox 467 4545 561 4599; x_wconf 78' lang='grc' dir='ltr'><strong>καὶ</strong></span> <span class='ocrx_word' id='word_1_674' title='bbox 592 4545 671 4616; x_wconf 84' lang='grc' dir='ltr'>τῷ</span> <span class='ocrx_word' id='word_1_675' title='bbox 703 4545 895 4614; x_wconf 84' lang='grc' dir='ltr'>ἀγαθῴ</span> <span class='ocrx_word' id='word_1_676' title='bbox 930 4543 1221 4614; x_wconf 75' lang='grc' dir='ltr'>συμὸοῦλῳ</span> <span class='ocrx_word' id='word_1_677' title='bbox 1247 4543 1343 4614; x_wconf 79' lang='grc' dir='ltr'>τὴν</span> <span class='ocrx_word' id='word_1_678' title='bbox 1364 4542 1526 4613; x_wconf 81' lang='grc' dir='ltr'>χάριν</span> <span class='ocrx_word' id='word_1_679' title='bbox 1561 4540 1835 4610; x_wconf 81' lang='grc' dir='ltr'>ἀνωμολό-</span> 
     </span>
    </p>
   </div>
   <div class='ocr_carea' id='block_1_91' title="bbox 1947 4532 3527 4616">
    <p class='ocr_par' dir='ltr' id='par_1_91' title="bbox 1948 4549 3527 4613">
     <span class='ocr_line' id='line_1_91' title="bbox 1948 4549 3527 4613; baseline 0.002 -11"><span class='ocrx_word' id='word_1_680' title='bbox 1948 4550 2114 4605; x_wconf 80' lang='lat' dir='ltr'><strong>tiebat</strong></span> <span class='ocrx_word' id='word_1_681' title='bbox 2151 4549 2331 4605; x_wconf 85' lang='lat' dir='ltr'><strong>domui</strong></span> <span class='ocrx_word' id='word_1_682' title='bbox 2372 4564 2484 4605; x_wconf 66' lang='lat' dir='ltr'><strong>sua:</strong></span> <span class='ocrx_word' id='word_1_683' title='bbox 2525 4551 2720 4606; x_wconf 81' lang='lat' dir='ltr'><strong>factam</strong></span> <span class='ocrx_word' id='word_1_684' title='bbox 2761 4566 2791 4604; x_wconf 88' lang='lat' dir='ltr'><strong>a</strong></span> <span class='ocrx_word' id='word_1_685' title='bbox 2834 4551 2942 4607; x_wconf 86' lang='lat' dir='ltr'><strong>Deo</strong></span> <span class='ocrx_word' id='word_1_686' title='bbox 2976 4551 3431 4613; x_wconf 88' lang='lat' dir='ltr'><strong>benedictionem,</strong></span> <span class='ocrx_word' id='word_1_687' title='bbox 3470 4559 3527 4606; x_wconf 89' lang='lat' dir='ltr'><strong>et</strong></span> 
     </span>
    </p>
   </div>
   <div class='ocr_carea' id='block_1_92' title="bbox 258 4633 1836 4710">
    <p class='ocr_par' dir='ltr' id='par_1_92' title="bbox 258 4633 1836 4710">
     <span class='ocr_line' id='line_1_92' title="bbox 258 4633 1836 4710; baseline -0.004 -18"><span class='ocrx_word' id='word_1_688' title='bbox 258 4658 373 4709; x_wconf 80' lang='grc' dir='ltr'>γει.</span> <span class='ocrx_word' id='word_1_689' title='bbox 414 4639 470 4691; x_wconf 87' lang='lat'><strong>&#39;0</strong></span> <span class='ocrx_word' id='word_1_690' title='bbox 503 4639 559 4691; x_wconf 84' lang='grc' dir='ltr'>δὲ</span> <span class='ocrx_word' id='word_1_691' title='bbox 592 4638 751 4701; x_wconf 72' lang='grc' dir='ltr'>εὐθὺς</span> <span class='ocrx_word' id='word_1_692' title='bbox 789 4638 889 4710; x_wconf 83' lang='grc' dir='ltr'>τὴν</span> <span class='ocrx_word' id='word_1_693' title='bbox 916 4638 1119 4708; x_wconf 71' lang='grc' dir='ltr'>σκηνὴν</span> <span class='ocrx_word' id='word_1_694' title='bbox 1149 4637 1362 4705; x_wconf 83' lang='grc' dir='ltr'>διάρας,</span> <span class='ocrx_word' id='word_1_695' title='bbox 1419 4634 1666 4706; x_wconf 80' lang='grc' dir='ltr'>φανερῶς</span> <span class='ocrx_word' id='word_1_696' title='bbox 1688 4633 1836 4704; x_wconf 80' lang='grc' dir='ltr'>λέγει</span> 
     </span>
    </p>
   </div>
   <div class='ocr_carea' id='block_1_93' title="bbox 257 4728 1841 4803">
    <p class='ocr_par' dir='ltr' id='par_1_93' title="bbox 257 4728 1841 4803">
     <span class='ocr_line' id='line_1_93' title="bbox 257 4728 1841 4803; baseline -0.001 -17"><span class='ocrx_word' id='word_1_697' title='bbox 257 4732 339 4803; x_wconf 78' lang='grc' dir='ltr'>τῷ</span> <span class='ocrx_word' id='word_1_698' title='bbox 380 4732 660 4802; x_wconf 46' lang='grc' dir='ltr'>ὁμοτέχνῳ</span> <span class='ocrx_word' id='word_1_699' title='bbox 688 4731 762 4796; x_wconf 83' lang='grc' dir='ltr'>ὡς</span> <span class='ocrx_word' id='word_1_700' title='bbox 789 4732 1045 4784; x_wconf 74' lang='grc' dir='ltr'>οὐδέποτε</span> <span class='ocrx_word' id='word_1_701' title='bbox 1086 4733 1308 4802; x_wconf 84' lang='grc' dir='ltr'>χρυσίον</span> <span class='ocrx_word' id='word_1_702' title='bbox 1352 4729 1499 4799; x_wconf 73' lang='grc' dir='ltr'>αὐτῷ</span> <span class='ocrx_word' id='word_1_703' title='bbox 1543 4728 1686 4782; x_wconf 79' lang='grc' dir='ltr'>κατὰ</span> <span class='ocrx_word' id='word_1_704' title='bbox 1741 4728 1841 4800; x_wconf 84' lang='grc' dir='ltr'>τὴν</span> 
     </span>
    </p>
   </div>
   <div class='ocr_carea' id='block_1_94' title="bbox 256 4820 1841 4895">
    <p class='ocr_par' dir='ltr' id='par_1_94' title="bbox 256 4820 1841 4895">
     <span class='ocr_line' id='line_1_94' title="bbox 256 4820 1841 4895; baseline -0.003 -17"><span class='ocrx_word' id='word_1_705' title='bbox 256 4826 379 4878; x_wconf 69' lang='grc' dir='ltr'>ὁδὸν</span> <span class='ocrx_word' id='word_1_706' title='bbox 409 4824 682 4895; x_wconf 78' lang='grc' dir='ltr'>εὑρεθείη.</span> <span class='ocrx_word' id='word_1_707' title='bbox 721 4823 881 4878; x_wconf 85' lang='grc' dir='ltr'><strong>Ἀλλά</strong></span> <span class='ocrx_word' id='word_1_708' title='bbox 913 4823 1257 4894; x_wconf 77' lang='grc' dir='ltr'>βουλόμενος,</span> <span class='ocrx_word' id='word_1_709' title='bbox 1292 4825 1448 4893; x_wconf 77' lang='grc' dir='ltr'>φησὶ,</span> <span class='ocrx_word' id='word_1_710' title='bbox 1486 4820 1841 4892; x_wconf 78' lang='grc' dir='ltr'>διαναστῆσαί</span> 
     </span>
    </p>
   </div>
   <div class='ocr_carea' id='block_1_95' title="bbox 260 4914 1843 4985">
    <p class='ocr_par' dir='ltr' id='par_1_95' title="bbox 260 4914 1843 4985">
     <span class='ocr_line' id='line_1_95' title="bbox 260 4914 1843 4985; baseline -0.003 -14"><span class='ocrx_word' id='word_1_711' title='bbox 260 4931 320 4971; x_wconf 81' lang='grc' dir='ltr'><strong>σε</strong></span> <span class='ocrx_word' id='word_1_712' title='bbox 356 4914 489 4985; x_wconf 72' lang='grc' dir='ltr'>πρὸς</span> <span class='ocrx_word' id='word_1_713' title='bbox 508 4915 604 4979; x_wconf 84' lang='grc' dir='ltr'>τὰς</span> <span class='ocrx_word' id='word_1_714' title='bbox 632 4914 778 4977; x_wconf 81' lang='grc' dir='ltr'>θείας</span> <span class='ocrx_word' id='word_1_715' title='bbox 805 4914 1152 4984; x_wconf 80' lang='grc' dir='ltr'>ἀφικνεῖσθαι</span> <span class='ocrx_word' id='word_1_716' title='bbox 1173 4915 1438 4980; x_wconf 75' lang='grc' dir='ltr'>συνάξεις,</span> <span class='ocrx_word' id='word_1_717' title='bbox 1467 4914 1564 4985; x_wconf 83' lang='grc' dir='ltr'>τὴν</span> <span class='ocrx_word' id='word_1_718' title='bbox 1591 4914 1684 4967; x_wconf 86' lang='grc' dir='ltr'><strong>τοῦ</strong></span> <span class='ocrx_word' id='word_1_719' title='bbox 1710 4932 1843 4985; x_wconf 86' lang='grc' dir='ltr'>χρυ-</span> 
     </span>
    </p>
   </div>
   <div class='ocr_carea' id='block_1_96' title="bbox 261 5000 1835 5078">
    <p class='ocr_par' dir='ltr' id='par_1_96' title="bbox 261 5000 1835 5078">
     <span class='ocr_line' id='line_1_96' title="bbox 261 5000 1835 5078; baseline 0.002 -22"><span class='ocrx_word' id='word_1_720' title='bbox 261 5006 378 5057; x_wconf 88' lang='grc' dir='ltr'>σίου</span> <span class='ocrx_word' id='word_1_721' title='bbox 411 5005 630 5074; x_wconf 86' lang='grc' dir='ltr'>εῦρεσιν</span> <span class='ocrx_word' id='word_1_722' title='bbox 661 5007 1006 5078; x_wconf 66' lang='grc' dir='ltr'>ἐπλασὲμην.</span> <span class='ocrx_word' id='word_1_723' title='bbox 1067 5006 1238 5060; x_wconf 89' lang='grc' dir='ltr'>Τοῦτο</span> <span class='ocrx_word' id='word_1_724' title='bbox 1276 5007 1356 5070; x_wconf 82' lang='grc' dir='ltr'><strong>εἰς</strong></span> <span class='ocrx_word' id='word_1_725' title='bbox 1401 5000 1517 5061; x_wconf 80' lang='grc' dir='ltr'>ὦτα</span> <span class='ocrx_word' id='word_1_726' title='bbox 1545 5004 1621 5075; x_wconf 81' lang='grc' dir='ltr'>τῷ</span> <span class='ocrx_word' id='word_1_727' title='bbox 1651 5023 1835 5075; x_wconf 87' lang='grc' dir='ltr'>μακα-</span> 
     </span>
    </p>
   </div>
   <div class='ocr_carea' id='block_1_97' title="bbox 260 5097 1838 5171">
    <p class='ocr_par' dir='ltr' id='par_1_97' title="bbox 260 5097 1838 5171">
     <span class='ocr_line' id='line_1_97' title="bbox 260 5097 1838 5171; baseline 0.001 -23"><span class='ocrx_word' id='word_1_728' title='bbox 260 5097 512 5168; x_wconf 84' lang='grc' dir='ltr'>ριωτάτῳ</span> <span class='ocrx_word' id='word_1_729' title='bbox 580 5097 804 5171; x_wconf 77' lang='grc' dir='ltr'>Ἰωάννῃ</span> <span class='ocrx_word' id='word_1_730' title='bbox 835 5098 1009 5163; x_wconf 74' lang='grc' dir='ltr'>ἐλθὸν,</span> <span class='ocrx_word' id='word_1_731' title='bbox 1060 5102 1157 5170; x_wconf 86' lang='grc' dir='ltr'>τῆς</span> <span class='ocrx_word' id='word_1_732' title='bbox 1185 5116 1244 5152; x_wconf 89' lang='grc' dir='ltr'><strong>τε</strong></span> <span class='ocrx_word' id='word_1_733' title='bbox 1281 5099 1493 5169; x_wconf 79' lang='grc' dir='ltr'>ἀγαθῆς</span> <span class='ocrx_word' id='word_1_734' title='bbox 1525 5097 1838 5171; x_wconf 80' lang='grc' dir='ltr'>προθέσεως</span> 
     </span>
    </p>
   </div>
   <div class='ocr_carea' id='block_1_98' title="bbox 258 5189 1836 5265">
    <p class='ocr_par' dir='ltr' id='par_1_98' title="bbox 258 5189 1836 5265">
     <span class='ocr_line' id='line_1_98' title="bbox 258 5189 1836 5265; baseline 0.001 -21"><span class='ocrx_word' id='word_1_735' title='bbox 258 5189 425 5244; x_wconf 76' lang='grc' dir='ltr'>αὐτὸν</span> <span class='ocrx_word' id='word_1_736' title='bbox 452 5190 775 5263; x_wconf 81' lang='grc' dir='ltr'>ἀποδέχεται</span> <span class='ocrx_word' id='word_1_737' title='bbox 821 5193 916 5248; x_wconf 76' lang='grc' dir='ltr'><strong>καὶ</strong></span> <span class='ocrx_word' id='word_1_738' title='bbox 945 5197 1042 5265; x_wconf 80' lang='grc' dir='ltr'>τῆς</span> <span class='ocrx_word' id='word_1_739' title='bbox 1060 5192 1154 5247; x_wconf 87' lang='grc' dir='ltr'><strong>τοῦ</strong></span> <span class='ocrx_word' id='word_1_740' title='bbox 1179 5192 1547 5265; x_wconf 77' lang='grc' dir='ltr'>πρεσϐυτέρου</span> <span class='ocrx_word' id='word_1_741' title='bbox 1588 5207 1836 5264; x_wconf 84' lang='grc' dir='ltr'>χειροτο-</span> 
     </span>
    </p>
   </div>
   <div class='ocr_carea' id='block_1_99' title="bbox 260 5285 684 5350">
    <p class='ocr_par' dir='ltr' id='par_1_99' title="bbox 260 5285 684 5350">
     <span class='ocr_line' id='line_1_99' title="bbox 260 5285 684 5350; baseline 0.005 -13"><span class='ocrx_word' id='word_1_742' title='bbox 260 5285 380 5347; x_wconf 85' lang='grc' dir='ltr'>νίας</span> <span class='ocrx_word' id='word_1_743' title='bbox 413 5285 684 5350; x_wconf 71' lang='grc' dir='ltr'>καταξιοῖ.</span> 
     </span>
    </p>
   </div>
   <div class='ocr_carea' id='block_1_100' title="bbox 367 5442 880 5517">
    <p class='ocr_par' dir='ltr' id='par_1_100' title="bbox 367 5442 880 5517">
     <span class='ocr_line' id='line_1_100' title="bbox 367 5442 880 5517; baseline 0.012 -21"><span class='ocrx_word' id='word_1_744' title='bbox 367 5443 413 5474; x_wconf 71' lang='grc' dir='ltr'>ι·</span> <span class='ocrx_word' id='word_1_745' title='bbox 437 5442 629 5500; x_wconf 77' lang='lat' dir='ltr'><strong>Matth.</strong></span> <span class='ocrx_word' id='word_1_746' title='bbox 651 5459 762 5513; x_wconf 65' lang='lat' dir='ltr'><strong>ut,</strong></span> <span class='ocrx_word' id='word_1_747' title='bbox 780 5447 880 5517; x_wconf 67' lang='grc' dir='ltr'><strong>ιδ.</strong></span> 
     </span>
    </p>
   </div>
   <div class='ocr_carea' id='block_1_101' title="bbox 1939 4642 3525 4715">
    <p class='ocr_par' dir='ltr' id='par_1_101' title="bbox 1939 4642 3525 4715">
     <span class='ocr_line' id='line_1_101' title="bbox 1939 4642 3525 4715; baseline 0.002 -19"><span class='ocrx_word' id='word_1_748' title='bbox 1939 4642 2082 4696; x_wconf 88' lang='lat' dir='ltr'><strong>bono</strong></span> <span class='ocrx_word' id='word_1_749' title='bbox 2132 4643 2432 4699; x_wconf 82' lang='lat' dir='ltr'><strong>cOttsultori</strong></span> <span class='ocrx_word' id='word_1_750' title='bbox 2475 4646 2668 4715; x_wconf 84' lang='lat' dir='ltr'><strong>agebat</strong></span> <span class='ocrx_word' id='word_1_751' title='bbox 2715 4645 2940 4713; x_wconf 84' lang='lat' dir='ltr'><strong>gratias.</strong></span> <span class='ocrx_word' id='word_1_752' title='bbox 2983 4643 3077 4697; x_wconf 89' lang='lat' dir='ltr'><strong>Ille</strong></span> <span class='ocrx_word' id='word_1_753' title='bbox 3115 4652 3326 4709; x_wconf 88' lang='lat' dir='ltr'><strong>autem,</strong></span> <span class='ocrx_word' id='word_1_754' title='bbox 3358 4657 3525 4699; x_wconf 80' lang='lat' dir='ltr'><strong>scena</strong></span> 
     </span>
    </p>
   </div>
   <div class='ocr_carea' id='block_1_102' title="bbox 1938 4734 3524 4804">
    <p class='ocr_par' dir='ltr' id='par_1_102' title="bbox 1938 4734 3524 4804">
     <span class='ocr_line' id='line_1_102' title="bbox 1938 4734 3524 4804; baseline 0.002 -17"><span class='ocrx_word' id='word_1_755' title='bbox 1938 4749 2059 4787; x_wconf 82' lang='lat' dir='ltr'><strong>mox</strong></span> <span class='ocrx_word' id='word_1_756' title='bbox 2110 4744 2332 4804; x_wconf 88' lang='lat' dir='ltr'><strong>aperta,</strong></span> <span class='ocrx_word' id='word_1_757' title='bbox 2378 4734 2661 4789; x_wconf 82' lang='lat' dir='ltr'><strong>manifeste</strong></span> <span class='ocrx_word' id='word_1_758' title='bbox 2705 4735 2838 4790; x_wconf 86' lang='lat' dir='ltr'><strong>dicit</strong></span> <span class='ocrx_word' id='word_1_759' title='bbox 2883 4735 3065 4800; x_wconf 85' lang='lat' dir='ltr'><strong>socio,</strong></span> <span class='ocrx_word' id='word_1_760' title='bbox 3113 4750 3172 4789; x_wconf 89' lang='lat' dir='ltr'><strong>se</strong></span> <span class='ocrx_word' id='word_1_761' title='bbox 3245 4749 3524 4804; x_wconf 89' lang='lat' dir='ltr'><strong>nunquam</strong></span> 
     </span>
    </p>
   </div>
   <div class='ocr_carea' id='block_1_103' title="bbox 1938 4827 3528 4900">
    <p class='ocr_par' dir='ltr' id='par_1_103' title="bbox 1938 4827 3528 4900">
     <span class='ocr_line' id='line_1_103' title="bbox 1938 4827 3528 4900; baseline 0.003 -20"><span class='ocrx_word' id='word_1_762' title='bbox 1938 4841 2129 4880; x_wconf 89' lang='lat' dir='ltr'><strong>aurum</strong></span> <span class='ocrx_word' id='word_1_763' title='bbox 2180 4827 2235 4881; x_wconf 89' lang='lat' dir='ltr'><strong>in</strong></span> <span class='ocrx_word' id='word_1_764' title='bbox 2289 4829 2373 4882; x_wconf 86' lang='lat' dir='ltr'><strong>via</strong></span> <span class='ocrx_word' id='word_1_765' title='bbox 2422 4827 2718 4891; x_wconf 86' lang='lat' dir='ltr'><strong>invenisse,</strong></span> <span class='ocrx_word' id='word_1_766' title='bbox 2795 4827 2900 4883; x_wconf 87' lang='lat' dir='ltr'><strong>Sed</strong></span> <span class='ocrx_word' id='word_1_767' title='bbox 2946 4828 3167 4893; x_wconf 84' lang='lat' dir='ltr'><strong>volens,</strong></span> <span class='ocrx_word' id='word_1_768' title='bbox 3220 4827 3430 4900; x_wconf 90' lang='lat' dir='ltr'><strong>inqttit,</strong></span> <span class='ocrx_word' id='word_1_769' title='bbox 3471 4837 3528 4884; x_wconf 82' lang='lat' dir='ltr'><strong>te</strong></span> 
     </span>
    </p>
   </div>
   <div class='ocr_carea' id='block_1_104' title="bbox 1938 4920 3529 4995">
    <p class='ocr_par' dir='ltr' id='par_1_104' title="bbox 1938 4920 3529 4995">
     <span class='ocr_line' id='line_1_104' title="bbox 1938 4920 3529 4995; baseline 0.003 -23"><span class='ocrx_word' id='word_1_770' title='bbox 1938 4920 2183 4975; x_wconf 82' lang='lat' dir='ltr'><strong>excitare</strong></span> <span class='ocrx_word' id='word_1_771' title='bbox 2218 4930 2277 4975; x_wconf 90' lang='lat' dir='ltr'><strong>ut</strong></span> <span class='ocrx_word' id='word_1_772' title='bbox 2302 4921 2514 4976; x_wconf 82' lang='lat' dir='ltr'><strong>venires</strong></span> <span class='ocrx_word' id='word_1_773' title='bbox 2543 4922 2609 4975; x_wconf 91' lang='lat' dir='ltr'><strong>ad</strong></span> <span class='ocrx_word' id='word_1_774' title='bbox 2643 4921 2856 4976; x_wconf 87' lang='lat' dir='ltr'><strong>divinas</strong></span> <span class='ocrx_word' id='word_1_775' title='bbox 2880 4923 3354 4995; x_wconf 84' lang='lat' dir='ltr'><strong>congregationes,</strong></span> <span class='ocrx_word' id='word_1_776' title='bbox 3392 4922 3529 4978; x_wconf 74' lang='lat' dir='ltr'><strong>tinxi</strong></span> 
     </span>
    </p>
   </div>
   <div class='ocr_carea' id='block_1_105' title="bbox 1946 5011 3527 5083">
    <p class='ocr_par' dir='ltr' id='par_1_105' title="bbox 1946 5011 3527 5083">
     <span class='ocr_line' id='line_1_105' title="bbox 1946 5011 3527 5083; baseline 0.003 -18"><span class='ocrx_word' id='word_1_777' title='bbox 1946 5011 2084 5067; x_wconf 88' lang='lat' dir='ltr'><strong>banc</strong></span> <span class='ocrx_word' id='word_1_778' title='bbox 2122 5012 2241 5067; x_wconf 87' lang='lat' dir='ltr'><strong>auri</strong></span> <span class='ocrx_word' id='word_1_779' title='bbox 2291 5014 2682 5068; x_wconf 90' lang='lat' dir='ltr'><strong>inventionem.</strong></span> <span class='ocrx_word' id='word_1_780' title='bbox 2735 5012 2849 5068; x_wconf 85' lang='lat' dir='ltr'><strong>Hoc</strong></span> <span class='ocrx_word' id='word_1_781' title='bbox 2896 5028 3019 5068; x_wconf 88' lang='lat' dir='ltr'><strong>enm</strong></span> <span class='ocrx_word' id='word_1_782' title='bbox 3068 5015 3405 5083; x_wconf 82' lang='lat' dir='ltr'><strong>pervenisset</strong></span> <span class='ocrx_word' id='word_1_783' title='bbox 3454 5014 3527 5069; x_wconf 84' lang='lat' dir='ltr'><strong>ad</strong></span> 
     </span>
    </p>
   </div>
   <div class='ocr_carea' id='block_1_106' title="bbox 1944 5102 3524 5174">
    <p class='ocr_par' dir='ltr' id='par_1_106' title="bbox 1944 5102 3524 5174">
     <span class='ocr_line' id='line_1_106' title="bbox 1944 5102 3524 5174; baseline 0.002 -20"><span class='ocrx_word' id='word_1_784' title='bbox 1944 5116 2105 5156; x_wconf 89' lang='lat' dir='ltr'><strong>aures</strong></span> <span class='ocrx_word' id='word_1_785' title='bbox 2150 5102 2446 5157; x_wconf 87' lang='lat' dir='ltr'><strong>beatissimi</strong></span> <span class='ocrx_word' id='word_1_786' title='bbox 2493 5102 2854 5173; x_wconf 73' lang='lat' dir='ltr'><strong>patriarchae,</strong></span> <span class='ocrx_word' id='word_1_787' title='bbox 2895 5113 2949 5159; x_wconf 91' lang='lat' dir='ltr'><strong>et</strong></span> <span class='ocrx_word' id='word_1_788' title='bbox 2981 5104 3096 5174; x_wconf 88' lang='lat' dir='ltr'><strong>ejus</strong></span> <span class='ocrx_word' id='word_1_789' title='bbox 3133 5104 3330 5158; x_wconf 91' lang='lat' dir='ltr'><strong>bonum</strong></span> <span class='ocrx_word' id='word_1_790' title='bbox 3372 5117 3524 5157; x_wconf 84' lang='lat' dir='ltr'><strong>com-</strong></span> 
     </span>
    </p>
   </div>
   <div class='ocr_carea' id='block_1_107' title="bbox 1946 5195 3526 5269">
    <p class='ocr_par' dir='ltr' id='par_1_107' title="bbox 1946 5195 3526 5269">
     <span class='ocr_line' id='line_1_107' title="bbox 1946 5195 3526 5269; baseline 0.004 -21"><span class='ocrx_word' id='word_1_791' title='bbox 1946 5196 2161 5251; x_wconf 87' lang='lat' dir='ltr'><strong>mendat</strong></span> <span class='ocrx_word' id='word_1_792' title='bbox 2196 5196 2559 5267; x_wconf 89' lang='lat' dir='ltr'><strong>propositum,</strong></span> <span class='ocrx_word' id='word_1_793' title='bbox 2602 5205 2657 5251; x_wconf 91' lang='lat' dir='ltr'><strong>et</strong></span> <span class='ocrx_word' id='word_1_794' title='bbox 2690 5212 2815 5253; x_wconf 89' lang='lat' dir='ltr'><strong>eutn</strong></span> <span class='ocrx_word' id='word_1_795' title='bbox 2856 5196 3073 5252; x_wconf 86' lang='lat' dir='ltr'><strong>ordinat</strong></span> <span class='ocrx_word' id='word_1_796' title='bbox 3115 5195 3526 5269; x_wconf 76' lang='lat' dir='ltr'><strong>presbyterum.</strong></span> 
     </span>
    </p>
   </div>
   <div class='ocr_carea' id='block_1_108' title="bbox 3571 5306 3583 5332">
    <p class='ocr_par' dir='ltr' id='par_1_108' title="bbox 3571 5306 3583 5332">
     <span class='ocr_line' id='line_1_108' title="bbox 3571 5306 3583 5332; baseline 0 0"><span class='ocrx_word' id='word_1_797' title='bbox 3571 5306 3583 5332; x_wconf 52' lang='grc' dir='ltr'><strong>Ἰ.</strong></span> 
     </span>
    </p>
   </div>
  </div>
