  <div class='ocr_page' id='page_1' title='image "/cluster/home/n/w/nwhite01/storage/ocr_20150623/114/hvd.32044019208123/513.png"; bbox 0 0 3828 6496; ppageno 0'>
   <div class='ocr_carea' id='block_1_1' title="bbox 385 367 489 432">
    <p class='ocr_par' dir='ltr' id='par_1_1' title="bbox 385 367 489 432">
     <span class='ocr_line' id='line_1_1' title="bbox 385 367 489 432; baseline 0.019 -2"><span class='ocrx_word' id='word_1_1' title='bbox 385 367 489 432; x_wconf 70' lang='grc'><strong>959</strong></span> 
     </span>
    </p>
   </div>
   <div class='ocr_carea' id='block_1_2' title="bbox 1611 364 3611 429">
    <p class='ocr_par' dir='ltr' id='par_1_2' title="bbox 1611 364 3611 429">
     <span class='ocr_line' id='line_1_2' title="bbox 1611 364 3611 429; baseline -0.008 -1"><span class='ocrx_word' id='word_1_2' title='bbox 1611 369 1891 429; x_wconf 71' lang='lat' dir='ltr'><strong>MEN‘SIS</strong></span> <span class='ocrx_word' id='word_1_3' title='bbox 1939 365 2377 428; x_wconf 67' lang='lat' dir='ltr'><strong>JANUARIUS</strong></span> <span class='ocrx_word' id='word_1_4' title='bbox 3519 364 3611 427; x_wconf 78' lang='lat'><strong>950</strong></span> 
     </span>
    </p>
   </div>
   <div class='ocr_carea' id='block_1_3' title="bbox 1796 501 2203 558">
    <p class='ocr_par' dir='ltr' id='par_1_3' title="bbox 1796 501 2203 558">
     <span class='ocr_line' id='line_1_3' title="bbox 1796 501 2203 558; baseline -0.005 -2"><span class='ocrx_word' id='word_1_5' title='bbox 1796 501 2026 558; x_wconf 72' lang='lat' dir='ltr'><strong>CAPUT</strong></span> <span class='ocrx_word' id='word_1_6' title='bbox 2068 501 2203 556; x_wconf 72' lang='lat' dir='ltr'><strong>XIII.</strong></span> 
     </span>
    </p>
   </div>
   <div class='ocr_carea' id='block_1_4' title="bbox 1613 622 2360 691">
    <p class='ocr_par' dir='ltr' id='par_1_4' title="bbox 1613 622 2360 691">
     <span class='ocr_line' id='line_1_4' title="bbox 1613 622 2360 691; baseline -0.011 -12"><span class='ocrx_word' id='word_1_7' title='bbox 1613 625 1669 679; x_wconf 88' lang='lat' dir='ltr'><strong>S.</strong></span> <span class='ocrx_word' id='word_1_8' title='bbox 1713 623 1936 676; x_wconf 75' lang='lat' dir='ltr'><strong>Joannis</strong></span> <span class='ocrx_word' id='word_1_9' title='bbox 1975 622 2124 691; x_wconf 81' lang='lat' dir='ltr'><strong>fuga,</strong></span> <span class='ocrx_word' id='word_1_10' title='bbox 2170 622 2360 674; x_wconf 77' lang='lat' dir='ltr'><strong>obitus.</strong></span> 
     </span>
    </p>
   </div>
   <div class='ocr_carea' id='block_1_5' title="bbox 457 736 1954 816">
    <p class='ocr_par' dir='ltr' id='par_1_5' title="bbox 457 740 1954 810">
     <span class='ocr_line' id='line_1_5' title="bbox 457 740 1954 810; baseline 0.003 -15"><span class='ocrx_word' id='word_1_11' title='bbox 457 740 691 795; x_wconf 70' lang='lat' dir='ltr'><strong>LXXIII.</strong></span> <span class='ocrx_word' id='word_1_12' title='bbox 737 740 834 794; x_wconf 90' lang='lat' dir='ltr'><strong>l-Iic</strong></span> <span class='ocrx_word' id='word_1_13' title='bbox 890 755 1076 796; x_wconf 65' lang='lat' dir='ltr'><strong>revvra</strong></span> <span class='ocrx_word' id='word_1_14' title='bbox 1128 742 1300 797; x_wconf 81' lang='lat' dir='ltr'><strong>bonus</strong></span> <span class='ocrx_word' id='word_1_15' title='bbox 1344 755 1547 810; x_wconf 88' lang='lat' dir='ltr'><strong>pastor,</strong></span> <span class='ocrx_word' id='word_1_16' title='bbox 1593 745 1828 810; x_wconf 87' lang='lat' dir='ltr'><strong>divinus,</strong></span> <span class='ocrx_word' id='word_1_17' title='bbox 1874 745 1954 800; x_wconf 86' lang='lat' dir='ltr'><strong>in-</strong></span> 
     </span>
    </p>
   </div>
   <div class='ocr_carea' id='block_1_6' title="bbox 2059 736 3619 816">
    <p class='ocr_par' dir='ltr' id='par_1_6' title="bbox 2131 736 3619 816">
     <span class='ocr_line' id='line_1_6' title="bbox 2131 736 3619 816; baseline 0.001 -22"><span class='ocrx_word' id='word_1_18' title='bbox 2131 739 2250 794; x_wconf 85' lang='lat' dir='ltr'><strong>Ol&quot;.</strong></span> <span class='ocrx_word' id='word_1_19' title='bbox 2284 736 2452 802; x_wconf 70' lang='grc' dir='ltr'><strong>Οὗτος</strong></span> <span class='ocrx_word' id='word_1_20' title='bbox 2472 743 2500 792; x_wconf 85' lang='grc' dir='ltr'><strong>ό</strong></span> <span class='ocrx_word' id='word_1_21' title='bbox 2533 739 2690 804; x_wconf 77' lang='grc' dir='ltr'><strong>καλὸς</strong></span> <span class='ocrx_word' id='word_1_22' title='bbox 2716 739 2794 810; x_wconf 84' lang='grc' dir='ltr'><strong>τῷ</strong></span> <span class='ocrx_word' id='word_1_23' title='bbox 2820 739 2933 794; x_wconf 74' lang='grc' dir='ltr'><strong>ὄντι</strong></span> <span class='ocrx_word' id='word_1_24' title='bbox 2967 742 3190 811; x_wconf 77' lang='grc' dir='ltr'><strong>ποιμὴν,</strong></span> <span class='ocrx_word' id='word_1_25' title='bbox 3223 743 3252 796; x_wconf 83' lang='grc' dir='ltr'>ὁ</span> <span class='ocrx_word' id='word_1_26' title='bbox 3278 742 3441 809; x_wconf 84' lang='grc' dir='ltr'><strong>θεῖος,</strong></span> <span class='ocrx_word' id='word_1_27' title='bbox 3468 748 3619 816; x_wconf 61' lang='grc' dir='ltr'><strong>φημὶ,</strong></span> 
     </span>
    </p>
   </div>
   <div class='ocr_carea' id='block_1_7' title="bbox 381 832 1956 905">
    <p class='ocr_par' dir='ltr' id='par_1_7' title="bbox 381 832 1956 905">
     <span class='ocr_line' id='line_1_7' title="bbox 381 832 1956 905; baseline 0.008 -28"><span class='ocrx_word' id='word_1_28' title='bbox 381 847 568 902; x_wconf 78' lang='lat' dir='ltr'><strong>quam,</strong></span> <span class='ocrx_word' id='word_1_29' title='bbox 588 832 915 898; x_wconf 76' lang='lat' dir='ltr'><strong>patriarcha,</strong></span> <span class='ocrx_word' id='word_1_30' title='bbox 932 834 1158 887; x_wconf 77' lang='lat' dir='ltr'><strong>credens</strong></span> <span class='ocrx_word' id='word_1_31' title='bbox 1177 835 1402 903; x_wconf 80' lang='lat' dir='ltr'><strong>principi</strong></span> <span class='ocrx_word' id='word_1_32' title='bbox 1427 850 1698 905; x_wconf 77' lang='lat' dir='ltr'><strong>pastorum</strong></span> <span class='ocrx_word' id='word_1_33' title='bbox 1715 839 1956 902; x_wconf 89' lang='lat' dir='ltr'><strong>Christo,</strong></span> 
     </span>
    </p>
   </div>
   <div class='ocr_carea' id='block_1_8' title="bbox 383 921 1957 990">
    <p class='ocr_par' dir='ltr' id='par_1_8' title="bbox 383 921 1957 990">
     <span class='ocr_line' id='line_1_8' title="bbox 383 921 1957 990; baseline 0.002 -15"><span class='ocrx_word' id='word_1_34' title='bbox 383 924 473 985; x_wconf 89' lang='lat' dir='ltr'><strong>qui</strong></span> <span class='ocrx_word' id='word_1_35' title='bbox 528 921 676 990; x_wconf 85' lang='lat' dir='ltr'><strong>jubet</strong></span> <span class='ocrx_word' id='word_1_36' title='bbox 705 923 770 985; x_wconf 77' lang='grc'><strong>³⁸,</strong></span> <span class='ocrx_word' id='word_1_37' title='bbox 819 921 862 974; x_wconf 89' lang='lat' dir='ltr'><strong>si</strong></span> <span class='ocrx_word' id='word_1_38' title='bbox 909 922 1177 990; x_wconf 81' lang='lat' dir='ltr'><strong>persecuti</strong></span> <span class='ocrx_word' id='word_1_39' title='bbox 1223 921 1442 988; x_wconf 77' lang='lat' dir='ltr'><strong>fuerint,</strong></span> <span class='ocrx_word' id='word_1_40' title='bbox 1491 938 1553 977; x_wconf 84' lang='lat' dir='ltr'><strong>ex</strong></span> <span class='ocrx_word' id='word_1_41' title='bbox 1593 939 1696 977; x_wconf 90' lang='lat' dir='ltr'><strong>una</strong></span> <span class='ocrx_word' id='word_1_42' title='bbox 1737 924 1957 978; x_wconf 79' lang='lat' dir='ltr'><strong>civitate</strong></span> 
     </span>
    </p>
   </div>
   <div class='ocr_carea' id='block_1_9' title="bbox 384 1012 1954 1080">
    <p class='ocr_par' dir='ltr' id='par_1_9' title="bbox 384 1012 1954 1080">
     <span class='ocr_line' id='line_1_9' title="bbox 384 1012 1954 1080; baseline 0.001 -15"><span class='ocrx_word' id='word_1_43' title='bbox 384 1012 568 1080; x_wconf 76' lang='lat' dir='ltr'><strong>fugere</strong></span> <span class='ocrx_word' id='word_1_44' title='bbox 622 1013 675 1066; x_wconf 92' lang='lat' dir='ltr'><strong>in</strong></span> <span class='ocrx_word' id='word_1_45' title='bbox 721 1013 917 1079; x_wconf 79' lang='lat' dir='ltr'><strong>aliaat;</strong></span> <span class='ocrx_word' id='word_1_46' title='bbox 965 1028 1088 1067; x_wconf 89' lang='lat' dir='ltr'><strong>cum</strong></span> <span class='ocrx_word' id='word_1_47' title='bbox 1140 1024 1282 1067; x_wconf 87' lang='lat' dir='ltr'><strong>esset</strong></span> <span class='ocrx_word' id='word_1_48' title='bbox 1329 1015 1648 1068; x_wconf 80' lang='lat' dir='ltr'><strong>Alexandria</strong></span> <span class='ocrx_word' id='word_1_49' title='bbox 1695 1016 1954 1070; x_wconf 87' lang='lat' dir='ltr'><strong>tradenda</strong></span> 
     </span>
    </p>
   </div>
   <div class='ocr_carea' id='block_1_10' title="bbox 387 1104 1952 1179">
    <p class='ocr_par' dir='ltr' id='par_1_10' title="bbox 387 1104 1952 1179">
     <span class='ocr_line' id='line_1_10' title="bbox 387 1104 1952 1179; baseline 0.001 -21"><span class='ocrx_word' id='word_1_50' title='bbox 387 1106 633 1158; x_wconf 81' lang='lat' dir='ltr'><strong>manibus</strong></span> <span class='ocrx_word' id='word_1_51' title='bbox 657 1104 965 1167; x_wconf 79' lang='lat' dir='ltr'><strong>Persarum,</strong></span> <span class='ocrx_word' id='word_1_52' title='bbox 995 1108 1173 1162; x_wconf 89' lang='lat' dir='ltr'><strong>divina</strong></span> <span class='ocrx_word' id='word_1_53' title='bbox 1199 1108 1532 1179; x_wconf 81' lang='lat' dir='ltr'><strong>providentia</strong></span> <span class='ocrx_word' id='word_1_54' title='bbox 1565 1110 1711 1162; x_wconf 86' lang='lat' dir='ltr'><strong>illinc</strong></span> <span class='ocrx_word' id='word_1_55' title='bbox 1738 1109 1952 1177; x_wconf 84' lang='lat' dir='ltr'><strong>quidem</strong></span> 
     </span>
    </p>
   </div>
   <div class='ocr_carea' id='block_1_11' title="bbox 386 1199 1952 1271">
    <p class='ocr_par' dir='ltr' id='par_1_11' title="bbox 386 1199 1952 1271">
     <span class='ocr_line' id='line_1_11' title="bbox 386 1199 1952 1271; baseline 0.004 -23"><span class='ocrx_word' id='word_1_56' title='bbox 386 1199 606 1260; x_wconf 84' lang='lat' dir='ltr'><strong>recedit,</strong></span> <span class='ocrx_word' id='word_1_57' title='bbox 653 1199 845 1266; x_wconf 80' lang='lat' dir='ltr'><strong>migrat</strong></span> <span class='ocrx_word' id='word_1_58' title='bbox 895 1207 1075 1251; x_wconf 87' lang='lat' dir='ltr'><strong>autem</strong></span> <span class='ocrx_word' id='word_1_59' title='bbox 1124 1200 1179 1252; x_wconf 89' lang='lat' dir='ltr'><strong>in</strong></span> <span class='ocrx_word' id='word_1_60' title='bbox 1228 1215 1378 1253; x_wconf 85' lang='lat' dir='ltr'><strong>suam</strong></span> <span class='ocrx_word' id='word_1_61' title='bbox 1418 1201 1644 1266; x_wconf 82' lang='lat' dir='ltr'><strong>patriam</strong></span> <span class='ocrx_word' id='word_1_62' title='bbox 1697 1201 1952 1271; x_wconf 80' lang='lat' dir='ltr'><strong>Cyprum,</strong></span> 
     </span>
    </p>
   </div>
   <div class='ocr_carea' id='block_1_12' title="bbox 383 1289 1950 1359">
    <p class='ocr_par' dir='ltr' id='par_1_12' title="bbox 383 1289 1950 1359">
     <span class='ocr_line' id='line_1_12' title="bbox 383 1289 1950 1359; baseline 0.001 -16"><span class='ocrx_word' id='word_1_63' title='bbox 383 1305 540 1343; x_wconf 86' lang='lat' dir='ltr'><strong>suum</strong></span> <span class='ocrx_word' id='word_1_64' title='bbox 591 1289 638 1342; x_wconf 91' lang='lat' dir='ltr'><strong>ei</strong></span> <span class='ocrx_word' id='word_1_65' title='bbox 675 1303 872 1357; x_wconf 88' lang='lat' dir='ltr'><strong>corpus</strong></span> <span class='ocrx_word' id='word_1_66' title='bbox 909 1289 1235 1358; x_wconf 74' lang='lat' dir='ltr'><strong>largiturus,</strong></span> <span class='ocrx_word' id='word_1_67' title='bbox 1271 1298 1326 1344; x_wconf 90' lang='lat' dir='ltr'><strong>ut</strong></span> <span class='ocrx_word' id='word_1_68' title='bbox 1361 1306 1480 1359; x_wconf 68' lang='lat' dir='ltr'><strong>quae</strong></span> <span class='ocrx_word' id='word_1_69' title='bbox 1525 1306 1646 1344; x_wconf 89' lang='lat' dir='ltr'><strong>eum</strong></span> <span class='ocrx_word' id='word_1_70' title='bbox 1699 1291 1950 1356; x_wconf 52' lang='lat' dir='ltr'><strong>alueratf:</strong></span> 
     </span>
    </p>
   </div>
   <div class='ocr_carea' id='block_1_13' title="bbox 385 1381 1954 1452">
    <p class='ocr_par' dir='ltr' id='par_1_13' title="bbox 385 1381 1954 1452">
     <span class='ocr_line' id='line_1_13' title="bbox 385 1381 1954 1452; baseline 0.004 -21"><span class='ocrx_word' id='word_1_71' title='bbox 385 1381 727 1448; x_wconf 70' lang='lat' dir='ltr'><strong>pra&#39;sciverat</strong></span> <span class='ocrx_word' id='word_1_72' title='bbox 761 1383 903 1434; x_wconf 90' lang='lat' dir='ltr'><strong>enim</strong></span> <span class='ocrx_word' id='word_1_73' title='bbox 939 1382 1049 1450; x_wconf 90' lang='lat' dir='ltr'><strong>jam</strong></span> <span class='ocrx_word' id='word_1_74' title='bbox 1093 1383 1526 1452; x_wconf 75' lang='lat' dir='ltr'><strong>appropinquare</strong></span> <span class='ocrx_word' id='word_1_75' title='bbox 1562 1385 1864 1438; x_wconf 77' lang='lat' dir='ltr'><strong>decessum.</strong></span> <span class='ocrx_word' id='word_1_76' title='bbox 1903 1385 1954 1439; x_wconf 91' lang='lat' dir='ltr'><strong>ls</strong></span> 
     </span>
    </p>
   </div>
   <div class='ocr_carea' id='block_1_14' title="bbox 387 1471 1955 1546">
    <p class='ocr_par' dir='ltr' id='par_1_14' title="bbox 387 1471 1955 1546">
     <span class='ocr_line' id='line_1_14' title="bbox 387 1471 1955 1546; baseline 0.005 -22"><span class='ocrx_word' id='word_1_77' title='bbox 387 1471 585 1539; x_wconf 73' lang='lat' dir='ltr'><strong>itaque,</strong></span> <span class='ocrx_word' id='word_1_78' title='bbox 629 1473 782 1540; x_wconf 88' lang='lat' dir='ltr'><strong>cujus</strong></span> <span class='ocrx_word' id='word_1_79' title='bbox 823 1488 964 1542; x_wconf 64' lang='lat' dir='ltr'><strong>saepe</strong></span> <span class='ocrx_word' id='word_1_80' title='bbox 1016 1475 1336 1529; x_wconf 77' lang='lat' dir='ltr'><strong>mentionem</strong></span> <span class='ocrx_word' id='word_1_81' title='bbox 1389 1476 1636 1535; x_wconf 80' lang='lat' dir='ltr'><strong>fecimus.</strong></span> <span class='ocrx_word' id='word_1_82' title='bbox 1694 1477 1955 1546; x_wconf 84' lang='lat' dir='ltr'><strong>patricius</strong></span> 
     </span>
    </p>
   </div>
   <div class='ocr_carea' id='block_1_15' title="bbox 383 1560 1956 1635">
    <p class='ocr_par' dir='ltr' id='par_1_15' title="bbox 383 1560 1956 1635">
     <span class='ocr_line' id='line_1_15' title="bbox 383 1560 1956 1635; baseline 0.004 -19"><span class='ocrx_word' id='word_1_83' title='bbox 383 1560 620 1627; x_wconf 80' lang='lat' dir='ltr'><strong>Nicetas,</strong></span> <span class='ocrx_word' id='word_1_84' title='bbox 650 1572 864 1634; x_wconf 89' lang='lat' dir='ltr'><strong>accepta</strong></span> <span class='ocrx_word' id='word_1_85' title='bbox 890 1566 1175 1620; x_wconf 89' lang='lat' dir='ltr'><strong>occasione</strong></span> <span class='ocrx_word' id='word_1_86' title='bbox 1204 1582 1268 1621; x_wconf 75' lang='lat' dir='ltr'><strong>ex</strong></span> <span class='ocrx_word' id='word_1_87' title='bbox 1298 1581 1363 1619; x_wconf 90' lang='lat' dir='ltr'><strong>eo</strong></span> <span class='ocrx_word' id='word_1_88' title='bbox 1412 1569 1552 1635; x_wconf 89' lang='lat' dir='ltr'><strong>quod</strong></span> <span class='ocrx_word' id='word_1_89' title='bbox 1604 1568 1782 1622; x_wconf 72' lang='lat' dir='ltr'><strong>Perstc</strong></span> <span class='ocrx_word' id='word_1_90' title='bbox 1816 1569 1956 1623; x_wconf 83' lang='lat' dir='ltr'><strong>irru-</strong></span> 
     </span>
    </p>
   </div>
   <div class='ocr_carea' id='block_1_16' title="bbox 384 1654 1954 1730">
    <p class='ocr_par' dir='ltr' id='par_1_16' title="bbox 384 1654 1954 1730">
     <span class='ocr_line' id='line_1_16' title="bbox 384 1654 1954 1730; baseline 0.005 -22"><span class='ocrx_word' id='word_1_91' title='bbox 384 1664 595 1721; x_wconf 83' lang='lat' dir='ltr'><strong>perant,</strong></span> <span class='ocrx_word' id='word_1_92' title='bbox 639 1654 887 1708; x_wconf 86' lang='lat' dir='ltr'><strong>obsecrat</strong></span> <span class='ocrx_word' id='word_1_93' title='bbox 917 1657 1089 1709; x_wconf 81' lang='lat' dir='ltr'><strong>virum</strong></span> <span class='ocrx_word' id='word_1_94' title='bbox 1139 1658 1400 1720; x_wconf 89' lang='lat' dir='ltr'><strong>divinum,</strong></span> <span class='ocrx_word' id='word_1_95' title='bbox 1451 1669 1509 1714; x_wconf 92' lang='lat' dir='ltr'><strong>ut</strong></span> <span class='ocrx_word' id='word_1_96' title='bbox 1553 1660 1737 1714; x_wconf 81' lang='lat' dir='ltr'><strong>veniat</strong></span> <span class='ocrx_word' id='word_1_97' title='bbox 1784 1675 1954 1730; x_wconf 87' lang='lat' dir='ltr'><strong>usque</strong></span> 
     </span>
    </p>
   </div>
   <div class='ocr_carea' id='block_1_17' title="bbox 384 1747 1952 1817">
    <p class='ocr_par' dir='ltr' id='par_1_17' title="bbox 384 1747 1952 1817">
     <span class='ocr_line' id='line_1_17' title="bbox 384 1747 1952 1817; baseline 0.004 -18"><span class='ocrx_word' id='word_1_98' title='bbox 384 1747 450 1799; x_wconf 90' lang='lat' dir='ltr'><strong>ad</strong></span> <span class='ocrx_word' id='word_1_99' title='bbox 485 1747 684 1816; x_wconf 75' lang='lat' dir='ltr'><strong>regiam</strong></span> <span class='ocrx_word' id='word_1_100' title='bbox 730 1749 1029 1811; x_wconf 86' lang='lat' dir='ltr'><strong>civitatem,</strong></span> <span class='ocrx_word' id='word_1_101' title='bbox 1059 1750 1310 1817; x_wconf 83' lang='lat' dir='ltr'><strong>precibus</strong></span> <span class='ocrx_word' id='word_1_102' title='bbox 1348 1758 1403 1804; x_wconf 85' lang='lat' dir='ltr'><strong>et</strong></span> <span class='ocrx_word' id='word_1_103' title='bbox 1435 1751 1807 1806; x_wconf 76' lang='lat' dir='ltr'><strong>benedictione</strong></span> <span class='ocrx_word' id='word_1_104' title='bbox 1848 1753 1952 1806; x_wconf 87' lang='lat' dir='ltr'><strong>int-</strong></span> 
     </span>
    </p>
   </div>
   <div class='ocr_carea' id='block_1_18' title="bbox 383 1839 1950 1909">
    <p class='ocr_par' dir='ltr' id='par_1_18' title="bbox 383 1839 1950 1909">
     <span class='ocr_line' id='line_1_18' title="bbox 383 1839 1950 1909; baseline 0.007 -22"><span class='ocrx_word' id='word_1_105' title='bbox 383 1839 677 1906; x_wconf 81' lang='lat' dir='ltr'><strong>pertiturus</strong></span> <span class='ocrx_word' id='word_1_106' title='bbox 734 1840 1140 1909; x_wconf 82' lang='lat' dir='ltr'><strong>imperatorem.</strong></span> <span class='ocrx_word' id='word_1_107' title='bbox 1193 1840 1284 1894; x_wconf 88' lang='lat' dir='ltr'><strong>Ille</strong></span> <span class='ocrx_word' id='word_1_108' title='bbox 1343 1852 1526 1895; x_wconf 85' lang='lat' dir='ltr'><strong>autem</strong></span> <span class='ocrx_word' id='word_1_109' title='bbox 1589 1858 1709 1896; x_wconf 89' lang='lat' dir='ltr'><strong>cum</strong></span> <span class='ocrx_word' id='word_1_110' title='bbox 1763 1844 1950 1909; x_wconf 88' lang='lat' dir='ltr'><strong>sciret,</strong></span> 
     </span>
    </p>
   </div>
   <div class='ocr_carea' id='block_1_19' title="bbox 382 1930 1952 2006">
    <p class='ocr_par' dir='ltr' id='par_1_19' title="bbox 382 1930 1952 2006">
     <span class='ocr_line' id='line_1_19' title="bbox 382 1930 1952 2006; baseline 0.006 -28"><span class='ocrx_word' id='word_1_111' title='bbox 382 1931 555 1997; x_wconf 83' lang='lat' dir='ltr'><strong>qualis</strong></span> <span class='ocrx_word' id='word_1_112' title='bbox 585 1939 726 1984; x_wconf 88' lang='lat' dir='ltr'><strong>esset</strong></span> <span class='ocrx_word' id='word_1_113' title='bbox 759 1930 890 1983; x_wconf 86' lang='lat' dir='ltr'><strong>tidcs</strong></span> <span class='ocrx_word' id='word_1_114' title='bbox 923 1931 1019 1983; x_wconf 87' lang='lat' dir='ltr'><strong>viri</strong></span> <span class='ocrx_word' id='word_1_115' title='bbox 1053 1930 1362 1996; x_wconf 78' lang='lat' dir='ltr'><strong>clarissimi,</strong></span> <span class='ocrx_word' id='word_1_116' title='bbox 1397 1933 1818 2006; x_wconf 80' lang='lat' dir='ltr'><strong>annuitquidem</strong></span> <span class='ocrx_word' id='word_1_117' title='bbox 1858 1949 1952 2002; x_wconf 90' lang='lat' dir='ltr'><strong>pe-</strong></span> 
     </span>
    </p>
   </div>
   <div class='ocr_carea' id='block_1_20' title="bbox 382 2021 1949 2097">
    <p class='ocr_par' dir='ltr' id='par_1_20' title="bbox 382 2021 1949 2097">
     <span class='ocr_line' id='line_1_20' title="bbox 382 2021 1949 2097; baseline 0.004 -22"><span class='ocrx_word' id='word_1_118' title='bbox 382 2021 597 2076; x_wconf 85' lang='lat' dir='ltr'><strong>titioni:</strong></span> <span class='ocrx_word' id='word_1_119' title='bbox 631 2038 751 2075; x_wconf 91' lang='lat' dir='ltr'><strong>cum</strong></span> <span class='ocrx_word' id='word_1_120' title='bbox 791 2025 949 2076; x_wconf 84' lang='lat' dir='ltr'><strong>amho</strong></span> <span class='ocrx_word' id='word_1_121' title='bbox 991 2033 1166 2075; x_wconf 90' lang='lat' dir='ltr'><strong>autem</strong></span> <span class='ocrx_word' id='word_1_122' title='bbox 1209 2038 1342 2076; x_wconf 85' lang='lat' dir='ltr'><strong>nave</strong></span> <span class='ocrx_word' id='word_1_123' title='bbox 1369 2025 1714 2092; x_wconf 76' lang='lat' dir='ltr'><strong>veherentur,</strong></span> <span class='ocrx_word' id='word_1_124' title='bbox 1745 2037 1800 2082; x_wconf 90' lang='lat' dir='ltr'><strong>et</strong></span> <span class='ocrx_word' id='word_1_125' title='bbox 1837 2028 1949 2097; x_wconf 89' lang='lat' dir='ltr'><strong>jam</strong></span> 
     </span>
    </p>
   </div>
   <div class='ocr_carea' id='block_1_21' title="bbox 381 2113 1951 2188">
    <p class='ocr_par' dir='ltr' id='par_1_21' title="bbox 381 2113 1951 2188">
     <span class='ocr_line' id='line_1_21' title="bbox 381 2113 1951 2188; baseline 0.008 -24"><span class='ocrx_word' id='word_1_126' title='bbox 381 2122 560 2166; x_wconf 79' lang='lat' dir='ltr'><strong>essent</strong></span> <span class='ocrx_word' id='word_1_127' title='bbox 603 2113 654 2166; x_wconf 94' lang='lat' dir='ltr'><strong>in</strong></span> <span class='ocrx_word' id='word_1_128' title='bbox 687 2114 864 2166; x_wconf 89' lang='lat' dir='ltr'><strong>medio</strong></span> <span class='ocrx_word' id='word_1_129' title='bbox 897 2114 1064 2174; x_wconf 85' lang='lat' dir='ltr'><strong>mari,</strong></span> <span class='ocrx_word' id='word_1_130' title='bbox 1115 2113 1360 2168; x_wconf 79' lang='lat' dir='ltr'><strong>incidunt</strong></span> <span class='ocrx_word' id='word_1_131' title='bbox 1402 2116 1451 2168; x_wconf 88' lang='lat' dir='ltr'><strong>in</strong></span> <span class='ocrx_word' id='word_1_132' title='bbox 1487 2133 1701 2186; x_wconf 85' lang='lat' dir='ltr'><strong>gravem</strong></span> <span class='ocrx_word' id='word_1_133' title='bbox 1745 2129 1951 2188; x_wconf 87' lang='lat' dir='ltr'><strong>tempe-</strong></span> 
     </span>
    </p>
   </div>
   <div class='ocr_carea' id='block_1_22' title="bbox 383 2204 1955 2276">
    <p class='ocr_par' dir='ltr' id='par_1_22' title="bbox 383 2204 1955 2276">
     <span class='ocr_line' id='line_1_22' title="bbox 383 2204 1955 2276; baseline 0.004 -20"><span class='ocrx_word' id='word_1_134' title='bbox 383 2213 598 2258; x_wconf 81' lang='lat' dir='ltr'><strong>statem.</strong></span> <span class='ocrx_word' id='word_1_135' title='bbox 633 2204 766 2258; x_wconf 88' lang='lat' dir='ltr'><strong>Cum</strong></span> <span class='ocrx_word' id='word_1_136' title='bbox 794 2219 922 2258; x_wconf 83' lang='lat' dir='ltr'><strong>vero</strong></span> <span class='ocrx_word' id='word_1_137' title='bbox 946 2205 1095 2258; x_wconf 85' lang='lat' dir='ltr'><strong>navis</strong></span> <span class='ocrx_word' id='word_1_138' title='bbox 1129 2215 1232 2258; x_wconf 89' lang='lat' dir='ltr'><strong>tam</strong></span> <span class='ocrx_word' id='word_1_139' title='bbox 1267 2207 1613 2260; x_wconf 86' lang='lat' dir='ltr'><strong>vehementer</strong></span> <span class='ocrx_word' id='word_1_140' title='bbox 1636 2215 1955 2276; x_wconf 81' lang='lat' dir='ltr'><strong>quateretur</strong></span> 
     </span>
    </p>
   </div>
   <div class='ocr_carea' id='block_1_23' title="bbox 384 2293 1950 2367">
    <p class='ocr_par' dir='ltr' id='par_1_23' title="bbox 384 2293 1950 2367">
     <span class='ocr_line' id='line_1_23' title="bbox 384 2293 1950 2367; baseline 0.006 -23"><span class='ocrx_word' id='word_1_141' title='bbox 384 2293 672 2356; x_wconf 77' lang='lat' dir='ltr'><strong>ﬂuctibus,</strong></span> <span class='ocrx_word' id='word_1_142' title='bbox 722 2304 776 2346; x_wconf 90' lang='lat' dir='ltr'><strong>et</strong></span> <span class='ocrx_word' id='word_1_143' title='bbox 823 2309 944 2346; x_wconf 81' lang='lat' dir='ltr'><strong>mox</strong></span> <span class='ocrx_word' id='word_1_144' title='bbox 991 2305 1136 2348; x_wconf 89' lang='lat' dir='ltr'><strong>esset</strong></span> <span class='ocrx_word' id='word_1_145' title='bbox 1188 2295 1448 2350; x_wconf 87' lang='lat' dir='ltr'><strong>mittenda</strong></span> <span class='ocrx_word' id='word_1_146' title='bbox 1493 2297 1545 2350; x_wconf 91' lang='lat' dir='ltr'><strong>in</strong></span> <span class='ocrx_word' id='word_1_147' title='bbox 1592 2297 1950 2367; x_wconf 82' lang='lat' dir='ltr'><strong>profundum,</strong></span> 
     </span>
    </p>
   </div>
   <div class='ocr_carea' id='block_1_24' title="bbox 385 2387 1953 2461">
    <p class='ocr_par' dir='ltr' id='par_1_24' title="bbox 385 2387 1953 2461">
     <span class='ocr_line' id='line_1_24' title="bbox 385 2387 1953 2461; baseline 0.007 -24"><span class='ocrx_word' id='word_1_148' title='bbox 385 2388 534 2440; x_wconf 78' lang='lat' dir='ltr'><strong>visus</strong></span> <span class='ocrx_word' id='word_1_149' title='bbox 561 2397 645 2440; x_wconf 92' lang='lat' dir='ltr'><strong>cst</strong></span> <span class='ocrx_word' id='word_1_150' title='bbox 678 2399 835 2440; x_wconf 77' lang='lat' dir='ltr'><strong>noc1e</strong></span> <span class='ocrx_word' id='word_1_151' title='bbox 867 2387 953 2440; x_wconf 84' lang='lat' dir='ltr'><strong>illa</strong></span> <span class='ocrx_word' id='word_1_152' title='bbox 976 2426 991 2450; x_wconf 92' lang='lat'><strong>,</strong></span> <span class='ocrx_word' id='word_1_153' title='bbox 1021 2403 1126 2455; x_wconf 87' lang='lat' dir='ltr'><strong>qua</strong></span> <span class='ocrx_word' id='word_1_154' title='bbox 1160 2387 1331 2442; x_wconf 77' lang='lat' dir='ltr'><strong>fuerat</strong></span> <span class='ocrx_word' id='word_1_155' title='bbox 1361 2389 1596 2443; x_wconf 81' lang='lat' dir='ltr'><strong>excitata</strong></span> <span class='ocrx_word' id='word_1_156' title='bbox 1628 2402 1953 2461; x_wconf 87' lang='lat' dir='ltr'><strong>tempestas,</strong></span> 
     </span>
    </p>
   </div>
   <div class='ocr_carea' id='block_1_25' title="bbox 384 2478 1956 2550">
    <p class='ocr_par' dir='ltr' id='par_1_25' title="bbox 384 2478 1956 2550">
     <span class='ocr_line' id='line_1_25' title="bbox 384 2478 1956 2550; baseline 0.008 -26"><span class='ocrx_word' id='word_1_157' title='bbox 384 2478 643 2546; x_wconf 70' lang='lat' dir='ltr'><strong>p.tll‘It‘iIlS</strong></span> <span class='ocrx_word' id='word_1_158' title='bbox 700 2479 751 2531; x_wconf 93' lang='lat' dir='ltr'><strong>in</strong></span> <span class='ocrx_word' id='word_1_159' title='bbox 798 2481 1001 2532; x_wconf 84' lang='lat' dir='ltr'><strong>somnis</strong></span> <span class='ocrx_word' id='word_1_160' title='bbox 1047 2480 1231 2534; x_wconf 87' lang='lat' dir='ltr'><strong>videre</strong></span> <span class='ocrx_word' id='word_1_161' title='bbox 1275 2481 1640 2550; x_wconf 67' lang='lat' dir='ltr'><strong>patriarcham</strong></span> <span class='ocrx_word' id='word_1_162' title='bbox 1675 2499 1793 2537; x_wconf 86' lang='lat' dir='ltr'><strong>cum</strong></span> <span class='ocrx_word' id='word_1_163' title='bbox 1825 2499 1956 2548; x_wconf 80' lang='lat' dir='ltr'><strong>pau-</strong></span> 
     </span>
    </p>
   </div>
   <div class='ocr_carea' id='block_1_26' title="bbox 383 2569 1955 2641">
    <p class='ocr_par' dir='ltr' id='par_1_26' title="bbox 383 2569 1955 2641">
     <span class='ocr_line' id='line_1_26' title="bbox 383 2569 1955 2641; baseline 0.006 -20"><span class='ocrx_word' id='word_1_164' title='bbox 383 2569 634 2633; x_wconf 82' lang='lat' dir='ltr'><strong>peribus,</strong></span> <span class='ocrx_word' id='word_1_165' title='bbox 683 2570 972 2639; x_wconf 84' lang='lat' dir='ltr'><strong>aliquando</strong></span> <span class='ocrx_word' id='word_1_166' title='bbox 1008 2571 1223 2640; x_wconf 87' lang='lat' dir='ltr'><strong>quidem</strong></span> <span class='ocrx_word' id='word_1_167' title='bbox 1260 2587 1353 2641; x_wconf 90' lang='lat' dir='ltr'><strong>per</strong></span> <span class='ocrx_word' id='word_1_168' title='bbox 1393 2583 1562 2627; x_wconf 91' lang='lat' dir='ltr'><strong>totam</strong></span> <span class='ocrx_word' id='word_1_169' title='bbox 1602 2590 1791 2630; x_wconf 78' lang='lat' dir='ltr'><strong>navem</strong></span> <span class='ocrx_word' id='word_1_170' title='bbox 1847 2577 1955 2630; x_wconf 84' lang='lat' dir='ltr'><strong>cir-</strong></span> 
     </span>
    </p>
   </div>
   <div class='ocr_carea' id='block_1_27' title="bbox 385 2663 1958 2735">
    <p class='ocr_par' dir='ltr' id='par_1_27' title="bbox 385 2663 1958 2735">
     <span class='ocr_line' id='line_1_27' title="bbox 385 2663 1958 2735; baseline 0.005 -18"><span class='ocrx_word' id='word_1_171' title='bbox 385 2672 856 2725; x_wconf 79' lang='lat' dir='ltr'><strong>cumcursautem,</strong></span> <span class='ocrx_word' id='word_1_172' title='bbox 892 2663 1182 2733; x_wconf 86' lang='lat' dir='ltr'><strong>aliquando</strong></span> <span class='ocrx_word' id='word_1_173' title='bbox 1223 2675 1399 2718; x_wconf 89' lang='lat' dir='ltr'><strong>autem</strong></span> <span class='ocrx_word' id='word_1_174' title='bbox 1438 2681 1558 2719; x_wconf 92' lang='lat' dir='ltr'><strong>cum</strong></span> <span class='ocrx_word' id='word_1_175' title='bbox 1601 2666 1733 2735; x_wconf 88' lang='lat' dir='ltr'><strong>ipsis</strong></span> <span class='ocrx_word' id='word_1_176' title='bbox 1767 2684 1958 2725; x_wconf 86' lang='lat' dir='ltr'><strong>manus</strong></span> 
     </span>
    </p>
   </div>
   <div class='ocr_carea' id='block_1_28' title="bbox 381 2755 1956 2822">
    <p class='ocr_par' dir='ltr' id='par_1_28' title="bbox 381 2755 1956 2822">
     <span class='ocr_line' id='line_1_28' title="bbox 381 2755 1956 2822; baseline 0.004 -15"><span class='ocrx_word' id='word_1_177' title='bbox 381 2755 781 2820; x_wconf 59' lang='lat' dir='ltr'><strong>extrudeutem,</strong></span> <span class='ocrx_word' id='word_1_178' title='bbox 818 2765 872 2810; x_wconf 86' lang='lat' dir='ltr'><strong>et</strong></span> <span class='ocrx_word' id='word_1_179' title='bbox 923 2771 952 2809; x_wconf 93' lang='lat' dir='ltr'><strong>e</strong></span> <span class='ocrx_word' id='word_1_180' title='bbox 992 2755 1145 2810; x_wconf 57' lang='lat' dir='ltr'><strong>caelis</strong></span> <span class='ocrx_word' id='word_1_181' title='bbox 1187 2767 1456 2822; x_wconf 86' lang='lat' dir='ltr'><strong>petentem</strong></span> <span class='ocrx_word' id='word_1_182' title='bbox 1493 2758 1775 2815; x_wconf 71' lang='lat' dir='ltr'><strong>auxilium.</strong></span> <span class='ocrx_word' id='word_1_183' title='bbox 1821 2761 1956 2815; x_wconf 88' lang='lat' dir='ltr'><strong>Cmn</strong></span> 
     </span>
    </p>
   </div>
   <div class='ocr_carea' id='block_1_29' title="bbox 384 2845 1958 2918">
    <p class='ocr_par' dir='ltr' id='par_1_29' title="bbox 384 2845 1958 2918">
     <span class='ocr_line' id='line_1_29' title="bbox 384 2845 1958 2918; baseline 0.005 -20"><span class='ocrx_word' id='word_1_184' title='bbox 384 2856 565 2899; x_wconf 87' lang='lat' dir='ltr'><strong>autem</strong></span> <span class='ocrx_word' id='word_1_185' title='bbox 598 2847 705 2913; x_wconf 68' lang='lat' dir='ltr'><strong>jam</strong></span> <span class='ocrx_word' id='word_1_186' title='bbox 741 2847 792 2900; x_wconf 91' lang='lat' dir='ltr'><strong>in</strong></span> <span class='ocrx_word' id='word_1_187' title='bbox 840 2845 1089 2900; x_wconf 81' lang='lat' dir='ltr'><strong>Rhodum</strong></span> <span class='ocrx_word' id='word_1_188' title='bbox 1124 2846 1356 2902; x_wconf 87' lang='lat' dir='ltr'><strong>insulam</strong></span> <span class='ocrx_word' id='word_1_189' title='bbox 1407 2849 1821 2918; x_wconf 87' lang='lat' dir='ltr'><strong>pervenissent,</strong></span> <span class='ocrx_word' id='word_1_190' title='bbox 1868 2851 1958 2906; x_wconf 88' lang='lat' dir='ltr'><strong>ille</strong></span> 
     </span>
    </p>
   </div>
   <div class='ocr_carea' id='block_1_30' title="bbox 382 2937 1948 3006">
    <p class='ocr_par' dir='ltr' id='par_1_30' title="bbox 382 2937 1948 3006">
     <span class='ocr_line' id='line_1_30' title="bbox 382 2937 1948 3006; baseline 0.003 -18"><span class='ocrx_word' id='word_1_191' title='bbox 382 2937 499 3003; x_wconf 81' lang='lat' dir='ltr'><strong>ipse</strong></span> <span class='ocrx_word' id='word_1_192' title='bbox 527 2937 834 3005; x_wconf 59' lang='lat' dir='ltr'><strong>patriarcha</strong></span> <span class='ocrx_word' id='word_1_193' title='bbox 863 2953 982 2990; x_wconf 89' lang='lat' dir='ltr'><strong>cum</strong></span> <span class='ocrx_word' id='word_1_194' title='bbox 1015 2951 1044 2989; x_wconf 89' lang='lat' dir='ltr'><strong>a</strong></span> <span class='ocrx_word' id='word_1_195' title='bbox 1073 2951 1131 2990; x_wconf 87' lang='lat' dir='ltr'><strong>se</strong></span> <span class='ocrx_word' id='word_1_196' title='bbox 1164 2937 1528 3003; x_wconf 82' lang='lat' dir='ltr'><strong>discessisset,</strong></span> <span class='ocrx_word' id='word_1_197' title='bbox 1559 2954 1746 2994; x_wconf 80' lang='lat' dir='ltr'><strong>revera</strong></span> <span class='ocrx_word' id='word_1_198' title='bbox 1780 2939 1948 3006; x_wconf 85' lang='lat' dir='ltr'><strong>videt,</strong></span> 
     </span>
    </p>
   </div>
   <div class='ocr_carea' id='block_1_31' title="bbox 382 3026 1958 3096">
    <p class='ocr_par' dir='ltr' id='par_1_31' title="bbox 382 3026 1958 3096">
     <span class='ocr_line' id='line_1_31' title="bbox 382 3026 1958 3096; baseline 0.004 -17"><span class='ocrx_word' id='word_1_199' title='bbox 382 3038 435 3079; x_wconf 88' lang='lat' dir='ltr'><strong>et</strong></span> <span class='ocrx_word' id='word_1_200' title='bbox 463 3043 568 3078; x_wconf 82' lang='lat' dir='ltr'><strong>null</strong></span> <span class='ocrx_word' id='word_1_201' title='bbox 601 3026 654 3080; x_wconf 90' lang='lat' dir='ltr'><strong>in</strong></span> <span class='ocrx_word' id='word_1_202' title='bbox 693 3027 926 3090; x_wconf 89' lang='lat' dir='ltr'><strong>somnis,</strong></span> <span class='ocrx_word' id='word_1_203' title='bbox 955 3026 1292 3096; x_wconf 89' lang='lat' dir='ltr'><strong>splendidum</strong></span> <span class='ocrx_word' id='word_1_204' title='bbox 1325 3029 1499 3082; x_wconf 86' lang='lat' dir='ltr'><strong>virum</strong></span> <span class='ocrx_word' id='word_1_205' title='bbox 1529 3031 1779 3085; x_wconf 89' lang='lat' dir='ltr'><strong>eunucho</strong></span> <span class='ocrx_word' id='word_1_206' title='bbox 1805 3031 1958 3086; x_wconf 86' lang='lat' dir='ltr'><strong>simi-</strong></span> 
     </span>
    </p>
   </div>
   <div class='ocr_carea' id='block_1_32' title="bbox 383 3117 1958 3189">
    <p class='ocr_par' dir='ltr' id='par_1_32' title="bbox 383 3117 1958 3189">
     <span class='ocr_line' id='line_1_32' title="bbox 383 3117 1958 3189; baseline 0.006 -18"><span class='ocrx_word' id='word_1_207' title='bbox 383 3117 524 3182; x_wconf 89' lang='lat' dir='ltr'><strong>lem,</strong></span> <span class='ocrx_word' id='word_1_208' title='bbox 581 3134 803 3173; x_wconf 88' lang='lat' dir='ltr'><strong>aureum</strong></span> <span class='ocrx_word' id='word_1_209' title='bbox 839 3131 1112 3187; x_wconf 87' lang='lat' dir='ltr'><strong>sceptrum</strong></span> <span class='ocrx_word' id='word_1_210' title='bbox 1156 3119 1441 3174; x_wconf 90' lang='lat' dir='ltr'><strong>habentem</strong></span> <span class='ocrx_word' id='word_1_211' title='bbox 1489 3121 1545 3176; x_wconf 92' lang='lat' dir='ltr'><strong>in</strong></span> <span class='ocrx_word' id='word_1_212' title='bbox 1589 3123 1869 3189; x_wconf 86' lang='lat' dir='ltr'><strong>manibus,</strong></span> <span class='ocrx_word' id='word_1_213' title='bbox 1901 3136 1958 3180; x_wconf 90' lang='lat' dir='ltr'><strong>et</strong></span> 
     </span>
    </p>
   </div>
   <div class='ocr_carea' id='block_1_33' title="bbox 383 3209 1954 3286">
    <p class='ocr_par' dir='ltr' id='par_1_33' title="bbox 383 3209 1954 3286">
     <span class='ocr_line' id='line_1_33' title="bbox 383 3209 1954 3286; baseline 0.004 -22"><span class='ocrx_word' id='word_1_214' title='bbox 383 3211 451 3265; x_wconf 87' lang='lat' dir='ltr'><strong>ad</strong></span> <span class='ocrx_word' id='word_1_215' title='bbox 487 3227 608 3264; x_wconf 89' lang='lat' dir='ltr'><strong>eum</strong></span> <span class='ocrx_word' id='word_1_216' title='bbox 657 3211 1002 3266; x_wconf 86' lang='lat' dir='ltr'><strong>accedentem</strong></span> <span class='ocrx_word' id='word_1_217' title='bbox 1043 3210 1222 3266; x_wconf 87' lang='lat' dir='ltr'><strong>dicere</strong></span> <span class='ocrx_word' id='word_1_218' title='bbox 1253 3230 1266 3266; x_wconf 89' lang='lat'><strong>:</strong></span> <span class='ocrx_word' id='word_1_219' title='bbox 1306 3209 1474 3267; x_wconf 85' lang='lat' dir='ltr'><strong>Vocat</strong></span> <span class='ocrx_word' id='word_1_220' title='bbox 1505 3223 1554 3267; x_wconf 87' lang='lat' dir='ltr'><strong>te</strong></span> <span class='ocrx_word' id='word_1_221' title='bbox 1598 3213 1709 3268; x_wconf 81' lang='lat' dir='ltr'><strong>Rex</strong></span> <span class='ocrx_word' id='word_1_222' title='bbox 1747 3231 1954 3286; x_wconf 84' lang='lat' dir='ltr'><strong>regum.</strong></span> 
     </span>
    </p>
   </div>
   <div class='ocr_carea' id='block_1_34' title="bbox 2059 831 3620 906">
    <p class='ocr_par' dir='ltr' id='par_1_34' title="bbox 2059 831 3620 906">
     <span class='ocr_line' id='line_1_34' title="bbox 2059 831 3620 906; baseline 0.003 -19"><span class='ocrx_word' id='word_1_223' title='bbox 2059 834 2429 904; x_wconf 80' lang='grc' dir='ltr'><strong>πατριάρχης,</strong></span> <span class='ocrx_word' id='word_1_224' title='bbox 2464 831 2544 902; x_wconf 87' lang='grc' dir='ltr'>τῷ</span> <span class='ocrx_word' id='word_1_225' title='bbox 2594 832 2946 903; x_wconf 80' lang='grc' dir='ltr'><strong>άρχιποιμένι</strong></span> <span class='ocrx_word' id='word_1_226' title='bbox 2988 833 3208 906; x_wconf 79' lang='grc' dir='ltr'><strong>Χριστῷ</strong></span> <span class='ocrx_word' id='word_1_227' title='bbox 3252 835 3525 891; x_wconf 86' lang='grc' dir='ltr'><strong>κελεύοντι</strong></span> <span class='ocrx_word' id='word_1_228' title='bbox 3551 840 3620 891; x_wconf 80' lang='grc' dir='ltr'><strong>εί-</strong></span> 
     </span>
    </p>
   </div>
   <div class='ocr_carea' id='block_1_35' title="bbox 2059 923 3623 995">
    <p class='ocr_par' dir='ltr' id='par_1_35' title="bbox 2059 923 3623 995">
     <span class='ocr_line' id='line_1_35' title="bbox 2059 923 3623 995; baseline 0.003 -17"><span class='ocrx_word' id='word_1_229' title='bbox 2059 942 2195 990; x_wconf 87' lang='grc' dir='ltr'><strong>κων,</strong></span> <span class='ocrx_word' id='word_1_230' title='bbox 2233 924 2596 993; x_wconf 73' lang='grc' dir='ltr'><strong>διωκομένους</strong></span> <span class='ocrx_word' id='word_1_231' title='bbox 2619 925 2682 977; x_wconf 84' lang='grc' dir='ltr'><strong>ἐκ</strong></span> <span class='ocrx_word' id='word_1_232' title='bbox 2707 923 2868 994; x_wconf 75' lang='grc' dir='ltr'><strong>τῆσδε</strong></span> <span class='ocrx_word' id='word_1_233' title='bbox 2903 923 3002 994; x_wconf 83' lang='grc' dir='ltr'><strong>τῆς</strong></span> <span class='ocrx_word' id='word_1_234' title='bbox 3054 924 3262 990; x_wconf 81' lang='grc' dir='ltr'><strong>πόλεως</strong></span> <span class='ocrx_word' id='word_1_235' title='bbox 3288 928 3510 995; x_wconf 83' lang='grc' dir='ltr'><strong>φεύγειν</strong></span> <span class='ocrx_word' id='word_1_236' title='bbox 3552 932 3623 995; x_wconf 88' lang='grc' dir='ltr'><strong>είς</strong></span> 
     </span>
    </p>
   </div>
   <div class='ocr_carea' id='block_1_36' title="bbox 2056 1015 3623 1092">
    <p class='ocr_par' dir='ltr' id='par_1_36' title="bbox 2056 1015 3623 1092">
     <span class='ocr_line' id='line_1_36' title="bbox 2056 1015 3623 1092; baseline 0.002 -22"><span class='ocrx_word' id='word_1_237' title='bbox 2056 1019 2155 1087; x_wconf 80' lang='grc' dir='ltr'><strong>τὴν</strong></span> <span class='ocrx_word' id='word_1_238' title='bbox 2207 1016 2425 1088; x_wconf 78' lang='grc' dir='ltr'><strong>ἑτέραν,</strong></span> <span class='ocrx_word' id='word_1_239' title='bbox 2487 1015 2649 1086; x_wconf 73' lang='grc' dir='ltr'><strong>ἡνίκα</strong></span> <span class='ocrx_word' id='word_1_240' title='bbox 2700 1017 2734 1086; x_wconf 75' lang='grc' dir='ltr'>ἡ</span> <span class='ocrx_word' id='word_1_241' title='bbox 2780 1015 3153 1086; x_wconf 79' lang='grc' dir='ltr'><strong>Ἀλεξάνδρεια</strong></span> <span class='ocrx_word' id='word_1_242' title='bbox 3191 1018 3350 1088; x_wconf 78' lang='grc' dir='ltr'><strong>χερσὶ</strong></span> <span class='ocrx_word' id='word_1_243' title='bbox 3409 1019 3623 1092; x_wconf 78' lang='grc' dir='ltr'><strong>Περσῷν</strong></span> 
     </span>
    </p>
   </div>
   <div class='ocr_carea' id='block_1_37' title="bbox 2058 1105 3625 1182">
    <p class='ocr_par' dir='ltr' id='par_1_37' title="bbox 2058 1105 3625 1182">
     <span class='ocr_line' id='line_1_37' title="bbox 2058 1105 3625 1182; baseline 0.001 -20"><span class='ocrx_word' id='word_1_244' title='bbox 2058 1107 2532 1178; x_wconf 77' lang='grc' dir='ltr'><strong>παραδοθήσεσθαι</strong></span> <span class='ocrx_word' id='word_1_245' title='bbox 2561 1105 2784 1176; x_wconf 75' lang='grc' dir='ltr'><strong>ἔμελλε,</strong></span> <span class='ocrx_word' id='word_1_246' title='bbox 2841 1107 2963 1178; x_wconf 67' lang='grc' dir='ltr'><strong>θεία</strong></span> <span class='ocrx_word' id='word_1_247' title='bbox 3018 1108 3248 1180; x_wconf 71' lang='grc' dir='ltr'><strong>προνοίᾳ</strong></span> <span class='ocrx_word' id='word_1_248' title='bbox 3291 1109 3504 1163; x_wconf 87' lang='grc' dir='ltr'><strong>ἐκεῖθεν</strong></span> <span class='ocrx_word' id='word_1_249' title='bbox 3536 1113 3625 1182; x_wconf 88' lang='grc' dir='ltr'><strong>μέν</strong></span> 
     </span>
    </p>
   </div>
   <div class='ocr_carea' id='block_1_38' title="bbox 2058 1198 3625 1272">
    <p class='ocr_par' dir='ltr' id='par_1_38' title="bbox 2058 1198 3625 1272">
     <span class='ocr_line' id='line_1_38' title="bbox 2058 1198 3625 1272; baseline -0.005 -18"><span class='ocrx_word' id='word_1_250' title='bbox 2058 1199 2445 1263; x_wconf 73' lang='grc' dir='ltr'><strong>ἀπανίσταται,</strong></span> <span class='ocrx_word' id='word_1_251' title='bbox 2485 1200 2623 1269; x_wconf 74' lang='grc' dir='ltr'><strong>πρὸς</strong></span> <span class='ocrx_word' id='word_1_252' title='bbox 2650 1199 2708 1252; x_wconf 80' lang='grc' dir='ltr'><strong>δέ</strong></span> <span class='ocrx_word' id='word_1_253' title='bbox 2753 1199 2851 1269; x_wconf 86' lang='grc' dir='ltr'><strong>τὴν</strong></span> <span class='ocrx_word' id='word_1_254' title='bbox 2885 1198 3082 1252; x_wconf 74' lang='grc' dir='ltr'><strong>ἑαυτοῦ</strong></span> <span class='ocrx_word' id='word_1_255' title='bbox 3119 1201 3355 1272; x_wconf 77' lang='grc' dir='ltr'>πατρίδα</span> <span class='ocrx_word' id='word_1_256' title='bbox 3387 1201 3486 1272; x_wconf 78' lang='grc' dir='ltr'><strong>τὴν</strong></span> <span class='ocrx_word' id='word_1_257' title='bbox 3520 1201 3625 1258; x_wconf 78' lang='grc' dir='ltr'><strong>Κὺ-</strong></span> 
     </span>
    </p>
   </div>
   <div class='ocr_carea' id='block_1_39' title="bbox 2057 1291 3624 1365">
    <p class='ocr_par' dir='ltr' id='par_1_39' title="bbox 2057 1291 3624 1365">
     <span class='ocr_line' id='line_1_39' title="bbox 2057 1291 3624 1365; baseline 0.001 -19"><span class='ocrx_word' id='word_1_258' title='bbox 2057 1310 2196 1364; x_wconf 89' lang='grc' dir='ltr'><strong>προν</strong></span> <span class='ocrx_word' id='word_1_259' title='bbox 2229 1292 2580 1362; x_wconf 80' lang='grc' dir='ltr'><strong>μεθίσταται,</strong></span> <span class='ocrx_word' id='word_1_260' title='bbox 2621 1292 2682 1345; x_wconf 78' lang='grc' dir='ltr'><strong>τὸ</strong></span> <span class='ocrx_word' id='word_1_261' title='bbox 2710 1293 2908 1345; x_wconf 80' lang='grc' dir='ltr'><strong>οἰκεῖον</strong></span> <span class='ocrx_word' id='word_1_262' title='bbox 2933 1292 3071 1361; x_wconf 81' lang='grc' dir='ltr'><strong>αὐτῇ</strong></span> <span class='ocrx_word' id='word_1_263' title='bbox 3107 1291 3289 1362; x_wconf 86' lang='grc' dir='ltr'><strong>σῶμα,</strong></span> <span class='ocrx_word' id='word_1_264' title='bbox 3316 1293 3391 1356; x_wconf 85' lang='grc' dir='ltr'><strong>ὡς</strong></span> <span class='ocrx_word' id='word_1_265' title='bbox 3421 1292 3624 1365; x_wconf 80' lang='grc' dir='ltr'><strong>θρεψα-</strong></span> 
     </span>
    </p>
   </div>
   <div class='ocr_carea' id='block_1_40' title="bbox 2060 1381 3625 1458">
    <p class='ocr_par' dir='ltr' id='par_1_40' title="bbox 2060 1381 3625 1458">
     <span class='ocr_line' id='line_1_40' title="bbox 2060 1381 3625 1458; baseline 0.003 -22"><span class='ocrx_word' id='word_1_266' title='bbox 2060 1382 2642 1454; x_wconf 81' lang='grc' dir='ltr'><strong>μένῃ,’χαριούμενος⁹</strong></span> <span class='ocrx_word' id='word_1_267' title='bbox 2675 1381 2924 1452; x_wconf 80' lang='grc' dir='ltr'><strong>προέγνω</strong></span> <span class='ocrx_word' id='word_1_268' title='bbox 2968 1383 3078 1454; x_wconf 82' lang='grc' dir='ltr'><strong>γὰρ</strong></span> <span class='ocrx_word' id='word_1_269' title='bbox 3108 1383 3208 1454; x_wconf 68' lang='grc' dir='ltr'><strong>ἤδη</strong></span> <span class='ocrx_word' id='word_1_270' title='bbox 3253 1384 3352 1452; x_wconf 84' lang='grc' dir='ltr'><strong>τὴν</strong></span> <span class='ocrx_word' id='word_1_271' title='bbox 3372 1385 3625 1458; x_wconf 76' lang='grc' dir='ltr'><strong>τελευτὴν</strong></span> 
     </span>
    </p>
   </div>
   <div class='ocr_carea' id='block_1_41' title="bbox 2057 1473 3626 1548">
    <p class='ocr_par' dir='ltr' id='par_1_41' title="bbox 2057 1473 3626 1548">
     <span class='ocr_line' id='line_1_41' title="bbox 2057 1473 3626 1548; baseline 0.004 -22"><span class='ocrx_word' id='word_1_272' title='bbox 2057 1473 2180 1527; x_wconf 84' lang='grc' dir='ltr'><strong>ὅσον</strong></span> <span class='ocrx_word' id='word_1_273' title='bbox 2200 1473 2352 1526; x_wconf 81' lang='grc' dir='ltr'><strong>οῦπω</strong></span> <span class='ocrx_word' id='word_1_274' title='bbox 2379 1473 2723 1541; x_wconf 77' lang='grc' dir='ltr'><strong>ἐγγίζουσαν.</strong></span> <span class='ocrx_word' id='word_1_275' title='bbox 2761 1473 2824 1527; x_wconf 83' lang='grc'><strong>’0</strong></span> <span class='ocrx_word' id='word_1_276' title='bbox 2846 1473 2976 1542; x_wconf 89' lang='grc' dir='ltr'><strong>γοῦν</strong></span> <span class='ocrx_word' id='word_1_277' title='bbox 3007 1475 3266 1538; x_wconf 79' lang='grc' dir='ltr'><strong>πολλάκις</strong></span> <span class='ocrx_word' id='word_1_278' title='bbox 3289 1477 3379 1530; x_wconf 76' lang='grc' dir='ltr'><strong>διὰ</strong></span> <span class='ocrx_word' id='word_1_279' title='bbox 3411 1479 3626 1548; x_wconf 77' lang='grc' dir='ltr'><strong>μνήμης</strong></span> 
     </span>
    </p>
   </div>
   <div class='ocr_carea' id='block_1_42' title="bbox 2055 1564 3622 1640">
    <p class='ocr_par' dir='ltr' id='par_1_42' title="bbox 2055 1564 3622 1640">
     <span class='ocr_line' id='line_1_42' title="bbox 2055 1564 3622 1640; baseline 0.004 -24"><span class='ocrx_word' id='word_1_280' title='bbox 2055 1567 2188 1634; x_wconf 82' lang='grc' dir='ltr'><strong>ἡμῖν</strong></span> <span class='ocrx_word' id='word_1_281' title='bbox 2255 1564 2567 1636; x_wconf 88' lang='grc' dir='ltr'><strong>γενόμενος,</strong></span> <span class='ocrx_word' id='word_1_282' title='bbox 2638 1565 2666 1619; x_wconf 83' lang='grc'>6</span> <span class='ocrx_word' id='word_1_283' title='bbox 2747 1566 3033 1636; x_wconf 80' lang='grc' dir='ltr'><strong>πατρίκιος</strong></span> <span class='ocrx_word' id='word_1_284' title='bbox 3089 1566 3290 1639; x_wconf 79' lang='grc' dir='ltr'><strong>δηλαδὴ</strong></span> <span class='ocrx_word' id='word_1_285' title='bbox 3357 1569 3622 1640; x_wconf 80' lang='grc' dir='ltr'><strong>Νικήτας,</strong></span> 
     </span>
    </p>
   </div>
   <div class='ocr_carea' id='block_1_43' title="bbox 2056 1655 3623 1727">
    <p class='ocr_par' dir='ltr' id='par_1_43' title="bbox 2056 1655 3623 1727">
     <span class='ocr_line' id='line_1_43' title="bbox 2056 1655 3623 1727; baseline 0.001 -18"><span class='ocrx_word' id='word_1_286' title='bbox 2056 1655 2311 1726; x_wconf 76' lang='grc' dir='ltr'><strong>ἀφορμῆς</strong></span> <span class='ocrx_word' id='word_1_287' title='bbox 2355 1655 2453 1724; x_wconf 82' lang='grc' dir='ltr'><strong>τῆς</strong></span> <span class='ocrx_word' id='word_1_288' title='bbox 2505 1655 2612 1707; x_wconf 74' lang='grc' dir='ltr'><strong>ἀπὸ</strong></span> <span class='ocrx_word' id='word_1_289' title='bbox 2640 1655 2748 1708; x_wconf 86' lang='grc' dir='ltr'><strong>τῶν</strong></span> <span class='ocrx_word' id='word_1_290' title='bbox 2804 1656 3027 1727; x_wconf 86' lang='grc' dir='ltr'><strong>Περσῶν</strong></span> <span class='ocrx_word' id='word_1_291' title='bbox 3078 1657 3269 1725; x_wconf 88' lang='grc' dir='ltr'><strong>ἐφόδου</strong></span> <span class='ocrx_word' id='word_1_292' title='bbox 3301 1658 3623 1727; x_wconf 79' lang='grc' dir='ltr'><strong>λαϐόμενος,</strong></span> 
     </span>
    </p>
   </div>
   <div class='ocr_carea' id='block_1_44' title="bbox 2055 1747 3628 1820">
    <p class='ocr_par' dir='ltr' id='par_1_44' title="bbox 2055 1747 3628 1820">
     <span class='ocr_line' id='line_1_44' title="bbox 2055 1747 3628 1820; baseline 0.003 -18"><span class='ocrx_word' id='word_1_293' title='bbox 2055 1750 2281 1818; x_wconf 82' lang='grc' dir='ltr'><strong>λιπαρεῖ</strong></span> <span class='ocrx_word' id='word_1_294' title='bbox 2307 1747 2396 1800; x_wconf 67' lang='grc' dir='ltr'><strong>τὸν</strong></span> <span class='ocrx_word' id='word_1_295' title='bbox 2425 1747 2741 1814; x_wconf 81' lang='grc' dir='ltr'><strong>θεσπέσιον,</strong></span> <span class='ocrx_word' id='word_1_296' title='bbox 2782 1747 2946 1819; x_wconf 84' lang='grc' dir='ltr'><strong>μέχρι</strong></span> <span class='ocrx_word' id='word_1_297' title='bbox 2981 1766 3074 1803; x_wconf 89' lang='grc' dir='ltr'><strong>και</strong></span> <span class='ocrx_word' id='word_1_298' title='bbox 3103 1749 3200 1818; x_wconf 80' lang='grc' dir='ltr'><strong>τῆς</strong></span> <span class='ocrx_word' id='word_1_299' title='bbox 3225 1750 3500 1820; x_wconf 78' lang='grc' dir='ltr'><strong>βασιλίδος</strong></span> <span class='ocrx_word' id='word_1_300' title='bbox 3525 1752 3628 1807; x_wconf 76' lang='grc' dir='ltr'><strong>τῶν</strong></span> 
     </span>
    </p>
   </div>
   <div class='ocr_carea' id='block_1_45' title="bbox 2058 1838 3629 1912">
    <p class='ocr_par' dir='ltr' id='par_1_45' title="bbox 2058 1838 3629 1912">
     <span class='ocr_line' id='line_1_45' title="bbox 2058 1838 3629 1912; baseline 0.004 -20"><span class='ocrx_word' id='word_1_301' title='bbox 2058 1842 2265 1893; x_wconf 80' lang='grc' dir='ltr'><strong>πόλεων</strong></span> <span class='ocrx_word' id='word_1_302' title='bbox 2301 1839 2618 1908; x_wconf 72' lang='grc' dir='ltr'><strong>ἀφικέσθαι,</strong></span> <span class='ocrx_word' id='word_1_303' title='bbox 2673 1838 2838 1908; x_wconf 71' lang='grc' dir='ltr'><strong>εὐχῆς</strong></span> <span class='ocrx_word' id='word_1_304' title='bbox 2879 1839 2975 1891; x_wconf 79' lang='grc' dir='ltr'><strong>καὶ</strong></span> <span class='ocrx_word' id='word_1_305' title='bbox 3018 1840 3270 1908; x_wconf 79' lang='grc' dir='ltr'><strong>εὐλογίας</strong></span> <span class='ocrx_word' id='word_1_306' title='bbox 3321 1845 3438 1906; x_wconf 83' lang='grc' dir='ltr'><strong>τοῖς</strong></span> <span class='ocrx_word' id='word_1_307' title='bbox 3471 1843 3629 1912; x_wconf 85' lang='grc' dir='ltr'><strong>βασι-</strong></span> 
     </span>
    </p>
   </div>
   <div class='ocr_carea' id='block_1_46' title="bbox 2056 1929 3626 2006">
    <p class='ocr_par' dir='ltr' id='par_1_46' title="bbox 2056 1929 3626 2006">
     <span class='ocr_line' id='line_1_46' title="bbox 2056 1929 3626 2006; baseline 0.003 -23"><span class='ocrx_word' id='word_1_308' title='bbox 2056 1931 2272 1984; x_wconf 77' lang='grc' dir='ltr'><strong>λεύουσι</strong></span> <span class='ocrx_word' id='word_1_309' title='bbox 2329 1929 2731 2001; x_wconf 80' lang='grc' dir='ltr'><strong>μεταδώσοντα.</strong></span> <span class='ocrx_word' id='word_1_310' title='bbox 2767 1929 2936 1994; x_wconf 77' lang='grc' dir='ltr'><strong>Εἰδὼς</strong></span> <span class='ocrx_word' id='word_1_311' title='bbox 2965 1930 3058 1985; x_wconf 80' lang='grc' dir='ltr'><strong>οὖν</strong></span> <span class='ocrx_word' id='word_1_312' title='bbox 3091 1932 3300 1996; x_wconf 79' lang='grc' dir='ltr'><strong>ἐκεῖνος</strong></span> <span class='ocrx_word' id='word_1_313' title='bbox 3332 1934 3421 1988; x_wconf 78' lang='grc' dir='ltr'><strong>οἵα</strong></span> <span class='ocrx_word' id='word_1_314' title='bbox 3453 1935 3486 2006; x_wconf 71' lang='grc' dir='ltr'>ἡ</span> <span class='ocrx_word' id='word_1_315' title='bbox 3538 1933 3626 1990; x_wconf 85' lang='grc' dir='ltr'><strong>τοῦ</strong></span> 
     </span>
    </p>
   </div>
   <div class='ocr_carea' id='block_1_47' title="bbox 2057 2021 3630 2097">
    <p class='ocr_par' dir='ltr' id='par_1_47' title="bbox 2057 2021 3630 2097">
     <span class='ocr_line' id='line_1_47' title="bbox 2057 2021 3630 2097; baseline 0.004 -23"><span class='ocrx_word' id='word_1_316' title='bbox 2057 2022 2442 2092; x_wconf 77' lang='grc' dir='ltr'><strong>λαμπροτάτου</strong></span> <span class='ocrx_word' id='word_1_317' title='bbox 2481 2021 2662 2084; x_wconf 82' lang='grc' dir='ltr'><strong>πίστις</strong></span> <span class='ocrx_word' id='word_1_318' title='bbox 2693 2021 2903 2092; x_wconf 77' lang='grc' dir='ltr'><strong>ἀνδρὸς,</strong></span> <span class='ocrx_word' id='word_1_319' title='bbox 2955 2022 3196 2076; x_wconf 78' lang='grc' dir='ltr'><strong>ἐπινεύει</strong></span> <span class='ocrx_word' id='word_1_320' title='bbox 3245 2023 3344 2094; x_wconf 77' lang='grc' dir='ltr'><strong>μὲν</strong></span> <span class='ocrx_word' id='word_1_321' title='bbox 3375 2025 3514 2095; x_wconf 82' lang='grc' dir='ltr'><strong>πρὸς</strong></span> <span class='ocrx_word' id='word_1_322' title='bbox 3537 2025 3630 2097; x_wconf 75' lang='grc' dir='ltr'><strong>τὴν</strong></span> 
     </span>
    </p>
   </div>
   <div class='ocr_carea' id='block_1_48' title="bbox 2054 2112 3624 2184">
    <p class='ocr_par' dir='ltr' id='par_1_48' title="bbox 2054 2112 3624 2184">
     <span class='ocr_line' id='line_1_48' title="bbox 2054 2112 3624 2184; baseline 0.003 -18"><span class='ocrx_word' id='word_1_323' title='bbox 2054 2113 2291 2181; x_wconf 77' lang='grc' dir='ltr'><strong>αἴτησιν,</strong></span> <span class='ocrx_word' id='word_1_324' title='bbox 2348 2113 2436 2166; x_wconf 83' lang='grc' dir='ltr'><strong>διὰ</strong></span> <span class='ocrx_word' id='word_1_325' title='bbox 2492 2112 2681 2166; x_wconf 82' lang='grc' dir='ltr'><strong>πλοίου</strong></span> <span class='ocrx_word' id='word_1_326' title='bbox 2737 2113 2794 2166; x_wconf 78' lang='grc' dir='ltr'><strong>δὲ</strong></span> <span class='ocrx_word' id='word_1_327' title='bbox 2823 2113 3124 2184; x_wconf 65' lang='grc' dir='ltr'><strong>ἀμφότεροι</strong></span> <span class='ocrx_word' id='word_1_328' title='bbox 3152 2114 3508 2184; x_wconf 72' lang='grc' dir='ltr'><strong>ἀναχθέντες,</strong></span> <span class='ocrx_word' id='word_1_329' title='bbox 3533 2115 3624 2172; x_wconf 77' lang='grc' dir='ltr'><strong>καὶ</strong></span> 
     </span>
    </p>
   </div>
   <div class='ocr_carea' id='block_1_49' title="bbox 2057 2204 3627 2278">
    <p class='ocr_par' dir='ltr' id='par_1_49' title="bbox 2057 2204 3627 2278">
     <span class='ocr_line' id='line_1_49' title="bbox 2057 2204 3627 2278; baseline 0.003 -20"><span class='ocrx_word' id='word_1_330' title='bbox 2057 2208 2225 2277; x_wconf 80' lang='grc' dir='ltr'><strong>μέσον</strong></span> <span class='ocrx_word' id='word_1_331' title='bbox 2253 2206 2356 2276; x_wconf 72' lang='grc' dir='ltr'><strong>ἢδη</strong></span> <span class='ocrx_word' id='word_1_332' title='bbox 2379 2204 2472 2258; x_wconf 92' lang='grc' dir='ltr'><strong>τοῦ</strong></span> <span class='ocrx_word' id='word_1_333' title='bbox 2502 2205 2771 2272; x_wconf 78' lang='grc' dir='ltr'><strong>πελάγους</strong></span> <span class='ocrx_word' id='word_1_334' title='bbox 2805 2204 3108 2274; x_wconf 86' lang='grc' dir='ltr'><strong>γενόμενοι,</strong></span> <span class='ocrx_word' id='word_1_335' title='bbox 3142 2206 3352 2277; x_wconf 79' lang='grc' dir='ltr'><strong>χαλεπῇ</strong></span> <span class='ocrx_word' id='word_1_336' title='bbox 3406 2208 3627 2278; x_wconf 78' lang='grc' dir='ltr'><strong>περιπί-</strong></span> 
     </span>
    </p>
   </div>
   <div class='ocr_carea' id='block_1_50' title="bbox 2056 2294 3622 2366">
    <p class='ocr_par' dir='ltr' id='par_1_50' title="bbox 2056 2294 3622 2366">
     <span class='ocr_line' id='line_1_50' title="bbox 2056 2294 3622 2366; baseline -0.001 -16"><span class='ocrx_word' id='word_1_337' title='bbox 2056 2314 2249 2350; x_wconf 85' lang='grc' dir='ltr'><strong>πτουσι</strong></span> <span class='ocrx_word' id='word_1_338' title='bbox 2283 2295 2444 2366; x_wconf 77' lang='grc' dir='ltr'><strong>ζάλῃ.</strong></span> <span class='ocrx_word' id='word_1_339' title='bbox 2473 2294 2674 2358; x_wconf 87' lang='grc' dir='ltr'><strong>Δεινῶς</strong></span> <span class='ocrx_word' id='word_1_340' title='bbox 2725 2294 2781 2347; x_wconf 86' lang='grc' dir='ltr'><strong>δέ</strong></span> <span class='ocrx_word' id='word_1_341' title='bbox 2810 2295 2912 2365; x_wconf 76' lang='grc' dir='ltr'><strong>ἤδη</strong></span> <span class='ocrx_word' id='word_1_342' title='bbox 2935 2294 3027 2348; x_wconf 86' lang='grc' dir='ltr'><strong>τοῦ</strong></span> <span class='ocrx_word' id='word_1_343' title='bbox 3064 2295 3248 2348; x_wconf 86' lang='grc' dir='ltr'><strong>πλοίου</strong></span> <span class='ocrx_word' id='word_1_344' title='bbox 3288 2296 3622 2366; x_wconf 69' lang='grc' dir='ltr'><strong>χειμαζομέ-</strong></span> 
     </span>
    </p>
   </div>
   <div class='ocr_carea' id='block_1_51' title="bbox 2055 2385 3622 2456">
    <p class='ocr_par' dir='ltr' id='par_1_51' title="bbox 2055 2385 3622 2456">
     <span class='ocr_line' id='line_1_51' title="bbox 2055 2385 3622 2456; baseline 0.002 -16"><span class='ocrx_word' id='word_1_345' title='bbox 2055 2406 2170 2448; x_wconf 87' lang='grc' dir='ltr'><strong>νου,</strong></span> <span class='ocrx_word' id='word_1_346' title='bbox 2194 2389 2287 2441; x_wconf 70' lang='grc' dir='ltr'><strong>καὶ</strong></span> <span class='ocrx_word' id='word_1_347' title='bbox 2310 2387 2491 2455; x_wconf 82' lang='grc' dir='ltr'><strong>ὀλίγου</strong></span> <span class='ocrx_word' id='word_1_348' title='bbox 2518 2385 2802 2456; x_wconf 74' lang='grc' dir='ltr'><strong>μέλλοντος</strong></span> <span class='ocrx_word' id='word_1_349' title='bbox 2841 2386 2917 2456; x_wconf 83' lang='grc' dir='ltr'><strong>τῷ</strong></span> <span class='ocrx_word' id='word_1_350' title='bbox 2953 2385 3099 2456; x_wconf 84' lang='grc' dir='ltr'><strong>βυθῷ</strong></span> <span class='ocrx_word' id='word_1_351' title='bbox 3131 2387 3622 2456; x_wconf 79' lang='grc' dir='ltr'><strong>παραπέμπεσθαι.</strong></span> 
     </span>
    </p>
   </div>
   <div class='ocr_carea' id='block_1_52' title="bbox 2056 2477 3630 2550">
    <p class='ocr_par' dir='ltr' id='par_1_52' title="bbox 2056 2477 3630 2550">
     <span class='ocr_line' id='line_1_52' title="bbox 2056 2477 3630 2550; baseline 0 -18"><span class='ocrx_word' id='word_1_352' title='bbox 2056 2479 2202 2544; x_wconf 78' lang='grc' dir='ltr'><strong>ἔδοξε</strong></span> <span class='ocrx_word' id='word_1_353' title='bbox 2247 2480 2347 2550; x_wconf 84' lang='grc' dir='ltr'><strong>τῆς</strong></span> <span class='ocrx_word' id='word_1_354' title='bbox 2376 2478 2570 2541; x_wconf 78' lang='grc' dir='ltr'><strong>νυκτὸς</strong></span> <span class='ocrx_word' id='word_1_355' title='bbox 2598 2477 2816 2547; x_wconf 81' lang='grc' dir='ltr'><strong>ἐκείνης</strong></span> <span class='ocrx_word' id='word_1_356' title='bbox 2863 2477 2984 2531; x_wconf 83' lang='grc' dir='ltr'><strong>καθ’</strong></span> <span class='ocrx_word' id='word_1_357' title='bbox 3012 2477 3081 2548; x_wconf 77' lang='grc' dir='ltr'><strong>ἢν</strong></span> <span class='ocrx_word' id='word_1_358' title='bbox 3122 2478 3254 2548; x_wconf 79' lang='grc' dir='ltr'><strong>ςάλη</strong></span> <span class='ocrx_word' id='word_1_359' title='bbox 3285 2479 3582 2548; x_wconf 78' lang='grc' dir='ltr'><strong>ἐγήγερτο,</strong></span> <span class='ocrx_word' id='word_1_360' title='bbox 3604 2479 3630 2531; x_wconf 83' lang='grc' dir='ltr'><strong>ό</strong></span> 
     </span>
    </p>
   </div>
   <div class='ocr_carea' id='block_1_53' title="bbox 2057 2569 3697 2641">
    <p class='ocr_par' dir='ltr' id='par_1_53' title="bbox 2057 2569 3697 2641">
     <span class='ocr_line' id='line_1_53' title="bbox 2057 2569 3697 2641; baseline -0.001 -17"><span class='ocrx_word' id='word_1_361' title='bbox 2057 2572 2350 2641; x_wconf 83' lang='grc' dir='ltr'><strong>πατρίκιος</strong></span> <span class='ocrx_word' id='word_1_362' title='bbox 2378 2569 2512 2640; x_wconf 82' lang='grc' dir='ltr'><strong>ὄναρ</strong></span> <span class='ocrx_word' id='word_1_363' title='bbox 2543 2570 2676 2640; x_wconf 73' lang='grc' dir='ltr'><strong>ὁρᾷν</strong></span> <span class='ocrx_word' id='word_1_364' title='bbox 2705 2569 2796 2621; x_wconf 81' lang='grc' dir='ltr'><strong>τὸν</strong></span> <span class='ocrx_word' id='word_1_365' title='bbox 2828 2569 3176 2640; x_wconf 80' lang='grc' dir='ltr'><strong>πατριάρχην</strong></span> <span class='ocrx_word' id='word_1_366' title='bbox 3207 2570 3346 2639; x_wconf 80' lang='grc' dir='ltr'><strong>μετὰ</strong></span> <span class='ocrx_word' id='word_1_367' title='bbox 3371 2571 3480 2623; x_wconf 88' lang='grc' dir='ltr'><strong>τῶν</strong></span> <span class='ocrx_word' id='word_1_368' title='bbox 3534 2589 3626 2624; x_wconf 69' lang='grc' dir='ltr'><strong>περ</strong></span> <span class='ocrx_word' id='word_1_369' title='bbox 3694 2636 3697 2639; x_wconf 95' lang='lat'><em>_</em></span> 
     </span>
    </p>
   </div>
   <div class='ocr_carea' id='block_1_54' title="bbox 2055 2661 3630 2734">
    <p class='ocr_par' dir='ltr' id='par_1_54' title="bbox 2055 2661 3630 2734">
     <span class='ocr_line' id='line_1_54' title="bbox 2055 2661 3630 2734; baseline -0.001 -17"><span class='ocrx_word' id='word_1_370' title='bbox 2055 2666 2252 2734; x_wconf 74' lang='grc' dir='ltr'><strong>νὴτων,</strong></span> <span class='ocrx_word' id='word_1_371' title='bbox 2277 2664 2364 2716; x_wconf 82' lang='grc' dir='ltr'><strong>ὅτε</strong></span> <span class='ocrx_word' id='word_1_372' title='bbox 2403 2662 2498 2732; x_wconf 77' lang='grc' dir='ltr'><strong>μὲν</strong></span> <span class='ocrx_word' id='word_1_373' title='bbox 2546 2661 2693 2716; x_wconf 76' lang='grc' dir='ltr'><strong>ἅπαν</strong></span> <span class='ocrx_word' id='word_1_374' title='bbox 2723 2661 2782 2715; x_wconf 80' lang='grc' dir='ltr'><strong>τὸ</strong></span> <span class='ocrx_word' id='word_1_375' title='bbox 2815 2662 3000 2715; x_wconf 86' lang='grc' dir='ltr'><strong>πλοῖον</strong></span> <span class='ocrx_word' id='word_1_376' title='bbox 3050 2661 3395 2732; x_wconf 82' lang='grc' dir='ltr'><strong>περιθέοντα,</strong></span> <span class='ocrx_word' id='word_1_377' title='bbox 3431 2664 3527 2717; x_wconf 80' lang='grc' dir='ltr'><strong>ὅτε</strong></span> <span class='ocrx_word' id='word_1_378' title='bbox 3578 2664 3630 2717; x_wconf 83' lang='grc' dir='ltr'><strong>δέ</strong></span> 
     </span>
    </p>
   </div>
   <div class='ocr_carea' id='block_1_55' title="bbox 2058 2752 3633 2823">
    <p class='ocr_par' dir='ltr' id='par_1_55' title="bbox 2058 2752 3633 2823">
     <span class='ocr_line' id='line_1_55' title="bbox 2058 2752 3633 2823; baseline 0 -17"><span class='ocrx_word' id='word_1_379' title='bbox 2058 2756 2155 2806; x_wconf 66' lang='grc' dir='ltr'><strong>σὺν</strong></span> <span class='ocrx_word' id='word_1_380' title='bbox 2182 2755 2366 2816; x_wconf 82' lang='grc' dir='ltr'><strong>αὐτοῖς</strong></span> <span class='ocrx_word' id='word_1_381' title='bbox 2391 2752 2490 2815; x_wconf 79' lang='grc' dir='ltr'><strong>τὰς</strong></span> <span class='ocrx_word' id='word_1_382' title='bbox 2512 2755 2700 2822; x_wconf 82' lang='grc' dir='ltr'><strong>χεῖρας</strong></span> <span class='ocrx_word' id='word_1_383' title='bbox 2724 2754 2803 2815; x_wconf 85' lang='grc' dir='ltr'><strong>είς</strong></span> <span class='ocrx_word' id='word_1_384' title='bbox 2835 2753 3060 2823; x_wconf 74' lang='grc' dir='ltr'><strong>οὐρανὸν</strong></span> <span class='ocrx_word' id='word_1_385' title='bbox 3099 2752 3361 2822; x_wconf 83' lang='grc' dir='ltr'><strong>ὀρέγοντα</strong></span> <span class='ocrx_word' id='word_1_386' title='bbox 3405 2757 3508 2808; x_wconf 73' lang='grc' dir='ltr'><strong>καὶ</strong></span> <span class='ocrx_word' id='word_1_387' title='bbox 3541 2755 3633 2820; x_wconf 67' lang='grc' dir='ltr'><strong>τὴν</strong></span> 
     </span>
    </p>
   </div>
   <div class='ocr_carea' id='block_1_56' title="bbox 2057 2841 3633 2916">
    <p class='ocr_par' dir='ltr' id='par_1_56' title="bbox 2057 2841 3633 2916">
     <span class='ocr_line' id='line_1_56' title="bbox 2057 2841 3633 2916; baseline 0.002 -20"><span class='ocrx_word' id='word_1_388' title='bbox 2057 2845 2266 2898; x_wconf 86' lang='grc' dir='ltr'><strong>ἐκεῖθεν</strong></span> <span class='ocrx_word' id='word_1_389' title='bbox 2298 2844 2548 2916; x_wconf 83' lang='grc' dir='ltr'><strong>βοήθειαν</strong></span> <span class='ocrx_word' id='word_1_390' title='bbox 2570 2844 2971 2914; x_wconf 77' lang='grc' dir='ltr'><strong>ἐξαιτούμενον.</strong></span> <span class='ocrx_word' id='word_1_391' title='bbox 3010 2845 3099 2908; x_wconf 84' lang='grc' dir='ltr'><strong>Ὠς</strong></span> <span class='ocrx_word' id='word_1_392' title='bbox 3127 2843 3301 2898; x_wconf 75' lang='grc' dir='ltr'><strong>δὲκαὶ</strong></span> <span class='ocrx_word' id='word_1_393' title='bbox 3340 2845 3483 2914; x_wconf 75' lang='grc' dir='ltr'><strong>πρὸς</strong></span> <span class='ocrx_word' id='word_1_394' title='bbox 3525 2841 3633 2899; x_wconf 82' lang='grc' dir='ltr'><strong>Ῥό-</strong></span> 
     </span>
    </p>
   </div>
   <div class='ocr_carea' id='block_1_57' title="bbox 2055 2935 3626 3006">
    <p class='ocr_par' dir='ltr' id='par_1_57' title="bbox 2055 2935 3626 3006">
     <span class='ocr_line' id='line_1_57' title="bbox 2055 2935 3626 3006; baseline 0 -17"><span class='ocrx_word' id='word_1_395' title='bbox 2055 2937 2144 2989; x_wconf 86' lang='grc' dir='ltr'><strong>δον</strong></span> <span class='ocrx_word' id='word_1_396' title='bbox 2173 2936 2273 3006; x_wconf 70' lang='grc' dir='ltr'><strong>ῆδη</strong></span> <span class='ocrx_word' id='word_1_397' title='bbox 2299 2937 2396 3006; x_wconf 74' lang='grc' dir='ltr'><strong>τὴν</strong></span> <span class='ocrx_word' id='word_1_398' title='bbox 2441 2936 2603 3006; x_wconf 82' lang='grc' dir='ltr'><strong>νῆσον</strong></span> <span class='ocrx_word' id='word_1_399' title='bbox 2649 2935 2970 2998; x_wconf 78' lang='grc' dir='ltr'><strong>κατέλαὸον,</strong></span> <span class='ocrx_word' id='word_1_400' title='bbox 3007 2935 3172 2997; x_wconf 76' lang='grc' dir='ltr'><strong>αὐτὸς</strong></span> <span class='ocrx_word' id='word_1_401' title='bbox 3221 2935 3428 2996; x_wconf 82' lang='grc' dir='ltr'><strong>ἐκεῖνος</strong></span> <span class='ocrx_word' id='word_1_402' title='bbox 3457 2936 3494 2988; x_wconf 74' lang='grc' dir='ltr'><strong>ὁ</strong></span> <span class='ocrx_word' id='word_1_403' title='bbox 3527 2950 3626 2989; x_wconf 54' lang='lat' dir='ltr'><strong>me</strong></span> 
     </span>
    </p>
   </div>
   <div class='ocr_carea' id='block_1_58' title="bbox 2057 3024 3632 3099">
    <p class='ocr_par' dir='ltr' id='par_1_58' title="bbox 2057 3024 3632 3099">
     <span class='ocr_line' id='line_1_58' title="bbox 2057 3024 3632 3099; baseline -0.003 -17"><span class='ocrx_word' id='word_1_404' title='bbox 2057 3029 2344 3099; x_wconf 80' lang='grc' dir='ltr'><strong>τριάρχης,</strong></span> <span class='ocrx_word' id='word_1_405' title='bbox 2400 3028 2458 3079; x_wconf 82' lang='grc' dir='ltr'><strong>ἐν</strong></span> <span class='ocrx_word' id='word_1_406' title='bbox 2493 3027 2747 3080; x_wconf 75' lang='grc' dir='ltr'><strong>ἐκστάσει</strong></span> <span class='ocrx_word' id='word_1_407' title='bbox 2801 3027 3114 3097; x_wconf 87' lang='grc' dir='ltr'><strong>γενόμενος,</strong></span> <span class='ocrx_word' id='word_1_408' title='bbox 3155 3024 3301 3097; x_wconf 81' lang='grc' dir='ltr'><strong>ῦπαρ</strong></span> <span class='ocrx_word' id='word_1_409' title='bbox 3349 3026 3451 3080; x_wconf 79' lang='grc' dir='ltr'><strong>οὐκ</strong></span> <span class='ocrx_word' id='word_1_410' title='bbox 3505 3025 3632 3095; x_wconf 73' lang='grc' dir='ltr'><strong>ὄναρ</strong></span> 
     </span>
    </p>
   </div>
   <div class='ocr_carea' id='block_1_59' title="bbox 2056 3116 3638 3190">
    <p class='ocr_par' dir='ltr' id='par_1_59' title="bbox 2056 3116 3638 3190">
     <span class='ocr_line' id='line_1_59' title="bbox 2056 3116 3638 3190; baseline -0.001 -18"><span class='ocrx_word' id='word_1_411' title='bbox 2056 3120 2158 3190; x_wconf 79' lang='grc' dir='ltr'><strong>ὁρᾷ</strong></span> <span class='ocrx_word' id='word_1_412' title='bbox 2214 3118 2466 3188; x_wconf 73' lang='grc' dir='ltr'><strong>λαμπρὸν</strong></span> <span class='ocrx_word' id='word_1_413' title='bbox 2489 3117 2656 3188; x_wconf 85' lang='grc' dir='ltr'><strong>ἄνδρα</strong></span> <span class='ocrx_word' id='word_1_414' title='bbox 2685 3119 2924 3188; x_wconf 70' lang='grc' dir='ltr'><strong>εὐνούχῳ</strong></span> <span class='ocrx_word' id='word_1_415' title='bbox 2968 3117 3207 3182; x_wconf 88' lang='grc' dir='ltr'><strong>ἐοικότα,</strong></span> <span class='ocrx_word' id='word_1_416' title='bbox 3239 3116 3475 3187; x_wconf 85' lang='grc' dir='ltr'><strong>χρύσεον</strong></span> <span class='ocrx_word' id='word_1_417' title='bbox 3511 3117 3638 3186; x_wconf 68' lang='grc' dir='ltr'><strong>σκῆ-</strong></span> 
     </span>
    </p>
   </div>
   <div class='ocr_carea' id='block_1_60' title="bbox 2061 3207 3634 3282">
    <p class='ocr_par' dir='ltr' id='par_1_60' title="bbox 2061 3207 3634 3282">
     <span class='ocr_line' id='line_1_60' title="bbox 2061 3207 3634 3282; baseline -0.001 -19"><span class='ocrx_word' id='word_1_418' title='bbox 2061 3228 2231 3282; x_wconf 88' lang='grc' dir='ltr'><strong>πτρον</strong></span> <span class='ocrx_word' id='word_1_419' title='bbox 2267 3213 2326 3264; x_wconf 84' lang='grc' dir='ltr'><strong>ἐν</strong></span> <span class='ocrx_word' id='word_1_420' title='bbox 2358 3209 2547 3279; x_wconf 73' lang='grc' dir='ltr'><strong>χερσὶν</strong></span> <span class='ocrx_word' id='word_1_421' title='bbox 2599 3208 2814 3278; x_wconf 77' lang='grc' dir='ltr'><strong>ἔχοντα,</strong></span> <span class='ocrx_word' id='word_1_422' title='bbox 2841 3209 2992 3279; x_wconf 86' lang='grc' dir='ltr'><strong>αὐτῷ</strong></span> <span class='ocrx_word' id='word_1_423' title='bbox 3041 3225 3100 3262; x_wconf 86' lang='grc' dir='ltr'><strong>τε</strong></span> <span class='ocrx_word' id='word_1_424' title='bbox 3144 3208 3538 3280; x_wconf 82' lang='grc' dir='ltr'><strong>προσελθόντα,</strong></span> <span class='ocrx_word' id='word_1_425' title='bbox 3578 3207 3634 3262; x_wconf 85' lang='lat'><strong>&#39;0</strong></span> 
     </span>
    </p>
   </div>
   <div class='ocr_carea' id='block_1_61' title="bbox 386 3299 1954 3376">
    <p class='ocr_par' dir='ltr' id='par_1_61' title="bbox 386 3301 1954 3376">
     <span class='ocr_line' id='line_1_61' title="bbox 386 3301 1954 3376; baseline 0.001 -18"><span class='ocrx_word' id='word_1_426' title='bbox 386 3303 582 3358; x_wconf 89' lang='lat' dir='ltr'><strong>Statim</strong></span> <span class='ocrx_word' id='word_1_427' title='bbox 609 3318 737 3371; x_wconf 76' lang='lat' dir='ltr'><strong>ergo</strong></span> <span class='ocrx_word' id='word_1_428' title='bbox 763 3301 1028 3356; x_wconf 79' lang='lat' dir='ltr'><strong>arcersito</strong></span> <span class='ocrx_word' id='word_1_429' title='bbox 1058 3303 1304 3373; x_wconf 87' lang='lat' dir='ltr'><strong>patricio,</strong></span> <span class='ocrx_word' id='word_1_430' title='bbox 1335 3318 1457 3358; x_wconf 91' lang='lat' dir='ltr'><strong>cum</strong></span> <span class='ocrx_word' id='word_1_431' title='bbox 1493 3303 1716 3359; x_wconf 78' lang='lat' dir='ltr'><strong>dixisset</strong></span> <span class='ocrx_word' id='word_1_432' title='bbox 1743 3308 1954 3376; x_wconf 86' lang='lat' dir='ltr'><strong>qualem</strong></span> 
     </span>
    </p>
   </div>
   <div class='ocr_carea' id='block_1_62' title="bbox 2059 3299 3641 3376">
    <p class='ocr_par' dir='ltr' id='par_1_62' title="bbox 2059 3299 3641 3373">
     <span class='ocr_line' id='line_1_62' title="bbox 2059 3299 3641 3373; baseline -0.002 -17"><span class='ocrx_word' id='word_1_433' title='bbox 2059 3303 2341 3368; x_wconf 81' lang='grc' dir='ltr'><strong>Βασιλεὺς,</strong></span> <span class='ocrx_word' id='word_1_434' title='bbox 2376 3303 2564 3371; x_wconf 84' lang='grc' dir='ltr'><strong>φάναι,</strong></span> <span class='ocrx_word' id='word_1_435' title='bbox 2590 3300 2695 3354; x_wconf 82' lang='grc' dir='ltr'><strong>τῶν</strong></span> <span class='ocrx_word' id='word_1_436' title='bbox 2721 3300 3111 3373; x_wconf 81' lang='grc' dir='ltr'><strong>βασιλευόντων</strong></span> <span class='ocrx_word' id='word_1_437' title='bbox 3133 3301 3288 3354; x_wconf 87' lang='grc' dir='ltr'><strong>καλεί</strong></span> <span class='ocrx_word' id='word_1_438' title='bbox 3313 3317 3396 3354; x_wconf 88' lang='grc' dir='ltr'><strong>σε.</strong></span> <span class='ocrx_word' id='word_1_439' title='bbox 3428 3302 3469 3354; x_wconf 75' lang='grc' dir='ltr'>Α</span> <span class='ocrx_word' id='word_1_440' title='bbox 3483 3299 3641 3354; x_wconf 85' lang='grc' dir='ltr'><strong>ύτίκα</strong></span> 
     </span>
    </p>
   </div>
   <div class='ocr_carea' id='block_1_63' title="bbox 384 3390 1954 3483">
    <p class='ocr_par' dir='ltr' id='par_1_63' title="bbox 384 3393 1954 3470">
     <span class='ocr_line' id='line_1_63' title="bbox 384 3393 1954 3470; baseline 0.003 -22"><span class='ocrx_word' id='word_1_441' title='bbox 384 3395 657 3450; x_wconf 88' lang='lat' dir='ltr'><strong>habuisset</strong></span> <span class='ocrx_word' id='word_1_442' title='bbox 687 3395 986 3450; x_wconf 87' lang='lat' dir='ltr'><strong>visionem:</strong></span> <span class='ocrx_word' id='word_1_443' title='bbox 1018 3393 1096 3449; x_wconf 86' lang='lat' dir='ltr'><strong>Tu</strong></span> <span class='ocrx_word' id='word_1_444' title='bbox 1121 3393 1359 3464; x_wconf 86' lang='lat' dir='ltr'><strong>quidem,</strong></span> <span class='ocrx_word' id='word_1_445' title='bbox 1393 3396 1585 3467; x_wconf 87' lang='lat' dir='ltr'><strong>inquit,</strong></span> <span class='ocrx_word' id='word_1_446' title='bbox 1615 3412 1648 3452; x_wconf 93' lang='grc' dir='ltr'><strong>ο</strong></span> <span class='ocrx_word' id='word_1_447' title='bbox 1675 3398 1758 3452; x_wconf 88' lang='lat' dir='ltr'><strong>vir</strong></span> <span class='ocrx_word' id='word_1_448' title='bbox 1787 3399 1954 3470; x_wconf 72' lang='lat' dir='ltr'><strong>splen-</strong></span> 
     </span>
    </p>
   </div>
   <div class='ocr_carea' id='block_1_64' title="bbox 2059 3390 3638 3483">
    <p class='ocr_par' dir='ltr' id='par_1_64' title="bbox 2059 3390 3638 3464">
     <span class='ocr_line' id='line_1_64' title="bbox 2059 3390 3638 3464; baseline -0.003 -16"><span class='ocrx_word' id='word_1_449' title='bbox 2059 3395 2189 3464; x_wconf 85' lang='grc' dir='ltr'><strong>γοῦν</strong></span> <span class='ocrx_word' id='word_1_450' title='bbox 2237 3393 2330 3447; x_wconf 86' lang='grc' dir='ltr'><strong>τδν</strong></span> <span class='ocrx_word' id='word_1_451' title='bbox 2384 3395 2672 3464; x_wconf 84' lang='grc' dir='ltr'><strong>πατρίκιον</strong></span> <span class='ocrx_word' id='word_1_452' title='bbox 2731 3392 3245 3463; x_wconf 84' lang='grc' dir='ltr'><strong>μετακαλεσάμενος</strong></span> <span class='ocrx_word' id='word_1_453' title='bbox 3296 3392 3389 3446; x_wconf 76' lang='grc' dir='ltr'><strong>καὶ</strong></span> <span class='ocrx_word' id='word_1_454' title='bbox 3422 3391 3498 3445; x_wconf 81' lang='grc' dir='ltr'><strong>τὰ</strong></span> <span class='ocrx_word' id='word_1_455' title='bbox 3543 3390 3638 3460; x_wconf 79' lang='grc' dir='ltr'><strong>τῆς</strong></span> 
     </span>
    </p>
   </div>
   <div class='ocr_carea' id='block_1_65' title="bbox 381 3477 1954 3563">
    <p class='ocr_par' dir='ltr' id='par_1_65' title="bbox 381 3487 1954 3563">
     <span class='ocr_line' id='line_1_65' title="bbox 381 3487 1954 3563; baseline 0.002 -21"><span class='ocrx_word' id='word_1_456' title='bbox 381 3487 696 3551; x_wconf 86' lang='lat' dir='ltr'><strong>didissime,</strong></span> <span class='ocrx_word' id='word_1_457' title='bbox 748 3488 1004 3544; x_wconf 82' lang='lat' dir='ltr'><strong>studuisti</strong></span> <span class='ocrx_word' id='word_1_458' title='bbox 1065 3503 1165 3543; x_wconf 86' lang='lat' dir='ltr'><strong>nos</strong></span> <span class='ocrx_word' id='word_1_459' title='bbox 1206 3489 1478 3544; x_wconf 87' lang='lat' dir='ltr'><strong>deducere</strong></span> <span class='ocrx_word' id='word_1_460' title='bbox 1530 3490 1596 3544; x_wconf 86' lang='lat' dir='ltr'><strong>ad</strong></span> <span class='ocrx_word' id='word_1_461' title='bbox 1651 3506 1810 3556; x_wconf 90' lang='lat' dir='ltr'><strong>cum,</strong></span> <span class='ocrx_word' id='word_1_462' title='bbox 1864 3493 1954 3563; x_wconf 88' lang='lat' dir='ltr'><strong>qui</strong></span> 
     </span>
    </p>
   </div>
   <div class='ocr_carea' id='block_1_66' title="bbox 2059 3477 3632 3563">
    <p class='ocr_par' dir='ltr' id='par_1_66' title="bbox 2060 3477 3632 3557">
     <span class='ocr_line' id='line_1_66' title="bbox 2060 3477 3632 3557; baseline -0.005 -17"><span class='ocrx_word' id='word_1_463' title='bbox 2060 3487 2235 3557; x_wconf 78' lang='grc' dir='ltr'><strong>ὅψεως</strong></span> <span class='ocrx_word' id='word_1_464' title='bbox 2258 3483 2332 3548; x_wconf 85' lang='grc' dir='ltr'><strong>ὡς</strong></span> <span class='ocrx_word' id='word_1_465' title='bbox 2359 3480 2502 3554; x_wconf 80' lang='grc' dir='ltr'><strong>εἶχεν</strong></span> <span class='ocrx_word' id='word_1_466' title='bbox 2537 3483 2729 3550; x_wconf 79' lang='grc' dir='ltr'><strong>εἰπὼν,</strong></span> <span class='ocrx_word' id='word_1_467' title='bbox 2767 3485 2840 3538; x_wconf 81' lang='grc' dir='ltr'><strong>Σὺ</strong></span> <span class='ocrx_word' id='word_1_468' title='bbox 2879 3483 2994 3553; x_wconf 77' lang='grc' dir='ltr'><strong>μὲν,</strong></span> <span class='ocrx_word' id='word_1_469' title='bbox 3020 3477 3065 3536; x_wconf 83' lang='grc' dir='ltr'><strong>ὧ</strong></span> <span class='ocrx_word' id='word_1_470' title='bbox 3093 3482 3477 3553; x_wconf 85' lang='grc' dir='ltr'><strong>λαμπρότατε,</strong></span> <span class='ocrx_word' id='word_1_471' title='bbox 3509 3483 3632 3550; x_wconf 71' lang='grc' dir='ltr'><strong>ἔφη,</strong></span> 
     </span>
    </p>
   </div>
   <div class='ocr_carea' id='block_1_67' title="bbox 383 3580 1960 3650">
    <p class='ocr_par' dir='ltr' id='par_1_67' title="bbox 383 3580 1960 3650">
     <span class='ocr_line' id='line_1_67' title="bbox 383 3580 1960 3650; baseline 0.003 -16"><span class='ocrx_word' id='word_1_472' title='bbox 383 3589 572 3650; x_wconf 80' lang='lat' dir='ltr'><strong>regnat</strong></span> <span class='ocrx_word' id='word_1_473' title='bbox 627 3581 679 3634; x_wconf 89' lang='lat' dir='ltr'><strong>in</strong></span> <span class='ocrx_word' id='word_1_474' title='bbox 721 3590 865 3634; x_wconf 87' lang='lat' dir='ltr'><strong>terra</strong></span> <span class='ocrx_word' id='word_1_475' title='bbox 914 3597 929 3634; x_wconf 86' lang='lat'><strong>:</strong></span> <span class='ocrx_word' id='word_1_476' title='bbox 971 3580 1062 3649; x_wconf 77' lang='lat' dir='ltr'><strong>qui</strong></span> <span class='ocrx_word' id='word_1_477' title='bbox 1109 3589 1289 3634; x_wconf 89' lang='lat' dir='ltr'><strong>autem</strong></span> <span class='ocrx_word' id='word_1_478' title='bbox 1322 3584 1516 3636; x_wconf 65' lang='lat' dir='ltr'><strong>caelum</strong></span> <span class='ocrx_word' id='word_1_479' title='bbox 1566 3593 1620 3636; x_wconf 91' lang='lat' dir='ltr'><strong>et</strong></span> <span class='ocrx_word' id='word_1_480' title='bbox 1663 3593 1861 3637; x_wconf 87' lang='lat' dir='ltr'><strong>terram</strong></span> <span class='ocrx_word' id='word_1_481' title='bbox 1904 3593 1960 3638; x_wconf 86' lang='lat' dir='ltr'><strong>et</strong></span> 
     </span>
    </p>
   </div>
   <div class='ocr_carea' id='block_1_68' title="bbox 377 3672 1958 3740">
    <p class='ocr_par' dir='ltr' id='par_1_68' title="bbox 377 3672 1958 3740">
     <span class='ocr_line' id='line_1_68' title="bbox 377 3672 1958 3740; baseline 0.003 -12"><span class='ocrx_word' id='word_1_482' title='bbox 377 3673 561 3728; x_wconf 88' lang='lat' dir='ltr'><strong>omnia</strong></span> <span class='ocrx_word' id='word_1_483' title='bbox 592 3689 688 3728; x_wconf 89' lang='lat' dir='ltr'><strong>sua</strong></span> <span class='ocrx_word' id='word_1_484' title='bbox 724 3681 870 3727; x_wconf 89' lang='lat' dir='ltr'><strong>tenet</strong></span> <span class='ocrx_word' id='word_1_485' title='bbox 907 3672 1133 3738; x_wconf 88' lang='lat' dir='ltr'><strong>ditione,</strong></span> <span class='ocrx_word' id='word_1_486' title='bbox 1164 3674 1314 3740; x_wconf 88' lang='lat' dir='ltr'><strong>prior</strong></span> <span class='ocrx_word' id='word_1_487' title='bbox 1355 3675 1420 3727; x_wconf 88' lang='lat' dir='ltr'><strong>ad</strong></span> <span class='ocrx_word' id='word_1_488' title='bbox 1459 3689 1519 3728; x_wconf 90' lang='lat' dir='ltr'><strong>se</strong></span> <span class='ocrx_word' id='word_1_489' title='bbox 1559 3676 1811 3731; x_wconf 80' lang='lat' dir='ltr'><strong>accersit.</strong></span> <span class='ocrx_word' id='word_1_490' title='bbox 1869 3676 1958 3732; x_wconf 88' lang='lat' dir='ltr'><strong>llle</strong></span> 
     </span>
    </p>
   </div>
   <div class='ocr_carea' id='block_1_69' title="bbox 380 3760 1954 3836">
    <p class='ocr_par' dir='ltr' id='par_1_69' title="bbox 380 3760 1954 3836">
     <span class='ocr_line' id='line_1_69' title="bbox 380 3760 1954 3836; baseline 0.004 -22"><span class='ocrx_word' id='word_1_491' title='bbox 380 3776 511 3814; x_wconf 82' lang='lat' dir='ltr'><strong>vero</strong></span> <span class='ocrx_word' id='word_1_492' title='bbox 540 3763 642 3815; x_wconf 86' lang='lat' dir='ltr'><strong>hoc</strong></span> <span class='ocrx_word' id='word_1_493' title='bbox 681 3761 825 3815; x_wconf 88' lang='lat' dir='ltr'><strong>dicto</strong></span> <span class='ocrx_word' id='word_1_494' title='bbox 867 3760 1088 3816; x_wconf 89' lang='lat' dir='ltr'><strong>tristitia</strong></span> <span class='ocrx_word' id='word_1_495' title='bbox 1121 3760 1350 3817; x_wconf 81' lang='lat' dir='ltr'><strong>aﬂ&#39;ectus</strong></span> <span class='ocrx_word' id='word_1_496' title='bbox 1381 3773 1432 3818; x_wconf 92' lang='lat' dir='ltr'><strong>et</strong></span> <span class='ocrx_word' id='word_1_497' title='bbox 1477 3763 1665 3820; x_wconf 91' lang='lat' dir='ltr'><strong>dolore</strong></span> <span class='ocrx_word' id='word_1_498' title='bbox 1697 3766 1954 3836; x_wconf 86' lang='lat' dir='ltr'><strong>repletus,</strong></span> 
     </span>
    </p>
   </div>
   <div class='ocr_carea' id='block_1_70' title="bbox 381 3851 1959 3920">
    <p class='ocr_par' dir='ltr' id='par_1_70' title="bbox 381 3851 1959 3920">
     <span class='ocr_line' id='line_1_70' title="bbox 381 3851 1959 3920; baseline 0.005 -17"><span class='ocrx_word' id='word_1_499' title='bbox 381 3868 488 3904; x_wconf 80' lang='lat' dir='ltr'><strong>nun</strong></span> <span class='ocrx_word' id='word_1_500' title='bbox 531 3851 705 3920; x_wconf 88' lang='lat' dir='ltr'><strong>potuit</strong></span> <span class='ocrx_word' id='word_1_501' title='bbox 750 3851 965 3920; x_wconf 86' lang='lat' dir='ltr'><strong>quidem</strong></span> <span class='ocrx_word' id='word_1_502' title='bbox 1006 3868 1129 3906; x_wconf 73' lang='lat' dir='ltr'><strong>eum</strong></span> <span class='ocrx_word' id='word_1_503' title='bbox 1177 3853 1432 3908; x_wconf 89' lang='lat' dir='ltr'><strong>retinere.</strong></span> <span class='ocrx_word' id='word_1_504' title='bbox 1479 3853 1583 3909; x_wconf 86' lang='lat' dir='ltr'><strong>Sed</strong></span> <span class='ocrx_word' id='word_1_505' title='bbox 1625 3870 1749 3910; x_wconf 91' lang='lat' dir='ltr'><strong>cum</strong></span> <span class='ocrx_word' id='word_1_506' title='bbox 1796 3870 1959 3911; x_wconf 84' lang='lat' dir='ltr'><strong>vene-</strong></span> 
     </span>
    </p>
   </div>
   <div class='ocr_carea' id='block_1_71' title="bbox 383 3942 1954 4014">
    <p class='ocr_par' dir='ltr' id='par_1_71' title="bbox 383 3942 1954 4014">
     <span class='ocr_line' id='line_1_71' title="bbox 383 3942 1954 4014; baseline 0.002 -16"><span class='ocrx_word' id='word_1_507' title='bbox 383 3945 631 3998; x_wconf 81' lang='lat' dir='ltr'><strong>rahilium</strong></span> <span class='ocrx_word' id='word_1_508' title='bbox 672 3943 789 4012; x_wconf 88' lang='lat' dir='ltr'><strong>ejus</strong></span> <span class='ocrx_word' id='word_1_509' title='bbox 823 3959 1045 4012; x_wconf 91' lang='lat' dir='ltr'><strong>precum</strong></span> <span class='ocrx_word' id='word_1_510' title='bbox 1081 3942 1314 3998; x_wconf 81' lang='lat' dir='ltr'><strong>fructum</strong></span> <span class='ocrx_word' id='word_1_511' title='bbox 1347 3944 1588 4013; x_wconf 86' lang='lat' dir='ltr'><strong>jucunde</strong></span> <span class='ocrx_word' id='word_1_512' title='bbox 1622 3946 1954 4014; x_wconf 85' lang='lat' dir='ltr'><strong>accepisset,</strong></span> 
     </span>
    </p>
   </div>
   <div class='ocr_carea' id='block_1_72' title="bbox 380 4034 1954 4107">
    <p class='ocr_par' dir='ltr' id='par_1_72' title="bbox 380 4034 1954 4107">
     <span class='ocr_line' id='line_1_72' title="bbox 380 4034 1954 4107; baseline 0.002 -18"><span class='ocrx_word' id='word_1_513' title='bbox 380 4053 540 4104; x_wconf 87' lang='lat' dir='ltr'><strong>quam</strong></span> <span class='ocrx_word' id='word_1_514' title='bbox 571 4035 746 4106; x_wconf 82' lang='lat' dir='ltr'><strong>potuit</strong></span> <span class='ocrx_word' id='word_1_515' title='bbox 769 4034 1158 4091; x_wconf 87' lang='lat' dir='ltr'><strong>otiiciosissime</strong></span> <span class='ocrx_word' id='word_1_516' title='bbox 1188 4049 1311 4090; x_wconf 86' lang='lat' dir='ltr'><strong>eum</strong></span> <span class='ocrx_word' id='word_1_517' title='bbox 1343 4034 1566 4090; x_wconf 90' lang='lat' dir='ltr'><strong>dimittit</strong></span> <span class='ocrx_word' id='word_1_518' title='bbox 1600 4036 1652 4091; x_wconf 91' lang='lat' dir='ltr'><strong>in</strong></span> <span class='ocrx_word' id='word_1_519' title='bbox 1691 4034 1954 4107; x_wconf 84' lang='lat' dir='ltr'><strong>Cyprum.</strong></span> 
     </span>
    </p>
   </div>
   <div class='ocr_carea' id='block_1_73' title="bbox 453 4215 1956 4290">
    <p class='ocr_par' dir='ltr' id='par_1_73' title="bbox 453 4215 1956 4290">
     <span class='ocr_line' id='line_1_73' title="bbox 453 4215 1956 4290; baseline 0.003 -16"><span class='ocrx_word' id='word_1_520' title='bbox 453 4218 689 4275; x_wconf 72' lang='lat' dir='ltr'><strong>LXXIV.</strong></span> <span class='ocrx_word' id='word_1_521' title='bbox 718 4215 854 4273; x_wconf 90' lang='lat' dir='ltr'><strong>Cum</strong></span> <span class='ocrx_word' id='word_1_522' title='bbox 873 4228 1068 4290; x_wconf 72' lang='lat' dir='ltr'><strong>autem</strong></span> <span class='ocrx_word' id='word_1_523' title='bbox 1096 4217 1148 4272; x_wconf 91' lang='lat' dir='ltr'><strong>in</strong></span> <span class='ocrx_word' id='word_1_524' title='bbox 1181 4233 1331 4273; x_wconf 88' lang='lat' dir='ltr'><strong>suam</strong></span> <span class='ocrx_word' id='word_1_525' title='bbox 1370 4218 1640 4274; x_wconf 89' lang='lat' dir='ltr'><strong>civitatem</strong></span> <span class='ocrx_word' id='word_1_526' title='bbox 1673 4221 1956 4290; x_wconf 82' lang='lat' dir='ltr'><strong>pervenis-</strong></span> 
     </span>
    </p>
   </div>
   <div class='ocr_carea' id='block_1_74' title="bbox 380 4309 1958 4379">
    <p class='ocr_par' dir='ltr' id='par_1_74' title="bbox 380 4309 1958 4379">
     <span class='ocr_line' id='line_1_74' title="bbox 380 4309 1958 4379; baseline 0.001 -13"><span class='ocrx_word' id='word_1_527' title='bbox 380 4325 462 4366; x_wconf 83' lang='lat' dir='ltr'><strong>set</strong></span> <span class='ocrx_word' id='word_1_528' title='bbox 490 4310 895 4375; x_wconf 81' lang='lat' dir='ltr'><strong>Amathuntcm,</strong></span> <span class='ocrx_word' id='word_1_529' title='bbox 931 4309 1094 4379; x_wconf 87' lang='lat' dir='ltr'><strong>jussit</strong></span> <span class='ocrx_word' id='word_1_530' title='bbox 1129 4309 1330 4364; x_wconf 85' lang='lat' dir='ltr'><strong>scribis</strong></span> <span class='ocrx_word' id='word_1_531' title='bbox 1364 4319 1424 4364; x_wconf 89' lang='lat' dir='ltr'><strong>ut</strong></span> <span class='ocrx_word' id='word_1_532' title='bbox 1457 4311 1761 4366; x_wconf 86' lang='lat' dir='ltr'><strong>scriberent</strong></span> <span class='ocrx_word' id='word_1_533' title='bbox 1794 4324 1958 4367; x_wconf 84' lang='lat' dir='ltr'><strong>testa-</strong></span> 
     </span>
    </p>
   </div>
   <div class='ocr_carea' id='block_1_75' title="bbox 381 4396 1956 4472">
    <p class='ocr_par' dir='ltr' id='par_1_75' title="bbox 381 4396 1956 4472">
     <span class='ocr_line' id='line_1_75' title="bbox 381 4396 1956 4472; baseline -0.004 -13"><span class='ocrx_word' id='word_1_534' title='bbox 381 4410 646 4468; x_wconf 88' lang='lat' dir='ltr'><strong>mentum,</strong></span> <span class='ocrx_word' id='word_1_535' title='bbox 686 4399 831 4472; x_wconf 90' lang='lat' dir='ltr'><strong>quod</strong></span> <span class='ocrx_word' id='word_1_536' title='bbox 867 4399 947 4456; x_wconf 90' lang='lat' dir='ltr'><strong>sic</strong></span> <span class='ocrx_word' id='word_1_537' title='bbox 985 4399 1216 4455; x_wconf 82' lang='lat' dir='ltr'><strong>habebat</strong></span> <span class='ocrx_word' id='word_1_538' title='bbox 1250 4415 1264 4454; x_wconf 88' lang='lat'><strong>:</strong></span> <span class='ocrx_word' id='word_1_539' title='bbox 1307 4396 1543 4454; x_wconf 80' lang='lat' dir='ltr'><strong>Joannes</strong></span> <span class='ocrx_word' id='word_1_540' title='bbox 1587 4399 1805 4454; x_wconf 88' lang='lat' dir='ltr'><strong>lmmilis</strong></span> <span class='ocrx_word' id='word_1_541' title='bbox 1834 4402 1956 4470; x_wconf 82' lang='lat' dir='ltr'><strong>qui-</strong></span> 
     </span>
    </p>
   </div>
   <div class='ocr_carea' id='block_1_76' title="bbox 382 4491 1955 4559">
    <p class='ocr_par' dir='ltr' id='par_1_76' title="bbox 382 4491 1955 4559">
     <span class='ocr_line' id='line_1_76' title="bbox 382 4491 1955 4559; baseline -0.002 -12"><span class='ocrx_word' id='word_1_542' title='bbox 382 4500 501 4550; x_wconf 87' lang='lat' dir='ltr'><strong>dem</strong></span> <span class='ocrx_word' id='word_1_543' title='bbox 557 4509 745 4550; x_wconf 88' lang='lat' dir='ltr'><strong>servus</strong></span> <span class='ocrx_word' id='word_1_544' title='bbox 800 4507 1081 4547; x_wconf 87' lang='lat' dir='ltr'><strong>servorum</strong></span> <span class='ocrx_word' id='word_1_545' title='bbox 1135 4491 1272 4554; x_wconf 90' lang='lat' dir='ltr'><strong>Dei,</strong></span> <span class='ocrx_word' id='word_1_546' title='bbox 1330 4499 1547 4559; x_wconf 80' lang='lat' dir='ltr'><strong>propter</strong></span> <span class='ocrx_word' id='word_1_547' title='bbox 1594 4498 1774 4545; x_wconf 88' lang='lat' dir='ltr'><strong>autem</strong></span> <span class='ocrx_word' id='word_1_548' title='bbox 1829 4491 1955 4544; x_wconf 87' lang='lat' dir='ltr'><strong>mihi</strong></span> 
     </span>
    </p>
   </div>
   <div class='ocr_carea' id='block_1_77' title="bbox 383 4581 1955 4658">
    <p class='ocr_par' dir='ltr' id='par_1_77' title="bbox 383 4581 1955 4658">
     <span class='ocr_line' id='line_1_77' title="bbox 383 4581 1955 4658; baseline -0.003 -17"><span class='ocrx_word' id='word_1_549' title='bbox 383 4586 687 4658; x_wconf 86' lang='lat' dir='ltr'><strong>impositam</strong></span> <span class='ocrx_word' id='word_1_550' title='bbox 737 4585 1086 4656; x_wconf 89' lang='lat' dir='ltr'><strong>poutiticatus</strong></span> <span class='ocrx_word' id='word_1_551' title='bbox 1136 4583 1487 4652; x_wconf 78' lang='lat' dir='ltr'><strong>dignitatem,</strong></span> <span class='ocrx_word' id='word_1_552' title='bbox 1529 4584 1703 4653; x_wconf 76' lang='lat' dir='ltr'><strong>gratia</strong></span> <span class='ocrx_word' id='word_1_553' title='bbox 1755 4581 1955 4637; x_wconf 90' lang='lat' dir='ltr'><strong>Christi</strong></span> 
     </span>
    </p>
   </div>
   <div class='ocr_carea' id='block_1_78' title="bbox 388 4670 1958 4744">
    <p class='ocr_par' dir='ltr' id='par_1_78' title="bbox 388 4670 1958 4744">
     <span class='ocr_line' id='line_1_78' title="bbox 388 4670 1958 4744; baseline -0.003 -14"><span class='ocrx_word' id='word_1_554' title='bbox 388 4677 544 4738; x_wconf 85' lang='lat' dir='ltr'><strong>liber,</strong></span> <span class='ocrx_word' id='word_1_555' title='bbox 576 4691 677 4744; x_wconf 78' lang='lat' dir='ltr'><strong>ago</strong></span> <span class='ocrx_word' id='word_1_556' title='bbox 707 4675 798 4728; x_wconf 91' lang='lat' dir='ltr'><strong>tibi</strong></span> <span class='ocrx_word' id='word_1_557' title='bbox 823 4672 1052 4744; x_wconf 77' lang='lat' dir='ltr'><strong>gratias,</strong></span> <span class='ocrx_word' id='word_1_558' title='bbox 1087 4673 1308 4727; x_wconf 89' lang='lat' dir='ltr'><strong>Domine</strong></span> <span class='ocrx_word' id='word_1_559' title='bbox 1333 4670 1475 4726; x_wconf 89' lang='lat' dir='ltr'><strong>Deus</strong></span> <span class='ocrx_word' id='word_1_560' title='bbox 1505 4687 1675 4734; x_wconf 88' lang='lat' dir='ltr'><strong>meus,</strong></span> <span class='ocrx_word' id='word_1_561' title='bbox 1708 4673 1850 4742; x_wconf 89' lang='lat' dir='ltr'><strong>quod</strong></span> <span class='ocrx_word' id='word_1_562' title='bbox 1874 4686 1958 4726; x_wconf 88' lang='lat' dir='ltr'><strong>me</strong></span> 
     </span>
    </p>
   </div>
   <div class='ocr_carea' id='block_1_79' title="bbox 383 4746 1614 4837">
    <p class='ocr_par' dir='ltr' id='par_1_79' title="bbox 383 4746 1614 4837">
     <span class='ocr_line' id='line_1_79' title="bbox 383 4746 1614 4837; baseline -0.002 -18"><span class='ocrx_word' id='word_1_563' title='bbox 383 4770 601 4837; x_wconf 81' lang='lat' dir='ltr'><strong>dignum</strong></span> <span class='ocrx_word' id='word_1_564' title='bbox 643 4746 954 4828; x_wconf 78' lang='lat' dir='ltr'><strong>censueris,</strong></span> <span class='ocrx_word' id='word_1_565' title='bbox 989 4765 1081 4833; x_wconf 90' lang='lat' dir='ltr'><strong>qui</strong></span> <span class='ocrx_word' id='word_1_566' title='bbox 1116 4775 1204 4817; x_wconf 91' lang='lat' dir='ltr'><strong>tua</strong></span> <span class='ocrx_word' id='word_1_567' title='bbox 1240 4764 1333 4817; x_wconf 86' lang='lat' dir='ltr'><strong>tibi</strong></span> <span class='ocrx_word' id='word_1_568' title='bbox 1363 4762 1614 4818; x_wconf 70' lang='lat' dir='ltr'><strong>oﬂ‘errem</strong></span> 
     </span>
    </p>
   </div>
   <div class='ocr_carea' id='block_1_80' title="bbox 381 4855 1954 4924">
    <p class='ocr_par' dir='ltr' id='par_1_80' title="bbox 381 4855 1954 4924">
     <span class='ocr_line' id='line_1_80' title="bbox 381 4855 1954 4924; baseline -0.001 -11"><span class='ocrx_word' id='word_1_569' title='bbox 381 4875 447 4913; x_wconf 75' lang='lat' dir='ltr'><strong>ex</strong></span> <span class='ocrx_word' id='word_1_570' title='bbox 483 4858 666 4911; x_wconf 88' lang='lat' dir='ltr'><strong>mundi</strong></span> <span class='ocrx_word' id='word_1_571' title='bbox 704 4857 855 4911; x_wconf 87' lang='lat' dir='ltr'><strong>bonis</strong></span> <span class='ocrx_word' id='word_1_572' title='bbox 888 4856 1019 4909; x_wconf 89' lang='lat' dir='ltr'><strong>nihil</strong></span> <span class='ocrx_word' id='word_1_573' title='bbox 1056 4855 1200 4909; x_wconf 88' lang='lat' dir='ltr'><strong>aliud</strong></span> <span class='ocrx_word' id='word_1_574' title='bbox 1241 4856 1311 4910; x_wconf 87' lang='lat' dir='ltr'><strong>sit</strong></span> <span class='ocrx_word' id='word_1_575' title='bbox 1345 4855 1476 4908; x_wconf 90' lang='lat' dir='ltr'><strong>mihi</strong></span> <span class='ocrx_word' id='word_1_576' title='bbox 1513 4856 1810 4924; x_wconf 89' lang='lat' dir='ltr'><strong>reliquum,</strong></span> <span class='ocrx_word' id='word_1_577' title='bbox 1849 4855 1954 4911; x_wconf 89' lang='lat' dir='ltr'><strong>nisi</strong></span> 
     </span>
    </p>
   </div>
   <div class='ocr_carea' id='block_1_81' title="bbox 384 4943 1952 5016">
    <p class='ocr_par' dir='ltr' id='par_1_81' title="bbox 384 4943 1952 5016">
     <span class='ocr_line' id='line_1_81' title="bbox 384 4943 1952 5016; baseline -0.002 -13"><span class='ocrx_word' id='word_1_578' title='bbox 384 4949 539 5003; x_wconf 85' lang='lat' dir='ltr'><strong>tertia</strong></span> <span class='ocrx_word' id='word_1_579' title='bbox 574 4961 698 5016; x_wconf 90' lang='lat' dir='ltr'><strong>pars</strong></span> <span class='ocrx_word' id='word_1_580' title='bbox 728 4945 969 5006; x_wconf 85' lang='lat' dir='ltr'><strong>nummi;</strong></span> <span class='ocrx_word' id='word_1_581' title='bbox 997 4960 1159 5014; x_wconf 89' lang='lat' dir='ltr'><strong>quam</strong></span> <span class='ocrx_word' id='word_1_582' title='bbox 1190 4944 1360 5012; x_wconf 86' lang='lat' dir='ltr'><strong>ipsam</strong></span> <span class='ocrx_word' id='word_1_583' title='bbox 1391 4943 1557 5014; x_wconf 91' lang='lat' dir='ltr'><strong>jubco</strong></span> <span class='ocrx_word' id='word_1_584' title='bbox 1587 4960 1803 5014; x_wconf 89' lang='lat' dir='ltr'><strong>quoque</strong></span> <span class='ocrx_word' id='word_1_585' title='bbox 1839 4946 1952 5001; x_wconf 92' lang='lat' dir='ltr'><strong>dari</strong></span> 
     </span>
    </p>
   </div>
   <div class='ocr_carea' id='block_1_82' title="bbox 385 5035 1950 5108">
    <p class='ocr_par' dir='ltr' id='par_1_82' title="bbox 385 5035 1950 5108">
     <span class='ocr_line' id='line_1_82' title="bbox 385 5035 1950 5108; baseline 0 -16"><span class='ocrx_word' id='word_1_586' title='bbox 385 5040 744 5108; x_wconf 83' lang='lat' dir='ltr'><strong>pauperibus,</strong></span> <span class='ocrx_word' id='word_1_587' title='bbox 809 5037 898 5106; x_wconf 90' lang='lat' dir='ltr'><strong>qui</strong></span> <span class='ocrx_word' id='word_1_588' title='bbox 968 5046 1092 5091; x_wconf 89' lang='lat' dir='ltr'><strong>sunt</strong></span> <span class='ocrx_word' id='word_1_589' title='bbox 1148 5035 1278 5090; x_wconf 82' lang='lat' dir='ltr'><strong>mihi</strong></span> <span class='ocrx_word' id='word_1_590' title='bbox 1338 5035 1535 5091; x_wconf 81' lang='lat' dir='ltr'><strong>fratres</strong></span> <span class='ocrx_word' id='word_1_591' title='bbox 1593 5037 1646 5091; x_wconf 91' lang='lat' dir='ltr'><strong>in</strong></span> <span class='ocrx_word' id='word_1_592' title='bbox 1714 5036 1950 5093; x_wconf 87' lang='lat' dir='ltr'><strong>Christo.</strong></span> 
     </span>
    </p>
   </div>
   <div class='ocr_carea' id='block_1_83' title="bbox 383 5127 1954 5199">
    <p class='ocr_par' dir='ltr' id='par_1_83' title="bbox 383 5127 1954 5199">
     <span class='ocr_line' id='line_1_83' title="bbox 383 5127 1954 5199; baseline 0 -14"><span class='ocrx_word' id='word_1_593' title='bbox 383 5133 612 5199; x_wconf 80' lang='lat' dir='ltr'><strong>Quando</strong></span> <span class='ocrx_word' id='word_1_594' title='bbox 633 5132 777 5186; x_wconf 90' lang='lat' dir='ltr'><strong>enim</strong></span> <span class='ocrx_word' id='word_1_595' title='bbox 802 5130 895 5184; x_wconf 91' lang='lat' dir='ltr'><strong>Dei</strong></span> <span class='ocrx_word' id='word_1_596' title='bbox 925 5129 1278 5199; x_wconf 88' lang='lat' dir='ltr'><strong>permissione</strong></span> <span class='ocrx_word' id='word_1_597' title='bbox 1304 5140 1517 5183; x_wconf 89' lang='lat' dir='ltr'><strong>creatus</strong></span> <span class='ocrx_word' id='word_1_598' title='bbox 1561 5127 1637 5184; x_wconf 87' lang='lat' dir='ltr'><strong>fui</strong></span> <span class='ocrx_word' id='word_1_599' title='bbox 1668 5130 1954 5198; x_wconf 87' lang='lat' dir='ltr'><strong>episcopus</strong></span> 
     </span>
    </p>
   </div>
   <div class='ocr_carea' id='block_1_84' title="bbox 335 5211 1955 5293">
    <p class='ocr_par' dir='ltr' id='par_1_84' title="bbox 335 5211 1955 5293">
     <span class='ocr_line' id='line_1_84' title="bbox 335 5211 1955 5293; baseline -0.001 -15"><span class='ocrx_word' id='word_1_600' title='bbox 335 5211 340 5217; x_wconf 59' lang='grc'><em>’</em></span> <span class='ocrx_word' id='word_1_601' title='bbox 384 5225 742 5287; x_wconf 68' lang='lat' dir='ltr'><strong>Alexandrim,</strong></span> <span class='ocrx_word' id='word_1_602' title='bbox 778 5220 955 5276; x_wconf 85' lang='lat' dir='ltr'><strong>inveni</strong></span> <span class='ocrx_word' id='word_1_603' title='bbox 992 5224 1044 5276; x_wconf 92' lang='lat' dir='ltr'><strong>in</strong></span> <span class='ocrx_word' id='word_1_604' title='bbox 1085 5237 1202 5278; x_wconf 85' lang='lat' dir='ltr'><strong>meo</strong></span> <span class='ocrx_word' id='word_1_605' title='bbox 1238 5223 1552 5293; x_wconf 79' lang='lat' dir='ltr'><strong>episcopatu</strong></span> <span class='ocrx_word' id='word_1_606' title='bbox 1590 5223 1805 5276; x_wconf 85' lang='lat' dir='ltr'><strong>circiter</strong></span> <span class='ocrx_word' id='word_1_607' title='bbox 1833 5231 1955 5278; x_wconf 90' lang='lat' dir='ltr'><strong>octo</strong></span> 
     </span>
    </p>
   </div>
   <div class='ocr_carea' id='block_1_85' title="bbox 386 5317 1954 5387">
    <p class='ocr_par' dir='ltr' id='par_1_85' title="bbox 386 5317 1954 5387">
     <span class='ocr_line' id='line_1_85' title="bbox 386 5317 1954 5387; baseline -0.001 -15"><span class='ocrx_word' id='word_1_608' title='bbox 386 5319 550 5372; x_wconf 86' lang='lat' dir='ltr'><strong>millia</strong></span> <span class='ocrx_word' id='word_1_609' title='bbox 587 5318 842 5372; x_wconf 89' lang='lat' dir='ltr'><strong>librarum</strong></span> <span class='ocrx_word' id='word_1_610' title='bbox 875 5319 1040 5375; x_wconf 88' lang='lat' dir='ltr'><strong>auri:</strong></span> <span class='ocrx_word' id='word_1_611' title='bbox 1090 5335 1156 5372; x_wconf 79' lang='lat' dir='ltr'><strong>ex</strong></span> <span class='ocrx_word' id='word_1_612' title='bbox 1200 5317 1474 5372; x_wconf 88' lang='lat' dir='ltr'><strong>oblatione</strong></span> <span class='ocrx_word' id='word_1_613' title='bbox 1526 5328 1704 5372; x_wconf 86' lang='lat' dir='ltr'><strong>autem</strong></span> <span class='ocrx_word' id='word_1_614' title='bbox 1747 5319 1954 5387; x_wconf 90' lang='lat' dir='ltr'><strong>piorum</strong></span> 
     </span>
    </p>
   </div>
   <div class='ocr_carea' id='block_1_86' title="bbox 386 5410 1956 5481">
    <p class='ocr_par' dir='ltr' id='par_1_86' title="bbox 386 5410 1956 5481">
     <span class='ocr_line' id='line_1_86' title="bbox 386 5410 1956 5481; baseline -0.003 -16"><span class='ocrx_word' id='word_1_615' title='bbox 386 5410 586 5465; x_wconf 84' lang='lat' dir='ltr'><strong>millies</strong></span> <span class='ocrx_word' id='word_1_616' title='bbox 619 5411 704 5464; x_wconf 87' lang='lat' dir='ltr'><strong>his</strong></span> <span class='ocrx_word' id='word_1_617' title='bbox 747 5413 1037 5481; x_wconf 82' lang='lat' dir='ltr'><strong>ampliores</strong></span> <span class='ocrx_word' id='word_1_618' title='bbox 1080 5411 1269 5480; x_wconf 78' lang='lat' dir='ltr'><strong>collegi</strong></span> <span class='ocrx_word' id='word_1_619' title='bbox 1307 5410 1564 5479; x_wconf 87' lang='lat' dir='ltr'><strong>pecunias</strong></span> <span class='ocrx_word' id='word_1_620' title='bbox 1596 5429 1610 5464; x_wconf 90' lang='lat'><strong>:</strong></span> <span class='ocrx_word' id='word_1_621' title='bbox 1661 5424 1797 5478; x_wconf 87' lang='lat' dir='ltr'><strong>quas</strong></span> <span class='ocrx_word' id='word_1_622' title='bbox 1833 5423 1956 5462; x_wconf 91' lang='lat' dir='ltr'><strong>cum</strong></span> 
     </span>
    </p>
   </div>
   <div class='ocr_carea' id='block_1_87' title="bbox 386 5499 1953 5573">
    <p class='ocr_par' dir='ltr' id='par_1_87' title="bbox 386 5499 1953 5573">
     <span class='ocr_line' id='line_1_87' title="bbox 386 5499 1953 5573; baseline -0.003 -16"><span class='ocrx_word' id='word_1_623' title='bbox 386 5515 768 5573; x_wconf 79' lang='lat' dir='ltr'><strong>cognoscerem</strong></span> <span class='ocrx_word' id='word_1_624' title='bbox 794 5517 912 5557; x_wconf 88' lang='lat' dir='ltr'><strong>esse</strong></span> <span class='ocrx_word' id='word_1_625' title='bbox 939 5502 1163 5567; x_wconf 86' lang='lat' dir='ltr'><strong>Christi,</strong></span> <span class='ocrx_word' id='word_1_626' title='bbox 1188 5502 1404 5557; x_wconf 86' lang='lat' dir='ltr'><strong>Christo</strong></span> <span class='ocrx_word' id='word_1_627' title='bbox 1434 5501 1598 5556; x_wconf 90' lang='lat' dir='ltr'><strong>etiam</strong></span> <span class='ocrx_word' id='word_1_628' title='bbox 1627 5501 1756 5556; x_wconf 88' lang='lat' dir='ltr'><strong>dare</strong></span> <span class='ocrx_word' id='word_1_629' title='bbox 1789 5499 1953 5565; x_wconf 80' lang='lat' dir='ltr'><strong>volui,</strong></span> 
     </span>
    </p>
   </div>
   <div class='ocr_carea' id='block_1_88' title="bbox 389 5594 1953 5664">
    <p class='ocr_par' dir='ltr' id='par_1_88' title="bbox 389 5594 1953 5664">
     <span class='ocr_line' id='line_1_88' title="bbox 389 5594 1953 5664; baseline -0.002 -14"><span class='ocrx_word' id='word_1_630' title='bbox 389 5597 474 5651; x_wconf 88' lang='lat' dir='ltr'><strong>cui</strong></span> <span class='ocrx_word' id='word_1_631' title='bbox 523 5611 666 5651; x_wconf 89' lang='lat' dir='ltr'><strong>nunc</strong></span> <span class='ocrx_word' id='word_1_632' title='bbox 694 5609 908 5664; x_wconf 86' lang='lat' dir='ltr'><strong>quoque</strong></span> <span class='ocrx_word' id='word_1_633' title='bbox 949 5597 1100 5650; x_wconf 87' lang='lat' dir='ltr'><strong>trado</strong></span> <span class='ocrx_word' id='word_1_634' title='bbox 1148 5595 1402 5651; x_wconf 79' lang='lat' dir='ltr'><strong>animam.</strong></span> <span class='ocrx_word' id='word_1_635' title='bbox 1464 5594 1599 5650; x_wconf 88' lang='lat' dir='ltr'><strong>Cum</strong></span> <span class='ocrx_word' id='word_1_636' title='bbox 1642 5595 1742 5650; x_wconf 85' lang='lat' dir='ltr'><strong>hoc</strong></span> <span class='ocrx_word' id='word_1_637' title='bbox 1792 5601 1953 5650; x_wconf 86' lang='lat' dir='ltr'><strong>testa-</strong></span> 
     </span>
    </p>
   </div>
   <div class='ocr_carea' id='block_1_89' title="bbox 503 5761 1756 5843">
    <p class='ocr_par' dir='ltr' id='par_1_89' title="bbox 503 5761 1756 5843">
     <span class='ocr_line' id='line_1_89' title="bbox 503 5761 1756 5843; baseline 0.002 -14"><span class='ocrx_word' id='word_1_638' title='bbox 503 5776 544 5806; x_wconf 74' lang='grc' dir='ltr'><strong>ιο</strong></span> <span class='ocrx_word' id='word_1_639' title='bbox 571 5775 757 5830; x_wconf 83' lang='lat' dir='ltr'><strong>Matth.</strong></span> <span class='ocrx_word' id='word_1_640' title='bbox 791 5792 842 5843; x_wconf 77' lang='grc' dir='ltr'><strong>κ,</strong></span> <span class='ocrx_word' id='word_1_641' title='bbox 875 5775 963 5832; x_wconf 75' lang='lat'><strong>23.</strong></span> <span class='ocrx_word' id='word_1_642' title='bbox 1728 5761 1756 5790; x_wconf 83' lang='lat'><strong>‘</strong></span> 
     </span>
    </p>
   </div>
   <div class='ocr_carea' id='block_1_90' title="bbox 2059 3572 3634 3647">
    <p class='ocr_par' dir='ltr' id='par_1_90' title="bbox 2059 3572 3634 3647">
     <span class='ocr_line' id='line_1_90' title="bbox 2059 3572 3634 3647; baseline -0.003 -17"><span class='ocrx_word' id='word_1_643' title='bbox 2059 3578 2194 3647; x_wconf 84' lang='grc' dir='ltr'><strong>πρὸς</strong></span> <span class='ocrx_word' id='word_1_644' title='bbox 2226 3577 2319 3630; x_wconf 74' lang='grc' dir='ltr'><strong>τὸν</strong></span> <span class='ocrx_word' id='word_1_645' title='bbox 2343 3576 2436 3629; x_wconf 75' lang='grc' dir='ltr'><strong>ἐπὶ</strong></span> <span class='ocrx_word' id='word_1_646' title='bbox 2467 3575 2570 3646; x_wconf 81' lang='grc' dir='ltr'><strong>γῆς</strong></span> <span class='ocrx_word' id='word_1_647' title='bbox 2599 3573 2955 3644; x_wconf 85' lang='grc' dir='ltr'><strong>βασιλεύοντα</strong></span> <span class='ocrx_word' id='word_1_648' title='bbox 2989 3573 3226 3644; x_wconf 79' lang='grc' dir='ltr'><strong>σπουδὴν</strong></span> <span class='ocrx_word' id='word_1_649' title='bbox 3258 3573 3465 3635; x_wconf 85' lang='grc' dir='ltr'><strong>ἐποίεις</strong></span> <span class='ocrx_word' id='word_1_650' title='bbox 3489 3572 3634 3642; x_wconf 73' lang='grc' dir='ltr'><strong>ἡμᾶς</strong></span> 
     </span>
    </p>
   </div>
   <div class='ocr_carea' id='block_1_91' title="bbox 2056 3663 3638 3739">
    <p class='ocr_par' dir='ltr' id='par_1_91' title="bbox 2056 3663 3638 3739">
     <span class='ocr_line' id='line_1_91' title="bbox 2056 3663 3638 3739; baseline -0.006 -15"><span class='ocrx_word' id='word_1_651' title='bbox 2056 3672 2286 3738; x_wconf 68' lang='grc' dir='ltr'><strong>ἀγαγεῖν</strong></span> <span class='ocrx_word' id='word_1_652' title='bbox 2309 3685 2324 3700; x_wconf 88' lang='grc'><strong>·</strong></span> <span class='ocrx_word' id='word_1_653' title='bbox 2354 3669 2384 3722; x_wconf 84' lang='grc' dir='ltr'>ὁ</span> <span class='ocrx_word' id='word_1_654' title='bbox 2417 3669 2474 3722; x_wconf 87' lang='grc' dir='ltr'><strong>δὲ</strong></span> <span class='ocrx_word' id='word_1_655' title='bbox 2509 3667 2740 3739; x_wconf 77' lang='grc' dir='ltr'><strong>οὐρανοῦ</strong></span> <span class='ocrx_word' id='word_1_656' title='bbox 2767 3666 2863 3720; x_wconf 72' lang='grc' dir='ltr'><strong>καὶ</strong></span> <span class='ocrx_word' id='word_1_657' title='bbox 2892 3666 2991 3735; x_wconf 80' lang='grc' dir='ltr'><strong>γῆς</strong></span> <span class='ocrx_word' id='word_1_658' title='bbox 3018 3667 3111 3719; x_wconf 59' lang='grc' dir='ltr'><strong>καὶ⁷</strong></span> <span class='ocrx_word' id='word_1_659' title='bbox 3140 3663 3356 3718; x_wconf 88' lang='grc' dir='ltr'><strong>πάντων</strong></span> <span class='ocrx_word' id='word_1_660' title='bbox 3393 3664 3638 3735; x_wconf 80' lang='grc' dir='ltr'><strong>κρατῶν,</strong></span> 
     </span>
    </p>
   </div>
   <div class='ocr_carea' id='block_1_92' title="bbox 2057 3754 3639 3829">
    <p class='ocr_par' dir='ltr' id='par_1_92' title="bbox 2057 3754 3639 3829">
     <span class='ocr_line' id='line_1_92' title="bbox 2057 3754 3639 3829; baseline -0.006 -15"><span class='ocrx_word' id='word_1_661' title='bbox 2057 3760 2272 3827; x_wconf 81' lang='grc' dir='ltr'><strong>φθάσας</strong></span> <span class='ocrx_word' id='word_1_662' title='bbox 2323 3757 2459 3829; x_wconf 75' lang='grc' dir='ltr'><strong>πρὸς</strong></span> <span class='ocrx_word' id='word_1_663' title='bbox 2515 3759 2706 3813; x_wconf 77' lang='grc' dir='ltr'><strong>ἑαυτὸν</strong></span> <span class='ocrx_word' id='word_1_664' title='bbox 2756 3755 3157 3828; x_wconf 77' lang='grc' dir='ltr'><strong>μετεστείλατο.</strong></span> <span class='ocrx_word' id='word_1_665' title='bbox 3219 3754 3639 3826; x_wconf 83' lang='grc' dir='ltr'><strong>Σκυθρωπάσας</strong></span> 
     </span>
    </p>
   </div>
   <div class='ocr_carea' id='block_1_93' title="bbox 2056 3842 3637 3918">
    <p class='ocr_par' dir='ltr' id='par_1_93' title="bbox 2056 3842 3637 3918">
     <span class='ocr_line' id='line_1_93' title="bbox 2056 3842 3637 3918; baseline -0.006 -16"><span class='ocrx_word' id='word_1_666' title='bbox 2056 3848 2148 3902; x_wconf 64' lang='lat' dir='ltr'><strong>ob:</strong></span> <span class='ocrx_word' id='word_1_667' title='bbox 2177 3849 2270 3900; x_wconf 76' lang='grc' dir='ltr'><strong>ἐπὶ</strong></span> <span class='ocrx_word' id='word_1_668' title='bbox 2309 3848 2385 3918; x_wconf 82' lang='grc' dir='ltr'><strong>τῷ</strong></span> <span class='ocrx_word' id='word_1_669' title='bbox 2414 3847 2557 3917; x_wconf 81' lang='grc' dir='ltr'><strong>λόγῳ</strong></span> <span class='ocrx_word' id='word_1_670' title='bbox 2584 3848 2810 3911; x_wconf 82' lang='grc' dir='ltr'><strong>ἐκεῖνος,</strong></span> <span class='ocrx_word' id='word_1_671' title='bbox 2832 3847 2927 3898; x_wconf 81' lang='grc' dir='ltr'><strong>καὶ</strong></span> <span class='ocrx_word' id='word_1_672' title='bbox 2963 3844 3139 3915; x_wconf 82' lang='grc' dir='ltr'><strong>λύπης</strong></span> <span class='ocrx_word' id='word_1_673' title='bbox 3171 3842 3487 3914; x_wconf 81' lang='grc' dir='ltr'><strong>πληρωθεὶς</strong></span> <span class='ocrx_word' id='word_1_674' title='bbox 3541 3843 3637 3914; x_wconf 75' lang='grc' dir='ltr'><strong>τὴν</strong></span> 
     </span>
    </p>
   </div>
   <div class='ocr_carea' id='block_1_94' title="bbox 2057 3931 3636 4010">
    <p class='ocr_par' dir='ltr' id='par_1_94' title="bbox 2057 3931 3636 4010">
     <span class='ocr_line' id='line_1_94' title="bbox 2057 3931 3636 4010; baseline -0.003 -18"><span class='ocrx_word' id='word_1_675' title='bbox 2057 3940 2306 4008; x_wconf 85' lang='grc' dir='ltr'><strong>καρδίαν,</strong></span> <span class='ocrx_word' id='word_1_676' title='bbox 2335 3941 2582 4010; x_wconf 78' lang='grc' dir='ltr'><strong>ἐπισχεῖν</strong></span> <span class='ocrx_word' id='word_1_677' title='bbox 2617 3939 2718 4010; x_wconf 73' lang='grc' dir='ltr'><strong>μὲν</strong></span> <span class='ocrx_word' id='word_1_678' title='bbox 2746 3937 2910 3993; x_wconf 82' lang='grc' dir='ltr'><strong>αὑτὸν</strong></span> <span class='ocrx_word' id='word_1_679' title='bbox 2959 3937 3058 4008; x_wconf 84' lang='grc' dir='ltr'><strong>ούχ</strong></span> <span class='ocrx_word' id='word_1_680' title='bbox 3087 3931 3197 4000; x_wconf 73' lang='grc' dir='ltr'><strong>οἷός</strong></span> <span class='ocrx_word' id='word_1_681' title='bbox 3225 3953 3284 3988; x_wconf 88' lang='grc' dir='ltr'><strong>τε</strong></span> <span class='ocrx_word' id='word_1_682' title='bbox 3310 3933 3400 4006; x_wconf 80' lang='grc' dir='ltr'><strong>ἦν,</strong></span> <span class='ocrx_word' id='word_1_683' title='bbox 3433 3937 3549 3989; x_wconf 78' lang='grc' dir='ltr'><strong>τῶν</strong></span> <span class='ocrx_word' id='word_1_684' title='bbox 3579 3936 3636 3989; x_wconf 71' lang='grc' dir='ltr'><strong>δὲ</strong></span> 
     </span>
    </p>
   </div>
   <div class='ocr_carea' id='block_1_95' title="bbox 2055 4027 3640 4101">
    <p class='ocr_par' dir='ltr' id='par_1_95' title="bbox 2055 4027 3640 4101">
     <span class='ocr_line' id='line_1_95' title="bbox 2055 4027 3640 4101; baseline -0.001 -17"><span class='ocrx_word' id='word_1_685' title='bbox 2055 4031 2254 4100; x_wconf 84' lang='grc' dir='ltr'><strong>τιμίων</strong></span> <span class='ocrx_word' id='word_1_686' title='bbox 2281 4029 2448 4085; x_wconf 84' lang='grc' dir='ltr'><strong>αὐτοῦ</strong></span> <span class='ocrx_word' id='word_1_687' title='bbox 2469 4031 2896 4101; x_wconf 78' lang='grc' dir='ltr'><strong>κατατρυφὴσας</strong></span> <span class='ocrx_word' id='word_1_688' title='bbox 2931 4028 3126 4098; x_wconf 81' lang='grc' dir='ltr'><strong>εύχῶν,</strong></span> <span class='ocrx_word' id='word_1_689' title='bbox 3177 4027 3316 4100; x_wconf 69' lang='grc' dir='ltr'><strong>μετὰ</strong></span> <span class='ocrx_word' id='word_1_690' title='bbox 3374 4028 3640 4098; x_wconf 74' lang='grc' dir='ltr'><strong>πλείστης</strong></span> 
     </span>
    </p>
   </div>
   <div class='ocr_carea' id='block_1_96' title="bbox 2056 4120 3550 4195">
    <p class='ocr_par' dir='ltr' id='par_1_96' title="bbox 2056 4120 3550 4195">
     <span class='ocr_line' id='line_1_96' title="bbox 2056 4120 3550 4195; baseline -0.003 -18"><span class='ocrx_word' id='word_1_691' title='bbox 2056 4123 2188 4195; x_wconf 83' lang='grc' dir='ltr'><strong>ὅσης</strong></span> <span class='ocrx_word' id='word_1_692' title='bbox 2219 4124 2318 4193; x_wconf 81' lang='grc' dir='ltr'><strong>τῆς</strong></span> <span class='ocrx_word' id='word_1_693' title='bbox 2353 4122 2651 4195; x_wconf 85' lang='grc' dir='ltr'><strong>θεραπείας</strong></span> <span class='ocrx_word' id='word_1_694' title='bbox 2685 4123 2824 4194; x_wconf 81' lang='grc' dir='ltr'><strong>πρὸς</strong></span> <span class='ocrx_word' id='word_1_695' title='bbox 2850 4120 2950 4194; x_wconf 79' lang='grc' dir='ltr'><strong>τὴν</strong></span> <span class='ocrx_word' id='word_1_696' title='bbox 2991 4120 3217 4190; x_wconf 80' lang='grc' dir='ltr'><strong>Κύπρον</strong></span> <span class='ocrx_word' id='word_1_697' title='bbox 3240 4120 3550 4189; x_wconf 72' lang='grc' dir='ltr'><strong>ἐκπέμπει.</strong></span> 
     </span>
    </p>
   </div>
   <div class='ocr_carea' id='block_1_97' title="bbox 2128 4213 3643 4285">
    <p class='ocr_par' dir='ltr' id='par_1_97' title="bbox 2128 4213 3643 4285">
     <span class='ocr_line' id='line_1_97' title="bbox 2128 4213 3643 4285; baseline -0.002 -17"><span class='ocrx_word' id='word_1_698' title='bbox 2128 4213 2245 4271; x_wconf 68' lang='lat' dir='ltr'><strong>OA&#39;.</strong></span> <span class='ocrx_word' id='word_1_699' title='bbox 2286 4217 2436 4269; x_wconf 84' lang='grc' dir='ltr'><strong>Ἐπεὶ</strong></span> <span class='ocrx_word' id='word_1_700' title='bbox 2459 4214 2550 4269; x_wconf 87' lang='grc' dir='ltr'><strong>οῦν</strong></span> <span class='ocrx_word' id='word_1_701' title='bbox 2567 4215 2663 4284; x_wconf 81' lang='grc' dir='ltr'><strong>τὴν</strong></span> <span class='ocrx_word' id='word_1_702' title='bbox 2684 4214 2820 4268; x_wconf 85' lang='grc' dir='ltr'><strong>ἰδίαν</strong></span> <span class='ocrx_word' id='word_1_703' title='bbox 2845 4213 2998 4268; x_wconf 84' lang='grc' dir='ltr'><strong>πόλιν</strong></span> <span class='ocrx_word' id='word_1_704' title='bbox 3025 4213 3371 4285; x_wconf 84' lang='grc' dir='ltr'><strong>’Δμαθοῦντα</strong></span> <span class='ocrx_word' id='word_1_705' title='bbox 3400 4213 3643 4267; x_wconf 80' lang='grc' dir='ltr'><strong>κατέλα-</strong></span> 
     </span>
    </p>
   </div>
   <div class='ocr_carea' id='block_1_98' title="bbox 2058 4305 3646 4378">
    <p class='ocr_par' dir='ltr' id='par_1_98' title="bbox 2058 4305 3646 4378">
     <span class='ocr_line' id='line_1_98' title="bbox 2058 4305 3646 4378; baseline -0.001 -19"><span class='ocrx_word' id='word_1_706' title='bbox 2058 4309 2140 4368; x_wconf 84' lang='grc' dir='ltr'><strong>6ε,</strong></span> <span class='ocrx_word' id='word_1_707' title='bbox 2182 4306 2450 4378; x_wconf 82' lang='grc' dir='ltr'><strong>διαθήκην</strong></span> <span class='ocrx_word' id='word_1_708' title='bbox 2498 4309 2612 4370; x_wconf 87' lang='grc' dir='ltr'><strong>τοῖς</strong></span> <span class='ocrx_word' id='word_1_709' title='bbox 2642 4307 3050 4378; x_wconf 80' lang='grc' dir='ltr'><strong>ὑπογραφεῦσιν</strong></span> <span class='ocrx_word' id='word_1_710' title='bbox 3109 4305 3366 4360; x_wconf 77' lang='grc' dir='ltr'><strong>ἐκέλευσε</strong></span> <span class='ocrx_word' id='word_1_711' title='bbox 3400 4307 3646 4376; x_wconf 77' lang='grc' dir='ltr'><strong>γράφειν</strong></span> 
     </span>
    </p>
   </div>
   <div class='ocr_carea' id='block_1_99' title="bbox 2056 4393 3640 4470">
    <p class='ocr_par' dir='ltr' id='par_1_99' title="bbox 2056 4393 3640 4470">
     <span class='ocr_line' id='line_1_99' title="bbox 2056 4393 3640 4470; baseline -0.002 -19"><span class='ocrx_word' id='word_1_712' title='bbox 2056 4399 2286 4468; x_wconf 77' lang='grc' dir='ltr'><strong>ἔχουσαν</strong></span> <span class='ocrx_word' id='word_1_713' title='bbox 2315 4393 2446 4453; x_wconf 82' lang='grc' dir='ltr'><strong>ὦδε·</strong></span> <span class='ocrx_word' id='word_1_714' title='bbox 2487 4399 2740 4470; x_wconf 74' lang='grc' dir='ltr'><strong>Ἰωάννης</strong></span> <span class='ocrx_word' id='word_1_715' title='bbox 2766 4397 2953 4461; x_wconf 84' lang='grc' dir='ltr'><strong>δοῦλος</strong></span> <span class='ocrx_word' id='word_1_716' title='bbox 2985 4399 3083 4468; x_wconf 87' lang='grc' dir='ltr'><strong>μέν</strong></span> <span class='ocrx_word' id='word_1_717' title='bbox 3115 4394 3336 4469; x_wconf 82' lang='grc' dir='ltr'><strong>εὐτελὴς</strong></span> <span class='ocrx_word' id='word_1_718' title='bbox 3367 4397 3480 4450; x_wconf 88' lang='grc' dir='ltr'><strong>τῶν</strong></span> <span class='ocrx_word' id='word_1_719' title='bbox 3501 4396 3640 4449; x_wconf 80' lang='grc' dir='ltr'><strong>Θεοῦ</strong></span> 
     </span>
    </p>
   </div>
   <div class='ocr_carea' id='block_1_100' title="bbox 2055 4486 3644 4561">
    <p class='ocr_par' dir='ltr' id='par_1_100' title="bbox 2055 4486 3644 4561">
     <span class='ocr_line' id='line_1_100' title="bbox 2055 4486 3644 4561; baseline -0.004 -15"><span class='ocrx_word' id='word_1_720' title='bbox 2055 4492 2280 4556; x_wconf 82' lang='grc' dir='ltr'><strong>δούλων,</strong></span> <span class='ocrx_word' id='word_1_721' title='bbox 2330 4491 2418 4545; x_wconf 77' lang='grc' dir='ltr'><strong>διὰ</strong></span> <span class='ocrx_word' id='word_1_722' title='bbox 2445 4491 2502 4544; x_wconf 77' lang='grc' dir='ltr'><strong>δὲ</strong></span> <span class='ocrx_word' id='word_1_723' title='bbox 2533 4492 2590 4544; x_wconf 77' lang='grc' dir='ltr'><strong>τὸ</strong></span> <span class='ocrx_word' id='word_1_724' title='bbox 2637 4491 2886 4546; x_wconf 70' lang='grc' dir='ltr'><strong>ἐπιτεθέν</strong></span> <span class='ocrx_word' id='word_1_725' title='bbox 2926 4507 3018 4561; x_wconf 91' lang='grc' dir='ltr'><strong>μοι</strong></span> <span class='ocrx_word' id='word_1_726' title='bbox 3067 4488 3166 4559; x_wconf 84' lang='grc' dir='ltr'><strong>τῆς</strong></span> <span class='ocrx_word' id='word_1_727' title='bbox 3223 4486 3644 4560; x_wconf 85' lang='grc' dir='ltr'><strong>ἀρχιερωσύνης</strong></span> 
     </span>
    </p>
   </div>
   <div class='ocr_carea' id='block_1_101' title="bbox 2056 4579 3645 4653">
    <p class='ocr_par' dir='ltr' id='par_1_101' title="bbox 2056 4579 3645 4653">
     <span class='ocr_line' id='line_1_101' title="bbox 2056 4579 3645 4653; baseline -0.005 -15"><span class='ocrx_word' id='word_1_728' title='bbox 2056 4585 2296 4653; x_wconf 82' lang='grc' dir='ltr'><strong>ἀξίωμα,</strong></span> <span class='ocrx_word' id='word_1_729' title='bbox 2333 4583 2518 4653; x_wconf 76' lang='grc' dir='ltr'><strong>χάριτι</strong></span> <span class='ocrx_word' id='word_1_730' title='bbox 2549 4581 2785 4652; x_wconf 82' lang='grc' dir='ltr'><strong>Χριστοῦ</strong></span> <span class='ocrx_word' id='word_1_731' title='bbox 2831 4580 3150 4652; x_wconf 89' lang='grc' dir='ltr'><strong>ἐλεύθερος,</strong></span> <span class='ocrx_word' id='word_1_732' title='bbox 3185 4579 3503 4650; x_wconf 80' lang='grc' dir='ltr'><strong>εὐχαριστῶ</strong></span> <span class='ocrx_word' id='word_1_733' title='bbox 3535 4594 3645 4642; x_wconf 89' lang='grc' dir='ltr'><strong>σοι,</strong></span> 
     </span>
    </p>
   </div>
   <div class='ocr_carea' id='block_1_102' title="bbox 2059 4669 3648 4745">
    <p class='ocr_par' dir='ltr' id='par_1_102' title="bbox 2059 4669 3648 4745">
     <span class='ocr_line' id='line_1_102' title="bbox 2059 4669 3648 4745; baseline -0.003 -17"><span class='ocrx_word' id='word_1_734' title='bbox 2059 4674 2230 4744; x_wconf 81' lang='grc' dir='ltr'><strong>Κύριε</strong></span> <span class='ocrx_word' id='word_1_735' title='bbox 2263 4676 2292 4727; x_wconf 84' lang='grc' dir='ltr'><strong>ὁ</strong></span> <span class='ocrx_word' id='word_1_736' title='bbox 2336 4674 2468 4736; x_wconf 87' lang='grc' dir='ltr'><strong>Θεός</strong></span> <span class='ocrx_word' id='word_1_737' title='bbox 2502 4690 2627 4745; x_wconf 86' lang='grc' dir='ltr'><strong>μου,</strong></span> <span class='ocrx_word' id='word_1_738' title='bbox 2658 4675 2741 4726; x_wconf 82' lang='grc' dir='ltr'><strong>ὅτι</strong></span> <span class='ocrx_word' id='word_1_739' title='bbox 2797 4689 2864 4740; x_wconf 90' lang='grc' dir='ltr'><strong>με</strong></span> <span class='ocrx_word' id='word_1_740' title='bbox 2921 4671 3271 4743; x_wconf 78' lang='grc' dir='ltr'><strong>κατηξίωσας</strong></span> <span class='ocrx_word' id='word_1_741' title='bbox 3311 4670 3382 4724; x_wconf 80' lang='grc' dir='ltr'><strong>τὰ</strong></span> <span class='ocrx_word' id='word_1_742' title='bbox 3434 4671 3510 4724; x_wconf 75' lang='grc' dir='ltr'><strong>σὰ</strong></span> <span class='ocrx_word' id='word_1_743' title='bbox 3564 4669 3648 4723; x_wconf 75' lang='grc' dir='ltr'><strong>σοὶ</strong></span> 
     </span>
    </p>
   </div>
   <div class='ocr_carea' id='block_1_103' title="bbox 1664 4761 3643 4838">
    <p class='ocr_par' dir='ltr' id='par_1_103' title="bbox 1664 4761 3643 4838">
     <span class='ocr_line' id='line_1_103' title="bbox 1664 4761 3643 4838; baseline -0.003 -20"><span class='ocrx_word' id='word_1_744' title='bbox 1664 4779 1680 4818; x_wconf 90' lang='lat'><strong>:</strong></span> <span class='ocrx_word' id='word_1_745' title='bbox 1723 4773 1776 4817; x_wconf 90' lang='lat' dir='ltr'><strong>et</strong></span> <span class='ocrx_word' id='word_1_746' title='bbox 1807 4763 1950 4834; x_wconf 86' lang='lat' dir='ltr'><strong>quod</strong></span> <span class='ocrx_word' id='word_1_747' title='bbox 1985 4763 2026 4818; x_wconf 89' lang='lat' dir='ltr'><strong>D</strong></span> <span class='ocrx_word' id='word_1_748' title='bbox 2057 4767 2446 4838; x_wconf 85' lang='grc' dir='ltr'><strong>προσενεγκεῖν</strong></span> <span class='ocrx_word' id='word_1_749' title='bbox 2469 4781 2483 4796; x_wconf 82' lang='grc'><em>’</em></span> <span class='ocrx_word' id='word_1_750' title='bbox 2514 4767 2610 4820; x_wconf 72' lang='grc' dir='ltr'><strong>καὶ</strong></span> <span class='ocrx_word' id='word_1_751' title='bbox 2639 4764 2760 4835; x_wconf 79' lang='grc' dir='ltr'><strong>μηδ’</strong></span> <span class='ocrx_word' id='word_1_752' title='bbox 2802 4763 2981 4818; x_wconf 81' lang='grc' dir='ltr'><strong>ὁτιοῦν</strong></span> <span class='ocrx_word' id='word_1_753' title='bbox 3013 4763 3142 4818; x_wconf 76' lang='grc' dir='ltr'><strong>ἄλλο</strong></span> <span class='ocrx_word' id='word_1_754' title='bbox 3176 4779 3266 4834; x_wconf 89' lang='grc' dir='ltr'><strong>μοι</strong></span> <span class='ocrx_word' id='word_1_755' title='bbox 3294 4761 3392 4815; x_wconf 90' lang='grc' dir='ltr'><strong>νῦν</strong></span> <span class='ocrx_word' id='word_1_756' title='bbox 3425 4763 3505 4831; x_wconf 78' lang='grc' dir='ltr'><strong>τῷ</strong></span> <span class='ocrx_word' id='word_1_757' title='bbox 3544 4761 3643 4832; x_wconf 76' lang='grc' dir='ltr'><strong>βίῳ</strong></span> 
     </span>
    </p>
   </div>
   <div class='ocr_carea' id='block_1_104' title="bbox 2063 4853 3650 4932">
    <p class='ocr_par' dir='ltr' id='par_1_104' title="bbox 2063 4853 3650 4932">
     <span class='ocr_line' id='line_1_104' title="bbox 2063 4853 3650 4932; baseline -0.006 -18"><span class='ocrx_word' id='word_1_758' title='bbox 2063 4859 2480 4932; x_wconf 82' lang='grc' dir='ltr'><strong>περιλειφθῆναι</strong></span> <span class='ocrx_word' id='word_1_759' title='bbox 2525 4859 2608 4912; x_wconf 85' lang='grc' dir='ltr'><strong>ὅτι</strong></span> <span class='ocrx_word' id='word_1_760' title='bbox 2659 4857 2733 4930; x_wconf 81' lang='grc' dir='ltr'><strong>μὴ</strong></span> <span class='ocrx_word' id='word_1_761' title='bbox 2766 4858 2947 4930; x_wconf 86' lang='grc' dir='ltr'><strong>τρίτον</strong></span> <span class='ocrx_word' id='word_1_762' title='bbox 2985 4854 3344 4926; x_wconf 88' lang='grc' dir='ltr'><strong>νομίσματος,</strong></span> <span class='ocrx_word' id='word_1_763' title='bbox 3396 4854 3544 4925; x_wconf 82' lang='grc' dir='ltr'><strong>ὅπερ</strong></span> <span class='ocrx_word' id='word_1_764' title='bbox 3581 4853 3650 4923; x_wconf 74' lang='grc' dir='ltr'><strong>δὴ</strong></span> 
     </span>
    </p>
   </div>
   <div class='ocr_carea' id='block_1_105' title="bbox 2061 4945 3643 5018">
    <p class='ocr_par' dir='ltr' id='par_1_105' title="bbox 2061 4945 3643 5018">
     <span class='ocr_line' id='line_1_105' title="bbox 2061 4945 3643 5018; baseline -0.006 -13"><span class='ocrx_word' id='word_1_765' title='bbox 2061 4952 2157 5005; x_wconf 80' lang='grc' dir='ltr'><strong>καὶ</strong></span> <span class='ocrx_word' id='word_1_766' title='bbox 2183 4950 2316 5005; x_wconf 78' lang='grc' dir='ltr'><strong>αὐτὸ</strong></span> <span class='ocrx_word' id='word_1_767' title='bbox 2347 4951 2460 5012; x_wconf 80' lang='grc' dir='ltr'><strong>τοῖς</strong></span> <span class='ocrx_word' id='word_1_768' title='bbox 2489 4949 2685 5018; x_wconf 81' lang='grc' dir='ltr'><strong>πένησι</strong></span> <span class='ocrx_word' id='word_1_769' title='bbox 2716 4950 2825 5011; x_wconf 74' lang='grc' dir='ltr'><strong>τοϊς</strong></span> <span class='ocrx_word' id='word_1_770' title='bbox 2855 4949 2912 5002; x_wconf 90' lang='grc' dir='ltr'><strong>ἐν</strong></span> <span class='ocrx_word' id='word_1_771' title='bbox 2942 4945 3161 5018; x_wconf 83' lang='grc' dir='ltr'><strong>Χριστῷ</strong></span> <span class='ocrx_word' id='word_1_772' title='bbox 3219 4945 3471 5015; x_wconf 74' lang='grc' dir='ltr'><strong>ἀδελφοῖς</strong></span> <span class='ocrx_word' id='word_1_773' title='bbox 3542 4963 3643 5014; x_wconf 87' lang='grc' dir='ltr'><strong>μου</strong></span> 
     </span>
    </p>
   </div>
   <div class='ocr_carea' id='block_1_106' title="bbox 2060 5036 3648 5110">
    <p class='ocr_par' dir='ltr' id='par_1_106' title="bbox 2060 5036 3648 5110">
     <span class='ocr_line' id='line_1_106' title="bbox 2060 5036 3648 5110; baseline -0.006 -16"><span class='ocrx_word' id='word_1_774' title='bbox 2060 5040 2282 5110; x_wconf 80' lang='grc' dir='ltr'><strong>δοθῆναι</strong></span> <span class='ocrx_word' id='word_1_775' title='bbox 2329 5039 2555 5094; x_wconf 89' lang='grc' dir='ltr'><strong>κελεύω.</strong></span> <span class='ocrx_word' id='word_1_776' title='bbox 2587 5039 2716 5092; x_wconf 87' lang='grc' dir='ltr'><strong>Ὅτε</strong></span> <span class='ocrx_word' id='word_1_777' title='bbox 2766 5039 2872 5109; x_wconf 84' lang='grc' dir='ltr'><strong>γὰρ</strong></span> <span class='ocrx_word' id='word_1_778' title='bbox 2905 5038 3047 5091; x_wconf 77' lang='grc' dir='ltr'><strong>κατὰ</strong></span> <span class='ocrx_word' id='word_1_779' title='bbox 3097 5037 3234 5090; x_wconf 86' lang='grc' dir='ltr'><strong>Θεοῦ</strong></span> <span class='ocrx_word' id='word_1_780' title='bbox 3288 5036 3648 5107; x_wconf 74' lang='grc' dir='ltr'><strong>συγχώρησιν</strong></span> 
     </span>
    </p>
   </div>
   <div class='ocr_carea' id='block_1_107' title="bbox 2073 5131 3646 5204">
    <p class='ocr_par' dir='ltr' id='par_1_107' title="bbox 2073 5131 3646 5204">
     <span class='ocr_line' id='line_1_107' title="bbox 2073 5131 3646 5204; baseline -0.001 -16"><span class='ocrx_word' id='word_1_781' title='bbox 2073 5132 2474 5204; x_wconf 78' lang='grc' dir='ltr'><strong>Ἀλεξανδρέων</strong></span> <span class='ocrx_word' id='word_1_782' title='bbox 2499 5131 2796 5194; x_wconf 84' lang='grc' dir='ltr'><strong>ἐπίσκοπος</strong></span> <span class='ocrx_word' id='word_1_783' title='bbox 2826 5131 3186 5202; x_wconf 76' lang='grc' dir='ltr'><strong>προεϐλήθην,</strong></span> <span class='ocrx_word' id='word_1_784' title='bbox 3217 5132 3344 5200; x_wconf 77' lang='grc' dir='ltr'><strong>περὶ</strong></span> <span class='ocrx_word' id='word_1_785' title='bbox 3364 5131 3460 5193; x_wconf 75' lang='grc' dir='ltr'><strong>τὰς</strong></span> <span class='ocrx_word' id='word_1_786' title='bbox 3487 5131 3646 5186; x_wconf 53' lang='grc' dir='ltr'><strong>ὀκτα-</strong></span> 
     </span>
    </p>
   </div>
   <div class='ocr_carea' id='block_1_108' title="bbox 2061 5222 3643 5296">
    <p class='ocr_par' dir='ltr' id='par_1_108' title="bbox 2061 5222 3643 5296">
     <span class='ocr_line' id='line_1_108' title="bbox 2061 5222 3643 5296; baseline -0.002 -18"><span class='ocrx_word' id='word_1_787' title='bbox 2061 5225 2328 5296; x_wconf 87' lang='grc' dir='ltr'><strong>κισχιλίας</strong></span> <span class='ocrx_word' id='word_1_788' title='bbox 2359 5225 2454 5278; x_wconf 89' lang='grc' dir='ltr'><strong>τοῦ</strong></span> <span class='ocrx_word' id='word_1_789' title='bbox 2506 5225 2728 5296; x_wconf 89' lang='grc' dir='ltr'><strong>χρυσίου</strong></span> <span class='ocrx_word' id='word_1_790' title='bbox 2761 5223 2948 5295; x_wconf 86' lang='grc' dir='ltr'><strong>λίτρας</strong></span> <span class='ocrx_word' id='word_1_791' title='bbox 2978 5225 3036 5276; x_wconf 87' lang='grc' dir='ltr'><strong>ἐν</strong></span> <span class='ocrx_word' id='word_1_792' title='bbox 3064 5223 3140 5294; x_wconf 83' lang='grc' dir='ltr'><strong>τῷ</strong></span> <span class='ocrx_word' id='word_1_793' title='bbox 3168 5222 3516 5293; x_wconf 82' lang='grc' dir='ltr'><strong>ἐπισκοπεὶῳ</strong></span> <span class='ocrx_word' id='word_1_794' title='bbox 3543 5239 3643 5293; x_wconf 78' lang='grc' dir='ltr'><strong>μου</strong></span> 
     </span>
    </p>
   </div>
   <div class='ocr_carea' id='block_1_109' title="bbox 2057 5315 3642 5390">
    <p class='ocr_par' dir='ltr' id='par_1_109' title="bbox 2057 5315 3642 5390">
     <span class='ocr_line' id='line_1_109' title="bbox 2057 5315 3642 5390; baseline -0.003 -19"><span class='ocrx_word' id='word_1_795' title='bbox 2057 5317 2224 5383; x_wconf 76' lang='grc' dir='ltr'><strong>οὔσας</strong></span> <span class='ocrx_word' id='word_1_796' title='bbox 2247 5318 2500 5390; x_wconf 80' lang='grc' dir='ltr'><strong>ἐφεῦρον,</strong></span> <span class='ocrx_word' id='word_1_797' title='bbox 2534 5320 2600 5373; x_wconf 80' lang='grc' dir='ltr'><strong>ἐκ</strong></span> <span class='ocrx_word' id='word_1_798' title='bbox 2629 5317 2994 5390; x_wconf 77' lang='grc' dir='ltr'><strong>προσαγωγῆς</strong></span> <span class='ocrx_word' id='word_1_799' title='bbox 3029 5316 3086 5370; x_wconf 71' lang='grc' dir='ltr'><strong>δὲ</strong></span> <span class='ocrx_word' id='word_1_800' title='bbox 3116 5315 3382 5386; x_wconf 85' lang='grc' dir='ltr'><strong>φιλοθέων</strong></span> <span class='ocrx_word' id='word_1_801' title='bbox 3439 5333 3642 5386; x_wconf 84' lang='grc' dir='ltr'><strong>μυριο·</strong></span> 
     </span>
    </p>
   </div>
   <div class='ocr_carea' id='block_1_110' title="bbox 2058 5405 3647 5482">
    <p class='ocr_par' dir='ltr' id='par_1_110' title="bbox 2058 5405 3647 5482">
     <span class='ocr_line' id='line_1_110' title="bbox 2058 5405 3647 5482; baseline -0.001 -21"><span class='ocrx_word' id='word_1_802' title='bbox 2058 5409 2262 5463; x_wconf 80' lang='grc' dir='ltr'><strong>πλάσια</strong></span> <span class='ocrx_word' id='word_1_803' title='bbox 2288 5409 2494 5466; x_wconf 87' lang='grc' dir='ltr'><strong>τούτων</strong></span> <span class='ocrx_word' id='word_1_804' title='bbox 2524 5411 2833 5482; x_wconf 86' lang='grc' dir='ltr'><strong>συνήγαγον</strong></span> <span class='ocrx_word' id='word_1_805' title='bbox 2862 5411 3119 5481; x_wconf 80' lang='grc' dir='ltr'><strong>χρήματα</strong></span> <span class='ocrx_word' id='word_1_806' title='bbox 3139 5426 3152 5441; x_wconf 89' lang='grc'><strong>·</strong></span> <span class='ocrx_word' id='word_1_807' title='bbox 3188 5408 3225 5462; x_wconf 77' lang='grc' dir='ltr'>ἃ</span> <span class='ocrx_word' id='word_1_808' title='bbox 3263 5409 3357 5462; x_wconf 91' lang='grc' dir='ltr'><strong>τοῦ</strong></span> <span class='ocrx_word' id='word_1_809' title='bbox 3395 5405 3647 5477; x_wconf 80' lang='grc' dir='ltr'><strong>Χριστοῦ</strong></span> 
     </span>
    </p>
   </div>
   <div class='ocr_carea' id='block_1_111' title="bbox 2057 5498 3644 5580">
    <p class='ocr_par' dir='ltr' id='par_1_111' title="bbox 2057 5498 3644 5580">
     <span class='ocr_line' id='line_1_111' title="bbox 2057 5498 3644 5580; baseline -0.003 -28"><span class='ocrx_word' id='word_1_810' title='bbox 2057 5499 2188 5553; x_wconf 74' lang='grc' dir='ltr'><strong>ὄντα</strong></span> <span class='ocrx_word' id='word_1_811' title='bbox 2218 5502 2522 5571; x_wconf 83' lang='grc' dir='ltr'><strong>γινώσκων,</strong></span> <span class='ocrx_word' id='word_1_812' title='bbox 2576 5501 2799 5573; x_wconf 84' lang='grc' dir='ltr'><strong>Χριστῷ</strong></span> <span class='ocrx_word' id='word_1_813' title='bbox 2855 5503 2951 5555; x_wconf 85' lang='grc' dir='ltr'><strong>καὶ</strong></span> <span class='ocrx_word' id='word_1_814' title='bbox 2991 5499 3175 5554; x_wconf 90' lang='grc' dir='ltr'><strong>δοῦναι</strong></span> <span class='ocrx_word' id='word_1_815' title='bbox 3225 5498 3644 5580; x_wconf 71' lang='grc' dir='ltr'><strong>προεθυμήθην,</strong></span> 
     </span>
    </p>
   </div>
   <div class='ocr_carea' id='block_1_112' title="bbox 2056 5583 3646 5665">
    <p class='ocr_par' dir='ltr' id='par_1_112' title="bbox 2056 5583 3646 5665">
     <span class='ocr_line' id='line_1_112' title="bbox 2056 5583 3646 5665; baseline -0.005 -16"><span class='ocrx_word' id='word_1_816' title='bbox 2056 5583 2208 5663; x_wconf 81' lang='grc' dir='ltr'><strong>ᾧπερ</strong></span> <span class='ocrx_word' id='word_1_817' title='bbox 2244 5593 2339 5648; x_wconf 90' lang='grc' dir='ltr'><strong>νῦν</strong></span> <span class='ocrx_word' id='word_1_818' title='bbox 2367 5594 2456 5648; x_wconf 77' lang='grc' dir='ltr'><strong>καὶ</strong></span> <span class='ocrx_word' id='word_1_819' title='bbox 2499 5592 2793 5665; x_wconf 71' lang='grc' dir='ltr'><strong>τὴνψυχὴν</strong></span> <span class='ocrx_word' id='word_1_820' title='bbox 2834 5590 3198 5664; x_wconf 78' lang='grc' dir='ltr'><strong>παραδίδωμι.</strong></span> <span class='ocrx_word' id='word_1_821' title='bbox 3243 5588 3426 5644; x_wconf 82' lang='grc' dir='ltr'><strong>Ταῦτα</strong></span> <span class='ocrx_word' id='word_1_822' title='bbox 3460 5586 3646 5651; x_wconf 74' lang='grc' dir='ltr'><strong>οὕτως</strong></span> 
     </span>
    </p>
   </div>
  </div>
