3828 6490
744 320 773 330 -ι

256 437 362 522 ςδι

1172 443 1350 505 VITA
1392 442 1455 504 S.
1493 437 1814 501 JOANNIS
1847 432 2493 497 ELEEMOSYNARII.

3390 419 3502 483 962

253 572 286 624 ὁ
311 567 483 638 μέγας
529 562 624 618 τοῦ
652 558 788 616 Θεοῦ
822 559 1111 632 ἄνθρωπος
1154 556 1494 627 διαθέμενος,
1546 555 1628 618 εἰς
1653 555 1839 626 χεῖρας

1962 559 2182 606 uentum
2216 548 2300 605 sui
2338 548 2553 604 Iecisset
2583 544 2673 601 ille
2716 558 2945 614 magnus
2975 542 3137 599 homo
3166 538 3290 606 Dei,
3336 538 3503 608 depuv

255 659 394 714 Θεοῦ
421 658 623 723 ζῶντος
650 655 712 708 τὸ
745 651 966 724 πνεῦμα
992 651 1281 722 παρέθετο.

329 750 453 806 σε’.
481 745 680 818 Θαῦμα
718 745 778 799 δὲ
826 744 1038 813 γίνεται
1078 742 1210 811 περὶ
1262 739 1364 810 τὴν
1419 737 1588 793 αὐτοῦ
1626 736 1829 808 ταφὴν,

254 840 476 905 οὐδενὸς
499 838 612 894 τῶν
662 837 882 889 πώποτε
914 831 1515 904 θαυματουργηθέντων
1554 829 1832 901 δεύτερον.

257 938 420 991 Κατὰ
448 934 557 1004 γὰρ
586 930 680 984 τδν
698 929 989 1000 εὐκτήριον
1019 922 1167 982 οἷκον
1211 928 1305 980 τοῦ
1335 923 1754 996 θαυματουργοῦ
1776 921 1835 977 έν

256 1047 369 1086 τινι
391 1027 542 1100 σορῷ
561 1026 655 1080 δύο
685 1023 914 1094 σώματα
962 1022 1278 1077 ἐπισκόπων
1312 1018 1630 1091 κρυπτούσῃ
1667 1033 1836 1071 καταο

258 1122 507 1178 τίθεσθαι
548 1117 852 1190 μέλλοντος,
882 1111 951 1187 ἦν
983 1115 1111 1169 ἰδεῖν
1140 1114 1210 1167 τὰ
1241 1112 1414 1183 νεκρὰ
1446 1110 1613 1164 ταυτὶ
1646 1108 1836 1179 σώμα-

260 1229 353 1275 τα,
380 1208 569 1280 ὥσπερ
593 1205 962 1278 έμψυχωμένα
1002 1204 1166 1268 σέϐας
1190 1200 1270 1273 τῷ
1321 1200 1576 1273 μακαρίῳ
1622 1199 1838 1271 σώματι

263 1305 522 1374 νέμοντα.
567 1301 869 1355 Έκστάντα
909 1298 1019 1370 γὰρ
1059 1298 1156 1352 ἀπ’
1184 1295 1454 1366 ἀλλήλων,
1491 1293 1655 1365 μέσον
1703 1290 1837 1345 αὐτὸ

262 1393 662 1467 παραδέχονται
681 1408 694 1422 ·
729 1390 827 1446 καὶ⁵
856 1388 1017 1444 τοῦτο
1053 1387 1150 1460 μὲν
1182 1389 1312 1460 περὶ
1341 1386 1443 1459 τὴν
1458 1384 1637 1455 ταφὴν
1666 1383 1830 1453 γενό-

267 1504 451 1558 μενον,
482 1484 709 1547 πολλοῖς
757 1481 946 1552 ὄψεσιν
975 1480 1176 1549 ἐθεάθη
1194 1496 1208 1511 ο
1239 1481 1425 1550 ἓτερον
1451 1477 1509 1532 δὲ
1536 1477 1637 1531 οὐκ
1683 1475 1839 1530 έλατ-

264 1597 360 1634 τον
400 1577 592 1632 τούτου
626 1576 832 1648 προῖὼν
870 1576 900 1629 ὁ
944 1573 1104 1643 λόγος
1131 1570 1387 1644 δηλώσει.

1941 641 2050 696 suit
2078 641 2327 708 spiritum
2362 640 2415 693 in
2446 650 2639 691 manus
2673 635 2764 690 Dei
2801 632 3050 687 viventis.

2006 729 2219 786 LXXV.
2256 731 2316 784 In
2358 729 2476 799 ejus
2513 735 2692 782 autem
2733 725 3008 796 sepultura
3060 725 3119 777 lit
3164 719 3509 787 miraculum,

1936 824 2077 893 quod
2106 823 2234 877 nulli
2257 820 2401 876 cedit
2428 835 2494 876 ex
2527 820 2613 884 iis,
2651 832 2770 888 quae
2803 832 3038 887 unquam
3076 814 3215 868 farta
3238 825 3364 868 sunt
3398 814 3504 866 mi-

1935 917 2149 973 rabilia.
2184 914 2316 969 Nam
2343 927 2466 967 cum
2493 919 2639 967 esset
2672 909 3024 979 deponendus
3050 905 3102 959 in
3132 906 3245 960 aede
3269 904 3508 959 oratoria

1941 1007 2341 1066 admirabilium
2381 1019 2606 1075 operum
2649 994 2922 1056 elIectoris
2948 997 3253 1070 Tychouis,
3289 997 3342 1051 in
3371 1010 3507 1063 qna-

1941 1101 2062 1157 dam
2107 1083 2264 1168 capsa
2288 1136 2305 1163 ,
2331 1095 2387 1151 in
2419 1110 2524 1164 qua
2560 1101 2718 1147 erant
2753 1091 2967 1146 condita
2993 1089 3101 1143 duo
3134 1100 3361 1153 corpora
3393 1084 3508 1149 epi-

1939 1203 2259 1259 scoporum;
2294 1184 2480 1240 videre
2519 1182 2717 1238 licebat
2751 1181 2866 1234 haec
2888 1187 3102 1232 mortua
3125 1187 3350 1242 corpora
3389 1171 3505 1224 vel-

1941 1280 2020 1334 ttti
2069 1279 2304 1333 animata
2360 1273 2599 1330 tribuere
2630 1269 2832 1324 cultum
2862 1268 3022 1321 beato
3049 1262 3284 1333 corpori.
3318 1260 3449 1315 Nam
3480 1275 3511 1314 a

1941 1386 2001 1431 se
2028 1369 2257 1425 invicem
2297 1365 2579 1437 sejuncta,
2615 1361 2667 1418 id
2705 1358 2940 1414 medium
2977 1355 3265 1424 accipiunt.
3305 1353 3365 1406 Et
3409 1351 3514 1405 hoc

1940 1464 2175 1534 quidem,
2212 1460 2354 1531 quod
2395 1456 2576 1513 evenit
2618 1454 2670 1509 in
2712 1451 2833 1522 ejus
2866 1450 3170 1519 sepultura,
3215 1445 3389 1501 visunt
3431 1453 3514 1496 est

1944 1552 2240 1609 multorum
2284 1548 2456 1605 oculis
2499 1564 2512 1602 :
2554 1545 2781 1601 alterum
2833 1551 3011 1597 autem
3055 1554 3120 1596 eo
3164 1554 3267 1594 non
3312 1537 3516 1603 minus,

1945 1643 2247 1717 procedens
2282 1638 2579 1696 declarabit
2605 1635 2795 1692 oratiO.

1703 1760 1931 1821 CAPUT
1965 1757 2109 1815 XIV.

1423 1882 1686 1940 .ilt'raeula
1719 1892 1832 1950 post
1860 1879 1974 1951 ejus
2000 1884 2217 1931 mortem
2247 1873 2390 1944 facta

342 2005 477 2075 οςι.
505 2004 733 2062 Γύναιον
750 2003 931 2088 γάροτι
949 2003 1049 2077 τῆς
1069 2001 1440 2073 ἐνεγκαμένης
1456 2000 1550 2053 τὸν
1574 1996 1837 2068 πατριάρυ

2015 1988 2250 2046 LXXVI.
2288 1985 2541 2055 Quadam
2584 1984 2729 2039 enim
2773 1978 2965 2035 mulier
2994 1983 3113 2032 orta
3153 1973 3208 2030 in
3237 1970 3513 2044 Oppiduln,

269 2113 377 2169 χην
401 2098 662 2169 πολίχνης
691 2087 1038 2169 ὁρμώμενον,
1070 2096 1193 2149 ἐπεὶ
1220 2092 1424 2166 ἔμαθεν
1475 2092 1582 2163 ήδη
1630 2087 1846 2161 μέλλειν

269 2189 437 2244 αὐτὸν
483 2190 621 2261 πρὸς
673 2188 881 2259 Κύριον
922 2185 1219 2258 ἐκδημεῖν,
1268 2184 1411 2257 μέγα
1460 2201 1515 2237 τι
1570 2182 1664 2236 καὶ
1707 2179 1845 2252 βαρὺ

273 2277 579 2349 ἁμάρτημα
600 2278 765 2348 ἑαυτῇ
797 2275 1091 2341 συνειδυῖα,
1132 2276 1458 2349 προστρέχει
1482 2274 1560 2346 τῷ
1594 2270 1849 2344 μακαρίῳ

274 2366 503 2438 θερμοῖς
537 2367 766 2440 δάκρυσι
816 2369 928 2422 τῶν
956 2367 1123 2421 αὐτοῦ
1174 2366 1349 2422 ποδῶν
1403 2366 1707 2437 ἁπτομένη,
1756 2361 1847 2415 διὰ.

273 2457 591 2528 προσευχῆς
625 2459 834 2512 ἐκείνου
872 2457 1031 2512 λύσιν
1065 2459 1248 2531 ᾐτεῖτο
1277 2457 1371 2511 τοῦ
1419 2458 1846 2529 ἁμαρτήματος.

284 2549 350 2606 '0
375 2550 454 2616 δὲ,
477 2551 539 2604 EI
575 2551 871 2616 πιστεύεις,
894 2550 1123 2621 ἔφη,δτι
1159 2567 1242 2603 σοι
1266 2549 1356 2603 διὰ
1374 2550 1473 2617 τῆς
1510 2549 1651 2619 ἐμῆς
1682 2566 1851 2621 προσ-

275 2641 447 2713 ευχῆς
470 2642 531 2695 τὸ
560 2643 867 2715 ἁμάρτημα
894 2642 1104 2710 λύεται,
1131 2641 1626 2713 ἐξομολογήσασθαι
1662 2658 1745 2695 σοι
1769 2643 1852 2695 δεῖ

277 2739 499 2823 πάντως
536 2738 689 2793 αὐτό.
730 2738 883 2793 Ἐπεὶ
931 2738 989 2792 δὲ
1007 2737 1098 2813 μὴ
1126 2735 1386 2791 δύνασθαι
1412 2735 1570 2790 τοῦτο
1603 2735 1711 2788 τῶν
1740 2753 1851 2806 χει-

278 2827 418 2883 λέων
469 2831 826 2901 προενεγκεῖν
875 2830 1063 2898 έλεγε,
1116 2826 1210 2884 διὰ
1227 2827 1445 2899 γραφῆς
1480 2825 1613 2881 αὐτὸ
1659 2825 1853 2895 δηλοῦν

280 2921 650 2993 προετρέπετο
668 2940 681 2953 ο
711 2924 786 2987 ὡς
812 2923 869 2977 δὲ
897 2923 992 2978 καὶ
1026 2923 1162 2995 πρὸς
1187 2923 1318 2975 αὐτὸ
1350 2919 1854 2990 δυσανασχετοῦσαν

279 3013 500 3079 ἔϐλεπε,
541 3016 824 3086 γραφῆναι
857 3015 1070 3069 κελεύει
1117 3015 1213 3068 καὶ
1251 3016 1317 3083 τῇ
1351 3012 1606 3084 σφραγῖδι
1651 3011 1858 3083 ταύτης

280 3102 723 3173 ἀσφαλισθῆναι,
788 3104 882 3158 καὶ
933 3104 1107 3168 οὕτως
1147 3102 1298 3174 αὐτῷ
1352 3101 1412 3155 τὸ
1476 3104 1856 3172 γραμματεῖον

282 3192 714 3264 ἐγχειρισθῆναι.
746 3191 933 3256 Οὕτως
960 3189 1053 3247 οὖν
1081 3192 1371 3264 γενομένου
1398 3192 1495 3246 καὶ
1521 3193 1601 3255 είς
1638 3191 1737 3255 τὰς
1764 3189 1860 3242 αύ-

281 3283 377 3338 τοῦ
404 3286 590 3356 χεῖρας
618 3284 1127 3356 διασεσημασμένου
1156 3283 1535 3346 πιστευθέντος
1557 3283 1651 3338 τοῦ
1676 3299 1860 3353 γραμ-

288 3376 538 3448 ματείου,
564 3376 734 3429 ἐδεῖτο
767 3377 800 3447 ἡ
840 3376 979 3449 γυνὴ
1004 3376 1189 3447 ὅρκοις
1229 3376 1391 3430 αὐτὸν
1420 3374 1857 3445 άσφαλιζομένη,

288 3469 484 3608 μηδενὶ
534 3469 703 3541 μηδέν
755 3485 808 3521 τι
851 3467 960 3523 τῶν
1013 3467 1350 3538 ἐγκειμένων
1405 3470 1487 3532 εἰς
1533 3468 1736 3537 γνῶσιν
1774 3465 1861 3519 ἐλ-

327 3573 352 3608 ε
381 3573 428 3608 ν.

327 3559 428 3609 εἶν.

361 3646 482 3702 OZ'.
509 3648 674 3701 Πέντε
714 3649 773 3702 τὸ
797 3647 904 3703 άπὸ
925 3647 1079 3702 τοῦδε
1112 3648 1389 3722 παρῆλθον
1414 3649 1641 3721 ἡμέραι,
1691 3648 1786 3703 καὶ
1835 3649 1864 3702 ὁ

292 3740 467 3811 μέγας
502 3741 592 3794 τὸν
619 3739 731 3811 βίον
760 3740 1062 3808 ἀπολιπὼν,
1087 3742 1222 3813 πρὸς
1240 3744 1340 3807 τάς
1374 3743 1482 3795 τῶν
1504 3742 1730 3797 δικαίων
1758 3740 1866 3806 ἐξε-

290 3833 455 3905 δήμει
474 3834 697 3905 σκηνὰς,
716 3835 838 3889 οὐδὲ
862 3835 994 3907 περὶ
1013 3834 1202 3888 τούτου
1231 3835 1292 3888 τὸ
1308 3837 1568 3905 παράπαν
1594 3834 1729 3906 πρός
1746 3851 1867 3887 τινα

292 3929 550 4001 εἰρηκώς.
570 3930 722 3984 Ἐπεὶ
736 3929 791 3984 δὲ
808 3931 841 4001 ή
857 3932 1020 4002 γυνὴ,
1049 3931 1190 3985 κατὰ
1214 3930 1362 3984 θείαν
1385 3931 1513 3994 ἴσως
1533 3929 1866 3998 οἰκονομίαν,

293 4023 394 4074 οὐκ
409 4021 564 4092 ἔτυχε
596 4021 845 4093 παροῦσα
873 4022 971 4092 τῆς
990 4023 1205 4093 ἡμέρας
1222 4021 1342 4076 καθ’
1362 4023 1428 4095 ἥν
1456 4016 1610 4084 οὗτος
1632 4020 1725 4073 τοῦ
1750 4019 1868 4091 βίου

292 4114 581 4181 ἀφίστατο,
617 4115 758 4168 κατα
795 4114 893 4185 τὴν
919 4115 1020 4187 τῆς
1056 4115 1237 4185 ταφῆς
1274 4113 1722 4186 παραγενομένη,
1775 4114 1871 4166 καὶ

298 4203 690 4259 ὖποπτεύσασα
748 4205 959 4276 μήποτε
1014 4206 1077 4259 τὸ
1136 4204 1427 4259 πιστευθὲν
1488 4205 1871 4275 γραμματεῖον

296 4294 599 4366 ἀμεληθὲν,
631 4295 727 4349 καὶ
757 4294 837 4366 τῷ
889 4295 1228 4367 ὲπισκοπείιρ
1261 4294 1642 4364 καταλειφθὲν,
1699 4294 1873 4356 οὕτως

294 4386 626 4458 κατάφωρον
666 4387 893 4459 γένηται
938 4389 1051 4449 τοῖς
1076 4389 1236 4453 πᾶσι,
1269 4386 1464 4457 μικροῦ
1515 4387 1610 4439 καὶ
1652 4385 1872 4455 ἔκφρων

296 4479 368 4549 τῇ
398 4477 546 4549 λύπῃ
566 4479 777 4547 γέγονε,
810 4478 995 4532 πίστει
1035 4477 1093 4531 δὲ
1127 4478 1435 4550 θερμοτάτῃ
1484 4476 1644 4530 πάλιν
1673 4477 1874 4546 ἑαυτὴν

297 4570 750 4641 ἀνακτησαμένη.
805 4570 881 4633 ὡς
912 4565 1024 4639 εἶχε
1061 4569 1260 4640 τάχους
1306 4569 1406 4635 τὴν
1438 4569 1645 4622 ἐκείνου
1698 4585 1873 4621 κατα-

300 4659 568 4731 λαμϐάνει
603 4662 792 4730 σορύνο
827 4662 921 4715 καὶ
949 4659 1137 4731 ὥσπερ
1178 4659 1379 4726 ζῶντος
1418 4657 1582 4712 αὐτοῦ
1613 4658 1869 4713 κατεϐόαο

303 4751 372 4804 Τί
392 4751 549 4806 τοῦτο
568 4753 895 4823 πεποίηκας,
910 4746 956 4806 ὦ
974 4752 1249 4817 θεσπέσιε,
1266 4750 1350 4803 ἐπ’
1365 4755 1385 4802 ὲ
1397 4751 1507 4820 μοὶ,
1530 4749 1783 4819 λέγουσα,
1802 4752 1869 4820 τῇ

306 4843 635 4915 ἁμαρτωλῷ,
680 4845 772 4898 καὶ
804 4844 898 4898 νῦν
926 4843 1156 4915 αίσχύνη
1212 4844 1308 4896 καλ⁵
1351 4842 1555 4904 ὄνειδος
1602 4842 1679 4913 τῷ
1712 4844 1875 4897 παντὶ

308 4937 525 5006 ἔσομαις
561 4937 626 4989 ’Ὀ
655 4937 764 5008 γὰρ
779 4934 901 4990 οὐδὲ
920 4936 1004 4990 σοὶ
1025 4936 1327 5001 ἐκκαλύψαι
1351 4935 1441 4990 διὰ
1458 4934 1555 5008 τὴν
1573 4934 1876 5006 ὑπερϐολὴν

309 5026 405 5080 τοῦ
440 5026 754 5097 σφάλματος
802 5024 1082 5097 ἠδυνάμην
1103 5065 1119 5091 ,
1177 5025 1333 5080 τοῦτο
1377 5027 1491 5088 τοῖς
1537 5026 1673 5079 πᾶσι
1718 5023 1877 5092 δῆλον

308 5117 685 5192 προκείσεται.
712 5118 837 5172 Εἴθε
871 5118 1137 5190 μηδαμῶς
1157 5134 1240 5171 σοι
1263 5116 1391 5187 περὶ
1406 5115 1597 5169 τούτου
1635 5114 1769 5186 μηδὲ
1793 5116 1880 5169 ἑν-

307 5213 493 5282 τυχεῖν
516 5208 795 5281 διενοήθην
811 5227 825 5241 ⁸
851 5210 1072 5281 οἰομένη
1100 5211 1208 5280 γὰρ
1236 5208 1327 5263 διά
1351 5207 1444 5262 σοῦ
1460 5209 1558 5278 τὴν
1582 5206 1882 5278 μέλλουσαν

311 5300 475 5372 δίκην
520 5300 831 5370 διαφυγεῖν,
859 5299 1052 5352 τούτου
1079 5316 1140 5353 τε
1172 5299 1491 5370 διήμαρτον,
1546 5298 1640 5353 καὶ
1669 5296 1768 5369 τὴν
1799 5299 1886 5350 ὲν-

311 5394 505 5449 τεῦθεν
556 5394 821 5466 αἰσχύνην
876 5394 1364 5466 προσεκτησάμην.
1428 5391 1592 5445 Ἀλλὰ
1645 5392 1754 5463 γὰρ
1784 5390 1885 5446 οὐκ

313 5484 701 5557 ἀποστήσομαί
753 5502 848 5539 σου
888 5484 984 5540 τοῦ
1012 5484 1208 5555 τάφου,
1257 5483 1381 5538 οὔτε
1419 5483 1525 5555 μὴν
1573 5483 1709 5548 ὅλως
1736 5481 1885 5536 ἐνθεν

313 5577 772 5649 ἑξαναστήσομαι,
812 5577 921 5632 οὐδ’
949 5575 1240 5649 ένοχλοῦσά
1290 5593 1373 5631 σοι
1424 5574 1725 5646 παύσομαι,
1756 5575 1885 5645 ἄχρι

312 5669 449 5739 γοῦν
478 5673 573 5723 καὶ
605 5669 984 5743 πληροφορίαν
1040 5669 1168 5740 περὶ
1200 5667 1309 5723 τῶν
1341 5667 1674 5739 αίτηθέντων
1723 5667 1888 5738 λήψο-

320 5776 455 5832 μαι*
488 5763 792 5835 πέπεισμαι
837 5763 949 5835 γὰρ
982 5763 1058 5825 ὡς
1093 5762 1153 5815 ού
1186 5760 1484 5833 τέθνηκας,
1515 5760 1631 5815 ἀλλ’
1678 5760 1738 5813 ὲν
1766 5756 1886 5830 Θεῷ

1888 3340 1936 3402 C

1947 2084 2089 2155 quod
2134 2081 2333 2135 tulerat
2376 2075 2777 2149 patriarcham,
2811 2083 3092 2142 postquam
3142 2064 3359 2120 rescivit
3391 2077 3517 2118 eum

1944 2177 2052 2248 jam
2078 2187 2201 2229 esse
2238 2174 2597 2242 migraturum
2629 2166 2694 2219 ad
2732 2162 3014 2218 Dominum
3043 2199 3060 2226 ,
3095 2159 3276 2228 magni
3301 2164 3356 2211 et
3389 2170 3517 2225 gra-

1947 2269 2030 2325 vis
2080 2265 2291 2339 peccati
2330 2264 2434 2319 sibi
2466 2261 2683 2318 conscia
2740 2255 2978 2312 accurrit
3023 2254 3090 2309 ad
3155 2251 3370 2307 beatum
3407 2267 3422 2304 :
3464 2263 3523 2303 et;

1948 2362 2139 2418 calidis
2169 2356 2423 2430 lacrytnis
2464 2353 2734 2426 profusis,
2775 2351 2892 2420 ejus
2929 2347 3092 2420 pedes
3131 2354 3389 2415 tangens,
3427 2355 3523 2410 pe-

1952 2456 2100 2512 tebat
2134 2452 2281 2508 illius
2330 2448 2537 2522 peccati
2582 2445 3001 2502 absolutionem.
3045 2439 3139 2496 Ille
3192 2446 3408 2493 autem:
3461 2431 3519 2488 Si

1949 2546 2150 2612 credis,
2173 2543 2368 2613 inquit,
2401 2536 2538 2595 meis
2564 2539 2815 2609 precibus
2845 2545 2895 2589 te
2922 2548 3040 2590 esse
3071 2534 3139 2586 ab
3167 2529 3270 2585 hoc
3299 2536 3524 2598 peccato

1954 2634 2336 2691 absolvendam
2357 2671 2374 2697 ,
2401 2637 2616 2700 oportet
2647 2628 2863 2682 omnino
2912 2634 2962 2678 te
2990 2624 3041 2676 id
3073 2621 3219 2690 prius
3252 2617 3520 2673 conliteri.

1953 2727 2084 2784 Cum
2113 2736 2292 2780 autem
2324 2722 2549 2778 dixisset
2573 2735 2631 2773 se
2664 2734 2770 2772 non
2794 2731 2952 2788 posse
2974 2715 3026 2768 id
3059 2712 3224 2768 labris
3251 2709 3519 2781 proferre,

1950 2819 2103 2891 jussit
2140 2817 2190 2870 id
2227 2814 2445 2884 scriptis
2477 2811 2804 2880 signiﬁcare.
2830 2807 2965 2861 Cum
2995 2818 3126 2859 vero
3162 2803 3369 2856 videret
3402 2815 3522 2853 eam

1957 2915 2007 2970 id
2033 2928 2174 2980 aegre
2195 2913 2358 2977 ferre,
2386 2909 2537 2979 jubet
2564 2916 2623 2959 ttt
2650 2906 2764 2974 ipsa
2798 2902 2851 2956 id
2878 2900 3105 2960 scribat,
3135 2907 3185 2950 et
3218 2910 3320 2951 suo
3353 2892 3527 2961 ipsius

1957 3005 2136 3073 sigillo
2162 3003 2391 3067 muniat,
2426 3011 2480 3054 et
2506 2999 2585 3053 sic
2613 3001 2664 3052 ei
2699 2994 2874 3049 tradat
2910 2987 3247 3049 schedulam.
3280 2984 3414 3041 Cum
3448 2984 3527 3036 sic

1958 3114 2086 3168 ergo
2133 3096 2331 3151 factum
2363 3099 2590 3148 essetet
2629 3090 2682 3142 in
2718 3087 2835 3158 ejus
2873 3096 3066 3137 manus
3101 3078 3297 3133 tradita
3336 3075 3528 3130 fuisset

1960 3190 2235 3258 obsignata
2271 3183 2548 3249 schednla,
2583 3179 2801 3249 rogabat
2837 3174 3031 3230 mulier
3069 3186 3191 3225 eum
3225 3169 3528 3229 obtestans,

1963 3295 2022 3338 ut.
2063 3280 2196 3335 nihil
2227 3292 2432 3343 eorum,
2472 3288 2591 3346 qua:
2618 3273 2849 3336 inerant,
2877 3266 3084 3323 veniret
3112 3263 3181 3318 ad
3211 3260 3529 3332 cujusquam

1966 3373 2347 3445 cognitionem.

1948 3716 1960 3726 ἰ
2034 3644 2292 3708 LXXVII.
2337 3645 2585 3715 Quinque
2616 3641 2730 3696 dies
2771 3638 2968 3694 abhinc
3011 3631 3432 3705 praeterierunt:
3479 3634 3534 3684 et

1965 3758 2190 3813 magnus
2218 3741 2305 3794 ille
2330 3736 2598 3794 excedens
2627 3749 2658 3788 e
2703 3732 2845 3797 vita,
2887 3724 3140 3797 migravit
3173 3723 3237 3778 ad
3267 3722 3531 3793 justorutn

1968 3832 2314 3893 tabernacula
2342 3872 2358 3900 ,
2393 3845 2513 3885 cum
2547 3827 2681 3882 nihil
2727 3825 2794 3880 de
2822 3840 2885 3880 ea
2931 3836 2989 3876 re
3018 3820 3267 3888 cuiquam
3307 3814 3536 3869 dixisset

1967 3926 2209 3984 omnino.
2249 3924 2381 3978 Cum
2414 3929 2596 3974 autent
2638 3914 2855 3978 mulier,
2893 3912 3075 3967 divina
3116 3908 3345 3979 quadam
3394 3899 3537 3958 forte

1969 4015 2330 4090 providentia,
2368 4028 2474 4068 non
2514 4009 2778 4065 adfuisset
2818 4005 2910 4058 illo
2942 4002 3061 4067 die,
3094 4014 3202 4069 quo
3248 3994 3481 4052 excessit
3507 4014 3541 4047 ο

1969 4111 2115 4175 vita,
2159 4123 2223 4164 ea
2272 4105 2535 4161 accedens
2576 4102 2643 4155 ad
2679 4099 3008 4169 sepulturam
3033 4134 3050 4160 ,
3093 4100 3149 4148 et
3192 4090 3442 4144 dubitans
3473 4097 3542 4140 ne

1968 4202 2110 4257 forte
2139 4214 2259 4270 qua:
2291 4198 2407 4268 ejus
2435 4195 2555 4251 Iidei
2588 4191 2875 4248 commissa
2916 4187 3092 4242 fuerat
3119 4180 3374 4240 schedula
3396 4215 3413 4242 ,
3443 4191 3542 4241 ne-

1970 4295 2143 4366 glecta
2185 4302 2241 4348 et
2269 4292 2321 4345 in
2358 4289 2669 4358 episc0patu
2710 4284 2900 4340 relicta
2931 4275 3431 4349 deprehenderetur
3475 4273 3545 4328 ab

1971 4365 2247 4451 omnibus,
2272 4380 2461 4435 dolore
2487 4376 2702 4442 all‘ecta,
2735 4388 2768 4427 a
2794 4387 2852 4427 se
2875 4368 3263 4440 propemodum
3287 4365 3544 4418 discesseo

1974 4485 2097 4531 rat:
2127 4472 2221 4529 sed
2248 4485 2371 4525 cum
2392 4468 2495 4522 Iide
2522 4463 2899 4520 ardemissima
2918 4475 2976 4515 se
3007 4471 3197 4512 rursus
3217 4452 3543 4522 collegisset,

1972 4580 2135 4639 quam
2177 4560 2413 4618 maxima
2449 4558 2622 4631 potuit
2675 4555 2954 4610 celeritate
2990 4550 3131 4605 venit
3172 4547 3238 4602 ad
3276 4545 3420 4598 illius
3454 4557 3547 4596 ca-

1977 4672 2159 4730 psam;
2192 4664 2246 4710 et
2290 4664 2544 4721 tauquam
2589 4663 2655 4704 eo
2702 4650 2858 4710 vivo,
2895 4641 3162 4698 clamabat
3214 4655 3230 4692 :
3266 4634 3404 4702 Quid
3444 4632 3549 4688 Itoc

1976 4750 2177 4817 fecisti,
2213 4764 2248 4804 o
2287 4748 2369 4801 vir
2405 4743 2609 4807 divine,
2640 4738 2772 4795 mihi
2808 4732 3119 4807 peccatrici,
3161 4739 3218 4782 ut
3250 4740 3392 4782 nunc
3436 4721 3548 4778 alli-

1977 4845 2094 4900 ciar
2123 4844 2190 4896 al)
2220 4838 2472 4896 onmibus
2497 4836 2691 4906 probro
2714 4839 2769 4884 et
2799 4823 3099 4884 dedecore?
3126 4823 3276 4889 Quod
3303 4818 3444 4874 enim
3481 4829 3551 4869 ne

1981 4936 2076 4992 tibi
2108 4934 2323 5005 quidem
2354 4928 2502 5000 potui
2532 4912 2744 4994 aperire
2773 4927 2990 4990 propter
3018 4910 3549 4984 lapsumjnsignem,

1982 5027 2086 5083 boc
2105 5000 2211 5081 erit
2232 5021 2483 5077 omnibus
2505 5013 2870 5071 manifestum.
2901 5008 3115 5064 Utinam
3140 5019 3208 5058 ne
3230 5000 3552 5072 cogitassem

1984 5117 2199 5189 quidem
2223 5124 2274 5168 te
2298 5114 2363 5167 de
2392 5113 2490 5165 hac
2518 5121 2575 5161 re
2596 5101 2903 5160 convenire.
2934 5096 3261 5152 Existimans
3285 5091 3427 5145 enim
3461 5102 3555 5156 per

1985 5217 2038 5264 te
2071 5220 2260 5278 pinnas
2275 5202 2484 5258 futuras
2506 5196 2765 5265 eli‘ugere,
2792 5203 2845 5248 et
2869 5192 2969 5246 hoc
2996 5202 3106 5242 non
3132 5198 3249 5240 sum
3269 5189 3513 5237 assecuta
3536 5215 3553 5244 ,

1984 5311 2038 5357 et
2067 5267 2208 5368 quod
2243 5312 2309 5350 ex
2345 5307 2411 5347 eo
2451 5292 2644 5353 oritur,
2680 5285 2913 5341 dedecus
2948 5278 3079 5337 mibi
3114 5273 3417 5333 conciliavi.
3450 5267 3556 5323 Sed

1985 5392 2129 5447 enim
2161 5404 2265 5442 non
2315 5385 2561 5440 recedam
2613 5393 2643 5434 a
2675 5386 2770 5433 tuo
2806 5373 3078 5445 sepulcro,
3102 5364 3295 5437 neque
3338 5361 3559 5418 omnino

1986 5479 2114 5536 hinc
2139 5490 2355 5547 surgam
2375 5511 2391 5538 ,
2420 5484 2596 5540 neque
2625 5466 2848 5523 cessabo
2878 5473 2930 5518 te
2961 5455 3333 5528 interpellans,
3363 5448 3467 5506 nisi
3490 5448 3557 5504 de

1989 5573 2077 5638 iis,
2114 5584 2232 5642 quae
2279 5565 2481 5638 petivi,
2519 5577 2605 5619 me
2632 5559 2830 5618 feceris
2882 5555 3189 5612 certiorem.
3236 5546 3555 5602 Persuasum

1993 5663 2138 5719 enim
2181 5662 2357 5718 habeo
2392 5670 2444 5714 te
2491 5672 2596 5713 non
2627 5669 2747 5711 esse
2777 5658 3047 5707 mortuum
3071 5683 3088 5710 ,
3118 5639 3214 5697 sed
3248 5635 3302 5691 in
3337 5635 3447 5692 Deo
3474 5633 3555 5688 vi-

1995 5770 2141 5824 vere,
2173 5764 2223 5811 et
2263 5764 2315 5809 te
2343 5750 2481 5824 apud
2512 5765 2635 5806 eum
2667 5760 2847 5819 posse,
2876 5756 2994 5813 qua:
3021 5739 3102 5795 vis
3132 5733 3329 5791 Iacere.

321 5858 445 5927 ζῇς,
478 5854 573 5908 καὶ
615 5854 745 5926 παρ’
770 5855 920 5927 αὐτῷ
960 5855 1058 5910 ὅσα
1089 5854 1153 5927 δὴ
1194 5854 1289 5909 καὶ
1338 5851 1516 5924 βούλει
1551 5852 1784 5906 διανύειν
1830 5850 2078 5907 δύναται.
