3828 6472
296 456 403 523 96'}

1534 442 1816 507 MENSIS
1846 442 1878 503 Ι
1891 440 2088 501 ANUA
2100 437 2307 500 RIUS.

3448 429 3560 492 θῦί

372 565 649 624 LXXVIII.
692 563 817 620 Ilzec
851 563 1061 629 dicens,
1095 571 1148 618 et
1179 560 1283 617 alia
1326 560 1409 616 his
1446 560 1667 624 similia,
1704 557 1874 612 tribus

2051 551 2176 607 Oll’.
2231 549 2418 604 Ταῦτα
2471 547 2565 601 καὶ
2617 544 2755 601 ἄλλα
2787 543 2995 597 τούτων
3030 541 3259 596 πλείονα
3294 542 3556 609 λέγυισα,

296 659 489 717 diebus
535 667 589 713 et
642 656 861 712 totidem
913 652 1161 708 noctibus
1197 651 1519 707 veneranda:
1553 649 1670 720 ejus
1701 663 1876 716 capsa:

296 748 519 813 assedit,
549 758 602 804 et
627 748 688 818 (o
712 745 803 801 Dei
838 744 1092 801 miracula
1114 742 1166 814 l)
1192 742 1379 797 ultima
1406 752 1565 797 nocte
1596 741 1874 809 egreditur

297 854 504 909 ecapsa
533 840 613 893 vir
637 838 726 892 ille
749 836 1083 891 admirabilis
1113 834 1409 889 simuleum
1441 832 1525 898 iis,
1551 834 1639 901 qui
1664 846 1783 885 eum
1811 844 1877 885 eo

292 932 570 1003 iacebant,
604 930 871 1001 episcopis
916 927 1201 1002 (ejusmodi
1236 926 1378 981 enim
1432 932 1551 980 erat
1600 924 1689 990 id,
1732 921 1875 993 quod

300 1025 649 1092 apparebat),
684 1029 737 1076 et
764 1021 812 1075 ei
848 1021 987 1074 dixit
1018 1036 1034 1074 :
1081 1018 1392 1087 Quousque,
1437 1031 1469 1071 ο
1504 1016 1716 1081 mulier,
1759 1014 1871 1068 cla-

299 1130 454 1169 mans
494 1129 553 1167 es
590 1114 656 1166 iis
696 1113 786 1183 qui
820 1112 910 1165 hic
948 1119 1075 1165 sunt
1104 1109 1363 1178 molesta?
1389 1107 1581 1161 Nostra
1611 1107 1754 1161 enim
1787 1122 1877 1161 ve-

297 1206 547 1259 Stimeuta
580 1202 691 1272 jam
725 1213 828 1257 tuae
873 1202 1261 1269 humectarunt
1314 1201 1596 1270 Iacrymaz,
1645 1195 1875 1252 ﬂuentes

296 1302 470 1353 Instar
510 1295 676 1349 ﬂuvii.
719 1294 851 1349 Cum
900 1293 1019 1347 hzec
1056 1293 1311 1357 dixisset,
1346 1292 1513 1345 tradit
1559 1290 1608 1345 ei
1645 1292 1875 1344 schedu-

297 1387 427 1455 Iam,
456 1390 596 1441 sicut
630 1393 769 1450 erat,
803 1386 870 1438 ab
914 1385 1002 1439 illa
1034 1384 1398 1455 obsignatam.
1436 1382 1658 1447 Deinde,
1691 1385 1873 1450 Agno-

297 1481 477 1534 scisue
506 1479 665 1541 hanc,
710 1477 866 1544 dixit,
902 1493 933 1531 ο
983 1477 1215 1532 mulier?
1239 1477 1438 1546 Accipe
1476 1491 1627 1545 ergo,
1673 1483 1726 1529 et
1760 1473 1871 1543 jam

296 1572 513 1626 solvens
542 1570 664 1624 vide
701 1569 792 1624 Dei
824 1585 983 1639 opera
1022 1568 1381 1623 admirabilia.
1408 1566 1543 1622 Cum
1573 1567 1661 1621 illa
1690 1577 1871 1620 autem

297 1664 646 1724 surrexisset,
675 1671 732 1716 et
767 1663 833 1716 ad
876 1678 934 1716 se
962 1663 1229 1727 rediisset,
1267 1661 1401 1715 vidit
1438 1660 1651 1728 quidem
1686 1674 1871 1714 rursus

298 1763 518 1807 sanctos
564 1767 715 1806 suam
743 1767 958 1821 capsam
990 1753 1283 1822 ingressos,
1317 1750 1522 1806 habens
1545 1764 1678 1809 vero
1713 1753 1876 1807 scite:

294 1842 474 1898 duiam
510 1844 563 1898 in
598 1844 863 1909 inanibus,
908 1844 1073 1898 illarso
1104 1853 1356 1897 manente
1392 1843 1689 1911 signaculo.
1720 1840 1870 1908 Quod

1975 647 2152 717 τρισὶν
2175 645 2411 716 ἡμέραις
2442 641 2535 695 καὶ
2570 641 2713 700 ἴσαις
2743 634 2860 699 νυξὶ
2888 637 2954 707 τῇ
2979 635 3137 706 τιμία
3166 634 3358 689 τούτου
3407 634 3558 704 σορῷ

1978 738 2337 809 προσήδρευε,
2370 735 2465 789 καὶ
2497 733 2560 805 (ὦ
2578 734 2687 787 τῶν
2714 732 2807 786 τοῦ
2836 730 2974 785 Θεοῦ
2992 728 3291 800 τεραστίων
3310 729 3353 795 l)
3385 725 3557 790 ἔξεισι

1980 830 2046 899 τῇ
2074 825 2364 897 τελευταίᾳ
2394 826 2549 879 νυκτὶ
2575 824 2673 893 τῆς
2698 823 2860 895 σοροῦ
2889 825 2919 877 ὁ
2947 821 3272 892 θαυμάσιος.
3303 819 3419 889 ἅμα
3441 822 3560 881 τοῖς

1978 920 2363 989 συγκειμένοις
2421 917 2569 989 αὐτῷ
2601 917 2755 971 δυσὶν
2784 916 3109 979 ἐπισκόποις
3148 913 3414 985 (τοιοῦτον
3446 913 3562 981 γὰρ

1974 1011 2042 1087 ἦν
2069 1015 2128 1068 τὸ
2163 1013 2531 1083 φαινόμενον),
2566 1012 2660 1065 καὶ
2692 1011 2828 1083 πρὸς
2859 1010 3055 1080 αὐτὴν,
3103 1008 3284 1079 Μέχρι
3311 1009 3482 1071 τίνος,
3511 1000 3561 1059 ὧ

1977 1107 2520 1177 γύναι,καταϐοῶσα,
2546 1106 2709 1177 φησὶ,
2732 1104 2800 1158 δι’
2817 1103 2977 1174 ὄχλου
3003 1105 3116 1167 τοῖς
3144 1101 3380 1156 ἐνταῦθα
3404 1103 3559 1173 τίνῃς

1976 1199 2308 1271 Διαϐρόχους
2359 1200 2468 1265 γὰρ
2516 1198 2620 1269 ήδη
2668 1198 2766 1260 τὰς
2812 1196 3087 1267 ἡμετέρας
3120 1194 3314 1257 στολάς
3350 1194 3421 1246 τὰ
3483 1194 3561 1247 σὰ

1975 1292 2278 1361 κατέστησε
2304 1290 2536 1360 δάκρυα,
2581 1289 2672 1344 ῖσα
2710 1291 2805 1342 καὶ
2859 1290 3131 1359 ποταμοῖς
3184 1287 3555 1359 ἀπορρέοντα.

1976 1383 2163 1437 Ταῦτα
2193 1382 2364 1435 εἰπὼν
2392 1379 2687 1452 ἐγχειρίζει
2714 1381 2773 1433 τδ
2799 1382 3182 1452 γραμματεῖον
3208 1380 3345 1450 αὐτῇ
3364 1378 3557 1451 ὥσπερ

1973 1472 2041 1549 ἦν
2068 1476 2159 1530 ὑπ’
2185 1476 2401 1546 ἐκείνης
2435 1476 2894 1547 ἐσφραγισμένονο
2926 1471 3069 1540 εἶτα,
3108 1471 3555 1541 Ἐπιγινὼσκεις,

1974 1567 2148 1635 εἶπεν,
2181 1564 2225 1622 ὧ
2246 1570 2428 1637 γύναι,
2469 1570 2653 1635 coeti;
2689 1567 2835 1621 Λάϐε
2870 1565 3181 1636 τοιγαροῦν,
3229 1567 3322 1620 καὶ
3342 1566 3557 1620 λύσασα

1974 1660 2107 1715 Θεοῦ
2134 1661 2232 1715 θέα
2283 1660 2420 1732 ἔργα
2472 1659 2775 1731 παράδοξα.
2828 1659 3174 1711 Διαναστᾶσα
3205 1656 3336 1725 γοῦν
3369 1658 3558 1726 ἐκείνη

1974 1753 2069 1807 καὶ
2098 1754 2445 1824 ἁνανήψασα,
2492 1754 2622 1815 τοὺς
2659 1751 2758 1822 μὲν
2788 1752 2977 1819 ἁγίους
3023 1749 3365 1811 εἰσελθόντας
3393 1746 3558 1811 αὖθις

1975 1846 2054 1909 εἰς
2077 1846 2177 1916 τὴν
2204 1845 2387 1900 αὐτῶν
2415 1844 2589 1905 θήκην
2618 1845 2742 1915 όρᾷο
2775 1844 2835 1895 τὸ
2853 1842 2908 1894 δὲ
2934 1843 3309 1915 γραμματεῖον
3340 1841 3400 1894 ἐν
3424 1857 3557 1910 χερ-

292 1936 506 2006 quidem
549 1952 669 1990 cum
714 1936 996 1999 solvisset,
1023 1938 1256 2004 priorem
1299 1933 1516 2004 quidem
1547 1934 1871 2000 scripturam

1980 1937 2063 1988 σίν
2093 1911 2291 2006 ἔχουσα
2325 1935 2423 2005 τῆς
2449 1911 2747 2006 σφραγῖδος
2788 1911 3033 1997 άπαθοῧς
3060 1932 3348 2004 μενούσης.
3373 1933 3557 2002 Ὅπερ

295 2028 501 2083 invenit
533 2028 786 2094 deletam,
822 2029 1053 2083 alienam
1092 2037 1270 2082 autem
1310 2027 1453 2081 videt
1486 2026 1717 2096 positam
1748 2023 1876 2078 sub-

297 2120 687 2189 scriptionem,
720 2136 841 2192 quae
880 2123 959 2191 sic
1007 2121 1239 2175 habebat
1284 2138 1299 2180 :
1344 2121 1573 2190 Propter
1610 2117 1872 2173 Joannem

296 2226 515 2264 servum
539 2228 715 2265 meum
740 2212 974 2267 deletum
1000 2222 1080 2267 est
1112 2222 1257 2265 tuum
1289 2226 1539 2283 magnum
1569 2220 1871 2278 peccatum.

297 2300 605 2357 Declarahit
640 2315 818 2358 autem
855 2304 904 2358 id
936 2320 1149 2374 quoque
1170 2344 1186 2368 ,
1214 2303 1357 2374 quod
1400 2303 1465 2358 de
1491 2318 1555 2358 eo
1587 2303 1870 2357 dicendum

294 2406 404 2459 est,
444 2404 645 2463 quanta
671 2404 815 2450 esset
860 2394 957 2448 viri
994 2395 1183 2461 virtus,
1213 2404 1267 2450 et
1295 2405 1555 2465 quantam
1583 2392 1875 2450 beatitudi-

292 2498 417 2537 nem
448 2499 509 2536 ex
540 2498 601 2537 ea
630 2484 701 2537 sit
735 2492 1039 2540 assecutus.

365 2573 603 2631 LXXIX.
635 2575 763 2630 Nam
806 2576 889 2630 vir
918 2577 1161 2647 quidam,
1192 2578 1409 2632 nomine
1445 2577 1698 2642 Sabinus,
1742 2588 1875 2633 tem-

293 2680 550 2739 peranter
578 2670 867 2725 admodum
892 2679 945 2725 et
976 2686 1006 2724 e
1046 2671 1242 2726 virtute
1270 2670 1477 2737 vivens,
1519 2672 1874 2727 monasticam

292 2771 349 2816 et
387 2777 416 2814 a
454 2762 678 2833 negotiis
711 2772 970 2816 remotam
1007 2763 1171 2817 vitam
1208 2779 1468 2818 exercens
1508 2763 1872 2827 Alexandi-ire,

294 2851 428 2905 hora
460 2867 563 2921 qua
597 2853 789 2908 beatus
814 2853 1322 2917 decessitJoannes.
1359 2860 1583 2925 putabat
1607 2857 1876 2910 exsistens

294 2944 348 2997 in
384 2943 578 2997 ecstasi
620 2957 680 2997 se
725 2959 846 2998 eum
897 2945 1079 2998 videre
1118 2958 1393 3014 egressum
1443 2959 1508 2998 ex
1562 2945 1872 3014 episcopatu

296 3049 419 3088 cum
453 3037 703 3090 universo
731 3036 899 3101 clero,
934 3036 1219 3090 habentem
1268 3036 1320 3090 in
1353 3051 1513 3089 manu
1548 3034 1873 3106 lampadem,

296 3135 348 3178 et
380 3124 485 3179 iter
516 3126 580 3179 ad
611 3142 794 3197 regem
842 3127 1255 3197 ingredientem,
1295 3127 1414 3181 viro
1442 3128 1673 3196 quodam
1700 3125 1877 3196 splen-

298 3217 613 3285 didissimo,
657 3220 839 3273 bahitu
876 3218 1247 3285 cubiculario,
1284 3233 1406 3273 eum
1437 3230 1791 3285 accersente;
1824 3227 1875 3272 et
1908 3252 1947 3308 ε

300 3308 474 3378 puella
502 3311 731 3377 quadam
761 3313 1179 3381 speciosissima,
1209 3320 1267 3366 ut
1293 3312 1495 3367 diceret
1516 3314 1676 3366 etiam
1705 3312 1875 3381 ipsum

242 3477 251 3481 ρ
303 3400 469 3455 solem
504 3403 553 3456 ei
589 3403 792 3470 primas
816 3415 999 3474 partes
1024 3405 1217 3461 cedere
1250 3406 1303 3460 in
1335 3404 1757 3476 pulchritudine,
1791 3404 1875 3458 cui

296 3503 413 3548 erat
450 3505 614 3564 caput
660 3495 791 3550 oleae
833 3512 1035 3553 corona
1096 3498 1442 3562 redimitum,
1487 3508 1542 3552 et
1589 3498 1878 3568 aliquando

295 3586 515 3659 quidem
552 3602 674 3641 eum
704 3590 1043 3658 praecedente
1063 3629 1079 3655 ,
1110 3590 1400 3660 aliquando
1431 3601 1614 3644 autem
1655 3605 1874 3643 manuni

299 3693 515 3748 quoque
539 3687 812 3749 tangente,
837 3680 998 3734 simul
1028 3682 1323 3735 incedente.
1362 3682 1495 3735 Cum
1526 3691 1705 3735 autem
1736 3681 1874 3734 diem

299 3770 700 3837 adnotassetis,
734 3774 823 3842 qui
862 3773 1075 3826 viderat
1102 3773 1242 3843 (erat
1265 3788 1393 3828 vero
1416 3775 1675 3828 memoria
1709 3772 1877 3827 Mense

300 3864 478 3930 magni
514 3862 832 3933 martyris),
887 3872 1011 3917 tunc
1060 3874 1239 3917 autem
1274 3864 1550 3917 venissent
1584 3863 1801 3930 quidam
1845 3877 1877 3916 e

299 3951 502 4024 Cypro,
525 3953 593 4007 ab
623 3953 754 4024 ipsis
785 3955 1015 4023 accepit,
1051 3956 1195 4025 quod
1223 3954 1312 4008 illo
1343 3955 1459 4023 ipso
1492 3955 1597 4020 die,
1622 3969 1728 4023 quo
1762 3954 1877 4010 tunc

298 4044 413 4099 visa
449 4050 596 4109 sunt,
629 4044 868 4112 inclytus
895 4043 1134 4101 Joannes
1161 4047 1397 4100 excessit
1418 4059 1485 4100 ex
1516 4044 1619 4100 hoc
1647 4045 1870 4102 mundo.

367 4312 580 4369 LXXX.
613 4312 709 4369 Vir
734 4314 952 4385 quidam
997 4315 1137 4373 alius
1166 4316 1598 4384 Alexandrinus,
1635 4319 1724 4391 qui
1757 4328 1876 4375 erat

299 4406 415 4476 ipse
441 4423 658 4477 quoque
687 4424 751 4463 ex
792 4409 880 4475 iis,
920 4412 1010 4481 qui
1045 4421 1172 4465 sunt
1203 4412 1402 4483 pietate
1444 4414 1707 4485 insignes,
1743 4415 1877 4469 vidit

297 4512 361 4555 ea
411 4499 526 4569 ipsa
564 4510 722 4557 nocte
768 4517 997 4557 examen
1033 4519 1328 4574 pauperum
1376 4516 1428 4561 et
1478 4508 1871 4562 multitudinem

1978 2027 2043 2097 δὴ
2086 2028 2296 2081 λύσασα
2336 2029 2434 2097 τὴν
2473 2028 2570 2097 μὲν
2595 2027 2864 2099 προτέραν
2915 2024 3373 2095 ἁπαληλιμμένην
3425 2017 3557 2095 εὗρε

1978 2120 2219 2190 γραφὴν,
2252 2119 2411 2189 ξένην
2457 2119 2514 2172 δὲ
2563 2117 2885 2187 ὑπογραφὴν
2940 2115 3201 2184 κειμένην
3249 2113 3352 2185 ὁρᾷ
3388 2113 3552 2183 ἔχου-

1979 2225 2079 2263 σαν
2110 2208 2301 2271 οὕτως*
2334 2208 2434 2261 Διὰ
2470 2208 2724 2278 Ἰωάννην
2758 2208 2850 2259 τὸν
2878 2204 3062 2259 δοῦλόν
3095 2220 3197 2274 μου
3234 2202 3557 2273 ἐξήλειπταῖ

1979 2317 2071 2353 σου
2102 2301 2161 2353 τὸ
2196 2303 2336 2371 μέγα
2364 2302 2689 2371 ἁμάρτημα.
2720 2295 2961 2368 Δηλώσει
2987 2297 3043 2350 δὲ
3074 2296 3166 2348 καὶ
3194 2296 3255 2348 τὸ
3279 2294 3367 2348 ἐπ’
3400 2293 3557 2367 αὗτῷ

1974 2393 2392 2463 λεχθησόμενον,
2422 2394 2519 2463 ὅση
2551 2410 2609 2444 τε
2639 2393 2672 2462 ἡ
2701 2388 2793 2443 τοῦ
2828 2389 3017 2460 ἀνδρὸς
3048 2387 3244 2459 ἀρετὴ,
3279 2389 3376 2440 καὶ
3428 2387 3555 2450 oh;

1978 2483 2135 2554 ἔτυχε
2164 2485 2262 2554 τῆς
2293 2483 2503 2538 ἐκεῖθεν
2531 2482 2957 2553 μακαριότητος,

2046 2574 2166 2630 ΟΘ’.
2212 2576 2373 2647 Ἀνὴρ
2403 2576 2512 2645 γάρ
2572 2592 2655 2638 τις
2692 2571 2932 2644 τοῦνομα
2990 2571 3235 2638 Σαϐῖνος,
3267 2568 3558 2639 ἐγκρατῶς

1976 2670 2056 2722 ὅτι
2090 2667 2323 2737 μάλιστα
2355 2669 2460 2732 ζῶν
2490 2669 2584 2721 καὶ
2622 2666 2948 2738 φιλαρέτως,
3006 2667 3097 2719 τδν
3131 2665 3428 2732 ἀσκητικὸν
3460 2666 3560 2718 καὶ

1976 2762 2310 2833 ἀπράγμονα
2343 2761 2543 2831 μετιὼν
2602 2764 2659 2815 ἐν
2700 2759 3082 2831 ’Δλεξανδρείᾳ
3112 2758 3248 2828 βίον,
3282 2757 3424 2811 κατὰ
3457 2758 3559 2829 τὴν

1977 2851 2128 2924 ὤραν
2159 2856 2253 2924 τῆς
2291 2855 2384 2907 τοῦ
2417 2854 2667 2926 μάκαρος
2722 2854 3004 2923 τελευτῆς,
3059 2855 3191 2924 όρᾷν
3223 2851 3389 2906 αὐτὸν
3417 2850 3561 2922 ᾤετο

1978 2947 2036 2997 ἐν
2064 2946 2319 2999 ἐκστάσει
2376 2946 2714 3015 γενόμενος,
2771 2945 2867 3000 τοῦ
2915 2945 3266 3000 ἐπισκοπείου
3305 2947 3401 2999 σὺν
3436 2943 3561 3014 ἅμα

1977 3037 2167 3108 κλήρῳ
2199 3037 2361 3092 παντὶ
2406 3039 2727 3105 ἐξελθόντα,
2764 3039 3024 3111 λαμπάδα
3064 3055 3125 3091 τε
3170 3038 3311 3109 μετὰ
3366 3040 3559 3109 χεῖρας

1979 3128 2190 3198 ἔχοντα,
2221 3130 2316 3182 καὶ
2347 3130 2444 3197 τὴν
2476 3130 2702 3200 πορείαν
2731 3130 2805 3194 ὡς
2833 3130 2922 3182 τὸν
2954 3129 3177 3200 βασιλέα
3205 3128 3557 3197 ποιούμενον,

1979 3220 2169 3291 ἀνδρὸς
2202 3219 2362 3273 αὑτὸν
2387 3219 2769 3292 λαμπροτάτου
2806 3223 2947 3276 κατὰ
2980 3222 3165 3291 σχῆμα
3194 3220 3558 3273 κουϐικουλα-

1982 3312 2098 3382 ρίου
2136 3313 2679 3382 μετακαλεσαμένου,
2716 3314 2885 3385 κόρης
2929 3313 2988 3366 τέ
3023 3329 3168 3374 τινος
3201 3312 3406 3381 σφόδρα
3456 3311 3559 3381 τὴν

1978 3402 2128 3473 ὥραν
2158 3404 2539 3476 περικαλλοῦς,
2558 3403 2632 3469 ὠς
2657 3405 2747 3459 καὶ
2776 3404 2938 3458 αὑτὸν
2965 3406 3129 3474 φάναι
3156 3404 3246 3457 τδν
3267 3403 3416 3474 ἧλιον
3446 3404 3559 3457 τῶν

1978 3496 2261 3567 πρωτείων
2313 3496 2450 3567 αὐτῇ
2510 3497 2603 3550 τοῦ
2661 3497 2891 3559 κάλλους
2948 3499 3317 3568 παραχωρεῖν,
3369 3495 3559 3557 ἐλαίας

1979 3591 2229 3660 στεφάνῳ
2260 3591 2359 3660 τὴν
2398 3590 2642 3662 κεφαλὴν
2677 3591 3059 3662 ἐστεμμένης,
3119 3594 3211 3644 καὶ
3260 3592 3390 3644 ποτὲ
3454 3591 3560 3662 μὲν

1978 3679 2378 3750 προοδευούσης
2409 3680 2597 3746 αὐτοῦ,
2638 3683 2766 3733 ποτέ
2800 3681 2854 3733 δὲ
2888 3681 3104 3751 καὶτῆς
3158 3682 3340 3752 χειρὸς
3385 3682 3556 3733 ἁπτοο

1980 3773 2150 3844 μένης
2181 3771 2276 3824 καὶ
2329 3774 2839 3843 συμπορευομένης.
2886 3772 2998 3843 Τὴν
3026 3773 3241 3843 ἡμέραν
3268 3771 3360 3825 οὖν
3389 3772 3417 3825 ό
3445 3771 3553 3824 ἐω-

1981 3863 2161 3931 ρακὼς
2189 3864 2673 3934 ἐπισημηνάμενος
2850 3865 3040 3934 μνήμη
3070 3864 3125 3917 δὲ
3158 3859 3225 3936 ἦν
3258 3866 3424 3936 Μηνᾶ
3456 3863 3553 3917 τοῦ

1979 3955 2513 4026 μεγαλομάρτυρος),
2548 3954 2669 4008 ἐπεί
2725 3972 2869 4019 τινες
2904 3955 3092 4027 ἔτυχον
3141 3957 3260 4009 τότε
3308 3957 3406 4026 τῆς
3435 3956 3557 4011 Κύ-

1977 4061 2117 4113 πρου
2141 4046 2484 4116 ἐληλυθότες,
2519 4046 2722 4117 ἔμαθεν
2753 4047 2884 4117 παρ’
2920 4048 3100 4100 αὐτῶν
3127 4046 3202 4112 ὡς
3233 4046 3354 4100 κατ’
3384 4048 3556 4120 αὐτὴν

1976 4139 2192 4209 ἐκείνην
2217 4139 2316 4211 τὴν
2346 4139 2579 4212 ἡμέραν,
2599 4140 2685 4193 ὅτε
2707 4140 2881 4194 ταῦτα
2909 4139 3121 4211 ὼράθη,
3152 4144 3244 4194 καὶ
3273 4141 3365 4193 τὸν
3388 4141 3556 4195 ἀοίδι-

1979 4245 2079 4300 μον
2115 4229 2367 4301 Ἰωάννην
2398 4230 2634 4301 ἔκδημον
2665 4229 2918 4299 γενέσθαι
2942 4231 3050 4283 τῶν
3082 4231 3412 4300 ἐγκοσμίων.

2049 4318 2129 4376 Il'.
2165 4321 2390 4395 Ἕτερος
2417 4339 2500 4383 τις
2528 4323 2667 4392 ἀνὴρ
2707 4319 3104 4394 Ἀλεξανδρεὺς,
3131 4322 3224 4375 καὶ
3254 4323 3412 4386 αὐτὸς
3443 4322 3557 4376 τῶν

1977 4412 2064 4466 ἐπ’
2114 4398 2368 4486 εὐσεϐείᾳ
2413 4414 2777 4485 περιϐοήτων,
2836 4413 2986 4484 ἐώρα
3044 4415 3186 4467 κατὰ
3237 4416 3337 4478 τὴν
3380 4416 3555 4487 αὐτὴν

1976 4505 2146 4559 νύκτα
2200 4505 2404 4576 σμῆνος
2471 4509 2747 4576 πενήτων,
2792 4506 2995 4574 πλῆθός
3042 4522 3100 4558 τε
3149 4506 3403 4576 ὀρφανῶν
3460 4510 3557 4561 καὶ

297 4592 662 4662 orphanorum
697 4602 752 4648 et
785 4595 1089 4662 viduarum,
1123 4612 1243 4665 quae
1273 4614 1495 4653 numero
1527 4616 1633 4653 non
1664 4608 1874 4669 poterat

1980 4596 2162 4666 χηρῶν
2191 4596 2309 4648 οὐδὲ
2341 4595 2560 4667 ἀριθμῴ
2590 4595 3024 4666 λαμϐανόμενον,
3065 4597 3291 4660 κλάδους
3326 4599 3385 4650 ἐν
3423 4615 3557 4669 χερε-

299 4681 717 4747 comprehendi,
760 4681 1043 4738 habentem
1086 4686 1431 4759 inmanibus
1473 4703 1655 4743 ranios
1704 4691 1875 4743 oliva-

299 4782 443 4834 rum,
485 4778 540 4823 et
586 4774 979 4838 praecedentem
1008 4775 1374 4843 patriarcbam
1418 4789 1635 4834 euntem
1675 4781 1740 4836 ad
1782 4796 1875 4852 sy-

300 4862 506 4914 naxim.
557 4862 841 4919 Suﬂiciunt
892 4867 1007 4921 haec
1064 4870 1372 4923 testimonia
1413 4873 1663 4926 maxima:
1700 4873 1875 4943 iiiagui

298 4948 530 5006 Joannis
579 4956 645 5009 ad
686 4955 851 5011 Deum
901 4960 1128 5014 fiduciae.
1164 4960 1317 5028 Quod
1365 4973 1546 5017 autem
1580 4975 1662 5019 est
1707 4968 1876 5019 niaxi-
1928 4954 1937 4957 ’

302 5059 487 5111 mum,
529 5056 584 5099 et
628 5058 781 5102 caret
826 5051 972 5103 omni
1015 5052 1350 5108 dubitatione
1403 5070 1417 5108 ι
1466 5054 1876 5112 celebrabantur

302 5140 680 5195 anniversaria
727 5142 901 5212 magni
940 5153 997 5197 et
1041 5145 1434 5201 admirabilium
1486 5161 1707 5217 operum
1745 5148 1876 5204 εσυ-

302 5229 471 5283 cteris
507 5227 779 5300 Tychonis
816 5247 832 5290 :
873 5231 1070 5288 deinde
1097 5251 1218 5289 cum
1252 5250 1599 5305 perageretur
1629 5239 1694 5294 de
1727 5255 1877 5296 more

304 5316 621 5387 hymnodia,
653 5330 710 5375 et
748 5322 909 5377 simul
940 5333 1081 5379 esset
1113 5336 1440 5397 congregata
1471 5328 1649 5397 populi
1695 5330 1878 5385 inulti-

307 5408 457 5473 tudo,
501 5410 640 5465 Deus
676 5412 1097 5483 admirabilium,
1130 5418 1314 5474 volens
1345 5430 1594 5490 apertum
1628 5423 1874 5489 reddere,

304 5512 558 5568 quantam
600 5503 766 5559 fuerit
797 5509 934 5577 apud
984 5525 1110 5564 eum
1161 5511 1389 5580 gloriam
1433 5522 1755 5569 consecutus
1797 5514 1875 5581 is,

306 5589 398 5659 qui
434 5592 610 5650 fuerat
638 5595 756 5666 ejus
797 5597 1145 5670 benignitatis
1166 5641 1181 5668 ,
1213 5604 1391 5674 quoad
1432 5605 1553 5675 ejus
1580 5605 1694 5660 ﬁeri
1723 5616 1877 5677 pote-

309 5694 413 5748 rat,
462 5689 765 5756 aemulator,
818 5690 1090 5763 Joannes,
1134 5697 1399 5766 inquam,
1441 5698 1532 5768 qui
1577 5714 1875 5771 cognomen

308 5780 516 5846 accepit
568 5796 597 5834 a
629 5782 1041 5857 misericordia;
1087 5789 1257 5845 voluit
1308 5801 1364 5846 ut
1411 5807 1475 5846 ex
1516 5793 1634 5861 ejus
1680 5791 1876 5847 divinis

311 5869 553 5943 "3"‘1'538
600 5878 814 5947 copiosa
855 5882 1184 5941 scaturirent
1232 5894 1537 5957 unguenta,
1573 5883 1875 5939 cmittentia

1978 4690 2061 4739 σὶν
2096 4688 2316 4757 ἔχοντας
2346 4687 2563 4754 ἐλαιῶν,
2614 4689 2707 4740 καὶ
2754 4687 2849 4741 τοῦ
2884 4690 3223 4761 πατριάρχου
3262 4690 3396 4762 πρὸς
3452 4693 3558 4763 τὴν

1979 4780 2201 4845 σύναξιν
2265 4781 2521 4844 ἀπιόντος
2577 4780 2739 4850 δῆθεν
2768 4781 2965 4846 αὐτοὺς
3018 4782 3553 4855 προπορευομένους.

1992 4870 2181 4925 Ἱκανὰ
2204 4870 2377 4925 ταῦτα
2416 4871 2696 4943 μαρτύρια
2722 4873 2819 4943 τῆς
2855 4873 3115 4944 μεγίστης
3164 4874 3258 4927 τοῦ
3310 4875 3555 4945 μεγάλου

1976 4963 2109 5036 πρὸ,
2142 4962 2273 5016 Θεὸν
2308 4963 2637 5034 παρρησίας.
2664 4963 2737 5016 Τὸ
2768 4964 2823 5016 δέ
2858 4980 2919 5032 γε
2952 4965 3135 5034 μεῖξον
3189 4965 3284 5017 καὶ
3312 4967 3561 5037 ἀναμφίο

1978 5056 2134 5111 ϐολον
2154 5095 2170 5122 ,
2209 5056 2471 5126 παννυχὶς
2527 5054 2761 5107 ἐτελεῖτο
2799 5055 3029 5126 λαμπρά
3053 5055 3154 5125 τῆς
3184 5055 3392 5121 διετοῦς
3415 5062 3558 5128 μνη-

1980 5169 2087 5221 μης
2112 5149 2206 5203 τοῦ
2238 5149 2472 5217 μεγάλου
2505 5150 2598 5202 καὶ
2622 5147 3043 5219 θαυματουργοῦ
3089 5148 3342 5220 Τύχωνος
3362 5165 3377 5179 ·
3432 5147 3558 5205 εἶτα

1975 5237 2074 5306 τῆς
2105 5237 2163 5303 ἐξ
2203 5236 2359 5299 ἔθους
2402 5236 2834 5307 ἐπιτελουμένης
2871 5236 3143 5307 ὑμνῳδίας
3198 5254 3292 5290 και
3326 5239 3424 5310 τῆς
3456 5241 3557 5295 τοῦ

1976 5330 2106 5385 λαοῦ
2142 5329 2380 5399 πληθύος
2412 5330 2503 5384 ἐπὶ
2532 5329 2593 5382 τὸ
2620 5329 2753 5382 αὐτὸ
2792 5329 3160 5400 συνηγμένης,
3209 5330 3237 5384 ὁ
3265 5329 3374 5384 τῶν
3422 5330 3557 5386 Gau-

1982 5423 2191 5494 μασίων
2217 5423 2350 5488 Θεὸς
2380 5421 2629 5492 ἐπίδηλον
2653 5421 2842 5473 θέσθαι
2868 5421 3221 5493 βουλόμενο;,
3245 5423 3363 5488 οἵας
3389 5424 3553 5493 ἔτυχε

1976 5515 2076 5585 τῆς
2108 5514 2238 5586 παρ’
2264 5511 2429 5567 αὐτοῦ
2475 5512 2633 5583 δόξης
2685 5515 2714 5565 ὁ
2764 5516 2865 5585 τῆς
2916 5512 3081 5568 αὐτοῦ
3143 5514 3557 5586 φιλανθρωπίας

1980 5605 2122 5658 κατά
2147 5621 2208 5673 γε
2238 5606 2297 5658 τὸ
2334 5604 2562 5657 δυνατὸν
2617 5602 2889 5674 ζηλωτὴς,
2922 5606 2950 5656 ὁ
2978 5604 3071 5656 τοῦ
3113 5605 3323 5670 ἐλέους,
3381 5607 3552 5678 φημὶ,

1980 5700 2264 5769 ἐπώνυμος
2308 5697 2580 5766 Ἰωάννης,
2620 5696 2881 5765 εὐδόκησε
2933 5695 3025 5749 τοῦ
3058 5696 3201 5750 θείου
3236 5698 3403 5751 αὐτοῦ
3442 5699 3555 5751 λει·

1978 5791 2148 5861 ψάνου
2190 5790 2338 5862 μύρα
2370 5789 2565 5862 δαψιλῆ
2618 5789 2831 5862 siem,
2886 5790 3115 5845 εὐωδίαν
3165 5791 3363 5845 licet.»
3408 5791 3552 5845 dm-

1980 5884 2289 5952 πέμπονταο
2338 5874 2412 5938 ὧν
2450 5884 2499 5935 οἱ
2556 5881 2959 5953 παρατυχόντες
3012 5885 3553 5955 κατατρυφῄσαντες,
