3828 6492
236 439 349 508 955
1542 438 1717 497 \'t'l‘.-\
1760 440 1820 500 s.
1862 440 2194 504 BABYLE.

1924 440 2194 504 \BYLA'}.
3377 435 3484 500 986

235 557 391 625 κοινῇ
441 553 532 607 τὸν
584 552 716 606 Θεὸν
771 550 865 605 τὸν
912 550 1052 604 οὕτω
1101 548 1227 613 τοὺς
1259 548 1581 613 δοξάζοντας
1642 550 1808 604 αὐτὸν
1844 561 1879 613 Α
1914 554 2314 608 suaveolenlem
2347 553 2567 609 odorem

1924 554 2314 608 suaveolenlem
2347 553 2567 609 odorem
2604 553 2964 607 curationum.
3000 551 3207 622 Quibus
3244 550 3485 607 l'rtn-ntes

237 646 417 717 πολλῷ
454 645 531 715 τῷ
581 643 785 697 πλείονι
830 642 1120 706 δοξάζοντα
1153 642 1502 711 εὐχαρίστως
1548 640 1808 706 ἐδόξασαν
1905 643 1995 713 qui
2032 647 2081 696 itt
2114 659 2176 696 ea
2204 645 2527 708 inciderant,
2560 661 2604 701 Ct

1924 643 1995 713 pti
2032 647 2081 696 in
2114 659 2176 696 ea
2204 645 2527 708 inciderant,
2560 649 2920 701 communiter
2950 643 3140 709 Deum,
3169 646 3258 714 qui
3285 645 3362 698 sic
3387 660 3484 699 ens

236 740 495 810 χείλεσιν.
524 730 595 807 ᾯ
612 735 705 788 καὶ
727 735 872 804 ἡμᾶς
893 734 992 803 τὴν
1026 733 1410 801 προσήκουσαν
1457 732 1809 802 προσοιστέον
1906 734 1995 802 qui
2031 734 2207 802 ipsum
2238 735 2542 804 gloriﬁcattt
2577 735 2604 789 lt

1924 734 1995 802 tui
2031 734 2207 802 ipsum
2238 735 2542 804 gloriﬁcant
2577 735 2731 805 longe
2761 736 2989 805 amplius
3020 735 3286 805 gloriticat
3310 775 3326 801 ,
3355 750 3485 804 gra-

237 826 607 898 εὐχαριστίαν,
630 822 949 888 δοξάζοντας
978 821 1215 892 Πατέρα,
1244 821 1338 874 καὶ
1370 820 1513 885 Υἱδν,
1535 822 1626 873 καὶ
1656 820 1811 890 ἄτιον
1909 825 1979 881 tis
2006 894 2013 899 ι
2037 825 2204 882 labris
2259 827 2604 893 gloriﬁcarun

1930 825 2204 899 is‘laltris
2259 827 2652 893 gloriﬁcarunt.
2701 827 2798 883 Cui
2858 843 2955 880 nos
3006 842 3220 897 quoque
3269 832 3486 895 oportet

237 920 489 990 Πνεῦμα,
523 919 620 989 τὴν
651 918 779 988 μίαν
805 918 863 969 ἐν
885 914 1035 986 τρισὶ
1066 913 1297 983 θεότητά
1330 931 1389 966 τε
1423 914 1519 967 καὶ
1561 914 1809 983 δύναμιν,
1896 934 2068 985 .qnant
2102 920 2353 972 convenit
2383 916 2577 972 offerre

1924 934 2068 985 piant
2102 920 2353 972 convenit
2383 916 2577 972 offerre
2609 917 3079 984 gloriﬁcatiunent,
3112 916 3483 986 gloriﬁcantes

237 1010 333 1065 νῦν
365 1012 455 1064 καὶ
477 1011 565 1065 ἀεὶ
595 1010 690 1064 καὶ
713 1012 795 1073 εἰς
828 1009 954 1072 τοὺς
979 1007 1186 1068 αἰῶνας
1213 1006 1320 1059 τῶν
1346 1006 1577 1063 αἰώνων.
1617 1008 1808 1079 Ἀμήν.
1909 1006 2151 1071 Patrem,
2185 1017 2232 1059 et
2270 1005 2489 1070 Filium,
2525 1017 2579 1060 et

1924 1006 2151 1071 Patrem,
2185 1017 2232 1059 et
2270 1005 2489 1070 Filium,
2525 1017 2579 1060 et
2621 1007 2880 1076 Spiritum
2907 1016 3185 1072 sanctum,
3233 1021 3393 1058 unam
3431 1004 3483 1056 itt

1924 1097 2094 1152 tribus
2119 1097 2455 1152 divinitatem
2487 1108 2533 1152 el
2567 1098 2889 1168 potentiam,
2933 1114 3076 1152 nunc
3110 1108 3163 1152 et
3193 1111 3401 1167 semper
3433 1105 3488 1151 et

1917 1190 1970 1245 in
2001 1188 2194 1244 saecula
2230 1188 2573 1244 sazculurum.
2624 1190 2817 1244 Amen.

248 1386 3468 1424 Μ

1120 1592 1303 1703 DE
1392 1591 1957 1704 SANCTO
2042 1589 2604 1703 BABYLA

1452 1810 1793 1869 EPISCOPO
1830 1802 2275 1870 ANTIOCHENO

561 1973 660 2033 ET
688 1973 1034 2050 URBANO,
1082 1973 1584 2045 PIlILlDIANO,
1633 1970 2067 2047 EPOLONIO,
2117 1974 2423 2051 PUERIS,
2469 1975 2649 2038 EJUS
2705 1976 3161 2040 DISCIPULIS.

986 2136 1198 2200 (Saecula
1220 2142 1289 2198 ttt,
1311 2135 1529 2187 Januarii
1559 2135 1638 2186 24.
1662 2161 1722 2173 -
1752 2137 1873 2189 Acta
1898 2137 1992 2187 SS.
2030 2135 2255 2188 Bollund.
2280 2137 2342 2189 ad
2363 2138 2488 2189 hanc
2506 2139 2641 2191 diem
2661 2138 2753 2202 la).

1815 2303 1889 2334 {7—}

310 2469 739 2527 Ccleberrimum
777 2466 836 2525 S.
870 2466 1085 2540 Baber
1119 2468 1358 2539 episcopi
1392 2482 1589 2524 nomen
1612 2507 1626 2529 .
1665 2464 1969 2537 praesertim
2016 2470 2136 2533 post
2183 2461 2571 2532 triumphatam
2603 2462 2880 2531 Apostatae
2924 2461 3125 2518 Iuliani
3158 2462 3486 2535 impietatem

236 2558 611 2627 indictumque
654 2557 988 2625 Dapltniticis
1021 2557 1259 2611 oraculis
1292 2556 1587 2610 silentium.
1620 2554 1858 2608 DiverSts
1890 2553 2096 2617 diebus,
2130 2561 2187 2605 ut
2224 2553 2423 2619 passim
2456 2550 2788 2612 multorum,
2817 2552 3115 2619 ascriptum
3149 2562 3232 2606 est
3264 2552 3480 2608 Fastis:

235 2645 445 2701 Graecis
469 2645 640 2712 pridie
676 2642 859 2698 Nonas
896 2643 1268 2713 Septembris,
1307 2643 1566 2697 Romanis
1609 2658 1659 2695 Ix
1701 2639 1827 2696 Kal.
1888 2638 2193 2692 Februarii.
2228 2639 2309 2690 An
2339 2638 2478 2690 alter
2506 2637 2798 2706 martyrio,
2839 2638 3180 2692 translationi
3221 2640 3359 2692 alter
3398 2640 3486 2693 di-

238 2741 396 2786 catus
423 2732 515 2797 sit,
560 2731 757 2801 ambigi
787 2741 959 2799 potest
992 2748 1005 2785 :
1047 2741 1139 2784 ant
1169 2732 1346 2785 duone
1375 2730 1576 2784 fuerint
1615 2729 1829 2798 Bahyla
1869 2727 2162 2780 antistites.
2203 2724 2340 2790 Quid
2369 2733 2599 2790 utroque
2642 2723 2728 2777 die
2776 2721 3158 2792 Martyrologia
3190 2725 3255 2776 de
3286 2723 3486 2794 Babyla

236 2820 554 2890 praedicent,
585 2834 745 2888 quem
777 2818 1049 2888 Babyllam
1078 2833 1311 2888 quoque,
1338 2817 1638 2888 Bubyllum,
1666 2816 1935 2878 Babilam,
1974 2825 2026 2869 et
2055 2812 2324 2867 Babillum
2357 2812 2650 2880 appellant,
2683 2810 2945 2865 dicamus.
2989 2807 3156 2865 Vetus
3187 2810 3520 2872 Romanuan

237 2920 269 2960 a
310 2906 606 2976 Roswcydo
639 2906 845 2959 editum
879 2924 891 2959 :
929 2924 945 2955 ι
986 2905 1288 2960 Antioehia:
1318 2906 1377 2961 S.
1411 2907 1627 2976 Babylte
1659 2905 1916 2974 episcopi.
1948 2920 1969 2954 ι
2007 2902 2105 2954 Ms.
2138 2900 2199 2953 S.
2229 2898 2542 2970 Hieronymi
2577 2916 2592 2953 :
2637 2915 2656 2948 ι
2694 2898 2994 2952 Antiochiae
3015 2897 3211 2953 Babin
3247 2899 3494 2967 episcopi

236 3008 363 3048 cum
401 2995 570 3047 ttibns
600 2994 855 3059 parvulis.
898 3011 917 3044 ι
952 2991 1107 3047 Paria
1140 2997 1192 3048 itt
1220 2995 1401 3048 ntultis
1427 2996 1642 3049 excusis
1674 3009 1738 3049 ac
1773 3009 1929 3047 manu
1961 2991 2199 3046 exaratis
2228 2990 2503 3058 leguntur.
2533 2987 2810 3043 Usuartlus
2845 3008 2859 3044 :
2891 3005 2912 3039 ι
2952 2988 3108 3058 Apud
3139 2989 3485 3044 Antiochiam

241 3080 441 3134 natalis
480 3081 538 3134 S.
570 3078 769 3134 Babilte
802 3080 1063 3150 episcOpi,
1099 3081 1189 3151 qui
1235 3087 1613 3152 persecutione
1650 3080 1817 3146 Decii,
1856 3091 2206 3151 posteaquam
2240 3077 2553 3149 frequenter
2591 3079 2934 3149 passiouibus
2962 3078 3075 3134 suis
3110 3093 3176 3134 ac
3217 3080 3493 3134 cruciati-

239 3170 341 3225 bus
369 3167 765 3238 gloriticaverat
795 3166 1104 3233 Dominum,
1135 3170 1383 3240 gloriosa:
1410 3171 1534 3223 vita:
1578 3170 1735 3221 tinem
1765 3179 1848 3222 est
1886 3172 2114 3225 sortitus
2152 3173 2204 3224 in
2236 3169 2490 3225 vinculis.
2531 3168 2861 3223 llefertttttttr
2887 3169 3050 3222 etiam
3087 3169 3231 3237 passi
3261 3184 3383 3223 cum
3426 3182 3493 3223 eo
3558 3223 3581 3243 ν

235 3262 352 3313 tres
390 3255 625 3325 parvuli,
658 3256 708 3309 id
745 3268 849 3323 est,
883 3256 1156 3321 Urbanus,
1187 3259 1494 3313 Prilitlanus
1531 3269 1583 3313 et
1612 3257 1925 3327 Epolonius.
1965 3275 1983 3309 ι
2022 3257 2224 3312 Eadem
2270 3256 2383 3310 fere
2408 3254 2853 3326 Martyrologium
2885 3255 3210 3323 Romanum,
3232 3254 3492 3321 Bellinus,

238 3344 394 3400 Viola
431 3344 532 3398 SS.
568 3344 680 3399 MS.
713 3343 1038 3410 Florarium,
1075 3345 1328 3401 Canisins
1360 3346 1580 3416 aliique.
1611 3345 1748 3408 Ado,
1778 3345 1915 3399 Beda
1941 3345 2209 3414 vulgatus,
2247 3344 2493 3399 Molanus
2523 3337 2574 3396 iu
2610 3344 2777 3397 addit.
2810 3344 2876 3395 ad
2916 3341 3243 3406 Usuardum,
3274 3332 3338 3395 ad
3379 3343 3498 3397 elo-

238 3435 384 3504 gium
409 3448 474 3486 ex
509 3429 757 3487 Usuardo
782 3431 892 3500 jam
927 3432 1234 3497 recitatum,
1268 3433 1529 3499 adjiciunt
1559 3448 1621 3487 ex
1676 3431 1884 3486 llnll‘tno
1907 3432 2049 3486 haud
2086 3447 2256 3499 pauca
2285 3432 2353 3486 de
2394 3430 2709 3500 triumphali
2733 3445 2771 3504 Ae
2807 3427 3028 3498 Daphne
3064 3429 3488 3485 transvectione.

237 3501 468 3591 Attiugit
500 3536 618 3575 eam
655 3520 893 3575 breviter
918 3518 1189 3575 Notkerus
1213 3531 1267 3575 et
1296 3510 1567 3579 Canisins.
1592 3520 1774 3591 Agunt
1802 3522 1866 3574 de
1890 3537 1954 3574 eo
1987 3536 2201 3590 quoque
2236 3520 2596 3590 Maurolycns,
2638 3501 2916 3578 Rabantts,
2948 3516 3396 3581 Wandalhertns,
3428 3534 3493 3572 ac

240 3613 424 3667 (τριετὶ
452 3610 652 3665 Latini.
689 3609 753 3663 Et
780 3608 976 3663 colitur
1006 3609 1060 3664 in
1090 3610 1411 3678 quibusdam
1436 3611 1684 3664 ecclesiis
1712 3608 1886 3664 ollicio
1912 3612 2075 3663 trium
2101 3608 2412 3672 lectionum,
2438 3607 2491 3661 itt
2519 3606 2641 3662 aliis
2672 3605 2898 3661 omnino
2931 3605 3183 3672 solemni,
3215 3616 3271 3658 ut
3297 3604 3491 3661 Medio-

240 3699 352 3755 lani
386 3716 401 3753 :
435 3699 559 3753 alibi
593 3714 715 3752 cum
749 3698 927 3752 ollicio
960 3699 1026 3752 tle
1047 3689 1114 3752 ‘S.
1152 3696 1436 3754 Timotheo
1469 3698 1525 3751 lit
1555 3699 1622 3752 de
1651 3714 1715 3752 eo
1746 3696 2221 3752 commemoratio.

317 3785 490 3841 Graeci
522 3800 574 3839 tv
636 3782 973 3853 Septembris
1004 3799 1124 3839 eum
1155 3786 1450 3841 celebrant.
1480 3785 1558 3839 lla
1591 3785 1953 3854 Antltologion
1991 3799 2021 3836 a
2055 3780 2332 3837 Clemente
2386 3798 2481 3838 vnt
2525 3783 2882 3853 approbatum
2924 3799 2940 3837 :
2985 3799 3006 3835 ι
3057 3780 3210 3836 Sacri
3245 3778 3497 3851 Martyris

243 3871 460 3943 Babylze
495 3872 732 3942 episcopi
771 3871 1071 3926 Antiochiae
1104 3888 1119 3926 :
1165 3873 1255 3943 qui
1292 3871 1677 3927 Numerianum
1710 3873 2113 3940 imperatorem,
2157 3870 2208 3924 in
2240 3870 2548 3936 ecclesiam,
2584 3871 2671 3926 cui
2719 3871 2832 3935 ipse
2865 3879 3117 3940 praeerat,
3157 3869 3363 3938 ingredi
3399 3884 3496 3922 vo-

242 3961 444 4015 lentem
472 3959 689 4027 repulit,
727 3959 869 4027 quod
916 3958 1084 4011 lilium
1120 3961 1261 4029 regis
1290 3958 1599 4027 Persarum,
1629 3959 1867 4014 obsidem
1907 3958 2010 4014 sibi
2049 3959 2256 4024 datum,
2287 3958 2635 4013 trucidasset.
2668 3957 3012 4028 Quapropter
3064 3958 3271 4011 catenis
3304 3955 3497 4010 ferreis

245 4048 463 4099 vinctus
490 4045 899 4099 circumductus
930 4044 996 4098 ad
1020 4059 1268 4114 pompam
1296 4055 1377 4100 est
1406 4044 1652 4118 Bahylas,
1685 4062 1917 4117 cumque
1950 4047 2123 4104 tribus
2157 4047 2338 4118 pueris
2381 4045 2570 4117 plcxus
2600 4047 2798 4119 capite.
2842 4066 2862 4101 ι
2891 4045 3090 4103 Eadem
3123 4045 3282 4101 habet
3312 4045 3498 4100 Metto-

246 4131 447 4204 iegintn
480 4131 550 4188 ab
580 4131 812 4188 ilenrico
838 4129 1058 4188 Canisio
1086 4134 1286 4188 editum
1309 4175 1324 4201 ,
1360 4132 1561 4189 Menaea
1585 4174 1601 4200 ,
1639 4134 1960 4206 Cythereus.

250 4298 881 4425 ωὶῖὲέἑὶιεξρεὸιέτξξὶεω
902 4297 1197 4379 {ediderunt
1237 4309 1578 4373 Bollandianl,
1627 4322 1738 4361 eam
1787 4315 1983 4362 tantum
2023 4311 2195 4361 damus
2224 4322 2371 4374 quam
2404 4322 2604 4374 compos

1924 4324 1983 4361 tm
2023 4311 2195 4361 damus
2224 4322 2371 4374 quam
2404 4311 2678 4374 composuit
2716 4309 2796 4361 vel
2845 4311 3107 4376 descripsit
3141 4311 3498 4375 Metapbrzstes
