3828 6526
321 431 425 494 987

1539 437 1819 499 MENSIS
1855 436 2308 498 JANUARIUS.

3451 441 3560 504 968

1574 769 2322 906 ΑΘΛΗΣΙΣ

601 1017 902 1134 ΤΟΥ
956 1016 1418 1132 ΑΓΙΟΥ
1491 1015 2648 1134 ΙΕΡΟΜΑΡΤΥΡΟΣ
2703 1013 3291 1132 ΒΑΒΥΛΑ

1431 1228 1997 1286 ΑΡΧΙΕΠΙΣΚΟΠΟΥ
2035 1227 2474 1287 ΛΝΤΙΟΧΕΙΑΣ.

1536 1563 2320 1678 CERTAMEN

897 1799 1689 1894 SACBOSANCTI
1775 1799 2392 1888 MARTYRIS
2465 1797 2962 1887 BABYLIF.

1458 1992 1982 2051 ARCIIIEPISCOPI
2026 1988 2442 2048 ANTIOCHIA'Z.

681 2155 902 2219 (Graecus
931 2157 1100 2206 textus
1130 2163 1262 2201 nunc
1286 2149 1496 2214 primum
1523 2147 1686 2212 prodit
1712 2161 1776 2199 ex
1803 2145 1971 2199 codice
2006 2147 2161 2210 Regio
2180 2143 2446 2196 Parisiensi
2468 2157 2518 2194 n.
2545 2143 2663 2200 1607
2689 2153 2875 2211 notato,
2896 2151 3062 2201 seculi
3089 2151 3212 2212 xm.)

1886 2327 1952 2342 —

388 2462 429 2519 I.
463 2460 600 2518 Cum
644 2456 1009 2514 Numerianus
1053 2464 1270 2530 sceptra
1317 2459 1685 2514 Romanorum
1730 2472 1872 2515 acce-

2058 2460 2138 2516 A'.
2196 2459 2576 2534 Νουμεριανοῦ
2628 2460 2697 2515 τὰ
2759 2459 3045 2532 Ῥωμαίων
3091 2462 3346 2534 σκῆπτρα
3403 2466 3564 2537 παρὰ

313 2554 486 2624 pisset
529 2564 559 2604 a
610 2547 960 2619 parentibus,
1005 2545 1195 2603 fuisset
1226 2554 1405 2603 autem
1453 2549 1627 2604 heres
1664 2547 1880 2604 illorum

315 2639 642 2712 impietatis,
707 2638 1026 2693 movebatur
1074 2653 1237 2708 grave
1285 2648 1341 2695 et
1391 2637 1628 2695 iminane
1685 2639 1880 2695 bellum

313 2735 576 2789 adversus
612 2730 970 2786 Christianos.
1001 2730 1192 2786 Omnis
1234 2733 1377 2788 enim
1409 2742 1572 2800 setas,
1621 2742 1678 2788 et
1711 2747 1882 2804 genus

310 2842 473 2882 ornne
496 2833 681 2882 eorum
705 2866 720 2890 ,
755 2823 844 2893 qui
873 2821 1127 2892 pietatem
1165 2823 1501 2894 delegerant,
1527 2824 1739 2879 acerbis
1768 2834 1883 2879 tor-

315 2919 508 2974 mentis
530 2927 584 2973 et
613 2918 763 2988 gravi
799 2923 969 2970 morte
1006 2916 1323 2971 interibant.
1364 2915 1566 2986 Impius
1608 2931 1737 2986 ergo
1770 2915 1881 2970 Nu-

313 3009 587 3065 mer-ianus
615 3007 915 3062 Antiochia:
943 3007 1230 3076 aliquando
1265 3023 1510 3073 versans,
1540 3023 1660 3078 qua:
1690 3015 1776 3063 est
1810 3009 1878 3062 ad

314 3102 596 3172 Daphnen,
624 3115 692 3154 ne
714 3099 974 3154 abstinuit
1005 3099 1222 3169 quidem
1257 3115 1286 3154 a
1313 3115 1467 3155 sacro
1498 3099 1694 3169 templo
1722 3097 1882 3154 Chri—

310 3195 631 3256 SIianorum,
663 3194 755 3247 sed
790 3194 953 3247 etiam
984 3192 1244 3248 adversus
1291 3191 1345 3246 id
1390 3192 1552 3246 struit
1590 3191 1876 3260 quemdam

311 3284 514 3338 dolum.
561 3283 773 3338 Etcum
805 3283 1136 3338 dmmonibus
1174 3283 1238 3338 de
1279 3297 1429 3337 more
1478 3283 1878 3351 sacrificasset,

309 3385 364 3428 et
415 3375 614 3430 caedem
663 3374 878 3428 fecisset
927 3375 1160 3430 maxime
1208 3373 1472 3430 nefariam
1515 3374 1630 3447 (l),
1666 3375 1878 3430 infante

312 3467 402 3521 illo
456 3468 598 3536 regis
649 3466 794 3531 filio,
839 3481 997 3536 quem
1043 3481 1072 3521 a
1112 3475 1266 3536 patre
1316 3481 1414 3537 pro
1465 3468 1613 3532 pacis
1655 3468 1877 3538 pignore

309 3564 620 3626 acceperat,
650 3555 1022 3612 crudelissime
1048 3557 1264 3620 occiso,
1300 3557 1558 3628 pergebat
1600 3558 1666 3612 ad
1700 3557 1876 3614 eccle-

307 3647 475 3715 siam,
529 3657 582 3703 et
641 3647 734 3702 Dei
790 3648 1048 3717 templum
1105 3648 1403 3702 conabatur
1440 3647 1726 3718 profanare
1783 3665 1878 3718 per

307 3755 460 3794 suum
492 3740 791 3793 introitum.
830 3736 962 3792 Nam
992 3740 1092 3794 hoc
1119 3753 1333 3808 quoque
1370 3739 1718 3795 existimabat
1755 3755 1875 3795 esse

1987 2555 2239 2624 πατέρων
2255 2555 2635 2624 ἐκδεξαμένου,
2657 2553 2994 2626 κληρονόμου
3017 2554 3074 2608 δὲ
3095 2557 3308 2626 καὶτῆς
3331 2557 3562 2612 ἐκείνων

1985 2647 2240 2712 ἀσεϐείας
2285 2647 2689 2719 γεγενημένου,
2745 2647 2916 2721 βαρὺς
2961 2653 2988 2704 ὁ
3026 2651 3169 2706 κατὰ
3213 2650 3562 2722 Χριστιανῶν

1987 2739 2224 2809 πόλεμος
2245 2740 2496 2802 ἐκινεῖτο,
2525 2739 2620 2792 καὶ
2642 2738 2870 2807 σφοδρὸν
2894 2739 3047 2793 ἔπνει
3074 2741 3168 2794 καὶ
3193 2739 3560 2811 ἀγριώτατον.

1988 2831 2147 2884 Πᾶσᾶ
2187 2849 2246 2884 τε
2274 2832 2382 2901 γὰρ
2410 2831 2598 2902 ἡλικία
2629 2831 2720 2885 καὶ
2749 2833 2906 2900 γένος
2949 2833 3093 2886 ᾶπαν
3131 2832 3240 2886 τῶν
3273 2832 3562 2884 εὐσέὸειαν

1946 2934 1952 2940 ·
1987 2921 2256 2991 ἑλομένων
2289 2921 2542 2999 βασανοις
2569 2924 2796 2992 πικραῖς
2825 2924 2920 2975 καὶ
2968 2921 3183 2993 Θανάτῳ
3221 2923 3446 2992 χαλεπῷ
3476 2923 3561 2975 δι-

1985 3011 2319 3080 εφθείροντο.
2362 3009 2420 3063 Ὀ
2449 3011 2629 3064 τοίνυν
2672 3009 3032 3074 ἀσεϐέστατος
3059 3010 3456 3079 Νουμεριανὸς,
3497 3011 3559 3062 ὲν

1999 3103 2297 3172 ’Λντιοχείᾳ
2325 3104 2392 3172 τῇ
2417 3102 2552 3173 πρὸς
2581 3102 2799 3172 Δάφνην
2827 3102 2956 3154 ποτὲ
2976 3101 3288 3171 διατρίὸων,
3311 3101 3434 3153 οὐδὲ
3459 3099 3558 3153 τοῦ

1987 3189 2133 3261 ίεροῦ
2164 3191 2272 3244 τῶν
2297 3191 2635 3261 Χριστιανῶν
2664 3190 2924 3260 τεμένους
2950 3191 3239 3261 ἀπέσχετο,
3265 3190 3400 3244 ἀλλὰ
3432 3208 3559 3244 τινα

1985 3285 2080 3336 καὶ
2117 3283 2237 3335 κατ’
2265 3283 2428 3336 αὐτοῦ
2461 3283 2611 3336 δόλον
2643 3283 2881 3352 ὑφαίνει.
2917 3283 3026 3337 Καὶ
3058 3282 3330 3352 δαίμοσιν,
3360 3283 3557 3353 ὥσπερ

1983 3374 2106 3438 ἔθος
2137 3373 2305 3444 αύτῷ,
2331 3373 2522 3440 θύσας,
2557 3373 2650 3427 καὶ
2683 3375 2899 3428 πάντων
2926 3373 3284 3441 ὲναγέστατον
3313 3375 3557 3443 ἐργασά-

1988 3482 2146 3536 μενος
2184 3465 2363 3534 φόνον,
2394 3466 2454 3518 τὸ
2487 3464 2696 3518 παιδίον
2722 3467 2898 3518 ἐκεῖνο
2928 3465 2989 3517 τὸ
3017 3465 3313 3536 βασιλικὸν,
3345 3465 3374 3518 δ
3401 3467 3557 3535 παρὰ

1982 3557 2077 3609 τοῦ
2112 3557 2319 3628 πατρὸς
2358 3555 2598 3624 ἀσφαλὲς
2629 3556 2882 3626 ἐνέχυρον
2911 3556 3009 3626 τῆς
3044 3558 3269 3627 εἰρήνης
3299 3556 3512 3626 εἰλήφει
3534 3598 3552 3621 ,

1981 3647 2333 3718 ἀπηνέστατα
2373 3649 2751 3717 κατασφάξας,
2792 3647 2928 3718 πρὸς
2969 3648 3068 3718 τὴν
3111 3649 3406 3718 ἐκκλησίαν
3442 3650 3555 3718 ἠπ-

1981 3738 2179 3806 είγετο,
2217 3739 2310 3790 καὶ
2349 3738 2658 3808 βεδηλῶσαι
2685 3737 2745 3791 τὸ
2774 3737 2865 3790 τοῦ
2905 3737 3039 3791 Θεοῦ
3083 3738 3308 3808 τέμενος
3335 3738 3423 3792 διὰ
3456 3739 3554 3808 τῆς

309 3845 414 3885 non
441 3845 664 3899 parvum
696 3829 897 3884 cultum
927 3829 1174 3894 deorum,
1203 3831 1248 3885 si
1276 3830 1344 3884 ab
1365 3845 1427 3884 co
1467 3829 1872 3898 profanarentur

1979 3829 2185 3892 οἰκείας
2219 3828 2355 3900 πρὸς
2385 3829 2452 3882 τὰ
2484 3829 2630 3882 ἔνδον
2659 3829 2932 3899 ἐπεχείρει
2957 3831 3212 3900 παρίδου.
3241 3830 3552 3902 Θεραπείαν

307 3931 362 3978 et
390 3923 899 3977 contaminarentur
939 3933 1126 3976 sancta
1160 3921 1614 3976 Christianorum.
1653 3919 1876 3977 Divinus

304 4022 482 4068 autem
519 4011 746 4082 Babylas
770 4027 836 4066 eo
869 4021 1130 4084 tempore,
1165 4027 1271 4082 quo
1311 4012 1396 4067 hic
1462 4022 1615 4066 actus
1643 4011 1876 4066 adorna-

305 4106 502 4171 batur,
543 4120 727 4160 curam
781 4121 978 4177 gerens
1020 4107 1160 4162 sacri
1214 4106 1392 4177 gregis
1432 4105 1788 4173 Antioclieni,
1822 4116 1878 4162 et

303 4197 484 4251 sedem
535 4197 920 4262 administrans
968 4197 1364 4268 episcopalem,
1411 4210 1534 4250 cum
1577 4195 1668 4250 diu
1711 4205 1870 4262 ante,

301 4291 433 4360 quid
485 4289 666 4344 animo
708 4289 940 4360 agitaret
981 4297 1037 4345 et
1075 4287 1428 4342 meditaretur
1478 4296 1776 4358 tyrannus,
1819 4295 1874 4341 et

301 4379 442 4450 quod
465 4393 784 4436 accessurus
802 4389 937 4446 erat,
959 4390 1015 4435 et
1029 4393 1264 4450 quonam
1283 4378 1463 4443 modo,
1485 4378 1869 4446 intellexisset;

300 4486 528 4542 cumque
553 4471 606 4527 in
634 4471 832 4544 templo
860 4479 1181 4542 c0ngregata
1207 4472 1455 4525 universa
1491 4471 1703 4540 piorum
1735 4469 1872 4524 mul-

300 4563 550 4628 titudine,
585 4563 720 4618 satis
755 4577 850 4617 eos
895 4562 1196 4628 incitasset,
1230 4569 1287 4613 ut
1330 4575 1486 4630 opem
1530 4560 1736 4614 ferrent
1776 4557 1868 4614 Dei

298 4653 526 4725 legibus,
571 4653 625 4709 in
662 4669 798 4724 quas
829 4653 1187 4708 exercebatur
1216 4654 1475 4721 tyrannis,
1512 4651 1870 4721 precibusque

300 4753 356 4800 et
385 4743 870 4813 supplicationibus
904 4742 999 4797 Dei
1030 4745 1335 4796 invocasset
1361 4741 1648 4806 auxilium,
1675 4755 1870 4812 magno

297 4845 354 4890 et
379 4833 504 4888 forti
532 4834 715 4889 animo
744 4843 855 4890 stat
891 4841 1019 4888 ante
1049 4842 1235 4902 portas
1264 4831 1468 4901 templi.
1502 4831 1568 4885 Et
1593 4846 1716 4886 cum
1749 4847 1870 4900 per-

297 4924 532 4993 rupisset
573 4923 924 4994 supercilium
964 4937 1153 4978 eorum
1211 4922 1304 4992 qui
1351 4919 1764 4991 praecedebant,
1815 4929 1868 4976 et

293 5015 488 5070 fastum
514 5029 700 5070 eorum
722 5054 738 5081 ,
769 5015 859 5086 qui
891 5015 1124 5084 gloriose
1161 5023 1216 5069 et
1244 5014 1473 5084 superbe
1502 5014 1864 5080 incedebant,

290 5104 608 5172 satellitum,
634 5105 875 5174 inquam,
900 5114 955 5160 et
977 5105 1324 5175 stipatorum,
1364 5103 1690 5159 sceleratum
1719 5103 1862 5158 illum

291 5193 638 5247 accedentem
663 5193 998 5263 increpavit,
1027 5202 1080 5248 et
1107 5193 1184 5264 (2)
1210 5193 1484 5247 dexteram
1515 5193 1635 5264 ejus
1658 5192 1864 5262 pectori

289 5283 564 5350 admovit;
600 5294 654 5341 et
685 5286 766 5340 sic
811 5284 1106 5342 retardavit
1148 5285 1266 5354 ejus
1301 5285 1559 5356 impetum
1595 5285 1648 5339 in
1685 5285 1868 5343 eccle-

289 5379 452 5442 siam,
501 5387 556 5432 et
584 5377 730 5433 illum
757 5393 786 5433 a
819 5381 992 5436 sacris
1023 5379 1219 5450 repulit
1245 5379 1554 5435 ambitibus.
1586 5379 1861 5449 Loquendi

285 5478 469 5526 autem
518 5470 819 5526 libertatem
851 5470 1154 5528 admiratus
1189 5469 1579 5537 Nnmerianus,
1631 5479 1686 5526 et
1724 5471 1864 5526 illius

284 5557 482 5616 famam
515 5567 776 5629 praeterea
830 5561 1122 5630 reveritus,
1161 5574 1281 5633 qua:
1314 5570 1432 5618 erat
1483 5575 1675 5633 magna
1710 5568 1763 5617 et
1805 5560 1860 5614 in

379 5771 434 5835 l)
463 5771 712 5829 Pluribus
736 5772 894 5842 huius
937 5774 1028 5830 lilii
1060 5775 1203 5845 regis
1267 5790 1455 5831 necem
1501 5775 1758 5833 describit
1793 5773 1850 5830 ς.

282 5843 700 5916 Lnrysostomus
736 5847 956 5901 homilia
997 5843 1185 5902 contra
1216 5847 1464 5920 [gentiles

1975 3920 2082 3989 γὰρ
2107 3920 2224 3990 ᾔδει
2247 3921 2338 3973 καὶ
2365 3920 2522 3974 τοῦτο
2552 3921 2819 3990 δαιμόνων
2848 3921 2906 3974 ού
2939 3922 3164 3992 μικρὰν,
3187 3923 3234 3975 εί
3265 3922 3548 3994 βεδηλωθῇ

1975 4009 2102 4078 παρ’
2136 4009 2299 4062 αὑτοῦ
2345 4011 2437 4062 καὶ
2470 4008 2732 4079 χρανθείη
2765 4009 2830 4061 τὰ
2863 4008 2970 4061 τῶν
3012 4008 3352 4079 Χριστιανῶν
3388 4009 3546 4076 am.

1977 4096 2220 4158 Βαϐύλας
2255 4097 2311 4148 δὲ
2342 4097 2368 4148 ό
2399 4097 2564 4160 θεῖος,
2601 4100 2742 4149 κατὰ
2766 4095 2854 4148 τὸν
2879 4095 3070 4163 καιρὸν
3096 4097 3302 4148 ἐκεῖνον
3332 4096 3455 4150 καθ’
3489 4097 3553 4150 ὃν

1973 4186 2032 4240 τὺ
2049 4187 2232 4256 δρᾶμα
2266 4186 2722 4252 συνεσκευάζετο,
2751 4189 2853 4258 τῆς
2884 4187 3032 4256 ίερᾶς
3084 4188 3192 4239 τῶν
3230 4188 3550 4258 Ἀντιοχέων

1973 4278 2208 4348 ποίμνης
2239 4278 2691 4350 ἐπιμελούμενος,
2723 4279 2819 4331 καὶ
2845 4279 2935 4330 τὸν
2965 4277 3060 4332 τοῦ
3097 4280 3390 4334 ἐπισκόπου
3423 4280 3551 4351 θρό-

1971 4386 2059 4423 νον
2085 4369 2314 4432 διέπων,
2346 4370 2444 4439 τὴν
2473 4371 2716 4423 ἐπίνοιαν
2747 4371 2963 4439 ἐκείνην
2995 4370 3060 4422 ἐκ
3093 4369 3288 4422 πολλοῦ
3325 4373 3419 4423 καὶ
3447 4373 3548 4439 τὴν

1977 4461 2246 4532 μελέτην,
2286 4461 2381 4514 καὶ
2419 4461 2508 4514 ὅτε
2543 4463 2570 4514 ό
2603 4461 2868 4532 τύραννος
2915 4461 3170 4530 ἐπισταίη
3193 4498 3209 4523 ,
3255 4463 3350 4513 καὶ
3394 4461 3550 4523 ὅπως

1976 4551 2184 4621 μαθὼν,
2219 4552 2579 4622 συναθροίσας
2608 4553 2669 4606 τὸ
2698 4551 2921 4615 εὐσεϐὲς
2949 4551 3098 4604 ἅπαν
3129 4553 3268 4606 κατὰ
3296 4553 3389 4604 τὸν
3417 4555 3548 4606 ναὸν

1973 4644 2269 4715 πλήρωμα,
2309 4644 2402 4698 καὶ
2434 4643 2658 4706 τούτους
2692 4642 2896 4713 ἀμῦναι
2927 4646 3038 4707 τοῖς
3065 4643 3158 4696 τοῦ
3189 4643 3324 4696 Θεοῦ
3360 4644 3550 4714 νόμοις

1968 4734 2424 4805 τυραννουμένοις
2472 4735 2672 4798 ίκανῶς
2706 4734 3026 4806 παραθήξας
3049 4777 3063 4799 ,
3098 4737 3192 4789 καὶ
3235 4735 3454 4806 δεήσεσι
3487 4738 3550 4790 τὸ

1969 4825 2120 4880 Θείον
2139 4827 2233 4878 καὶ
2255 4828 2584 4897 προσευχαῖς
2609 4827 2688 4890 είς
2719 4825 3038 4896 συμμαχίαν
3058 4827 3311 4892 καλέσας,
3331 4827 3550 4898 ἀνδρει-

1967 4916 2134 4970 όεατα
2176 4918 2281 4989 πρὸ
2307 4917 2414 4970 τῶν
2448 4917 2541 4970 τοῦ
2574 4917 2705 4972 ναοῦ
2735 4918 2919 4972 πυλῶν
2956 4919 3192 4982 ἵσταται,
3236 4920 3332 4972 καὶ
3359 4919 3549 4974 διακό-

1972 5015 2080 5080 ψας
2107 5009 2205 5081 τὴν
2237 5010 2410 5081 ὀφρὺν
2442 5009 2551 5064 τῶν
2589 5012 3050 5082 προηγουμένων,
3091 5010 3200 5064 τῶν
3240 5012 3549 5067 σοδούντων

1967 5103 2058 5155 τὸν
2091 5102 2261 5171 τύφον
2285 5143 2299 5166 ,
2332 5104 2458 5165 τοὺς
2502 5101 2854 5173 δορυφόρους,
2887 5104 3014 5166 τοὺς
3042 5104 3410 5166 ὑπασπιστὰς.
3446 5108 3549 5158 ἐπ-

1970 5193 2199 5264 ετίμησε
2223 5193 2303 5262 τῷ
2339 5193 2520 5264 μιαρῷ
2552 5194 2746 5265 ἐκείνῳ
2777 5197 3079 5266 προσιόντι,
3113 5197 3206 5248 καὶ
3235 5194 3334 5266 τὴν
3360 5195 3548 5262 δεξιὰν

1968 5285 2048 5348 είς
2085 5285 2147 5338 τὸ
2170 5285 2365 5355 στῆθος
2389 5285 2680 5354 ἀπήρεισε,
2703 5288 2798 5339 καὶ
2825 5287 2997 5350 οὕτως
3023 5287 3186 5340 αὐτὸν
3214 5288 3313 5357 τῆς
3345 5290 3426 5351 εἰς
3444 5289 3545 5359 τὴν

1965 5375 2261 5446 ἐκκλησίαν
2298 5375 2476 5447 ὁρμῆς
2505 5376 2781 5430 ἀνέστειλε
2801 5419 2817 5444 ,
2841 5379 2938 5432 καὶ
2959 5379 3068 5432 τῶν
3098 5380 3140 5432 ίε
3151 5380 3258 5451 ρῶν
3282 5380 3546 5434 ἀπώσατο

1965 5468 2290 5538 περιϐόλων.
2321 5469 2431 5540 Τὴν
2455 5470 2770 5544 παρρησίαν
2789 5473 2969 5525 τοίνυν
2999 5473 3374 5540 καταπλαγεὶς
3399 5473 3547 5525 Nau-

1967 5561 2242 5632 μεριανὸς,
2276 5562 2410 5632 πρὸς
2441 5562 2498 5616 δὲ
2545 5565 2640 5616 καὶ
2678 5562 2778 5634 τὴν
2807 5563 2902 5616 τοῦ
2937 5564 3128 5636 ἀνδρὸς
3158 5565 3348 5635 φήμην
3375 5564 3542 5617 εὐλα-

2034 5776 2110 5845 (2)
2137 5775 2562 5847 Clirysostomus
2593 5793 2608 5829 :
2649 5795 2668 5826 ι
2701 5775 2985 5831 Dcxteram
3011 5776 3297 5847 invpactam
3328 5777 3380 5832 in
3409 5791 3537 5843 pec-

1967 5855 2052 5902 tus
2087 5845 2319 5902 firmat-it
2350 5845 2427 5900 ira
2459 5847 2730 5917 turgidum
2754 5861 2816 5904 ac
2842 5849 2986 5905 caede
3015 5845 3257 5915 fervens,
3293 5867 3312 5901 ι
3356 5859 3460 5903 etc.
