3828 6504
249 387 365 456 9ὓ9
1551 407 1721 468 VlTA
1764 408 1822 469 S.
1865 409 2194 476 BABYL/E.
2868 438 2874 444 '
3410 435 3516 501 9ῖο

261 526 452 637 όηθεὶς
481 525 688 597 (πολὺς
722 529 830 601 γάρ
852 527 920 603 ἦν
949 533 1156 605 ταύτην
1184 535 1223 606 ),
1257 536 1463 600 ἐκεῖνος
1492 536 1556 591 δι’
1579 538 1810 594 ἀπάντω

1939 557 2149 643 omnem
2185 557 2391 617 partem
2427 553 2796 624 pervadebat;
2828 572 2896 614 an
2934 563 3125 619 audaci
3165 573 3294 624 tunc
3335 587 3512 643 empto

257 618 456 690 ἐχώρει
483 637 499 653 ·
529 622 628 692 τῆς
672 626 916 698 πονηρᾶς
956 627 1092 691 τέως
1123 628 1395 698 ἀπέσχετο
1444 629 1670 700 τόλμης,
1723 632 1810 685 εῖτλ

258 713 448 738 ..-μω
493 715 613 738 --.Α
655 715 789 738 --ι-
830 717 920 738 --9
1267 721 1280 738 ο
1322 737 1326 738 ν
1395 720 1420 738 ι.
1521 723 1533 738 .
1617 722 1665 738 ..

1945 635 2212 738 destitit,“
2235 641 2350 738 sive
2378 644 2680 714 suspicatus
2725 648 2962 709 futuram
3014 662 3302 727 quamdam
3334 618 3512 738 aut;

255 713 448 766 στάσιν
491 715 614 769 τινὰ
653 715 789 786 πρὸς
828 717 924 770 τοῦ
961 718 1120 789 ὄχλου
1158 720 1480 792 γενήσεσθαι
1513 722 1810 793 ὑπιδόμενος

1947 726 2072 823 pulo
2100 730 2421 788 seditionem
2450 735 2598 804 (illuc
2625 740 2769 795 enim
2799 713 3126 804 convenerat
3160 767 3353 823 magna
3379 713 3515 815 τητι-

255 806 547 907 (καὶγάρ
600 808 734 863 πολὺ
790 808 993 880 πλῆθος
1045 813 1163 865 ἐκεῖ
1215 813 1665 883 συνεληλύθεισαν
1719 816 1810 868 τῶπ

1942 815 2114 912 titudo
2144 820 2377 875 ﬁdelium
2401 824 2446 893 ),
2478 825 2594 882 sive
2621 829 2805 899 aliquo
2837 833 2946 888 alio
2976 850 3006 890 a
3030 851 3090 894 se

253 895 523 967 πιστῶν),
546 898 655 952 εἴτε
679 897 744 969 δὴ
767 899 859 952 καὶ
879 899 1054 963 ἄλλως
1078 900 1226 972 αὐτῷ
1243 901 1548 972 βουλευθέν,
1577 904 1810 974 χαλεπῶς

1939 906 2046 998 lio,
2093 925 2238 981 aegre
2281 913 2498 984 quidem
2529 927 2586 975 et
2622 922 2881 991 graviter,
2931 928 3030 982 sed
3066 895 3284 991 sileniio

256 987 441 1055 μέντοι
474 988 569 1042 καὶ
597 989 829 1060 βαρέως,
862 995 988 1066 σιγῇ
1014 992 1068 1046 δὲ
1093 994 1242 1063 ὅμως
1261 993 1537 1066 τὴνὶῦϐριν
1563 997 1822 1065 ἐνεγκὼν,

253 1079 613 1148 ἀναστρέφειν
631 1081 841 1135 κελεύει
866 1083 1000 1154 πρὸς
1017 1086 1084 1138 τὰ
1103 1083 1367 1154 βασίλεια.

327 1169 405 1224 B’.
441 1171 518 1242 Τῇ
542 1172 600 1225 δὲ
623 1172 750 1242 ἑξῆς
780 1175 871 1228 τὸν
902 1176 1164 1246 ἀρχιερέα
1192 1177 1709 1248 παραστησάμενος,
1728 1178 1825 1250 τὴν

252 1259 346 1313 τοῦ
375 1261 506 1314 ναοῦ
536 1261 770 1319 κώλυσιν
799 1264 877 1328 ὡς
901 1265 1140 1335 φανερὰν
1175 1265 1332 1338 ὓβριν
1366 1267 1515 1339 αύτῷ
1547 1270 1822 1339 ἐνεκάλει,

252 1351 492 1414 καὶ,Τίνι
511 1352 748 1424 θαρρῶν,
772 1354 979 1424 ἔλεγεν,
1004 1349 1050 1410 ὧ
1073 1357 1288 1412 πάντων
1305 1356 1604 1412 ἀθλιώτατε
1621 1361 1706 1425 σὺ,
1727 1361 1826 1430 τῆς

249 1443 332 1506 εἰς
361 1444 456 1496 τὸν
480 1444 608 1498 ναὸν
636 1445 843 1501 είσόδου
873 1447 932 1501 τὺ
967 1447 1101 1518 ἐμὸν
1130 1447 1327 1519 κράτος
1362 1448 1666 1520 ἐτόλμησας
1700 1453 1823 1505 ἐπι·-

251 1537 402 1604 σχεῖν
422 1536 487 1608 ;ἢ
511 1538 724 1605 ἀγνοεῖς
745 1539 868 1592 ὅσον
893 1541 1040 1594 ἐστὶν
1064 1541 1234 1595 κακὸν
1263 1541 1294 1610 ἡ
1321 1543 1400 1604 είς
1421 1541 1644 1611 βασιλέα
1669 1542 1823 1615 ὕϐρις

249 1630 346 1680 καὶ
390 1629 677 1699 πσροινία;
714 1631 774 1684 'O
802 1632 880 1696 δὲ,
910 1631 1030 1686 Τῶν
1059 1633 1152 1687 ἐπὶ
1179 1634 1280 1705 γῆς
1316 1636 1414 1705 μὲν
1441 1635 1638 1699 οὐδενὶ,
1665 1636 1820 1706 φησὶ,

247 1715 327 1785 τῷ
361 1717 419 1769 ἐν
457 1717 708 1785 οὐρανοῖς
740 1718 796 1772 δὲ
823 1718 1094 1784 πεποιθὼς
1125 1719 1354 1791 βασιλεῖ,
1388 1723 1447 1787 ὃς
1479 1739 1546 1794 με
1572 1724 1666 1777 καὶ
1697 1741 1819 1777 ποι-

250 1806 393 1876 μένα
417 1807 526 1862 τῶν
560 1809 727 1862 αὐτοῦ
762 1809 1048 1880 προϐάτων
1082 1810 1255 1879 ἔθετο,
1299 1813 1554 1887 καὶπρὸς
1598 1814 1698 1885 τὴν
1726 1814 1820 1868 τοῦ

247 1896 413 1952 λύκου
443 1900 724 1956 καθεύδειν
755 1901 943 1970 ἔφοδον
974 1903 1074 1958 οὐκ
1104 1905 1170 1976 ἑᾷ
1197 1921 1212 1936 ο
1246 1906 1346 1960 οὐκ
1392 1907 1473 1970 είς
1505 1906 1729 1976 βασιλέα
1762 1923 1826 1975 γε

249 1992 357 2062 μὴν
393 1991 592 2064 ῦὸρισα
637 1992 890 2062 (αὔθαδες
923 1995 1032 2067 γάρ
1071 1996 1146 2060 ὡς
1188 1997 1404 2067 ἀληθῶς
1430 1997 1590 2052 τοῦτο
1622 1998 1714 2052 καὶ⁵
1759 1999 1822 2052 οῦ

245 2086 440 2156 πόρῤω
468 2085 710 2158 μανίας),
730 2086 843 2141 ἀλλ’
860 2087 1020 2150 είςτά
1035 2087 1167 2158 ἀγια
1184 2089 1462 2160 ὲνυόρίσαι
1493 2089 1823 2159 πειραθέντα

244 2178 496 2249 ἐπέσχον.
533 2173 697 2233 Ὥστε
743 2179 839 2234 καὶ
865 2179 1028 2253 χάριν
1066 2179 1126 2234 ού
1156 2199 1208 2235 τι
1247 2181 1449 2252 μικρὰν
1496 2181 1692 2236 εἰδέναι
1730 2199 1822 2252 μοι

243 2270 454 2335 δίκαιος
497 2271 562 2325 ἂν
589 2271 732 2343 είης,
766 2274 848 2327 ὅτι
879 2289 936 2326 σε
970 2273 1214 2328 τοιούτου
1243 2271 1544 2327 διεκώλυσα
1575 2273 1823 2344 ἐγχειρή-

250 2381 442 2436 ματος,
475 2365 562 2434 ύφ’
587 2360 648 2422 οὗ
670 2366 808 2436 πρὸς
835 2365 1060 2436 ἔσχατον
1088 2365 1154 2420 ἂν
1180 2365 1517 2438 κατηνέχθης
1545 2365 1820 2437 βάραθρον

243 2458 525 2520 ἀπωλείας
550 2459 631 2522 είς
655 2458 819 2513 αὐτὸν
835 2458 1119 2530 ἁμαρτὼν,
1141 2453 1201 2514 οὗ
1225 2459 1285 2512 τὸ
1307 2459 1561 2512 ἐκπεσεῖν
1585 2457 1819 2513 θανάτου

244 2551 450 2616 παντὸς
469 2541 870 2623 χαλεπώτερονέ
896 2553 1006 2608 Καὶ
1026 2555 1054 2606 ὁ
1074 2552 1468 2622 Νουμεριανδς,
1485 2551 1636 2616 Δέον,
1660 2552 1817 2624 φησὶ,

241 2643 337 2696 ἐπὶ
376 2645 487 2707 τοῖς
517 2643 757 2714 φθάσασι
792 2643 1239 2715 μεταμελεῖσθαι,
1271 2643 1409 2698 ἀλλά
1444 2643 1576 2713 σύγε
1610 2661 1820 2717 μακρο-

239 2737 405 2806 τέρας
435 2739 567 2806 ήμῖν
622 2737 911 2807 καταχέεις
951 2736 1050 2801 τὰς
1087 2734 1373 2806 λοιδορίας.
1402 2736 1511 2790 Καὶ
1539 2737 1568 2790 ὁ
1611 2736 1820 2806 μάρτυς

243 2828 555 2893 ὑπολαὸὼν,
596 2828 712 2883 Οὐκ
741 2829 918 2896 ἔξεστι
945 2828 1042 2898 μὲν
1064 2830 1194 2900 ἡμῖν
1215 2827 1349 2898 τάγε
1381 2828 1536 2893 ἀλλα,
1565 2827 1693 2899 ἔφη,
1723 2830 1821 2883 ἀν·-

241 2922 476 2996 θρὼπων
504 2922 680 2978 οὐδενὶ
711 2922 1103 2993 λοιδορεῖσθαι,
1145 2920 1340 2977 οῦκουν
1372 2922 1493 2976 οὐδὲ
1533 2922 1618 2975 σοὶ
1646 2921 1817 2974 λοιδο-

244 3015 486 3087 ρούμεθα
504 3032 520 3048 ’
551 3015 668 3081 πῶς
691 3015 799 3086 γὰρ
825 3015 959 3069 Θεοῦ
988 3013 1212 3084 πλάσμα
1241 3013 1358 3067 δντι
1386 3053 1401 3078 ,
1428 3013 1521 3066 καὶ
1554 3013 1620 3083 τῇ
1650 3009 1818 3064 αὐτοῦ

239 3109 410 3163 είκόνι
458 3109 836 3181 τετιμημένῳ;
869 3108 930 3162 Et
969 3106 1025 3160 δὲ
1064 3106 1192 3177 περὶ
1225 3105 1358 3160 Θεὸν
1388 3107 1416 3158 ό
1454 3105 1812 3169 κίνδυνος.....

1939 997 2122 1056 ferens
2151 1007 2556 1075 contumeliam,
2589 1018 2645 1065 et
2681 1027 2930 1072 reversus
2959 1026 3042 1075 est
3073 1021 3126 1076 in
3160 1026 3382 1097 regiam.

2011 1179 2074 1234 ll.
2118 1180 2216 1237 Die
2251 1193 2431 1241 autem
2481 1192 2874 1260 sequenti'cum
2907 1197 2972 1250 ad
3000 1214 3060 1256 se
3104 1206 3508 1272 producendum

1936 1283 2182 1328 curasset
2210 1277 2539 1369 pontillcem,
2574 1285 2717 1350 quod
2747 1299 2806 1340 se
2830 1302 2859 1341 a
2887 1291 3084 1360 templo
3111 1298 3506 1369 prohibuisset,

1937 1372 2190 1433 tanquam
2239 1368 2526 1424 manifesta
2577 1370 2798 1430 affectus
2842 1382 3206 1448 contumelia,
3257 1401 3380 1443 eum
3426 1368 3510 1448 est

1937 1453 2294 1556 criminatus;
2343 1469 2419 1524 et,
2451 1458 2722 1530 Quonam,
2768 1466 2960 1536 inquit,
3005 1471 3200 1541 fretus,
3235 1492 3268 1532 ο
3306 1488 3362 1536 ιιι
3387 1497 3508 1538 om-

1937 1549 2084 1644 nium
2108 1549 2433 1644 miserrime,
2458 1568 2621 1644 ausus
2646 1569 2704 1609 es
2725 1572 2896 1613 meam
2929 1565 3161 1622 retinere
3188 1575 3505 1644 potentiam,

1935 1649 2007 1688 ne
2035 1636 2089 1688 in
2122 1636 2378 1705 templum
2406 1639 2750 1713 ingrederer?
2776 1647 2959 1706 Nescis
2986 1636 3250 1723 quantum
3287 1661 3356 1717 sit
3385 1636 3504 1721 ma;

1935 1723 2044 1820 lum
2093 1727 2292 1797 probro
2343 1742 2398 1786 et
2447 1738 2774 1793 contumelia
2821 1741 3037 1800 allicere
3089 1747 3508 1820 imperatorem?

1933 1814 2028 1911 ille
2066 1827 2284 1886 autem,
2317 1819 2474 1911 Nullo
2507 1825 2725 1893 quidem
2747 1867 2762 1892 ,
2794 1829 3002 1900 inquit,
3035 1814 3221 1893 eorum
3251 1842 3341 1911 qui
3377 1858 3505 1902 sunt

1932 1906 1999 2002 in
2029 1918 2169 2002 terra
2191 1946 2217 2002 ,γ
2240 1910 2337 1966 sed
2366 1911 2535 1970 fretus
2577 1914 2722 1986 Rege
2754 1920 2845 1989 qui
2877 1931 2960 1977 est
2994 1924 3045 1978 in
3074 1906 3388 2002 cmlis,‘qui
3417 1951 3506 1990 me

1930 1998 2092 2092 etiam
2120 1999 2248 2056 fecit
2270 2012 2537 2072 pastorem
2570 2023 2792 2066 suarum
2826 2015 3031 2084 ovium,
3062 2035 3236 2092 neque
3264 1998 3352 2082 me
3384 2030 3504 2084 dor-

1933 2089 2068 2144 mire
2109 2090 2282 2156 sinit,
2330 2108 2452 2148 cum
2507 2096 2665 2167 lupus
2711 2100 2908 2170 irruit,
2958 2089 3342 2177 imperatorem
3395 2133 3500 2174 non

1929 2178 2082 2234 aﬂ‘cci
2114 2185 2440 2239 contumelia
2468 2188 2642 2257 (esset
2667 2191 2814 2246 enim
2833 2193 2935 2251 hoc
2967 2199 3266 2260 insolentia:
3296 2215 3351 2262 et
3379 2225 3506 2278 pro-

1925 2273 2213 2342 pemodum
2241 2275 2526 2348 insania),
2560 2281 2654 2335 sed
2693 2298 2816 2338 cum
2854 2287 3013 2345 vellet
3054 2304 3242 2350 sancta
3287 2273 3501 2358 allicere

1928 2364 2300 2430 contumelia,
2353 2369 2616 2424 continui.
2666 2370 3032 2439 Quamobrem
3087 2382 3315 2442 deberes
3367 2391 3499 2446 mihi

1927 2468 2034 2510 non
2067 2471 2288 2524 parvam
2315 2458 2419 2516 hoc
2447 2464 2665 2518 nomine
2691 2478 2853 2536 agere
2882 2472 3134 2540 gratiam,
3163 2479 3310 2546 quod
3339 2483 3497 2538 talem

1932 2551 2080 2598 tuum
2107 2554 2363 2602 conatum
2385 2550 2776 2632 prohibuerim,
2802 2569 2870 2609 ex
2888 2573 2998 2627 quo
3013 2558 3330 2621 deturbatus
3349 2583 3502 2626 esses

1926 2633 1983 2688 in
2009 2645 2307 2690 extremum
2347 2639 2659 2694 barathrum
2695 2642 2966 2712 interitus,
2992 2663 3114 2703 cum
3146 2651 3196 2704 in
3224 2667 3345 2707 eum
3371 2671 3498 2726 pec-

1927 2741 2107 2815 casses
2148 2744 2177 2782 a
2229 2744 2336 2799 quo
2377 2731 2630 2787 excidere
2676 2744 2757 2787 est
2803 2740 2994 2806 quavis
3045 2752 3218 2798 morte
3255 2749 3495 2815 gravius.

1925 2814 2284 2875 Numerianus
2319 2831 2534 2878 autem:
2569 2824 2702 2879 Cum
2743 2833 2816 2892 te,
2839 2826 3033 2897 inquit,
3063 2814 3343 2901 oporteret
3377 2851 3498 2908 pa:-

1923 2910 2097 2967 nilere
2133 2926 2322 2966 eorum
2370 2928 2488 2984 qua:
2546 2929 2966 2986 prmeesserunt,
3021 2931 3075 2979 tu
3108 2941 3206 2981 nos
3238 2929 3499 2997 ρωιὶκὶοο

1923 3007 2070 3064 ribus
2096 3008 2340 3078 aspergis
2370 3011 2690 3068 maledictis.
2729 3012 2934 3086 Martyr
2962 3030 3140 3075 autem
3177 3025 3490 3094 excipiens:

1921 3097 2106 3164 Nobis,
2134 3099 2328 3169 inquit,
2369 3115 2476 3156 non
2512 3102 2638 3159 licet
2662 3105 2863 3174 alioqui
2902 3108 3064 3164 ullum
3097 3112 3368 3169 hominem
3399 3131 3494 3185 ap-

240 3217 424 3278 petere
470 3206 773 3261 maledictis
825 3223 840 3261 :
887 3219 987 3260 nec
1022 3218 1155 3274 ergo
1185 3212 1236 3260 te
1269 3200 1569 3258 maledictis
1603 3198 1926 3272 appetimus.
1994 3196 2276 3264 Quomodo
2349 3199 2490 3254 enim
2517 3238 2533 3267 ,
2578 3216 2702 3258 cum
2749 3203 2825 3260 sis
2899 3204 2994 3262 Dei
3061 3207 3408 3280 ﬁgmentum,
3439 3224 3496 3269 et

239 3300 356 3368 ejus
386 3300 680 3353 honoratus
721 3296 990 3367 imagine?
1021 3294 1126 3350 Sed
1155 3295 1198 3350 si
1231 3295 1296 3350 de
1324 3295 1432 3348 Deo
1458 3303 1740 3364 agatur....

308 3389 383 3445 I".
421 3389 531 3444 Καὶ
570 3390 600 3443 ό
624 3386 1022 3458 Νουμεριανὸς,
1059 3385 1322 3455 ἐπικύψας
1364 3383 1512 3454 αὐτῷ
1550 3383 1650 3453 τὴν
1693 3399 1810 3437 συν-

2002 3380 2088 3435 Ill.
2122 3379 2485 3438 Numerianus
2508 3391 2712 3450 autem,
2746 3383 3143 3458 interrumpeus
3180 3393 3492 3450 context‘nm

237 3488 448 3548 έπειάν,
499 3479 657 3536 Ἀλλά
685 3480 897 3551 χαίρειν
946 3476 1116 3531 εἰπὼν
1139 3515 1153 3541 ,
1185 3477 1287 3546 ἔφη
1305 3516 1320 3540 ,
1357 3478 1423 3546 τῇ
1448 3474 1614 3547 πολλῇ
1635 3475 1808 3547 ταύτῃ

235 3577 346 3630 τῶν
376 3575 552 3644 λόγων
586 3572 754 3644 ίσχύῖ,
786 3572 837 3626 εί
861 3587 924 3640 γε
956 3569 1020 3640 δὴ
1045 3569 1138 3624 καὶ
1162 3569 1444 3638 διαφυγεῖν
1474 3567 1685 3638 βούλοιο
1713 3567 1812 3638 τὴν

236 3669 333 3722 ἐπὶ
358 3667 436 3736 τῷ
463 3665 768 3736 ἐγκλήματι
794 3663 976 3733 δίκην,
1003 3664 1114 3724 τοῖς
1148 3659 1426 3731 μεγίστοις
1456 3657 1618 3712 θῦσον
1647 3657 1808 3722 θεοῖς.

237 3760 350 3816 Καὶ
381 3761 410 3813 ὁ
441 3760 650 3831 μάρτυς
687 3755 953 3827 πρότερον
987 3753 1124 3824 πρὸς
1168 3751 1266 3823 τὴν
1307 3749 1562 3822 ἔγκλησιν
1609 3749 1810 3803 ἀπολο-

237 3851 568 3925 γησάμενος,
594 3849 690 3904 καὶ
711 3849 887 3920 φήσας
911 3845 1050 3917 ὑπὲρ
1077 3842 1171 3898 τοῦ
1196 3841 1446 3914 ποιμνίου
1470 3841 1646 3895 πάντα
1674 3839 1813 3911 μετά

231 3945 544 4017 προθυμίας
575 3940 848 4014 αἱρεῖσθαι
879 3938 1091 4003 παθεῖν,
1142 3935 1330 3989 ἔπειτα
1381 3933 1652 3988 διαλαϐὼν
1674 3974 1688 4000 ,
1729 3933 1808 3986 Ού

233 4037 461 4093 δυνατὸν
481 4077 496 4102 ,
526 4035 714 4104 ἔλεγεν
737 4071 754 4100 ,
794 4025 838 4086 ὦ
879 4027 1120 4100 βασιλεῦ,
1157 4026 1250 4079 τοῦ
1300 4026 1468 4089 ὅντως
1495 4023 1811 4079 ἀποστάντα

233 4129 370 4184 Θεοῦ
401 4107 1090 4199 ψευδωνύμοιξπροσέχειν
1121 4119 1283 4183 θεοῖς,
1307 4113 1395 4178 οἷς
1426 4119 1519 4171 καὶ
1542 4117 1808 4186 ὀνομάσαι

236 4223 398 4294 μόνον
427 4221 658 4291 αισχύνη
682 4219 794 4280 τοῖς
835 4214 1076 4270 εὐσεϐεῖν
1113 4210 1477 4285 βουλομένοις.
1524 4209 1582 4262 Ὀ
1612 4209 1690 4276 δὲ,
1725 4208 1806 4260 Τά

233 4313 478 4390 πρότερά
511 4329 593 4366 σοι
622 4310 718 4365 καὶ
742 4310 901 4365 πάλιν
935 4308 1067 4380 ἐρῶ,
1097 4305 1251 4377 φησί·
1289 4305 1414 4368 τοὺς
1443 4302 1686 4374 μακροὺς
1709 4301 1806 4371 λή-

234 4422 361 4477 ρους
393 4405 582 4467 ὲάσας,
619 4400 779 4454 θῦσον
815 4401 927 4462 τοῖς
961 4397 1124 4460 θεοῖς·
1157 4397 1206 4448 εί
1235 4394 1280 4448 δ’
1329 4390 1442 4458 οὖν,
1467 4391 1602 4446 ἀλλὰ
1635 4390 1805 4444 κακόν

233 4516 292 4552 σε
324 4497 506 4561 κακῶς
529 4497 590 4548 τὸ
619 4495 752 4565 ὲμὸν
783 4491 1040 4546 ἀπολέσει
1065 4489 1285 4560 κράτος.
1313 4488 1424 4541 Καὶ
1455 4489 1484 4540 ὁ
1515 4484 1761 4547 Βαὸύλας
1786 4501 1800 4512 ·

243 4591 402 4661 Ἐμοὶ
438 4588 504 4642 δι’
531 4586 695 4658 εὐχῆς
721 4581 790 4657 ἦν
820 4584 961 4638 ὥστε
1003 4583 1096 4635 καὶ
1141 4582 1198 4634 σὲ
1226 4581 1324 4650 τῆς
1367 4575 1805 4649 περικεχυμένης

231 4700 315 4739 σοι
335 4682 537 4752 ταύτης
565 4680 880 4747 ἀνενεγκεῖν
906 4675 1123 4748 ἀχλύος,
1151 4676 1307 4743 εἴπερ
1333 4672 1437 4724 κᾶν
1463 4675 1560 4734 τὰς
1589 4670 1803 4740 μακρὰς

230 4775 443 4838 ὲκείνας
475 4751 568 4828 καὶΙ
605 4773 906 4834 ἀθανάτους
942 4769 1210 4840 τιμωρίας
1251 4766 1485 4835 διέδρας.
1526 4763 1685 4816 Ἀλλὰ
1735 4763 1798 4815 σὺ
1834 4751 1877 4806 Ῑ)

231 4869 326 4922 καὶ
361 4866 551 4930 ἄλλους
585 4867 676 4919 ἐπὶ
717 4864 920 4936 ταύτην
955 4861 1330 4933 παρακαλεῖς,
1363 4857 1587 4928 μείζονα
1623 4854 1801 4925 ἑαυτῷ

226 4961 326 5032 τὴν
349 4958 548 5031 ἡπειλη
560 4960 725 5029 μένην
750 4957 1004 5012 ἀνάπτων
1026 4954 1274 5024 γέεννανο
1308 4948 1442 5003 Θεοῦ
1473 4948 1581 5019 γὰρ
1601 4947 1799 5011 ζῶντος

224 5054 510 5124 διαφυγεῖν
530 5053 718 5124 χεῖρας
737 5050 1038 5121 ἀμήχανον.
1065 5047 1138 5101 Τὸ
1160 5045 1215 5098 δὲ
1238 5044 1330 5100 καὶ
1356 5041 1558 5098 ἁλῶναι
1579 5039 1798 5104 ταύταις

221 5147 431 5218 ἡλίκον,
464 5147 493 5202 ό
525 5143 675 5210 ἅπαξ
695 5140 954 5214 ἐμπεσὼν
986 5141 1209 5194 εῖσεται.

293 5422 369 5479 Δ’.
405 5423 592 5478 Ταῦτα
614 5421 756 5489 εἶπε,
789 5422 881 5476 καὶ
911 5422 1086 5476 πάντα
1115 5420 1302 5489 ὥσπερ
1331 5419 1598 5486 ὀστράκου
1634 5434 1799 5486 μετα-

222 5516 490 5578 πεσόντος
514 5516 606 5568 ἐπὶ
653 5513 713 5567 τὸ
752 5513 994 5566 ὲναντίον
1039 5509 1262 5580 ἐχώρει·
1300 5510 1399 5578 τὴν
1434 5509 1545 5579 γὰρ
1583 5508 1796 5560 σύνεσιν

292 5716 374 5790 (3)
401 5713 587 5770 Graece
626 5710 1117 5790 dieuepnéotpdxou
1150 5707 1569 5790 μεταπεσόντος,
1621 5725 1642 5757 ι
1681 5714 1790 5760 tes.

219 5776 327 5843 tuta
351 5776 720 5840 iram-mutata
755 5776 800 5835 »ζ
819 5781 896 5834 De
920 5776 1262 5841 ostracismo,
1291 5776 1672 5846 suil'ragiorum
1698 5789 1794 5846 geo

220 5874 347 5915 .tcre
379 5872 478 5928 per
499 5854 739 5909 caltulns
775 5866 836 5906 ac
880 5851 1054 5914 fabas,
1086 5857 1141 5903 et
1184 5845 1494 5904 ostracinda
1543 5845 1653 5902 ludi
1695 5845 1789 5918 ge-

495 5955 764 6017 PATROL.
799 5949 907 6010 Gn.
941 5947 1156 6010 CXIV.

1918 3475 2034 3544 ejus
2058 3475 2344 3540 orationis,
2381 3475 2485 3530 Sed
2527 3475 2747 3546 jubens,
2776 3478 2966 3546 inquit,
3001 3480 3176 3536 valere
3205 3483 3343 3538 hanc
3371 3500 3487 3539 ma-

1917 3579 2074 3636 gnam
2099 3567 2208 3622 vim
2233 3567 2550 3634 verborum,
2572 3568 2617 3623 si
2643 3569 2776 3624 velis
2801 3584 2990 3638 poenas
3010 3571 3243 3642 eil‘ugere
3269 3587 3489 3646 propter

1917 3659 2128 3714 crimen
2164 3659 2503 3724 subeundas,
2561 3661 2810 3717 maximis
2838 3663 2941 3718 diis
2973 3666 3244 3721 sacriﬁca.
3282 3666 3488 3740 Martyr

1917 3758 2095 3802 autem
2123 3764 2243 3804 cum
2277 3750 2428 3819 prius
2457 3751 2822 3822 respondisset
2851 3755 2918 3808 ad
2944 3754 3399 3825 criminationem,
3434 3770 3490 3816 ct

1918 3843 2149 3901 dixisset
2174 3859 2232 3898 se
2253 3853 2505 3917 prompto
2537 3855 2592 3902 et
2613 3847 2779 3901 alacri
2815 3847 2995 3902 animo
3025 3863 3122 3918 pro
3145 3864 3306 3920 grege
3337 3865 3458 3920 qua:
3483 3880 3489 3887 -

1918 3938 1999 3993 vis
2032 3951 2153 3993 esse
2202 3953 2509 4007 passurum,
2553 3937 2747 3992 deinde
2776 3952 3106 4008 prosequens
3143 3957 3156 3994 :
3193 3939 3356 4007 Fieri,
3391 3943 3488 3998 in-

1916 4033 2063 4102 quit,
2097 4047 2204 4087 non
2234 4040 2447 4103 potest,
2477 4046 2511 4087 ο
2543 4032 2861 4102 imperator,
2896 4041 2952 4085 ut
2985 4047 3014 4085 a
3048 4047 3176 4087 vero
3211 4033 3319 4090 Deo
3347 4034 3487 4090 deti-

1916 4125 2102 4189 ciens,
2142 4139 2237 4179 eos
2269 4124 2479 4188 colam,
2525 4123 2616 4193 qui
2653 4123 2788 4178 falso
2820 4123 3161 4192 appellantur
3189 4124 3299 4190 dii;
3351 4141 3489 4195 quos

1918 4217 1999 4272 vel
2033 4217 2207 4272 solum
2243 4217 2524 4271 nominare
2552 4224 2637 4271 est
2684 4231 2935 4285 magnum
2983 4216 3218 4272 dedecus
3275 4217 3340 4272 iis
3394 4220 3489 4288 qui

1917 4311 2102 4365 volunt
2121 4325 2242 4364 esse
2267 4309 2358 4380 pii.
2392 4309 2485 4363 Ille
2511 4317 2693 4363 autem
2719 4317 2748 4362 ι’
2768 4307 2990 4372 Eadem,
3022 4308 3194 4377 inquit
3227 4307 3319 4362 tibi
3343 4309 3485 4376 dico,

1914 4417 2033 4471 qua:
2063 4401 2213 4471 prius
2253 4417 2266 4453 :
2307 4402 2548 4469 prolixus
2591 4400 2813 4454 mittens
2843 4413 3013 4468 nugas
3047 4400 3151 4454 diis
3188 4399 3434 4454 sacriﬁca
3467 4419 3481 4454 :

1913 4493 1998 4547 sin
2033 4495 2244 4555 minus,
2287 4499 2338 4544 te
2379 4490 2576 4544 malum
2626 4489 2764 4543 male
2814 4503 2931 4542 mea
2985 4487 3175 4558 perdet
3220 4488 3482 4557 potentia.

1913 4581 2143 4653 Babylas
2180 4590 2360 4634 autem
2387 4598 2402 4635 :
2433 4578 2585 4646 Mihi,
2625 4579 2820 4650 inquit,
2865 4590 2983 4634 erat
3027 4581 3080 4633 in
3114 4580 3273 4645 votis,
3325 4590 3383 4633 ttt
3416 4580 3485 4633 ab

1915 4676 2046 4738 hac,
2084 4687 2190 4742 qua
2230 4687 2288 4727 es
2335 4670 2729 4736 circumfusus,
2765 4671 2995 4740 caligine
3030 4670 3342 4726 liberareris
3381 4691 3396 4725 :
3433 4671 3482 4726 si

1907 4781 2011 4836 qua
2049 4765 2253 4818 ratione
2285 4763 2398 4818 ﬁeri
2426 4773 2626 4834 posset.
2664 4770 2722 4817 ut
2762 4762 2918 4832 longa
2953 4761 3042 4816 illa
3073 4769 3126 4816 et
3157 4760 3482 4816 immortalia

1908 4854 2172 4926 eﬂ’ugeres
2210 4855 2491 4926 supplicia.
2537 4852 2643 4909 Sed
2697 4862 2754 4908 tu
2803 4852 2938 4907 alios
2983 4866 3198 4921 quoque
3249 4853 3316 4906 ad
3360 4868 3481 4908 eam

1907 4948 2234 5012 adhortaris,
2264 4947 2518 5016 majorem
2543 4944 2634 5001 tibi
2664 4944 2969 5000 accendens
2992 4945 3294 5015 gehennam
3324 4946 3482 5018 cujus

1909 5041 2067 5096 minae
2089 5051 2218 5096 sunt
2248 5040 2341 5095 tibi
2369 5039 2667 5093 intentata.
2703 5036 2846 5092 Fieri
2878 5035 3019 5090 enim
3052 5051 3162 5091 non
3193 5045 3399 5105 potest,
3424 5047 3482 5091 ut

1907 5134 2133 5206 cﬂ‘ugias
2183 5147 2377 5188 manus
2413 5131 2504 5187 Dei
2545 5129 2794 5186 viventis.
2838 5128 3151 5198 Cuiusmodi
3188 5139 3369 5186 autem
3412 5132 3482 5186 sit

1906 5231 1974 5285 ab
2019 5229 2100 5284 eis
2143 5242 2264 5283 esse
2307 5225 2726 5295 apprehensum,
2773 5221 2910 5278 sciet
2953 5221 3046 5292 qui
3087 5222 3258 5278 semel
3301 5223 3355 5276 in
3386 5236 3482 5278 eas

1900 5321 2170 5376 inciderit.

1976 5411 2064 5467 ιν.
2097 5409 2222 5467 Haac
2249 5409 2385 5464 dixit
2421 5427 2432 5462 :
2467 5418 2522 5464 et
2543 5412 2726 5464 omnia
2759 5408 2983 5480 perinde
3009 5422 3072 5463 ac
3103 5407 3149 5463 si
3179 5420 3480 5463 conversus

1904 5516 2047 5561 esset
2074 5507 2154 5576 (3)
2181 5503 2440 5570 calculus,
2485 5513 2693 5560 mutata
2723 5512 2849 5559 sunt
2883 5503 2934 5557 in
2966 5499 3324 5558 contrarium.
3361 5497 3476 5553 Viri

1903 5720 2053 5768 nere,
2103 5703 2244 5758 unde
2271 5701 2521 5772 adagium
2557 5702 2658 5758 hoc
2683 5702 3044 5772 desumptum,
3074 5697 3296 5754 consule
3344 5695 3474 5753 Era-

1899 5792 2074 5831 smum
2107 5775 2158 5828 in
2195 5771 2434 5844 Adagiis.
2774 5778 2784 5786 '

3083 5932 3148 5992 3i
