3828 6496
359 413 468 480 θἸί

1607 403 1900 467 MENSIS
1937 403 2397 480 JANUARIUS.

3538 405 3632 469 972

332 526 502 581 'enim
545 517 865 591 sapientiam
897 516 1200 572 admiratus
1226 513 1619 580 'Numerianus,
1647 514 1716 570 ab
1745 515 1827 570 ira
1853 514 1943 569 de-

2062 511 2141 566 τοῦ
2189 511 2383 586 ἀνδρδς
2423 512 2451 565 ό
2481 509 2860 583 Νουμεριανὺς
2902 511 3194 585 θαυμάσας
3236 513 3333 586 τῆς
3366 513 3541 588 ὀργῆς
3580 534 3633 570 τε

356 616 516 678 sinit.
557 626 790 683 eumque
818 610 1028 680 placide
1069 619 1126 666 et
1155 609 1327 664 amice
1364 608 1620 664 intuens:
1661 606 1706 662 Ο
1737 608 1947 672 doctor,

359 705 578 779 inquit,
612 718 936 774 puerorum,
968 711 1191 771 potesne
1226 690 1406 756 dicere
1484 700 1628 770 quod
1665 700 1734 754 sit
1771 698 1952 755 Deus?

362 801 454 857 IiIe
511 809 740 854 autem:
794 795 888 852 Dei
927 797 1169 866 quidem,
1225 795 1427 864 inquit,
1476 804 1748 858 naturam,
1793 809 1859 850 ne
1903 793 1952 849 si

361 895 591 951 multum
657 891 876 963 quidem
934 889 1233 953 Iaboraris,
1286 888 1588 944 inveneris.
1645 888 1744 943 Est
1804 888 1950 942 enim

360 987 674 1052 inefi‘ahilis,
713 993 768 1042 et
799 985 889 1055 qui
931 999 1032 1041 nec
1062 992 1240 1054 potest
1269 979 1682 1053 comprehendi,
1718 993 1819 1035 nec
1853 979 1955 1032 hu-

362 1079 538 1134 manis
571 1077 818 1147 indagari
846 1074 1308 1145 cogitationibus;
1339 1073 1668 1143 principium
1705 1069 1946 1126 universi

345 1180 418 1228 -ει
452 1168 765 1226 constitutio
792 1206 808 1233 ,
851 1166 1081 1238 Resque
1111 1166 1456 1222 etDominus
1486 1172 1541 1220 et
1577 1164 1807 1221 Creator
1834 1177 1952 1218 om-

355 1261 536 1317 nium.
581 1258 722 1315 Cum
761 1264 944 1314 autem
995 1257 1065 1313 sit
1095 1271 1311 1326 semper
1338 1255 1540 1310 nullius
1577 1257 1655 1310 rei
1703 1255 1952 1324 indigens

357 1357 379 1413 ί
409 1352 532 1409 taiis
569 1350 835 1410 est.enim
869 1350 1066 1417 Deus),
1101 1347 1230 1403 fecit
1273 1347 1493 1417 angelos
1529 1345 1628 1419 (4),
1681 1355 1733 1401 et
1761 1359 1953 1402 omnes

362 1443 499 1500 alias
537 1441 808 1498 essentias
847 1441 1320 1510 incorporearum.
1371 1437 1499 1492 Post
1528 1437 1724 1492 horum
1768 1447 1949 1492 autem

344 1535 744 1603 creationem,
799 1531 928 1587 i‘ecit
991 1529 1300 1596 hominem,
1353 1538 1408 1583 et
1450 1529 1594 1582 hunc
1639 1527 1949 1582 universum

368 1627 668 1690 mundum.
719 1635 777 1681 et
823 1639 948 1681 eum
996 1623 1183 1694 implet
1226 1622 1388 1679 bonis
1432 1620 1948 1686 innumerabilibus,

345 1719 720 1789 pronuntians
744 1718 918 1789 ipsum
948 1717 1000 1771 id
1024 1729 1146 1771 esse
1175 1715 1229 1770 in
1265 1724 1431 1778 terra,
1455 1714 1597 1784 quod
1624 1714 1741 1784 ipse
1779 1722 1863 1770 est
1895 1713 1948 1768 in

355 1812 539 1869 caelis.
570 1811 707 1866 Eum
739 1826 860 1866 cum
894 1811 948 1866 in
984 1818 1134 1865 tanto
1157 1811 1362 1864 honore
1401 1807 1798 1872 constituisset,
1827 1816 1949 1862 tan-

357 1920 526 1974 quam
577 1903 688 1975 regi
725 1901 963 1973 regiam,
1015 1901 1066 1957 ei
1109 1916 1294 1957 rerum
1345 1909 1684 1956 terrenarum
1741 1908 1950 1971 partem

365 1997 615 2051 attribuit
644 1994 1098 2066 pulcherrimam,
1127 2009 1322 2064 nempe
1356 1994 1692 2064 paradisum.
1727 1993 1794 2048 Et
1829 2008 1950 2048 cum

365 2097 562 2158 praeter
589 2088 703 2143 inec
724 2086 883 2142 vellet
902 2087 954 2141 ei
976 2086 1193 2142 aliunde
1218 2089 1530 2153 ostendere,
1556 2094 1819 2155 quantum
1847 2083 1952 2140 alia

348 2186 656 2249 superaret
683 2178 1005 2242 animantia,
1037 2178 1186 2234 ducit
1214 2179 1280 2232 ad
1318 2193 1442 2233 eum
1475 2177 1683 2244 omnia,
1721 2187 1777 2233 et
1797 2177 1955 2248 jubet

351 2286 490 2325 eum
539 2269 760 2324 nomina
811 2268 1094 2338 imponere
1133 2267 1407 2324 omnibus.
1458 2267 1592 2322 Cum
1640 2276 1824 2321 autem
1856 2279 1955 2337 per

367 2362 485 2418 hzcc
507 2361 783 2418 docuisset
825 2374 947 2417 eum
973 2375 1094 2416 esse
1133 2361 1377 2416 omnium
1412 2360 1948 2431 praestantissimum,

372 2464 502 2509 tunc
529 2463 682 2509 creat
709 2452 876 2508 etiam
909 2442 1218 2519 mulierem,
1255 2466 1317 2507 ea
1345 2467 1564 2524 quoque
1597 2458 1719 2508 eum
1766 2455 1956 2508 rursus

358 2545 683 2612 honoratis,
739 2555 795 2601 et
845 2544 1198 2600 manifestum
1233 2545 1497 2610 reddens,
1551 2545 1696 2616 quod
1733 2552 1958 2615 propter

371 2638 550 2707 ipsum
588 2636 726 2692 facta
765 2636 856 2691 sit.
887 2635 1004 2690 Non
1037 2636 1122 2691 his
1155 2645 1338 2691 autem
1379 2637 1553 2693 solum
1587 2638 1822 2700 ornavit,
1862 2634 1956 2692 sed

371 2732 538 2786 etiam
581 2729 680 2784 soli
719 2744 782 2784 ex
817 2729 1074 2784 omnibus
1099 2730 1149 2784 ei
1173 2729 1322 2784 dedit
1351 2730 1636 2795 rationem,
1671 2739 1724 2785 et
1749 2728 1796 2784 ci
1825 2743 1958 2784 con-

370 2824 535 2880 cessit
575 2830 634 2877 tt-t
663 2822 936 2876 frueretur
961 2821 1080 2892 ejus
1108 2822 1524 2878 consuetudine.
1556 2821 1652 2878 Ille
1689 2837 1820 2877 vero
1850 2821 1955 2876 ini-

373 2916 574 2970 micunt
605 2920 853 2968 statuens
890 2912 1066 2982 magis
1099 2912 1204 2968 iide
1229 2913 1453 2984 dignum
1496 2927 1563 2968 eo
1594 2913 1689 2982 qui
1721 2914 1835 2968 lucc
1865 2912 1958 2967 de-
1985 2932 1995 2947 ·

373 3004 550 3068 derat,
583 3010 639 3057 et
667 3003 867 3056 nullam
895 3002 1100 3057 ducens
1125 3003 1387 3058 rationem
1418 3002 1659 3058 mandati
1681 3004 1958 3059 Creatoris

2054 605 2341 674 ύπολήγει,
2370 604 2466 658 καὶ
2490 602 2700 674 ἥμερόν
2733 622 2788 658 τι
2813 604 2978 659 αὑτὸν
3007 607 3102 660 καὶ
3133 605 3310 676 φίλιον
3343 607 3634 678 προσιδὼν,

2053 693 2124 748 Ὦ
2151 695 2438 751 διδάσκαλε
2489 696 2715 764 παίδων,
2746 699 2934 767 φησιν,
2963 698 3108 768 ἔχοις
3139 699 3208 753 ἂν
3231 700 3408 753 εἰπεῖν
3439 701 3492 752 τί
3519 718 3635 755 ποτε

2053 787 2162 859 ἄρα
2193 785 2278 856 εἴη
2306 786 2474 854 Θεός;
2513 788 2579 840 Ὃ
2609 785 2689 854 δὲ,
2712 787 2846 840 Θεοῦ
2866 789 2964 858 μὲν
2986 788 3171 858 φύσιν,
3198 784 3375 858 εἶπεν,
3408 791 3551 856 οὐδὲ,
3576 792 3635 847 ἂν

2055 884 2228 938 πολλά
2253 885 2474 956 κάμοις,
2509 885 2791 956 εὑρήσεις·
2818 884 2935 938 ἔστι
2955 885 3066 957 γὰρ
3094 887 3353 960 ἀρῥητος,
3381 888 3635 958 ἄληπτος,

2054 977 2338 1048 λογισμοῖς
2365 976 2731 1050 ἀνθρωπίνοις
2753 977 3196 1050 ἀνεξερεύνητος,
3224 980 3372 1050 ἀρχὴ
3400 980 3498 1034 τοῦ
3521 998 3640 1034 πάνυ

2053 1070 2146 1134 τὸς
2191 1069 2287 1123 καὶ
2316 1069 2600 1144 συνουσία,
2636 1069 2900 1134 Βασιλεύς
2940 1087 3000 1124 τε
3046 1073 3142 1124 καὶ
3174 1071 3379 1142 Κύριος
3423 1073 3515 1124 καὶ
3547 1074 3644 1144 Δηο

2057 1160 2321 1233 μιουργὺς
2371 1161 2667 1215 ἁπάντων·
2719 1162 2975 1232 ἀνενδεὴς
3011 1163 3067 1216 δὲ
3115 1161 3192 1216 ὣν
3242 1164 3330 1217 ἀεὶ
3370 1162 3641 1234 (τοιοῦτον

2054 1254 2164 1325 γὰρ
2195 1254 2255 1308 τὸ
2279 1254 2479 1324 Θεῐον),
2523 1253 2783 1326 ἐποίησεν
2809 1255 3078 1324 ἀγγέλους
3101 1255 3196 1310 καὶ
3227 1256 3605 1328 ἀρχαγγέλους
3624 1297 3636 1320 ,

2055 1345 2220 1410 ἄλλας
2246 1363 2304 1400 τε
2337 1347 2518 1411 πάσας
2545 1346 2653 1400 τῶν
2683 1347 2996 1416 ἀσωμάτων
3023 1346 3247 1399 οὑσιῶφ
3285 1348 3428 1416 μετά
3465 1346 3522 1400 δὲ
3554 1345 3641 1418 τὴν

2055 1437 2262 1492 τούτων
2294 1437 2662 1508 δημιουργίαν
2700 1438 2848 1490 ποιεῖ
2895 1438 2992 1491 καὶ
3039 1436 3132 1490 τὸν
3175 1435 3471 1508 ἄνθρωπον
3496 1476 3512 1500 ,
3556 1436 3642 1489 καί⁵

2056 1532 2276 1588 ἅπαντα
2309 1530 2463 1584 τόνδε
2497 1528 2588 1584 τὸν
2620 1529 2826 1600 κόσμον
2845 1569 2860 1596 ,
2907 1529 3004 1582 καὶ
3045 1529 3256 1600 μυρίων
3285 1529 3457 1583 αὐτὸν
3485 1528 3641 1599 ἐμπί-

2055 1623 2166 1696 πλη
2179 1641 2262 1679 σιν
2292 1622 2538 1693 ἀγαθῶν,
2571 1620 2733 1676 τοῦτο
2764 1622 2928 1676 αὐτὸν
2953 1623 3245 1692 ἀποφήνας
3275 1624 3371 1676 ἐπὶ
3399 1621 3499 1692 τῆς
3528 1621 3640 1690 γῆς,

2055 1715 2194 1786 ὅπερ
2223 1715 2373 1769 ἐστὶν
2395 1713 2560 1778 αὐτὸς
2590 1714 2650 1769 ἐν
2668 1716 2782 1778 τοῖς
2803 1713 3076 1786 οὐρανοῖς.
3102 1698 3307 1768 Τοῦτον
3329 1713 3390 1768 ἐν
3414 1713 3640 1789 τοσαύτῃ

2055 1811 2192 1880 τιμῇ
2220 1808 2598 1877 καταστήσας,
2624 1807 2880 1879 καθάπερ
2903 1807 3153 1879 βασίλεια
3177 1807 3412 1878 βασιλεῖ.
3445 1809 3506 1862 τὸ
3525 1807 3642 1862 κάλ-

2059 1904 2245 1956 λιστον
2280 1901 2433 1972 αὐτῷ
2459 1901 2624 1973 μέρος
2641 1900 2750 1954 τῶν
2779 1901 3042 1969 ἐπιγείων
3069 1900 3310 1967 ἀπέταξε
3337 1899 3434 1964 τὸν
3465 1899 3638 1970 παράο

2053 1994 2234 2048 δεισον
2257 2008 2273 2023 ⁶
2305 1991 2565 2062 καὶπρὸς
2592 1989 2805 2055 τούτοις
2832 1990 3156 2061 βουλόμενος
3181 1991 3332 2061 αὐτῷ
3365 1993 3536 2057 δεῖξαι
3559 1992 3640 2044 καλ⁵

2054 2085 2280 2140 ἄλλοθεν
2309 2085 2432 2138 ὅσον
2470 2082 2539 2137 τὰ
2571 2082 2708 2136 ἀλλα
2759 2082 3109 2154 ὑπερϐέϐηκε
3158 2082 3309 2148 ζῶα,
3357 2084 3484 2152 ἀγει
3520 2083 3640 2153 πρὸς

2061 2173 2226 2232 αὐτὸν
2258 2177 2507 2244 ἅπαντα,
2539 2177 2634 2230 καὶ
2671 2175 2915 2247 ὀνόματα
2941 2175 3211 2231 ἐπιθεῖναι
3243 2177 3460 2230 κελεύει
3491 2179 3638 2232 πᾶσιν

2057 2269 2222 2323 αὐτόν
2247 2285 2261 2299 ·
2298 2268 2395 2322 καὶ
2432 2267 2521 2322 διὰ
2545 2267 2751 2322 τούτων
2772 2268 2989 2333 διδάξας
3015 2268 3180 2323 αὐτὸν
3205 2269 3288 2324 ὅτι
3317 2269 3536 2324 πάντων
3559 2269 3640 2320 αὺ-

2055 2361 2146 2426 τός
2176 2363 2291 2414 ἐστι
2319 2359 2676 2430 τιμιώτερος,
2697 2359 2820 2412 τότε
2842 2358 2908 2430 δὴ
2949 2358 3125 2425 κτίζει
3156 2361 3250 2414 καὶ
3268 2359 3374 2432 τὴν
3397 2363 3634 2430 γυναῖκα,

2057 2461 2150 2515 καὶ
2185 2458 2362 2529 τούτῳ
2394 2457 2560 2512 πάλιν
2609 2456 2775 2509 αὑτὸν
2806 2456 2945 2527 τιμᾷ
2985 2457 3082 2510 καὶ
3111 2456 3350 2527 φανερὸν
3400 2456 3540 2508 ποιεῖ
3564 2453 3633 2506 ὅτι

2063 2549 2130 2604 δι’
2152 2543 2314 2602 αὑτὸν
2339 2549 2582 2618 γέγονεν.
2614 2547 2690 2602 Ού
2716 2546 2930 2609 τούτοις
2958 2546 3016 2600 δὲ
3061 2547 3222 2618 μόνον
3253 2548 3422 2602 αὐτὸν
3450 2547 3634 2602 άπεσέ·

2061 2656 2278 2710 μνυνεν,
2298 2639 2436 2693 ἀλλά
2467 2639 2560 2692 καὶ
2576 2638 2734 2705 λόγον
2759 2638 2906 2711 μόνῳ
2937 2639 3043 2692 τῶν
3067 2639 3328 2695 ἁπάντων
3345 2639 3635 2712 ἐχαρίσατο,

2059 2734 2154 2784 καὶ
2202 2730 2422 2800 ὁμιλίας
2474 2730 2575 2802 τῆς
2625 2729 2794 2784 αὑτοῦ
2839 2731 3075 2786 δέδωκεν
3122 2732 3446 2788 ἀπολαύειν.
3503 2733 3554 2786 ’0
3587 2730 3634 2784 δὲ

2061 2823 2384 2895 πιστότερον
2412 2821 2509 2876 τοῦ
2533 2822 2710 2876 ταῦτα
2730 2823 3121 2896 δωρησαμένου
3152 2825 3244 2880 τὸν
3269 2826 3470 2898 ἐχθρὸν
3496 2825 3636 2896 θέμε-

2060 2933 2172 2981 νος,
2234 2915 2332 2970 καὶ
2381 2919 2483 2986 τῆς
2536 2916 2762 2988 ἐντολῆς
2815 2917 2913 2972 τοῦ
2964 2920 3290 2990 ποιήσαντος
3349 2920 3632 2991 ἀλογήσας,

2063 3010 2404 3081 προετίμησε
2425 3009 2526 3080 τὴν
2551 3010 2771 3081 ἀπάτην
2795 3009 2889 3064 τοῦ
2909 3011 3188 3073 παντελῶς
3209 3011 3374 3066 αὐτὸν
3397 3010 3632 3082 ἐκτρίψαι

374 3094 478 3159 sui,
517 3093 689 3164 pluris
717 3092 847 3148 fecit
877 3093 1255 3164 deceptionem
1288 3093 1430 3163 ejus,
1459 3094 1550 3164 qui
1585 3109 1708 3150 eum
1734 3094 1955 3151 omnino

2067 3101 2499 3168 σπουδάσαντος,
2525 3103 2618 3154 καὶ
2642 3102 2860 3156 πάντων
2886 3102 3098 3174 ἀθρόως
3115 3104 3223 3157 τῶν
3246 3103 3470 3172 ἀγαθῶν
3494 3102 3634 3156 ἐκϐα-

372 3186 584 3244 studuit
613 3191 920 3251 conterere,
943 3194 998 3240 et
1026 3186 1282 3242 omnibus
1303 3185 1462 3242 bonis
1491 3186 1649 3241 simul
1673 3197 1953 3254 evertere;

377 3293 498 3333 cum
538 3278 628 3332 ille
675 3293 776 3333 nec
813 3293 1031 3348 magno,
1066 3293 1164 3332 nec
1198 3293 1368 3348 parvo
1395 3295 1518 3334 eum
1559 3279 1833 3336 aii'ecisset
1863 3281 1958 3337 be-

377 3370 594 3436 neiicio,
625 3373 719 3424 sed
745 3368 909 3424 verbo
936 3369 1052 3425 solo
1086 3385 1208 3424 cum
1241 3384 1306 3425 eo
1335 3371 1556 3441 egisset.
1591 3372 1801 3429 Eutnne
1829 3390 1962 3444 ergo

375 3463 521 3520 Deus
571 3462 808 3520 delevit?
861 3461 939 3518 Ex
999 3465 1209 3518 ratione
1251 3465 1397 3520 enim
1433 3465 1656 3534 iustitiae
1707 3466 1810 3522 hoc
1841 3473 1961 3522 erat

359 3562 827 3611 consentaneum.
887 3553 994 3608 Ille.
1037 3569 1168 3608 vero
1219 3569 1323 3609 non
1363 3555 1542 3612 minus
1590 3570 1754 3626 quam
1812 3539 1963 3626 prius

353 3645 746 3716 ,perseveravit
777 3643 826 3700 ei
859 3643 1208 3711 benefacere,
1241 3646 1540 3702 ostendens
1571 3647 1716 3716 quod
1747 3648 1960 3702 etiamsi

352 3737 571 3792 .miilies
597 3736 1030 3805 peceaverimus,
1059 3751 1166 3790 non
1193 3739 1407 3792 desistit
1443 3747 1620 3792 tamen
1652 3739 1767 3808 ipse
1803 3740 1962 3794 nobis

373 3842 673 3897 procurrere
718 3843 840 3897 quae
881 3828 1158 3897 pertinent
1201 3829 1267 3884 ad
1297 3829 1552 3883 salutem.
1600 3829 1963 3888 Numerianus

376 3932 557 3976 autent
587 3920 704 3974 lucc
733 3919 983 3984 audiens,
1019 3935 1206 3974 eorum
1249 3935 1380 3975 vero
1410 3921 1824 3992 intelligentiam
1859 3924 1963 3978 mi-

377 4013 526 4069 nime
577 4012 763 4065 valens
817 4012 1078 4080 consequi
1131 4011 1441 4081 (quomodo
1479 4015 1621 4068 enim
1673 4014 1726 4069 id
1779 4024 1962 4084 pesset

376 4103 582 4168 anima,
606 4117 727 4172 qua:
753 4101 962 4157 divinas
989 4117 1093 4157 non
1124 4104 1365 4171 gustavit
1394 4105 1618 4174 gratias,
1650 4115 1706 4161 et
1739 4121 1807 4161 ne
1833 4123 1963 4178 par-

376 4208 499 4248 vam
531 4193 750 4262 quidem
795 4193 1027 4248 habebat
1076 4195 1434 4263 sapientiam,
1468 4209 1697 4264 eratque
1741 4200 1963 4256 omnino

375 4287 543 4340 stulta
585 4293 640 4340 et
685 4283 1333 4353 inerudita?)se1amen
1364 4300 1492 4342 esse
1521 4287 1656 4342 adeo
1689 4303 1958 4359 crassum,

375 4387 431 4432 et
479 4377 630 4432 nullo
668 4391 834 4432 sensu
875 4376 1162 4445 praeditum
1196 4378 1528 4434 erubescens
1554 4383 1849 4436 ostendere
1893 4383 1961 4440 iis

2066 3193 2202 3260 λεῖν,
2227 3194 2382 3248 οὐδὲν
2413 3193 2534 3248 οὗτε
2568 3196 2712 3265 μέγα
2735 3195 2862 3250 οὔτε
2895 3197 3089 3268 μικρὸν
3123 3196 3449 3267 εὐεργεσίας
3471 3197 3634 3250 ἕνεκεν

2068 3285 2487 3357 ἐπιδειξαμένου
2520 3288 2656 3358 πρὸς
2680 3288 2846 3342 αὐτὸν
2878 3288 3109 3352 ἐκείνου,
3139 3288 3278 3342 ἀλλά
3312 3291 3465 3360 ῥῆμα
3489 3301 3634 3359 προσ-

2063 3377 2386 3444 ενέγκαντος
2429 3377 2590 3448 μόνον
2638 3378 2811 3450 αύτῷ.
2845 3375 2976 3449 'Ap’
3000 3375 3094 3432 οὖν
3120 3378 3406 3450 ἐξήλειψεν
3437 3378 3583 3433 αὑτὸν
3609 3377 3632 3428 ὁ

2065 3467 2238 3534 Θεός;
2298 3468 2470 3522 Τοῦτο
2509 3470 2606 3538 μὲν
2641 3471 2750 3542 γάρ
2775 3471 2916 3524 κατὰ
2957 3472 3049 3524 τὸν
3094 3471 3189 3525 τοῦ
3232 3471 3445 3526 δικαίου
3495 3472 3631 3540 λόγον

2074 3560 2368 3614 ἀκόλουθον
2387 3557 2474 3633 ἦν.
2510 3564 2576 3615 Ὃ
2603 3563 2659 3616 δὲ
2681 3564 2779 3634 οὐχ
2806 3559 2970 3636 ἧττον
2995 3565 3159 3618 αὑτὸν
3192 3565 3227 3637 ἢ
3271 3568 3533 3639 πρότερον
3558 3565 3634 3618 εὑ-

2067 3654 2310 3726 εργετῶν
2347 3655 2637 3724 διετέλεσε,
2667 3657 2881 3722 δεικνὺς
2922 3659 3004 3712 ὅτι
3036 3658 3136 3712 κᾶν
3174 3661 3438 3730 μυριάκις
3477 3656 3631 3728 ἀμάρ-

2073 3761 2280 3814 τωμεν,
2309 3747 2376 3800 τά
2405 3747 2544 3816 πρὸς
2579 3750 2858 3821 σωτηρίαν
2885 3751 3020 3820 ἡμῖν
3042 3752 3207 3815 αὐτὸς
3229 3752 3530 3823 οἰκονομεῖν
3549 3749 3631 3802 οὐκ

2071 3835 2390 3905 ἀφίσταται.
2423 3838 2794 3908 Νουμεριανὸς
2811 3839 3014 3905 τοίνυν,
3033 3839 3207 3894 ταῦτα
3235 3840 3470 3906 ἀκούων,
3487 3838 3568 3892 τὸν
3585 3835 3630 3889 δέ

2063 3927 2270 3993 τούτοις
2311 3929 2632 4000 ἐγκείμενον
2675 3932 2800 3985 νοῦν
2828 3932 3164 4002 συμϐαλλεῖν
3193 3932 3294 3986 οὐκ
3340 3934 3476 4003 ἔχων
3500 3929 3629 4000 (πῶς

2063 4020 2172 4090 γὰρ
2210 4018 2359 4092 ψυχὴ
2392 4020 2552 4075 θείων
2590 4022 2856 4091 ἄγευστος
2895 4024 3158 4095 χαρίτων,
3191 4025 3283 4079 καὶ
3321 4026 3456 4096 μηδὲ
3496 4025 3627 4091 ὀλίγα

2066 4112 2335 4177 συνέσεως
2405 4114 2784 4185 μετασχοῦσα,
2850 4117 2944 4170 καὶ
2995 4117 3132 4182 ὅλως
3194 4119 3514 4181 ἀπαίδευτος
3550 4115 3628 4168 καὶ

2068 4205 2316 4276 μωράς)
2365 4205 2394 4260 ὃ
2446 4207 2567 4277 μὲν,
2609 4209 2787 4278 παχὺς
2833 4211 2977 4262 οὕτω
3022 4213 3117 4263 καὶ
3167 4211 3488 4282 ἀναίσθητος
3535 4211 3628 4270 τοῖς

2065 4298 2394 4370 περιεστῶσι
2426 4298 2596 4366 δόξαι,
2619 4301 2686 4354 δι’
2706 4301 2966 4374 αἰσχύνης
2990 4302 3150 4373 ἔχων,
3185 4305 3278 4357 ἐπὶ
3314 4301 3626 4375 προσωπεῖον

2067 4388 2322 4458 γνώσεως
2376 4395 2748 4462 καταφεύγει,
2793 4395 2890 4446 καὶ
2938 4394 3118 4459 καλῶς
3151 4395 3298 4466 ἔχειν
3335 4392 3453 4449 εἷπε
3482 4391 3626 4446 ταῦτα

374 4471 468 4540 qui
508 4470 1028 4536 circumsistebant,
1061 4471 1235 4525 induit
1264 4484 1552 4540 personam
1591 4475 1917 4546 cognitionis
1940 4517 1955 4542 ,

2068 4483 2204 4552 πρὸς
2248 4484 2341 4536 τὸν
2373 4484 2623 4539 Βαϐύλαν
2647 4525 2664 4552 ,
2703 4489 2799 4542 καὶ
2845 4488 2943 4540 σὺν
2986 4488 3207 4560 ἀκριϐεῖ
3235 4490 3346 4542 τῶν
3380 4489 3538 4544 όντων
3571 4486 3624 4555 τῇ

373 4574 429 4620 et
459 4562 673 4636 Babyize
708 4563 870 4628 dixit,
899 4577 1011 4618 rem
1042 4565 1179 4616 bene
1207 4577 1266 4617 se
1299 4561 1519 4632 habere,
1557 4574 1610 4621 et
1638 4581 1761 4622 cum
1794 4583 1960 4624 aecu-

375 4665 492 4710 tata
527 4670 712 4710 eorum
736 4668 857 4723 quae
887 4663 1015 4708 sunt
1046 4652 1538 4720 comprehensione
1567 4670 1691 4711 eum
1727 4673 1959 4729 respon-

375 4748 543 4801 disse.
587 4745 790 4800 Deinde
835 4755 973 4800 eum"
994 4759 1210 4814 quoque
1242 4760 1433 4801 rursus
1474 4747 1774 4820 interrogat
1827 4753 1957 4821 quid

2065 4575 2368 4647 καταλήψει
2400 4577 2561 4630 αὑτὸν
2589 4580 3011 4651 ἀποκρίνασθαι.
3041 4581 3235 4636 Ἔνθεν
3262 4600 3345 4637 τοι
3377 4583 3465 4636 καὶ
3489 4577 3624 4634 πάλιν

2063 4666 2231 4720 αὐτοῦ
2280 4669 2638 4724 πυνθάνεταιο
2691 4672 2756 4725 Τί
2785 4673 2931 4726 ἐστιν
2971 4673 3293 4746 ἀνθρωπος;
3335 4677 3400 4727 ‘0
3423 4673 3498 4726 δέ’
3523 4671 3623 4723 Τῶν

2059 4759 2348 4832 ἐπικήρων
2381 4761 2660 4828 ἁπάντων,
2691 4762 2885 4836 ὥσπερ
2912 4764 3146 4837 ἔφημεν,
3180 4766 3335 4830 ζώων
3362 4767 3423 4820 τὸ
3451 4760 3620 4835 τιμιώ-

372 4841 446 4892 sit
468 4836 649 4892 homo.
703 4837 798 4892 Ille
831 4847 1035 4904 autem,
1059 4835 1338 4905 Omnium,
1366 4841 1560 4908 inquit,
1593 4842 1646 4897 in
1673 4859 1794 4913 qua:
1819 4847 1955 4905 cadit

2072 4870 2253 4925 τερον,
2286 4856 2531 4928 ἥμερον,
2563 4835 2902 4924 κοινωνικὸν,
2940 4835 3286 4932 φιλάλληλον,
3320 4861 3370 4914 εί
3395 4859 3485 4913 καὶ
3513 4858 3622 4910 ἐαυ-

373 4927 652 4994 interitus,
691 4928 837 4983 sicut
875 4928 1136 4993 diximus,
1180 4931 1538 4986 animantium
1569 4940 1960 5003 prestantissi-

2068 4946 2194 5009 τοὺς
2225 4947 2407 5018 θηρῶν
2437 4947 2758 5019 ὡπλίσαμεν
2789 4949 3149 5023 ἀγριώτερον.

364 5037 544 5102 mum,
578 5033 947 5090 mansuetum,
975 5034 1162 5080 natum
1199 5025 1267 5082 ad
1295 5028 1612 5086 societatem
1636 5040 1694 5088 et
1759 5040 2220 5110 communionem,
2286 5044 2430 5116 quod
2473 5053 2660 5100 mutuo
2701 5059 2888 5102 amore
2930 5054 3143 5102 tenetur
3213 5047 3442 5106 alterum
3507 5045 3617 5102 aite-

371 5118 524 5183 rius;
572 5119 787 5174 etiamsi
825 5118 964 5174 alter
1005 5121 1057 5175 in
1091 5122 1322 5178 alterum
1357 5123 1626 5183 beliemus
1672 5130 1956 5200 quibusvis
1994 5137 2182 5194 bestiis
2214 5140 2521 5195 immanius.

441 5207 508 5265 γ.
541 5206 905 5265 Numerianus
938 5225 1065 5266 vero
1095 5227 1192 5282 pro
1233 5215 1498 5273 miraculo
1523 5217 1729 5276 ducens
1772 5236 1947 5294 expe-

371 5301 539 5356 ditam
584 5301 822 5369 linguam
856 5301 1090 5374 Babyiae,
1119 5313 1174 5359 et
1202 5305 1365 5360 simul
1413 5311 1583 5366 crassi
1631 5313 1953 5386 hebetisque

370 5394 572 5466 ingenii
614 5393 802 5450 volens
863 5398 1037 5452 labem
1078 5400 1424 5472 abstergere,
1464 5409 1627 5475 quod,
1681 5417 1740 5465 ut
1768 5424 1954 5467 contra

370 5502 493 5541 eum
521 5486 749 5553 diceret,
793 5489 930 5544 nihil
974 5501 1159 5561 posset
1198 5492 1414 5560 aiierre,
1457 5511 1558 5567 per
1585 5513 1713 5554 suos
1750 5500 1956 5570 juravit

372 5580 501 5635 deos
530 5580 828 5650 sapientem
859 5597 982 5640 esse
1018 5583 1305 5656 Babyloni,
1339 5597 1394 5644 et
1439 5606 1546 5647 non
1595 5608 1717 5650 esse
1755 5594 1948 5651 falsam

368 5685 493 5744 qua:
516 5671 583 5728 de
614 5687 680 5728 eo
711 5672 1090 5753 celebrabatur
1119 5675 1346 5747 famam,
1397 5681 1445 5738 si
1476 5683 1812 5744 solummodo
1845 5689 1948 5744 diis

2132 5229 2208 5284 E'.
2235 5230 2609 5303 Νουμεριανὺς
2637 5233 2752 5299 οὖν,
2779 5233 2855 5298 ὡς
2882 5235 3114 5304 ἑτοίμως
3139 5232 3254 5307 εἶχε
3283 5237 3380 5309 τῆς
3405 5233 3613 5306 γλώττης

2063 5322 2092 5375 ὁ
2121 5321 2434 5394 θαυμαστὸς
2467 5324 2717 5390 Βαϐύλας
2756 5328 2813 5380 ἐν
2841 5325 3082 5397 θαύματι
3115 5327 3340 5398 θέμενος
3363 5370 3376 5391 ,
3411 5328 3496 5380 καὶ
3517 5324 3611 5392 ἅμα

2063 5415 2164 5485 τῆς
2200 5415 2406 5479 οἰκείας
2455 5418 2766 5490 παχύτητος
2818 5419 3228 5474 ἀπολούσασθαι
3278 5423 3377 5490 τὴν
3423 5416 3608 5481 ἀδοξίαν

2065 5501 2299 5569 ἐθέλων,
2335 5504 2416 5558 ὅτι
2454 5506 2590 5578 μηδὲ
2622 5509 2702 5572 είς
2731 5509 3044 5580 ἀντιλογίαν
3077 5510 3226 5581 αύτῷ
3263 5513 3456 5583 χωρεῖν
3483 5502 3606 5577 εἶχεν

2059 5595 2186 5658 τοὺς
2225 5595 2388 5661 ἰδίους
2411 5595 2597 5669 ῶμνυε
2645 5599 2823 5668 θεοὺς,
2865 5603 2961 5656 καὶ
2992 5604 3154 5673 σοφὸν
3191 5599 3333 5658 εἶναι
3363 5599 3605 5660 Βαϐύλσν,

2056 5689 2152 5741 καὶ
2175 5688 2272 5760 τὴν
2296 5694 2423 5763 περ)⁸
2452 5691 2620 5748 αὐτοῦ
2648 5695 2841 5768 φήμην
2867 5695 3020 5750 οὐδὲν
3047 5692 3449 5768 διαψεύδεσθαι,
3471 5689 3603 5764 μόνον

441 5855 522 5915 ιι)
551 5857 708 5911 Addit
736 5857 1022 5930 Hervetus,
1075 5879 1096 5916 ι
1134 5865 1528 5938 archangelos;
1571 5888 1591 5922 ι
1627 5873 1768 5941 quod
1797 5872 1949 5930 deest
1989 5874 2044 5929 in
2074 5871 2266 5929 Gnaeo
2298 5890 2398 5930 ms.
