3828 6470
284 414 393 482 9ῖ3

1579 426 1753 487 νιτΑ
1788 428 1847 490 S.
1889 429 2215 494 BABYLIE.

3436 448 3543 514 974

282 530 334 584 εί
375 529 468 583 καὶ
513 528 653 594 Θεοῖς
697 527 913 596 θύσειε,
969 531 1064 587 καὶ
1112 533 1180 588 τά
1239 531 1463 588 ἐκείνων
1497 533 1772 607 αἰδεσθείη
1806 553 1855 591 τε

1967 542 2380 610 sacriﬁcaverit,
2412 558 2613 616 eosque
2641 546 2910 606 reveritus
2937 549 3120 619 fuerit,
3160 538 3215 611 ct
3257 558 3309 613 in
3337 560 3542 620 honore

285 619 382 675 καὶ
416 620 722 693 τιμήσειεν.
775 618 888 675 Ἑνὶ
925 621 1034 693 γὰρ
1063 621 1270 677 τούτων
1302 624 1461 695 μόνον
1491 627 1738 698 ὑστερεῖν
1764 627 1864 683 αὐ-

281 713 379 767 τὸν
410 713 619 783 ἔλεγεν,
670 714 863 788 ὅτιπερ
910 715 1057 769 οὕτω
1102 717 1267 788 σοφδς
1309 717 1406 786 ὢν,
1454 719 1523 774 τὰ
1569 721 1680 775 τῶν
1725 719 1865 776 θεῶν

284 805 506 875 ἀτιμοῖ,
533 805 627 860 καὶ
660 805 906 874 γλῶτταν
929 805 1140 872 ὁπλίζει
1171 807 1292 862 κατ’
1325 809 1507 863 αὐτῶν
1538 810 1861 867 ἀκόλαστον.

283 894 613 966 Συμϐλέψας
658 894 751 950 οὖν
788 896 937 967 αὐτῷ
967 896 1149 966 πάλιν,
1180 899 1374 967 Θῦσον,
1419 900 1625 971 ἔλεγεν,
1660 896 1705 956 ὦ
1736 920 1865 975 πρε·

289 987 461 1042 σϐὗτα
487 987 785 1057 σοφώτατε,
809 988 904 1043 καὶ
924 989 1124 1044 αὐτίκα
1137 992 1342 1064 πατρὸς
1364 981 1487 1062 ἐμοὶ
1504 993 1679 1062 τάξιν,
1712 993 1865 1049 ἴστω·

287 1098 374 1137 σιν
413 1082 465 1136 οί
508 1081 620 1136 θεοὶ
650 1082 882 1150 πάντες,
915 1083 1195 1158 ἀπολήψῃ,
1244 1086 1339 1139 καὶ
1380 1080 1457 1141 ὧν
1501 1088 1612 1157 ἐγὼ
1646 1087 1864 1143 πάντων

285 1174 460 1244 ἄρχω,
515 1174 705 1246 κύριος
738 1173 856 1248 ἔσῃ.
900 1176 1010 1231 Καὶ
1046 1176 1380 1249 δυσχεράνας
1431 1181 1460 1234 6
1491 1179 1739 1247 Βαϐύλας
1769 1183 1864 1237 καὶ

284 1265 475 1329 δεινῶς
500 1266 740 1335 ἐνεγκὼν
763 1268 845 1322 ὄτι
872 1270 966 1322 καὶ
996 1269 1159 1324 πάλιν
1187 1272 1350 1326 αὑτὸν
1381 1271 1532 1328 Θύειν
1558 1274 1861 1346 ἠνάγκαζε,

244 1344 249 1347 ’
283 1357 378 1410 καὶ
406 1357 541 1421 ὅλως
565 1358 727 1412 αὑτὸν
758 1359 899 1414 ἑλεῖν
925 1360 1021 1414 καὶ
1051 1363 1302 1435 χρήμασι
1334 1365 1518 1419 πεῖσαι
1558 1344 1652 1420 καὶ
1675 1368 1864 1438 τιμαῖς

284 1450 611 1521 προσεδόκα,
631 1450 762 1515 N11,
786 1453 972 1524 φησιν,
998 1453 1134 1508 ἀλλὰ
1157 1454 1217 1509 τὸ
1241 1455 1539 1526 κεφάλαιον
1563 1455 1862 1528 ξημιὼσεις

281 1542 391 1596 τῶν
413 1542 633 1612 ἀγαθῶν
650 1543 749 1615 τὴν
769 1542 1072 1611 εὐσέϐειαν,
1090 1539 1151 1600 οὗ
1178 1549 1347 1619 χωρὶς
1371 1549 1528 1603 πενία
1549 1565 1642 1619 μοι
1662 1548 1859 1617 ταῦτα,

282 1633 378 1687 καὶ
415 1632 572 1706 ὕϐρις
605 1636 827 1707 ἐσχάτη,
861 1635 958 1693 καὶ
985 1636 1166 1692 αὐτῶν
1209 1632 1284 1694 ὧν
1312 1638 1421 1709 ἔχω
1454 1638 1550 1694 νῦν
1582 1639 1857 1713 στέρησις.

1969 632 2240 722 habuerit.
2273 633 2387 691 Hoc
2415 637 2559 692 enim
2588 638 2763 695 solum
2814 639 3024 699 dicebat
3070 645 3119 702 ei
3151 646 3360 718 deesse,
3396 654 3542 724 quod

1966 739 2088 781 cum
2109 716 2266 782 esset
2293 728 2430 783 adeo
2477 732 2716 800 sapiens,
2749 733 2880 792 deos
2921 736 3163 795 habere?
3185 716 3539 816 contemptui,

1966 815 2095 870 etin
2121 829 2217 872 eos
2242 815 2479 888 linguam
2505 830 2741 875 armaret
2768 821 3238 895 intemperantem.
3268 815 3411 885 Eum
3433 831 3539 887 ita-

1965 922 2072 979 que
2100 922 2290 965 rursus
2321 909 2575 968 intuens:
2609 910 2892 981 Sacrillca,
2922 917 3157 989 dicebat,
3186 935 3220 974 o
3246 937 3413 979 senex
3451 940 3541 981 sa-

1966 995 2319 1066 pientissime,
2354 1006 2406 1054 et
2448 1000 2655 1069 statim,
2685 1000 2820 1058 deos
2845 1018 3035 1062 omnes
3065 1017 3252 1075 testor,
3276 1011 3384 1066 eris
3404 1012 3538 1069 mihi

1967 1086 2088 1146 loco
2114 1092 2305 1161 patris,
2341 1102 2397 1147 et
2428 1092 2538 1149 eris
2582 1093 2832 1152 dominus
2878 1098 3117 1154 omnium
3154 1116 3275 1171 quae
3310 1113 3437 1158 sunt
3478 1102 3536 1159 in

1966 1196 2086 1236 meo
2116 1181 2364 1252 imperio.
2411 1180 2579 1261 Egre
2628 1195 2809 1241 autem
2863 1187 3042 1246 ferens
3084 1190 3345 1264 Babylas,
3394 1196 3538 1265 quod

1962 1287 2085 1328 eum
2138 1288 2329 1330 rursus
2376 1285 2597 1346 cogeret
2638 1278 2972 1346 sacriﬁcare,
3023 1289 3076 1337 et
3101 1293 3445 1353 exspectaret
3477 1301 3538 1343 se

1964 1376 2089 1418 eum
2119 1364 2343 1422 omnino
2374 1367 2822 1440 possevincere,
2853 1377 2909 1425 et
2936 1370 2986 1426 ei
3029 1374 3273 1441 pecuniis
3305 1388 3535 1445 persua-

1963 1455 2092 1512 dere
2135 1472 2294 1526 posse
2340 1467 2398 1514 et
2449 1459 2783 1527 honoribus,
2836 1462 3048 1519 scilicet
3096 1463 3149 1518 id
3202 1464 3537 1532 iaciendum,

1964 1546 2159 1618 inquit,
2198 1546 2302 1602 Sed
2335 1547 2474 1618 ejus,
2529 1551 2672 1620 quod
2721 1561 2805 1607 est
2847 1552 3115 1609 bonorum
3163 1556 3535 1629 praecipuum,

1963 1652 2159 1709 nempe
2186 1639 2426 1710 pietatis,
2457 1641 2589 1697 mibi
2616 1642 2870 1698 damnum
2898 1642 3115 1710 atleres,
3147 1644 3266 1702 sine
3288 1662 3396 1717 qua
3422 1649 3540 1705 hac
3648 1706 3657 1713 _

1964 1729 2095 1785 mihi
2123 1741 2250 1787 sunt
2284 1741 2593 1805 paupertas,
2629 1741 2683 1787 et
2711 1742 2956 1791 extrema
3002 1736 3320 1807 ignominia,
3352 1748 3406 1794 et
3428 1754 3537 1797 eo.

1963 1836 2083 1876 rum
2114 1821 2235 1891 quae
2258 1838 2402 1878 nunc
2433 1823 2605 1879 habeo
2640 1825 2899 1894 privatio.

354 1915 447 1980 εἶ’.
475 1908 609 1966 Εἶτα
638 1911 811 1983 θυμός
833 1929 894 1967 τε
925 1913 1098 1977 πολὺς
1125 1912 1217 1967 ἐπὶ
1243 1912 1456 1975 τούτοις
1479 1911 1855 1983 Νουμεριανοῦ

2036 1913 2127 1971 Vl.
2164 1912 2368 1970 Deinde
2396 1927 2618 1988 propter
2649 1919 2762 1975 base
2787 1919 3090 1976 vehementi
3119 1920 3198 1976 ira
3224 1929 3403 1978 motus
3428 1920 3537 1979 fuit

281 2006 380 2062 ml.
402 2005 540 2077 ὀργὴ
574 2005 824 2086 διαρκὴς·
857 2007 953 2060 καὶ
982 2005 1311 2077 προστάττει
1345 2004 1423 2076 τῷ
1449 2005 1602 2060 δουκι
1634 2004 1864 2058 Οὺῖκτε·

282 2098 418 2170 ρίνῳ
441 2100 459 2170 (
483 2098 579 2170 τὴν
603 2098 1001 2170 ὠμότηταγὰρ
1023 2100 1116 2152 καὶ
1135 2098 1235 2170 τὴν
1263 2096 1518 2152 ἀσέϐειαν
1538 2088 1693 2160 οὗτος
1715 2093 1863 2165 αὐτῷ

279 2185 348 2260 ἦν
369 2189 397 2242 6
427 2187 875 2261 διαφορώτατος),
899 2188 1076 2243 κλοιόν
1097 2204 1158 2242 τε
1179 2187 1468 2259 περιθέντα
1496 2185 1576 2257 τῷ
1608 2186 1863 2259 τραχήλῳ

281 2282 379 2334 καὶ
411 2274 628 2352 σίδηρον
653 2283 765 2344 τοῖς
796 2282 923 2335 ποσὶ
955 2279 1343 2352 περιϐαλόντα,
1367 2278 1598 2350 θέατρον
1629 2280 1695 2348 τῇ
1723 2278 1862 2330 πάν-

280 2389 393 2427 των
435 2370 556 2442 ὄψει
603 2373 691 2427 διά
738 2373 904 2443 μέσου
940 2374 1039 2445 τῆς
1074 2373 1282 2437 πόλεως
1331 2372 1425 2426 ἐπὶ
1462 2371 1562 2443 τὴν
1610 2370 1861 2442 φυλακὴν

281 2464 448 2519 αὐτὸν
482 2464 659 2534 ἄγειν*
691 2466 866 2535 Εἴπερ
890 2466 994 2520 κᾶν
1029 2466 1064 2537 ἡ
1093 2465 1229 2536 πρὸς
1259 2464 1352 2518 τὸν
1380 2463 1556 2535 δῆμον
1589 2462 1858 2534 αἰσχύνη,

279 2558 436 2629 φησὶ,
464 2559 565 2629 τῆς
591 2559 831 2631 σκληρᾶς
855 2557 1034 2631 ψυχῆς
1054 2559 1260 2629 ταύτης
1288 2557 1591 2623 καθίκοιτο,
1623 2557 1714 2610 καί
1737 2570 1861 2610 τινα

283 2650 590 2723 μεταϐολὴν
618 2652 931 2722 ὲμποιήσοι.
973 2653 1177 2721 Ἥγετο
1206 2650 1304 2720 μὲν
1333 2647 1425 2703 οὖν
1466 2649 1493 2702 6
1519 2644 1729 2720 μάρτυς
1754 2645 1860 2699 ὑπὸ

275 2744 519 2814 δεσμοῖς,
560 2744 768 2815 χρυσῆν
811 2761 934 2799 τινα
971 2743 1066 2798 καὶ
1101 2743 1362 2813 γλυκεῖαν
1396 2740 1730 2813 διατριϐὴν,
1759 2739 1859 2811 τὴν

278 2835 477 2905 ἄτιμον
541 2835 895 2908 περιαγωγὴν
952 2837 1156 2906 ταύτην
1207 2831 1574 2904 ποιούμενος,
1631 2833 1712 2886 ὅτι
1764 2828 1859 2884 καὶ

276 2926 495 2998 δεσμῶν
524 2926 612 2981 διὰ
631 2929 723 2982 τδιν
750 2928 928 2997 κοινὸν
954 2926 1326 2999 ἐλευθερωτὴν
1357 2924 1614 2979 ἁπάντων
1635 2922 1855 2992 ἠξίωτο.

277 3017 656 3090 Νουμεριανδς
695 3019 873 3073 τοίνυν
901 3017 1044 3072 οὕτω
1075 3035 1133 3073 τε
1179 3017 1344 3072 αύτδν
1383 3016 1576 3088 ἔχοντα
1615 3015 1708 3068 καὶ
1751 3013 1858 3068 ὑπὸ

277 3109 498 3181 δεσμοῖς
532 3111 785 3178 βαίνοντα
819 3111 1179 3182 (θεασάμενος,
1234 3109 1320 3182 Νὴ
1362 3109 1490 3170 τοὺς
1528 3106 1716 3172 θεοὺς,
1756 3105 1856 3160 άν-

278 3203 508 3274 ἐκραγε,
532 3201 772 3266 Βαϐύλα,
798 3202 1000 3274 πρέπει
1021 3218 1103 3256 σοι
1122 3201 1218 3256 καὶ
1237 3202 1265 3254 6
1286 3200 1463 3300 κλοιὸς
1479 3197 1573 3252 καὶ
1592 3196 1856 3300 τὰρδεσμέ
1884 3239 1928 3300 c

276 3295 377 3350 καὶ
418 3295 479 3347 τὸ
520 3294 759 3366 βάδισμα
779 3311 792 3325 ο
823 3296 1000 3348 οἰκεῖα
1043 3293 1158 3367 πὰρ
1187 3292 1360 3346 ταῦτα
1389 3290 1470 3361 τῷ
1504 3286 1858 3360 πρεσϐυτικῷ

278 3408 373 3445 σου
403 3388 576 3462 τούτῳ
606 3392 699 3444 καὶ
729 3391 869 3445 κατὰ
893 3390 1096 3460 κόσμον
1129 3390 1413 3460 κινήματι.
1453 3386 1511 3440 '0
1544 3384 1622 3451 δὲ,
1653 3385 1726 3436 Σὺ
1761 3382 1857 3455 μὲν

277 3484 374 3536 ἐπὶ
395 3483 692 3555 χλευασμῷ
712 3482 887 3536 ταῦτα
908 3482 1005 3536 καὶ
1033 3481 1372 3550 καταγέλωτι
1396 3477 1599 3541 λαλεῖς,
1625 3474 1856 3545 ἁπεκρί-

275 3592 428 3630 νατο·
447 3576 558 3644 ἐγὼ
572 3575 629 3628 δὲ
657 3573 907 3628 τοσοῦτον
928 3573 1109 3637 αὐτοῖς
1133 3570 1472 3643 σεμνύνομαι
1504 3567 1724 3639 μᾶλλον,
1747 3564 1857 3636 ὅσῳ

280 3669 419 3742 μηδὲ
441 3668 625 3735 αὐτὸς,
650 3660 695 3720 ὧ
719 3665 960 3737 βασιλεῦ,
984 3668 1050 3737 τῇ
1074 3661 1386 3734 έπανθούσῃ
1413 3677 1496 3714 σοι
1523 3657 1696 3729 ταύτῃ
1724 3673 1857 3729 πορ-

278 3758 462 3831 φυρίδι
491 3758 586 3811 καὶ
622 3757 701 3828 τῷ
738 3756 971 3828 λαμπρῷ
998 3756 1308 3828 διαδήματι.

349 3852 424 3904 Z'.
474 3851 583 3904 Καὶ
619 3851 647 3902 6
678 3848 1091 3920 Νουμεριανὸς,
1124 3847 1319 3913 Θῦσον,
1352 3847 1503 3904 ἄθλιε
1522 3890 1538 3918 ,
1569 3849 1662 3905 καὶ
1690 3849 1853 3905 πάλιν

276 3941 407 4014 ἔφη,
449 3942 545 3999 καὶ
576 3940 940 4013 ἅπαλλαγήσῃ
984 3941 1083 4011 μὲν
1112 3940 1273 4005 αὐτὸς
1314 3939 1599 4012 βασάνων,
1636 3941 1854 4014 φροντί-

275 4036 383 4090 δων
411 4035 468 4089 δὲ
510 4035 659 4106 ἡμᾶς
703 4033 1019 4099 ἀπολύσεις,
1072 4036 1122 4088 εί
1169 4035 1246 4108 μή
1281 4035 1433 4089 σετὰ
1463 4037 1651 4091 παιδία
1693 4037 1854 4092 ταυτὶ

277 4123 420 4195 πρὸς
463 4122 632 4192 τῦφον
664 4125 884 4193 ἐπαίρει
934 4124 1027 4176 καὶ
1073 4125 1398 4193 φαντασίαν,
1433 4123 1749 4180 διδάσκαλόν
1790 4143 1850 4180 σε

276 4214 574 4279 καλοῦντα,
621 4219 713 4269 καὶ
753 4215 853 4269 οὐκ
898 4215 964 4286 ἐᾷ
1001 4216 1219 4286 πρῶτον
1265 4215 1457 4268 ἑαυτὸν
1505 4215 1851 4286 μεταδιδάξαι

277 4312 425 4379 ειπερ
450 4308 647 4362 εἰδέναι
674 4306 870 4380 χρεών.
895 4308 1003 4360 Καὶ
1028 4308 1135 4378 γὰρ
1161 4308 1319 4377 έτυχε
1341 4308 1460 4361 τότε
1486 4311 1636 4378 τρεῖς
1657 4309 1851 4374 παῖδας

275 4400 428 4472 αὑτῷ
454 4402 847 4472 παραθέοντας,
875 4399 1136 4468 ἀδελφοὺς
1158 4400 1413 4469 τὸγένος,
1437 4401 1634 4473 κομιδῇ
1657 4401 1851 4466 παῖδας

275 4494 376 4564 τὴν
397 4494 637 4566 ἡλικίαν,
672 4494 887 4556 πολιοὺς
918 4492 979 4546 τὸ
1011 4492 1286 4564 φρόνημα,
1315 4491 1637 4560 φιλοπόνους
1662 4511 1719 4547 τε
1749 4493 1850 4566 τὴν

1965 2003 2346 2074 Numerianus,
2379 2019 2432 2062 et
2456 2007 2608 2077 jubet
2637 2008 2917 2067 Victorino
2941 2011 2962 2071 ί
2978 2015 3023 2068 is
3051 2024 3232 2069 autem
3262 2023 3382 2070 erat
3402 2030 3535 2070 cru-

1964 2097 2184 2154 delitate
2207 2108 2262 2154 et
2302 2099 2574 2170 impietate
2612 2103 2879 2177 eximius)
2911 2104 2989 2180 t5)
3036 2106 3224 2163 collari
3258 2107 3396 2164 collo
3418 2106 3537 2178 eius

1963 2186 2237 2259 imposito,
2265 2199 2321 2246 et
2353 2191 2579 2261 pedibus
2607 2194 2728 2263 ejus
2758 2194 3107 2254 circumdatis
3152 2197 3347 2256 ferreis
3380 2215 3534 2256 com-

1962 2279 2209 2350 pedibus,
2242 2297 2340 2352 per
2379 2284 2610 2339 mediam
2655 2285 2955 2354 civitatem,
2989 2296 3048 2343 ut
3091 2297 3237 2346 esset
3281 2289 3533 2348 omnibus

1905 2430 1908 2435 .
1961 2374 2307 2443 spectaculo,
2359 2377 2559 2434 ducere
2601 2393 2724 2435 eum
2773 2380 2827 2435 in
2862 2382 3213 2442 custodiam:
3271 2380 3330 2438 Si
3370 2380 3535 2452 forte,

1961 2463 2162 2532 aiebat,
2208 2467 2384 2538 pudor
2434 2470 2620 2541 populi
2666 2471 2864 2526 durum
2904 2473 3069 2543 hujus
3117 2482 3365 2545 penetret
3411 2475 3534 2530 ani-

1963 2570 2133 2623 mum,
2187 2565 2245 2614 et
2297 2558 2532 2631 aliquam
2583 2560 2772 2618 aﬂ‘erat
2839 2567 3215 2624 mutationem.
3245 2567 3421 2639 Atque
3453 2569 3534 2626 sic

1960 2647 2185 2718 quidem
2225 2660 2432 2724 martyr
2470 2652 2769 2710 ducebatur
2813 2656 2866 2712 in
2929 2658 3178 2727 vinculis,
3213 2673 3437 2718 auream
3477 2671 3535 2719 et

1960 2754 2177 2794 suavem
2210 2754 2240 2796 a
2268 2756 2328 2798 se
2357 2745 2477 2815 degi
2509 2746 2696 2813 vitam,
2729 2748 2855 2802 dum
2886 2759 2993 2805 tam
3026 2751 3390 2822 ignominiose
3417 2763 3531 2809 tra-

1959 2831 2270 2900 duceretur,
2322 2835 2621 2904 arbitrans,
2675 2838 2819 2908 quod
2869 2840 3099 2896 vinculis
3139 2842 3333 2913 dignus
3384 2849 3533 2901 esset

1960 2922 2179 2981 habitus
2220 2935 2439 2997 propter
2471 2943 2812 2987 communem
2854 2934 3094 2989 onmium
3135 2932 3529 2994 Liberatorem.

1958 3017 2132 3088 Atque
2162 3017 2526 3078 Numerianus
2556 3024 2772 3092 quidem
2816 3039 2938 3081 cum
2970 3041 3092 3085 eum
3119 3031 3423 3101 aspexisset
3450 3028 3534 3087 sic

1959 3109 2230 3178 alfectum,
2267 3121 2321 3168 et
2369 3114 2451 3170 sic
2499 3116 2738 3173 vinctum
2793 3118 3130 3175 incedentem
3166 3138 3182 3176 :
3213 3120 3318 3178 Per
3362 3123 3530 3189 deos,

1960 3202 2318 3272 exclamabat,
2356 3203 2579 3276 Babyla,
2615 3207 2774 3264 decet
2806 3219 2856 3266 te
2878 3217 2931 3266 et
2956 3212 3179 3281 coliare,
3213 3224 3268 3270 et
3289 3214 3531 3281 vincula,

1960 3304 2012 3348 et
2066 3294 2310 3352 incessus
2355 3314 2369 3351 :
2422 3300 2755 3357 conveniunt
2802 3302 2948 3363 enim
2985 3304 3114 3362 huic
3160 3315 3254 3363 tuo
3293 3307 3451 3365 senili
3475 3316 3533 3365 et

1961 3384 2188 3441 honesto
2214 3388 2403 3444 motui.
2430 3388 2525 3446 Ille
2565 3400 2782 3447 autem:
2810 3390 2890 3448 Tu
2920 3397 3160 3466 quidem,
3190 3396 3386 3471 inquit,
3416 3398 3533 3456 haec

1958 3476 2115 3544 dicis,
2175 3493 2261 3535 me
2306 3479 2538 3539 irridens
2602 3491 2658 3539 et
2700 3482 2986 3543 ludiﬁcans
3025 3503 3042 3547 :
3083 3502 3183 3561 ego
3226 3497 3405 3549 autem
3449 3490 3531 3549 ets

1958 3569 2128 3638 magis
2155 3569 2357 3640 glorior
2387 3587 2545 3642 quam
2575 3583 2653 3642 tu,
2679 3590 2711 3630 ο
2745 3578 3059 3647 imperator,
3093 3580 3193 3637 hac
3224 3590 3311 3636 tua
3341 3581 3528 3638 llorida

1956 3674 2197 3733 purpura
2226 3671 2281 3718 et
2314 3664 2594 3736 splendido
2631 3667 2956 3726 diademate.

2028 3841 2141 3900 Vli.
2174 3843 2536 3903 Numeriauus
2575 3857 2755 3905 autem
2785 3851 3113 3923 :Sacriiica,
3143 3854 3351 3927 infelix,
3379 3867 3435 3914 et
3459 3855 3529 3913 li-

1956 3932 2239 3994 beraberis
2288 3939 2505 4008 quidem
2560 3940 2677 4011 ipse
2739 3958 2769 3997 a
2830 3947 3140 4015 tormentis,
3204 3964 3303 4006 nos
3348 3958 3529 4006 autem

1957 4028 2160 4100 eripies
2193 4045 2222 4085 a
2256 4031 2711 4092 sollicitudinibus
2745 4058 2757 4093 :
2789 4038 2893 4094 nisi
2930 4039 3072 4095 forte
3101 4041 3158 4096 bi
3188 4042 3342 4114 pueri
3384 4051 3438 4100 te
3462 4043 3530 4099 ad

1954 4123 2265 4193 superbiam
2293 4124 2547 4195 eii‘erunl,
2579 4138 2633 4183 et
2662 4129 2876 4186 inanem
2904 4131 3153 4202 gloriam,
3192 4144 3445 4193 vocantes
3478 4145 3531 4191 te

1956 4212 2311 4284 magistrum;
2344 4225 2399 4270 et
2428 4232 2533 4271 non
2565 4219 2749 4274 sinunt
2780 4228 2832 4276 te
2865 4224 3016 4292 prius
3039 4232 3097 4285 te
3126 4224 3301 4295 ipsum
3333 4227 3531 4284 docere

1953 4319 2038 4370 ea,
2073 4320 2194 4376 quas
2223 4307 2365 4363 scire
2389 4323 2527 4378 opus
2552 4321 2657 4366 est.
2688 4310 2852 4373 Forte
2884 4315 3027 4369 enim
3051 4325 3179 4371 tunc
3200 4319 3527 4389 contigerat,

1955 4404 2011 4450 ut
2040 4405 2152 4451 tres
2193 4397 2348 4466 pueri
2398 4399 2463 4453 ad
2499 4413 2620 4454 eum
2653 4411 3038 4473 accurrentes,
3074 4421 3272 4476 genere
3308 4408 3521 4475 fratres,

1952 4495 2110 4543 aetate
2135 4488 2351 4557 quidem
2394 4490 2571 4560 pueri,
2609 4494 2703 4547 sed
2727 4495 2849 4549 cani
2896 4496 3204 4566 prudentia,
3240 4498 3527 4569 diligenter

276 4586 584 4649 εὐσέϐειαν,
611 4582 1027 4638 έκπαιδεύεσθαι
1050 4582 1144 4635 ὑπ’
1167 4580 1356 4648 αὑτοῦ,
1382 4581 1478 4635 καὶ
1505 4581 1641 4654 μηδὲ
1669 4582 1848 4637 κλοιὸν

1960 4577 2022 4632 ab
2053 4592 2117 4633 eo
2147 4578 2471 4651 docerentur
2497 4581 2770 4651 pietatem,
2800 4599 2959 4654 quem
2993 4600 3062 4640 ne
3090 4587 3276 4641 collari
3305 4587 3523 4657 quidem

274 4680 421 4735 οὕτω
442 4678 826 4750 περικείμενον
848 4675 940 4729 καὶ
963 4673 1138 4742 δεσμὰ
1165 4673 1459 4727 ἀπολιπεῖν
1482 4673 1574 4727 τὸν
1591 4672 1851 4727 διδάσκα-

275 4775 367 4828 λον
394 4772 598 4826 ἔθελον.
640 4770 799 4823 Ἀλλὰ
833 4768 938 4837 μὴν
960 4767 988 4819 6
1014 4766 1156 4830 Οεῐος
1179 4764 1451 4830 Βαϐύλας,
1479 4766 1654 4839 Εἴπερ
1672 4768 1850 4821 αὐτῶν

276 4867 496 4935 πεῖραν,
537 4860 662 4929 ἔφη,
703 4858 912 4924 λάϐοις,
935 4851 979 4911 ὦ
1002 4856 1243 4927 βασιλεῦ,
1267 4856 1389 4930 εἴσῃ
1417 4856 1634 4921 πάντως
1657 4854 1749 4912 οἷα
1780 4858 1848 4912 τὰ

274 4957 385 5010 τῶν
410 4954 544 5025 ἐμοῦ
567 4954 740 5020 λόγων
770 4951 1080 5020 σπέρματα,
1099 4947 1303 5019 μᾶλλον
1324 4947 1379 5000 δὲ
1409 4947 1503 5001 τοῦ
1520 4948 1693 5003 ταῦτα
1716 4951 1848 5021 ἡμῖν

275 5051 509 5112 διδόντος
543 5046 700 5100 Θεοῦ.
736 5045 1044 5114 Παρίστησι
1082 5042 1261 5096 τοίνυν
1295 5045 1324 5097 6
1352 5041 1606 5114 βασιλεὺς
1633 5044 1726 5096 ἐπὶ
1752 5043 1847 5097 τοῦ

278 5142 522 5213 β’ἡμαῖος
556 5136 734 5207 ἑαυτῷ
762 5135 831 5189 τὰ
854 5135 1060 5198 παιδία,
1093 5133 1185 5187 καὶ
1212 5133 1402 5204 πρῶτα
1431 5132 1530 5205 μὲν
1557 5134 1605 5186 εί
1634 5133 1849 5225 μητέρα

277 5234 454 5304 ἔχοιεν
498 5228 848 5284 ἐπυνθάνετο.
883 5225 965 5278 Τὰ
1003 5225 1082 5287 δὲ,
1130 5225 1245 5278 Καὶ
1276 5226 1462 5295 μήτηρ
1498 5226 1632 5295 ἡμῖν
1665 5223 1848 5293 ἔστιν,

278 5324 457 5386 εἷπον.
494 5323 589 5376 καὶ
636 5318 957 5387 διδάσκαλος
996 5315 1266 5383 Βαϐύλας,
1293 5316 1352 5370 ὃν
1391 5315 1615 5387 καὶτῆς
1646 5317 1851 5388 μητρὸς

277 5419 441 5489 ἡμεῖς
463 5414 623 5469 πλέον
655 5411 937 5482 φιλοῦμεν.
979 5404 1049 5462 Ἦ
1097 5408 1195 5479 μὲν
1240 5408 1349 5479 γὰρ
1381 5408 1631 5479 ἐγείνατο
1668 5409 1848 5480 μόνον·

276 5513 306 5565 6
337 5510 395 5565 δὲ
418 5509 554 5581 πρὸς
590 5506 825 5579 μάθησίν
856 5521 914 5557 τε
946 5504 1089 5575 ἡμᾶς
1116 5503 1355 5565 ὲκπονεί,
1387 5502 1480 5556 καὶ
1511 5501 1647 5573 πρὸς
1677 5500 1848 5555 εὐσέ-

276 5602 432 5656 ϐειαν
475 5600 717 5666 ἐξασκεῖ,
769 5598 867 5651 καὶ⁸
901 5596 963 5651 τὸ
996 5596 1116 5650 ὅλον
1164 5595 1319 5667 δῆλός
1364 5596 1479 5649 ἔστι
1529 5595 1627 5665 τῆς
1672 5593 1846 5665 ψυχῆς

348 5781 426 5850 (5)
457 5778 517 5836 S.
548 5777 1260 5852 Cltrysostpmuspratione
1297 5777 1361 5852 9_
1390 5780 1441 5835 in
1469 5779 1641 5850 Epist.
1694 5778 1843 5852 Paulli

277 5846 680 5923 “Ephesios,
716 5868 737 5901 ι
798 5849 856 5904 Β.
908 5848 1166 5921 Bahylas,
1217 5848 1427 5918 inquit,
1479 5846 1692 5906 vinctus
1743 5846 1846 5904 fuit

1952 4680 2007 4725 et
2056 4670 2288 4725 vinculis
2335 4672 2727 4728 circumdatum
2759 4675 3012 4730 volebant
3063 4676 3368 4746 relinquere
3404 4694 3522 4735 ma-

1948 4757 2200 4829 gistrum.
2238 4759 2463 4817 Divinus
2491 4775 2672 4819 autem
2701 4764 2927 4837 Babylas
2952 4786 2965 4820 :
3002 4765 3058 4822 Si
3082 4783 3292 4837 eorum,
3322 4771 3518 4839 inquit,

1953 4852 2147 4908 ieceris
2192 4854 2519 4925 periculum,
2554 4871 2587 4911 ο
2630 4857 2943 4927 imperator,
2995 4860 3135 4915 scies
3174 4861 3394 4917 omnino
3427 4877 3523 4917 cu-

1952 4944 2186 5018 iusmodi
2218 4948 2327 5002 sint
2367 4949 2574 5003 semina
2604 4963 2845 5004 mearum
2881 4950 3205 5031 orationum,
3238 4954 3320 5010 vel
3345 4956 3523 5024 potius

1953 5038 2048 5094 Dei
2085 5040 2175 5109 qui
2218 5054 2279 5095 ea
2320 5040 2509 5097 donat.
2544 5040 2707 5096 Curat
2760 5042 2944 5111 itaque
2991 5044 3288 5114 imperator
3327 5062 3524 5118 pueros

1951 5130 2219 5187 sistendos
2252 5147 2350 5203 pro
2388 5133 2666 5202 tribunali,
2692 5142 2746 5190 et
2776 5135 3007 5204 primum
3035 5138 3254 5207 quidem
3285 5139 3521 5196 interro-
3580 5214 3585 5217 _

1951 5225 2121 5294 gavit,
2170 5239 2237 5279 an
2269 5235 2497 5280 matrem
2549 5224 2829 5282 baberent.
2868 5226 2952 5282 illi
2987 5239 3167 5284 autem
3204 5247 3218 5285 :
3256 5230 3320 5287 Et
3367 5232 3525 5289 nobis

1951 5325 2055 5382 est,
2096 5315 2367 5388 inquiunt,
2411 5326 2605 5383 mater,
2643 5328 2699 5374 et
2751 5320 3010 5389 magister
3052 5319 3310 5395 Babylas,
3359 5338 3521 5394 quem

1956 5422 2054 5463 nos
2087 5407 2249 5463 etiam
2287 5408 2404 5480 plus
2456 5424 2617 5481 quam
2673 5420 2901 5467 matrem
2949 5428 3215 5470 amamus.
3250 5416 3388 5469 Nam
3434 5415 3522 5470 illa

1953 5500 2167 5571 quidem
2200 5515 2298 5556 nos
2343 5500 2513 5556 solum
2545 5504 2749 5573 genuit,
2780 5504 2869 5560 ille
2902 5520 3029 5561 vero
3062 5520 3160 5562 nos
3196 5506 3424 5561 instituit
3466 5508 3523 5565 in

1956 5590 2275 5662 disciplinis,
2314 5604 2368 5648 et
2397 5606 2616 5649 exercet
2648 5598 2715 5650 ad
2754 5597 3034 5667 pietatem,
3064 5607 3120 5651 et
3153 5598 3221 5651 ad
3252 5612 3523 5656 summam

1953 5780 2194 5854 eamdem
2243 5780 2311 5836 ob
2353 5793 2595 5841 causam,
2626 5778 2696 5832 ob
2725 5775 3185 5854 quam_Joannes;
3220 5789 3279 5837 ut
3312 5782 3405 5854 qui
3440 5773 3533 5843 re;

1952 5864 2072 5918 gem
2107 5850 2286 5921 inique
2315 5862 2373 5905 se
2403 5860 2675 5918 gerentem
2708 5849 2962 5917 arguerit.
3006 5866 3025 5899 ι
