3828 6464
293 387 417 452 »επ

1520 388 1799 449 MENSIS
1837 387 2296 451 JANUARIUS.

3446 390 3554 454 9ῖῦ

309 506 493 571 aperte
521 501 721 552 nostra:
753 491 945 548 anima:
976 500 1222 547 amanter
1249 505 1432 546 curam
1460 494 1621 564 gerit.
1655 493 1871 549 Matrem

1986 495 2142 566 ήμῶν
2177 495 2549 568 φιλοστόργως
2579 495 2993 570 ἐπιμελόμενος.
3027 495 3428 553 Μετακαλεῖται
3449 498 3556 570 τὴν

308 601 523 658 quoque
540 583 776 642 accersit
800 583 1114 654 imperator,
1139 592 1189 637 et
1209 582 1362 654 jubet
1381 599 1498 638 eam
1525 587 1876 655 respondere,

309 676 577 750 quomodo
611 676 724 746 ipsa
754 683 997 742 vocetur,
1028 681 1080 729 et
1111 690 1178 729 an
1213 675 1284 730 sit
1312 685 1482 729 mater
1524 675 1758 730 illorum.
1785 673 1877 729 Illa

309 775 483 822 autem
504 783 520 820 :
540 764 666 820 Mihi
689 764 929 835 quidem,
953 764 1148 834 inquit,
1179 779 1372 818 nomen
1394 773 1477 820 est
1495 763 1874 827 Christodula;

310 859 361 913 hi
397 873 527 914 vero
553 865 677 912 sunt
705 855 915 912 fructus
943 856 1049 912 mei
1080 855 1307 918 ventris,
1342 865 1397 909 et
1431 869 1523 910 eos
1560 854 1662 910 mei
1691 863 1878 924 partus

304 949 577 1022 primitias
600 947 711 1004 Deo
735 946 939 1003 obtuli:
969 946 1182 1003 conﬁdo
1209 956 1389 1003 autem
1421 945 1560 1012 fore,
1583 955 1642 1000 ut
1673 945 1725 1000 in
1749 945 1875 1002 caeli

308 1041 516 1098 horreis
541 1054 634 1096 eos
669 1051 893 1109 reponat
923 1039 1140 1109 sapiens
1173 1035 1438 1108 Babylas;
1487 1037 1564 1091 illi
1606 1037 1751 1092 enim
1784 1052 1878 1093 eos

304 1134 528 1210 credidi.

378 1225 514 1303 Vill.
541 1225 667 1282 Hac
682 1238 806 1280 cum
831 1223 1090 1290 audisset,
1115 1222 1194 1276 ira
1220 1221 1472 1291 impletur
1494 1219 1873 1287 Numeriauus,

306 1330 355 1372 et
393 1318 545 1388 jubet
575 1318 621 1370 ei
664 1315 856 1369 faciem
891 1315 1120 1384 percuti,
1153 1322 1210 1368 et
1243 1313 1478 1367 dictitari
1531 1328 1596 1368 ne
1641 1323 1746 1366 tam
1797 1323 1878 1368 te-

307 1423 457 1462 mere
506 1407 869 1476 alloqueretur
909 1405 1312 1474 imperatorem.
1363 1403 1522 1458 Pueri
1577 1415 1756 1459 autem
1798 1405 1877 1458 vi-

1983 584 2194 656 μητέρα
2231 587 2259 638 ὁ
2291 584 2566 654 βασιλεὺς,
2597 587 2691 642 καὶ
2723 586 2871 650 ὅπως
2915 587 3050 656 αὕτη
3090 586 3328 653 καλοῖτο,
3371 588 3467 640 καὶ
3502 589 3556 640 ει

1982 675 2168 746 μήτηρ
2223 676 2447 730 ἐκείνων
2493 678 2578 747 εῐη
2627 678 3029 748 ἀποκρίνασθαι
3079 677 3314 731 κελεύει.
3372 676 3438 731 Ἦ
3469 679 3554 742 δὲ.

1979 767 2340 838 Χριστοδούλη
2375 767 2474 838 μὲν
2515 767 2669 838 ἐμοὶ,
2704 769 2869 839 φησὶν
2891 808 2907 833 ,
2948 767 3156 838 ὄνομαο
3191 770 3288 839 τῆς
3327 769 3471 841 ἐμῆς
3495 771 3556 823 δὲ

1978 855 2184 919 κοιλίας
2229 849 2374 911 οῦτοι
2418 854 2655 929 καρποὶ,
2707 860 2801 912 καὶ
2852 858 3075 924 τούτους
3130 859 3388 930 ἀπαρχὰς
3441 860 3558 913 τῶν

1979 945 2131 1015 ἐμῶν
2167 946 2374 1002 ὠδίνων
2414 952 2769 1022 προσήνεγκα
2811 950 2889 1022 τῷ
2922 950 3041 1022 Θεῷ
3065 964 3080 979 ·
3116 950 3356 1006 πέποιθα
3384 951 3441 1004 δὲ
3470 951 3558 1005 ὅτι

1978 1037 2072 1091 καὶ
2123 1038 2203 1102 είς
2245 1039 2314 1093 τὰ
2358 1042 2582 1111 ταμιεῖα
2627 1042 2736 1096 τῶν
2785 1042 3031 1112 οὐρανῶν
3074 1043 3102 1096 ὁ
3147 1042 3311 1112 σοφδς
3355 1043 3561 1106 αὐτοὺς

1977 1126 2311 1198 ἀποϐήσεται
2347 1129 2616 1195 Βαϐύλας·
2644 1131 2840 1202 ἐκείνῳ
2863 1132 2972 1204 γὰρ
2995 1132 3193 1196 αὐτοὺς
3219 1133 3555 1203 ἐνεχείρισα.

2047 1214 2128 1268 H'.
2170 1217 2374 1272 Τούτου
2401 1219 2664 1284 ἀκούσας,
2697 1221 2868 1291 ὀργῆς
2900 1221 3316 1292 ὑποπίμπλαται
3343 1222 3559 1294 Νουμε-

1977 1310 2179 1378 ριανδς,
2211 1310 2308 1362 καὶ
2352 1309 2535 1364 παίειν
2568 1311 2740 1382 αὐτὴν
2771 1311 2914 1367 κατὰ
2947 1313 3152 1385 κόρρης
3196 1313 3557 1384 προστάττει,

1981 1402 2078 1454 καὶ
2108 1401 2404 1470 ἐπιλέγειν,
2439 1404 2514 1473 μὴ
2544 1403 2771 1458 τοιαῦτα
2803 1404 2936 1474 πρὸς
2969 1405 3061 1458 τὸν
3090 1405 3314 1476 βασιλέα
3345 1423 3559 1478 προπε-

309 1503 498 1556 dentes
532 1507 759 1554 matrem
788 1497 1014 1568 pulsari,
1064 1497 1248 1550 animo
1278 1495 1430 1550 fuere
1457 1496 1786 1558 conturbati.
1819 1504 1871 1551 et

1983 1492 2082 1556 τῶς
2118 1493 2477 1564 φθέγγεσθαι.
2510 1495 2591 1548 Τὰ
2623 1495 2814 1551 παιδία
2859 1496 3041 1550 τοίνυν
3069 1497 3415 1567 τυπτομένην
3453 1498 3557 1570 τὴν

301 1595 567 1649 dixerunt
601 1610 616 1647 :
645 1590 950 1662 Imperator
979 1598 1209 1644 matrem
1240 1588 1400 1643 cmdit
1425 1601 1553 1643 vera
1583 1589 1871 1643 dicentem.

1983 1584 2191 1658 μητέρα
2215 1586 2446 1657 δρῶντα,
2489 1587 2740 1659 διέφθορε
2769 1589 2860 1642 τὸν
2889 1587 3033 1655 νοῦν,
3061 1588 3428 1645 διασέσεισται
3455 1591 3560 1654 τὰς

310 1687 427 1754 Ipse
470 1691 648 1738 autem
691 1683 826 1737 iram
860 1679 988 1737 ludo
1037 1687 1382 1748 temperans,
1417 1677 1568 1746 jubet
1613 1678 1871 1748 majorem

1983 1679 2199 1750 φρένας,
2261 1679 2320 1734 '0
2344 1680 2626 1751 βασιλεὺς,
2667 1681 2880 1750 ελεγον,
2955 1681 3052 1753 τὴν
3102 1682 3315 1754 μητέρα
3345 1682 3558 1754 τάληθῆ

302 1776 524 1844 quidem
556 1790 622 1831 ex
655 1773 837 1844 pueris
865 1772 1148 1828 duodecim
1178 1769 1350 1842 plagis
1377 1769 1541 1834 allici,
1574 1771 1870 1824 secundum

1983 1771 2240 1839 λέγουσαν
2271 1772 2563 1836 αἰκίζεται.
2613 1769 2747 1829 Εἶτα
2793 1774 2979 1845 παιδιᾷ
3011 1775 3040 1826 ὁ
3070 1773 3320 1843 βασιλεὺς
3344 1774 3434 1827 τὸν
3461 1774 3565 1827 θυο

305 1841 486 1923 :iutem
518 1841 736 1932 novem,
765 1875 820 1922 et
846 1865 1094 1920 ultimum
1121 1869 1352 1931 septem,
1382 1861 1617 1932 aequales
1646 1873 1871 1914 numero

1983 1862 2080 1934 μδν
2108 1865 2469 1932 ίάνακεράσας
2524 1864 2737 1918 κελεύει
2794 1866 2885 1919 τὸν
2935 1841 3035 1935 μὲν
3071 1841 3397 1937 προέχοντα
3446 1863 3560 1918 τῶν

302 1962 488 2032 plagas
535 1962 818 2029 imponens
857 1956 1150 2026 unicuique
1187 1970 1286 2026 pro
1333 1967 1558 2009 numero
1604 1965 1870 2006 annorum

1983 1954 2189 2008 παίδων
2222 1956 2457 2026 πληγαῖς
2491 1957 2814 2013 δυοκαίδεκα
2861 1958 3194 2028 αἰκισθῆναι,
3225 1957 3317 2011 τὸν
3355 1957 3559 2027 ἐφεξῆς

303 2052 500 2107 aetatis.
531 2050 611 2105 Illi
639 2060 818 2104 autem
842 2064 964 2103 cum
988 2047 1172 2118 ﬂagris
1193 2045 1553 2109 caederentur,
1583 2041 1874 2096 laudabant

220 2181 224 2185 η
309 2145 628 2210 Dominum;
676 2142 991 2212 quaerebant
1036 2149 1216 2193 autem
1254 2137 1611 2209 magistrum,
1655 2149 1776 2190 cum
1809 2149 1874 2188 eo

291 2237 680 2293 desiderantes
711 2236 873 2291 etiam
902 2233 1106 2288 versari
1141 2231 1191 2285 in
1222 2243 1460 2286 carcere.

374 2505 466 2563 1X.
501 2505 864 2562 Numerianus
909 2519 1041 2575 ergo
1065 2519 1188 2560 cum
1232 2519 1299 2560 ex
1336 2502 1592 2560 tribunali
1637 2503 1871 2573 impera-

309 2601 448 2655 torio
475 2613 570 2669 per
594 2597 874 2653 ministros
897 2607 1121 2652 matrem
1150 2597 1425 2653 eduxisset
1450 2605 1504 2651 et
1534 2609 1753 2667 pueros,
1777 2594 1873 2649 Ba-

308 2688 484 2760 bylam
519 2685 805 2741 accersite
833 2685 1109 2750 custodia,
1143 2693 1198 2739 et
1245 2686 1466 2756 perinde
1497 2699 1561 2740 ac
1593 2683 1782 2739 ludens
1817 2683 1870 2739 in

307 2792 489 2844 scena,
522 2783 614 2831 aut
648 2775 970 2831 hisu'ionem
1011 2775 1211 2830 stultus
1239 2790 1402 2846 agens
1432 2773 1625 2843 :Ecce,
1675 2772 1870 2844 inquit,

308 2868 402 2922 tibi
435 2866 633 2922 cecidit
666 2880 859 2935 magna
885 2875 972 2921 tua
1003 2865 1254 2937 gloriatio
1283 2873 1338 2919 et
1367 2865 1648 2934 iactantia,
1690 2873 1745 2919 et
1770 2862 1872 2917 ali-

304 2971 391 3014 ter
426 2973 516 3013 res
554 2958 719 3012 cessit
745 2970 906 3027 quam
955 2955 1187 3027 putabas
1219 2957 1435 3025 pueris;
1473 2955 1510 3009 ii
1549 2955 1696 3010 enim
1747 2963 1874 3010 sunt

306 3047 481 3120 parati
531 3049 634 3102 diis
671 3046 1000 3103 sacriﬁcare.
1058 3047 1147 3104 ille
1203 3058 1382 3102 autem
1437 3047 1682 3114 (sciebat
1727 3044 1871 3100 enim

303 3142 489 3215 quales
536 3155 634 3197 eos
682 3142 985 3212 peperisset
1029 3142 1221 3211 spiritu
1243 3139 1287 3214 ),
1319 3140 1561 3206 Videris,
1595 3141 1797 3211 inquit.
1837 3154 1871 3195 ο

307 3236 626 3306 imperator,
669 3234 900 3304 leipsum
935 3235 1112 3304 potius
1163 3233 1369 3300 fallere,
1412 3242 1466 3288 et
1515 3233 1608 3288 tibi
1643 3233 1873 3288 inaniter

301 3325 608 3398 indulgere.
641 3326 782 3384 Oves
817 3325 962 3381 enim
991 3326 1094 3380 mei
1122 3330 1324 3396 gregis,
1367 3341 1487 3396 quae
1515 3337 1642 3382 sunt
1671 3326 1869 3383 Christi

295 3417 436 3483 mei,
470 3428 524 3474 et
564 3417 687 3490 agni
731 3419 998 3488 pastoris,
1072 3419 1304 3473 alienqu
1373 3433 1647 3485 nunquam
1700 3418 1872 3474 secuti

289 3508 508 3565 :fuerint
555 3510 694 3565 :sed
724 3525 898 3565 meam
948 3525 1153 3574 vocem,
1203 3519 1287 3566 sat
1335 3510 1483 3577 scio,
1525 3511 1869 3576 desiderant;

307 3617 412 3658 non
437 3602 639 3666 minus,
663 3616 825 3671 quam
849 3601 972 3672 agui
1002 3601 1194 3658 inclusi
1215 3601 1268 3656 in
1294 3601 1500 3658 aedibus
1525 3610 1727 3658 matres
1750 3615 1865 3672 qua

305 3692 451 3760 ipsos
480 3697 806 3760 genuerunt.
838 3688 905 3743 Et
933 3690 980 3744 si
1019 3688 1175 3759 lupus
1201 3703 1296 3744 eos
1323 3690 1604 3761 rapuerit,
1636 3690 1750 3746 sive
1773 3689 1867 3745 ali-

286 3797 408 3853 .qua
441 3781 548 3835 alia
577 3781 750 3837 bestia
781 3795 876 3837 eos
907 3780 1267 3849 abstraxerit,
1297 3781 1547 3848 abibunt,
1585 3784 1872 3839 etabstra-

307 3877 506 3928 lientur
535 3888 620 3929 me
647 3872 946 3928 clamantes
995 3890 1012 3930 :
1060 3884 1115 3928 et
1145 3872 1303 3942 lupus
1346 3889 1487 3944 agno
1531 3874 1712 3943 petius
1746 3890 1873 3945 per-

299 3964 556 4027 suaserit,
585 3963 800 4034 propria
837 3973 1009 4019 matre
1041 3963 1255 4030 relicta,
1283 3978 1406 4019 eum
1437 3964 1613 4034 sequi,
1648 3979 1808 4034 quam
1834 3964 1871 4021 ii

293 4056 695 4112 obliviscantur
735 4057 943 4127 proprii
977 4057 1180 4113 amoris
1207 4057 1264 4112 in
1292 4065 1589 4129 pastorem.

371 4335 440 4392 Χ.
474 4335 599 4392 llaec
636 4350 739 4391 non
773 4335 954 4393 ferens
982 4334 1380 4396 Numerianus:
1414 4340 1486 4396 At
1521 4354 1640 4414 ego,
1674 4342 1870 4414 inquit,

301 4428 538 4484 efﬁciam
597 4438 656 4484 ut
699 4432 1058 4500 Opportunius
1105 4433 1279 4489 utaris
1307 4436 1766 4504 responsionibus.
1805 4434 1873 4490 Et

1899 3194 1947 3259 C

1977 2042 2034 2095 δὲ
2066 2043 2242 2108 ἐννέα,
2275 2047 2369 2098 καὶ
2397 2045 2539 2099 ἐπτά
2559 2046 2652 2100 τὸν
2681 2047 2934 2117 ἔσχατον,
2975 2048 3299 2118 ἰσαρίθμους
3337 2047 3559 2118 ἑκάστῳ

1980 2135 2079 2198 τὰς
2110 2134 2321 2204 πληγὰς
2373 2139 2486 2202 τοῖς
2518 2137 2616 2208 τῆς
2658 2139 2873 2209 ήλικίας
2921 2139 3129 2202 ἐπιθεὶς
3180 2137 3346 2193 ἐτεσι.
3383 2138 3465 2192 Τὰ
3496 2137 3557 2190 δὲ

1977 2225 2086 2298 ἀρα
2122 2229 2218 2281 καὶ
2251 2229 2626 2301 μαστιζόμενα
2660 2230 2874 2300 εὐλόγει
2912 2231 3012 2301 μὲν
3045 2233 3134 2285 τὸν
3165 2231 3319 2296 Θεὸν,
3371 2230 3558 2302 ἐζήτει

1978 2318 2035 2371 δὲ
2061 2318 2154 2371 τὸν
2189 2318 2529 2390 διδάσκαλον,
2572 2325 2814 2378 συνεῖναι
2860 2322 3010 2394 αὑτῷ
3033 2325 3126 2377 καὶ
3157 2324 3216 2376 ἐν
3236 2321 3312 2392 τῷ
3341 2323 3556 2392 δεσμω-

1977 2427 2044 2480 τη
2055 2410 2152 2480 ρίῳ
2191 2411 2509 2483 γλιχόμενα.

2047 2500 2124 2557 0'.
2159 2503 2532 2576 Νουμεριανὺς
2556 2506 2693 2578 οὖν,
2720 2507 2814 2560 τοῦ
2847 2506 3129 2579 βασιλικοῦ
3171 2507 3415 2578 βήματος
3462 2506 3556 2561 διὰ

1978 2593 2089 2648 τῶν
2123 2596 2585 2669 ὑπηρετουμένων
2629 2601 2728 2672 τὴν
2779 2600 2993 2672 μητέρα
3021 2602 3115 2654 καὶ
3147 2602 3217 2654 τὰ
3248 2601 3438 2654 παιδία
3467 2599 3556 2664 ἐξ·

1981 2685 2226 2756 αγαγὼν,
2276 2691 2698 2761 μεταπέμπεται
2724 2691 2824 2762 τῆς
2863 2693 3110 2763 φυλακῆς
3153 2693 3243 2746 τὸν
3275 2693 3554 2760 Βαϐύλαν,

1979 2779 2073 2831 καὶ
2103 2778 2354 2849 καθάπερ
2385 2782 2441 2833 ὲν
2473 2784 2644 2852 σκηνῇ
2675 2782 2884 2845 παίζων
2914 2783 2946 2853 ἢ
2978 2783 3160 2854 δρᾶμα
3185 2782 3555 2852 ὐποκρινόμε-

1977 2884 2068 2930 νος
2094 2869 2123 2921 ὁ
2152 2869 2403 2939 ἀνόητος,
2459 2871 2587 2924 Ἰδού
2617 2889 2721 2938 σοι,
2755 2873 2908 2946 φησὶ,
2942 2874 3156 2935 πάντως
3198 2872 3554 2926 διαπεπτωκε

1978 2958 2039 3011 τὺ
2069 2959 2434 3032 μεγάλαυχον,
2467 2962 2645 3015 καὶτὸ
2671 2963 2780 3018 τῶν
2812 2965 3038 3021 παιδίων
3083 2965 3210 3040 περὶ
3235 2964 3304 3016 τά
3335 2961 3556 3017 ἐναντία

1978 3055 2172 3122 χωρεῖ’
2208 3053 2382 3108 ταῦτα
2412 3053 2521 3129 γὰρ
2551 3053 2700 3112 θύειν
2732 3058 2851 3112 ἐστὶ
2888 3062 2998 3123 τοῖς
3041 3060 3182 3124 θεοῖς
3230 3062 3449 3130 ἕτοιμα.
3491 3055 3554 3107 Ὁ

1978 3143 2034 3196 δὲ
2077 3144 2228 3215 (ᾔδει
2278 3144 2392 3218 γὰρ
2437 3150 2588 3212 τίνας
2628 3150 2830 3213 ἐκεῖνος
2867 3149 2945 3220 τῷ
2985 3149 3258 3222 πνεύματι
3300 3148 3552 3221 ὤδινεν),

1983 3236 2224 3304 Ἔοικας,
2259 3238 2445 3308 φησὶν,
2474 3233 2519 3294 ὦ
2565 3241 2806 3311 βασιλεῦ,
2840 3241 3064 3294 σεαυτὸν
3106 3241 3419 3312 ψεύδεσθαι,
3456 3242 3558 3296 καὶ

1981 3330 2226 3402 ματαίως
2251 3333 2741 3405 καταχαρίζεσθαιο
2767 3335 2838 3398 ὼς
2868 3335 2997 3403 τάγε
3023 3335 3122 3404 τῆς
3151 3335 3290 3404 ἐμῆς
3313 3333 3554 3402 ποίμνης

1981 3423 2292 3493 θρέμματα,
2319 3425 2388 3478 τά
2417 3425 2511 3479 τοῦ
2547 3426 2682 3496 ἐμοῦ
2712 3425 2947 3498 Χριστοῦ
2975 3430 3068 3481 καὶ
3088 3425 3342 3498 ποιμένος
3364 3423 3551 3495 ἀρνία,

1977 3513 2077 3564 οὐκ
2113 3512 2177 3568 ἀν
2209 3530 2339 3568 ποτε
2376 3515 2643 3588 ἀλλοτρίῳ
2682 3516 3062 3589 ἀκολουθήσοι,
3095 3517 3231 3570 ἀλλὰ
3256 3515 3355 3586 τὴν
3385 3516 3550 3585 ἐμὴν,

1978 3599 2118 3670 οἶδα,
2169 3606 2353 3678 φωνήν
2381 3609 2610 3662 ἀκοῦσαι
2651 3608 2830 3675 ποθεῖ,
2861 3610 2958 3680 οὐχ
2986 3604 3147 3681 ἦττον
3175 3607 3208 3678 ἢ
3236 3607 3304 3660 τά
3333 3607 3556 3660 ἀποκε-

1979 3694 2274 3767 κλεισμένα
2306 3699 2363 3752 ἐν
2389 3699 2616 3771 οίκίσκῳ
2636 3701 2797 3772 ἀρνία
2828 3701 2935 3754 τῶν
2963 3700 3378 3771 γεννησαμένων
3407 3695 3556 3750 αὐτὰ

1983 3789 2266 3859 μητέρων·
2298 3788 2402 3844 κᾶν
2435 3790 2596 3856 λύκος
2627 3793 2856 3864 ἁρπάσῃ
2879 3792 3040 3858 αὐτὰ,
3072 3791 3176 3846 κᾶν
3197 3792 3326 3846 ἄλλο
3347 3807 3401 3844 τι
3429 3791 3553 3844 δια-

1982 3882 2096 3952 σπᾷ
2111 3881 2318 3953 θηρίον,
2338 3882 2436 3954 ἐμὲ
2457 3883 2729 3938 καλοῦντα
2746 3885 3024 3956 οἰχήσεται
3044 3886 3136 3937 καὶ
3148 3881 3554 3954 διασπασθήσε-

1977 3989 2092 4038 ται,
2125 3973 2221 4027 καὶ
2271 3974 2410 4044 ἄρνα
2452 3975 2714 4047 πρότερον
2741 3976 2806 4030 ἂν
2835 3975 2995 4039 λύκος
3027 3975 3233 4029 πείσειε
3271 3973 3371 4045 τῆς
3411 3974 3552 4038 ιδίας

1981 4066 2188 4137 μητρὸς
2216 4067 2488 4139 ἀφέμενον
2518 4068 2668 4139 αὐτῷ
2692 4085 2752 4122 τε
2786 4069 3016 4122 ἕπεσθαι
3045 4069 3141 4122 καὶ
3189 4067 3336 4137 αὐτῷ
3367 4067 3551 4119 συνεῖ-

1980 4176 2090 4225 ναι,
2123 4160 2159 4230 ἢ
2190 4159 2364 4215 ταῦτα
2391 4161 2491 4232 τῆς
2523 4162 2661 4234 πρὸς
2689 4162 2780 4216 τὸν
2808 4163 3008 4216 οἰκεῖον
3046 4163 3284 4234 ποιμένα
3311 4163 3582 4231 στοργῆς

1977 4252 2306 4308 ιπιλάθοιτο.

2049 4343 2106 4402 l'.
2138 4345 2324 4401 Ταῦτα
2359 4347 2433 4419 μὴ
2462 4345 2700 4416 ἐνεγκὼν
2731 4346 3104 4418 Νουμεριανὺς
3123 4387 3138 4414 ,
3190 4344 3330 4399 Ἀλλ’
3359 4343 3554 4397 εὐκαι-

1981 4438 2204 4511 ρότερόν
2234 4457 2295 4493 σε
2336 4443 2458 4504 ταῖς
2497 4441 2853 4511 ἀποκρίσεσιν
2896 4439 3009 4510 ἐγὼ
3073 4439 3308 4511 χρῆσθαι
3366 4455 3551 4509 παρα-

298 4522 483 4577 statim
517 4537 570 4576 In
605 4520 747 4590 ligno
777 4522 832 4577 iu
879 4523 1047 4578 altum
1079 4523 1323 4582 sublatus
1351 4535 1438 4582 est
1467 4527 1690 4596 athleta,
1721 4539 1774 4584 et
1803 4544 1868 4585 ex

1983 4532 2256 4599 σκευάσω,
2290 4533 2425 4604 φησί
2445 4547 2460 4563 ο
2498 4532 2592 4586 καὶ
2619 4533 2820 4586 αὐτίκα
2848 4535 3119 4604 μετέωρος
3143 4533 3238 4586 ἐπὶ
3263 4532 3355 4586 τοῦ
3386 4533 3550 4599 ξύλου

301 4611 536 4669 adverso
598 4613 750 4684 pueri
809 4612 1002 4669 ferreis
1038 4615 1485 4686 discerpebautur
1525 4620 1760 4692 ungulis.
1807 4622 1872 4678 Et

303 4705 408 4759 illis
448 4706 668 4774 quidem
690 4706 870 4761 divina
893 4707 1137 4776 quaedam
1156 4709 1386 4781 desuper
1407 4713 1642 4766 animum
1667 4714 1872 4770 addens

300 4795 475 4863 gratia
496 4834 512 4861 ,
550 4806 966 4869 promptumque
998 4807 1053 4854 et
1098 4799 1282 4857 alacre
1309 4817 1513 4872 augens
1545 4803 1710 4859 animi
1755 4815 1872 4861 stu-

291 4888 471 4954 dium,
503 4888 763 4945 reddebat
791 4905 886 4946 eos
913 4892 1110 4948 statuis
1134 4893 1304 4966 magis
1327 4895 1675 4964 impatibiles.

356 4979 462 5036 .Xl.
500 4981 579 5036 Ex
631 4981 700 5038 iis
736 4993 944 5049 autem,
996 4986 1087 5054 qui
1118 4987 1580 5063 circumstabant,
1621 4989 1873 5046 dicebant

291 5073 518 5144 quidam
552 5073 736 5130 divino
786 5074 1037 5148 Babylon:
1073 5077 1364 5150 Quousque
1401 5081 1512 5137 eris
1559 5095 1750 5138 amens
1773 5123 1788 5148 ,
1817 5093 1872 5139 et

235 5187 240 5191 ~
291 5165 440 5221 male
495 5165 588 5221 tibi
623 5167 911 5224 consules?
939 5167 1022 5223 Ne
1074 5184 1360 5239 puerorum
1392 5173 1614 5244 quidem
1659 5173 1870 5243 species

297 5257 464 5311 ﬂectit
491 5256 590 5312 hoc
619 5263 770 5311 tuum
798 5271 894 5312 cor
921 5259 1116 5314 durum
1143 5269 1198 5316 et
1231 5261 1460 5330 immite,
1486 5278 1608 5334 qua:
1632 5273 1739 5320 tam
1764 5264 1867 5319 mi-

296 5363 415 5403 sere
467 5346 640 5417 perit,
677 5355 738 5403 et
780 5361 913 5404 ante
952 5353 1200 5422 tempus?
1243 5353 1470 5410 .lllorum
1507 5370 1636 5425 ergo
1686 5359 1868 5412 verbis

297 5452 510 5512 martyr
537 5455 856 5507 conversus,
893 5453 948 5498 ct
990 5456 1182 5514 aperte
1230 5446 1523 5504 ostendens
1569 5461 1631 5504 se
1677 5463 1865 5504 eorum

299 5534 468 5588 vicem
501 5548 647 5604 aegre
686 5531 830 5589 ferre
858 5543 911 5589 et
936 5535 1150 5592 dolere:
1185 5536 1442 5603 Quaenam
1484 5541 1601 5598 haec
1637 5551 1741 5606 est,
1781 5540 1867 5593 in-

294 5622 432 5692 quit,
465 5625 647 5692 gravis
672 5633 726 5678 et
753 5623 1046 5695 caliginosa
1081 5629 1270 5693 nubes,
1303 5643 1423 5700 quze
1447 5633 1642 5688 mentis
1668 5641 1866 5688 vestra:

295 5715 532 5768 obstruit
562 5715 771 5782 oculos,
813 5731 914 5772 nec
941 5719 1285 5776 siuitcmlum
1318 5724 1539 5789 intueri,
1581 5726 1674 5779 sed
1701 5725 1865 5780 deor-

298 5819 422 5858 sum
450 5803 673 5861 inclinat
693 5815 750 5870 .et
777 5816 934 5866 terrae
957 5811 1103 5882 cogit
1146 5811 1360 5869 aﬁixum
1387 5815 1548 5871 esse?
1590 5814 1726 5881 Quid
1760 5824 1867 5881 est,

1973 4624 2002 4677 ὁ
2029 4622 2290 4694 ἀθλητὴς,
2338 4624 2568 4696 ἀντικρύ
2605 4627 2696 4678 καὶ
2733 4628 2806 4678 τά
2837 4625 3023 4679 παιδία
3075 4625 3315 4696 σιδηροῖς
3370 4624 3560 4690 ξαινό-

1976 4733 2114 4788 μενα
2147 4715 2317 4783 δνυξι.
2355 4717 2464 4770 Καὶ
2498 4719 2608 4781 τοῖς
2645 4719 2742 4788 μὲν
2767 4717 3013 4790 θειοτέρα
3041 4735 3124 4782 τις
3152 4716 3358 4772 ἄνωθεν
3389 4717 3554 4786 χάρις

1975 4809 2177 4880 θάρσος
2225 4810 2537 4880 ἐμπνέουσα
2586 4809 2680 4862 καὶ
2711 4807 3022 4876 αύξάνουσα
3065 4811 3164 4880 τήν
3211 4809 3551 4882 προθυμίαν,

1973 4900 2306 4973 ἀνδριάντων
2328 4899 2736 4974 ἀπαθεστέρους
2771 4901 3061 4970 ἀπέφαινε.

2044 4989 2146 5047 ΙΑ’.
2180 4991 2302 5046 Τῶν
2337 4991 2395 5045 δὲ
2420 4993 2800 5064 περιεστώτων
2821 4994 2986 5060 τινὲς,
3015 4994 3168 5064 παρᾶ
3207 4993 3285 5065 τῷ
3312 4996 3553 5064 γενναίῳ

1974 5085 2200 5146 στάντες
2248 5081 2503 5155 Βαϐύλᾳ,
2535 5084 2714 5156 Μέχρι
2759 5085 2924 5150 τίνος,
2970 5084 3176 5154 ἔλεγον,
3208 5085 3412 5154 ἀπονοῇ
3450 5086 3551 5140 καὶ

1975 5171 2209 5246 βουλεύῃ
2259 5175 2391 5246 περὶ
2431 5173 2630 5230 σαυτοῦ
2679 5175 2900 5242 κακῶςς
2954 5177 3091 5231 Οὐδὲ
3131 5179 3164 5247 ή
3196 5177 3302 5230 τῶν
3340 5179 3553 5231 παίδων

1971 5262 2091 5337 ὥρα
2123 5265 2222 5335 τὴν
2250 5267 2493 5337 σκληρὰν
2517 5283 2611 5322 σου
2640 5268 2842 5340 ταύτην
2865 5272 2962 5325 καὶ
2985 5271 3277 5326 ἀτίθασσον
3307 5273 3553 5343 ἐπικάμ-

1971 5373 2096 5410 πτει
2133 5356 2384 5428 καρδίαν,
2416 5356 2610 5429 ἀώρως
2637 5359 2780 5414 οὕτω
2805 5360 2901 5414 καὶ
2927 5361 3128 5426 ἀθλίως
3153 5361 3549 5432 ἀπολλυμένης

1985 5450 2353 5521 Ἐπιστρεφής
2401 5451 2581 5504 τοίνυν
2627 5455 2741 5517 τοῖς
2785 5454 3014 5508 ἐκείνων
3063 5454 3243 5524 λόγοις
3271 5457 3301 5509 δ
3335 5455 3551 5526 μάρτυς

1970 5543 2282 5613 γενόμενις,
2315 5549 2407 5598 καὶ
2437 5546 2593 5616 δῆλος
2623 5545 2700 5600 ὢν
2740 5546 3065 5619 ὑπεραλγῶν
3109 5547 3286 5601 αὐτῶν
3325 5550 3422 5602 καὶ
3451 5566 3551 5601 πει-

1975 5636 2352 5706 ρικαιὸμενος,
2383 5638 2447 5690 Τί
2477 5640 2536 5691 τὸ
2563 5640 2701 5711 βαρὺ
2733 5641 2911 5708 τοῦτο,
2959 5643 3127 5710 λέγει,
3173 5642 3266 5696 καὶ
3306 5639 3551 5711 ζοφῶδες

1973 5727 2154 5794 νέφος,
2185 5728 2213 5779 ὅ
2241 5745 2303 5795 γε
2330 5728 2428 5793 τὰς
2461 5731 2557 5800 τῆς
2607 5731 2846 5797 διανοίας
2895 5732 3046 5804 seu;
3076 5734 3228 5805 ὑμῶν
3255 5732 3547 5803 ἐμφράξαν

1972 5818 2070 5871 οὐκ
2100 5819 2163 5890 ὲᾷ
2197 5821 2329 5889 πρὸς
2357 5821 2447 5876 τὸν
2478 5823 2705 5892 οὐρανὸν
2741 5824 2892 5892 ίδεϊν,
2919 5825 3054 5880 ἀλλὰ
3087 5825 3235 5880 κάτω
3253 5823 3432 5880 νεύειν
3451 5823 3551 5878 καὶ
