3828 6492
298 402 408 472 977

1588 402 1765 467 VITA
1802 405 1862 465 S.
1901 405 2228 472 BABYLIE.

3436 408 3545 471 978

299 519 442 591 πρὸς
470 515 570 590 τὴν
605 515 709 588 γῆν
734 516 1020 589 κεχηνέναι
1055 514 1333 588 ﬁdium;
1366 515 1431 571 Τί
1460 517 1520 571 sb
1565 517 1869 587 γοητεῦσαν

1999 522 2115 589 mod
2147 530 2386 578 vestram
2428 521 2508 579 sic
2537 520 2843 580 incantavit
2886 521 3156 586 animam,
3207 527 3261 577 et
3302 497 3431 575 talia
3484 520 3537 573 in

300 609 402 683 τὴν
432 609 704 681 ὑμετέραν
728 609 908 680 ψυχὴν
948 610 1041 664 καὶ
1080 609 1305 664 τοιαῦτα
1358 610 1597 680 κεράσαν
1629 609 1748 663 κατ’
1777 611 1875 663 αὖ·

299 698 405 770 τῆς
423 699 712 769 φάρμακα,
729 698 804 762 ὡς
826 698 979 762 ὅλους
1008 698 1153 769 ὑμᾶς
1180 699 1487 770 προσδῆσαι
1506 701 1575 771 τῇ
1606 699 1876 771 ἀπωλείᾳ,

304 789 401 844 καὶ
451 788 528 861 μὴ
572 788 778 861 ὁπόσην
835 784 932 845 οὖν
991 790 1252 861 φροντίδα
1305 790 1580 862 σωτηρίας
1634 790 1880 846 τίθεσθαι

184 906 199 917 -
305 882 650 954 συγχωρεῖνς
714 879 859 952 Ἐγὼ
878 919 896 947 ,
942 882 1030 938 ῑνα
1071 882 1142 938 τὰ
1189 883 1322 956 περὶ⁵
1374 882 1751 955 Νουμεριανοῦ
1785 882 1881 937 νῦν

303 972 593 1029 καταλίπω
635 972 776 1046 (οὐδὲ
804 974 914 1046 γὰρ
946 974 1013 1029 ἂν
1040 974 1231 1031 τοῦτον
1280 975 1519 1045 ὀνήσειε,
1551 976 1601 1030 εί
1635 975 1733 1031 καὶ
1783 992 1884 1047 μυ-

311 1066 498 1138 ριάκις
547 1065 801 1137 βασιλεὺς
851 1064 991 1121 εἶναι
1021 1066 1254 1135 δοκοίη),
1285 1064 1399 1121 ἀλλ’
1432 1065 1576 1138 ὑπὲρ
1599 1065 1755 1137 ὐμῶν
1787 1065 1882 1121 καὶ

302 1158 405 1228 τῆς
454 1156 762 1230 ὑμετέρας,
817 1156 957 1228 φεῦί
1007 1158 1285 1221 ἀπωλείας
1349 1157 1607 1223 πολλάκις
1654 1175 1746 1230 μοι
1787 1158 1883 1213 καὶ

307 1247 509 1320 πικρὸν
557 1247 800 1320 προῆλθε
847 1249 1136 1319 δακρῦσαι,
1178 1250 1274 1303 καὶ
1313 1249 1545 1322 οἰμῶξαι
1592 1250 1758 1321 μέγα,
1800 1250 1883 1305 ὅτι

310 1339 456 1412 λόγῳ
476 1338 816 1411 τιμηθέντος,
835 1340 1065 1409 ἀλόγων,
1088 1340 1164 1405 ὡς
1184 1340 1320 1411 ὁρῶ,
1339 1332 1599 1409 γεγόνατε
1615 1341 1886 1411 ἀλογώτε-

308 1447 397 1501 ροι
422 1447 435 1460 ο
468 1430 562 1484 καὶ⁵
599 1428 719 1485 δέον
756 1430 847 1484 τὸν
871 1431 1069 1484 οίκείον
1100 1431 1401 1500 ἐπιγνῶναι
1438 1431 1806 1503 Δημιουργδν,
1834 1430 1889 1485 εῐ

304 1538 392 1583 τις
414 1520 688 1592 αἴσθησις,
709 1521 824 1574 ἀλλ’
855 1522 1012 1592 ὑμεῖς
1040 1523 1175 1596 πρὸς
1209 1523 1374 1578 αὐτὸν
1407 1524 1567 1594 μόνον
1597 1525 1761 1595 ὁρᾶτε
1794 1523 1882 1597 (τὸ

303 1612 713 1683 Νουμεριιινύς
730 1614 988 1687 προσθεὶς
1006 1608 1222 1686 ὄνομα),
1269 1616 1362 1670 καὶ
1393 1617 1492 1688 τῆς
1531 1617 1697 1672 αὐτοῦ
1727 1618 1884 1682 σκιᾶς

309 1706 406 1761 καὶ
452 1707 549 1761 τοῦ
597 1708 922 1776 τυραννικοῦ
974 1708 1320 1779 ὲκκρέμασθε
1370 1709 1655 1780 νεύματος.
1703 1710 1784 1766 Τά
1827 1709 1886 1766 δὲ

309 1800 450 1869 ἐμὰ,
489 1800 650 1872 ὁρᾶτε
690 1799 767 1864 ὡς
811 1799 1159 1869 ἐπικουφίζει
1209 1817 1300 1871 μοι
1328 1802 1441 1867 τοῖς
1479 1801 1665 1866 πόνοις
1694 1804 1724 1856 ό
1756 1802 1886 1874 ἐμὸς

305 1867 567 1960 Χριστὸς,
620 1889 716 1944 καί
763 1907 854 1962 μοι
897 1867 1240 1962 βοήθειανιὲξ
1265 1891 1422 1961 ἁγίου
1455 1867 1881 1964 κατοικητηρψίου
1915 1867 1958 1928 Β

306 1976 610 2052 ὶκπέμπει,
641 1982 736 2036 καὶ
784 1981 925 2053 πρὸς
955 1983 1080 2048 τοὺς
1111 1982 1306 2046 ἄθλους
1350 1982 1576 2053 ἐγείρει,
1609 1983 1704 2037 καὶ
1736 1983 1881 2054 πρὸς

308 2076 440 2140 τοὺς
466 2076 685 2146 ἀγῶνας
712 2075 1102 2148 ἐπιθαρρύνεις
1137 2074 1222 2130 Τὰ
1249 2077 1349 2147 μὲν
1386 2075 1452 2147 δὴ
1482 2074 1577 2131 τοῦ
1611 2074 1887 2147 μάρτυρος

311 2167 447 2240 πρὸς
475 2170 599 2234 τοὺς
623 2168 854 2241 δημίους
885 2169 1135 2225 τοιαῦτα.

384 2263 486 2317 lB'.
526 2262 686 2318 Ἀλλά
727 2262 836 2334 μὴν
864 2261 985 2316 οὐδὲ
1011 2262 1083 2316 τά
1110 2262 1300 2317 παιδία
1332 2262 1427 2318 τοῦ
1456 2264 1719 2335 τυράννου
1749 2261 1887 2333 sps.

306 2356 418 2410 λει⁸
448 2355 563 2411 ἀλλ’
591 2358 650 2410 ὲν
678 2356 789 2427 ὅσῳ
836 2355 932 2410 καὶ
979 2355 1155 2411 ταῦτα
1193 2355 1444 2428 μετέωρα
1473 2351 1588 2426 εἶχε
1614 2354 1674 2411 τὸ
1709 2353 1886 2420 ξύλον,

308 2446 425 2503 τῶν
457 2448 875 2522 καταρρεόντων
909 2447 1008 2520 μὶν
1046 2448 1140 2502 τοῦ
1172 2448 1422 2519 σώματος
1468 2447 1648 2519 μελῶν
1669 2447 1889 2519 ἀμελῶς

311 2534 429 2609 εἶχε
455 2538 550 2592 καὶ
568 2537 852 2611 ῥᾳθύμωςο
879 2540 1027 2592 πᾶσα
1050 2539 1107 2593 δὲ
1124 2538 1330 2593 τούτων
1354 2541 1435 2603 εἰς
1457 2538 1548 2592 τὸν
1570 2537 1891 2593 διδάσκαλον

310 2631 614 2701 ἐτέτραπτο
638 2631 673 2702 ἡ
697 2628 865 2701 ψυχὴ,
888 2629 985 2684 καὶ
1016 2630 1155 2701 ὑπὲρ
1175 2630 1386 2685 ἐκείνου
1415 2628 1604 2694 κακῶς
1630 2628 1777 2685 οὕτω
1797 2630 1890 2684 τὸν

315 2721 583 2791 τύραννον
630 2719 847 2789 ἔλεγον*
871 2719 1016 2797 ,Οὐκ
1061 2720 1184 2791 αἰδῇ
1209 2757 1226 2784 ,
1272 2719 1429 2775 ἄθλιε
1454 2760 1471 2784 ,
1514 2721 1597 2783 είς
1636 2718 1891 2791 τοιαύτην

316 2811 490 2875 οὕτως
515 2811 702 2883 τιμίαν
723 2811 970 2882 κεφαλὴν
999 2811 1334 2883 ἑννὸρίζωνς
1364 2811 1483 2866 Οὐκ
1532 2809 1888 2885 ἑγκαλύπτῃς

317 2903 396 2957 Οὐ
421 2902 621 2968 δέδιας,
639 2902 861 2967 σκότους
884 2902 1045 2967 αὐτὸς
1062 2898 1361 2967 δοῦλοςῶν,
1379 2902 1583 2973 κήρυκι
1603 2901 1781 2971 φωτὸς
1797 2904 1892 2957 καὶ

319 2993 570 3067 ὕπηρότῃ
588 2993 984 3065 προσδάλλωνς
1008 2994 1125 3048 Οὐκ
1146 2992 1380 3066 αἰσχύνῃ
1405 2992 1615 3048 παίδων
1641 2991 1803 3060 παίγυ
1814 3008 1892 3046 ιον

320 3085 425 3139 ὐπὸ
452 3086 572 3149 ταῖς
601 3086 808 3149 κοιναῖς
857 3083 1012 3154 ὂψεσι
1055 3083 1284 3147 ταύταις
1329 3085 1650 3155 γινόμενος;
1685 3083 1758 3137 Σὺ
1793 3084 1892 3155 μὲν

318 3176 430 3248 γάρ
478 3176 745 3250 ταράττῃ,
792 3177 888 3231 καὶ
935 3176 1206 3248 μέμηνας,
1247 3178 1343 3230 καὶ
1392 3176 1616 3249 διακαίῃ
1650 3177 1718 3230 τὰ
1745 3174 1892 3231 ἔνδον

316 3237 434 3335 rei;
462 3237 750 3341 τοῦ-ου
768 3237 1102 3341 φλεγόμενος
1130 3237 1393 3342 ἄνθραξιν
1408 3286 1422 3301 ·
1443 3237 1679 3340 ἡμεῖς’δὲ
1702 3269 1890 3341 ῶσπερ
1918 3237 1961 3295 C

322 3364 541 3418 ἄνθεσιν
594 3365 830 3435 ἐαρινοῖς
874 3363 986 3427 τοῖς
1023 3362 1132 3418 τῶν
1162 3362 1272 3417 σῶν
1315 3361 1597 3436 τιμωριῶν
1633 3362 1895 3434 στίγμασι

317 3455 827 3526 διαποικιλλόμεθα.

394 3553 494 3608 ll".
534 3553 909 3626 Νουμεριανδς
955 3554 1138 3610 τοίνυν
1186 3553 1397 3609 ἐκεῖθεν
1440 3553 1581 3608 αὐτὰ
1631 3551 1772 3625 μετά
1800 3551 1895 3606 τοῦ

321 3645 653 3700 διδασκάλου
683 3646 1036 3715 καταγαγὼν,
1070 3645 1162 3700 τὸν
1194 3645 1293 3716 μὲν
1323 3644 1490 3700 αὐτοῦ
1525 3661 1627 3697 που
1670 3642 1896 3713 πλησίον

324 3738 430 3791 ὑπὸ
455 3739 564 3801 τοῖς
595 3736 831 3810 σιδηροῖς
860 3737 1087 3800 ἐκεινοις
1113 3736 1193 3790 ἔτι
1225 3737 1448 3808 δεσμοῖς
1487 3736 1639 3808 ποιρά
1664 3752 1770 3789 τινι
1796 3751 1896 3789 xa-

320 3828 567 3883 τακλείει
623 3831 887 3901 οἰκίσκῳ·
957 3829 1452 3901 παραστησάμενος
1492 3827 1549 3882 δὲ
1593 3828 1662 3882 τὰ
1714 3827 1898 3881 παιδία

325 3921 482 3994 (Matr
517 3920 626 3991 γὰρ
672 3921 812 3976 αὑτά
859 3920 946 3974 διὰ
981 3920 1042 3975 τὸ
1088 3920 1298 3974 ἀπαλδν
1341 3920 1441 3989 τῆς
1493 3919 1707 3990 φύσεως
1757 3920 1897 3972 ἑλεῖν

319 4009 506 4084 ᾤετο),
535 4011 795 4075 ποικίλως
820 4011 1096 4065 ἐθώπευεν
1124 4011 1264 4066 αὐτά
1292 4012 1390 4065 καὶ
1417 4012 1714 4083 ὑπήρχετο,
1732 4010 1899 4064 τέκνα

324 4100 508 4156 καλῶν
529 4139 546 4166 ,
596 4099 690 4155 καὶ
736 4100 900 4172 ἧθους
953 4099 1203 4171 γενναίου
1250 4099 1477 4163 παῖδας,
1529 4099 1625 4155 καὶ
1684 4097 1897 4168 φύσεως

325 4194 557 4266 ἀρίστης
610 4193 821 4271 ψυχὰς,
874 4193 969 4248 καὶ
1025 4193 1286 4264 χρήματα
1349 4192 1528 4256 διδοὺς
1583 4192 1679 4246 καὶ
1732 4189 1898 4271 τιμὰς

326 4262 786 4357 ὑπισχνούμενος,
832 4284 931 4341 καὶ
969 4262 1184 4348 πολλοίς
1230 4285 1526 4355 τρυφεροῖς
1573 4283 1709 4354 πρὸς
1758 4262 1899 4336 αὖτά

324 4378 422 4431 καὶ
447 4378 758 4442 κολακικοῖς
782 4379 895 4441 τοῖς
928 4376 1137 4448 ῥήμασι
1153 4374 1460 4449 χρώμενος.
1485 4375 1567 4428 Τά
1589 4375 1670 4440 δὲ,
1700 4373 1777 4438 ῶς
1807 4373 1897 4442 ὑφ’

328 4470 409 4524 ἑνὶ
448 4469 694 4541 λογισμῷ
741 4468 836 4524 καὶ
877 4467 1094 4541 γλώττῃ
1140 4469 1280 4539 μιᾷ,
1318 4467 1493 4533 Δόλιε,
1525 4465 1765 4536 λέγουσι,
1804 4466 1900 4519 καὶ

1978 627 2097 669 eam
2124 612 2309 670 effudit
2337 615 2654 684 pharmaea,
2678 621 2738 670 ut
2769 628 2864 670 vos
2892 621 3033 669 totos
3060 612 3244 684 alliget
3274 609 3537 673 interitui.

1979 716 2033 761 et
2060 722 2159 762 nec
2184 708 2453 763 sinat'vos
2481 708 2641 764 ullam
2671 707 2859 764 salutis
2882 707 3081 764 ducere
3107 706 3367 762 rationem
3388 705 3412 760 ἳ
3435 705 3544 772 Ego

1981 804 2192 863 autem,
2224 806 2288 854 ut
2314 799 2382 854 de
2413 797 2742 854 Numeriano
2770 813 2913 854 nunc
2945 798 3215 863 omittam,
3247 794 3377 851 nihil
3400 794 3543 850 enim

1980 903 2103 943 eum
2119 888 2344 957 juverit,
2364 889 2579 945 etiamsi
2600 889 2794 945 millies
2821 890 3066 944 videatur
3089 901 3211 943 esse
3228 886 3544 955 imperator,

1980 978 2078 1035 sed
2107 980 2175 1036 de
2204 979 2358 1036 vobis
2385 990 2439 1035 et
2463 989 2644 1037 vestro
2667 980 2909 1053 interitp,
2938 993 3081 1047 smpe
3102 977 3249 1034 venit
3293 976 3346 1032 in
3388 989 3546 1032 tuen-

1985 1079 2089 1125 tem
2137 1071 2332 1129 acerbe
2384 1071 2707 1144 lacrymari,
2748 1082 2803 1128 et
2844 1072 3084 1142 graviter
3132 1068 3367 1140 ejulare,
3403 1067 3547 1138 quod

1983 1182 2103 1224 cum
2134 1166 2258 1221 sitis
2289 1164 2542 1220 honorati
2573 1164 2800 1231 ratione,
2832 1162 3104 1227 evasistis,
3152 1171 3210 1215 ιιι
3242 1159 3418 1223 video,
3446 1159 3550 1213 mi-

1984 1275 2085 1317 nus
2113 1257 2321 1329 pmditi
2350 1256 2562 1312 ratione
2614 1271 2778 1326 quam
2805 1257 2965 1311 bruta
2995 1272 3010 1312 :
3035 1265 3234 1310 etcum
3254 1261 3549 1323 oporteret,

1984 1352 2028 1409 si
2061 1349 2198 1407 ullus
2215 1358 2359 1405 esset
2387 1362 2601 1413 sensus,
2622 1357 2864 1402 vestrum
2887 1360 3178 1416 agnoscere
3197 1344 3512 1401 Creatorem
3530 1384 3545 1409 ,

1986 1457 2080 1496 vos
2105 1440 2175 1496 ad
2205 1441 2350 1494 hunc
2376 1436 2549 1493 solum
2617 1433 2902 1491 intuemini
2928 1433 3164 1505 (adjecto
3195 1432 3411 1488 nomine
3447 1430 3553 1485 Nn-

1985 1530 2261 1605 meriani),
2295 1539 2351 1587 et
2380 1531 2447 1586 ab
2477 1529 2596 1600 ejus
2633 1527 2823 1583 umbra
2847 1536 2903 1582 et
2934 1525 3079 1580 vultu
3102 1523 3387 1597 tyrannico
3425 1536 3554 1594 pen-

1985 1627 2145 1684 detis.
2179 1623 2331 1693 Quod
2364 1623 2430 1678 ad
2457 1636 2547 1677 me
2592 1631 2772 1675 autem
2812 1618 3026 1680 attinet,
3066 1616 3328 1672 videtisne
3362 1629 3553 1685 quem-

1987 1717 2273 1774 admodum
2337 1712 2587 1769 Christus
2659 1724 2804 1764 meos
2850 1708 3064 1763 labozes
3117 1707 3330 1773 allevet,
3381 1713 3435 1759 et
3484 1720 3550 1760 ex

1988 1816 2179 1866 sancto
2197 1804 2509 1862 habitaculo
2542 1802 2757 1859 emittat
2812 1800 3108 1863 auxilium,
3153 1806 3209 1855 et
3259 1797 3445 1852 incitet
3487 1796 3553 1850 ad

1988 1901 2223 1967 labores,
2267 1906 2323 1954 et
2369 1896 2608 1952 animum
2658 1892 2821 1949 addat
2867 1890 2935 1947 ad
2990 1890 3329 1948 certamina?
3378 1889 3561 1959 Atque

1990 1992 2106 2050 haec
2141 1989 2356 2064 quidem
2396 1987 2609 2047 dicebat
2640 1994 2862 2044 sanctus
2891 1983 3259 2042 carnificibus.

2061 2266 2177 2323 ΧΠ.
2202 2263 2341 2333 Quin
2382 2264 2545 2319 etiam
2578 2278 2676 2319 nec
2698 2261 2853 2335 pueri
2874 2261 3092 2333 quidem
3118 2259 3312 2318 redditi
3340 2260 3555 2316 fuerant

1990 2360 2287 2419 imbecilles
2312 2378 2326 2415 :
2352 2357 2448 2415 sed
2471 2358 2598 2414 dum
2624 2358 2660 2413 ii
2692 2357 2998 2435 pendebant
3021 2356 3074 2412 in
3103 2356 3248 2429 ligno
3277 2355 3557 2419 sublimes,

1988 2453 2207 2510 fluentia
2256 2452 2474 2524 quidem
2514 2452 2756 2507 membra
2807 2449 3049 2521 corporis
3092 2463 3201 2504 non
3237 2439 3500 2503 curabant
3542 2465 3555 2500 :

1990 2546 2073 2602 eis
2106 2554 2284 2601 autem
2323 2552 2465 2599 totus
2502 2542 2715 2597 animus
2757 2555 3055 2597 conversus
3083 2548 3203 2595 erat
3245 2540 3312 2594 ad
3358 2536 3557 2611 magis-

1993 2641 2154 2693 trum.
2188 2640 2241 2687 et
2268 2646 2369 2702 pro
2401 2631 2490 2685 illo
2515 2631 2593 2685 sic
2613 2629 2917 2685 maledictis
2943 2628 3349 2686 insectabantur
3375 2637 3559 2699 tyran-

1991 2742 2118 2784 num
2150 2744 2165 2783 :
2197 2723 2314 2780 Non
2351 2734 2403 2781 te
2454 2723 2646 2793 pudet,
2682 2737 2714 2778 ο
2756 2720 2979 2784 infelix.
3033 2730 3138 2777 tam
3190 2718 3559 2774 venerandum

1993 2827 2152 2888 caput
2180 2824 2325 2872 tanta
2346 2815 2559 2871 allicere
2584 2813 2952 2870 contumelia?
2972 2810 3087 2868 Non
3110 2809 3411 2878 erubescis,
3431 2824 3555 2866 cum

1993 2910 2068 2965 sis
2096 2910 2211 2978 ipse
2241 2906 2385 2963 filius
2433 2904 2800 2972 tenebrarum,
2844 2904 2981 2961 lucis
3022 2918 3323 2975 prarconem
3365 2913 3419 2958 et
3459 2904 3563 2959 mi-

1993 3001 2227 3057 nistrum
2263 2999 2344 3054 sic
2404 2996 2679 3053 tractare?
2726 2995 2888 3052 Nullo
2947 2996 3152 3067 pudore
3195 2994 3560 3057 sull‘underis,

1994 3090 2137 3161 quod
2162 3104 2345 3145 coram
2376 3088 2630 3144 omnibus
2652 3087 2906 3144 babearis
2933 3087 3115 3156 pueris
3133 3086 3406 3143 ludibrio?
3429 3085 3560 3142 Nam

2000 3190 2054 3237 tu
2090 3180 2308 3250 quidem
2339 3178 2701 3244 conturbaris,
2733 3185 2788 3234 et
2828 3176 2985 3237 furis.
3017 3184 3070 3234 et
3101 3178 3244 3233 intus
3270 3179 3443 3233 ureris
3468 3179 3561 3232 ira:

1998 3270 2253 3326 incensus
2284 3269 2610 3325 carbonibus
2642 3288 2655 3324 :
2692 3284 2789 3324 nos
2822 3280 3002 3323 autem
3026 3308 3041 3331 ,
3084 3279 3335 3339 tanquam
3388 3269 3564 3324 vernis

1994 3363 2245 3428 ﬂoribus,
2288 3362 2679 3435 suppliciorum
2716 3368 2990 3417 variamur
3032 3362 3401 3435 stigmatihus.
3494 3392 3499 3397 ο

2070 3548 2212 3604 Xlll.
2252 3549 2610 3606 Numerianns
2641 3558 2820 3606 autem
2859 3566 2979 3606 cum
3005 3566 3098 3607 eos
3130 3566 3233 3606 una
3276 3564 3397 3606 cum
3442 3565 3562 3604 ma.

1998 3641 2167 3710 gislro
2197 3641 2345 3696 illinc
2391 3642 2726 3708 deduxisset,
2757 3642 3015 3715 Babylam
3047 3641 3263 3714 quidem
3296 3657 3464 3714 prope
3505 3658 3566 3699 se

1997 3731 2188 3786 ferreis
2235 3732 2341 3788 illis
2387 3734 2625 3788 vinctum
2659 3734 2918 3797 vinculis,
2972 3733 3198 3789 includit
3239 3734 3293 3789 in
3329 3731 3562 3805 quadam

1999 3823 2341 3878 domuncula.
2371 3825 2502 3879 Cum
2535 3838 2729 3894 pueros
2756 3833 2935 3881 autem
2978 3824 3044 3879 ad
3087 3840 3146 3880 se
3182 3834 3428 3881 curasset
3463 3824 3563 3879 ad-

1999 3914 2270 3969 ducendos
2300 3913 2560 3985 (putabat
2590 3914 2734 3969 enim
2772 3929 2831 3971 se
2870 3913 3082 3969 facilius
3117 3929 3209 3969 eos
3251 3929 3371 3969 esse
3400 3930 3566 3987 supe-

2000 4012 2243 4058 raturum
2279 4013 2501 4075 propter
2533 4005 2710 4060 aetatis
2737 4004 3198 4076 teneritudinem)
3246 4004 3472 4062 includit
3512 4009 3566 4063 in

2002 4094 2111 4148 alia
2155 4080 2478 4149 domuncula
2510 4111 2525 4149 :
2553 4104 2608 4150 et
2632 4095 2779 4151 varie
2805 4095 2884 4151 cis
2919 4095 3319 4160 assentabatur,
3344 4105 3398 4150 et
3422 4095 3567 4151 blan-

2005 4184 2278 4251 diebatur,
2319 4195 2375 4242 et
2417 4201 2478 4243 se
2507 4186 2588 4243 eis
2636 4186 2966 4253 insinuabat,
3001 4203 3094 4243 eos
3144 4203 3341 4243 vocans
3393 4188 3571 4260 filios,

2000 4286 2053 4330 et
2084 4276 2310 4347 egregia:
2337 4276 2535 4333 indolis
2566 4292 2762 4348 pueros
2790 4287 2842 4334 et
2872 4277 3115 4349 przeclari
3156 4277 3380 4349 ingenii,
3408 4280 3574 4337 dans-

1999 4382 2106 4438 que
2136 4369 2218 4424 eis
2260 4370 2539 4438 pecunias,
2583 4379 2638 4426 et
2685 4368 2920 4425 honores
2960 4370 3245 4440 pollicens,
3286 4369 3574 4441 multisque

2000 4462 2216 4518 blandis
2241 4473 2298 4518 et
2339 4463 2586 4519 dulcibus
2629 4465 2806 4521 verbis
2847 4466 2987 4537 apud
3017 4480 3112 4521 eos
3146 4474 3324 4522 utens.
3369 4464 3448 4521 Illi
3482 4482 3576 4520 an-

329 4560 625 4631 πανοῦργε,
653 4560 706 4614 τί
733 4560 926 4633 δέλεαρ
969 4562 1105 4632 ἡμῖν
1137 4560 1311 4614 ταῦτα
1342 4558 1664 4631 προτείνεις,
1706 4557 1891 4611 συλλα-

2007 4563 2140 4618 tem,
2164 4552 2333 4608 veluti
2360 4569 2464 4608 una
2500 4564 2682 4610 mente
2733 4565 2788 4611 et
2814 4570 2923 4612 uno
2953 4569 3080 4610 ore:
3119 4556 3337 4620 Delose.
3360 4556 3570 4622 dicunt,

327 4652 445 4705 δεῖν
480 4646 570 4706 οἷα
594 4650 848 4720 στρουθία
876 4653 941 4723 τῇ
976 4650 1160 4721 παγίδι
1189 4648 1549 4721 βουλόμενος;
1576 4647 1689 4702 Οὐκ
1725 4653 1896 4719 ἀρνη-

329 4741 541 4813 σόμεθά
563 4759 644 4807 σε,
680 4741 854 4813 μῆτερ
883 4741 1178 4805 Εὐσέϐεια,
1224 4741 1285 4795 οὐ
1322 4739 1638 4812 ψευσόμεθά
1666 4756 1747 4805 σε,
1776 4738 1897 4808 φίλε

331 4835 594 4891 παιδευτά
622 4834 865 4890 Βαϐύλα.
908 4835 1021 4905 Οὐχ
1052 4835 1271 4908 αἱρήσει
1319 4832 1574 4906 βασιλεὺς
1606 4834 1754 4904 ἡμᾶς
1777 4832 1898 4886 οὐδὲ

330 4923 447 4994 εἷς,
494 4927 599 4983 κᾶν
631 4929 681 4982 εί
730 4929 826 4982 καὶ
870 4928 1051 4981 πολλῶ
1113 4926 1491 5002 Νουμεριανοῦ
1542 4926 1899 4998 σφοδρότερον

329 5024 608 5076 πνεύσειε.

400 5206 500 5260 ΙΔ⁹.
526 5206 722 5273 ,Ταῦτα
741 5204 852 5258 τῶν
879 5204 1084 5260 παίδων
1113 5204 1348 5277 ἰσχυρῶς
1371 5204 1508 5277 πρὸς
1527 5204 1617 5257 τὸν
1638 5203 1900 5274 τύραννον

328 5297 767 5369 διατεινομένων,
799 5300 894 5352 καὶ
930 5297 1071 5369 μέγα
1107 5297 1374 5370 βοώντων,
1404 5299 1432 5351 ό
1454 5298 1695 5366 γενναῖος
1723 5294 1901 5349 Βαϐύ-

330 5391 429 5453 λας
469 5389 565 5442 καὶ
597 5389 766 5453 ὅντως
809 5389 1033 5442 ἐκείνων
1085 5388 1422 5453 διδάσκαλος,
1471 5388 1697 5460 πλησίον
1740 5389 1798 5441 ὲν
1825 5385 1904 5458 τῷ

328 5481 561 5550 οίκίσκῳ
578 5482 1087 5553 συγκεκλεισμένος,
1107 5484 1203 5537 καὶ
1222 5482 1412 5536 τούτου
1437 5481 1672 5546 ἀκούων,
1698 5480 1902 5552 μεστὴν

331 5567 481 5643 εἶχεν
526 5573 724 5644 ἡδονῆς
761 5575 861 5646 τὴν
904 5574 1083 5646 ψυχὴν
1116 5577 1228 5638 τοῖς
1283 5570 1542 5643 παροῦσι,
1593 5573 1688 5627 καὶ
1719 5572 1903 5626 οὐκέτι

332 5667 423 5722 ἐπ’
448 5666 735 5738 ἀμφιϐόλῳ
762 5666 839 5738 τῷ
887 5668 1130 5738 μέλλοντι
1163 5664 1230 5739 ἧν
1249 5711 1263 5732 ,
1286 5667 1421 5720 ἀλλά
1440 5707 1456 5730 ,
1482 5664 1645 5733 Εὖγε,
1680 5660 1725 5719 ὧ
1757 5663 1903 5735 φίλοι

2004 4654 2059 4698 ει
2095 4643 2382 4710 malitiose,
2404 4644 2547 4714 quod
2571 4646 2684 4700 haec
2722 4646 2895 4711 nobis,
2933 4655 3190 4715 tanquam
3232 4659 3411 4700 escam
3438 4660 3571 4717 por-

2006 4737 2157 4808 rigis,
2199 4736 2390 4793 volens
2429 4752 2561 4799 nos.
2601 4747 2854 4806 tanquam
2892 4751 3141 4808 passeres
3180 4737 3372 4808 laqueo
3424 4752 3572 4793 com-

2008 4829 2360 4897 prehendere.
2402 4828 2518 4885 Non
2559 4836 2613 4885 te
2667 4830 3003 4901 negabimus,
3056 4838 3228 4884 mater
3265 4829 3436 4902 pietas
3469 4828 3573 4902 (6).

2008 4921 2121 4977 Non
2153 4931 2206 4978 te
2240 4924 2503 4990 fallemus,
2533 4922 2699 4979 chare
2745 4926 2934 4981 doctor
2974 4923 3196 4994 Babyla.
3238 4923 3428 4981 Nullus
3478 4940 3576 4981 nos

2003 5017 2182 5087 capiet
2204 5020 2527 5088 imperator,
2547 5018 2759 5074 etiamsi
2784 5017 3112 5075 Numeriano
3140 5017 3377 5077 furorem
3402 5020 3573 5091 spira-

2002 5114 2071 5166 rit
2094 5111 2487 5167 vehementius.

2078 5202 2217 5257 ιιιγ.
2266 5204 2389 5259 ΙΙωο
2435 5204 2574 5274 apud
2613 5215 2894 5276 tyrannum
2937 5206 3118 5277 pueris
3152 5205 3575 5271 afﬁrmantibus,

2007 5303 2063 5350 et
2095 5311 2287 5366 magna
2322 5311 2455 5351 voce
2501 5297 2890 5363 clamantibus,
2930 5299 3179 5369 egregius
3231 5297 3487 5370 Babylas,
3523 5306 3577 5351 et

2010 5404 2135 5443 vere
2165 5388 2378 5444 illorum
2415 5390 2695 5460 magister,
2727 5391 2818 5462 qui
2849 5399 2965 5447 erat
2998 5391 3236 5446 inclusus
3263 5390 3316 5444 in
3344 5390 3577 5445 domun-

2011 5481 2154 5543 cula,
2181 5488 2234 5537 et
2260 5496 2354 5536 eos
2381 5483 2653 5546 audiebat,
2683 5494 2900 5553 propter
2923 5485 3035 5540 haec
3057 5484 3157 5539 fuit
3180 5498 3373 5554 magna
3408 5481 3576 5551 reple-

2013 5582 2096 5627 tus
2136 5572 2357 5636 laetitia;
2394 5589 2567 5645 neque
2601 5582 2716 5629 erat
2752 5577 2981 5646 amplius
3027 5576 3094 5632 de
3139 5575 3320 5630 futuro
3357 5573 3575 5641 dubius,

2011 5665 2142 5721 sed:
2165 5665 2336 5736 Euge,
2362 5669 2590 5729 dicebat.
2622 5684 2655 5722 o
2685 5670 2836 5724 chari
2871 5670 3050 5740 pueri!
3080 5681 3235 5739 euge,
3268 5680 3385 5722 mea
3414 5665 3577 5723 disci.

410 5824 489 5896 (6)
525 5824 729 5890 Grato,
765 5796 942 5898 μῆτερ
974 5825 1257 5881 Εὑσέὸεια.
1289 5825 1369 5879 An
1401 5829 1502 5881 hoc
1531 5821 1719 5877 matris
1742 5791 1891 5891 potiu

2004 5836 2159 5878 omen
2182 5838 2344 5894 quam
2375 5823 2691 5881 Tbeodula?
