3828 6502
275 348 379 412 979

1514 359 1793 444 MENSIS
1830 361 2286 432 JANUARIUS.

3408 383 3527 446 980

271 466 449 536 pliual
485 465 702 536 accipio
743 468 1044 524 mercedem
1081 485 1213 526 mea:
1250 472 1608 542 educationis,
1652 475 1846 546 colligo

1960 483 2159 561 παῖδες,
2217 485 2423 554 ἔλεγεν,
2477 487 2626 557 εὖγε,
2671 485 2717 542 ὦ
2761 489 2982 546 παιδεία
3025 493 3174 564 ἐμήε
3221 495 3412 565 ἀπέχω
3451 498 3531 550 τὰ

273 555 506 626 majores
543 556 750 612 fructus
784 558 1050 615 laborum.
1099 562 1213 633 Ago
1252 564 1346 619 tibi
1391 567 1630 636 gratias,
1663 567 1842 623 divina

269 649 325 704 in
353 664 451 704 nos
478 650 836 718 providentia,
879 650 1020 720 quod
1053 667 1140 708 me
1175 653 1390 723 dignum
1420 659 1716 724 censueris,
1751 659 1842 729 qui

270 754 498 795 vocarer
535 742 794 810 magister
843 743 1053 811 talium,
1100 760 1207 800 non
1245 761 1556 815 puerorum,
1607 752 1699 806 sed
1729 751 1841 806 for-

275 835 403 887 tium
434 835 611 902 potius
639 835 916 903 virorum;
950 853 1056 892 non
1085 848 1245 894 aetate
1272 839 1578 906 infantium,
1609 843 1705 898 sed
1735 843 1842 898 vir-

273 934 384 979 tute
423 925 804 994 perfectorum.

343 1014 459 1070 XV.
497 1015 715 1071 Interim
758 1028 933 1074 autem
978 1034 1099 1074 eum
1130 1035 1343 1091 quoque
1388 1022 1507 1077 sisti
1549 1032 1703 1077 curat
1737 1023 1844 1080 Nu-

271 1109 544 1164 merianus
583 1127 597 1164 :
631 1108 944 1169 et:.Nonue
984 1119 1109 1166 sunt
1143 1112 1256 1177 tui,
1297 1113 1500 1182 inquit,
1536 1115 1619 1170 isti
1655 1117 1844 1186 pueri?

273 1215 423 1265 nam,
450 1217 542 1268 per
565 1199 777 1266 Jovem,
805 1211 931 1256 sunt
958 1203 1044 1256 isti
1078 1203 1175 1258 tibi
1205 1205 1471 1259 sententia
1499 1206 1660 1259 animi
1688 1206 1844 1262 valde

272 1290 498 1345 similes.
536 1289 630 1345 Ille
686 1301 866 1346 autem
901 1309 914 1346 :
956 1280 1190 1363 Spiritu,
1219 1295 1416 1363 inquit,
1459 1311 1492 1350 o
1528 1296 1839 1366 imperator,

271 1391 398 1437 sunt
429 1381 543 1450 filii,
577 1397 682 1436 nou
723 1398 915 1449 carne;
952 1386 1194 1454 corporei
1235 1387 1377 1441 enim
1423 1389 1626 1444 amoris
1659 1400 1712 1444 et
1749 1407 1842 1446 cu-

272 1472 397 1529 bilis
443 1487 658 1528 sensum
717 1475 782 1529 ad
831 1475 933 1530 hoc
979 1490 1148 1545 usque
1194 1486 1405 1548 tempus
1448 1494 1553 1534 non
1600 1483 1840 1550 percepi.

274 1565 379 1621 Sed
411 1581 507 1621 cur
544 1582 675 1632 non,
731 1567 905 1637 inquit
931 1567 1311 1633 Numeriauus,
1354 1572 1462 1626 cito
1504 1574 1836 1640 sacrificans,

277 1666 332 1712 et
363 1666 414 1712 te
458 1667 512 1712 et
551 1672 648 1712 nos
703 1657 899 1713 liberas
945 1673 974 1711 a
1024 1659 1332 1715 molestiis?
1377 1660 1472 1718 Sin
1508 1670 1686 1717 autem
1733 1680 1838 1718 non

279 1746 462 1801 sinunt
484 1762 560 1802 ea:
593 1762 712 1818 qua:
743 1760 1135 1818 praecesserunt
1165 1751 1442 1821 molestiae,
1474 1753 1568 1808 sed
1595 1757 1842 1811 mordent

280 1851 343 1892 ac
374 1817 683 1892 excruciant
743 1817 796 1890 et
836 1838 1075 1893 dolorem
1122 1839 1381 1908 aﬂerunt;
1416 1817 1468 1896 at
1501 1859 1599 1914 ego
1632 1854 1683 1900 te
1720 1861 1845 1914 pos-
1878 1817 1920 1873 Β

277 1945 393 1983 sum
429 1930 762 1984 remunerari
797 1929 950 2001 longe
977 1931 1219 2000 pluribus
1250 1943 1305 1988 et
1334 1933 1629 2004 majoribus
1666 1937 1840 2006 bouis,

274 2033 327 2076 et
357 2023 609 2077 inducere
633 2022 698 2076 ad
725 2021 936 2076 illarqu
960 2023 1305 2080 oblivionem.
1337 2026 1536 2082 Deinde
1564 2028 1846 2085 videbatur

274 2113 438 2168 etiam
489 2113 538 2167 ei
572 2113 771 2168 bonum
808 2113 938 2169 dare
985 2115 1266 2171 consilium
1320 2117 1388 2171 ad
1435 2133 1496 2172 ea
1542 2135 1661 2190 qua:
1691 2131 1848 2178 erant

276 2204 548 2275 proposita
590 2203 923 2274 :Oporteret
968 2217 1172 2273 autem,
1214 2208 1425 2277 dicens,
1478 2224 1510 2264 ο
1567 2211 1843 2282 magister,

277 2303 424 2349 tuam
470 2297 728 2352 canitiem
778 2312 1068 2367 suggerere
1098 2314 1390 2368 puerorum
1432 2302 1575 2356 aetati
1610 2303 1660 2357 id
1705 2305 1844 2374 quod

278 2388 452 2456 decet,
487 2395 540 2442 et
567 2389 646 2442 eis
682 2389 1026 2458 persuadere,
1079 2404 1145 2445 ne
1184 2391 1319 2444 adeo
1367 2392 1762 2461 intempestive,
1793 2403 1845 2468 et

277 2481 332 2535 iu
364 2481 479 2550 ipso
525 2479 656 2536 flore
683 2490 1021 2535 marcescant
1056 2481 1457 2540 miserabiliter.
1496 2485 1715 2541 Diviuus
1751 2501 1845 2541 au-

279 2581 384 2626 tem
405 2571 653 2643 Babylas,
679 2572 868 2627 videns
891 2571 1032 2626 illam
1059 2570 1374 2628 Numeriani
1400 2575 1845 2642 sollicitudinem,

279 2676 332 2719 et
371 2667 422 2720 iu
474 2653 532 2720 se
566 2666 737 2736 ipsum
771 2665 908 2721 etin
941 2681 1142 2736 pueros
1181 2677 1547 2738 comparatam
1587 2668 1850 2725 callidita-

280 2767 430 2811 tem:
463 2755 698 2824 Videris,
738 2758 932 2826 inquit,
982 2773 1016 2812 o
1057 2757 1379 2828 imperator,
1431 2759 1612 2814 valere
1659 2760 1850 2830 iubens

280 2849 570 2916 Barbaros,
609 2865 730 2904 cum
764 2850 961 2920 quibus
994 2857 1047 2904 te
1081 2851 1314 2904 maxime
1344 2861 1618 2921 oporteret
1651 2853 1847 2908 bellum

282 2957 491 3012 gerere,
527 2951 582 2997 et
634 2941 872 2996 externis
907 2941 1053 2995 curis
1104 2939 1364 3005 dimissis,
1401 2943 1452 2995 in
1504 2957 1603 2996 nos
1635 2943 1849 2996 univer-

281 3051 400 3090 sum
431 3035 765 3090 convertisse
793 3033 1068 3098 studium;
1101 3047 1206 3087 non
1231 3049 1294 3086 eo
1319 3041 1467 3086 tuum
1497 3033 1732 3104 dirigens
1760 3047 1850 3104 ap-

1945 575 2189 642 τροφεία,
2235 576 2489 645 μείζονας
2525 577 2633 632 τῶν
2683 579 2862 633 πόνων
2910 581 3185 652 δρέπομαι
3224 585 3352 647 τοὺς
3385 602 3532 655 καρ⁶

1947 661 2100 721 πούς.
2143 664 2462 738 Εὐχαριστῶ
2495 685 2595 734 σοι,
2625 669 2744 724 θεία
2787 670 2894 724 τῶν
2935 672 3063 742 περὶ
3090 673 3237 743 ἡμᾶς
3263 674 3526 744 Πρόνοια,

1944 753 2026 805 ὅτι
2065 755 2319 810 τοιούτων
2359 776 2426 828 με
2472 759 2737 830 κληθῆναι
2798 761 3118 816 διδάσκαλον
3175 765 3528 837 κατηξίωσας

1944 844 2004 897 οὐ
2035 847 2262 913 παίδων,
2314 851 2430 904 ἀλλ’
2477 853 2764 922 ἀριστέων,
2794 855 2855 908 ού
2888 856 3096 924 νηπίων
3139 857 3237 928 τὴν
3274 857 3525 929 ἡλικίαν,
3617 859 3622 864 ’

1943 936 2080 991 ἀλλὰ
2110 939 2331 994 τελείων
2364 942 2464 1014 τὴν
2493 946 2716 1016 ἀρετήν.

2015 1031 2119 1088 IE'.
2155 1033 2265 1087 Καὶ
2295 1033 2495 1101 μεταξῦ
2555 1038 2856 1106 παρίστησι
2882 1038 2979 1091 καὶ
3007 1037 3170 1091 αὑτὸν
3200 1039 3526 1111 Νουμερια-

1944 1123 2052 1187 νὸς,
2079 1125 2200 1190 καὶ,
2232 1122 2375 1194 ’Λρα
2401 1127 2520 1197 οὐχὶ
2553 1129 2621 1181 σά
2660 1125 2775 1181 ἐστι
2808 1130 2961 1182 ταυτὶ
2984 1129 3052 1182 τὰ
3088 1130 3311 1194 παιδίας
3359 1131 3525 1200 φησί.

1943 1213 2026 1285 Νὴ
2056 1215 2154 1268 Δία
2185 1232 2248 1283 γε
2270 1232 2285 1247 ο
2319 1218 2457 1271 πάνυ
2488 1217 2595 1285 γάρ
2624 1235 2719 1276 ,σοι
2744 1217 2840 1289 τὴν
2876 1219 3100 1290 γνώμην
3134 1221 3394 1275 ἐοίκασιν.
3438 1221 3504 1274 '0

1941 1305 2018 1368 δὲ,
2053 1305 2142 1375 Τῷ
2173 1305 2464 1376 πνεύματι,
2515 1307 2756 1379 βασιλεῦ,
2797 1310 2922 1380 ἔφη,
2971 1311 3066 1364 καὶ
3109 1313 3172 1363 οὐ
3215 1314 3278 1381 τῇ
3321 1310 3524 1381 σαρκίο

1944 1398 2140 1469 ἔρωτος
2181 1400 2289 1468 γὰρ
2319 1399 2429 1470 ἐγὼ
2456 1402 2770 1472 σωματικοῦ
2803 1404 2885 1464 είς
2911 1404 3029 1457 τόδε
3059 1405 3252 1474 χρόνον
3281 1404 3376 1458 καὶ
3401 1401 3527 1455 κοί-

1942 1507 2040 1559 της
2061 1491 2344 1559 ἄγευστος.
2381 1493 2544 1546 Ἀλλά
2569 1493 2621 1546 τί
2651 1494 2726 1564 μὴ
2769 1495 2964 1548 θᾶττον
2990 1494 3183 1559 θύσας,
3211 1486 3344 1566 φηᾱι
3372 1495 3525 1547 Νου-

1945 1583 2224 1655 μεριανὸς,
2249 1584 2592 1656 πραγμάτων
2617 1569 2710 1640 καὶ
2732 1585 2926 1640 σαυτὸν
2942 1587 3037 1640 καὶ
3060 1589 3211 1657 ἡμᾶς
3233 1585 3525 1640 ἀπαλλάτ-

1942 1693 2088 1742 τεις;
2121 1677 2184 1731 Εἰ
2213 1676 2270 1730 δὲ
2296 1676 2364 1730 τὰ
2393 1676 2730 1748 προλαϐόντα
2758 1678 2910 1732 δεινὰ
2939 1679 3041 1732 οὐκ
3063 1680 3147 1748 ἐᾷ,
3174 1678 3309 1730 ἀλλά
3332 1677 3526 1730 δάκνει

1944 1765 2039 1818 καλ⁸
2081 1765 2245 1837 όδυνᾷ
2286 1766 2382 1820 καὶ
2429 1768 2508 1830 είς
2551 1769 2711 1821 ἀνίαν
2757 1768 3051 1838 ἐμϐάλλει·
3089 1767 3225 1822 ἀλλά
3253 1767 3528 1837 δυναίμην

1945 1856 2011 1910 ἂν
2037 1856 2212 1925 ἔγωγε
2242 1855 2449 1927 μείζοσί
2479 1874 2538 1910 σε
2569 1858 2750 1928 πολλῷ
2781 1863 2882 1912 καὶ
2909 1858 3121 1911 πλείοσι
3153 1859 3265 1918 τοῖς
3295 1873 3532 1926 χρηστο-

1943 1947 2126 2018 τέροις
2170 1948 2536 2020 ἀμείψασθαι,
2572 1950 2665 2002 καὶ
2702 1951 2780 2013 εἰς
2809 1949 2982 2020 λήθην
3013 1950 3239 2003 ἐκείνων
3269 1949 3527 2016 ἀγαγεῖν.

1946 2036 2080 2094 Εἶτα
2122 2041 2214 2093 καὶ
2261 2039 2582 2110 σύμϐουλος,
2624 2041 2774 2112 αὐτῷ
2827 2041 3003 2094 ἐδόκει
3052 2035 3287 2110 χρηστὸς
3335 2043 3416 2102 εἰς
3454 2039 3528 2092 τὰ

1948 2130 2280 2202 προκείμενα
2316 2131 2594 2198 γίνεσθαι·
2641 2133 2839 2203 Ἐχρῆν
2865 2131 2921 2185 δὲ
2962 2132 3092 2202 ἄρα,
3150 2131 3348 2199 λέγων,
3381 2131 3530 2184 διδά-

1949 2223 2138 2289 σκαλε,
2169 2222 2267 2295 τὴν
2294 2222 2390 2294 σὴν
2417 2224 2610 2277 πολιὰν
2635 2227 2703 2294 τῇ
2727 2225 2837 2278 τῶν
2877 2225 3083 2278 παίδων
3106 2224 3291 2294 ἡλικίᾳ
3313 2224 3376 2276 τὸ
3399 2224 3523 2276 δέον

1947 2314 2249 2378 ὑποθεῖναι,
2303 2316 2399 2368 καὶ
2461 2317 2648 2369 πεῖσαι
2692 2313 2767 2386 μὴ
2817 2314 2996 2385 ἄωρον
3045 2315 3188 2368 οὕτω
3246 2315 3340 2369 καὶ
3387 2311 3525 2384 παρ’

1948 2406 2118 2478 αὐτὴν
2153 2406 2252 2477 τὴν
2279 2407 2449 2477 ἄνθην
2479 2407 2730 2467 ἐλεεινῶς
2774 2407 3252 2478 ἀπομαρανθῆναι.
3292 2406 3352 2461 Ὁ
3382 2408 3529 2470 θεῖος

1949 2497 2125 2550 τοίνυν
2151 2497 2399 2562 Βαϐύλας
2427 2497 2487 2550 τὸ
2513 2497 2773 2565 ἐπιμελὲς
2807 2500 2985 2552 ἐκεῖνο
3012 2497 3392 2570 Νουμεριανοῦ
3431 2497 3530 2551 καὶ

1947 2590 2138 2654 δεινῶς
2171 2591 2478 2663 πανοῦργον
2502 2593 2629 2661 περὶ
2656 2591 2819 2646 αύτὺν
2850 2593 2945 2645 καὶ
2975 2593 3102 2654 τοὺς
3133 2592 3332 2655 παῖδας
3363 2590 3526 2656 ἰδὼν,

1954 2684 2195 2746 Ἔοικας,
2221 2683 2346 2754 ἔφη,
2382 2682 2624 2752 βασιλεῦ,
2655 2683 2722 2736 τὰ
2751 2683 2889 2754 πρὸς
2913 2685 3040 2754 τοὺς
3065 2682 3382 2753 Βαρῦἀρους
3405 2683 3531 2749 χαί-

1953 2790 2066 2846 ρειν
2097 2773 2286 2839 ἐάσας,
2313 2768 2392 2836 οἷς
2425 2790 2484 2826 σε
2510 2772 2728 2826 πάντων
2764 2773 3000 2842 μάλιστα
3042 2771 3296 2842 πολεμεῖν
3332 2771 3524 2841 ἐχρῆν,

1950 2867 2042 2920 καὶ
2069 2866 2204 2929 ὅλως
2231 2866 2340 2919 τῶν
2365 2864 2563 2929 ἔξωθεν
2589 2864 2884 2934 φροντίδων
2909 2864 3202 2934 ἀφέμενος,
3226 2862 3325 2934 τὴν
3355 2879 3531 2915 σπου-

1945 2958 2043 3029 δὴν
2075 2959 2292 3012 ἃπασαν
2339 2958 2424 3026 ἐφ’
2469 2957 2619 3027 ἡμᾶς
2664 2957 2970 3027 τρέψασθαι
3037 2958 3132 3010 καὶ
3200 2955 3297 3026 τὴν
3349 2969 3532 3022 παρα-

1951 3049 2173 3118 σκευὴν,
2193 3049 2294 3118 οὐχ
2323 3048 2472 3110 ὅπως
2506 3046 2799 3118 ὠφελήσῃς
2820 3064 2872 3099 τι
2898 3047 2960 3099 τὸ
2985 3046 3222 3115 ὑπήκοον
3248 3043 3335 3096 διὰ
3372 3041 3532 3111 μερί-
3581 3039 3588 3045 ’

281 3135 556 3195 paratum,
609 3135 666 3178 ut
711 3133 813 3178 tua:
841 3139 986 3178 curae
1021 3123 1089 3179 iis
1136 3123 1347 3192 prosint
1386 3124 1479 3194 qui
1531 3133 1620 3180 tuo
1658 3136 1848 3194 parent

1960 3155 2091 3210 μνης
2120 3137 2421 3208 τιθέμενος,
2451 3136 2565 3190 ἀλλ’
2588 3135 2727 3189 ὥστε
2753 3136 3003 3206 βασάνων
3032 3134 3217 3188 λαὸεῖν
3249 3129 3528 3200 ἀφορμὰς,

284 3215 549 3287 imperio;
581 3215 674 3269 sed
705 3223 764 3267 ut
798 3221 1066 3269 tormenta
1120 3213 1413 3284 excogites,
1457 3231 1552 3286 per
1594 3231 1712 3287 qua:
1757 3217 1850 3272 ira:

285 3317 392 3363 tuae
426 3309 702 3380 indulgeas
734 3321 787 3387 et
825 3309 1025 3368 feritati
1057 3315 1314 3370 naturali.

339 3388 498 3456 XVI.
529 3399 622 3457 His
654 3411 762 3458 toto
800 3406 962 3460 corde
988 3406 1251 3463 ebulliens
1283 3415 1338 3462 et
1368 3407 1615 3462 incensus
1654 3405 1849 3462 Nume-

287 3495 497 3562 rianus,
516 3495 668 3564 jubet
693 3500 757 3552 ad
788 3508 1014 3554 mortem
1048 3509 1192 3554 recta
1219 3499 1341 3556 duci
1368 3512 1655 3572 martyres.
1681 3501 1856 3571 Atque

288 3576 366 3642 illi
412 3588 628 3658 quidem
668 3589 1008 3645 ducebantur
1050 3590 1332 3660 laetantes,
1394 3601 1449 3646 et
1505 3595 1618 3647 haec
1674 3591 1857 3661 lingua

291 3683 521 3736 canebat
557 3697 678 3737 cum
718 3684 910 3752 gaudio
951 3683 1340 3750 :Benedictus,
1383 3685 1558 3751 Deus,
1594 3684 1684 3754 qui
1729 3684 1856 3737 olim

290 3774 506 3844 quidem
537 3789 603 3828 ex
637 3774 931 3831 infantibus
971 3784 1025 3830 et
1071 3777 1394 3845 lactentibus
1426 3777 1637 3831 laudem
1685 3775 1858 3844 perfe-

290 3865 451 3931 cisti;
485 3880 627 3919 nunc
660 3875 837 3920 autem
876 3881 942 3920 ex
972 3865 1292 3932 infantibus,
1325 3865 1428 3920 etsi
1469 3881 1573 3920 non
1612 3865 1861 3919 lactenti-

290 3957 412 4020 bus,
439 3965 490 4008 et
514 3969 577 4009 ex
611 3969 747 4009 cano
781 3970 914 4011 sene
942 3956 1296 4020 sacrificium,
1325 3954 1644 4025 sanguinem
1673 3969 1859 4009 eorum

291 4045 516 4114 accipis.
569 4043 664 4100 His
707 4060 859 4114 ergo,
895 4053 949 4100 et
988 4044 1064 4116 (7)
1115 4045 1298 4101 multis
1351 4045 1474 4100 aliis
1513 4054 1862 4101 contexentes

292 4136 588 4208 gratiarqu
627 4137 932 4201 actionem,
977 4145 1342 4206 pervenerunt
1383 4137 1451 4192 ad
1494 4137 1670 4192 locum
1717 4151 1864 4190 mar-

293 4226 442 4297 tyrii.
477 4227 538 4281 Et
569 4241 688 4282 cum
719 4237 1093 4282 sacrosanctos
1114 4231 1250 4298 :ante
1273 4243 1332 4284 se
1358 4243 1556 4297 pueros
1587 4227 1864 4283 statuisset

294 4319 356 4376 Β.
395 4318 658 4390 Babylas,
699 4319 820 4378 illos
851 4335 963 4377 sua:
1003 4320 1259 4376 doctrinae
1307 4320 1590 4390 pulchrum
1626 4319 1858 4375 fructum

295 4410 404 4466 Deo
432 4410 646 4471 obtulit.

365 4595 534 4652 XVII.
566 4595 857 4668 Postquam
887 4605 1066 4652 autem
1115 4596 1237 4654 illos
1266 4597 1400 4652 vidit
1438 4605 1861 4662 consummatos,

293 4691 508 4744 beatam
543 4689 690 4744 illam
739 4690 919 4746 emisit
965 4705 1152 4745 vocem
1200 4708 1214 4744 :
1247 4689 1389 4747 Ecce
1430 4705 1549 4760 ego,
1582 4689 1776 4759 inquit,
1810 4696 1864 4742 et

293 4778 474 4848 pueri,
509 4793 647 4846 quos
675 4780 821 4834 dedit
843 4781 969 4834 mihi
1011 4781 1171 4838 Deus.
1201 4780 1372 4836 Porro
1399 4791 1576 4836 autem
1607 4794 1704 4836 eos
1731 4794 1842 4849 quo

297 4883 425 4941 que,
453 4869 544 4936 qui
570 4871 814 4936 aderant,
841 4861 1068 4942 rogavit,
1100 4883 1158 4927 ut
1184 4874 1296 4943 ipsa
1333 4874 1483 4942 signa
1509 4871 1846 4927 certaminun

297 4977 420 5016 cum
474 4975 540 5017 eo
595 4963 904 5034 sepelirent.
960 4963 1076 5032 Ipsa
1125 4965 1266 5018 enim
1319 4974 1538 5033 propter
1592 4963 1862 5019 Christum

302 5051 518 5107 amabat
558 5062 611 5107 et
634 5052 1094 5124 amplectebatur;
1125 5062 1298 5109 etnec
1333 5053 1548 5110 volebat
1575 5069 1636 5109 ea
1664 5054 1864 5109 auferri

301 5157 330 5196 a
363 5141 528 5196 surdo
575 5140 716 5197 illius
759 5142 978 5212 pulvere
1024 5160 1038 5196 :
1075 5158 1195 5214 quae
1227 5143 1441 5212 quidem
1489 5143 1714 5213 pulchra
1747 5159 1866 5200 esse

201 5307 206 5312 ι
301 5247 412 5288 sum
456 5234 744 5306 sepultura:
786 5247 1134 5301 ornamenta,
1171 5235 1396 5305 pulchre
1431 5245 1674 5290 noverat.
1708 5235 1866 5303 Qum-

203 5313 208 5320 ’
297 5339 426 5380 nam
465 5333 642 5381 autem
677 5341 739 5381 ea
775 5328 975 5382 erant?
1003 5327 1233 5393 Collare,
1276 5337 1330 5384 et
1371 5327 1531 5383 l‘errei
1565 5328 1684 5398 ejus
1720 5343 1870 5383 com-

299 5415 484 5484 pedes.
534 5414 738 5473 Deinde
781 5414 841 5473 ei'
873 5433 1086 5488 quoque
1117 5427 1280 5488 caput
1321 5427 1634 5489 amputatur
1671 5429 1865 5488 quarto

297 5504 392 5563 die
443 5507 796 5578 Septembris.
829 5509 981 5566 Iacet
1011 5521 1190 5566 autem
1237 5511 1313 5582 (8)
1368 5527 1508 5566 nunc
1555 5525 1767 5581 quoque
1813 5510 1864 5564 iu

376 5645 454 5728 (7)
491 5646 824 5728 Ilacnrerba
880 5649 1070 5728 psalmi
1117 5666 1145 5704 a
1187 5650 1386 5728 Babym
1434 5663 1646 5728 cantata
1699 5651 1868 5706 refert

305 5717 500 5794 δαίσεις,
528 5733 543 5772 :
573 5717 952 5794 t_Couver-.tere,
971 5722 1151 5794 anima
1171 5717 1319 5789 mea,
1342 5722 1395 5778 in
1430 5725 1671 5794 requiem
1696 5731 1862 5791 tuam,

301 5786 428 5858 quia
458 5785 711 5846 Dominus
746 5785 1022 5846 benefecit'
1044 5789 1158 5845 tibi.
1207 5810 1229 5851 ι

1953 3230 2021 3285 δι’
2050 3224 2124 3284 ὧν
2163 3230 2230 3284 ἂν
2271 3227 2349 3300 τῷ
2389 3227 2546 3299 θυμῷ
2585 3227 2786 3300 χαρίσῃ
2835 3226 2930 3281 καὶ
2969 3229 3034 3298 τῇ
3081 3225 3286 3296 φυσικῇ
3333 3221 3532 3291 ἀγριό-

1953 3336 2096 3388 τητμ

2029 3405 2146 3474 ις’.
2198 3405 2424 3470 Τούτοις
2473 3405 2604 3474 ὃλην
2664 3403 2973 3478 ύπερζέσας
3013 3404 3108 3477 τὴν
3160 3406 3390 3476 καρδίαν
3436 3404 3530 3458 καὶ

1955 3497 2283 3567 ἀναφλεγεὶς
2329 3497 2729 3570 Νουμεριανὺς,
2783 3498 3013 3566 ἄγεσθαι
3066 3497 3164 3570 τὴν
3193 3499 3285 3552 ἐπὶ
3314 3497 3532 3568 θανάτῳ

1957 3589 2168 3642 κελεύει
2195 3591 2318 3653 τοὺς
2347 3590 2649 3661 μάρτυρας.
2683 3590 2748 3644 Οῑ
2781 3590 2879 3660 μὲν
2909 3589 2973 3658 δὴ
2999 3589 3278 3659 χαίροντες
3309 3591 3528 3660 ἤγοντο,

1957 3681 2055 3734 καὶ
2081 3681 2114 3750 ή
2155 3681 2368 3749 γλῶττα
2392 3681 2666 3750 autem.
2690 3680 2864 3735 ταῦτα
2892 3682 2986 3734 σὺν
3004 3680 3165 3751 ἡδονῇ
3184 3698 3197 3711 ·
3223 3680 3532 3750 Εὐλογητὸς

1959 3770 2033 3838 εἳ,
2059 3777 2087 3828 ό
2122 3774 2276 3838 Θεὸς,
2310 3776 2338 3828 ὁ
2369 3773 2535 3827 πάλαι
2574 3774 2675 3844 μέν
2720 3777 2784 3828 ἐκ
2815 3773 3024 3844 νηπίων
3071 3775 3164 3827 καὶ
3190 3772 3532 3842 θηλαζόντων

1960 3863 2109 3922 αἶνον
2136 3865 2610 3938 καταρτισάμενος
2633 3881 2647 3898 ο
2690 3865 2785 3920 νῦν
2820 3865 2877 3919 δὲ
2903 3867 2966 3919 ἐκ
2994 3865 3225 3936 νηπίων,
3251 3866 3301 3918 εί
3327 3865 3424 3919 καὶ
3453 3864 3531 3936 μὴ

1961 3959 2323 4028 θηλαζόντων,
2356 3958 2450 4012 καὶ
2483 3956 2670 4012 πολιοῦ
2701 3957 2952 4027 γέροντος
2996 3956 3185 4010 θυσίαν
3223 3956 3293 4010 τὰ
3320 3958 3532 4025 αἷμαω

1962 4048 2140 4101 αὐτῶν
2201 4047 2648 4118 προσδεχόμενος.
2732 4047 2955 4111 Τούτοις
3010 4046 3103 4101 οῦν
3165 4047 3259 4101 atat
3313 4047 3532 4111 πολλοῖς

1962 4137 2142 4198 ἀλλοις
2172 4135 2553 4198 διαπλέκοντες
2593 4136 2692 4206 τὴν
2737 4135 3109 4206 εὐχαριστίαν,
3148 4137 3239 4190 τὸν
3264 4135 3356 4191 τοῦ
3388 4154 3533 4208 μαρ-

1962 4227 2148 4300 τυρίον
2175 4227 2338 4281 τόπον
2379 4226 2701 4281 κατέλαϐον.
2747 4229 2858 4280 Καὶ
2885 4227 3020 4296 δῆτα
3052 4227 3177 4290 τοὺς
3213 4227 3534 4298 ίερόπαιδας

1957 4322 1990 4374 -ό
2019 4318 2285 4391 μακάριος
2322 4317 2580 4381 Βαϐύλας
2613 4317 2807 4372 ἐαυτοῦ
2841 4319 3289 4388 προστησάμενος
3322 4321 3536 4389 καρπον

1963 4411 2166 4482 ὡραῖον
2201 4410 2399 4474 αὐτοὺς
2422 4397 2764 4482 τῆςόίκείας
2811 4409 3159 4472 διδασκαλίας
3187 4415 3535 4483 προσήνεγκε

1893 4491 1938 4545 Ῑ)
1967 4502 2040 4574 τῷ
2063 4501 2202 4572 Θεῷ.

2036 4591 2136 4648 ΙΖ’.
2182 4593 2333 4648 Ἐπεὶ
2356 4591 2414 4646 δὲ
2439 4593 2532 4645 καὶ
2557 4591 2945 4654 τελειωθέντας
2973 4588 3104 4655 εῖδε,
3126 4593 3226 4660 τὴν
3259 4590 3541 4660 μακαρίαν

1964 4683 2180 4756 ἐκείνην
2211 4683 2388 4754 ἀφῆκε
2415 4684 2597 4752 φωνήν
2614 4700 2626 4714 ο
2671 4682 2804 4736 Ἰδοὺ
2831 4681 2940 4750 ἐγὼ
2967 4682 3058 4734 καὶ
3083 4682 3151 4734 τὰ
3173 4681 3362 4734 παιδία
3387 4681 3422 4732 Ei
3445 4698 3542 4749 μοι

1966 4774 2166 4827 ἔδωκεν
2195 4775 2223 4826 ὁ
2251 4773 2405 4836 Θεός.
2440 4773 2553 4826 Καὶ
2580 4773 2706 4836 τοὺς
2747 4773 3022 4842 παρόντας
3051 4772 3205 4841 ἠξίου
3250 4770 3389 4823 αὐτὰ
3427 4772 3542 4822 τῶν

1965 4865 2142 4921 ἄθλων
2177 4865 2325 4936 αύτῷ
2359 4864 2623 4934 συνθάψαι
2654 4864 2722 4917 τὰ
2755 4863 3032 4934 σύμϐολα·
3065 4863 3238 4931 ἐφίλει
3265 4861 3373 4932 γὰρ
3400 4861 3544 4912 αύτά

1964 4957 2051 5010 διὰ
2092 4957 2326 5028 Χριστὸν
2385 4957 2480 5010 καὶ
2530 4957 2826 5026 ἠσπάζετο,
2887 4957 2980 5008 καὶ
3028 4955 3150 5008 οὐδὲ
3195 4955 3292 5025 τῆς
3344 4952 3544 5022 κωφῆς

1967 5050 2176 5102 ἐκείνου
2209 5049 2408 5110 κόνεως
2441 5047 2808 5118 ἀφαιρεθῆναι
2845 5047 2986 5099 αὑτά
3024 5046 3235 5116 ἤθελεν,
3280 5045 3316 5099 ἃ
3349 5045 3414 5114 δὴ
3447 5045 3548 5099 καὶ

1967 5142 2107 5196 καλὰ
2134 5140 2316 5203 καλῶς
2343 5141 2572 5210 ἐντάφια
2598 5140 2736 5210 ᾔδει.
2767 5138 2902 5192 Τίνα
2935 5139 2991 5190 δὲ
3021 5137 3196 5190 ταῦτα
3219 5132 3322 5207 ﬁt);
3362 5135 3420 5188 '0
3445 5137 3545 5189 ἐπὶ

1965 5233 2042 5303 τῷ
2068 5232 2325 5304 τραχήλῳ
2368 5232 2568 5295 κλοιὸς,
2601 5232 2694 5284 καὶ
2719 5232 2744 5283 ό
2766 5231 2891 5296 τοὺς
2925 5230 3091 5294 πόδας
3122 5230 3362 5301 συνέχων
3391 5227 3544 5297 σίδη-

1967 5342 2080 5398 ρος.
2119 5323 2254 5376 Εἶτα
2301 5325 2400 5395 τὴν
2437 5324 2676 5394 κεφαλὴν
2733 5324 2826 5376 καὶ
2872 5322 3037 5385 αὐτὸς
3083 5323 3423 5391 ἀφαιρεῖται,
3454 5339 3546 5372 τε·

1969 5416 2176 5485 τάρτην
2205 5415 2325 5467 τότε
2356 5413 2449 5467 τοῦ
2478 5412 2847 5483 Σεπτεμϐρίου
2877 5412 3045 5484 μηνὸς
3073 5413 3316 5480 ἄγοντος.
3349 5413 3545 5465 Κεῖται

1973 5509 2029 5562 δὲ
2059 5507 2153 5562 καὶ
2174 5508 2269 5561 νῦν
2295 5509 2350 5559 ἐν
2379 5509 2442 5578 τῇ
2481 5506 2625 5576 σορῷ
2669 5503 2934 5570 Βαδύλας,
2970 5505 3066 5557 σὺν
3092 5504 3169 5574 τῷ
3199 5520 3544 5575 περιτραχη-

2049 5649 2124 5719 (8)
2161 5649 2294 5706 Cum
2339 5652 2594 5702 nimirum
2635 5649 2766 5703 Acta
2799 5649 2914 5703 haec
2953 5646 3207 5703 Leontius
3230 5645 3538 5719 scribebat.

1974 5716 2070 5776 aut
2105 5716 2252 5775 certe
2273 5719 2385 5790 β.-
2403 5719 2787 5790 Chrysostonti
2821 5729 3101 5790 tempore_,_
3131 5717 3241 5790 qui
3295 5716 3544 5790 oratione

1972 5791 2134 5848 citata
2167 5793 2232 5848 de
2265 5789 2324 5846 S.
2355 5785 2553 5862 Bubyla
2577 5827 2592 5856 ,
2641 5792 2716 5846 ita
2761 5789 2827 5847 de
2862 5785 2944 5846 eis
2975 5787 3165 5846 scribit
3201 5804 3213 5843 :
3253 5805 3273 5840 ι
3315 5785 3542 5842 Exstant
