3828 6520
300 334 402 406 981

1589 360 1660 420 VI
1669 361 1761 420 TA
1796 363 1860 424 S.
1899 367 2266 434 EUSEBI/E’.

3460 391 3567 455 982

302 462 409 566 λίῳ
440 461 642 566 ἐκείνω
661 462 863 566 ἒιόσμῳ
912 482 1005 519 κα.
1041 469 1153 532 τοῖς
1203 469 1448 541 σιδηροῖς
1494 475 1736 548 δεσμοῖς,
1791 482 1840 535 τί

1949 536 1954 551 ,
1983 499 2146 554 capsa
2186 486 2418 558 Babylas
2453 504 2574 546 cum
2608 489 2698 546 illo
2724 490 2848 548 colli
2889 493 2971 550 sui
3002 508 3347 566 ornamento,
3375 513 3429 557 et
3459 503 3567 561 l'er-

294 553 501 607 ὀίκεῖον
524 553 763 620 δοξάζων
795 558 1166 631 ἀγωνοθέτην,
1196 562 1279 615 ὅτι
1320 563 1472 636 αὐτῷ
1503 569 1703 638 πρέπει
1731 571 1882 640 δόξα,

291 650 521 720 κράτος,
550 649 708 722 τιμὴ,
765 654 1127 729 μεγαλωσύνη
1164 675 1222 712 τε
1265 660 1363 716 καὶ
1407 663 1880 739 μεγαλοπρέπεια,

291 739 394 796 νὸν
417 743 513 798 καὶ
533 743 620 797 ἀεὶ
639 745 733 799 καὶ
762 747 843 811 είς
872 747 998 814 τοὺς
1032 751 1235 817 αἰῶνας
1271 752 1381 810 τῶν
1405 755 1639 815 αίώνων.
1681 759 1876 832 Ἀμήν.

287 987 459 1074 etiam
511 1006 655 1048 nunc
692 1007 812 1074 cum
847 997 1062 1070 Babylae
1106 996 1378 1062 cineribus
1424 1007 1746 1074 compedes.
1782 1022 1875 1062 ec.

283 1058 591 1143 clesiuarum
623 1064 914 1143 praefectos
951 1058 1139 1143 omnes
1164 1058 1875 1143 ⁸(ξοηνιῆοηείίίιιῖἰέὖἶιξέ,νῦι

283 1136 505 1210 vinciri,
541 1136 875 1204 utjugulari,
907 1149 964 1194 ut
992 1139 1207 1212 quidvis
1245 1143 1352 1210 pati
1393 1155 1674 1212 oporteat,
1722 1136 1872 1204 certe

279 1213 471 1283 omnia
503 1215 755 1283 prompto
783 1218 946 1283 atque
977 1210 1140 1283 alacri
1181 1214 1385 1279 animo,
1417 1210 1480 1272 ac
1507 1231 1700 1283 magna
1736 1217 1864 1272 item

279 1281 408 1352 cum
450 1272 724 1352 voluptate
757 1272 1072 1352 sustinenda
1097 1319 1113 1352 ,_
1144 1290 1223 1352 fut
1247 1272 1572 1340 concredita:
1598 1272 1753 1342 nobis
1787 1288 1857 1341 li-

280 1339 519 1426 bertatis
549 1339 633 1426 ne.
662 1344 1003 1426 levissimam
1027 1339 1242 1426 quidem
1300 1365 1506 1426 partem
1541 1339 1854 1426 prodamus,

273 1417 853 1496 autncoutaminemus.
897 1437 941 1496 i_
965 1417 1312 1496 Et'oratione'
1341 1423 1374 1496 9
1407 1425 1456 1478 in
1495 1417 1664 1496 Epist.
1703 1417 1851 1482 Pauli

274 1478 344 1531 ad
366 1475 632 1548 Ephesios
666 1502 680 1540 :
715 1503 733 1538 t
767 1488 885 1558 Ipse
911 1490 1181 1548 decedens
1213 1475 1852 1563 minita'vitfﬁi'iuiclﬂi

1984 579 2094 634 reis
2121 580 2374 646 vinculis,
2419 596 2576 636 suum
2609 583 2837 660 laudans
2868 586 3265 658 Agonotbctam
3298 589 3399 664 (9),
3427 609 3564 664 quo.

1985 667 2131 722 niam
2169 683 2292 725 eum
2323 673 2477 729 decet
2521 673 2716 744 gloria,
2756 677 3023 746 potentia,
3069 679 3242 735 honor
3267 690 3323 736 et
3352 686 3562 755 magni-

1982 762 2220 830 ﬁcentia,
2249 779 2396 821 nunc
2437 775 2492 823 et
2524 781 2760 840 semper,
2801 779 2856 826 et
2888 771 2948 826 in
2973 771 3174 829 saecula
3208 773 3532 830 saeculorum

1977 852 2172 911 Amen.

1971 1219 2271 1281 Christum.
2319 1245 2336 1276 ι

2044 1293 2119 1364 (9)
2141 1294 2315 1373 Addit
2352 1297 2547 1373 Petrus
2595 1303 2664 1358 tle
2695 1300 2978 1360 Natalibus
3026 1325 3039 1361 :
3081 1324 3100 1358 ι
3141 1307 3382 1373 Quorum
3425 1323 3550 1362 cor-

1963 1376 2091 1440 pora
2139 1366 2198 1420 S.
2235 1366 2509 1440 Tbeodula
2575 1375 2824 1440 sepelivit
2875 1392 2928 1440 ix
2983 1377 3108 1432 Kal.
3150 1366 3469 1437 wl't‘ebruarii.
3512 1396 3540 1432 μ
3655 1381 3663 1389 ’

1962 1432 2106 1488 ldcm
2139 1450 2202 1490 ex
2239 1451 2302 1491 eo
2332 1438 2495 1494 refert
2525 1432 2794 1501 Canisius.

273 1684 460 1698 *ου-δ..

2243 1689 3544 1722 W

1319 1858 1565 1945 ΒΙΟΣ
1641 1860 1836 1944 ΚΑΙ
1909 1859 2453 1949 ΠΟΛΙἸῈΙΑ

952 2054 1296 2186 ΤΗΣ
1448 2050 1958 2188 ΟΣΙΑΣ
2110 2053 2902 2197 ΕΥΣΕΒΙΑΣ

1298 2289 1431 2347 ΊἩΣ
1481 2289 1581 2344 ΜΕ
1591 2288 1728 2343 ΤΟΝ
1731 2288 1920 2347 ΟΜΑΣ
1925 2289 2094 2347 ΘΕΙΣ
2099 2295 2196 2348 ΗΣ
2254 2291 2300 2346 Ξ
2307 2293 2520 2348 ΕΛῊΣ.

1420 2597 1618 2661 νιΤΑ
1663 2601 1765 2662 ET
1809 2600 2384 2664 CONVERSATIO

1089 2783 1828 2922 SANCTIE

1949 2791 2758 2922 EUSEBUE

1280 3019 1444 3086 QUxE
1486 3020 1983 3078 COGNOMINATA
2021 3022 2152 3080 EST
2193 3023 2518 3082 HOSPITA.

419 3175 615 3239 (Latine
641 3175 768 3240 apud
789 3173 988 3226 Surium
1014 3176 1071 3225 ad
1095 3175 1157 3226 25
1178 3173 1286 3225 Jan.
1303 3187 1319 3237 ;
1342 3176 1510 3227 Graeca
1549 3178 1908 3240 exscripsimus
1933 3193 1997 3228 ex
2025 3180 2133 3230 cod.
2171 3193 2264 3232 ms.
2289 3179 2448 3243 Regio
2482 3195 2529 3230 n.
2563 3180 2704 3242 1456,
2731 3183 2900 3233 saeculi
2927 3196 2991 3232 xt.
3020 3183 3157 3234 Εοιτ.
3194 3185 3368 3247 Pun.)

336 3507 416 3564 A'.
470 3508 530 3563 Ὀ
572 3509 758 3573 καινὸς
805 3506 899 3563 καὶ
955 3507 1104 3574 ξένος
1158 3510 1256 3580 τῆς
1313 3509 1626 3583 θαυμασίας
1668 3513 1838 3584 Ξένης

2017 3511 2059 3568 l.
2111 3512 2261 3568 Nova
2292 3520 2346 3568 et
2375 3511 2548 3566 aliena
2576 3510 2682 3564 vita
2719 3508 2861 3563 illius
2889 3522 3015 3563 vere
3053 3508 3385 3565 admirabilis
3413 3509 3524 3565 Ho-

266 3593 384 3665 βίος
409 3595 673 3666 βραχεῖαν
710 3596 830 3667 μὲν,
866 3596 942 3660 ὡς
971 3591 1084 3651 οἷόν
1112 3615 1195 3664 τε,
1229 3600 1326 3652 καλ⁸
1357 3603 1838 3674 συντετμημένην,

264 3686 421 3757 ξένην
451 3687 510 3743 δὲ
546 3690 696 3761 ὅμως
727 3693 823 3746 καὶ
855 3693 1114 3764 εὐπρεπῆ
1148 3694 1375 3748 πλουτεῖ
1401 3694 1500 3766 τὴν
1539 3695 1794 3768 διήγησιν
1820 3714 1835 3730 ·

263 3782 442 3834 καίτοι
465 3781 523 3834 δὲ
551 3780 726 3848 οὕτως
754 3783 1014 3855 ἐπίτομος
1043 3786 1138 3854 ὢν,
1167 3786 1287 3842 ἀλλ’
1319 3782 1413 3841 οὖν
1440 3788 1577 3859 πρὸς
1597 3789 1835 3858 ἀγῶνας,

1938 3604 2092 3676 spite
2121 3619 2216 3660 seu
2247 3609 2522 3666 externae,
2564 3601 2726 3656 habet
2761 3599 2978 3671 quidem
3021 3600 3432 3666 brevissimam,
3468 3611 3524 3658 et

1939 3711 2103 3766 quam
2137 3694 2256 3752 ﬁeri
2282 3701 2460 3765 potest
2488 3692 2727 3747 maxime
2756 3690 3090 3746 succinctam
3123 3692 3520 3757 narrationem,

1941 3787 2172 3844 alienam
2209 3801 2360 3852 vero,
2389 3794 2443 3841 et
2483 3784 2540 3840 in
2571 3782 2761 3855 primis
2792 3783 3096 3840 honestam.
3129 3781 3390 3849 Quamvis
3423 3797 3522 3836 au-

261 3873 358 3932 ,καὶ
396 3871 615 3938 πόνους,
646 3876 740 3928 καὶ
765 3876 1033 3946 ώφελείας
1059 3878 1220 3947 λόγον
1252 3873 1440 3950 σχεδὸν
1467 3882 1594 3946 τοὺς
1631 3881 1838 3949 πάντας

1949 3869 2061 3936 lem'
2077 3880 2151 3937 sit
2181 3879 2318 3938 adeo
2361 3878 2664 3942 succincta,
2713 3875 2766 3931 in
2809 3874 3200 3930 certaminibus
3252 3881 3434 3930 tamen
3467 3884 3524 3930 et

260 3963 452 4035 ἧτοὺς
495 3965 749 4031 πλείονας
794 3969 1194 4040 ὑπερϐέϐηκεν.
1224 3971 1373 4044 Αὕτη
1429 3972 1539 4045 γὰρ
1579 3975 1612 4046 ἡ
1657 3992 1837 4046 μακα-

263 4059 501 4130 ριωτάτη
541 4060 822 4130 γυναικῶν
877 4061 972 4118 καὶ
1026 4061 1125 4134 τὴν
1159 4064 1388 4136 γνώμην
1435 4065 1835 4138 ἁνδρικωτάτη,

260 4151 320 4204 τὸ
353 4151 451 4219 μὲν
499 4152 658 4222 γένος
708 4153 1067 4224 περίὸλεπτος
1089 4149 1159 4227 ἦν
1187 4155 1312 4228 (ὅσα
1358 4172 1422 4226 γε
1463 4157 1546 4221 είς
1601 4159 1836 4230 πατρίδα

259 4258 319 4295 τε
353 4244 446 4296 καὶ
506 4244 750 4316 πατέρας
789 4245 1083 4317 ἀναφέρειν
1100 4241 1233 4317 εἶχε.
1281 4247 1392 4302 Καὶ
1438 4247 1549 4322 γάρ
1609 4251 1663 4303 oi
1713 4251 1832 4320 μὲν,

258 4337 543 4404 ἐπιφανεῖς
563 4337 699 4405 ἄγαν
726 4337 788 4391 ού
812 4338 1030 4411 πλούτῳ
1068 4339 1162 4394 καὶ
1186 4339 1313 4413 δόξῃ
1338 4341 1524 4411 μόνον,
1565 4341 1702 4395 ἀλλὰ
1736 4346 1834 4395 καὶ

262 4429 543 4501 θεοσεσείᾳ
587 4431 894 4498 γεγόνασιν·
929 4433 961 4502 ἡ
989 4432 1065 4498 δὲ,
1105 4433 1138 4502 ἡ
1173 4433 1561 4504 περιδοξοτάτη
1600 4433 1706 4488 τῶν
1740 4433 1838 4486 πό-

261 4520 394 4573 λεων
413 4517 502 4592 ἦν,
534 4523 566 4592 ὴ
597 4521 965 4595 πρεσϐυτέρα,
992 4524 1157 4595 φημὶ,
1188 4524 1375 4596 Ῥώμη
1395 4525 1490 4579 καὶ
1519 4523 1836 4596 μεγαλώνυ-

265 4610 406 4682 μο;)’
439 4613 531 4666 τὸν
555 4613 610 4666 δὲ
644 4613 759 4684 βίον
777 4614 959 4685 πολλῷ
984 4617 1184 4687 μᾶλλον
1213 4617 1245 4687 ἢ
1277 4618 1339 4670 τὸ
1359 4617 1513 4686 γένος
1535 4619 1856 4689 ἐπιφανής(

185 4727 206 4742 κ
273 4704 364 4760 Ἐκ
390 4704 498 4776 γὰρ
532 4707 784 4778 πατέρων
809 4708 1068 4763 τοιούτων
1088 4709 1281 4781 πρώτη
1311 4727 1369 4763 τε
1397 4709 1536 4782 αὕτη
1563 4708 1832 4782 γενομένη

261 4797 354 4852 καὶ
381 4800 542 4869 μόνη,
582 4799 740 4866 ἀξίαν
759 4801 853 4855 τοῦ
878 4803 1072 4871 γένους
1100 4802 1226 4873 ἔσχε
1255 4803 1350 4858 καὶ
1379 4803 1479 4875 τὴν
1501 4803 1795 4874 ἀναγωγήν
1817 4818 1832 4832 °

264 4889 571 4960 φιλαρὲτως
603 4895 894 4963 τραφεῖσα,
919 4895 1016 4948 καὶ
1048 4894 1452 4965 Χριστιανικῶς
1478 4896 1832 4967 παιδαγωγη-

259 4977 431 5046 θεῖσα,
466 4981 560 5033 καὶ
595 4981 713 5053 Θεῷ
744 4982 1084 5054 ἀρέσκουσαν
1111 4985 1386 5040 πολιτείαν
1418 4985 1685 5056 βιώσασα.

325 5071 399 5126 B'.
433 5073 572 5143 Ἤδη
618 5072 675 5127 δὲ
726 5074 818 5128 καὶ
871 5074 1020 5146 ὥραν
1081 5077 1291 5146 ἄγουσα
1328 5078 1532 5150 γάμου,
1589 5079 1833 5150 ζητεῖται

264 5164 404 5233 παρά
427 5182 521 5218 του
558 5166 668 5220 τῶν
721 5168 973 5232 πολιτῶν,
1005 5170 1288 5241 περιδόξου
1318 5172 1413 5225 καὶ
1445 5172 1614 5226 αὑτοῦ
1653 5172 1830 5241 δντος,

258 5257 350 5309 καὶ
384 5258 526 5311 κατά
572 5259 730 5328 γένος
765 5261 902 5331 ὁμοῦ
949 5262 1044 5316 zeal.
1072 5262 1302 5316 πλοῦτον
1343 5267 1408 5335 τῇ
1453 5265 1643 5339 νύμφῃ
1692 5284 1834 5338 συμ-

258 5346 550 5413 ὁαίνοντος.
577 5351 640 5404 Ol
671 5351 772 5421 μὲν
792 5349 885 5406 οὖν
906 5355 1001 5422 τῆς
1023 5354 1192 5426 κόρης
1221 5356 1477 5428 πατέρες,
1504 5357 1660 5412 οὐδὲν
1688 5359 1828 5426 ὅλως

262 5441 476 5513 ἔχοντες
513 5444 834 5515 μέμψασθαι
863 5450 928 5519 τῇ
967 5447 1256 5520 μνηστείᾳ,
1306 5449 1423 5503 ἀλλ’
1455 5451 1614 5518 ἀξίαν
1659 5453 1828 5526 ἀλλή-

257 5533 361 5586 λων
403 5535 570 5590 οὖσαν
595 5538 797 5602 εἰδότες
823 5538 922 5610 τὴν
951 5539 1236 5608 συζυγίαν,
1275 5527 1565 5596 συνέθεντό
1594 5561 1652 5597 τε
1686 5546 1820 5617 πρὸς

261 5625 322 5678 τὸ
343 5625 526 5696 κῆδος,
559 5629 653 5682 καὶ
697 5629 832 5700 πρὸς
865 5632 1077 5702 γάμους
1107 5631 1446 5704 ἀπέϐλεψαν*
1478 5633 1678 5706 ὥριστό
1706 5653 1765 5690 τε
1792 5640 1825 5708 ἡ

257 5717 443 5788 κυρία,
473 5722 568 5774 καὶ
597 5721 775 5775 πάντα
801 5722 903 5793 ήδη
933 5723 1234 5794 ἐτύγχανεν
1257 5725 1532 5798 εὐπρεπῆ.
1579 5728 1644 5782 Ἢ
1683 5729 1822 5798 Ξένη

257 5807 310 5864 δὲ
333 5811 692 5885 μεγαλόφρων
707 5811 862 5882 οὖσα,
885 5817 976 5872 καὶ
996 5819 1319 5890 κρειττόνων
1343 5819 1543 5892 ἑαυτὴν
1570 5820 1816 5889 ἀξιοῦσα,

1939 3971 2241 4035 laboribus,
2297 3981 2352 4027 et
2391 3971 2484 4035 iis,
2527 3984 2647 4040 qua:
2680 3969 2950 4024 rationem
3005 3968 3204 4023 habent
3243 3967 3524 4034 utilitatis;

1939 4077 2130 4121 omnes
2171 4063 2287 4120 fere
2334 4072 2428 4119 aut.
2484 4072 2634 4118 certe
2684 4060 2984 4132 permultos
3041 4060 3337 4130 superavit.
3395 4057 3522 4115 Haec

1936 4160 2086 4216 enim
2136 4156 2429 4212 mulierum
2470 4155 2820 4220 beatissima,
2851 4152 3142 4224 magnique
3187 4160 3241 4206 et
3288 4150 3521 4206 maxime

1940 4250 2112 4308 virilis
2143 4249 2332 4316 animi,
2381 4259 2499 4304 erat
2552 4263 2752 4319 genere
2790 4247 3118 4315 clarissima,
3154 4247 3198 4301 si
3240 4245 3414 4316 patria
3466 4253 3522 4299 et

1939 4352 2197 4414 parentes
2239 4342 2617 4411 respiciantur.
2652 4339 2785 4394 Nam
2817 4341 2870 4394 bi
2899 4339 3114 4408 quidem
3152 4337 3372 4392 fuerunt
3396 4336 3518 4390 illu-

1942 4446 2103 4500 stres,
2128 4448 2234 4490 non
2260 4434 2452 4502 Opibus
2470 4432 2642 4488 solum
2668 4441 2722 4486 et
2746 4431 2941 4501 gloria,
2971 4430 3062 4485 sed
3088 4429 3253 4484 etiam
3271 4428 3472 4513 pietate
3498 4444 3514 4481 :

1941 4525 2030 4579 illa
2085 4532 2265 4579 autem
2315 4523 2418 4578 fuit
2473 4522 2716 4577 omnium
2769 4522 3050 4576 civitatum
3112 4518 3412 4573 clarissima
3459 4524 3516 4572 ct

1941 4614 2162 4669 maximi
2197 4615 2456 4679 nominis,
2493 4628 2686 4682 nempe
2717 4611 2888 4668 Roma
2922 4612 3146 4682 antiqua
3174 4627 3189 4678 ;
3223 4626 3349 4666 nam
3390 4625 3510 4666 cum

1938 4721 2000 4762 ea
2027 4721 2092 4762 ex
2121 4705 2387 4777 ejusmodi
2422 4704 2736 4775 parentibus
2767 4713 2893 4758 nata
2925 4713 3072 4759 esset
3096 4703 3270 4773 prima
3295 4709 3352 4757 et
3376 4701 3511 4768 sola,

1941 4813 2137 4872 genere
2174 4814 2392 4870 quoque
2427 4799 2641 4869 dignam
2681 4799 2874 4853 habuit
2905 4796 3276 4852 educationem
3301 4833 3316 4862 ,
3347 4794 3514 4865 probe

1938 4902 1991 4949 et
2022 4907 2089 4948 ex
2111 4893 2311 4948 virtute
2331 4893 2584 4962 educata,
2614 4900 2667 4948 et
2689 4889 2999 4946 Christiane
3024 4888 3295 4956 instituta,
3319 4895 3372 4942 et
3393 4901 3514 4957 qua

1932 4984 2048 5044 Deo
2079 4993 2288 5055 gratam
2318 4986 2428 5055 egit
2451 4986 2638 5039 vitam.

2004 5076 2069 5132 ll.
2111 5076 2246 5132 Cum
2284 5086 2462 5131 autem
2495 5076 2606 5146 iam
2635 5081 2779 5130 esset
2811 5072 3028 5139 nubilis,
3062 5071 3264 5144 petitur
3307 5088 3335 5127 a
3375 5085 3510 5142 quo—

1933 5171 2055 5225 dam
2083 5183 2149 5225 ex
2179 5169 2408 5236 civibus,
2441 5169 2529 5238 qui
2559 5171 2676 5238 ipse
2705 5182 2924 5239 quoque
2951 5176 3070 5224 erat
3099 5167 3300 5247 clarus,
3333 5173 3388 5221 et
3419 5180 3514 5236 ge—

1931 5278 2064 5319 nere
2085 5262 2322 5318 simulet
2349 5261 2550 5316 divitiis
2572 5273 2787 5331 sponsae
2816 5258 3197 5316 conveniebat.
3229 5260 3297 5314 At
3322 5256 3510 5329 puella:

1937 5353 2155 5424 quidem
2195 5361 2453 5423 parentes
2492 5365 2614 5404 cum
2663 5350 2717 5404 in
2751 5349 2896 5406 nulla
2946 5363 3004 5404 re
3039 5348 3508 5420 desponsationem

1936 5455 2160 5517 possent
2202 5444 2634 5515 reprehendere,
2679 5444 2772 5500 sed
2814 5445 3020 5499 scirent
3051 5457 3172 5499 esse
3204 5441 3418 5511 dignam
3457 5448 3512 5494 et

1933 5551 2323 5610 congruentem
2370 5540 2594 5595 alterius
2625 5554 2760 5594 cum
2819 5539 2990 5594 altero
3048 5534 3508 5606 coniunctionem,

1934 5634 2144 5690 assensi
2162 5633 2570 5702 suntaﬂinitati,
2585 5642 2640 5690 el
2654 5644 2984 5704 aspexerunt
3002 5631 3068 5686 ad
3083 5627 3506 5690 matrimonium,

1937 5729 2158 5798 diesque
2189 5726 2290 5782 fuit
2314 5729 2671 5798 praestitutus,
2697 5738 2750 5784 et
2770 5727 2881 5798 jam
2907 5733 3091 5797 parata
3119 5731 3269 5776 erant
3300 5721 3508 5775 omnia.

1937 5819 2162 5892 Hospita
2191 5830 2370 5878 autem
2399 5820 2486 5878 illa
2520 5838 2638 5895 qua:
2663 5828 2781 5879 erat
2807 5818 2981 5890 magni
3009 5826 3060 5874 et
3087 5813 3288 5873 excelsi
3317 5813 3512 5877 animi,
