3828 6522
344 381 454 446 983

1583 382 1864 443 MENSIS
1902 383 2358 445 JANUARIUS.

3479 384 3576 446 οςι

342 504 394 543 et
418 506 474 544 se
502 490 714 560 dignam
751 490 1008 545 censebat
1041 489 1533 559 prmstantioribus,
1565 498 1619 544 et
1649 490 1713 544 ad
1747 490 1908 544 alium

2036 491 2152 562 πρὸς
2188 490 2456 545 αθάνατόν
2484 508 2542 546 τε
2574 491 2734 546 ἄλλον
2763 492 3022 563 ἀφορῶσα
3054 494 3305 564 νυμφίον,
3335 495 3466 558 τοὺς
3489 498 3577 566 μὲν

343 596 599 650 sponsum
661 581 970 636 intuebatur
1032 581 1438 648 immortalem,
1515 597 1640 637 cum
1700 583 1910 638 audiret

342 675 504 729 verba
557 672 672 728 fieri
717 674 785 729 de
831 674 914 729 his
953 675 1175 744 nuptiis,
1207 676 1261 732 in
1294 692 1428 746 quas
1455 677 1600 731 cadit
1639 676 1910 741 interitus,

344 763 568 835 putabat
620 778 742 820 esse
799 780 974 836 nugas
1012 784 1025 820 :
1061 774 1115 820 et
1147 781 1270 822 .nec
1302 775 1359 820 ut
1403 767 1485 824 eis
1534 767 1910 830 assentiretur,

344 856 565 912 omnino
592 857 878 913 inducebat
907 859 958 912 in
984 859 1244 924 animum,
1269 867 1324 914 et
1352 873 1449 914 nec
1479 869 1596 914 erat
1623 845 1914 914 ullo'modo

343 945 532 1002 affecta
578 949 939 1006 muliebriter.
992 950 1075 1005 Ab
1102 949 1194 1005 illo
1234 965 1361 1006 vero
1406 951 1523 1007 solo
1559 965 1759 1021 sponso
1799 949 1914 1019 cjus

345 1040 611 1108 pendebat
649 1041 888 1107 animus,
932 1040 1156 1113 ejusque
1193 1057 1378 1098 amore
1419 1051 1476 1099 et
1526 1043 1822 1114 praecordia
1860 1052 1916 1096 et

346 1147 440 1187 σοι·
467 1132 620 1189 valde
654 1134 1019 1203 sauciabatur,
1067 1145 1120 1190 et
1165 1136 1232 1190 ad
1267 1135 1440 1204 ipsum
1479 1144 1647 1191 totum
1688 1148 1916 1190 convcr-

349 1228 491 1279 leil
527 1225 789 1281 animum.
836 1227 1195 1294 Quamobrem
1247 1227 1435 1283 statuit
1496 1241 1556 1284 se
1608 1227 1910 1283 clanculum

348 1317 671 1385 subducere,
706 1319 1127 1389 parentibusque
1155 1329 1208 1374 et
1241 1319 1402 1374 domo
1435 1319 1659 1382 relictis,
1693 1335 1751 1375 se
1779 1318 1914 1390 fuga:

349 1409 707 1463 committere.
750 1407 863 1465 Hoc
902 1421 1079 1466 autem
1118 1425 1342 1467 versans
1392 1411 1592 1474 animo,
1625 1411 1760 1466 alios
1790 1409 1912 1480 qui-

349 1501 470 1556 dem
519 1500 711 1555 celavit
745 1518 758 1554 :
792 1517 925 1572 quas
971 1517 1100 1557 vero
1162 1501 1370 1560 sciebat
1411 1519 1478 1558 ex
1531 1503 1743 1558 ancillis
1793 1517 1918 1558 esse

350 1606 543 1661 magna
577 1593 627 1647 in
659 1607 718 1647 se
754 1593 1153 1662 benevolentia,
1195 1605 1251 1652 et
1296 1596 1495 1666 alioqui
1527 1595 1584 1651 in
1612 1594 1796 1650 multis
1835 1595 1915 1650 sui

352 1698 600 1755 magnam
619 1684 830 1740 dedisse
869 1687 1277 1756 experientiam,
1307 1688 1448 1759 quod
1479 1703 1584 1744 non
1609 1695 1667 1742 ut
1695 1685 1917 1742 ancilla-

353 1792 492 1840 rum,
519 1791 692 1847 neque
710 1777 847 1834 adeo
877 1789 935 1832 ut
967 1779 1310 1847 feminarum,
1341 1794 1527 1836 earum
1567 1777 1733 1837 facile
1761 1791 1920 1847 cape-

2016 587 2146 656 περὶ
2175 585 2270 639 τοῦ
2314 587 2558 656 φθαρτοῦ
2615 586 2807 641 τούτου
2852 589 3032 659 γάμου
3079 588 3268 656 λόγους
3312 589 3581 644 ἀκούουσα

2015 676 2214 747 λήρους
2241 677 2446 746 ἠγεῖτο.
2485 678 2579 731 καὶ
2609 677 2729 731 οὑδέ
2758 678 3088 749 πειθομένην
3119 680 3300 744 αὐτοῖς
3323 681 3467 744 ὅλως
3489 683 3580 752 τὴν

2017 768 2244 836 καρδίαν
2287 768 2480 834 ἐδίδου,
2512 769 2621 823 οὐδ’
2651 769 2731 823 ἔτι
2780 774 3092 838 γυναικεῖον
3129 768 3199 843 ἦν
3247 774 3540 844 πάσχουσα
3564 791 3579 805 ο

2019 860 2226 914 ἐκείνου
2257 861 2312 915 δὲ
2333 861 2426 915 τοῦ
2451 863 2686 932 νυμφίου
2720 863 2882 933 μόνου
2904 863 3002 936 τὴν
3027 864 3206 936 ψυχὴν
3229 867 3464 937 ἤρτητο,
3494 869 3583 920 καὶ

2015 952 2094 1024 τῷ
2118 953 2284 1008 αὑτοῦ
2310 953 2472 1026 ἔρωτι
2501 956 2599 1020 τάς
2631 957 2831 1026 φρένας
2859 957 2950 1010 καὶ
2970 957 3068 1028 τὴν
3099 960 3327 1029 καρδίαν
3355 960 3585 1030 ἰσχυρῶς

2018 1044 2321 1115 πέπληκτο,
2360 1047 2626 1121 καὶπρὸς
2675 1049 2836 1102 αὐτὸν
2885 1050 3012 1118 ὅλην
3062 1054 3159 1121 τὴν
3211 1051 3454 1106 διάνοιαν
3484 1054 3585 1105 ἀπ-

2017 1138 2305 1208 ησχόλητο.
2329 1141 2419 1194 Διδ
2444 1139 2538 1194 καὶ
2562 1140 2755 1211 κλέψαι
2772 1142 2970 1212 ἑαυτὴν
2987 1142 3144 1210 ἔγνω,
3171 1143 3266 1196 καὶ
3282 1145 3468 1211 γονεῖς
3498 1145 3586 1197 καὶ

2018 1224 2166 1282 οἷκον
2188 1229 2561 1285 ἀπολιποῦσαν
2590 1235 2736 1303 φυγῇ
2765 1233 3093 1302 χρήσασθαι.
3127 1232 3296 1286 Τοῦτο
3339 1234 3398 1287 δὲ
3437 1236 3588 1306 στρέ⁹

2021 1335 2194 1388 φουσα
2226 1320 2368 1372 κατά
2399 1319 2544 1386 νοῦν,
2583 1321 2719 1392 πρὸς
2754 1321 2854 1391 μὲν
2882 1324 3007 1385 τοὺς
3031 1321 3224 1386 ἄλλους
3275 1321 3587 1393 ἀπόρρητον

2023 1409 2273 1463 ἐποιεῖτο·
2314 1409 2380 1475 ἃς
2408 1410 2463 1463 δὲ
2497 1411 2604 1466 τῶν
2638 1412 3032 1483 θεραπαινίδων
3059 1413 3174 1483 ᾔδει
3218 1412 3424 1483 πολλὴν
3459 1413 3588 1484 πρὸς

2020 1503 2190 1573 αὐτὴν
2230 1503 2460 1574 ἐχούσας
2506 1504 2608 1573 τὴν
2662 1502 2900 1568 εὔνοιαν,
2937 1504 3033 1558 καὶ
3085 1503 3260 1567 ἄλλως
3305 1508 3508 1575 πεῖραν
3535 1507 3587 1558 ἐν

2023 1597 2241 1659 πολλοῖς
2273 1594 2596 1663 δεδωκυίας,
2619 1596 2694 1659 ὡς
2718 1597 2778 1649 οὐ
2806 1596 2946 1651 κατά
2973 1595 3336 1667 θεραπαίνας,
3363 1598 3425 1650 οὐ
3456 1599 3586 1651 κατά

2029 1689 2294 1756 γυναῖκας
2343 1686 2531 1750 ἁπλῶς
2579 1687 2851 1740 εὐάλωτον
2898 1687 3087 1750 αὐταῖς
3115 1687 3197 1757 εῐη
3222 1686 3281 1739 τδ
3315 1686 3586 1756 φρόνημα,

2025 1775 2230 1838 ταύτας
2256 1775 2320 1845 δὴ
2363 1775 2874 1846 προσκαλεσαμένη,
2909 1776 3094 1847 ὅρκοις
3126 1793 3186 1828 τε
3228 1775 3585 1846 προκατειλη-

353 1873 502 1920 retur
522 1876 577 1920 et
599 1875 1001 1937 expugnarctur
1019 1869 1234 1925 animus
1260 1885 1274 1922 :
1299 1884 1392 1926 eas
1413 1884 1536 1924 cum
1561 1867 1920 1932 accersiisset,

2036 1869 2178 1933 puia,
2203 1866 2379 1921 πάντα
2409 1866 2646 1938 γνησίως
2673 1869 2742 1922 τά
2766 1867 2862 1921 τοῦ
2894 1869 3225 1939 πράγματος
3252 1867 3586 1936 ἐξαγγέλλει,

351 1966 404 2010 et
455 1957 807 2028 jurejurando
866 1959 1159 2028 adegisset,
1209 1961 1290 2016 eis
1351 1969 1537 2030 aperte
1587 1967 1754 2014 totam
1807 1973 1920 2013 rem

353 2052 620 2118 enuntiat,
662 2055 917 2123 quidnam
952 2055 1166 2110 consilii
1201 2058 1455 2125 cepisset,
1496 2065 1551 2111 et
1575 2055 1924 2126 quemadmo-

353 2141 482 2196 dum
530 2144 752 2199 omnino
793 2147 1161 2202 constituisset
1210 2148 1447 2218 effugere
1495 2147 1924 2203 matrimonium.

357 2233 558 2289 Deinde
596 2235 802 2305 adjicit,
848 2237 990 2307 quod
1021 2238 1066 2293 si
1109 2239 1327 2304 vellent,
1359 2256 1454 2295 eas
1481 2240 1640 2310 hujus
1674 2239 1795 2294 boni
1845 2239 1926 2292 in-

357 2326 530 2380 stituti
580 2338 878 2384 assumeret
925 2330 1122 2385 socias.
1169 2329 1294 2386 llaec
1341 2347 1470 2401 ergo
1495 2331 1655 2396 dixit,
1687 2341 1740 2386 et
1768 2329 1926 2385 simul

359 2434 445 2483 ea,
477 2433 599 2488 quae
632 2420 850 2475 obstare
900 2422 1238 2490 videbantur,
1285 2424 1557 2494 sapienter
1587 2423 1927 2493 expurgavit,

359 2509 564 2573 dicens,
625 2524 694 2564 ne
738 2510 806 2566 de
862 2527 924 2564 ea
969 2513 1269 2583 cogitarent
1303 2514 1526 2584 aliquid,
1573 2525 1826 2585 tanquam
1862 2514 1930 2568 de

354 2599 644 2669 juvencula
677 2611 730 2656 et
752 2603 987 2659 thalamo
1008 2606 1255 2670 educata,
1288 2621 1462 2675 neque
1490 2614 1824 2671 vererentur,
1861 2621 1931 2660 ne

361 2708 479 2746 eam
510 2695 591 2749 sui
621 2696 907 2764 pmniteret
948 2697 1200 2764 instituti,
1233 2709 1286 2754 et
1315 2714 1385 2754 ne
1425 2714 1487 2754 ex
1527 2713 1590 2753 eo
1623 2713 1728 2753 non
1756 2701 1927 2754 solum

362 2785 484 2852 sibi,
515 2786 607 2841 sed
653 2788 733 2843 eis
761 2804 974 2860 quoque
1017 2791 1240 2846 afferret
1295 2793 1632 2862 periculum:
1663 2794 1755 2848 sed
1790 2793 1932 2847 bono

362 2877 542 2934 animo
588 2889 643 2934 et
683 2890 832 2974 certo
871 2883 1112 2950 credant,
1149 2887 1290 2954 quod
1323 2895 1376 2940 et
1433 2885 1476 2941 si
1512 2887 1592 2940 vis
1622 2886 1800 2941 omnis
1850 2885 1933 2940 in-

364 2971 588 3037 gruerit,
617 2973 661 3027 si
689 2971 857 3039 e'nsis,
904 2975 1042 3044 ignis
1072 2986 1126 3031 et
1159 2976 1366 3040 bestiae,
1396 2986 1450 3032 et
1485 2978 1526 3033 si
1556 2977 1757 3048 aliquid
1789 2978 1932 3033 aliud

365 3076 430 3115 ex
464 3063 550 3123 iis,
593 3077 711 3132 quae
742 3076 866 3121 sunt
914 3082 1104 3136 aspera
1127 3079 1184 3123 et
1231 3068 1476 3139 molesta,
1517 3070 1794 3134 invaserit,
1828 3085 1931 3125 non

367 3168 494 3209 can.
522 3155 722 3213 abhoe
745 3157 1041 3214 dimovebit
1083 3161 1377 3230 preposito.
1408 3162 1539 3217 Cum
1574 3163 1653 3217 sic
1684 3162 1930 3228 dixisset,

369 3264 446 3304 etc
480 3265 691 3320 quoque
719 3261 906 3322 parent
946 3262 1194 3323 prompto
1222 3263 1277 3310 et
1304 3253 1468 3308 alacri
1517 3255 1719 3322 animo,
1753 3263 1808 3311 et
1843 3269 1934 3309 as-

369 3341 677 3398 sentiuntur
717 3343 891 3398 eidem
938 3346 1228 3400 instituto:
1281 3353 1336 3401 et
1366 3348 1480 3401 haec
1530 3361 1743 3415 quoque
1791 3362 1936 3402 ausae

368 3443 490 3488 sunt
522 3433 754 3501 adjicere
781 3450 976 3505 magno
1007 3446 1060 3491 et
1100 3436 1313 3492 excelso
1338 3436 1540 3502 animo,
1575 3437 1717 3505 quod
1749 3437 1794 3493 si
1830 3438 1936 3494 tale

367 3523 496 3592 quid
535 3539 598 3580 ex
630 3525 715 3591 iis,
749 3541 868 3597 qua:
900 3528 1120 3595 nollent,
1167 3527 1488 3599 contigerit,
1523 3542 1584 3585 se
1621 3528 1781 3585 malle
1811 3543 1933 3584 cum

369 3631 431 3669 ea
476 3618 636 3683 mori,
669 3633 852 3690 quam,
879 3619 924 3677 si
965 3619 1033 3676 ab
1067 3636 1128 3676 ea
1173 3628 1517 3691 separentur,
1551 3621 1627 3675 uti
1662 3623 1820 3678 rebus
1852 3636 1934 3679 se-

371 3708 584 3765 cundis.

440 3800 528 3862 Ill.
569 3803 704 3859 Cum
729 3806 808 3860 sic
835 3807 973 3862 inter
991 3822 1049 3862 se
1070 3817 1251 3863 essent
1275 3815 1328 3863 et
1361 3822 1598 3865 assensae
1644 3818 1697 3863 et
1717 3807 1940 3878 pulchre

371 3895 668 3966 conjuncta:
693 3898 886 3953 animis
925 3898 1058 3969 (tres
1088 3910 1267 3954 autem
1297 3915 1374 3956 ea:
1402 3909 1558 3956 orant
1595 3899 1734 3968 apud
1766 3899 1942 3954 domi-

373 3991 520 4059 nam)
554 3988 662 4058 jam
693 3999 848 4046 erant
883 3991 1021 4044 inter
1049 4006 1107 4046 se
1135 4002 1188 4044 et
1222 3993 1427 4046 honore
1455 3994 1706 4060 arquales,
1732 3999 1786 4045 et
1812 4006 1941 4046 con-

373 4095 561 4143 servae,
596 4091 649 4135 et
689 4081 931 4134 moribus
963 4081 1201 4148 similes,
1252 4082 1370 4150 pari
1411 4094 1588 4137 mente
1629 4091 1841 4136 utentes
1886 4090 1943 4136 et

375 4170 487 4239 pari
523 4170 720 4236 studio,
771 4169 1134 4225 communiter
1185 4171 1440 4240 subjecta:
1469 4173 1562 4225 uni
1613 4171 1860 4237 Domino,
1889 4180 1943 4226 et

373 4261 422 4314 ei
460 4260 668 4314 unitze:
705 4270 758 4315 et
789 4270 1000 4331 tempus
1052 4273 1356 4331 quaerentes
1407 4275 1789 4334 opportunum,
1834 4281 1942 4336 quo

374 4368 434 4408 se
477 4353 740 4423 expedita:
776 4362 994 4423 possent
1027 4353 1167 4425 fugae
1199 4358 1559 4418 committere.
1593 4367 1648 4412 et
1683 4373 1802 4428 quae
1837 4374 1940 4414 non

375 4448 770 4504 observaretur.
815 4447 919 4502 Sed
967 4462 1142 4518 neque
1184 4448 1304 4504 illos
1354 4449 1468 4505 dies
1498 4449 1808 4520 interjectos
1834 4460 1943 4506 sta-

2023 1953 2110 2012 οἷά
2143 1975 2200 2012 τε
2243 1957 2588 2029 βεϐούλευται
2617 1959 2758 2013 κατά
2809 1958 2954 2024 νοῦν,
3000 1961 3092 2012 καὶ
3137 1961 3285 2023 ὅπως
3319 1959 3587 2030 διαδρᾶναι

2025 2053 2117 2106 τὸν
2141 2051 2319 2123 γάμον
2339 2053 2402 2106 ἐκ
2423 2051 2622 2114 παντὸς
2654 2050 3064 2123 προτεθύμηται
3085 2067 3098 2082 ·
3133 2048 3253 2104 εἶτα
3301 2050 3588 2123 προστίθη-

2027 2163 2132 2209 σιν,
2161 2147 2267 2211 ὃτι,
2305 2147 2407 2200 κᾶν
2437 2147 2628 2209 αὐταῖς
2671 2145 3024 2216 βουλομέναις
3080 2143 3136 2220 ᾗ,
3172 2145 3469 2206 κοινωνοὺς
3502 2143 3587 2196 αὑ-

2027 2238 2125 2302 τάς
2152 2238 2248 2292 τοῦ
2287 2239 2497 2307 ἀγαθοῦ
2529 2239 2682 2292 τοῦδε
2724 2237 2928 2292 σκοποῦ
2964 2237 3374 2310 παραλήψεται.
3408 2235 3581 2289 Ταῦτα

2027 2325 2118 2385 οὖν
2147 2330 2325 2398 ἔλεγε,
2380 2331 2478 2384 καὶ⁹
2519 2330 2638 2399 ἅμα
2685 2329 2754 2382 τὰ
2814 2330 3229 2399 προσιστάμενα
3283 2325 3585 2394 διεκάθαιρε

2029 2420 2314 2491 νουνεχῶς,
2359 2420 2521 2491 μηδὲν
2547 2420 2674 2489 περὶ
2712 2419 2884 2487 αὐτῆς
2910 2418 3168 2484 λέγουσα,
3197 2415 3274 2479 ὡς
3304 2416 3434 2485 περὶ
3476 2414 3588 2476 νέας

2029 2516 2124 2567 καὶ
2169 2513 2397 2584 θαλάμῳ
2425 2511 2810 2584 τεθραμμένης
2842 2510 3170 2565 διανοεῖσθαι
3199 2524 3213 2538 ’
3255 2507 3396 2578 μηδέ
3439 2506 3590 2559 δεδοι-

2032 2605 2209 2669 κέναι,
2241 2605 2398 2673 φησὶ,
2447 2590 2659 2674 μήποτε
2697 2602 2792 2655 καὶ⁸
2817 2600 3170 2671 μεταμελήσῃ
3216 2614 3312 2668 μοι
3351 2595 3444 2650 τοῦ
3478 2612 3588 2648 σκο-

2033 2695 2157 2762 ποῦ,
2190 2697 2285 2750 καὶ
2314 2696 2487 2750 δεινὸν
2517 2693 2767 2748 ἐντεῦθεν
2809 2694 2909 2747 οὐκ
2937 2692 3060 2761 ἐμοὶ
3109 2693 3292 2760 μόνον,
3339 2689 3472 2743 ἀλλὰ
3503 2688 3584 2740 καὶ

2033 2791 2162 2859 ὑμῖν
2194 2787 2390 2859 ἐγείρω
2423 2788 2515 2842 τὸν
2541 2788 2806 2841 κίνδυνονο
2835 2787 3059 2858 θαρρεῖν
3102 2785 3160 2838 δὲ
3205 2780 3466 2852 ἀσφαλῶς
3505 2782 3589 2834 καὶ
3661 2858 3663 2860 η

2035 2882 2374 2944 πεποιθέναι,
2421 2881 2502 2933 ὃτι
2530 2881 2634 2933 κᾶν
2667 2877 2757 2950 βία
2791 2879 2940 2932 πᾶσα
2991 2876 3228 2941 ἐπέλθοι,
3277 2876 3385 2930 κᾶν
3435 2873 3586 2942 ξίφος,

2031 2963 2136 3025 ¹κᾶν
2167 2971 2298 3043 πῦρ,
2341 2970 2445 3024 κᾶν
2481 2969 2667 3039 θηρία,
2701 2968 2804 3022 κᾶν
2844 2969 2898 3020 εί
2928 2985 2980 3020 τι
3017 2967 3146 3020 ἄλλο
3170 2967 3281 3020 τῶν
3333 2963 3585 3036 χαλεπῶν,

2033 3065 2133 3118 οὐκ
2169 3063 2233 3117 ἂν
2291 3064 2440 3132 ἡμᾶς
2491 3061 2592 3131 τῆς
2641 3059 2953 3131 προθέσεως
3001 3059 3314 3128 ἐκστήσωσι
3377 3054 3583 3122 ταύτης.

2038 3155 2226 3218 Οῦτως
2262 3153 2546 3223 εἰπούσης,
2579 3150 2860 3204 πείθονται
2905 3149 2995 3202 καὶ
3019 3147 3182 3200 αὐταὶ
3215 3147 3365 3216 μάλα
3399 3142 3585 3217 προθύ-

2040 3266 2176 3320 μως,
2218 3248 2312 3302 καὶ
2338 3245 2415 3316 τῷ
2449 3245 2546 3316 ἴσῳ
2577 3243 2768 3314 σκοπῷ
2800 3241 3167 3296 συντίθενται·
3193 3240 3288 3293 καὶ
3314 3240 3421 3308 γὰρ
3449 3236 3590 3305 ἐθάρ-

2039 3358 2210 3410 σησαν
2244 3340 2336 3393 καὶ
2369 3337 2526 3392 τοῦτο
2547 3335 2866 3409 προσθεῖναι
2886 3334 3008 3388 λίαν
3037 3331 3275 3401 εὐγενῶς
3310 3331 3407 3387 καὶ
3438 3345 3590 3399 μεγα-

2038 3435 2308 3504 λοψύχως,
2339 3432 2420 3486 ὅτι
2451 3431 2553 3485 κᾶν
2577 3449 2631 3484 τι
2653 3429 2896 3484 τοιοῦτον
2934 3427 3176 3498 συμϐαίη
3211 3425 3326 3479 τῶν
3372 3420 3586 3490 ἀϐουλή-

2036 3545 2169 3591 των,
2205 3526 2496 3596 προκρῖναι
2528 3522 2726 3593 μᾶλλον
2747 3518 3038 3574 ἀποθανεῖν
3061 3519 3160 3572 σὺν
3193 3517 3358 3588 αὐτῇ,
3383 3516 3414 3586 ἢ
3437 3515 3586 3584 χωρὶς

2038 3617 2206 3683 οὔσας
2235 3615 2527 3672 ἀπολαύειν
2559 3614 2881 3685 εὐημερίας.

2115 3800 2186 3854 Γ’.
2229 3798 2414 3862 υῦτως
2449 3795 2704 3866 ἀλλήλαις
2751 3792 3097 3862 συνθέμεναι,
3143 3787 3240 3842 καὶ
3292 3787 3395 3849 τὰς
3434 3781 3589 3854 ψυχὰς

2048 3891 2232 3954 καλῶς
2261 3887 2620 3957 συναφθείσαι
2645 3887 2815 3957 (τρεῖς
2845 3885 2901 3937 δὲ
2923 3878 3082 3938 αὗται
3102 3881 3237 3952 πρὸς
3265 3882 3335 3950 τῇ
3359 3874 3587 3944 δεσποίνῃ

2046 3982 2384 4053 ἐτύγχανον),
2415 3980 2476 4034 τὸ
2509 3978 2692 4032 λοιπὸν
2719 3977 2793 4040 ὡς
2825 3976 2890 4030 ἂν
2920 3974 3172 4046 ὁμότιμοι
3193 3973 3288 4026 καὶ
3307 3968 3584 4042 ὁμόδουλοι,

2046 4073 2149 4143 ἤδη
2181 4072 2239 4125 δὲ
2267 4071 2361 4124 καὶ
2390 4069 2685 4140 όμότροποι
2707 4061 2867 4138 ἦσαν,
2895 4064 2986 4136 ίσῃ
3006 4067 3070 4134 τῇ
3097 4061 3289 4136 γνώμῃ
3309 4063 3584 4134 χρώμεναι,

2048 4167 2136 4236 ῐσῃ
2169 4162 2265 4218 καὶ
2293 4165 2359 4233 τῇ
2390 4161 2616 4231 σπουδῇ,
2658 4159 2750 4229 ὑφ’
2791 4157 2870 4211 ιῐενλ⁵
2899 4157 3134 4228 δεσπότῃ
3157 4159 3313 4226 κοινῇ
3346 4152 3587 4219 ταττόμε-

2049 4275 2155 4322 vat,
2195 4255 2290 4309 atat
2315 4253 2509 4308 τούτου
2543 4251 2736 4314 κοινῶς
2767 4249 2992 4321 ἐρῶσαι,
3015 4251 3108 4302 καὶ
3136 4248 3327 4318 καιρὸν
3355 4242 3587 4312 ξητοῦσαι

2051 4350 2142 4404 τὸν
2177 4348 2509 4417 ἐπιτήδειον.
2543 4345 2600 4408 ὃς
2649 4345 2716 4398 ἂν
2752 4343 2945 4406 αὑταῖς
3006 4340 3296 4411 ἀφώρατον
3351 4337 3463 4406 θείη
3509 4333 3588 4387 καὶ

2048 4441 2257 4514 ὁμαλὴν
2281 4441 2379 4510 τὴν
2407 4438 2604 4508 φυγήν.
2633 4435 2780 4506 Πλὴν
2805 4434 2940 4489 ἀλλὰ
2957 4433 3164 4494 καὶτὰς
3190 4431 3391 4502 μεταξὺ
3415 4425 3588 4482 ταύτας

376 4547 592 4592 tnerunt
641 4549 892 4609 oportere
940 4539 992 4593 in
1045 4516 1290 4595 socordia
1325 4546 1381 4594 et
1432 4541 1542 4595 otio
1595 4516 1931 4612 transigere:

2047 4534 2262 4606 ἡμέρας
2291 4532 2392 4584 οὐκ
2423 4530 2666 4598 ἔγνωσαν
2685 4527 2796 4580 δεῖν
2819 4524 3002 4579 ἀνέσει
3030 4522 3125 4576 καὶ
3143 4519 3387 4593 ῥᾳθυμίᾳ
3411 4516 3597 4612 διενεγοι

375 4632 467 4687 sed
493 4647 552 4686 se
584 4632 761 4700 potius
797 4631 1074 4687 alilictioui
1121 4632 1317 4687 dedere
1349 4642 1403 4686 et
1435 4632 1727 4698 laboribus,
1764 4649 1822 4688 se
1851 4647 1940 4686 ve-

375 4722 473 4777 luti
499 4725 650 4792 prius
670 4731 988 4779 exercentes
1011 4732 1064 4779 et
1093 4723 1516 4780 assuefacientes
1545 4726 1760 4780 virtutis
1787 4728 1944 4781 sudo-

378 4817 546 4870 ribus.
602 4816 801 4871 Earum
835 4831 964 4870 vero
992 4815 1208 4870 domina
1236 4825 1291 4870 et
1338 4815 1590 4886 princeps
1629 4803 1786 4887 hujus
1815 4817 1944 4888 pul-

375 4906 633 4960 cherrlmi
672 4906 906 4973 consilii,
954 4906 1111 4962 beata
1159 4906 1244 4961 illa
1268 4947 1283 4974 ,
1331 4908 1572 4977 inquam,
1612 4909 1854 4981 Hospita,
1888 4920 1946 4966 ut

376 5015 497 5069 quae
520 5000 671 5069 prius
701 5001 836 5070 fugae
859 5000 1223 5069 complanaret
1248 5001 1518 5067 semitam,
1542 5012 1594 5056 et
1617 5004 1717 5058 hoc
1742 5012 1943 5074 ageret,

378 5103 437 5147 ut
462 5100 606 5147 esset
633 5091 836 5162 absque
864 5092 968 5146 ulla
993 5090 1312 5156 olfensione,
1347 5092 1656 5148 universum
1691 5096 1944 5150 mundum

377 5182 719 5244 muliebrem,
756 5182 846 5251 qui
894 5193 1012 5237 erat
1045 5192 1149 5236 tam
1185 5184 1236 5237 in
1269 5194 1416 5240 veste
1445 5199 1607 5255 quam
1639 5185 1691 5239 in
1726 5200 1859 5242 auro
1893 5196 1948 5242 ct

379 5282 625 5344 argento,
662 5275 1014 5330 inscientibus
1046 5277 1380 5342 parentibus,
1437 5292 1529 5347 per
1561 5276 1679 5332 illas
1726 5278 1949 5333 ancillas

378 5367 585 5421 ferebat
618 5369 684 5422 ad
715 5383 994 5438 pauperes.
1033 5368 1166 5424 Cum
1218 5380 1396 5424 autem
1438 5378 1489 5424 et
1532 5371 1645 5424 haec
1689 5370 1762 5424 illi
1801 5381 1948 5424 recte

380 5459 660 5526 haberent,
709 5467 763 5513 et
800 5459 906 5530 jam
957 5470 1165 5531 tempus
1215 5463 1430 5516 adesset
1458 5462 1792 5532 nuptiarum,
1821 5472 1949 5517 tunc

381 5551 596 5606 modum
630 5550 769 5619 fugae
799 5553 878 5606 eis
911 5567 1124 5623 quoque
1156 5555 1424 5624 suggessit
1455 5553 1697 5623 Hospita.
1735 5554 1948 5610 Mutatis

383 5653 530 5697 certe
563 5643 820 5705 vestibus.
862 5653 918 5699 et
967 5653 1026 5698 ut
1053 5646 1335 5714 Oportebat
1367 5660 1481 5710 eas,
1519 5659 1640 5715 qua:
1673 5653 1831 5699 erant
1869 5644 1949 5698 vi-

381 5734 465 5788 rili
494 5735 698 5798 animo,
730 5736 970 5792 vestibus
1000 5732 1200 5793 induta:
1235 5739 1505 5804 virilibus,
1542 5741 1614 5793 ita
1645 5737 1948 5792 clanculum

382 5841 611 5896 egressa:
633 5836 758 5882 sunt
779 5839 927 5886 extra
951 5830 1091 5889 foras
1125 5850 1136 5888 :
1165 5831 1323 5889 simul
1345 5834 1535 5888 flentes
1561 5841 1614 5887 ct
1635 5829 1947 5902 εηυώῖιιῑεε»

2049 4601 2187 4692 κεῖν,
2221 4621 2358 4678 ἀλλά
2387 4619 2730 4689 κακοπαθείᾳ
2781 4616 2979 4688 μᾶλλον
3036 4614 3130 4666 καὶ
3184 4612 3366 4672 πόνοις
3414 4601 3587 4660 ἑαυτὰς

2047 4718 2256 4779 ἔδοσαν,
2288 4715 2451 4770 οἱονεὶ
2480 4708 2966 4783 προγυμνὰζουσαι
2995 4707 3088 4759 καὶ
3121 4701 3370 4773 συνήθεις
3399 4697 3486 4750 καὶ
3515 4695 3586 4791 ἐν·

2045 4809 2254 4880 τριόεῖς
2289 4805 2485 4868 ἑαυτὰς
2517 4802 2653 4873 πρὸς
2682 4802 2809 4863 τοὺς
2830 4801 2926 4868 τῆς
2951 4797 3152 4868 ἀρετῆς
3171 4794 3401 4862 ἱδρῶτας
3427 4800 3585 4840 ποιου-

2049 4920 2160 4956 σαι.
2202 4900 2265 4954 Ἥ
2307 4898 2489 4968 μέντοι
2527 4894 2781 4955 δεσπότις
2833 4889 3012 4946 αὐτῶν
3050 4887 3146 4942 καὶ
3182 4885 3280 4954 τῆς
3325 4881 3585 4980 καλλίστης

2045 4993 2248 5064 ταύτης
2279 4989 2472 5062 βουλῆς
2504 4987 2765 5058 ἀρχηγὸς,
2793 4986 2826 5053 ἡ
2855 4981 3118 5053 μακαρία,
3152 4979 3315 5049 φημὶ,
3338 4974 3585 5064 Ξένηφῑα

2046 5089 2111 5159 δὴ
2143 5061 2584 5156 προομαλίζουσα
2627 5081 2686 5132 ἐν
2723 5079 2862 5147 αὑτῇ
2886 5076 2983 5144 τὴν
3027 5074 3126 5144 τῆς
3178 5070 3355 5141 φυγῆς
3402 5061 3582 5159 τρίϐον,

2049 5156 2143 5233 καὶ
2203 5176 2554 5248 ἀπρόσκοπον
2607 5171 2740 5233 ὅλως
2777 5166 3030 5236 γενέσθαι
3095 5156 3582 5234 παρασκευάζουσα»

2048 5273 2139 5325 τὸν
2163 5270 2471 5339 γυναικεῖον
2499 5266 2717 5320 ἅπαντα
2763 5259 2990 5329 κόσμον,
3039 5257 3160 5317 ὅσος
3209 5269 3270 5306 τε
3323 5253 3379 5303 ἐν
3425 5247 3582 5344 scim.“

2049 5365 2142 5416 καὶ
2173 5363 2294 5423 ὅσος
2331 5363 2390 5414 ἐν
2427 5357 2650 5427 ἀργύρῳ
2671 5371 2730 5408 τε
2754 5354 2848 5406 καὶ
2889 5347 3096 5421 χρυσῷ,
3131 5345 3457 5399 λανθάνουσα
3479 5344 3584 5436 10.9;

2050 5453 2311 5525 πατέρας.
2335 5450 2400 5503 δι’
2425 5448 2647 5501 ἐκείνων
2672 5447 2735 5516 δὴ
2765 5443 2874 5497 τῶν
2901 5435 3303 5511 θεραπαινίδων
3329 5430 3453 5502 πρὸς
3473 5430 3576 5480 τοὺς

2053 5518 2288 5618 πένητας
2314 5544 2581 5616 ἐξεφόρει.
2625 5541 2777 5594 Ἐπεὶ
2803 5540 2859 5593 δὲ
2910 5543 3003 5593 καὶ
3057 5539 3227 5589 ταῦτα
3264 5528 3402 5602 εἶχεν
3429 5518 3580 5618 ἐκείνη

2054 5609 2256 5704 καλῶς,
2287 5639 2382 5694 καὶ
2414 5609 2651 5706 όκαιρὺς
2674 5637 2773 5705 ἤδη
2805 5632 2897 5686 τοῦ
2931 5633 3107 5701 γάμου
3137 5627 3337 5698 παρῆν,
3367 5620 3476 5674 τότε
3502 5609 3577 5664 καὶ

2052 5736 2142 5787 τὸν
2182 5734 2280 5802 τῆς
2313 5732 2488 5801 φυγῆς
2525 5730 2726 5799 τρόπον
2758 5729 2791 5796 ἡ
2819 5725 2960 5794 Ξένη
2993 5725 3086 5777 καὶ
3127 5722 3316 5781 αὑταῖς
3346 5706 3576 5808 medea"

2052 5826 2470 5891 Μεταθαλοῦσειι
2495 5823 2624 5894 γοῦν
2652 5820 2748 5884 τὰς
2785 5817 3035 5889 suosua
3078 5817 3170 5870 καὶ
3216 5815 3356 5875 ὅπως
3389 5804 3476 5859 ἕδίί
3503 5807 3578 5852 τλί
