3828 6492
256 388 366 449 985

1517 391 1696 452 νιτΑ
1737 394 1797 454 S.
1839 393 2206 454 ΕΠΞΕΒΙιΕ.

3381 389 3490 457 986

257 500 358 571 τὴν
392 497 569 569 ψυχὴν
591 497 847 568 ἀνδρικάς
877 498 1086 570 ἀνδρῶν
1119 498 1311 562 στολὰς
1359 500 1824 572 μεταμφιασάμευ

1932 502 2008 556 vel
2045 504 2222 571 potius
2253 503 2382 572 ipsae
2415 501 2664 577 lacrymre
2699 513 2855 561 erant
2885 502 3174 574 voluptatis
3199 511 3255 560 et
3275 502 3500 561 laetitiae-

259 609 372 658 ναι,
395 589 545 665 ,οὑτω
575 590 835 645 λαθοῦσαι
870 591 963 644 τοῦ
993 591 1242 656 πυλῶνος
1273 592 1520 664 ἐξῄεσαν,
1551 592 1832 646 κλαίουσαι

259 701 320 738 τε
353 685 448 738 καὶ
488 681 625 753 ὁμοῦ
682 683 973 753 χαίρουσαι
999 698 1014 714 ο
1042 683 1244 754 μᾶλλον
1276 684 1333 738 δὲ
1375 685 1468 738 καὶ
1514 685 1584 737 τὰ
1623 684 1832 754 δάκρυα

261 775 456 844 ἡδονῆς
495 771 563 846 ἦν
599 774 790 837 αὑταῖς
823 774 916 828 καὶ
947 776 1122 844 χαρᾶς
1147 775 1380 846 δαςρυα.
1425 775 1684 848 Ἐξῄεσαν
1713 772 1829 838 οὖν.

262 869 337 922 Σὺ
363 867 523 936 γενοῦ
553 867 673 939 μεθ’
723 866 904 938 ἡμῶν,
937 867 1034 920 Υἱὲ
1072 867 1164 920 τοῦ
1206 867 1364 931 Θεοῦ,
1414 869 1706 936 λέγουσαι,
1737 869 1832 922 καὶ

261 953 528 1029 γνώρισον
556 961 686 1030 ἡμῖν
713 959 831 1013 ὁδὸν
879 962 938 1013 ὲν
1047 959 1452 1030 πορευσόμεθα,
1492 961 1574 1014 δτι
1608 961 1742 1032 πρὸς
1771 959 1830 1013 σὲ

260 1051 357 1105 καὶ
389 1051 615 1121 γνώμην
648 1052 776 1122 ὃλην
809 1052 1064 1122 ἠράμεθα
1092 1051 1186 1106 καὶ
1212 1052 1408 1123 ψυχήν.
1442 1053 1830 1122 Πορευομένων

258 1137 338 1205 δὲ,
368 1142 522 1205 αὖθις
554 1145 587 1213 ἡ
615 1142 837 1211 γενναία
859 1141 1395 1213 παραινέσεωςπρὸς
1413 1144 1584 1205 αὑτὰς
1599 1144 1829 1214 ἥπτετο,

259 1235 444 1304 Μηδὲν
483 1235 649 1302 ὑμᾶς,
683 1235 936 1302 λέγουσα,
963 1229 1009 1289 ὦ
1031 1236 1258 1303 ἀδελφαὶ
1296 1233 1459 1305 (οὑτω
1487 1234 1598 1306 γὰρ
1629 1234 1740 1303 ἐγὼ
1764 1234 1824 1288 τὸ

259 1327 448 1381 λοιπὸν
475 1327 618 1397 ὑμᾶς
635 1327 821 1382 καλεῖν
846 1327 1005 1398 ἔχω),
1033 1327 1199 1398 μηδὲν
1219 1326 1328 1381 τῶν
1352 1327 1554 1398 γηῖνων
1577 1329 1832 1398 ὲπιστρεν

260 1418 410 1487 φέτω
443 1417 580 1488 πρὸς
615 1418 797 1486 ἑαυτὸ,
841 1419 976 1490 μηδὲ
1027 1420 1241 1473 είσιέτω
1278 1418 1518 1489 μηδεμία
1570 1420 1668 1488 τῆς
1700 1419 1830 1472 καλ-

258 1508 448 1579 λίστης
476 1511 620 1579 ὑμᾶς
649 1509 844 1581 βουλῆς
893 1509 1255 1581 ματαμέλεια.
1299 1510 1465 1564 Οὐδὲν
1504 1509 1613 1580 γὰρ
1651 1525 1827 1580 μακα-

261 1597 524 1669 ριώτερον
563 1599 664 1668 τῆς
707 1599 828 1653 ὁδοῦ
864 1598 1069 1670 ταύτης
1119 1598 1269 1670 εὕροι
1325 1615 1411 1662 τις
1460 1599 1554 1654 ἀν’
1585 1598 1692 1651 είτε
1720 1599 1828 1669 γὰρ

199 1703 205 1706 ‘
255 1692 326 1744 τὰ
357 1691 601 1762 παρόντα
627 1691 961 1762 σκοποῦμεν,
983 1692 1091 1759 ἔξω
1114 1691 1314 1755 παντὸς
1340 1691 1501 1762 δχλου
1525 1691 1620 1744 καὶ
1649 1707 1828 1760 πραγ-

259 1782 448 1852 μάτων
491 1785 690 1852 ἡμεῖς·
729 1783 840 1837 εἴτε
891 1783 1140 1854 καὶπερὶ
1172 1783 1283 1836 τῶν
1337 1781 1640 1852 μελλόντων
1680 1780 1830 1848 λογίο

1937 593 2175 663 Egressa!
2217 603 2343 650 sunt
2373 611 2503 668 ergo
2535 598 2654 654 :Tu
2704 599 2782 654 sis
2833 596 3136 662 nobiscum,
3172 597 3437 661 dicentes,
3471 613 3507 653 ο

1934 684 2036 740 Fili
2067 684 2180 749 Dei,
2207 695 2262 740 et
2294 687 2536 757 signiﬁca
2569 689 2723 744 nobis
2746 689 2914 753 viam,
2945 704 3049 759 qua
3076 703 3260 742 sumus
3290 687 3505 758 ingres-

1934 793 2101 842 sum,
2131 778 2198 832 ad
2237 790 2287 834 te
2321 781 2462 833 enim
2496 787 2662 835 totam
2699 791 2936 835 mentem
2969 788 3024 834 et
3053 779 3286 833 animam
3320 789 3504 834 sustu-

1933 868 2114 923 limus.
2147 868 2239 924 Eis
2281 879 2462 924 aulem
2505 872 2958 941 ingredientibus,
3012 874 3165 927 beata
3192 872 3285 925 illa
3316 886 3506 925 rursus

1933 963 2096 1030 coepit
2128 976 2222 1017 eas
2267 961 2598 1018 admonere:
2633 962 2802 1031 Nihil,
2847 979 2880 1018 o
2927 977 3147 1020 sorores
3203 963 3326 1032 (sic
3359 962 3503 1017 enim

1933 1069 2052 1108 sum
2109 1069 2208 1108 vos
2260 1053 2514 1123 deinceps
2565 1056 2876 1126 vocatum),
2926 1055 3080 1119 nihil,
3138 1054 3379 1123 inquam,
3436 1069 3503 1108 ex

1934 1145 2166 1200 terrenis
2196 1147 2358 1202 rebus
2388 1161 2484 1203 vos
2511 1146 2578 1201 ad
2607 1162 2666 1202 se
2689 1156 2991 1212 convertat,
3020 1159 3121 1200 nec
3155 1143 3504 1215 pulcherrimi

1931 1238 2143 1293 consilii
2193 1254 2286 1294 vos
2330 1239 2435 1294 ulla
2486 1241 2677 1296 subeat
2716 1240 3055 1310 pmnitentia.
3097 1238 3209 1294 llac
3242 1237 3385 1292 enim
3416 1236 3504 1289 via

1932 1344 2037 1385 non
2070 1330 2337 1386 invenerit
2368 1331 2563 1402 aliquis
2602 1331 2899 1400 quidquam
2953 1329 3180 1384 beatius.
3217 1327 3351 1382 Nam
3388 1326 3504 1380 sive

1930 1428 2234 1489 spectemus
2278 1420 2592 1490 praesentia,
2645 1434 2836 1475 sumus
2888 1428 3109 1473 remotae
3157 1417 3226 1472 ab
3253 1413 3503 1469 omnibus

1933 1510 2104 1566 turbis
2131 1521 2186 1566 et
2215 1513 2448 1582 negotiis
2481 1529 2496 1566 :
2527 1513 2641 1566 sive
2673 1511 2900 1565 velimus
2924 1509 3267 1565 considerare
3299 1506 3498 1568 futura,

1930 1615 2107 1671 neque
2138 1617 2320 1666 mens,
2361 1617 2538 1672 neque
2577 1602 2753 1658 oratio
2783 1610 3052 1672 potestea
3086 1599 3223 1653 bona
3255 1608 3503 1664 compre-

1931 1691 2191 1755 hendere,
2211 1709 2332 1760 quae
2352 1710 2446 1749 eos
2472 1704 2714 1758 manent,
2745 1694 2834 1763 qui
2865 1696 3002 1748 hanc
3032 1693 3196 1747 vitam
3218 1688 3501 1757 elegerint.

1931 1780 2064 1836 Cum
2095 1796 2172 1836 ea:
2200 1784 2313 1838 haec
2335 1785 2496 1839 verba
2526 1784 2778 1840 audirent
2802 1784 2856 1839 in
2887 1783 3102 1847 itinere,
3133 1777 3503 1836 accendeban-

255 1873 446 1938 ζεσθαι
481 1873 866 1946 προῃρήμεθα,
917 1873 1042 1927 οὑτε
1082 1872 1210 1936 νοῦς
1247 1871 1579 1926 καταλαὸεῖν
1617 1870 1819 1940 αὑτάρ-

1932 1882 2014 1928 tur
2043 1874 2259 1940 animis,
2289 1884 2346 1931 et
2374 1891 2436 1931 ea
2467 1892 2592 1946 spe,
2634 1891 2754 1946 qua:
2785 1887 2867 1933 est
2908 1891 2972 1930 ex
2999 1875 3131 1941 Deo,
3164 1872 3336 1942 magis
3364 1883 3500 1926 con-

254 1983 383 2036 κης,
413 1964 535 2020 οὔτε
579 1966 737 2035 λόγος
785 1967 980 2032 εἰπεῖν,
1014 1965 1114 2018 ὅσα
1151 1966 1278 2027 τοὺς
1307 1963 1405 2036 τὴν
1459 1963 1576 2018 ὁδὸν
1617 1961 1825 2033 ταύτην

1937 1963 2312 2020 ﬁrmabantur.

253 2061 547 2132 ἑλομένους
579 2060 868 2134 περιμένει
897 2060 967 2114 τὰ
995 2059 1194 2128 ἀγαθά.
1226 2058 1445 2113 Τούτων
1519 2059 1727 2111 ἐκεῖναι
1788 2055 1898 2108 τῶν
1936 2056 2111 2127 λόγων
2157 2059 2262 2114 ἀνὰ
2303 2059 2404 2133 τὴν
2455 2060 2680 2133 πορείαν
2731 2060 3026 2138 ἀκούουσαι
3065 2057 3502 2132 διεθερμαίνοντο

248 2160 353 2222 τὰς
381 2158 578 2229 ψυχὰς,
606 2159 702 2210 καὶ
734 2160 799 2228 τῇ
828 2156 968 2210 κατὰ
997 2155 1130 2210 Θεὸν
1159 2154 1336 2208 ἐλπίδι
1391 2153 1590 2226 μᾶλλον
1619 2151 1982 2226 ὲρῥώννυντο.

325 2251 400 2308 Δ’.
447 2251 682 2321 Πλησίον
730 2250 787 2304 δέ
852 2266 955 2304 που
1011 2249 1305 2320 γενόμεναι
1365 2249 1465 2317 τῆς
1528 2246 1825 2315 θαλάσσης,

250 2343 438 2400 πλοῖον
467 2344 895 2415 ὲμπαράσκευον
915 2344 1017 2414 ήδη
1042 2344 1136 2396 καὶ
1163 2341 1432 2396 ἀποπλεῖν
1459 2341 1652 2411 μέλλον
1682 2338 1825 2404 (οὑδὲ

247 2435 446 2490 τούτου
478 2434 695 2498 πάντως
717 2434 909 2497 αὑταῖς
937 2431 1089 2486 ἀθεεὶ
1118 2429 1511 2502 συμπεσόντος)
1534 2427 1827 2501 εὑρίσκου-

251 2549 362 2596 σιν,
395 2530 453 2583 ὲν
476 2522 520 2597 ᾧ
555 2527 927 2599 περεμσᾶσαι,
959 2527 1058 2580 καλ⁸
1084 2525 1394 2594 πνεύματος
1433 2523 1697 2592 ὲπιφόρου
1732 2539 1826 2574 τυ-

251 2625 469 2696 χοῦσαι,
510 2622 612 2694 τὴν
676 2619 1090 2691 Ἀλεξάνδρειαν
1143 2619 1200 2672 ὲν
1257 2617 1452 2688 βραχεῖ
1508 2616 1821 2684 φθάνουσιν.

249 2713 388 2772 Εῐτα
411 2714 619 2770 ἐκεῖθεν
643 2714 928 2785 ἀπάρασαι
958 2713 1145 2775 πάλιν,
1178 2709 1329 2782 παρά
1356 2713 1422 2779 τῇ
1449 2709 1595 2779 νήσῑμ
1628 2710 1694 2779 τῇ
1731 2707 1826 2775 Κῷ

249 2811 494 2879 γίνονται
520 2821 535 2838 ⁸
574 2807 752 2861 πάντα
793 2805 900 2877 γὰρ
951 2803 1170 2858 ἐποίουν
1229 2802 1365 2873 πρὸς
1391 2801 1450 2854 τὸ
1491 2800 1696 2865 λαθεῖν,
1735 2801 1826 2852 καὶ

251 2899 394 2954 ὥστε
425 2897 762 2968 ζητουμένας
805 2894 1122 2965 ἀγνώστους
1151 2892 1420 2964 γίνεσθαι.
1452 2893 1525 2946 Οὑ
1552 2891 1658 2962 μὴν
1690 2890 1827 2943 ἀλλὰ

251 2995 352 3048 καὶ
385 2991 559 3055 ἄλλως
589 2991 787 3061 ἤρεσεν
813 2989 1008 3052 αὑταῖς
1033 2986 1270 3041 ἐνταῦθα
1298 2985 1399 3056 τῆς
1434 3001 1491 3038 τε
1521 2983 1642 3039 ὁδοῦ
1684 2983 1826 3036 παύσ

255 3083 470 3145 σασθαι,
505 3084 602 3136 καὶ
626 3081 811 3136 ἀνέσει
835 3079 1022 3134 δοῦναι
1057 3078 1155 3133 καὶ
1190 3077 1420 3147 σώματα
1468 3073 1565 3130 καὶ
1619 3073 1820 3144 ψυχὰς,

251 3174 349 3228 ἆτε
377 3171 576 3243 πολλὴν
603 3170 834 3242 ἡσυχίαν
859 3169 958 3238 τῆς
988 3169 1155 3240 νήσου
1195 3165 1462 3238 παρέχειν
1493 3163 1662 3235 οὔσης
1700 3165 1826 3216 ἑπι-

248 3262 492 3332 ττ,δείας,
535 3261 730 3314 ἔπειτα
765 3259 823 3313 δὲ
857 3259 954 3312 καὶ
996 3257 1134 3329 πρὸς
1175 3257 1237 3310 τὸ
1276 3254 1564 3326 ἀφὼρατον
1599 3254 1827 3308 πλεῖστα

251 3353 670 3428 συναιρομένης.
686 3350 773 3416 Ὠς
790 3349 883 3405 οὖν
901 3352 960 3404 ὲν
979 3347 1075 3419 Κῷ
1089 3347 1192 3420 [ὲν]
1208 3347 1822 3419 ἀσφαλεῖῇκατέστησαν,

248 3450 312 3504 τὸ
342 3449 653 3518 γυναικεῖον
677 3445 836 3509 αὖθις
866 3444 1200 3515 ὑπέρχονται
1235 3441 1446 3513 σχῆμα,
1474 3437 1593 3496 εἶτα
1617 3440 1826 3511 οἴκημα

250 3541 390 3612 πρός
411 3556 531 3593 τινα
568 3537 837 3602 ίδιάζοντα
862 3536 1026 3590 τόπον
1051 3534 1316 3590 λαϐοῦσαι
1347 3533 1564 3606 μισθοῦ.
1588 3534 1705 3588 ἐκεῖ
1725 3535 1821 3604 τῆς
1849 3519 1892 3578 C

249 3635 394 3690 κιττὰ
422 3631 552 3686 Θεὸν
575 3629 891 3700 φιλοσοξίας
912 3627 1184 3700 ἐπιμελῶς
1211 3629 1438 3699 εἴχοντο.
1472 3626 1645 3681 Τοῦτο
1665 3627 1722 3680 δὲ
1753 3628 1820 3697 τῇ

248 3726 390 3798 uvn
418 3726 782 3795 διαφερόντως
829 3722 890 3776 τὸ
927 3721 1386 3790 σπουδαζόμενον,
1428 3718 1620 3791 μηδενὶ
1674 3717 1827 3787 γενέ-

252 3821 378 3874 σθαι
426 3818 714 3887 καταιραῆ
765 3814 893 3887 μήτ’
927 3815 1122 3885 αὑτὴν,
1187 3815 1325 3884 μήτε
1360 3813 1460 3883 τὴν
1509 3811 1652 3866 κατὰ.
1691 3811 1824 3864 Θεὸν

251 3913 423 3984 αὑτῆς
452 3910 700 3979 ἀγωγὴν,
729 3907 847 3962 ἀλλ’
872 3908 1012 3970 ὅλως
1038 3909 1152 3969 τοῖς
1181 3904 1509 3977 ἀνθρώποις.
1542 3904 1828 3975 ἀγνοηθεῖο

252 4021 376 4065 σαν,
406 4001 548 4055 οὑτω
583 3999 822 4071 μάλιστα
848 3996 1098 4067 γνωστὴν
1125 3995 1382 4066 γενέσθαι
1405 3995 1525 4067 Θεῷ
1545 4011 1560 4027 ο
1590 3996 1684 4050 καὶ
1718 3995 1827 4066 γὰρ

248 4097 351 4164 τήν
379 4111 439 4148 τε
485 4095 674 4164 φήμην
708 4091 884 4154 ἄλλως
927 4089 1282 4154 ὲδυσωπεῖτο,
1320 4087 1608 4142 ὑπώπτευε
1638 4088 1693 4141 δὲ
1733 4087 1827 4141 καὶ

249 4190 352 4260 τὴν
377 4188 485 4242 τῶν
527 4184 782 4254 πατέρων
809 4182 1041 4255 ἔρευναν
1076 4181 1336 4253 ἰσχυρῶς.
1390 4180 1543 4252 ᾜδει
1585 4181 1694 4252 γὰρ
1745 4181 1826 4234 ὅτι

250 4281 330 4354 μὴ
366 4279 565 4349 ἀμελὲς
597 4278 787 4349 χρῆμα
831 4274 969 4346 μηδὲ
1034 4274 1218 4345 ῥᾴδιον
1267 4273 1513 4341 ἐνεγκεῖν
1564 4271 1828 4342 φιλτάτης

252 4374 442 4432 παιδὸς
473 4371 751 4426 ἀπώλειαν
783 4368 1166 4438 φιλοστόργοις
1191 4365 1480 4435 πατράσιν,
1515 4364 1652 4418 ἀλλὰ
1681 4364 1828 4434 πρό-

253 4466 413 4536 θυμοι
435 4463 502 4519 ἀν
533 4459 642 4516 εἷεν
680 4463 780 4532 τὴν
815 4461 988 4530 αὑτῆς
1019 4457 1242 4527 εὖρεσιν
1275 4457 1542 4529 πρίασθαι
1595 4458 1690 4510 καὶ
1728 4456 1825 4526 dau-

251 4556 390 4625 κῆς⁸
421 4555 518 4607 καὶ
548 4552 638 4606 διὰ
674 4552 848 4606 ταῦτα
895 4550 992 4604 καὶ
1046 4550 1168 4610 ταῖς
1209 4546 1560 4618 θεραπαινίσι
1605 4548 1826 4618 παρήγ-

252 4649 443 4716 γελλεν
503 4648 624 4702 ὅσαι
664 4639 825 4716 ὧραι,
881 4643 976 4698 καὶ
1029 4641 1302 4711 ἀσφάλεια
1345 4643 1398 4695 ετ
1427 4659 1508 4704 τις
1529 4639 1597 4714 ἦν
1635 4643 1826 4706 αὑταῖς

253 4739 517 4805 ὑπετίθει,
542 4739 635 4792 τοῦ
661 4739 736 4809 μή
767 4754 874 4791 τινι
907 4737 969 4789 τὸ
989 4737 1300 4808 ἀπόρρητον
1321 4733 1557 4800 ἐξειπεῖν
1574 4752 1587 4766 ·
1608 4737 1724 4790 Κάν
1745 4754 1830 4799 τις

2002 2244 2093 2300 ιν.
2132 2245 2266 2302 Cum
2318 2256 2497 2302 autem
2554 2247 2784 2302 fuissent
2837 2261 3000 2316 prope
3034 2259 3206 2310 mare,
3255 2249 3500 2313 paratum

1931 2339 2213 2396 inveniunt
2242 2341 2536 2410 navigium,
2568 2351 2621 2394 et
2643 2340 2754 2411 jam
2781 2339 3216 2409 enavigaturum,
3250 2350 3374 2390 cum
3403 2347 3503 2389 nec

1929 2431 1986 2486 id
2027 2431 2244 2501 quidem
2291 2432 2372 2487 eis
2414 2432 2532 2488 sine
2573 2433 2665 2488 Dei
2710 2433 2938 2487 numine
2985 2431 3290 2485 accidisset.
3347 2425 3500 2492 Quod

1927 2538 2049 2579 cum
2088 2526 2481 2592 ascendissent,
2523 2536 2578 2582 et
2615 2536 2835 2581 ventum
2875 2524 3172 2580 secundum
3209 2529 3383 2574 nacta:
3413 2532 3502 2572 es-

1927 2626 2070 2681 sent,
2118 2618 2264 2671 brevi
2315 2619 2637 2687 perveniunt
2686 2616 3094 2672 Alexandriam.
3133 2612 3334 2666 Deinde
3373 2623 3500 2664 cum

1928 2710 2073 2765 illinc
2122 2711 2446 2774 solvissent,
2493 2712 2712 2765 veniunt
2779 2725 2968 2764 rursus
3024 2709 3076 2760 in
3126 2705 3204 2760 Co
3245 2703 3498 2758 insulam.

1926 2803 2117 2860 Omnia
2164 2805 2309 2858 enim
2359 2801 2634 2858 faciebant
2669 2804 2734 2857 ad
2771 2803 2894 2864 hoc,
2947 2809 3005 2854 ut
3055 2799 3306 2858 laterent,
3349 2803 3402 2848 et
3439 2799 3501 2846 ut

1927 2897 2187 2966 quaesitae,
2243 2896 2464 2951 minime
2528 2903 2974 2966 agnoscerentur.
3029 2891 3172 2958 Quin
3207 2889 3368 2942 etiam
3415 2885 3500 2940 eis

1926 2991 2125 3061 alioqui
2156 2991 2357 3061 placuit
2376 3005 2406 3044 a
2430 2989 2513 3043 via
2537 2988 2626 3043 hic
2647 2987 2957 3058 quiescere,
2983 2993 3035 3037 et
3055 2993 3278 3049 corpora
3301 2988 3353 3030 et
3380 2973 3497 3028 ani-

1928 3094 2044 3134 mos
2076 3094 2359 3144 recreare,
2393 3087 2581 3148 utpote
2617 3078 2758 3147 quod
2791 3084 2844 3129 et
2879 3080 3004 3144 apta
3041 3080 3186 3126 esset
3227 3065 3398 3122 insttla
3431 3063 3499 3118 ad

1926 3173 2163 3242 quietem
2209 3170 2574 3241 praebendam,
2604 3178 2658 3225 et
2687 3170 2915 3222 multum
2955 3161 3232 3230 conferret
3267 3161 3331 3213 ad
3361 3158 3496 3222 hoc,

1927 3275 1986 3321 ut
2015 3279 2121 3320 non
2149 3271 2370 3336 possent
2399 3261 2751 3331 deprehendi.
2783 3257 3073 3328 Postquam
3103 3269 3233 3322 ergo
3261 3250 3414 3306 fuere
3441 3246 3497 3304 in

1927 3367 2063 3426 tuto,
2095 3357 2411 3412 muliebrem
2443 3367 2633 3408 rursus
2661 3352 2906 3406 habitum
2941 3346 3268 3416 suscipiunt.
3295 3338 3499 3396 Deinde

1927 3465 2049 3506 cum
2081 3445 2445 3504 habitaculum
2482 3445 2534 3498 in
2567 3450 2818 3512 separato
2845 3438 3074 3507 quodam
3099 3435 3217 3489 loco
3247 3428 3500 3486 mercede

1929 3541 2336 3602 conduxissent,
2380 3538 2490 3592 illic
2519 3537 2762 3592 studiose
2795 3535 2989 3588 divina:
3027 3529 3292 3584 vacabant
3325 3523 3500 3594 philo-

1929 3635 2151 3708 sophiae.
2178 3631 2292 3687 Hoc
2319 3641 2498 3686 autem
2531 3629 2802 3699 pracipue
2835 3638 3029 3694 magno
3068 3621 3248 3678 studio
3277 3627 3502 3673 conten-

1927 3706 2088 3782 debat
2134 3723 2380 3794 Hospita,
2412 3730 2471 3776 ut
2512 3719 2645 3774 nulli
2671 3726 2818 3774 esset
2861 3712 3169 3776 manifesta,
3217 3723 3316 3764 nec
3359 3706 3498 3773 ipsa,

1929 3837 2030 3878 nec
2057 3820 2175 3890 ejus
2205 3821 2331 3875 vita:
2373 3816 2665 3879 institutio,
2718 3813 2814 3870 sed
2849 3809 3071 3867 omnino
3101 3807 3286 3878 ignota
3323 3801 3501 3858 homi-

1929 3914 2106 3978 nibus,
2137 3913 2218 3969 sic
2255 3913 2362 3967 Deo
2393 3908 2566 3978 magis
2593 3912 2738 3962 esset
2769 3902 3009 3974 cognita.
3045 3898 3179 3954 Nam
3217 3905 3272 3951 et
3301 3893 3498 3948 famam

1927 4007 2128 4078 alioqui
2157 4007 2460 4070 verebatur,
2493 4011 2548 4060 et
2579 3998 2862 4056 dubitabat
2895 4011 2961 4051 ne
2989 3994 3071 4050 sui
3105 3999 3358 4060 parentes
3379 3998 3502 4042 eam

1930 4102 2088 4157 valde
2113 4105 2440 4170 quaererent.
2475 4095 2696 4150 Sciebat
2741 4091 2885 4147 enim
2933 4103 3041 4143 non
3073 4099 3196 4140 esse
3229 4097 3342 4138 rem
3383 4093 3504 4148 quae

1928 4193 2250 4265 negligatur,
2281 4204 2381 4246 nec
2417 4204 2538 4260 qua:
2577 4186 2736 4241 facile
2769 4183 2896 4238 l‘erri
2942 4180 3132 4249 possit,
3167 4173 3503 4231 charissima:

1928 4287 2052 4342 filiae
2090 4285 2436 4340 amissionem
2483 4279 2793 4335 amantibus
2831 4275 3170 4347 parentibus,
3204 4270 3300 4324 sed
3349 4267 3503 4332 cujus

1932 4375 2300 4431 inventionem
2345 4372 2431 4426 vel
2465 4371 2645 4424 anima
2692 4369 2940 4422 lubenter
2968 4364 3388 4418 commutarent.
3442 4354 3504 4410 Et

1929 4468 2050 4524 ideo
2085 4465 2325 4537 quotidie
2359 4462 2706 4534 praecipiebat
2730 4457 2960 4519 ancillis,
3002 4464 3060 4508 ut
3087 4452 3373 4520 diligenter
3413 4461 3506 4500 ca-

1929 4567 2138 4625 verent,
2183 4573 2252 4612 ne
2292 4556 2379 4610 cui
2417 4567 2675 4607 arcanum
2705 4549 2972 4618 aperirent
3015 4562 3029 4600 :
3062 4543 3129 4598 Et
3159 4544 3203 4597 si
3242 4539 3386 4609 quis,
3421 4537 3502 4589 in-

1929 4653 2070 4721 quit,
2101 4652 2168 4705 de
2200 4664 2320 4703 meo
2350 4647 2568 4702 nomine
2597 4646 2916 4712 interroget,
2948 4638 3110 4692 dicite
3141 4649 3225 4687 me
3255 4645 3361 4686 n0n
3390 4627 3502 4683 Eu-

1929 4745 2155 4809 sebiam,
2189 4742 2332 4797 sicut
2367 4753 2556 4793 revera
2592 4749 2776 4799 vocor,
2811 4728 3031 4791 vocari,
3065 4725 3158 4780 sed
3199 4721 3498 4790 Hospitam.

251 4833 364 4900 εἵη,
415 4829 603 4900 φησὶν,
672 4830 700 4880 ὁ
746 4827 880 4898 περλ⁵
939 4824 1036 4879 τοῦ
1091 4825 1228 4895 ἐμοῦ
1269 4824 1535 4893 ὀνόματος
1581 4826 1822 4896 ἐρωτῶν,

1932 4837 2062 4893 Sum
2091 4836 2256 4899 enim,
2287 4842 2346 4887 ut
2369 4829 2585 4895 videtis,
2613 4827 2842 4895 hospita.
2876 4821 3078 4889 Sicque
3107 4816 3217 4880 fiet,
3247 4822 3299 4868 ιιι
3322 4821 3376 4865 et
3407 4825 3502 4865 vos

257 4925 418 4992 ὑμεῖς
448 4922 505 4976 δὲ
540 4922 616 4994 μὴ
650 4921 940 4986 Εὑσεδίαν,
978 4918 1168 4990 ὥσπερ
1221 4919 1328 4989 ἄρα
1379 4921 1473 4973 καὶ
1525 4920 1820 4991 κέκλημαι,

250 5016 391 5070 ἀλλὰ
435 5016 604 5085 Ξένην
657 5014 848 5068 εἴπατε
913 5011 1230 5065 καλεῖσθαι·
1281 5012 1375 5064 καὶ
1413 5011 1524 5082 γάρ
1566 5015 1703 5082 εἰμι,
1745 5015 1822 5076 ὡς

1930 4929 2050 4983 sitis
2105 4940 2251 4996 purae
2301 4939 2330 4977 a
2406 4918 2713 4980 mendacio,
2764 4923 2816 4970 et
2873 4912 3118 4980 vosipsas
3169 4904 3501 4962 conservetis

1933 5020 2164 5089 ignotas.
2197 5016 2409 5087 Ειδιωο
2439 5012 2654 5081 quidem
2687 5007 2793 5060 illis
2815 5003 2969 5059 dixit.

247 5112 439 5181 ὁρᾶτε,
465 5109 588 5177 ξένη
611 5124 626 5139 ⁸
662 5108 755 5162 καὶ
802 5104 978 5164 οὕτως
1011 5103 1077 5158 ἂν
1114 5105 1246 5174 ἡμῖν
1277 5107 1490 5175 γένοιτο
1547 5105 1779 5176 ψεύδους
1840 5128 1898 5164 τε
1937 5111 2184 5180 καθαρὰς
2219 5106 2378 5175 εἶναι,
2421 5105 2516 5160 καὶ
2564 5101 2761 5162 ἑαυτὰς
2801 5096 3111 5166 ἀγνώστους
3146 5093 3355 5165 τηρεῖν.
3389 5089 3500 5146 Καὶ

247 5203 425 5258 ταῦτα
461 5203 561 5274 μὲν
586 5205 732 5275 ’πρὸς
759 5203 997 5265 ὲκείνας.

323 5302 400 5356 E’.
444 5300 597 5353 Ἐπεὶ
634 5301 690 5354 δὲ
721 5302 816 5354 καὶ
848 5299 941 5353 τὸν
976 5300 1111 5371 πρὸς
1144 5299 1424 5368 σωτηρίαν
1463 5299 1653 5360 αὑταῖς
1687 5299 1827 5368 ἡγη-

249 5395 482 5465 σόμενον
507 5392 596 5446 διὰ
627 5392 862 5462 σπουδῆς
887 5388 1032 5462 εἶχεν
1069 5392 1269 5457 εὑρεῖν,
1301 5391 1400 5443 οὑκ
1427 5390 1600 5452 ἄλλως
1637 5407 1752 5453 πως
1787 5391 1818 5460 ἦ

244 5486 398 5557 παρὰ
427 5483 562 5538 Θεοῦ
585 5485 680 5537 κα)⁸
706 5484 895 5538 τούτου
928 5485 1108 5554 τυχεῖν
1132 5482 1312 5553 ἤθελε.
1334 5482 1575 5535 Κλίνασι
1607 5497 1822 5551 τοιγαρ-

243 5578 340 5632 οῦν
387 5577 594 5644 γόνατα
637 5578 729 5631 xal.
755 5577 1004 5646 καρδίαν,
1031 5577 1169 5646 μετὰ
1184 5574 1436 5645 δακρύων
1456 5574 1816 5644 προσηύχετο,

259 5673 321 5725 Ὀ
354 5671 508 5735 Θεὸς,
567 5671 824 5739 λέγουσα,
863 5671 890 5722 ὁ
930 5667 1208 5738 πανταχοῦ
1272 5667 1484 5737 παρὼν,
1533 5667 1628 5720 καὶ
1673 5669 1818 5736 ἡμᾶς

157 5833 164 5836 _
243 5760 392 5814 οὑτω
423 5759 778 5830 πλανωμένας
811 5758 978 5829 ὁρῶν,
1020 5759 1094 5829 μὴ
1145 5758 1417 5830 περιίδῃς,
1468 5757 1541 5826 μὴ
1595 5757 1818 5810 καταλί-

246 5871 378 5924 πῃς,
400 5853 466 5908 δι’
489 5855 547 5908 ὃν
572 5854 662 5908 καὶ
707 5853 880 5922 γονεῖς
907 5853 1068 5924 ἡμεῖς
1097 5852 1188 5905 καὶ
1220 5851 1396 5905 οἰκίαν
1429 5847 1814 5916 ἀπολιποῦσαι,

2000 5295 2062 5350 ν.
2101 5292 2442 5347 ϐυηιειιιεηι
2477 5287 2716 5344 studeret
2747 5284 2990 5340 invenire
3014 5283 3266 5354 aliquem,
3297 5282 3387 5352 qni
3419 5283 3499 5338 eis

1929 5393 2189 5456 praeesset
2217 5383 2280 5437 ad
2312 5381 2562 5444 salutem,
2599 5393 2706 5432 non
2735 5377 2870 5432 alias
2899 5393 3021 5432 eum
3057 5378 3156 5432 nisi
3189 5392 3218 5430 a
3255 5377 3363 5431 Deo
3405 5392 3498 5430 vo-

1928 5479 2028 5534 luit
2053 5475 2312 5531 invenire.
2340 5472 2617 5527 Inclinatis
2654 5472 2833 5540 itaque
2858 5486 2964 5524 una
2996 5487 3118 5524 cum
3149 5470 3311 5524 corde
3347 5470 3498 5539 geni-

1929 5571 2051 5636 bus,
2083 5569 2276 5624 oraliat
2328 5567 2670 5636 lacrymans:
2702 5562 2842 5617 Dens
2868 5563 2959 5630 qui
3003 5562 3202 5630 ubique
3233 5559 3383 5621 ades,
3415 5560 3498 5613 di-

1929 5679 2081 5728 cens,
2115 5673 2169 5716 et
2199 5675 2298 5716 nos
2327 5659 2408 5714 sic
2447 5659 2598 5712 rides
2626 5665 2895 5718 errantes,
2927 5669 2994 5709 ne
3027 5669 3126 5708 nos
3154 5653 3495 5721 despexeris,

1928 5771 1997 5810 ne
2031 5769 2129 5808 nos
2155 5750 2457 5822 reliqueris,
2480 5755 2699 5818 propter
2724 5759 2910 5815 quem,
2934 5742 3246 5814 parentibus
3263 5749 3316 5794 et
3339 5739 3498 5794 domo

1929 5846 2154 5913 reliCtis,
2208 5859 2430 5918 peregre
2469 5839 2676 5899 versari
2728 5837 3026 5910 delegimus
3067 5851 3082 5892 :
3115 5834 3212 5892 sed
3250 5833 3340 5890 tibi
3375 5831 3496 5903 pla-
