3828 6502
323 369 431 434 987

1589 367 1868 430 MENSIS
1897 368 2352 430 JANUARIUS.

3480 369 3604 432 958

327 501 467 558 ceat,
494 495 827 542 servatorem
879 485 1114 556 aliquem
1153 492 1209 541 et
1248 493 1422 540 tutum
1455 485 1554 542 viae
1600 486 1819 552 ducem,
1859 496 1916 542 et

2057 488 2075 539 δ
2109 484 2402 552 ξενιτεύειν
2434 482 2690 552 εἱλόμεθα
2712 498 2724 510 ·
2757 483 2894 538 ἀλλὰ
2937 486 3162 556 σωτῆρά
3209 501 3332 540 τινα
3360 485 3457 538 καὶ
3503 485 3607 538 ὀδ-

328 593 432 632 non
482 586 755 632 errantem
795 577 862 631 ad
895 591 992 634 nos
1026 577 1278 644 mittere,
1336 577 1478 632 sicut
1531 576 1657 631 olim
1693 575 1910 632 Thecla:

329 670 550 725 Paulum
581 685 597 724 :
623 681 678 726 et
704 670 863 740 cujus
914 677 1204 739 sequentes
1232 670 1482 739 vestigia,
1514 669 1784 739 possimus
1811 684 1909 724 nos

331 763 544 818 miserae
589 770 644 816 et
699 764 927 832 abiecta:
974 771 1119 817 tuam
1171 762 1313 816 viam
1373 761 1603 831 ingredi.
1661 761 1736 815 Ea
1797 761 1911 816 haec

328 864 544 920 orante,
576 856 656 910 eis
681 854 958 910 inventum
987 864 1072 910 est
1100 855 1230 910 illud
1255 854 1428 921 Osete,
1459 868 1652 924 nempe
1677 854 1724 908 ιι
1761 853 1912 908 Sicut

334 947 654 1003 matutinum
693 958 912 1016 paratus
943 947 1109 1014 Deus,
1149 958 1359 1002 noctem
1391 947 1695 1003 dissolvens
1728 960 1909 1000 rerum

337 1039 658 1094 dillicilium.
704 1038 956 1094 Protinus
995 1039 1138 1094 enim
1181 1041 1327 1094 visus
1359 1048 1442 1093 est
1471 1038 1550 1093 eis
1595 1039 1754 1092 homo
1787 1037 1910 1106 qui-

332 1133 476 1197 dam,
506 1131 808 1186 ascendens
840 1148 869 1186 ε
893 1144 1075 1203 portu,
1107 1133 1258 1188 cauis
1280 1131 1514 1202 capillis;
1547 1133 1774 1186 formam
1802 1144 1911 1201 prae

332 1238 391 1276 se
448 1222 632 1278 ferens
690 1225 1085 1291 monasticam,
1126 1235 1348 1294 aspectu
1397 1225 1692 1295 praeclaro,
1749 1233 1804 1278 et
1857 1233 1916 1278 ut

333 1315 530 1370 dixerit
574 1317 864 1387 quispiam,
916 1318 1064 1373 omni
1117 1334 1182 1374 ex
1226 1329 1381 1388 parte
1431 1318 1723 1388 angelicus.
1776 1317 1911 1372 Eum

333 1421 460 1461 cum
514 1409 738 1464 vidisset
781 1411 930 1480 virgo
976 1410 1199 1474 Christi,
1232 1421 1286 1465 et
1333 1411 1562 1479 spiritali
1605 1410 1800 1480 gaudio
1830 1417 1914 1465 est

339 1505 560 1569 repleta.
595 1511 651 1556 et
677 1518 904 1558 currens
934 1504 1210 1571 prehendit
1237 1503 1422 1572 pedes,
1461 1507 1514 1558 iu
1569 1518 1662 1558 eos
1695 1504 1912 1574 quidem

338 1591 570 1648 fundens
613 1596 904 1666 lacrymas,
952 1605 1141 1665 petens
1193 1605 1398 1660 autem,
1433 1604 1491 1648 nt
1537 1609 1643 1649 non
1685 1610 1780 1649 eas
1815 1595 1912 1649 de-

337 1686 597 1756 spiceret,
658 1688 753 1741 sed
804 1688 1242 1743 desiderantibus
1295 1688 1525 1744 salutem
1584 1689 1912 1753 attenderet,

2013 580 2144 649 ηγὸν
2191 580 2325 649 ἡμῖν
2375 577 2593 646 ἀπλανῆ
2645 576 2938 647 εὐδόκησον
2991 578 3344 648 ἐπιπέμψαι,
3397 577 3610 646 ὥσπερ

2015 670 2231 726 Παῦλον
2261 669 2438 740 Θέκλῃ
2469 668 2532 721 τὸ
2568 668 2854 738 πρότερον,
2887 661 2932 736 ᾧ
2956 669 3459 724 κατακολουθοῦσαι
3498 669 3610 722 καὶ

2011 754 2074 814 οὗ
2105 761 2215 814 τῶν
2254 762 2413 831 ἰχνῶν
2433 758 2721 828 ἑπόμεναι,
2760 758 2974 828 βαδίσαι
3000 759 3099 829 τὴν
3135 760 3220 812 σοὶ
3247 760 3614 830 ἀρέσκουσιν

2012 854 2378 927 ἀπροσκόπως
2407 854 2462 905 ai
2493 851 2748 905 ταπειναλ.
2774 851 3163 922 δυνηθείημεν,
3197 852 3384 906 Ταῦτα
3413 866 3614 920 προσ-

2014 946 2334 1017 ευχομένης,
2370 943 2571 1014 εὑρέθη
2610 943 2800 1004 αὐταῖς
2823 943 2882 995 τὸ
2915 943 3011 995 τοῦ
3048 942 3226 1013 Ὠσηὲ,
3278 941 3362 1004 Ὦς
3391 941 3616 1012 ὄρθρος

2013 1038 2231 1108 ἕτοιμος
2269 1040 2297 1092 ὁ
2325 1037 2477 1101 Θεὸς,
2505 1035 2604 1106 τὴν
2648 1035 2819 1088 νύκτα
2847 1033 2974 1088 τῶν.
3005 1033 3282 1103 δυσχερῶν
3323 1032 3615 1088 διαλύων.

2015 1132 2190 1196 Εὐθὺς
2237 1131 2347 1202 γὰρ
2399 1129 2689 1198 ἄνθρωπός
2720 1144 2803 1191 τις
2842 1127 3053 1196 ἑωρᾶτο
3078 1125 3174 1179 τοῦ
3214 1125 3429 1196 λιμένος
3459 1125 3618 1195 ἄρτι

2017 1224 2154 1296 πρὸς
2183 1225 2352 1287 αὐτὰς
2381 1220 2568 1286 ἀνιὼν,
2599 1220 2781 1283 πολιὸς
2807 1219 2906 1290 τὴν
2936 1217 3128 1288 τρίχα,
3157 1217 3219 1270 τὸ
3243 1212 3382 1279 εἶδος
3409 1217 3623 1283 ἀσκη-

2017 1316 2187 1381 τικὸς,
2221 1315 2320 1386 τὴν
2367 1313 2490 1384 ὄψιν
2528 1312 2801 1384 λαμπρὸς,
2845 1311 2940 1365 καὶ
2983 1310 3058 1374 ὡς
3105 1310 3171 1364 ἄν
3199 1326 3283 1372 τις
3309 1309 3472 1374 είποι,
3547 1309 3624 1361 τὸ

2017 1408 2238 1476 σύμπαν
2272 1406 2584 1476 ἀγγελικός.
2617 1405 2818 1458 Τοῦτον
2851 1405 2882 1474 ἡ
2912 1402 3006 1456 τοῦ
3039 1401 3276 1470 Χριστοῦ
3313 1401 3624 1471 παρθένος

2018 1498 2220 1564 ἰδοῦσα,
2254 1499 2429 1569 χαρᾶς
2458 1513 2518 1549 τε
2557 1493 2930 1565 πνευματικῆς
2963 1491 3290 1562 ἐπληροῦτο,
3333 1493 3424 1544 καὶ
3456 1491 3625 1562 δρα-

2019 1591 2193 1664 μοῦσα
2213 1591 2322 1645 τῶν
2353 1589 2530 1644 ποδῶν
2575 1588 2774 1657 εἴχετο,
2803 1586 3019 1656 δάκρυα
3063 1584 3164 1653 μὲν
3200 1583 3375 1638 αὐτῶν
3423 1599 3627 1635 κατα-

2015 1686 2234 1756 χέουσα,
2267 1683 2567 1753 αἰτουμένη
2591 1682 2647 1735 δὲ
2680 1681 2756 1751 μὴ
2787 1676 3036 1748 παριδεῖν
3059 1677 3214 1741 ὂλως,
3247 1675 3378 1728 ἀλλὰ
3413 1691 3628 1746 προσ-

334 1787 390 1830 et
414 1793 520 1831 nou
544 1778 926 1833 intermitteret
953 1779 1166 1845 docere,
1190 1779 1501 1847 admouere,
1537 1781 1592 1834 in
1627 1794 1746 1834 eam
1773 1779 1912 1833 viam

2057 1780 2171 1848 χεῐν
2257 1775 2535 1845 σωτηρίας
2607 1772 2945 1843 έφιεμέναις,
3008 1768 3104 1821 καὶ
3161 1767 3238 1837 μὴ
3319 1767 3627 1820 διαλιπεῖν

337 1882 458 1936 quae
487 1867 637 1922 ducit
689 1870 756 1922 ad
805 1869 1086 1924 Christum
1137 1839 1428 1936 deducere,
1461 1839 1512 1926 et
1545 1878 1601 1926 ut
1632 1869 1798 1926 semel
1831 1871 1916 1925 di-

2057 1839 2356 1936 ίδὰτκοντα,
2391 1839 2789 1939 παραινοῦντα,
2820 1863 2957 1932 πρὸς
2986 1859 3085 1930 τὴν
3111 1859 3192 1921 είς
3230 1858 3356 1911 Θεὸν
3388 1858 3622 1929 φέρουσ-

336 1973 482 2022 cam,
513 1959 758 2014 externis
788 1961 970 2014 ouinia
1007 1959 1165 2016 eﬂici.

407 2137 500 2193 Vl.
540 2137 674 2194 Cum
711 2150 891 2195 autem
924 2142 1148 2197 vidisset
1195 2143 1495 2197 monachus
1546 2142 1625 2197 sic
1661 2139 1916 2196 al'feclam

339 2231 627 2299 virginem,
662 2248 718 2288 et
748 2249 995 2302 quaenam
1026 2244 1212 2289 essent
1257 2235 1608 2303 interrogavit
1642 2234 1916 2303 protinus,

339 2331 395 2376 et
417 2324 873 2391 quemadmodum
919 2326 1002 2379 sic
1029 2335 1279 2379 errarent
1313 2327 1363 2378 in
1396 2325 1590 2380 insula.
1630 2325 1919 2393 Postquam

342 2425 522 2468 autem
560 2415 825 2471 intellexit
862 2431 983 2472 esse
1012 2417 1228 2485 quidem
1265 2432 1356 2472 eas
1386 2431 1581 2487 genere
1616 2416 1918 2483 Romanas,

341 2517 595 2562 externas
641 2523 768 2563 vero
821 2518 877 2563 et
929 2518 1175 2564 errantes
1228 2520 1448 2579 propter
1503 2510 1808 2578 Christum,
1866 2521 1922 2566 et

342 2601 486 2670 quod
530 2602 819 2670 procedere
853 2609 908 2657 et
955 2602 1127 2656 videri
1161 2604 1229 2656 ab
1285 2601 1556 2672 aliquibus
1595 2617 1664 2658 ex
1704 2603 1793 2667 iis,
1829 2603 1922 2673 qui

347 2692 436 2746 hic.
468 2702 612 2759 sunt,
637 2701 692 2748 et
724 2703 876 2763 turpe
899 2702 1004 2757 est,
1034 2702 1088 2748 et
1117 2708 1224 2748 non
1249 2702 1334 2750 est
1357 2694 1583 2749 omnino
1612 2694 1922 2759 ferendum,

346 2786 534 2856 Atqui,
567 2787 761 2856 inquit,
803 2802 895 2842 vos
940 2802 1156 2857 quoque
1187 2787 1310 2842 volo
1347 2789 1536 2844 eadem
1567 2789 1634 2844 de
1661 2801 1748 2843 me
1779 2788 1927 2843 exsi-

343 2875 586 2932 stimare.
640 2875 774 2930 Nam
825 2878 941 2947 ipse
989 2892 1203 2947 quoque
1253 2893 1372 2932 sum
1419 2879 1638 2948 hospes,
1677 2887 1732 2933 et
1764 2877 1924 2944 hujus

345 2967 449 3023 loci
493 2969 715 3022 omnino
773 2968 1014 3037 ignarus,
1062 2978 1121 3023 ut
1168 2968 1258 3037 qui
1307 2983 1338 3024 e
1370 2969 1540 3024 sacris
1586 2968 1720 3024 locis
1748 2971 1926 3025 “modo

346 3060 769 3128 enavigaverim.
813 3060 1105 3129 Postquam
1153 3061 1297 3114 enim
1343 3060 1453 3115 illic
1486 3060 1559 3114 fui
1601 3059 1775 3130 gratia
1803 3075 1928 3116 ora-

2021 1979 2118 2017 σαν
2153 1961 2472 2032 ὀδηγοῦντα,
2505 1958 2600 2013 καὶ
2649 1954 2980 2010 συνελοῦσαν
3024 1950 3216 2021 φάναι,
3254 1951 3431 2006 πάντα
3474 1954 3629 2015 ταῖς

2022 2054 2199 2118 ξέναις
2230 2055 2360 2122 ἡμῖν
2398 2050 2704 2121 γινόμενον.

2092 2146 2183 2213 ς’.
2222 2147 2332 2198 Καὶ
2358 2146 2386 2197 ὁ
2409 2145 2641 2214 μοναχὸς
2687 2141 2862 2206 οὓτως
2901 2142 3024 2197 ἰδὼν
3049 2143 3278 2214 ἔχουσαν
3318 2139 3418 2210 τὴν
3451 2153 3625 2207 παρ-

2023 2238 2195 2304 θένον,
2223 2237 2368 2300 τίνες
2389 2253 2448 2288 τε
2477 2231 2587 2290 εἷεν
2626 2234 2788 2297 εὐθὺς
2818 2233 3098 2305 ἐπηρώτα,
3142 2235 3238 2288 καὶ
3274 2234 3423 2294 ὅπως
3454 2230 3627 2283 οὕτω

2027 2330 2184 2401 μόναι
2217 2328 2354 2400 περὶ
2385 2325 2482 2397 τὴν
2502 2325 2666 2396 νῆσον
2695 2323 2953 2378 ἀλῶνται.
3002 2323 3204 2380 Μαθὼν
3236 2323 3292 2376 δὲ
3333 2322 3416 2374 ὅτι
3462 2320 3625 2372 Ῥω-

2026 2425 2182 2493 μαῖαι
2212 2420 2312 2489 μὲν
2336 2420 2394 2472 τὸ
2421 2419 2594 2487 γένος,
2638 2416 2790 2481 ξέναι
2825 2416 2883 2468 δὲ
2917 2415 3007 2468 διὰ
3035 2415 3168 2469 Θεὸν
3199 2413 3292 2468 καὶ
3317 2411 3620 2482 ἀλήτιδες,

2023 2514 2118 2568 καὶ
2140 2515 2224 2567 ὅτι
2255 2512 2346 2564 καὶ
2376 2510 2439 2564 τὸ
2465 2509 2750 2580 προελθεῖν
2779 2508 2948 2571 αὐτὰς
2978 2507 3072 2560 καὶ
3096 2505 3329 2578 ὀφθῆναί
3350 2521 3466 2558 τισι
3487 2503 3626 2556 τῶν

2024 2606 2274 2670 ἐνταῦθα,
2306 2606 2382 2668 ὡς
2411 2604 2670 2675 αἰσχύνην
2713 2605 2876 2674 φέρον
2907 2601 3021 2656 ἐστὶ
3053 2604 3145 2657 καὶ
3170 2602 3306 2663 ὅλως
3355 2602 3459 2653 οὐκ
3515 2601 3631 2652 ἀν·-

2025 2701 2183 2755 εκτὸν
2203 2742 2217 2766 ,
2266 2699 2405 2752 Ἀλλ’
2441 2699 2584 2767 ὑμᾶς
2609 2714 2696 2766 γε,
2732 2697 2859 2768 ἔφη,
2905 2697 3000 2750 καὶ
3027 2696 3152 2766 περὶ
3179 2692 3312 2764 ἐμοῦ
3343 2692 3630 2763 βούλομαι

2024 2790 2196 2844 ταῦτα
2242 2787 2683 2858 ὑπολαμϐάνεινο
2747 2785 2894 2850 ξένος
2924 2785 3030 2858 γὰρ
3082 2783 3259 2853 κάγὼ,
3293 2783 3389 2838 καὶ
3431 2782 3625 2836 τόπου

2024 2883 2179 2937 τοῦδε
2227 2881 2573 2935 παντάπασιν
2617 2879 2859 2951 ἀμαθὴς,
2888 2879 3010 2949 ἄρτι
3049 2879 3158 2931 τῶν
3203 2876 3362 2952 ἱερῶν
3393 2877 3632 2930 ἀποπε-

2029 2976 2277 3040 πλευκὼς
2331 2977 2532 3028 τόπων.
2585 2973 2734 3028 Ἑκεί
2794 2974 2904 3044 γὰρ
2961 2973 3251 3044 γενόμενος
3297 2969 3632 3042 προσευχῆς

2029 3069 2208 3140 χάριν,
2245 3067 2340 3122 νῦν
2377 3070 2514 3139 πρὸς
2545 3066 2645 3138 τὴν
2675 3066 2912 3137 πατρίδα
2941 3065 3278 3136 κατέρχομαι
3310 3063 3410 3134 τὴν
3437 3065 3629 3133 ἐμήν.

351 3151 536 3213 tionis,
561 3151 626 3204 ad
649 3155 823 3203 meam
853 3165 996 3204 nunc
1017 3150 1286 3205 descendo
1309 3151 1563 3220 patriam.
1588 3150 1722 3206 Eum
1744 3151 1926 3222 itaque

2057 3162 2242 3232 ’Πρετο
2274 3159 2404 3230 γοῦν
2435 3161 2468 3230 ἡ
2513 3161 2784 3230 μακαρία,
2826 3159 2920 3211 καὶ
2953 3158 3115 3221 ποίας
3144 3157 3208 3210 ἂν
3242 3155 3328 3226 εἴη
3371 3156 3632 3221 πόλεως,

349 3242 702 3312 interrogavit
729 3244 904 3310 beata,
934 3241 1215 3309 cuiusnam
1243 3251 1384 3298 esset
1407 3243 1664 3309 civitatis,
1699 3253 1751 3299 et
1793 3260 1928 3316 qna-

347 3346 472 3387 nam
519 3341 664 3388 esset
699 3333 964 3403 dignitate
1037 3333 1318 3402 praeditus.
1375 3332 1740 3390 Existimabat
1781 3337 1926 3391 enim

348 3440 472 3479 eum
501 3437 624 3479 esse
650 3425 988 3495 episcopum,
1023 3434 1285 3494 quantum
1317 3426 1588 3494 conjicere
1619 3435 1833 3496 poterat
1862 3441 1931 3483 ex

350 3517 560 3571 habitu.
592 3518 683 3572 llle
714 3527 916 3584 autem,
950 3518 1134 3573 Patria
1162 3517 1409 3587 quidem,
1439 3519 1640 3588 inquit,
1673 3521 1807 3576 mihi
1843 3529 1932 3575 est

350 3611 508 3667 Caria
547 3632 560 3668 :
594 3614 786 3668 civitas
818 3629 969 3679 vero,
1003 3613 1251 3686 Mylassa.
1293 3613 1390 3668 Est
1420 3623 1600 3668 autem
1647 3614 1774 3668 mihi
1808 3613 1933 3670 talis

354 3708 800 3763 vestimentorum
831 3709 1068 3773 habitus,
1095 3709 1236 3778 quod
1259 3709 1360 3764 sim
1383 3710 1667 3780 presbyter
1685 3719 1738 3763 et
1763 3722 1932 3778 parvo

352 3800 567 3854 cuidam
614 3802 760 3872 gregi
804 3802 1041 3870 pra-sim,
1083 3801 1288 3872 magni,
1339 3801 1583 3871 inquam,
1613 3815 1680 3854 ex
1727 3799 1933 3855 Christi

354 3893 638 3962 discipulis
684 3895 934 3957 Andreae,
985 3908 1180 3948 nomen
1227 3902 1408 3947 autem
1463 3893 1596 3946 mihi
1646 3903 1730 3946 est
1776 3891 1930 3962 (na

357 3987 460 4041 hoc
483 4000 696 4056 quoque
732 3987 875 4040 voles
901 3986 1130 4040 fortasse
1155 3984 1332 4054 scire)
1365 3984 1584 4041 Paulus.
1617 3982 1750 4038 Eam
1783 3997 1930 4050 veno,

349 4094 482 4134 cum
516 4081 618 4132 hoc
643 4093 861 4142 nomen,
889 4078 1432 4142 Paulus,.audiisset,
1465 4078 1609 4147 cepit
1637 4093 1742 4133 non
1771 4092 1934 4146 parva

356 4167 669 4229 admiratio,
720 4169 862 4236 quod
895 4183 1016 4222 cum
1055 4176 1272 4224 orasset
1317 4168 1477 4222 talem
1523 4168 1626 4225 sibi
1669 4168 1786 4240 dari
1820 4183 1936 4224 ma-

356 4260 610 4329 gistrum,
663 4261 835 4330 qualis
877 4261 1090 4316 Theclae
1121 4261 1464 4330 apparuisset
1492 4260 1712 4327 Paulus,
1748 4275 1936 4332 preces

360 4352 504 4406 Deus
536 4352 839 4418 celerrime,
878 4353 963 4408 vel
1003 4353 1181 4423 potius
1219 4361 1350 4407 ante
1400 4367 1589 4421 preces
1621 4368 1738 4408 eam
1770 4369 1938 4408 exau-

361 4443 552 4508 disset,
586 4452 644 4497 ut
676 4443 802 4498 illud
829 4443 1074 4499 dicamus
1108 4443 1442 4509 Davidieum,
1504 4445 1555 4498 in
1582 4445 1764 4500 cordis
1797 4459 1934 4513 prte-

2035 3253 2088 3306 τι
2111 3253 2167 3306 δὲ
2194 3253 2289 3306 καὶ
2315 3254 2375 3306 τὸ
2396 3251 2613 3322 ἀξίωμα
2639 3252 2666 3304 ὅ
2696 3250 3081 3322 περιϐέϐληται
3128 3249 3244 3322 (καὶ
3283 3249 3389 3317 γὰρ
3427 3246 3635 3310 ἔδοξεν

2036 3346 2334 3400 ἐπίσκοπον
2366 3346 2528 3400 αὐτὸν
2551 3340 2710 3410 είναι,
2742 3345 2865 3396 ὅσον
2895 3343 3002 3398 ἀπὸ
3025 3326 3422 3411 τοῦσχήματος
3463 3337 3638 3407 ὑπῆν

2037 3437 2282 3508 ἐννοεῖν).
2321 3437 2381 3490 Ὃ
2413 3437 2490 3503 δὲ,
2526 3435 2730 3507 Πατρὶς
2769 3435 2868 3502 μὲν
2893 3435 3035 3503 ἐμοὶ,
3070 3433 3196 3503 ἔφη,
3225 3430 3425 3503 Καρία,
3460 3429 3638 3494 πόλις

2038 3531 2096 3584 δὲ
2125 3531 2418 3595 Μύλασσα,
2453 3531 2640 3601 σχῆμα
2656 3527 2714 3581 δὲ
2739 3531 2803 3598 τῇ
2839 3526 2995 3597 στολῇ
3037 3525 3239 3579 τοιόνδε
3261 3524 3336 3595 τῷ
3375 3522 3643 3594 πρεσϐύ-

2037 3641 2193 3693 τερον
2228 3620 2367 3676 εἷναί
2401 3640 2488 3692 με,
2531 3622 2625 3675 καὶ
2660 3621 2898 3689 ποίμνης
2930 3617 3180 3687 ἡγεῖσθαι
3228 3617 3293 3688 δή
3323 3632 3470 3678 τινος
3505 3614 3642 3666 ὀλί-

2037 3734 2162 3788 γης,
2189 3715 2281 3768 τοῦ
2313 3714 2570 3787 μεγάλου,
2610 3714 2776 3784 φημὶ,
2807 3714 2919 3766 τῶν
2939 3710 3178 3781 Χριστοῦ
3208 3707 3464 3780 μαθητῶν
3499 3707 3643 3759 Ἀνε-

2039 3809 2230 3879 δρέουο
2261 3807 2431 3876 ὄνομα
2459 3806 2516 3858 δέ
2559 3823 2651 3876 μοι
2686 3805 2967 3875 (βουλήσει
3014 3805 3124 3873 γὰρ
3175 3803 3267 3854 καὶ
3309 3799 3469 3852 τοῦτο
3506 3817 3637 3868 μα-

2039 3899 2177 3973 θεῖν)
2211 3898 2441 3962 Παῦλος.
2466 3898 2576 3969 Τὴν
2604 3898 2661 3951 δὲ
2696 3899 2775 3962 τὸ,
2806 3896 3035 3960 Παῦλος,
3063 3894 3372 3948 ἀκούσασαν
3403 3893 3642 3962 θάμϐος

2042 3996 2101 4048 οὐ
2136 3993 2332 4066 μικρὸν
2387 3993 2530 4064 ᾕρει,
2582 3993 2735 4056 ὅπως
2777 3991 3084 4061 εὐξαμένης
3123 3986 3446 4042 διδάσκαλον
3480 3987 3641 4057 αὐτῇ

2042 4089 2284 4141 τοιοῦτον
2323 4089 2505 4140 ὁποῖον
2537 4086 2600 4156 δὴ
2644 4084 2738 4138 καὶ
2768 4085 2945 4155 Θέκλῃ
2985 4084 3076 4136 τὸν
3113 4081 3324 4134 Παῦλον
3359 4079 3641 4148 φανῆναι,

2042 4180 2320 4252 ταχύτατα
2348 4180 2446 4250 τῆς
2468 4180 2632 4248 εὐχῆς
2660 4178 2872 4242 ὸ-Θεὸς,
2921 4175 3121 4247 μᾶλλον
3168 4175 3223 4228 δὲ
3259 4173 3354 4226 καὶ
3387 4171 3495 4242 πρὸ
3520 4171 3644 4240 τῆς

2044 4274 2231 4344 εὐχῆς,
2267 4273 2466 4341 ¹ἢκουσε
2495 4269 2722 4340 ταύτης,
2756 4271 2843 4323 ἵνα
2870 4268 2930 4322 τὸ
2954 4267 3048 4320 τοῦ
3075 4265 3239 4319 Δαϐὶδ
3261 4266 3536 4334 εἴποιμεν,
3571 4265 3643 4318 ἐν

2045 4369 2110 4439 τῇ
2135 4367 2232 4434 τῆς
2267 4364 2491 4437 καρδίας
2539 4364 2849 4434 ἑτοιμασίᾳ,
2891 4362 2984 4414 καλ⁴
3017 4352 3174 4421 οὗτος
3215 4355 3284 4429 ῆν
3338 4354 3644 4427 δ’μέλλων

2043 4457 2377 4530 ὀφθήσεσθαι
2413 4455 2583 4528 ταύτῃ
2640 4455 2874 4518 Παῦλος,
2924 4455 2984 4507 οὐ
3044 4455 3374 4523 πράγματος
3425 4450 3638 4519 μόνον,

363 4534 645 4603 paratione
680 4542 778 4589 :et
824 4533 912 4588 hic
941 4533 1034 4602 qui
1075 4543 1194 4588 erat
1222 4533 1271 4588 ei
1323 4534 1671 4602 appariturus
1720 4533 1927 4597 Paulus,

2057 4550 2177 4604 Ιιλλὰ
2261 4549 2356 4604 καὶ
2428 4548 2689 4618 ὀνόματος
2771 4545 2919 4616 αὐτῷ
2998 4543 3295 4597 κοινωνῶν.
3353 4537 3641 4611 Δακρύων

365 4640 472 4680 non
529 4625 706 4680 solum
770 4625 876 4691 rei,
912 4625 1002 4680 sed
1044 4625 1206 4679 etiam
1274 4625 1510 4680 nominis
1568 4624 1780 4682 futurus
1821 4632 1938 4680 erat

365 4715 566 4768 socius.
610 4716 746 4768 Cum
795 4715 1045 4784 lacrymis
1092 4729 1222 4783 ergo
1269 4715 1544 4784 implesset
1587 4715 1791 4780 oculos,
1831 4714 1940 4770 Deo

366 4804 581 4874 quidem
615 4821 864 4874 magnam
909 4806 1210 4877 gratiarum
1239 4808 1531 4874 actionem,
1565 4805 1733 4861 Paulo
1761 4815 1939 4862 autem

368 4898 562 4953 obtulit
590 4898 1062 4966 supplicationem,
1101 4909 1155 4952 ut
1201 4909 1344 4953 esset
1382 4899 1430 4954 ei
1465 4908 1618 4968 pater
1645 4902 1940 4954 secundum

368 4986 640 5060 spiritum,
693 4998 746 5042 et
777 4997 888 5042 tota
939 4990 1201 5057 penderet
1233 4991 1302 5044 ab
1333 4990 1451 5058 ejus
1488 5004 1618 5044 cura
1666 4999 1722 5046 et
1757 4991 1938 5058 provi-

371 5080 573 5134 dentia.
624 5081 716 5135 Ille
761 5095 888 5135 vero
918 5081 1010 5136 :Si
1057 5082 1143 5136 hic
1167 5083 1406 5151 quidem,
1438 5082 1636 5151 inquit,
1665 5083 1808 5148 sitis,
1838 5097 1942 5138 non

372 5182 559 5242 potero
587 5172 743 5227 vobis
793 5173 1020 5242 amplius
1055 5174 1334 5240 prodesse,
1381 5182 1438 5225 ut
1472 5175 1560 5243 qui
1589 5174 1701 5242 ipse
1728 5189 1946 5244 quoque

374 5266 475 5318 sim
517 5265 747 5335 hospes,
794 5276 848 5322 et
904 5266 954 5320 in
1007 5281 1102 5322 vos
1129 5267 1188 5320 in
1240 5268 1471 5320 transitu
1526 5268 1806 5322 incidet-im
1844 5283 1858 5321 :
1897 5274 1951 5321 et

375 5356 611 5409 maxime
633 5371 755 5411 cum
775 5372 876 5414 nec
897 5359 1096 5427 possim
1117 5359 1332 5428 quidem
1356 5359 1587 5429 amplius
1607 5370 1966 5428 exspectare.-

375 5446 601 5515 Oportet
631 5449 792 5509 enim.
835 5449 1029 5518 inquit,
1063 5465 1167 5504 nos
1197 5451 1415 5514 reverti,
1445 5465 1661 5520 gregem
1704 5459 1947 5504 nostrum

377 5540 711 5598 visitaturos.
741 5539 848 5596 Vos
876 5551 1078 5609 autem,
1117 5541 1162 5598 si
1196 5542 1410 5606 voletis,
1445 5545 1708 5598 abeuntes
1736 5557 1833 5597 uos
1862 5555 1950 5597 se-

377 5634 636 5702 quemini.
690 5633 781 5689 Sic
829 5634 972 5690 enim
1020 5635 1139 5706 ipse
1182 5651 1397 5708 quoque
1426 5650 1523 5708 pro
1562 5636 1765 5692 virihus
1805 5650 1951 5694 cura:

377 5737 618 5783 vestrum
649 5728 898 5798 gerenda:
926 5746 1033 5788 non
1064 5731 1248 5789 deero.

461 5843 475 5875 '
520 5844 679 5912 Osee,
715 5862 790 5914 vt,
818 5848 874 5906 ὅ.

2047 4637 2138 4698 οὖν
2192 4643 2319 4705 τοὺς
2384 4639 2697 4709 ὀφθαλμοὺς
2757 4638 3045 4710 πλήσασα,
3114 4634 3318 4703 πολλὴν
3382 4633 3461 4702 τῷ
3525 4632 3642 4701 μὲν

2047 4734 2165 4808 θεῷ
2237 4735 2336 4806 τὴν
2394 4732 2790 4802 εὐχαριστίαν,
2855 4729 2932 4800 τῷ
2993 4728 3189 4798 Παύλῳ
3255 4727 3312 4779 δὲ
3369 4722 3635 4794 προσῆγε

2046 4829 2145 4900 τὴν
2180 4825 2439 4890 ἱκετείαν,
2477 4822 2730 4892 γενέσθαι
2758 4821 2894 4891 αὐτῇ
2940 4819 3084 4873 κατᾶ
3121 4817 3340 4886 πνεῦμα
3376 4814 3636 4885 Πατέρα,

2051 4923 2144 4976 καὶ
2171 4921 2299 4990 ὅλην
2332 4917 2397 4988 δὴ
2433 4916 2530 4988 τὴν
2572 4914 2790 4984 ἐκείνης
2844 4912 3096 4966 ὑπελθεῖν
3123 4909 3401 4980 πρόνοιαν.
3450 4905 3509 4958 Ὁ
3546 4906 3639 4973 δὲ,

2063 5012 2330 5068 Ἐνταῦθα
2359 5010 2458 5080 μὲν
2491 5007 2679 5078 οὔσης,
2709 5006 2896 5077 φησὶν,
2924 5004 3080 5057 οὐδέν
3134 5019 3188 5055 τι
3233 5001 3395 5054 πλέον
3429 4997 3641 5065 ὀνῆσαι

2052 5107 2275 5170 δυνατὸς
2304 5105 2522 5174 ἔσομαι,
2551 5102 2701 5169 ξένος
2730 5099 2805 5152 ὢν
2838 5098 2929 5152 καὶ
2961 5096 3124 5158 αὐτὸς
3170 5095 3265 5147 καὶ
3299 5093 3442 5146 κατὰ
3487 5092 3643 5162 πάρ-

2053 5200 2171 5252 οδον
2200 5199 2328 5268 ὑμῖν
2384 5193 2644 5264 ἐντυχὼν,
2679 5193 2772 5246 καὶ
2817 5190 2995 5252 ἄλλως
3025 5187 3146 5240 οὐδὲ
3180 5183 3513 5256 προσμένειν
3545 5184 3638 5235 ἔτι

2054 5291 2214 5344 πλέον
2236 5285 2344 5353 οἷος
2371 5287 2450 5342 ὢν
2471 5303 2486 5318 ·
2514 5287 2595 5340 δεῖ
2623 5285 2732 5356 γὰρ
2764 5281 3113 5344 ἐπανελθεῖν,
3145 5279 3301 5348 φησὶ,
3344 5275 3442 5346 τὴν
3498 5275 3636 5327 ἑαυ-

2052 5385 2163 5436 τῶν
2212 5383 2447 5453 ποίμνην
2495 5381 2643 5454 ἡμᾶς
2700 5375 3187 5446 ἐπισκεψομένους,
3233 5371 3328 5425 καὶ
3357 5371 3517 5440 ὑμεῖς
3549 5367 3637 5434 δὲ,

2053 5476 2211 5547 εἴπερ
2244 5474 2595 5545 βουλομέναις
2629 5474 2748 5526 ἐστὶ
2770 5471 2951 5535 τοῦτο,
2974 5467 3224 5522 ἀπιοῦσιν
3255 5466 3388 5535 ἡμῖν
3408 5461 3636 5531 ἓψεσθεο

2051 5569 2194 5624 οὕτω
2215 5569 2335 5639 ’γὰρ
2356 5569 2450 5622 καὶ
2485 5567 2647 5630 αὐτὸς
2673 5565 2824 5618 οὐδὲν
2870 5565 2971 5633 τῆς
3017 5560 3160 5615 κατὰ
3195 5558 3429 5628 δύναμιν
3477 5553 3636 5614 ὑμῶν

2060 5662 2312 5731 προνοίας
2348 5659 2625 5730 ὀλιγωρῶν
2655 5657 2868 5728 ἔσομαι.
