3828 6484
225 375 333 438 98'.)

1422 333 1429 339 ’
1527 374 1705 434 VlTA
1743 376 1801 436 s.
1843 375 2217 442 EUSEBIA’S.

3365 365 3474 428 990

299 484 373 539 Z'.
445 483 594 537 Ἐπεὶ
638 483 730 538 οὖν
777 485 1030 555 ἀσμένως
1069 479 1162 538 τόν
1217 502 1274 538 τε
1321 485 1478 554 λόγον
1525 486 1794 552 ἐδέξαντο,

1979 487 2092 543 VII.
2135 488 2270 542 Cum
2314 500 2391 542 ea:
2441 491 2622 539 autem
2657 483 2729 549 id,
2775 479 2917 550 quod
2947 479 3178 542 dixerat,
3231 475 3476 532 lubenter

225 577 326 629 καὶ
391 571 705 628 ἀκολουθεῖν
758 565 1177 643 ἐπηγγείλαντο,
1232 574 1411 628 λἀὅὼν
1494 575 1677 641 αὑτὰς,
1712 578 1796 640 είς

225 664 526 719 Μύλασσαν
580 663 678 734 τὴν
718 663 870 717 πόλιν
904 665 1176 735 καταίρει,
1201 666 1476 738 οἰκήματά
1513 683 1573 720 τε
1605 669 1794 732 αὐταῖς

223 755 289 809 εὖ
319 755 511 825 ἔχοντα
538 755 678 824 πρὸς
705 753 962 826 ἡσυχίαν,
993 755 1220 825 πλησίον
1259 755 1352 810 τοῦ
1389 755 1534 826 ἱεροῦ
1572 756 1754 810 δίδωσι
1776 773 1790 788 °

223 850 354 904 ἔνθα
392 853 486 905 καὶ
523 844 673 904 οἷκον
719 851 1010 921 εὐκτήριον
1046 850 1183 921 Ξένη
1219 851 1475 922 Στεφάνῳ
1509 851 1587 921 τῷ
1639 869 1796 923 apto.

225 943 534 1012 τομάρτυρι
565 943 778 1013 ἀνιστᾷ.
823 941 1000 1005 Ἐντὸς
1030 941 1085 994 δὲ
1118 942 1300 1010 ὀλίγου
1320 943 1513 1012 χρόνου
1543 942 1634 995 καὶ
1660 959 1797 1014 παρ-

223 1033 397 1088 θένων
428 1035 706 1104 συνίστησι
733 1036 1114 1106 μοναστήριον,
1141 1035 1250 1088 τῶν
1280 1035 1438 1104 ἱερῶν
1465 1036 1558 1089 τοῦ
1583 1035 1794 1090 Παύλου

220 1127 522 1198 φροντίδων
573 1128 667 1181 καὶ
719 1129 851 1183 αὐτὸ
932 1128 1306 1198 ἀναρτήσασα.
1356 1126 1549 1184 Οὑδενὶ
1613 1129 1796 1198 μέντοι

227 1218 361 1288 παρ’
390 1219 518 1288 ὅλην
548 1220 716 1289 αὐτῆς
749 1218 848 1289 τὴν
889 1218 1034 1290 ζωὴν
1061 1217 1335 1288 γνώριμον
1377 1218 1606 1290 ὑπῆρξε,
1632 1219 1716 1283 τίς
1736 1237 1796 1272 τε

220 1305 314 1380 ἦν,
346 1312 443 1366 καὶ
473 1311 654 1377 πόθεν,
677 1314 774 1367 καὶ
805 1313 871 1366 δι’
899 1313 965 1384 ἢν
988 1311 1164 1367 αἰτίαν
1197 1313 1306 1367 τῶν
1340 1312 1555 1366 οἰκείων
1581 1314 1796 1382 ἀναχω-

222 1403 404 1472 ρήσοι,
442 1403 677 1465 καὶπῶς
704 1402 768 1474 δὴ
803 1405 1022 1458 καλοῖτο
1046 1417 1061 1432 “
1100 1403 1236 1458 ἀλλά
1261 1405 1402 1474 Ξένη
1423 1405 1558 1474 πρὸς
1588 1404 1796 1467 πάντας

221 1491 462 1560 ἔφασκεν
489 1491 877 1560 ὀνομάζεσθαι,
910 1496 1006 1548 καὶ⁸
1046 1493 1206 1548 τοῦτο
1255 1495 1392 1565 αὐτῇ
1427 1494 1602 1562 ὄνομα
1656 1490 1795 1547 εἶναι

219 1583 432 1654 κύριον,
468 1585 623 1654 ἐλεγέ
651 1603 732 1652 τε,
755 1587 850 1640 καὶ
868 1585 1099 1654 λέγουσα
1129 1585 1332 1641 ἔπειθε.
1372 1588 1480 1640 Καὶ
1502 1586 1710 1650 Παῦλος
1738 1586 1797 1638 δὲ

219 1674 250 1725 ὅ
287 1675 580 1744 μακάριος,
607 1677 717 1740 τοῖς
781 1677 1060 1748 ἐρωτῶσιν
1097 1679 1161 1730 ὲκ
1213 1680 1312 1748 τῆς
1347 1677 1443 1731 Κῶ
1491 1677 1594 1746 τῆς
1631 1679 1795 1748 νήσου

217 1763 396 1833 λέγων
428 1765 598 1830 αὐτάς
623 1768 872 1836 ἀγαγεῖν,
907 1771 1007 1824 ούκ
1035 1769 1242 1824 ἄπιστα
1277 1769 1457 1839 λέγειν
1485 1770 1606 1824 οὐδὲ
1625 1769 1795 1840 ψευδῆ

1904 581 2256 649 accepissent,
2286 589 2340 634 et
2365 593 2423 634 se
2453 593 2574 633 eum
2595 590 2717 631 esse
2738 583 3022 630 secuturas
3056 572 3473 643 signiﬁcassent,

1905 671 1971 726 iis
2001 670 2276 741 acceptis,
2322 670 2481 725 solvit
2531 670 2583 723 in
2620 667 2904 736 Mylassam
2941 665 3236 730 civitatem,
3276 663 3475 731 datque

1902 764 1983 819 eis
2016 762 2320 817 habitacula
2354 763 2419 817 ad
2447 762 2682 830 quietem
2710 758 3112 815 accommodata
3143 771 3310 827 prope
3333 764 3471 808 tem-

1902 856 2046 926 plum
2075 873 2090 909 :
2125 870 2232 924 quo
2258 855 2310 908 in
2355 855 2474 908 loco
2501 855 2718 908 domum
2749 867 2963 923 quoque
2997 850 3290 905 oratoriam
3326 847 3475 902 exci-

1905 956 1984 1002 tat
2008 946 2226 1015 llospita
2253 945 2528 1013 Stephano
2573 943 2981 1014 protomartyri.
3005 943 3145 994 Intra
3178 940 3340 994 breve
3371 955 3472 992 au-

1904 1050 2011 1093 tem
2041 1049 2248 1108 tempus
2275 1037 2555 1092 conStitoit
2577 1035 2741 1090 etiam
2767 1034 3159 1088 monasterium
3181 1033 3470 1100 virginum,

1903 1132 1957 1187 id
1989 1144 2205 1201 quoque
2231 1143 2401 1184 sacra:
2436 1126 2585 1182 Pauli
2611 1141 2757 1181 cura:
2779 1127 3146 1180 committens.
3179 1123 3317 1178 Toto
3345 1138 3472 1178 vero

1907 1233 2144 1290 tempore
2175 1221 2294 1291 ejus
2333 1219 2456 1275 vita:
2507 1233 2666 1272 nemo
2693 1217 2966 1287 cognovit,
3015 1231 3258 1284 quasnam
3294 1222 3470 1283 esset,

1904 1331 2002 1371 nec
2034 1316 2202 1383 cnjas,
2235 1324 2285 1368 et
2313 1321 2534 1384 propter
2565 1324 2861 1379 quemnam
2892 1322 3110 1363 causam
3157 1323 3186 1360 a
3235 1307 3350 1361 suis
3390 1321 3474 1360 re-

1903 1405 2179 1468 cessisset,
2211 1414 2263 1458 et
2287 1403 2558 1471 quo'nodo
2585 1408 2871 1454 vocaretur
2903 1417 2916 1452 :
2948 1398 3040 1452 scd
3065 1399 3276 1452 dicebat
3302 1396 3477 1449 omni-

1902 1496 2026 1558 bos,
2049 1511 2110 1550 se
2141 1494 2324 1550 vocari
2358 1491 2639 1560 llospitam
2675 1507 2688 1543 :
2721 1489 2932 1543 dicebat
2955 1490 3056 1543 hoc
3087 1487 3189 1542 sibi
3223 1502 3344 1542 esse
3377 1501 3474 1542 no-

1903 1600 2024 1640 men
2060 1585 2354 1654 proprium,
2401 1591 2453 1637 et
2484 1581 2711 1635 dicendo
2752 1580 3132 1648 persuadebat.
3170 1579 3340 1634 Porro
3374 1593 3474 1632 au-

1905 1687 2011 1732 tem
2061 1677 2247 1732 beatus
2290 1691 2504 1745 quoque
2558 1675 2760 1729 Paulus
2799 1671 2986 1725 dicens
3019 1669 3475 1740 interrogantibus

1903 1782 1961 1821 se
1988 1767 2275 1820 adduxisse
2307 1765 2424 1820 illas
2456 1780 2522 1820 ex
2547 1762 2850 1826 Co.insula,
2883 1775 2983 1815 nec
3008 1759 3343 1814 incredibilia
3377 1771 3475 1811 nec

220 1853 525 1922 ἐνομίζετο.
559 1855 728 1910 Ὅθεν
756 1857 821 1929 δὴ
847 1861 942 1913 καὶ
967 1858 1026 1912 τὺ
1053 1860 1413 1931 μοναστήριον
1444 1860 1636 1923 αὑταῖς
1690 1859 1794 1912 τῶν

1902 1856 2038 1912 falsa
2065 1857 2353 1912 videbatur
2377 1857 2573 1910 dicere.
2602 1855 2870 1922 Quocirca
2901 1867 3084 1906 earum
3115 1864 3328 1917 quoque
3359 1863 3471 1902 mo-

223 1941 401 1997 Κώων
435 1944 654 2015 ἐλέγετο
687 1943 846 2014 εἶναι,
873 1950 1295 2014 ἀκολουθοῦντος
1327 1950 1527 2023 δηλαδὴ
1555 1949 1648 2004 τοῦ
1677 1951 1796 2003 6V6-

222 2051 394 2104 ματος
435 2039 500 2106 τῇ
531 2037 638 2090 τῶν
667 2038 877 2095 πολλῶν
921 2039 1048 2111 δόξῃ
1081 2041 1178 2094 καὶ
1206 2043 1320 2104 τοῖς
1377 2041 1794 2111 φημιζομένοις.

227 2126 504 2197 Κυρίλλου
533 2128 591 2182 δὲ
620 2127 714 2182 τοῦ
745 2130 846 2200 τῆς
894 2131 1100 2196 πόλεως
1130 2131 1230 2203 τὴν
1271 2133 1577 2204 ἐπισκοπὴν
1609 2136 1798 2188 ὲπιτε-

226 2215 547 2284 τραμμένου
583 2217 883 2286 τηνικαῦτα
937 2220 1026 2274 τὸν
1080 2221 1194 2292 βίον
1251 2223 1615 2287 ἀπολιπόντος
1653 2263 1668 2290 ,
1729 2227 1794 2297 τῇ

217 2307 372 2360 πόλει
419 2307 612 2373 κοινῶς
665 2309 962 2381 ἐψηφίζετο
1009 2312 1101 2366 τὸν
1151 2313 1246 2367 τοῦ
1312 2315 1585 2386 Κυρίλλου
1611 2316 1799 2388 θρόνον

216 2397 309 2452 τὸν
342 2399 554 2453 Παῦλον
584 2401 892 2455 ἀντιλαϐεῖν
912 2420 925 2434 ο
955 2403 985 2456 ὅ
1025 2403 1091 2474 δὴ
1134 2406 1228 2458 καὶ
1253 2405 1406 2470 τέλος
1454 2405 1615 2471 εὐθὺς
1662 2403 1795 2478 εἷχε,

221 2491 322 2545 καὶ
341 2493 440 2564 τὴν
474 2495 806 2563 χειροτονίαν
835 2491 989 2560 οὗτος
1022 2497 1256 2566 ἐδέχετο.

288 2582 372 2636 H'.
433 2581 648 2653 Ἀμέλει
669 2585 763 2639 καὶ
799 2587 1056 2658 πρόεδρος
1089 2582 1244 2651 οὗτος
1266 2589 1562 2660 Μυλάσσης
1587 2591 1800 2645 ἀναδει-

217 2671 389 2741 χθεὶς,
425 2673 603 2727 πείθει
636 2675 732 2729 καὶ
781 2678 880 2746 τὴν
937 2675 1107 2748 Ξένην
1153 2677 1244 2730 τὸν
1277 2678 1548 2748 ἱερατικὸν
1595 2677 1797 2750 βαθμὸν

216 2763 510 2834 ἀναϐῆναι,
559 2767 656 2818 καὶ
709 2771 1008 2838 χειροτονεῖ
1057 2768 1258 2840 ταύτην
1317 2769 1585 2825 διάκονον.
1636 2771 1796 2834 "un;

220 2855 349 2908 ἐπεὶ
372 2856 470 2926 τὴν
504 2858 600 2927 τῆς
632 2858 905 2923 διακονίας
939 2861 1236 2933 ἐπιστεύθη
1277 2863 1442 2934 τιμὴν
1466 2862 1652 2932 (ἀξίως
1670 2864 1792 2934 μὲν,

217 2947 490 3012 ἀκουσίως
525 2948 624 3021 δὲ),
657 2951 756 3003 οὐκ
782 2950 929 3005 ἔστιν
960 2953 1133 3006 εἰπεῖν
1165 2955 1308 3019 ὅσοις
1340 2955 1522 3019 πόνοις
1547 2955 1607 3009 τὸ
1638 2955 1797 3026 σῶμα

223 3041 534 3110 παρέδωκε,
565 3046 660 3098 καὶ
713 3046 946 3115 μάλιστα
989 3051 1172 3118 τρυφῇ
1219 3049 1369 3119 πάσῃ
1417 3049 1479 3101 τὺ
1528 3048 1795 3120 πρότερον

217 3135 315 3186 καὶ
343 3135 610 3208 εὐπαθείᾳ.
655 3138 1085 3209 συνειθισμένον⁸
1121 3145 1309 3196 καινόν
1339 3159 1457 3195 τινα
1487 3141 1656 3204 ὅντως
1701 3143 1794 3196 καὶ

220 3220 378 3287 ξένον
411 3223 443 3293 ἡ
473 3223 609 3293 Ξένη
630 3223 877 3294 βιώσασα
907 3225 1042 3296 βίον,
1077 3227 1166 3280 καὶ
1199 3223 1308 3281 οἷον
1329 3227 1488 3282 άύλον
1516 3227 1607 3280 καὶ
1646 3226 1793 3281 άσώ-

219 3330 416 3382 ματον,
434 3315 508 3378 ώς
525 3317 617 3369 καὶ
632 3317 826 3380 αὐτοὺς
850 3317 1111 3386 δαίμονας
1140 3319 1422 3391 πόρρωθεν
1447 3319 1800 3389 ὑποφρίσσειν

216 3407 319 3477 τὴν
354 3409 661 3478 ἀποτομίαν
697 3412 796 3480 τῆς
847 3411 1092 3481 ἀγωγῆς,
1129 3416 1223 3465 καὶ
1285 3412 1421 3482 μηδὲ
1475 3410 1799 3482 πλησιάσειν

216 3500 357 3563 ὅλως
389 3501 572 3572 ἐκείνῃ
601 3502 826 3580 τολμᾷν.
862 3503 934 3556 Ἦ
964 3520 1027 3571 γε
1062 3503 1270 3557 λύουσα
1313 3504 1410 3574 μὲν
1443 3503 1705 3568 πολλάκις
1737 3505 1799 3556 τὸ

218 3593 364 3647 πάνυ
403 3592 653 3647 σύντονον
697 3595 791 3648 καὶ
818 3596 994 3666 τραχὺ
1041 3595 1142 3664 τῆς
1188 3596 1489 3665 ἀσκήσεως,
1519 3595 1620 3648 ούκ
1649 3593 1798 3658 me;

218 3683 315 3737 δύο
371 3685 467 3737 καὶ
520 3685 688 3754 τριῶν
737 3685 926 3757 ἢσθιεν
977 3685 1222 3757 ἡμερῶν.
1269 3685 1399 3740 Ὅτε
1447 3687 1503 3739 δὲ
1567 3685 1795 3754 ἀγώνων

215 3776 441 3848 ἥπτετο,
492 3767 588 3830 καὶ
646 3776 1058 3848 ἀκριϐείας,ώς
1120 3779 1289 3843 εἰκὸς,
1340 3779 1540 3849 εἴχετο,
1571 3781 1666 3836 καὶ
1717 3783 1796 3845 εἰς

111 3889 116 3894 ε
215 3867 358 3921 ἐπτά
391 3868 711 3938 παρέτεινεν
754 3868 960 3936 ἄσιτος,
989 3870 1176 3939 νόμοις
1227 3872 1511 3941 μαχομένη
1552 3872 1788 3941 φύσεως,

215 3960 306 4014 διά
343 3959 433 4015 τὸν
454 3962 616 4032 νόμον
641 3961 734 4014 τοῦ
764 3963 1103 4033 πνεύματος.
1139 3964 1286 4035 Πλὴν
1328 3965 1463 4018 ἀλλά
1494 3967 1586 4020 καὶ
1622 3964 1795 4028 οὕτως

216 4049 318 4120 ὀψὲ
362 4053 455 4105 καὶ¹
496 4051 648 4122 μόλις
683 4055 764 4116 είς
803 4055 1010 4124 τροφὴν
1063 4055 1348 4120 κατιοῦσα,
1379 4056 1474 4109 καὶ
1531 4056 1668 4128 πρὸς
1733 4056 1795 4109 τὸ

217 4141 379 4212 σῶμα
424 4141 514 4196 διά
558 4143 650 4196 τὸν
709 4143 1002 4214 σύνδεσμον
1056 4145 1320 4216 βλέψασα,
1346 4146 1496 4201 οἴνου
1553 4149 1651 4219 μὲν
1700 4149 1795 4203 καὶ

217 4233 423 4297 ἐλαίου,
463 4235 694 4305 λαχάνου
729 4252 812 4300 τε,
840 4237 1006 4307 φημὶ,
1047 4239 1140 4291 καὶ
1171 4238 1401 4310 ὀσπρίου
1432 4240 1524 4292 καὶ
1572 4240 1791 4307 πανπὸς,

217 4322 294 4386 ώς
325 4325 517 4390 εἰπεῖν,
566 4325 593 4378 ὅ
622 4325 708 4378 διὰ
745 4329 915 4397 πυρὸς
939 4327 1053 4397 ἔχει
1088 4329 1186 4400 τὴν
1225 4329 1443 4399 χρῆσιν,
1472 4330 1606 4394 ὅλως
1633 4331 1794 4384 ἀπεί-

217 4434 361 4487 χετο,
388 4418 522 4488 πρὸς
551 4417 606 4472 δὲ
640 4420 734 4472 καὶ
755 4419 854 4472 ὅσα
885 4423 1147 4491 φέρουσιν
1177 4415 1316 4492 ὧραι
1349 4423 1566 4477 πάντων
1589 4424 1792 4491 ὁμοίως

1899 1948 2198 2004 nasterium
2229 1947 2510 2002 dicebatur
2532 1961 2651 2000 esse
2685 1945 2940 2008 Coorum,
2973 1950 3233 2012 sequente
3265 1940 3472 1994 scilicet:

1899 2042 2116 2096 nomine
2151 2040 2445 2095 multorum
2485 2039 2813 2109 opinionem,
2865 2046 2918 2090 et
2951 2050 3012 2090 ea
3043 2049 3164 2104 qua:
3196 2032 3336 2086 fama
3385 2031 3472 2097 ja-

1899 2131 2202 2186 ctabantur.
2235 2131 2370 2185 Cum
2411 2140 2586 2184 autem
2619 2129 2876 2200 (lyrillus,
2907 2127 2991 2182 cui
3022 2126 3194 2181 fuerat
3221 2125 3476 2180 commis-

1900 2239 1992 2278 sus
2035 2223 2275 2278 civitatis
2306 2223 2686 2292 episcopatus,
2733 2231 2861 2275 tunc
2897 2235 2928 2275 e
2974 2219 3079 2272 vita
3127 2217 3473 2280 excessisset,
3577 2237 3594 2245 κ

1900 2315 2175 2370 communi
2202 2315 2441 2370 civitatis
2465 2313 2720 2383 suﬂragio
2747 2311 3076 2377 decernitur,
3105 2319 3166 2365 ut
3207 2311 3261 2364 in
3287 2307 3472 2380 Cyrilli

1899 2406 2026 2460 sede
2056 2406 2254 2460 Paulus
2275 2404 2528 2460 succedat
2561 2423 2575 2459 :
2607 2403 2750 2473 quod
2780 2401 2996 2474 quidem
3023 2412 3076 2457 et
3101 2400 3284 2457 statim
3311 2397 3474 2453 linem

1898 2498 2126 2566 accepit,
2151 2507 2206 2554 et
2234 2498 2279 2553 is
2308 2497 2413 2552 fuit
2444 2497 2747 2552 ordinatus.

1970 2587 2103 2644 Vlll.
2145 2587 2264 2644 Jam
2313 2604 2444 2644 vero
2491 2590 2538 2645 is
2585 2598 2804 2644 creatus
2839 2584 3174 2656 Mylassenus
3221 2582 3473 2647 antistes,

1902 2681 2140 2751 Hospita:
2174 2696 2391 2752 quoque
2438 2681 2748 2751 persuadet,
2784 2688 2842 2733 ut
2875 2679 2942 2732 ad
2993 2691 3208 2732 sacrum
3244 2676 3472 2744 gradum

1897 2773 2178 2838 ascendat,
2209 2782 2264 2828 et
2291 2787 2410 2827 eam
2441 2771 2656 2826 ordinat
2683 2771 3064 2827 diaconissatn.
3093 2769 3224 2835 Qua:
3257 2766 3471 2835 quidem

1896 2873 2181 2933 postquam
2207 2861 2309 2917 fuit
2329 2862 2444 2930 ejus
2469 2861 2588 2916 lidei
2616 2861 2901 2915 mandatus
2931 2859 3106 2913 honor
3131 2857 3472 2920 diaconatus,

1897 2969 2056 3024 quem
2112 2953 2419 3008 merebatur
2469 2953 2717 3023 quidem,
2782 2952 2946 3006 invita
2999 2959 3176 3012 tamen
3214 2948 3470 3017 accepit:

1898 3044 2002 3100 dici
2031 3059 2133 3098 non
2165 3053 2362 3114 potest,
2392 3043 2612 3112 quantis
2638 3057 2834 3108 corpus
2875 3040 3159 3095 tradiderit
3199 3038 3472 3094 laboribus

1899 3152 1954 3195 et
1986 3141 2220 3193 maxime
2267 3139 2412 3207 quod
2461 3145 2578 3192 erat
2611 3147 2884 3191 assuetum
2920 3132 3128 3189 deliciis
3167 3141 3221 3187 et
3247 3133 3474 3186 lautitiis

1901 3233 2176 3298 omnibus,
2217 3231 2503 3301 quamdam
2555 3243 2681 3284 vere
2715 3243 2910 3283 novam
2961 3236 3016 3282 et
3045 3225 3274 3280 alienam
3310 3225 3474 3278 vitam

1898 3334 2107 3380 sectata
2125 3332 2179 3379 et
2193 3323 2347 3393 plane
2367 3332 2667 3387 externam,
2687 3319 2921 3379 etiveluti
2944 3319 3181 3373 materia:
3197 3327 3473 3386 expertem

1897 3425 1952 3470 et
1981 3417 2354 3484 iucorpoream
2389 3430 2402 3470 :
2437 3412 2572 3466 adeo
2606 3420 2666 3464 ut
2713 3420 2988 3465 austeram
3023 3409 3139 3478 ejus
3185 3407 3354 3462 vitam
3389 3403 3472 3458 vel

1897 3507 2082 3578 procul
2143 3508 2426 3562 horrerent
2480 3504 2776 3565 daemones,
2829 3512 2883 3556 et
2931 3516 3030 3554 nec
3089 3499 3351 3552 auderent
3405 3497 3472 3550 ad

1899 3614 2016 3654 eam
2074 3599 2296 3654 omnino
2355 3596 2636 3651 accedere.
2697 3593 2827 3660 Quae
2874 3592 3094 3662 quidem
3157 3605 3278 3645 cum
3330 3603 3472 3657 saepe

1897 3693 2129 3748 solveret
2162 3693 2430 3746 intensam
2479 3697 2532 3746 et
2581 3705 2828 3760 asperam
2859 3686 3324 3748 exercitationem,
3363 3699 3469 3738 non

1898 3786 2042 3841 intra
2075 3787 2300 3840 duorum
2317 3792 2418 3837 aut
2451 3783 2610 3838 trium
2636 3783 2846 3836 dierum
2875 3778 3107 3849 spatium
3135 3778 3470 3830 comedebat.

1897 3877 2124 3945 Quando
2174 3890 2354 3932 autem
2389 3875 2456 3929 ad
2517 3873 2816 3929 certamina
2870 3878 3122 3925 accurate
3177 3879 3234 3923 et
3282 3874 3472 3922 exacte

1896 3968 2333 4039 aggrediebatur,
2363 3966 2526 4020 etiam
2562 3964 2640 4020 ad.
2661 3973 2869 4033 septem
2903 3977 3073 4030 usque
3106 3960 3222 4014 dies
3255 3972 3473 4027 perma-

1895 4059 2058 4114 nebat
2081 4057 2286 4128 jejuna,
2319 4071 2565 4126 pugnans
2595 4070 2716 4131 cum
2765 4063 2970 4108 naturae
3005 4053 3209 4121 legibus
3243 4063 3464 4118 propter

1895 4149 2070 4218 legem
2104 4149 2348 4218 Spiritus.
2381 4146 2686 4212 Quinetiam
2726 4161 2849 4200 cum
2879 4146 2959 4199 sic
2982 4158 3196 4214 quoque
3227 4143 3315 4196 vix
3346 4153 3467 4194 tan-

1894 4243 2014 4298 dem
2049 4243 2331 4296 accederet
2381 4242 2447 4294 ad
2489 4240 2671 4294 cibum
2706 4239 3050 4307 capiendum,
3085 4246 3142 4290 et
3173 4235 3238 4289 ad
3275 4249 3472 4302 corpus

1893 4343 2118 4405 propter
2140 4333 2417 4388 vinculum
2447 4333 2767 4395 intueretur,
2795 4346 2823 4383 a
2855 4330 2980 4383 vino
3006 4329 3220 4398 quidem
3246 4337 3300 4380 et
3327 4327 3468 4391 oleo,

1893 4437 1948 4481 et
1986 4427 2053 4480 ab
2083 4424 2321 4480 oleribus
2361 4433 2420 4478 et
2449 4423 2831 4494 leguminibus,
2862 4432 2913 4475 et
2944 4435 2976 4475 a
3005 4421 3260 4488 quolibet,
3294 4427 3350 4471 ut
3379 4431 3470 4472 se-

216 4510 480 4578 ἄγευστος
507 4505 574 4580 ἦν
600 4526 615 4542 ⁸
657 4513 806 4582 ἄρτῳ
833 4511 892 4565 δὲ
945 4514 1090 4584 μόνῳ
1132 4513 1236 4584 τὴν
1277 4514 1466 4585 χρείαν
1524 4514 1788 4587 ἐπλήρου,

1901 4517 2000 4571 mel
2036 4518 2234 4582 dicam,
2271 4531 2380 4586 quo
2407 4515 2516 4586 igni
2543 4517 2758 4569 admOto
2787 4513 3008 4579 utimur,
3040 4513 3260 4566 omnino
3305 4510 3470 4564 absti-

216 4602 311 4654 καὶ
335 4599 520 4653 τοῦτον
544 4601 641 4672 ούχ
671 4602 860 4666 ἁπλῶς
891 4605 986 4657 καὶ
1025 4604 1244 4668 ἀπόνως
1297 4605 1656 4676 προσιεμένη,
1685 4606 1794 4659 ὸιλλ1

1901 4610 2080 4664 nebat.
2111 4609 2282 4664 Porro
2304 4619 2482 4663 autem
2513 4607 2715 4662 nullum
2748 4621 2964 4677 quoque
2993 4605 3226 4658 fructum
3251 4601 3471 4656 omnino

215 4694 399 4754 αὐτοῖς
428 4692 660 4762 δάκρυσι
690 4694 982 4764 βρέχουσα,
1018 4697 1084 4765 τῇ
1118 4694 1298 4763 σποδῷ
1321 4713 1379 4748 τε
1403 4696 1495 4748 τοῦ
1527 4694 1794 4766 θυμιατη-

1901 4701 2181 4770 gustabat,
2221 4701 2314 4756 sed
2362 4700 2482 4755 solo
2521 4714 2660 4769 pane
2713 4696 3087 4753 satisfaciebat
3159 4691 3478 4748 necessitati

216 4783 334 4856 ρίου
370 4785 814 4854 προσμάσσουσα*
845 4786 922 4848 ώς
947 4787 1080 4856 μηδὲ
1123 4787 1184 4840 τὸ
1214 4787 1432 4852 ἐσθίειν,
1462 4785 1491 4839 ὅ
1514 4789 1664 4859 κοινῇ
1687 4789 1794 4850 τοῖς

1901 4801 2098 4845 natura:
2131 4810 2144 4846 :
2177 4801 2230 4846 et
2277 4807 2376 4846 nec
2409 4806 2533 4844 eum
2573 4790 2707 4845 adeo
2743 4790 2932 4844 leviter
2972 4797 3026 4842 et
3059 4789 3192 4840 citra
3230 4785 3467 4838 laborem

225 4874 540 4942 φιλοπόνοις
593 4876 711 4928 ἐστὶ
767 4877 968 4948 μετρία
1014 4876 1383 4949 παράκλησις,
1411 4876 1609 4933 ἄπονον
1653 4879 1793 4951 αύτῇ

1901 4884 2232 4951 admittebat,
2265 4886 2358 4940 sed
2384 4900 2505 4938 eum
2537 4884 2790 4955 lacrymis
2817 4882 3099 4951 irrigabat,
3133 4889 3186 4932 et
3212 4875 3470 4931 thuribuli

209 4961 376 5031 εἶναι,
410 4968 504 5020 καὶ
532 4967 906 5031 κακοπαθείας
935 4967 1247 5040 ἐλεύθερον.

1901 4977 2072 5032 cinere
2123 4976 2501 5047 aspergebat’,
2547 4985 2608 5029 ut
2665 4989 2764 5027 nec
2819 4973 2992 5041 ipsum
3042 4970 3260 5040 quidem
3296 4967 3464 5032 vesci,

212 5059 356 5128 quod
403 5059 764 5116 communiter
822 5059 1109 5117 laboriosis
1159 5061 1298 5118 solet
1331 5077 1455 5120 esse
1496 5063 1790 5122 mediocris
1827 5068 2154 5138 consolatio,
2217 5069 2266 5123 ei
2286 5077 2434 5123 esset
2460 5067 2596 5122 citra
2625 5065 2886 5132 laborem,
2949 5073 3001 5119 et
3026 5063 3254 5118 liberum
3281 5075 3310 5113 a
3338 5059 3448 5114 mal

209 5154 582 5223 perpessione.

283 5243 361 5298 6'.
395 5245 506 5333 καὶ
534 5237 687 5308 οὗτος
719 5246 920 5316 τρόπος
949 5249 1016 5318 τῇ
1062 5247 1199 5319 Ξένῃ
1228 5248 1455 5319 τροφῆς,
1489 5251 1618 5320 παρ’
1650 5249 1779 5322 ὅλην

1968 5253 2060 5309 1X.
2103 5251 2230 5306 Fuit
2260 5259 2440 5306 autem
2469 5249 2706 5321 llospitat
2736 5238 2822 5304 hic
2859 5262 2918 5303 se
2963 5242 3237 5301 nutriendi
3275 5239 3470 5296 modus

208 5334 383 5404 αὐτῆς
407 5335 504 5408 τὴν
534 5334 702 5407 ζωὴν,
725 5339 797 5402 ib;
830 5340 926 5392 mi.
955 5338 1123 5410 αὐτὴν
1155 5341 1293 5410 μετά
1313 5341 1476 5395 Δαὸῖδ
1497 5343 1588 5396 τοῦ
1619 5342 1788 5410 θείου,

1901 5361 1990 5416 per
2040 5354 2206 5400 totam
2261 5359 2415 5400 suam
2462 5343 2652 5408 vitam,
2696 5344 2832 5396 adeo
2883 5349 2940 5394 ot
2984 5340 3098 5409 ipsa
3133 5350 3255 5391 cum
3287 5334 3470 5386 divino

216 5427 415 5480 σποδὸν
441 5429 576 5482 ὡσεὶ
603 5431 768 5502 ἄρτον
803 5433 1020 5501 φαγεῖν,
1044 5433 1138 5485 καὶ
1166 5434 1358 5504 κιρνᾷν
1379 5434 1437 5487 τὸ
1465 5435 1615 5504 πόμα
1651 5435 1789 5506 μετά

1901 5437 2096 5492 Davide
2129 5437 2368 5492 cinerem
2405 5447 2658 5505 tanquam
2705 5449 2900 5504 panem
2932 5430 3256 5489 comederet,
3284 5436 3338 5478 et
3367 5439 3465 5490 po-

211 5517 516 5587 κλαυθμοῦ.
539 5521 725 5576 Ταῦτα
750 5522 807 5576 δὲ
848 5522 1100 5590 ποιοῦσα,
1125 5523 1218 5577 καὶ
1241 5523 1416 5589 οὕτως
1457 5527 1626 5599 ἄρτον
1665 5527 1757 5581 όδύ

212 5623 311 5672 νος
341 5607 613 5676 ἐσθίουσα,
643 5611 731 5666 ἵνα
769 5614 862 5669 καὶ
894 5609 1050 5680 αὖθις
1079 5615 1147 5671 τά
1185 5614 1278 5672 τοῦ
1332 5619 1496 5675 Δαὸὶδ
1533 5619 1706 5691 φθέγξ
1727 5638 1783 5676 )-

288 5791 308 5823 ’
337 5788 480 5847 Psal.
506 5805 576 5859 Cl,
616 5790 697 5848 10.
775 5792 794 5823 ³
827 5793 964 5850 ibid.

1895 5540 2005 5584 tum
2043 5539 2164 5584 cum
2187 5527 2312 5584 ﬂetu
2341 5527 2656 5584 misceret’.
2683 5526 2806 5581 llazc
2836 5532 3014 5578 autem
3051 5521 3274 5582 faciens,
3306 5520 3361 5570 e't
3389 5515 3470 5569 sic

1891 5634 2085 5690 panem
2115 5621 2319 5678 doloris
2348 5621 2638 5678 comedens
2664 5620 2685 5690 (
2707 5630 2764 5676 ot
2797 5631 2984 5674 rursus
3009 5615 3203 5679 dicam,
3235 5623 3354 5681 qua:
3379 5606 3474 5664 di-
