  <div class='ocr_page' id='page_1' title='image "/cluster/home/n/w/nwhite01/storage/ocr_20150623/114/hvd.32044019208123/529.png"; bbox 0 0 3828 6472; ppageno 0'>
   <div class='ocr_carea' id='block_1_1' title="bbox 439 363 541 430">
    <p class='ocr_par' dir='ltr' id='par_1_1' title="bbox 439 363 541 430">
     <span class='ocr_line' id='line_1_1' title="bbox 439 363 541 430; baseline -0.02 0"><span class='ocrx_word' id='word_1_1' title='bbox 439 363 541 430; x_wconf 80' lang='grc'><strong>991</strong></span> 
     </span>
    </p>
   </div>
   <div class='ocr_carea' id='block_1_2' title="bbox 1664 369 2440 434">
    <p class='ocr_par' dir='ltr' id='par_1_2' title="bbox 1664 369 2440 434">
     <span class='ocr_line' id='line_1_2' title="bbox 1664 369 2440 434; baseline 0.005 -4"><span class='ocrx_word' id='word_1_2' title='bbox 1664 371 1948 432; x_wconf 81' lang='lat' dir='ltr'><strong>MENSIS</strong></span> <span class='ocrx_word' id='word_1_3' title='bbox 1984 369 2440 434; x_wconf 73' lang='lat' dir='ltr'><strong>JANUARlUS.</strong></span> 
     </span>
    </p>
   </div>
   <div class='ocr_carea' id='block_1_3' title="bbox 3586 377 3678 441">
    <p class='ocr_par' dir='ltr' id='par_1_3' title="bbox 3586 377 3678 441">
     <span class='ocr_line' id='line_1_3' title="bbox 3586 377 3678 441; baseline 0 0"><span class='ocrx_word' id='word_1_4' title='bbox 3586 377 3678 441; x_wconf 71' lang='lat'><strong>992</strong></span> 
     </span>
    </p>
   </div>
   <div class='ocr_carea' id='block_1_4' title="bbox 441 479 1999 557">
    <p class='ocr_par' dir='ltr' id='par_1_4' title="bbox 441 479 1999 550">
     <span class='ocr_line' id='line_1_4' title="bbox 441 479 1999 550; baseline 0.002 -16"><span class='ocrx_word' id='word_1_5' title='bbox 441 485 598 537; x_wconf 82' lang='lat' dir='ltr'><strong>vinus</strong></span> <span class='ocrx_word' id='word_1_6' title='bbox 629 479 830 550; x_wconf 83' lang='lat' dir='ltr'><strong>David)</strong></span> <span class='ocrx_word' id='word_1_7' title='bbox 861 481 1074 536; x_wconf 84' lang='lat' dir='ltr'><strong>etiamsi</strong></span> <span class='ocrx_word' id='word_1_8' title='bbox 1107 481 1242 538; x_wconf 87' lang='lat' dir='ltr'><strong>alias</strong></span> <span class='ocrx_word' id='word_1_9' title='bbox 1272 497 1337 536; x_wconf 77' lang='lat' dir='ltr'><strong>ex</strong></span> <span class='ocrx_word' id='word_1_10' title='bbox 1377 485 1676 549; x_wconf 84' lang='lat' dir='ltr'><strong>sororibus.</strong></span> <span class='ocrx_word' id='word_1_11' title='bbox 1702 503 1796 544; x_wconf 80' lang='lat' dir='ltr'><strong>eas</strong></span> <span class='ocrx_word' id='word_1_12' title='bbox 1827 498 1999 541; x_wconf 87' lang='lat' dir='ltr'><strong>tamen</strong></span> 
     </span>
    </p>
   </div>
   <div class='ocr_carea' id='block_1_5' title="bbox 2107 479 3681 557">
    <p class='ocr_par' dir='ltr' id='par_1_5' title="bbox 2115 484 3681 557">
     <span class='ocr_line' id='line_1_5' title="bbox 2115 484 3681 557; baseline 0.004 -20"><span class='ocrx_word' id='word_1_13' title='bbox 2115 502 2235 556; x_wconf 91' lang='grc' dir='ltr'>μαι,</span> <span class='ocrx_word' id='word_1_14' title='bbox 2267 486 2316 538; x_wconf 84' lang='grc' dir='ltr'><strong>εί</strong></span> <span class='ocrx_word' id='word_1_15' title='bbox 2349 487 2445 540; x_wconf 82' lang='grc' dir='ltr'>καὶ</span> <span class='ocrx_word' id='word_1_16' title='bbox 2485 485 2582 548; x_wconf 77' lang='grc' dir='ltr'>τὰς</span> <span class='ocrx_word' id='word_1_17' title='bbox 2624 484 2792 545; x_wconf 75' lang='grc' dir='ltr'>ἄλλας</span> <span class='ocrx_word' id='word_1_18' title='bbox 2822 485 2932 539; x_wconf 90' lang='grc' dir='ltr'><strong>τῶν</strong></span> <span class='ocrx_word' id='word_1_19' title='bbox 2983 486 3250 557; x_wconf 76' lang='grc' dir='ltr'><strong>ἀδελφῶν,</strong></span> <span class='ocrx_word' id='word_1_20' title='bbox 3285 487 3423 544; x_wconf 74' lang='grc' dir='ltr'>ἀλλὰ</span> <span class='ocrx_word' id='word_1_21' title='bbox 3471 487 3569 549; x_wconf 77' lang='grc' dir='ltr'><strong>τὰς</strong></span> <span class='ocrx_word' id='word_1_22' title='bbox 3600 489 3681 544; x_wconf 82' lang='grc' dir='ltr'><strong>δύο</strong></span> 
     </span>
    </p>
   </div>
   <div class='ocr_carea' id='block_1_6' title="bbox 441 573 2014 647">
    <p class='ocr_par' dir='ltr' id='par_1_6' title="bbox 441 573 2014 647">
     <span class='ocr_line' id='line_1_6' title="bbox 441 573 2014 647; baseline 0.005 -19"><span class='ocrx_word' id='word_1_23' title='bbox 441 576 597 641; x_wconf 89' lang='lat' dir='ltr'><strong>duas,</strong></span> <span class='ocrx_word' id='word_1_24' title='bbox 636 588 754 643; x_wconf 67' lang='lat' dir='ltr'><strong>quae</strong></span> <span class='ocrx_word' id='word_1_25' title='bbox 799 573 850 627; x_wconf 89' lang='lat' dir='ltr'><strong>ei</strong></span> <span class='ocrx_word' id='word_1_26' title='bbox 899 575 1230 640; x_wconf 88' lang='lat' dir='ltr'><strong>assidebant,</strong></span> <span class='ocrx_word' id='word_1_27' title='bbox 1275 587 1329 630; x_wconf 91' lang='lat' dir='ltr'><strong>et</strong></span> <span class='ocrx_word' id='word_1_28' title='bbox 1380 575 1521 647; x_wconf 62' lang='lat' dir='ltr'><strong>fugm</strong></span> <span class='ocrx_word' id='word_1_29' title='bbox 1574 578 1788 634; x_wconf 78' lang='lat' dir='ltr'><strong>fuerant</strong></span> <span class='ocrx_word' id='word_1_30' title='bbox 1833 582 2014 645; x_wconf 66' lang='lat' dir='ltr'><strong>sociae,</strong></span> 
     </span>
    </p>
   </div>
   <div class='ocr_carea' id='block_1_7' title="bbox 439 667 2016 743">
    <p class='ocr_par' dir='ltr' id='par_1_7' title="bbox 439 667 2016 743">
     <span class='ocr_line' id='line_1_7' title="bbox 439 667 2016 743; baseline 0.005 -22"><span class='ocrx_word' id='word_1_31' title='bbox 439 667 608 721; x_wconf 90' lang='lat' dir='ltr'><strong>latere</strong></span> <span class='ocrx_word' id='word_1_32' title='bbox 645 681 749 720; x_wconf 80' lang='lat' dir='ltr'><strong>non</strong></span> <span class='ocrx_word' id='word_1_33' title='bbox 778 667 954 736; x_wconf 87' lang='lat' dir='ltr'><strong>potuit</strong></span> <span class='ocrx_word' id='word_1_34' title='bbox 985 683 998 722; x_wconf 91' lang='lat'><strong>:</strong></span> <span class='ocrx_word' id='word_1_35' title='bbox 1047 667 1186 723; x_wconf 89' lang='lat' dir='ltr'><strong>clam</strong></span> <span class='ocrx_word' id='word_1_36' title='bbox 1223 669 1365 724; x_wconf 90' lang='lat' dir='ltr'><strong>enim</strong></span> <span class='ocrx_word' id='word_1_37' title='bbox 1404 670 1760 740; x_wconf 86' lang='lat' dir='ltr'><strong>aspiciebant,</strong></span> <span class='ocrx_word' id='word_1_38' title='bbox 1796 689 1917 743; x_wconf 69' lang='lat' dir='ltr'><strong>qua:</strong></span> <span class='ocrx_word' id='word_1_39' title='bbox 1948 676 2016 729; x_wconf 90' lang='lat' dir='ltr'><strong>ab</strong></span> 
     </span>
    </p>
   </div>
   <div class='ocr_carea' id='block_1_8' title="bbox 438 757 2012 827">
    <p class='ocr_par' dir='ltr' id='par_1_8' title="bbox 438 757 2012 827">
     <span class='ocr_line' id='line_1_8' title="bbox 438 757 2012 827; baseline 0.006 -17"><span class='ocrx_word' id='word_1_40' title='bbox 438 772 498 811; x_wconf 89' lang='lat' dir='ltr'><strong>ea</strong></span> <span class='ocrx_word' id='word_1_41' title='bbox 537 757 754 821; x_wconf 82' lang='lat' dir='ltr'><strong>ﬁebant,</strong></span> <span class='ocrx_word' id='word_1_42' title='bbox 793 757 867 812; x_wconf 90' lang='lat' dir='ltr'><strong>ita</strong></span> <span class='ocrx_word' id='word_1_43' title='bbox 903 766 960 813; x_wconf 92' lang='lat' dir='ltr'><strong>ut</strong></span> <span class='ocrx_word' id='word_1_44' title='bbox 1008 759 1136 827; x_wconf 71' lang='lat' dir='ltr'><strong>ipsa:</strong></span> <span class='ocrx_word' id='word_1_45' title='bbox 1169 759 1432 824; x_wconf 89' lang='lat' dir='ltr'><strong>videntes,</strong></span> <span class='ocrx_word' id='word_1_46' title='bbox 1483 777 1587 814; x_wconf 94' lang='lat' dir='ltr'><strong>non</strong></span> <span class='ocrx_word' id='word_1_47' title='bbox 1645 763 1963 819; x_wconf 85' lang='lat' dir='ltr'><strong>viderentur</strong></span> <span class='ocrx_word' id='word_1_48' title='bbox 1997 783 2012 820; x_wconf 90' lang='lat'><strong>:</strong></span> 
     </span>
    </p>
   </div>
   <div class='ocr_carea' id='block_1_9' title="bbox 437 848 2012 925">
    <p class='ocr_par' dir='ltr' id='par_1_9' title="bbox 437 848 2012 925">
     <span class='ocr_line' id='line_1_9' title="bbox 437 848 2012 925; baseline 0.006 -23"><span class='ocrx_word' id='word_1_49' title='bbox 437 848 546 902; x_wconf 92' lang='lat' dir='ltr'><strong>imo</strong></span> <span class='ocrx_word' id='word_1_50' title='bbox 576 863 704 903; x_wconf 86' lang='lat' dir='ltr'><strong>vero</strong></span> <span class='ocrx_word' id='word_1_51' title='bbox 749 863 854 904; x_wconf 90' lang='lat' dir='ltr'><strong>non</strong></span> <span class='ocrx_word' id='word_1_52' title='bbox 895 850 1071 904; x_wconf 87' lang='lat' dir='ltr'><strong>solum</strong></span> <span class='ocrx_word' id='word_1_53' title='bbox 1120 851 1393 918; x_wconf 90' lang='lat' dir='ltr'><strong>videbant,</strong></span> <span class='ocrx_word' id='word_1_54' title='bbox 1431 853 1523 907; x_wconf 89' lang='lat' dir='ltr'><strong>sed</strong></span> <span class='ocrx_word' id='word_1_55' title='bbox 1557 855 1719 908; x_wconf 88' lang='lat' dir='ltr'><strong>etiam</strong></span> <span class='ocrx_word' id='word_1_56' title='bbox 1756 871 1853 925; x_wconf 88' lang='lat' dir='ltr'><strong>pro</strong></span> <span class='ocrx_word' id='word_1_57' title='bbox 1885 857 2012 912; x_wconf 86' lang='lat' dir='ltr'><strong>viri-</strong></span> 
     </span>
    </p>
   </div>
   <div class='ocr_carea' id='block_1_10' title="bbox 438 939 2015 1016">
    <p class='ocr_par' dir='ltr' id='par_1_10' title="bbox 438 939 2015 1016">
     <span class='ocr_line' id='line_1_10' title="bbox 438 939 2015 1016; baseline 0.006 -23"><span class='ocrx_word' id='word_1_58' title='bbox 438 939 536 994; x_wconf 88' lang='lat' dir='ltr'><strong>bus</strong></span> <span class='ocrx_word' id='word_1_59' title='bbox 560 940 850 996; x_wconf 87' lang='lat' dir='ltr'><strong>studebant</strong></span> <span class='ocrx_word' id='word_1_60' title='bbox 871 942 1092 998; x_wconf 90' lang='lat' dir='ltr'><strong>imitari.</strong></span> <span class='ocrx_word' id='word_1_61' title='bbox 1125 943 1257 999; x_wconf 90' lang='lat' dir='ltr'><strong>Cum</strong></span> <span class='ocrx_word' id='word_1_62' title='bbox 1286 956 1466 999; x_wconf 90' lang='lat' dir='ltr'><strong>autem</strong></span> <span class='ocrx_word' id='word_1_63' title='bbox 1494 955 1600 1000; x_wconf 89' lang='lat' dir='ltr'><strong>tam</strong></span> <span class='ocrx_word' id='word_1_64' title='bbox 1627 962 1786 1016; x_wconf 87' lang='lat' dir='ltr'><strong>parce</strong></span> <span class='ocrx_word' id='word_1_65' title='bbox 1809 960 1861 1003; x_wconf 87' lang='lat' dir='ltr'><strong>et</strong></span> <span class='ocrx_word' id='word_1_66' title='bbox 1883 964 2015 1003; x_wconf 83' lang='lat' dir='ltr'><strong>non-</strong></span> 
     </span>
    </p>
   </div>
   <div class='ocr_carea' id='block_1_11' title="bbox 438 1033 2016 1106">
    <p class='ocr_par' dir='ltr' id='par_1_11' title="bbox 438 1033 2016 1106">
     <span class='ocr_line' id='line_1_11' title="bbox 438 1033 2016 1106; baseline 0.006 -20"><span class='ocrx_word' id='word_1_67' title='bbox 438 1033 543 1086; x_wconf 88' lang='lat' dir='ltr'><strong>nisi</strong></span> <span class='ocrx_word' id='word_1_68' title='bbox 591 1033 916 1088; x_wconf 83' lang='lat' dir='ltr'><strong>necessitate</strong></span> <span class='ocrx_word' id='word_1_69' title='bbox 955 1035 1231 1106; x_wconf 90' lang='lat' dir='ltr'><strong>compnlsa</strong></span> <span class='ocrx_word' id='word_1_70' title='bbox 1290 1037 1550 1104; x_wconf 89' lang='lat' dir='ltr'><strong>aleretur,</strong></span> <span class='ocrx_word' id='word_1_71' title='bbox 1604 1055 1730 1093; x_wconf 92' lang='lat' dir='ltr'><strong>num</strong></span> <span class='ocrx_word' id='word_1_72' title='bbox 1785 1038 2016 1096; x_wconf 79' lang='lat' dir='ltr'><strong>fortasse</strong></span> 
     </span>
    </p>
   </div>
   <div class='ocr_carea' id='block_1_12' title="bbox 435 1125 2015 1192">
    <p class='ocr_par' dir='ltr' id='par_1_12' title="bbox 435 1125 2015 1192">
     <span class='ocr_line' id='line_1_12' title="bbox 435 1125 2015 1192; baseline 0.006 -15"><span class='ocrx_word' id='word_1_73' title='bbox 435 1139 647 1179; x_wconf 90' lang='lat' dir='ltr'><strong>sommo</strong></span> <span class='ocrx_word' id='word_1_74' title='bbox 707 1125 865 1180; x_wconf 81' lang='lat' dir='ltr'><strong>aliter</strong></span> <span class='ocrx_word' id='word_1_75' title='bbox 919 1126 1195 1192; x_wconf 90' lang='lat' dir='ltr'><strong>utebatur,</strong></span> <span class='ocrx_word' id='word_1_76' title='bbox 1232 1136 1287 1183; x_wconf 89' lang='lat' dir='ltr'><strong>et</strong></span> <span class='ocrx_word' id='word_1_77' title='bbox 1335 1130 1412 1184; x_wconf 89' lang='lat' dir='ltr'><strong>sic</strong></span> <span class='ocrx_word' id='word_1_78' title='bbox 1467 1131 1572 1185; x_wconf 90' lang='lat' dir='ltr'><strong>vim</strong></span> <span class='ocrx_word' id='word_1_79' title='bbox 1633 1133 2015 1188; x_wconf 89' lang='lat' dir='ltr'><strong>consolabatur</strong></span> 
     </span>
    </p>
   </div>
   <div class='ocr_carea' id='block_1_13' title="bbox 437 1218 2012 1288">
    <p class='ocr_par' dir='ltr' id='par_1_13' title="bbox 437 1218 2012 1288">
     <span class='ocr_line' id='line_1_13' title="bbox 437 1218 2012 1288; baseline 0.006 -18"><span class='ocrx_word' id='word_1_80' title='bbox 437 1219 701 1286; x_wconf 87' lang='lat' dir='ltr'><strong>corporis,</strong></span> <span class='ocrx_word' id='word_1_81' title='bbox 760 1218 920 1288; x_wconf 91' lang='lat' dir='ltr'><strong>idque</strong></span> <span class='ocrx_word' id='word_1_82' title='bbox 967 1220 1133 1274; x_wconf 89' lang='lat' dir='ltr'><strong>multa</strong></span> <span class='ocrx_word' id='word_1_83' title='bbox 1186 1221 1441 1278; x_wconf 88' lang='lat' dir='ltr'><strong>laborans</strong></span> <span class='ocrx_word' id='word_1_84' title='bbox 1494 1223 1702 1288; x_wconf 87' lang='lat' dir='ltr'><strong>inedia,</strong></span> <span class='ocrx_word' id='word_1_85' title='bbox 1738 1233 1791 1278; x_wconf 87' lang='lat' dir='ltr'><strong>et</strong></span> <span class='ocrx_word' id='word_1_86' title='bbox 1849 1227 2012 1280; x_wconf 87' lang='lat' dir='ltr'><strong>veluti</strong></span> 
     </span>
    </p>
   </div>
   <div class='ocr_carea' id='block_1_14' title="bbox 438 1311 2009 1388">
    <p class='ocr_par' dir='ltr' id='par_1_14' title="bbox 438 1311 2009 1388">
     <span class='ocr_line' id='line_1_14' title="bbox 438 1311 2009 1388; baseline 0.008 -26"><span class='ocrx_word' id='word_1_87' title='bbox 438 1311 764 1375; x_wconf 81' lang='lat' dir='ltr'><strong>concidens,</strong></span> <span class='ocrx_word' id='word_1_88' title='bbox 800 1313 1134 1367; x_wconf 82' lang='lat' dir='ltr'><strong>sustentabat</strong></span> <span class='ocrx_word' id='word_1_89' title='bbox 1167 1322 1223 1369; x_wconf 87' lang='lat' dir='ltr'><strong>et</strong></span> <span class='ocrx_word' id='word_1_90' title='bbox 1275 1316 1588 1371; x_wconf 70' lang='lat' dir='ltr'><strong>recreabat?</strong></span> <span class='ocrx_word' id='word_1_91' title='bbox 1633 1315 2009 1388; x_wconf 82' lang='lat' dir='ltr'><strong>Nequaquam.</strong></span> 
     </span>
    </p>
   </div>
   <div class='ocr_carea' id='block_1_15' title="bbox 401 1389 2014 1476">
    <p class='ocr_par' dir='ltr' id='par_1_15' title="bbox 401 1389 2014 1476">
     <span class='ocr_line' id='line_1_15' title="bbox 401 1389 2014 1476; baseline 0.009 -24"><span class='ocrx_word' id='word_1_92' title='bbox 401 1389 544 1454; x_wconf 52' lang='lat' dir='ltr'><strong>&#39;Sed</strong></span> <span class='ocrx_word' id='word_1_93' title='bbox 601 1410 708 1454; x_wconf 89' lang='lat' dir='ltr'><strong>tam</strong></span> <span class='ocrx_word' id='word_1_94' title='bbox 760 1403 1058 1460; x_wconf 79' lang='lat' dir='ltr'><strong>toleranter</strong></span> <span class='ocrx_word' id='word_1_95' title='bbox 1103 1405 1321 1475; x_wconf 87' lang='lat' dir='ltr'><strong>quidem</strong></span> <span class='ocrx_word' id='word_1_96' title='bbox 1360 1406 1662 1476; x_wconf 71' lang='lat' dir='ltr'><strong>ieiunabat,</strong></span> <span class='ocrx_word' id='word_1_97' title='bbox 1705 1421 1762 1463; x_wconf 91' lang='lat' dir='ltr'><strong>ut</strong></span> <span class='ocrx_word' id='word_1_98' title='bbox 1795 1411 1876 1464; x_wconf 90' lang='lat' dir='ltr'><strong>vel</strong></span> <span class='ocrx_word' id='word_1_99' title='bbox 1911 1411 2014 1467; x_wconf 91' lang='lat' dir='ltr'><strong>hoc</strong></span> 
     </span>
    </p>
   </div>
   <div class='ocr_carea' id='block_1_16' title="bbox 437 1491 2009 1570">
    <p class='ocr_par' dir='ltr' id='par_1_16' title="bbox 437 1491 2009 1570">
     <span class='ocr_line' id='line_1_16' title="bbox 437 1491 2009 1570; baseline 0.007 -23"><span class='ocrx_word' id='word_1_100' title='bbox 437 1491 608 1547; x_wconf 83' lang='lat' dir='ltr'><strong>solum</strong></span> <span class='ocrx_word' id='word_1_101' title='bbox 656 1495 924 1551; x_wconf 73' lang='lat' dir='ltr'><strong>sufﬁceret</strong></span> <span class='ocrx_word' id='word_1_102' title='bbox 963 1498 1027 1551; x_wconf 92' lang='lat' dir='ltr'><strong>ad</strong></span> <span class='ocrx_word' id='word_1_103' title='bbox 1083 1498 1480 1554; x_wconf 87' lang='lat' dir='ltr'><strong>dissolvendum</strong></span> <span class='ocrx_word' id='word_1_104' title='bbox 1536 1501 1701 1555; x_wconf 89' lang='lat' dir='ltr'><strong>robur</strong></span> <span class='ocrx_word' id='word_1_105' title='bbox 1746 1503 2009 1570; x_wconf 79' lang='lat' dir='ltr'><strong>corporis,</strong></span> 
     </span>
    </p>
   </div>
   <div class='ocr_carea' id='block_1_17' title="bbox 435 1585 2009 1662">
    <p class='ocr_par' dir='ltr' id='par_1_17' title="bbox 435 1585 2009 1662">
     <span class='ocr_line' id='line_1_17' title="bbox 435 1585 2009 1662; baseline 0.008 -26"><span class='ocrx_word' id='word_1_106' title='bbox 435 1585 536 1637; x_wconf 90' lang='lat' dir='ltr'><strong>etsi</strong></span> <span class='ocrx_word' id='word_1_107' title='bbox 569 1585 699 1638; x_wconf 85' lang='lat' dir='ltr'><strong>nihil</strong></span> <span class='ocrx_word' id='word_1_108' title='bbox 726 1599 871 1642; x_wconf 89' lang='lat' dir='ltr'><strong>esset</strong></span> <span class='ocrx_word' id='word_1_109' title='bbox 904 1588 1073 1654; x_wconf 85' lang='lat' dir='ltr'><strong>aliud,</strong></span> <span class='ocrx_word' id='word_1_110' title='bbox 1107 1591 1249 1660; x_wconf 93' lang='lat' dir='ltr'><strong>quod</strong></span> <span class='ocrx_word' id='word_1_111' title='bbox 1282 1606 1400 1650; x_wconf 87' lang='lat' dir='ltr'><strong>eam</strong></span> <span class='ocrx_word' id='word_1_112' title='bbox 1433 1591 1713 1662; x_wconf 75' lang='lat' dir='ltr'><strong>afﬂigeret.</strong></span> <span class='ocrx_word' id='word_1_113' title='bbox 1745 1591 1876 1648; x_wconf 90' lang='lat' dir='ltr'><strong>Plus</strong></span> <span class='ocrx_word' id='word_1_114' title='bbox 1907 1608 2009 1648; x_wconf 78' lang='lat' dir='ltr'><strong>an-</strong></span> 
     </span>
    </p>
   </div>
   <div class='ocr_carea' id='block_1_18' title="bbox 433 1677 2009 1750">
    <p class='ocr_par' dir='ltr' id='par_1_18' title="bbox 433 1677 2009 1750">
     <span class='ocr_line' id='line_1_18' title="bbox 433 1677 2009 1750; baseline 0.008 -23"><span class='ocrx_word' id='word_1_115' title='bbox 433 1685 538 1728; x_wconf 90' lang='lat' dir='ltr'><strong>tem</strong></span> <span class='ocrx_word' id='word_1_116' title='bbox 569 1677 842 1747; x_wconf 76' lang='lat' dir='ltr'><strong>vigilabat,</strong></span> <span class='ocrx_word' id='word_1_117' title='bbox 876 1694 1036 1749; x_wconf 91' lang='lat' dir='ltr'><strong>qnam</strong></span> <span class='ocrx_word' id='word_1_118' title='bbox 1081 1680 1377 1750; x_wconf 80' lang='lat' dir='ltr'><strong>jejuuabat,</strong></span> <span class='ocrx_word' id='word_1_119' title='bbox 1426 1694 1476 1738; x_wconf 88' lang='lat' dir='ltr'><strong>et</strong></span> <span class='ocrx_word' id='word_1_120' title='bbox 1509 1686 1587 1739; x_wconf 87' lang='lat' dir='ltr'><strong>sic</strong></span> <span class='ocrx_word' id='word_1_121' title='bbox 1611 1699 1827 1740; x_wconf 89' lang='lat' dir='ltr'><strong>carnem</strong></span> <span class='ocrx_word' id='word_1_122' title='bbox 1872 1685 2009 1740; x_wconf 77' lang='lat' dir='ltr'><strong>allii-</strong></span> 
     </span>
    </p>
   </div>
   <div class='ocr_carea' id='block_1_19' title="bbox 433 1769 2005 1844">
    <p class='ocr_par' dir='ltr' id='par_1_19' title="bbox 433 1769 2005 1844">
     <span class='ocr_line' id='line_1_19' title="bbox 433 1769 2005 1844; baseline 0.008 -25"><span class='ocrx_word' id='word_1_123' title='bbox 433 1769 610 1834; x_wconf 82' lang='lat' dir='ltr'><strong>gebat,</strong></span> <span class='ocrx_word' id='word_1_124' title='bbox 656 1777 765 1822; x_wconf 88' lang='lat' dir='ltr'><strong>tota</strong></span> <span class='ocrx_word' id='word_1_125' title='bbox 809 1786 966 1824; x_wconf 91' lang='lat' dir='ltr'><strong>manu</strong></span> <span class='ocrx_word' id='word_1_126' title='bbox 1011 1772 1192 1828; x_wconf 79' lang='lat' dir='ltr'><strong>ferens</strong></span> <span class='ocrx_word' id='word_1_127' title='bbox 1238 1789 1393 1842; x_wconf 80' lang='lat' dir='ltr'><strong>Opem</strong></span> <span class='ocrx_word' id='word_1_128' title='bbox 1427 1775 1658 1844; x_wconf 81' lang='lat' dir='ltr'><strong>spiritui.</strong></span> <span class='ocrx_word' id='word_1_129' title='bbox 1692 1774 1748 1830; x_wconf 91' lang='lat' dir='ltr'><strong>ld</strong></span> <span class='ocrx_word' id='word_1_130' title='bbox 1780 1791 1906 1831; x_wconf 87' lang='lat' dir='ltr'><strong>vero</strong></span> <span class='ocrx_word' id='word_1_131' title='bbox 1939 1791 2005 1832; x_wconf 80' lang='lat' dir='ltr'><strong>ex</strong></span> 
     </span>
    </p>
   </div>
   <div class='ocr_carea' id='block_1_20' title="bbox 2115 576 3682 649">
    <p class='ocr_par' dir='ltr' id='par_1_20' title="bbox 2115 576 3682 649">
     <span class='ocr_line' id='line_1_20' title="bbox 2115 576 3682 649; baseline 0.003 -19"><span class='ocrx_word' id='word_1_132' title='bbox 2115 576 2320 648; x_wconf 90' lang='grc' dir='ltr'>ταύτης</span> <span class='ocrx_word' id='word_1_133' title='bbox 2347 577 2655 648; x_wconf 79' lang='grc' dir='ltr'><strong>παρέδρους</strong></span> <span class='ocrx_word' id='word_1_134' title='bbox 2685 577 2783 631; x_wconf 75' lang='grc' dir='ltr'><strong>καὶ</strong></span> <span class='ocrx_word' id='word_1_135' title='bbox 2810 576 2911 644; x_wconf 79' lang='grc' dir='ltr'>τῆς</span> <span class='ocrx_word' id='word_1_136' title='bbox 2953 579 3133 649; x_wconf 73' lang='grc' dir='ltr'>φυγῆς</span> <span class='ocrx_word' id='word_1_137' title='bbox 3173 581 3466 644; x_wconf 77' lang='grc' dir='ltr'>κοινωνοὺς</span> <span class='ocrx_word' id='word_1_138' title='bbox 3500 579 3682 634; x_wconf 79' lang='grc' dir='ltr'>λανθά-</span> 
     </span>
    </p>
   </div>
   <div class='ocr_carea' id='block_1_21' title="bbox 2114 666 3680 742">
    <p class='ocr_par' dir='ltr' id='par_1_21' title="bbox 2114 666 3680 742">
     <span class='ocr_line' id='line_1_21' title="bbox 2114 666 3680 742; baseline 0.005 -18"><span class='ocrx_word' id='word_1_139' title='bbox 2114 689 2227 724; x_wconf 85' lang='grc' dir='ltr'>νειν</span> <span class='ocrx_word' id='word_1_140' title='bbox 2255 673 2354 724; x_wconf 91' lang='grc' dir='ltr'><strong>οὑκ</strong></span> <span class='ocrx_word' id='word_1_141' title='bbox 2381 667 2514 740; x_wconf 74' lang='grc' dir='ltr'>εἶχε.</span> <span class='ocrx_word' id='word_1_142' title='bbox 2547 671 2659 724; x_wconf 78' lang='grc' dir='ltr'><strong>Καὶ</strong></span> <span class='ocrx_word' id='word_1_143' title='bbox 2705 672 2815 742; x_wconf 76' lang='grc' dir='ltr'><strong>γὰρ</strong></span> <span class='ocrx_word' id='word_1_144' title='bbox 2849 666 3267 742; x_wconf 78' lang='grc' dir='ltr'>ἦσανκρυφίως</span> <span class='ocrx_word' id='word_1_145' title='bbox 3303 671 3372 725; x_wconf 81' lang='grc' dir='ltr'>τὰ</span> <span class='ocrx_word' id='word_1_146' title='bbox 3405 671 3498 725; x_wconf 78' lang='grc' dir='ltr'>ὑπ’</span> <span class='ocrx_word' id='word_1_147' title='bbox 3526 671 3680 740; x_wconf 71' lang='grc' dir='ltr'>αὐτῆς</span> 
     </span>
    </p>
   </div>
   <div class='ocr_carea' id='block_1_22' title="bbox 2116 757 3679 830">
    <p class='ocr_par' dir='ltr' id='par_1_22' title="bbox 2116 757 3679 830">
     <span class='ocr_line' id='line_1_22' title="bbox 2116 757 3679 830; baseline 0.003 -20"><span class='ocrx_word' id='word_1_148' title='bbox 2116 757 2379 827; x_wconf 74' lang='grc' dir='ltr'>γινόμενα</span> <span class='ocrx_word' id='word_1_149' title='bbox 2412 757 2724 827; x_wconf 82' lang='grc' dir='ltr'>βλέπουσαι,</span> <span class='ocrx_word' id='word_1_150' title='bbox 2762 759 2854 812; x_wconf 78' lang='grc' dir='ltr'><strong>καὶ</strong></span> <span class='ocrx_word' id='word_1_151' title='bbox 2879 758 3053 824; x_wconf 83' lang='grc' dir='ltr'>οὕτως</span> <span class='ocrx_word' id='word_1_152' title='bbox 3097 759 3238 814; x_wconf 89' lang='grc' dir='ltr'>ῶστε</span> <span class='ocrx_word' id='word_1_153' title='bbox 3271 759 3486 830; x_wconf 78' lang='grc' dir='ltr'><strong>ὁρώσας</strong></span> <span class='ocrx_word' id='word_1_154' title='bbox 3519 763 3679 824; x_wconf 74' lang='grc' dir='ltr'>αὑτὰς</span> 
     </span>
    </p>
   </div>
   <div class='ocr_carea' id='block_1_23' title="bbox 2118 847 3681 920">
    <p class='ocr_par' dir='ltr' id='par_1_23' title="bbox 2118 847 3681 920">
     <span class='ocr_line' id='line_1_23' title="bbox 2118 847 3681 920; baseline 0.003 -21"><span class='ocrx_word' id='word_1_155' title='bbox 2118 848 2194 919; x_wconf 78' lang='grc' dir='ltr'>μὴ</span> <span class='ocrx_word' id='word_1_156' title='bbox 2225 847 2476 915; x_wconf 78' lang='grc' dir='ltr'>ὁρᾶσθαι,</span> <span class='ocrx_word' id='word_1_157' title='bbox 2513 848 2714 916; x_wconf 79' lang='grc' dir='ltr'>μᾶλλον</span> <span class='ocrx_word' id='word_1_158' title='bbox 2740 849 2798 902; x_wconf 82' lang='grc' dir='ltr'>δὲ</span> <span class='ocrx_word' id='word_1_159' title='bbox 2845 849 2942 918; x_wconf 80' lang='grc' dir='ltr'><strong>οὐχ</strong></span> <span class='ocrx_word' id='word_1_160' title='bbox 2974 850 3180 919; x_wconf 79' lang='grc' dir='ltr'>ὁρῶσαι</span> <span class='ocrx_word' id='word_1_161' title='bbox 3219 851 3400 920; x_wconf 84' lang='grc' dir='ltr'>μόνον,</span> <span class='ocrx_word' id='word_1_162' title='bbox 3432 851 3568 904; x_wconf 70' lang='grc' dir='ltr'>ἀλλὰ</span> <span class='ocrx_word' id='word_1_163' title='bbox 3597 853 3681 904; x_wconf 88' lang='grc' dir='ltr'>καὶ</span> 
     </span>
    </p>
   </div>
   <div class='ocr_carea' id='block_1_24' title="bbox 2113 936 3673 1002">
    <p class='ocr_par' dir='ltr' id='par_1_24' title="bbox 2113 936 3673 1002">
     <span class='ocr_line' id='line_1_24' title="bbox 2113 936 3673 1002; baseline 0.007 -17"><span class='ocrx_word' id='word_1_164' title='bbox 2113 936 2310 1001; x_wconf 77' lang='grc' dir='ltr'>ζηλοῦν</span> <span class='ocrx_word' id='word_1_165' title='bbox 2349 937 2487 989; x_wconf 75' lang='grc' dir='ltr'>κατὰ</span> <span class='ocrx_word' id='word_1_166' title='bbox 2510 937 2568 989; x_wconf 75' lang='grc' dir='ltr'>τὸ</span> <span class='ocrx_word' id='word_1_167' title='bbox 2599 938 2822 991; x_wconf 77' lang='grc' dir='ltr'>δυνατὸν</span> <span class='ocrx_word' id='word_1_168' title='bbox 2845 939 3036 1002; x_wconf 84' lang='grc' dir='ltr'>αὑταῖς</span> <span class='ocrx_word' id='word_1_169' title='bbox 3062 941 3410 997; x_wconf 81' lang='grc' dir='ltr'>σπεύδουσαι.</span> <span class='ocrx_word' id='word_1_170' title='bbox 3449 941 3606 996; x_wconf 86' lang='grc' dir='ltr'>Οῦτω</span> <span class='ocrx_word' id='word_1_171' title='bbox 3624 943 3673 1000; x_wconf 68' lang='grc' dir='ltr'>δὲ</span> 
     </span>
    </p>
   </div>
   <div class='ocr_carea' id='block_1_25' title="bbox 2113 1027 3678 1104">
    <p class='ocr_par' dir='ltr' id='par_1_25' title="bbox 2113 1027 3678 1104">
     <span class='ocr_line' id='line_1_25' title="bbox 2113 1027 3678 1104; baseline 0.006 -25"><span class='ocrx_word' id='word_1_172' title='bbox 2113 1027 2317 1096; x_wconf 82' lang='grc' dir='ltr'><strong>τροφῆς</strong></span> <span class='ocrx_word' id='word_1_173' title='bbox 2350 1027 2548 1098; x_wconf 84' lang='grc' dir='ltr'>ἔχουσα</span> <span class='ocrx_word' id='word_1_174' title='bbox 2576 1028 2695 1082; x_wconf 84' lang='grc' dir='ltr'>λίαν</span> <span class='ocrx_word' id='word_1_175' title='bbox 2723 1029 2919 1092; x_wconf 84' lang='grc' dir='ltr'>ἐνδεῶς</span> <span class='ocrx_word' id='word_1_176' title='bbox 2961 1031 3051 1084; x_wconf 76' lang='grc' dir='ltr'>καὶ</span> <span class='ocrx_word' id='word_1_177' title='bbox 3085 1033 3544 1104; x_wconf 71' lang='grc' dir='ltr'>ἠναγκασμένως,</span> <span class='ocrx_word' id='word_1_178' title='bbox 3579 1029 3678 1104; x_wconf 78' lang='grc' dir='ltr'>ἆρα</span> 
     </span>
    </p>
   </div>
   <div class='ocr_carea' id='block_1_26' title="bbox 2119 1118 3685 1196">
    <p class='ocr_par' dir='ltr' id='par_1_26' title="bbox 2119 1118 3685 1196">
     <span class='ocr_line' id='line_1_26' title="bbox 2119 1118 3685 1196; baseline 0.003 -24"><span class='ocrx_word' id='word_1_179' title='bbox 2119 1118 2195 1190; x_wconf 78' lang='grc' dir='ltr'>μὴ</span> <span class='ocrx_word' id='word_1_180' title='bbox 2235 1118 2312 1191; x_wconf 83' lang='grc' dir='ltr'>τῷ</span> <span class='ocrx_word' id='word_1_181' title='bbox 2345 1119 2498 1192; x_wconf 82' lang='grc' dir='ltr'>ῦπνῳ</span> <span class='ocrx_word' id='word_1_182' title='bbox 2518 1120 2692 1184; x_wconf 83' lang='grc' dir='ltr'>άλλως</span> <span class='ocrx_word' id='word_1_183' title='bbox 2725 1123 2943 1193; x_wconf 79' lang='grc' dir='ltr'>ἐχρῆτο,</span> <span class='ocrx_word' id='word_1_184' title='bbox 2971 1123 3066 1176; x_wconf 74' lang='grc' dir='ltr'>καὶ</span> <span class='ocrx_word' id='word_1_185' title='bbox 3087 1121 3233 1177; x_wconf 74' lang='grc' dir='ltr'>οὕτω</span> <span class='ocrx_word' id='word_1_186' title='bbox 3261 1125 3359 1196; x_wconf 80' lang='grc' dir='ltr'>τὴν</span> <span class='ocrx_word' id='word_1_187' title='bbox 3401 1124 3526 1194; x_wconf 86' lang='grc' dir='ltr'>βίαν</span> <span class='ocrx_word' id='word_1_188' title='bbox 3555 1143 3685 1195; x_wconf 85' lang='grc' dir='ltr'>παρ-</span> 
     </span>
    </p>
   </div>
   <div class='ocr_carea' id='block_1_27' title="bbox 2114 1211 3682 1288">
    <p class='ocr_par' dir='ltr' id='par_1_27' title="bbox 2114 1211 3682 1288">
     <span class='ocr_line' id='line_1_27' title="bbox 2114 1211 3682 1288; baseline 0.006 -25"><span class='ocrx_word' id='word_1_189' title='bbox 2114 1211 2369 1281; x_wconf 83' lang='grc' dir='ltr'>εμυθεῖτο</span> <span class='ocrx_word' id='word_1_190' title='bbox 2416 1212 2508 1266; x_wconf 86' lang='grc' dir='ltr'><strong>τοῦ</strong></span> <span class='ocrx_word' id='word_1_191' title='bbox 2575 1213 2852 1285; x_wconf 88' lang='grc' dir='ltr'>σώματος,</span> <span class='ocrx_word' id='word_1_192' title='bbox 2916 1215 3010 1270; x_wconf 62' lang='grc' dir='ltr'><strong>καὶ⁸</strong></span> <span class='ocrx_word' id='word_1_193' title='bbox 3065 1217 3171 1269; x_wconf 75' lang='grc' dir='ltr'><strong>ὑπὸ</strong></span> <span class='ocrx_word' id='word_1_194' title='bbox 3227 1217 3428 1288; x_wconf 81' lang='grc' dir='ltr'>πολλῆς</span> <span class='ocrx_word' id='word_1_195' title='bbox 3478 1221 3682 1283; x_wconf 78' lang='grc' dir='ltr'><strong>ἀσιτίας</strong></span> 
     </span>
    </p>
   </div>
   <div class='ocr_carea' id='block_1_28' title="bbox 2112 1303 3682 1380">
    <p class='ocr_par' dir='ltr' id='par_1_28' title="bbox 2112 1303 3682 1380">
     <span class='ocr_line' id='line_1_28' title="bbox 2112 1303 3682 1380; baseline 0.005 -25"><span class='ocrx_word' id='word_1_196' title='bbox 2112 1303 2320 1372; x_wconf 79' lang='grc' dir='ltr'>κάμνον</span> <span class='ocrx_word' id='word_1_197' title='bbox 2374 1305 2505 1358; x_wconf 76' lang='grc' dir='ltr'>αὑτὸ</span> <span class='ocrx_word' id='word_1_198' title='bbox 2561 1307 2656 1359; x_wconf 80' lang='grc' dir='ltr'>καὶ</span> <span class='ocrx_word' id='word_1_199' title='bbox 2715 1307 2880 1359; x_wconf 79' lang='grc' dir='ltr'>οίονεὶ</span> <span class='ocrx_word' id='word_1_200' title='bbox 2929 1308 3274 1362; x_wconf 87' lang='grc' dir='ltr'>καταπίπτον</span> <span class='ocrx_word' id='word_1_201' title='bbox 3329 1310 3593 1380; x_wconf 84' lang='grc' dir='ltr'>ὑπήρειδὲ</span> <span class='ocrx_word' id='word_1_202' title='bbox 3629 1327 3682 1363; x_wconf 83' lang='grc' dir='ltr'><strong>τε</strong></span> 
     </span>
    </p>
   </div>
   <div class='ocr_carea' id='block_1_29' title="bbox 2111 1393 3680 1472">
    <p class='ocr_par' dir='ltr' id='par_1_29' title="bbox 2111 1393 3680 1472">
     <span class='ocr_line' id='line_1_29' title="bbox 2111 1393 3680 1472; baseline 0.006 -28"><span class='ocrx_word' id='word_1_203' title='bbox 2111 1393 2207 1445; x_wconf 83' lang='grc' dir='ltr'>καὶ</span> <span class='ocrx_word' id='word_1_204' title='bbox 2240 1393 2652 1465; x_wconf 79' lang='grc' dir='ltr'>ἀνελάμϐανενς</span> <span class='ocrx_word' id='word_1_205' title='bbox 2687 1398 2761 1451; x_wconf 85' lang='grc' dir='ltr'><strong>υὺ</strong></span> <span class='ocrx_word' id='word_1_206' title='bbox 2813 1398 2910 1466; x_wconf 73' lang='grc' dir='ltr'>μὶν</span> <span class='ocrx_word' id='word_1_207' title='bbox 2951 1393 3069 1464; x_wconf 79' lang='grc' dir='ltr'>οὖν,</span> <span class='ocrx_word' id='word_1_208' title='bbox 3119 1399 3258 1453; x_wconf 78' lang='grc' dir='ltr'>ἀλλὰ</span> <span class='ocrx_word' id='word_1_209' title='bbox 3306 1400 3402 1452; x_wconf 63' lang='grc' dir='ltr'><strong>καὶ⁸</strong></span> <span class='ocrx_word' id='word_1_210' title='bbox 3431 1401 3680 1472; x_wconf 80' lang='grc' dir='ltr'>ἐνήστευε</span> 
     </span>
    </p>
   </div>
   <div class='ocr_carea' id='block_1_30' title="bbox 2115 1487 3681 1562">
    <p class='ocr_par' dir='ltr' id='par_1_30' title="bbox 2115 1487 3681 1562">
     <span class='ocr_line' id='line_1_30' title="bbox 2115 1487 3681 1562; baseline 0.003 -22"><span class='ocrx_word' id='word_1_211' title='bbox 2115 1487 2214 1558; x_wconf 77' lang='grc' dir='ltr'>μὲν</span> <span class='ocrx_word' id='word_1_212' title='bbox 2244 1487 2387 1542; x_wconf 83' lang='grc' dir='ltr'>οῦτω</span> <span class='ocrx_word' id='word_1_213' title='bbox 2414 1489 2715 1560; x_wconf 80' lang='grc' dir='ltr'><strong>καρτερῶς,</strong></span> <span class='ocrx_word' id='word_1_214' title='bbox 2746 1489 2888 1544; x_wconf 80' lang='grc' dir='ltr'>ὥστε</span> <span class='ocrx_word' id='word_1_215' title='bbox 2928 1491 3088 1544; x_wconf 86' lang='grc' dir='ltr'>τοῦτο</span> <span class='ocrx_word' id='word_1_216' title='bbox 3115 1491 3275 1562; x_wconf 84' lang='grc' dir='ltr'>μόνον</span> <span class='ocrx_word' id='word_1_217' title='bbox 3303 1491 3511 1562; x_wconf 78' lang='grc' dir='ltr'><strong>ἀρκοῦν</strong></span> <span class='ocrx_word' id='word_1_218' title='bbox 3552 1488 3681 1546; x_wconf 76' lang='grc' dir='ltr'>εἶναι</span> 
     </span>
    </p>
   </div>
   <div class='ocr_carea' id='block_1_31' title="bbox 2111 1580 3682 1655">
    <p class='ocr_par' dir='ltr' id='par_1_31' title="bbox 2111 1580 3682 1655">
     <span class='ocr_line' id='line_1_31' title="bbox 2111 1580 3682 1655; baseline 0.002 -21"><span class='ocrx_word' id='word_1_219' title='bbox 2111 1581 2202 1634; x_wconf 75' lang='grc' dir='ltr'><strong>τὸν</strong></span> <span class='ocrx_word' id='word_1_220' title='bbox 2230 1580 2380 1634; x_wconf 83' lang='grc' dir='ltr'>τόνον</span> <span class='ocrx_word' id='word_1_221' title='bbox 2402 1581 2654 1634; x_wconf 80' lang='grc' dir='ltr'><strong>ὑπολύειν</strong></span> <span class='ocrx_word' id='word_1_222' title='bbox 2690 1582 2785 1636; x_wconf 86' lang='grc' dir='ltr'><strong>τοῦ</strong></span> <span class='ocrx_word' id='word_1_223' title='bbox 2814 1581 3091 1652; x_wconf 89' lang='grc' dir='ltr'>σώματος,</span> <span class='ocrx_word' id='word_1_224' title='bbox 3115 1586 3210 1638; x_wconf 83' lang='grc' dir='ltr'>καὶ</span> <span class='ocrx_word' id='word_1_225' title='bbox 3233 1585 3283 1637; x_wconf 86' lang='grc' dir='ltr'><strong>εί</strong></span> <span class='ocrx_word' id='word_1_226' title='bbox 3311 1584 3479 1654; x_wconf 76' lang='grc' dir='ltr'>μηδὲν</span> <span class='ocrx_word' id='word_1_227' title='bbox 3504 1585 3682 1655; x_wconf 86' lang='grc' dir='ltr'>ἐτερον</span> 
     </span>
    </p>
   </div>
   <div class='ocr_carea' id='block_1_32' title="bbox 2110 1667 3680 1746">
    <p class='ocr_par' dir='ltr' id='par_1_32' title="bbox 2110 1667 3680 1746">
     <span class='ocr_line' id='line_1_32' title="bbox 2110 1667 3680 1746; baseline 0.001 -20"><span class='ocrx_word' id='word_1_228' title='bbox 2110 1667 2180 1744; x_wconf 75' lang='grc' dir='ltr'>ἦν</span> <span class='ocrx_word' id='word_1_229' title='bbox 2230 1673 2292 1726; x_wconf 80' lang='grc' dir='ltr'>τὸ</span> <span class='ocrx_word' id='word_1_230' title='bbox 2358 1675 2630 1727; x_wconf 84' lang='grc' dir='ltr'>συντεῖνον</span> <span class='ocrx_word' id='word_1_231' title='bbox 2687 1677 2768 1739; x_wconf 91' lang='grc' dir='ltr'><strong>είς</strong></span> <span class='ocrx_word' id='word_1_232' title='bbox 2826 1676 3197 1729; x_wconf 79' lang='grc' dir='ltr'><strong>κακοπάθειαν</strong></span> <span class='ocrx_word' id='word_1_233' title='bbox 3230 1690 3249 1707; x_wconf 81' lang='grc'><strong><em>⁸</em></strong></span> <span class='ocrx_word' id='word_1_234' title='bbox 3305 1675 3579 1746; x_wconf 72' lang='grc' dir='ltr'>ἡγρύπνει</span> <span class='ocrx_word' id='word_1_235' title='bbox 3629 1675 3680 1728; x_wconf 72' lang='grc' dir='ltr'><strong>δέ</strong></span> 
     </span>
    </p>
   </div>
   <div class='ocr_carea' id='block_1_33' title="bbox 2117 1765 3678 1840">
    <p class='ocr_par' dir='ltr' id='par_1_33' title="bbox 2117 1765 3678 1840">
     <span class='ocr_line' id='line_1_33' title="bbox 2117 1765 3678 1840; baseline 0.003 -23"><span class='ocrx_word' id='word_1_236' title='bbox 2117 1765 2315 1835; x_wconf 76' lang='grc' dir='ltr'>μᾶλλον</span> <span class='ocrx_word' id='word_1_237' title='bbox 2344 1766 2678 1837; x_wconf 81' lang='grc' dir='ltr'>ἢένήστευε,</span> <span class='ocrx_word' id='word_1_238' title='bbox 2707 1767 2804 1820; x_wconf 69' lang='grc' dir='ltr'><strong>καλ⁸</strong></span> <span class='ocrx_word' id='word_1_239' title='bbox 2837 1767 2980 1821; x_wconf 80' lang='grc' dir='ltr'>οὕτω</span> <span class='ocrx_word' id='word_1_240' title='bbox 3020 1769 3311 1822; x_wconf 83' lang='grc' dir='ltr'>κατεπόνει</span> <span class='ocrx_word' id='word_1_241' title='bbox 3355 1768 3458 1840; x_wconf 81' lang='grc' dir='ltr'>τὴν</span> <span class='ocrx_word' id='word_1_242' title='bbox 3511 1769 3678 1840; x_wconf 83' lang='grc' dir='ltr'>σάρκα</span> 
     </span>
    </p>
   </div>
   <div class='ocr_carea' id='block_1_34' title="bbox 433 1835 1999 1930">
    <p class='ocr_par' dir='ltr' id='par_1_34' title="bbox 433 1855 1999 1930">
     <span class='ocr_line' id='line_1_34' title="bbox 433 1855 1999 1930; baseline 0.01 -25"><span class='ocrx_word' id='word_1_243' title='bbox 433 1855 535 1910; x_wconf 91' lang='lat' dir='ltr'><strong>hoc</strong></span> <span class='ocrx_word' id='word_1_244' title='bbox 579 1866 665 1910; x_wconf 82' lang='lat' dir='ltr'><strong>est</strong></span> <span class='ocrx_word' id='word_1_245' title='bbox 695 1858 940 1925; x_wconf 87' lang='lat' dir='ltr'><strong>evidens,</strong></span> <span class='ocrx_word' id='word_1_246' title='bbox 974 1863 1113 1929; x_wconf 89' lang='lat' dir='ltr'><strong>quod</strong></span> <span class='ocrx_word' id='word_1_247' title='bbox 1161 1879 1283 1916; x_wconf 91' lang='lat' dir='ltr'><strong>cum</strong></span> <span class='ocrx_word' id='word_1_248' title='bbox 1317 1879 1396 1928; x_wconf 88' lang='lat' dir='ltr'><strong>se,</strong></span> <span class='ocrx_word' id='word_1_249' title='bbox 1428 1873 1484 1917; x_wconf 91' lang='lat' dir='ltr'><strong>nt</strong></span> <span class='ocrx_word' id='word_1_250' title='bbox 1516 1864 1744 1930; x_wconf 88' lang='lat' dir='ltr'><strong>solebat,</strong></span> <span class='ocrx_word' id='word_1_251' title='bbox 1788 1865 1999 1922; x_wconf 88' lang='lat' dir='ltr'><strong>dederet</strong></span> 
     </span>
    </p>
   </div>
   <div class='ocr_carea' id='block_1_35' title="bbox 2107 1835 3678 1930">
    <p class='ocr_par' dir='ltr' id='par_1_35' title="bbox 2113 1835 3678 1930">
     <span class='ocr_line' id='line_1_35' title="bbox 2113 1835 3678 1930; baseline 0.003 -18"><span class='ocrx_word' id='word_1_252' title='bbox 2113 1858 2211 1929; x_wconf 80' lang='grc' dir='ltr'><strong>ὅλῃ</strong></span> <span class='ocrx_word' id='word_1_253' title='bbox 2248 1857 2392 1928; x_wconf 70' lang='grc' dir='ltr'>χειρὶ</span> <span class='ocrx_word' id='word_1_254' title='bbox 2435 1835 2703 1929; x_wconf 79' lang='grc' dir='ltr'>βοηθοῦσα</span> <span class='ocrx_word' id='word_1_255' title='bbox 2739 1859 2816 1929; x_wconf 85' lang='grc' dir='ltr'>τῷ</span> <span class='ocrx_word' id='word_1_256' title='bbox 2849 1860 3120 1930; x_wconf 85' lang='grc' dir='ltr'>πνεύματι</span> <span class='ocrx_word' id='word_1_257' title='bbox 3155 1878 3170 1892; x_wconf 76' lang='grc' dir='ltr'><strong>ο</strong></span> <span class='ocrx_word' id='word_1_258' title='bbox 3209 1862 3302 1915; x_wconf 71' lang='grc' dir='ltr'>καὶ</span> <span class='ocrx_word' id='word_1_259' title='bbox 3338 1835 3502 1915; x_wconf 86' lang='grc' dir='ltr'>τοῦτο</span> <span class='ocrx_word' id='word_1_260' title='bbox 3530 1835 3678 1930; x_wconf 63' lang='grc' dir='ltr'>δῆλόν</span> 
     </span>
    </p>
   </div>
   <div class='ocr_carea' id='block_1_36' title="bbox 433 1947 2008 2026">
    <p class='ocr_par' dir='ltr' id='par_1_36' title="bbox 433 1947 2008 2026">
     <span class='ocr_line' id='line_1_36' title="bbox 433 1947 2008 2026; baseline 0.009 -26"><span class='ocrx_word' id='word_1_261' title='bbox 433 1947 684 2013; x_wconf 79' lang='lat' dir='ltr'><strong>orationi,</strong></span> <span class='ocrx_word' id='word_1_262' title='bbox 719 1949 830 2005; x_wconf 90' lang='lat' dir='ltr'><strong>sole</strong></span> <span class='ocrx_word' id='word_1_263' title='bbox 858 1949 968 2018; x_wconf 84' lang='lat' dir='ltr'><strong>jam</strong></span> <span class='ocrx_word' id='word_1_264' title='bbox 1007 1954 1288 2008; x_wconf 88' lang='lat' dir='ltr'><strong>occidente</strong></span> <span class='ocrx_word' id='word_1_265' title='bbox 1334 1970 1436 2008; x_wconf 93' lang='lat' dir='ltr'><strong>non</strong></span> <span class='ocrx_word' id='word_1_266' title='bbox 1473 1957 1621 2022; x_wconf 85' lang='lat' dir='ltr'><strong>prius</strong></span> <span class='ocrx_word' id='word_1_267' title='bbox 1651 1971 1814 2026; x_wconf 90' lang='lat' dir='ltr'><strong>quam</strong></span> <span class='ocrx_word' id='word_1_268' title='bbox 1854 1959 2008 2014; x_wconf 84' lang='lat' dir='ltr'><strong>veni-</strong></span> 
     </span>
    </p>
   </div>
   <div class='ocr_carea' id='block_1_37' title="bbox 437 2044 2010 2113">
    <p class='ocr_par' dir='ltr' id='par_1_37' title="bbox 437 2044 2010 2113">
     <span class='ocr_line' id='line_1_37' title="bbox 437 2044 2010 2113; baseline 0.009 -23"><span class='ocrx_word' id='word_1_269' title='bbox 437 2048 557 2092; x_wconf 86' lang='lat' dir='ltr'><strong>rent</strong></span> <span class='ocrx_word' id='word_1_270' title='bbox 586 2046 802 2095; x_wconf 72' lang='lat' dir='ltr'><strong>seroies</strong></span> <span class='ocrx_word' id='word_1_271' title='bbox 829 2044 893 2096; x_wconf 91' lang='lat' dir='ltr'><strong>ad</strong></span> <span class='ocrx_word' id='word_1_272' title='bbox 917 2045 1184 2098; x_wconf 89' lang='lat' dir='ltr'><strong>cantanda</strong></span> <span class='ocrx_word' id='word_1_273' title='bbox 1211 2046 1472 2101; x_wconf 89' lang='lat' dir='ltr'><strong>matutina</strong></span> <span class='ocrx_word' id='word_1_274' title='bbox 1502 2049 1738 2113; x_wconf 87' lang='lat' dir='ltr'><strong>cantica,</strong></span> <span class='ocrx_word' id='word_1_275' title='bbox 1771 2049 2010 2104; x_wconf 80' lang='lat' dir='ltr'><strong>solvebat</strong></span> 
     </span>
    </p>
   </div>
   <div class='ocr_carea' id='block_1_38' title="bbox 432 2131 2008 2208">
    <p class='ocr_par' dir='ltr' id='par_1_38' title="bbox 432 2131 2008 2208">
     <span class='ocr_line' id='line_1_38' title="bbox 432 2131 2008 2208; baseline 0.008 -24"><span class='ocrx_word' id='word_1_276' title='bbox 432 2131 734 2186; x_wconf 86' lang='lat' dir='ltr'><strong>orationem</strong></span> <span class='ocrx_word' id='word_1_277' title='bbox 778 2149 792 2186; x_wconf 92' lang='lat'>:</span> <span class='ocrx_word' id='word_1_278' title='bbox 835 2137 926 2190; x_wconf 89' lang='lat' dir='ltr'><strong>sed</strong></span> <span class='ocrx_word' id='word_1_279' title='bbox 970 2151 1352 2207; x_wconf 79' lang='lat' dir='ltr'><strong>nonnunquam</strong></span> <span class='ocrx_word' id='word_1_280' title='bbox 1400 2141 1904 2208; x_wconf 80' lang='lat' dir='ltr'><strong>deprehendebatur</strong></span> <span class='ocrx_word' id='word_1_281' title='bbox 1939 2142 2008 2197; x_wconf 89' lang='lat' dir='ltr'><strong>ab</strong></span> 
     </span>
    </p>
   </div>
   <div class='ocr_carea' id='block_1_39' title="bbox 431 2221 2008 2301">
    <p class='ocr_par' dir='ltr' id='par_1_39' title="bbox 431 2221 2008 2301">
     <span class='ocr_line' id='line_1_39' title="bbox 431 2221 2008 2301; baseline 0.009 -27"><span class='ocrx_word' id='word_1_282' title='bbox 431 2221 513 2276; x_wconf 87' lang='lat' dir='ltr'><strong>eis</strong></span> <span class='ocrx_word' id='word_1_283' title='bbox 555 2222 748 2278; x_wconf 90' lang='lat' dir='ltr'><strong>tollens</strong></span> <span class='ocrx_word' id='word_1_284' title='bbox 803 2240 1017 2281; x_wconf 85' lang='lat' dir='ltr'><strong>manus.</strong></span> <span class='ocrx_word' id='word_1_285' title='bbox 1069 2226 1372 2297; x_wconf 82' lang='lat' dir='ltr'><strong>Aliquando</strong></span> <span class='ocrx_word' id='word_1_286' title='bbox 1414 2242 1592 2285; x_wconf 90' lang='lat' dir='ltr'><strong>autem</strong></span> <span class='ocrx_word' id='word_1_287' title='bbox 1629 2247 1749 2286; x_wconf 92' lang='lat' dir='ltr'><strong>cum</strong></span> <span class='ocrx_word' id='word_1_288' title='bbox 1784 2247 2008 2301; x_wconf 84' lang='lat' dir='ltr'><strong>vespere</strong></span> 
     </span>
    </p>
   </div>
   <div class='ocr_carea' id='block_1_40' title="bbox 437 2314 2007 2388">
    <p class='ocr_par' dir='ltr' id='par_1_40' title="bbox 437 2314 2007 2388">
     <span class='ocr_line' id='line_1_40' title="bbox 437 2314 2007 2388; baseline 0.008 -22"><span class='ocrx_word' id='word_1_289' title='bbox 437 2314 582 2368; x_wconf 91' lang='lat' dir='ltr'><strong>humi</strong></span> <span class='ocrx_word' id='word_1_290' title='bbox 634 2315 948 2371; x_wconf 89' lang='lat' dir='ltr'><strong>inclinasset</strong></span> <span class='ocrx_word' id='word_1_291' title='bbox 982 2333 1176 2388; x_wconf 83' lang='lat' dir='ltr'><strong>genua,</strong></span> <span class='ocrx_word' id='word_1_292' title='bbox 1231 2328 1341 2374; x_wconf 90' lang='lat' dir='ltr'><strong>tota</strong></span> <span class='ocrx_word' id='word_1_293' title='bbox 1374 2336 1476 2376; x_wconf 79' lang='lat' dir='ltr'><strong>nox</strong></span> <span class='ocrx_word' id='word_1_294' title='bbox 1515 2338 1633 2376; x_wconf 89' lang='lat' dir='ltr'><strong>eam</strong></span> <span class='ocrx_word' id='word_1_295' title='bbox 1683 2324 1758 2377; x_wconf 89' lang='lat' dir='ltr'><strong>sic</strong></span> <span class='ocrx_word' id='word_1_296' title='bbox 1791 2328 2007 2378; x_wconf 84' lang='lat' dir='ltr'><strong>tenebat</strong></span> 
     </span>
    </p>
   </div>
   <div class='ocr_carea' id='block_1_41' title="bbox 423 2407 2008 2476">
    <p class='ocr_par' dir='ltr' id='par_1_41' title="bbox 423 2407 2008 2476">
     <span class='ocr_line' id='line_1_41' title="bbox 423 2407 2008 2476; baseline 0.008 -19"><span class='ocrx_word' id='word_1_297' title='bbox 423 2407 694 2474; x_wconf 79' lang='lat' dir='ltr'><strong>jacentem</strong></span> <span class='ocrx_word' id='word_1_298' title='bbox 726 2417 780 2463; x_wconf 92' lang='lat' dir='ltr'><strong>et</strong></span> <span class='ocrx_word' id='word_1_299' title='bbox 809 2409 1118 2476; x_wconf 73' lang='lat' dir='ltr'><strong>deﬂentem,</strong></span> <span class='ocrx_word' id='word_1_300' title='bbox 1150 2422 1205 2467; x_wconf 90' lang='lat' dir='ltr'><strong>et</strong></span> <span class='ocrx_word' id='word_1_301' title='bbox 1247 2412 1413 2467; x_wconf 87' lang='lat' dir='ltr'><strong>Deum</strong></span> <span class='ocrx_word' id='word_1_302' title='bbox 1447 2415 1794 2470; x_wconf 84' lang='lat' dir='ltr'><strong>vehementer</strong></span> <span class='ocrx_word' id='word_1_303' title='bbox 1844 2431 2008 2470; x_wconf 90' lang='lat' dir='ltr'><strong>oran-</strong></span> 
     </span>
    </p>
   </div>
   <div class='ocr_carea' id='block_1_42' title="bbox 430 2501 2002 2576">
    <p class='ocr_par' dir='ltr' id='par_1_42' title="bbox 430 2501 2002 2576">
     <span class='ocr_line' id='line_1_42' title="bbox 430 2501 2002 2576; baseline 0.006 -24"><span class='ocrx_word' id='word_1_304' title='bbox 430 2505 540 2553; x_wconf 84' lang='lat' dir='ltr'><strong>tem</strong></span> <span class='ocrx_word' id='word_1_305' title='bbox 572 2516 588 2554; x_wconf 92' lang='lat'><strong>:</strong></span> <span class='ocrx_word' id='word_1_306' title='bbox 621 2509 675 2553; x_wconf 89' lang='lat' dir='ltr'><strong>et</strong></span> <span class='ocrx_word' id='word_1_307' title='bbox 729 2501 873 2572; x_wconf 88' lang='lat' dir='ltr'><strong>quod</strong></span> <span class='ocrx_word' id='word_1_308' title='bbox 922 2513 1002 2557; x_wconf 85' lang='lat' dir='ltr'><strong>est</strong></span> <span class='ocrx_word' id='word_1_309' title='bbox 1039 2503 1280 2558; x_wconf 92' lang='lat' dir='ltr'><strong>omnium</strong></span> <span class='ocrx_word' id='word_1_310' title='bbox 1331 2506 1564 2560; x_wconf 85' lang='lat' dir='ltr'><strong>maxime</strong></span> <span class='ocrx_word' id='word_1_311' title='bbox 1601 2508 2002 2576; x_wconf 88' lang='lat' dir='ltr'><strong>admirandum,</strong></span> 
     </span>
    </p>
   </div>
   <div class='ocr_carea' id='block_1_43' title="bbox 428 2591 2007 2667">
    <p class='ocr_par' dir='ltr' id='par_1_43' title="bbox 428 2591 2007 2667">
     <span class='ocr_line' id='line_1_43' title="bbox 428 2591 2007 2667; baseline 0.007 -22"><span class='ocrx_word' id='word_1_312' title='bbox 428 2605 550 2645; x_wconf 92' lang='lat' dir='ltr'><strong>cum</strong></span> <span class='ocrx_word' id='word_1_313' title='bbox 582 2591 673 2646; x_wconf 88' lang='lat' dir='ltr'><strong>illa</strong></span> <span class='ocrx_word' id='word_1_314' title='bbox 704 2594 782 2648; x_wconf 88' lang='lat' dir='ltr'><strong>sic</strong></span> <span class='ocrx_word' id='word_1_315' title='bbox 817 2609 876 2648; x_wconf 89' lang='lat' dir='ltr'><strong>se</strong></span> <span class='ocrx_word' id='word_1_316' title='bbox 909 2594 958 2647; x_wconf 92' lang='lat' dir='ltr'><strong>iu</strong></span> <span class='ocrx_word' id='word_1_317' title='bbox 985 2596 1091 2650; x_wconf 79' lang='lat' dir='ltr'><strong>vita</strong></span> <span class='ocrx_word' id='word_1_318' title='bbox 1116 2605 1416 2664; x_wconf 79' lang='lat' dir='ltr'><strong>exerceret,</strong></span> <span class='ocrx_word' id='word_1_319' title='bbox 1453 2607 1598 2652; x_wconf 89' lang='lat' dir='ltr'><strong>tanta</strong></span> <span class='ocrx_word' id='word_1_320' title='bbox 1629 2611 1742 2652; x_wconf 85' lang='lat' dir='ltr'><strong>erat</strong></span> <span class='ocrx_word' id='word_1_321' title='bbox 1768 2599 1883 2667; x_wconf 83' lang='lat' dir='ltr'><strong>ejus</strong></span> <span class='ocrx_word' id='word_1_322' title='bbox 1910 2601 2007 2655; x_wconf 87' lang='lat' dir='ltr'><strong>hu-</strong></span> 
     </span>
    </p>
   </div>
   <div class='ocr_carea' id='block_1_44' title="bbox 431 2683 2003 2760">
    <p class='ocr_par' dir='ltr' id='par_1_44' title="bbox 431 2683 2003 2760">
     <span class='ocr_line' id='line_1_44' title="bbox 431 2683 2003 2760; baseline 0.01 -25"><span class='ocrx_word' id='word_1_323' title='bbox 431 2683 653 2750; x_wconf 88' lang='lat' dir='ltr'><strong>militas,</strong></span> <span class='ocrx_word' id='word_1_324' title='bbox 700 2694 755 2739; x_wconf 92' lang='lat' dir='ltr'><strong>ut</strong></span> <span class='ocrx_word' id='word_1_325' title='bbox 801 2686 977 2741; x_wconf 88' lang='lat' dir='ltr'><strong>nullus</strong></span> <span class='ocrx_word' id='word_1_326' title='bbox 1032 2703 1099 2742; x_wconf 81' lang='lat' dir='ltr'><strong>ex</strong></span> <span class='ocrx_word' id='word_1_327' title='bbox 1146 2688 1232 2754; x_wconf 89' lang='lat' dir='ltr'><strong>iis,</strong></span> <span class='ocrx_word' id='word_1_328' title='bbox 1279 2689 1456 2758; x_wconf 91' lang='lat' dir='ltr'><strong>quise</strong></span> <span class='ocrx_word' id='word_1_329' title='bbox 1488 2701 1683 2760; x_wconf 84' lang='lat' dir='ltr'><strong>gerunt</strong></span> <span class='ocrx_word' id='word_1_330' title='bbox 1713 2691 2003 2760; x_wconf 82' lang='lat' dir='ltr'><strong>improbis-</strong></span> 
     </span>
    </p>
   </div>
   <div class='ocr_carea' id='block_1_45' title="bbox 427 2776 1922 2850">
    <p class='ocr_par' dir='ltr' id='par_1_45' title="bbox 427 2776 1922 2850">
     <span class='ocr_line' id='line_1_45' title="bbox 427 2776 1922 2850; baseline 0.008 -20"><span class='ocrx_word' id='word_1_331' title='bbox 427 2776 584 2841; x_wconf 88' lang='lat' dir='ltr'><strong>sime,</strong></span> <span class='ocrx_word' id='word_1_332' title='bbox 615 2789 788 2848; x_wconf 90' lang='lat' dir='ltr'><strong>posset</strong></span> <span class='ocrx_word' id='word_1_333' title='bbox 824 2794 907 2846; x_wconf 91' lang='lat' dir='ltr'><strong>ea,</strong></span> <span class='ocrx_word' id='word_1_334' title='bbox 937 2795 1038 2850; x_wconf 87' lang='lat' dir='ltr'><strong>qua</strong></span> <span class='ocrx_word' id='word_1_335' title='bbox 1077 2781 1190 2850; x_wconf 81' lang='lat' dir='ltr'><strong>ipsa</strong></span> <span class='ocrx_word' id='word_1_336' title='bbox 1211 2791 1353 2850; x_wconf 88' lang='lat' dir='ltr'><strong>erat,</strong></span> <span class='ocrx_word' id='word_1_337' title='bbox 1381 2797 1501 2838; x_wconf 88' lang='lat' dir='ltr'><strong>esse</strong></span> <span class='ocrx_word' id='word_1_338' title='bbox 1533 2785 1922 2842; x_wconf 87' lang='lat' dir='ltr'><strong>moderatione.</strong></span> 
     </span>
    </p>
   </div>
   <div class='ocr_carea' id='block_1_46' title="bbox 496 2958 1999 3034">
    <p class='ocr_par' dir='ltr' id='par_1_46' title="bbox 496 2958 1999 3034">
     <span class='ocr_line' id='line_1_46' title="bbox 496 2958 1999 3034; baseline 0.006 -21"><span class='ocrx_word' id='word_1_339' title='bbox 496 2958 562 3014; x_wconf 78' lang='grc' dir='ltr'><strong>Χ.</strong></span> <span class='ocrx_word' id='word_1_340' title='bbox 604 2960 667 3014; x_wconf 78' lang='lat' dir='ltr'><strong>Et</strong></span> <span class='ocrx_word' id='word_1_341' title='bbox 697 2970 748 3014; x_wconf 91' lang='lat' dir='ltr'><strong>ut</strong></span> <span class='ocrx_word' id='word_1_342' title='bbox 789 2961 893 3014; x_wconf 85' lang='lat' dir='ltr'><strong>alia</strong></span> <span class='ocrx_word' id='word_1_343' title='bbox 947 2962 1215 3028; x_wconf 80' lang='lat' dir='ltr'><strong>omittam,</strong></span> <span class='ocrx_word' id='word_1_344' title='bbox 1249 2978 1371 3034; x_wconf 77' lang='lat' dir='ltr'><strong>qua:</strong></span> <span class='ocrx_word' id='word_1_345' title='bbox 1415 2963 1669 3020; x_wconf 83' lang='lat' dir='ltr'><strong>all‘errent</strong></span> <span class='ocrx_word' id='word_1_346' title='bbox 1697 2965 1999 3022; x_wconf 82' lang='lat' dir='ltr'><strong>molestiam</strong></span> 
     </span>
    </p>
   </div>
   <div class='ocr_carea' id='block_1_47' title="bbox 425 3043 2002 3129">
    <p class='ocr_par' dir='ltr' id='par_1_47' title="bbox 425 3043 2002 3129">
     <span class='ocr_line' id='line_1_47' title="bbox 425 3043 2002 3129; baseline 0.005 -23"><span class='ocrx_word' id='word_1_347' title='bbox 425 3061 644 3122; x_wconf 84' lang='lat' dir='ltr'><strong>propter</strong></span> <span class='ocrx_word' id='word_1_348' title='bbox 693 3043 1114 3121; x_wconf 66' lang='lat' dir='ltr'><strong>multitudinem,</strong></span> <span class='ocrx_word' id='word_1_349' title='bbox 1165 3069 1229 3110; x_wconf 85' lang='lat' dir='ltr'><strong>ea</strong></span> <span class='ocrx_word' id='word_1_350' title='bbox 1263 3057 1477 3124; x_wconf 83' lang='lat' dir='ltr'><strong>quidem</strong></span> <span class='ocrx_word' id='word_1_351' title='bbox 1516 3069 1683 3120; x_wconf 88' lang='lat' dir='ltr'><strong>certe,</strong></span> <span class='ocrx_word' id='word_1_352' title='bbox 1719 3075 1840 3129; x_wconf 73' lang='lat' dir='ltr'><strong>qua:</strong></span> <span class='ocrx_word' id='word_1_353' title='bbox 1877 3068 2002 3114; x_wconf 89' lang='lat' dir='ltr'><strong>sunt</strong></span> 
     </span>
    </p>
   </div>
   <div class='ocr_carea' id='block_1_48' title="bbox 425 3142 1997 3215">
    <p class='ocr_par' dir='ltr' id='par_1_48' title="bbox 425 3142 1997 3215">
     <span class='ocr_line' id='line_1_48' title="bbox 425 3142 1997 3215; baseline 0.003 -17"><span class='ocrx_word' id='word_1_354' title='bbox 425 3142 542 3208; x_wconf 83' lang='lat' dir='ltr'><strong>eius</strong></span> <span class='ocrx_word' id='word_1_355' title='bbox 575 3144 808 3198; x_wconf 82' lang='lat' dir='ltr'><strong>maxime</strong></span> <span class='ocrx_word' id='word_1_356' title='bbox 853 3144 1070 3213; x_wconf 88' lang='lat' dir='ltr'><strong>propria</strong></span> <span class='ocrx_word' id='word_1_357' title='bbox 1101 3154 1154 3200; x_wconf 90' lang='lat' dir='ltr'><strong>et</strong></span> <span class='ocrx_word' id='word_1_358' title='bbox 1187 3144 1345 3215; x_wconf 86' lang='lat' dir='ltr'><strong>longe</strong></span> <span class='ocrx_word' id='word_1_359' title='bbox 1379 3149 1716 3215; x_wconf 87' lang='lat' dir='ltr'><strong>apertissima</strong></span> <span class='ocrx_word' id='word_1_360' title='bbox 1776 3150 1997 3213; x_wconf 88' lang='lat' dir='ltr'><strong>indicia,</strong></span> 
     </span>
    </p>
   </div>
   <div class='ocr_carea' id='block_1_49' title="bbox 425 3234 1998 3308">
    <p class='ocr_par' dir='ltr' id='par_1_49' title="bbox 425 3234 1998 3308">
     <span class='ocr_line' id='line_1_49' title="bbox 425 3234 1998 3308; baseline 0.004 -20"><span class='ocrx_word' id='word_1_361' title='bbox 425 3235 632 3288; x_wconf 82' lang='lat' dir='ltr'><strong>tradam</strong></span> <span class='ocrx_word' id='word_1_362' title='bbox 669 3234 772 3302; x_wconf 92' lang='lat' dir='ltr'><strong>piis</strong></span> <span class='ocrx_word' id='word_1_363' title='bbox 808 3235 1026 3302; x_wconf 88' lang='lat' dir='ltr'><strong>animis,</strong></span> <span class='ocrx_word' id='word_1_364' title='bbox 1078 3251 1269 3306; x_wconf 88' lang='lat' dir='ltr'><strong>nempe</strong></span> <span class='ocrx_word' id='word_1_365' title='bbox 1326 3237 1590 3308; x_wconf 79' lang='lat' dir='ltr'><strong>insignem</strong></span> <span class='ocrx_word' id='word_1_366' title='bbox 1627 3240 1998 3294; x_wconf 82' lang='lat' dir='ltr'><strong>mansuetudi-</strong></span> 
     </span>
    </p>
   </div>
   <div class='ocr_carea' id='block_1_50' title="bbox 425 3327 1999 3400">
    <p class='ocr_par' dir='ltr' id='par_1_50' title="bbox 425 3327 1999 3400">
     <span class='ocr_line' id='line_1_50' title="bbox 425 3327 1999 3400; baseline 0.004 -20"><span class='ocrx_word' id='word_1_367' title='bbox 425 3340 549 3380; x_wconf 90' lang='lat' dir='ltr'><strong>nem</strong></span> <span class='ocrx_word' id='word_1_368' title='bbox 579 3327 801 3394; x_wconf 89' lang='lat' dir='ltr'><strong>etquod</strong></span> <span class='ocrx_word' id='word_1_369' title='bbox 844 3327 1044 3381; x_wconf 90' lang='lat' dir='ltr'><strong>nemini</strong></span> <span class='ocrx_word' id='word_1_370' title='bbox 1081 3343 1315 3400; x_wconf 88' lang='lat' dir='ltr'><strong>unquam</strong></span> <span class='ocrx_word' id='word_1_371' title='bbox 1363 3331 1476 3382; x_wconf 86' lang='lat' dir='ltr'><strong>visa</strong></span> <span class='ocrx_word' id='word_1_372' title='bbox 1507 3331 1574 3384; x_wconf 89' lang='lat' dir='ltr'><strong>sit</strong></span> <span class='ocrx_word' id='word_1_373' title='bbox 1601 3330 1734 3384; x_wconf 87' lang='lat' dir='ltr'><strong>irata</strong></span> <span class='ocrx_word' id='word_1_374' title='bbox 1769 3349 1782 3386; x_wconf 89' lang='lat'><strong>:</strong></span> <span class='ocrx_word' id='word_1_375' title='bbox 1819 3333 1999 3386; x_wconf 92' lang='lat' dir='ltr'><strong>chari-</strong></span> 
     </span>
    </p>
   </div>
   <div class='ocr_carea' id='block_1_51' title="bbox 427 3424 1995 3493">
    <p class='ocr_par' dir='ltr' id='par_1_51' title="bbox 427 3424 1995 3493">
     <span class='ocr_line' id='line_1_51' title="bbox 427 3424 1995 3493; baseline 0.005 -21"><span class='ocrx_word' id='word_1_376' title='bbox 427 3429 607 3485; x_wconf 88' lang='lat' dir='ltr'><strong>tatem,</strong></span> <span class='ocrx_word' id='word_1_377' title='bbox 643 3435 760 3490; x_wconf 72' lang='lat' dir='ltr'><strong>quae</strong></span> <span class='ocrx_word' id='word_1_378' title='bbox 794 3436 1010 3477; x_wconf 87' lang='lat' dir='ltr'><strong>sorores</strong></span> <span class='ocrx_word' id='word_1_379' title='bbox 1047 3437 1259 3477; x_wconf 89' lang='lat' dir='ltr'><strong>summo</strong></span> <span class='ocrx_word' id='word_1_380' title='bbox 1295 3424 1756 3493; x_wconf 82' lang='lat' dir='ltr'><strong>complectebatur</strong></span> <span class='ocrx_word' id='word_1_381' title='bbox 1791 3441 1995 3490; x_wconf 85' lang='lat' dir='ltr'><strong>amore,</strong></span> 
     </span>
    </p>
   </div>
   <div class='ocr_carea' id='block_1_52' title="bbox 420 3516 1995 3589">
    <p class='ocr_par' dir='ltr' id='par_1_52' title="bbox 420 3516 1995 3589">
     <span class='ocr_line' id='line_1_52' title="bbox 420 3516 1995 3589; baseline 0.002 -21"><span class='ocrx_word' id='word_1_382' title='bbox 420 3525 477 3569; x_wconf 89' lang='lat' dir='ltr'><strong>et</strong></span> <span class='ocrx_word' id='word_1_383' title='bbox 515 3529 702 3568; x_wconf 91' lang='lat' dir='ltr'><strong>earum</strong></span> <span class='ocrx_word' id='word_1_384' title='bbox 750 3529 937 3568; x_wconf 85' lang='lat' dir='ltr'><strong>curam</strong></span> <span class='ocrx_word' id='word_1_385' title='bbox 991 3517 1216 3585; x_wconf 76' lang='lat' dir='ltr'><strong>gerebat</strong></span> <span class='ocrx_word' id='word_1_386' title='bbox 1252 3516 1469 3572; x_wconf 87' lang='lat' dir='ltr'><strong>:inanis</strong></span> <span class='ocrx_word' id='word_1_387' title='bbox 1522 3516 1706 3585; x_wconf 63' lang='lat' dir='ltr'><strong>glorias</strong></span> <span class='ocrx_word' id='word_1_388' title='bbox 1743 3534 1995 3589; x_wconf 83' lang='lat' dir='ltr'><strong>magnum</strong></span> 
     </span>
    </p>
   </div>
   <div class='ocr_carea' id='block_1_53' title="bbox 422 3606 1994 3679">
    <p class='ocr_par' dir='ltr' id='par_1_53' title="bbox 422 3606 1994 3679">
     <span class='ocr_line' id='line_1_53' title="bbox 422 3606 1994 3679; baseline 0.001 -19"><span class='ocrx_word' id='word_1_389' title='bbox 422 3606 626 3670; x_wconf 91' lang='lat' dir='ltr'><strong>odium,</strong></span> <span class='ocrx_word' id='word_1_390' title='bbox 669 3606 1130 3674; x_wconf 84' lang='lat' dir='ltr'><strong>indumentorum,</strong></span> <span class='ocrx_word' id='word_1_391' title='bbox 1166 3624 1286 3679; x_wconf 77' lang='lat' dir='ltr'><strong>qtne</strong></span> <span class='ocrx_word' id='word_1_392' title='bbox 1324 3609 1409 3663; x_wconf 90' lang='lat' dir='ltr'><strong>vel</strong></span> <span class='ocrx_word' id='word_1_393' title='bbox 1444 3610 1624 3664; x_wconf 73' lang='lat' dir='ltr'><strong>idiota:</strong></span> <span class='ocrx_word' id='word_1_394' title='bbox 1657 3612 1994 3676; x_wconf 89' lang='lat' dir='ltr'><strong>conveniret,</strong></span> 
     </span>
    </p>
   </div>
   <div class='ocr_carea' id='block_1_54' title="bbox 423 3696 1996 3772">
    <p class='ocr_par' dir='ltr' id='par_1_54' title="bbox 423 3696 1996 3772">
     <span class='ocr_line' id='line_1_54' title="bbox 423 3696 1996 3772; baseline 0.004 -22"><span class='ocrx_word' id='word_1_395' title='bbox 423 3696 732 3763; x_wconf 89' lang='lat' dir='ltr'><strong>utilitatem,</strong></span> <span class='ocrx_word' id='word_1_396' title='bbox 782 3709 838 3752; x_wconf 91' lang='lat' dir='ltr'><strong>et</strong></span> <span class='ocrx_word' id='word_1_397' title='bbox 875 3699 960 3752; x_wconf 92' lang='lat' dir='ltr'><strong>cui</strong></span> <span class='ocrx_word' id='word_1_398' title='bbox 999 3700 1198 3755; x_wconf 90' lang='lat' dir='ltr'><strong>nullius</strong></span> <span class='ocrx_word' id='word_1_399' title='bbox 1227 3703 1429 3768; x_wconf 62' lang='lat' dir='ltr'><strong>aequari</strong></span> <span class='ocrx_word' id='word_1_400' title='bbox 1479 3711 1676 3771; x_wconf 86' lang='lat' dir='ltr'><strong>posset,</strong></span> <span class='ocrx_word' id='word_1_401' title='bbox 1715 3703 1996 3772; x_wconf 80' lang='lat' dir='ltr'><strong>frugalita-</strong></span> 
     </span>
    </p>
   </div>
   <div class='ocr_carea' id='block_1_55' title="bbox 421 3786 1993 3860">
    <p class='ocr_par' dir='ltr' id='par_1_55' title="bbox 421 3786 1993 3860">
     <span class='ocr_line' id='line_1_55' title="bbox 421 3786 1993 3860; baseline 0.006 -21"><span class='ocrx_word' id='word_1_402' title='bbox 421 3796 529 3842; x_wconf 91' lang='lat' dir='ltr'><strong>tem</strong></span> <span class='ocrx_word' id='word_1_403' title='bbox 561 3803 576 3841; x_wconf 93' lang='lat'><strong>:</strong></span> <span class='ocrx_word' id='word_1_404' title='bbox 606 3786 739 3843; x_wconf 88' lang='lat' dir='ltr'><strong>tales</strong></span> <span class='ocrx_word' id='word_1_405' title='bbox 765 3789 908 3842; x_wconf 90' lang='lat' dir='ltr'><strong>enim</strong></span> <span class='ocrx_word' id='word_1_406' title='bbox 935 3798 1088 3848; x_wconf 89' lang='lat' dir='ltr'><strong>erant</strong></span> <span class='ocrx_word' id='word_1_407' title='bbox 1120 3791 1350 3860; x_wconf 76' lang='lat' dir='ltr'><strong>egregia:</strong></span> <span class='ocrx_word' id='word_1_408' title='bbox 1374 3790 1518 3846; x_wconf 82' lang='lat' dir='ltr'><strong>illius</strong></span> <span class='ocrx_word' id='word_1_409' title='bbox 1546 3791 1768 3860; x_wconf 83' lang='lat' dir='ltr'><strong>virginis</strong></span> <span class='ocrx_word' id='word_1_410' title='bbox 1797 3803 1993 3857; x_wconf 84' lang='lat' dir='ltr'><strong>vestes,</strong></span> 
     </span>
    </p>
   </div>
   <div class='ocr_carea' id='block_1_56' title="bbox 420 3878 1997 3952">
    <p class='ocr_par' dir='ltr' id='par_1_56' title="bbox 420 3878 1997 3952">
     <span class='ocr_line' id='line_1_56' title="bbox 420 3878 1997 3952; baseline 0.006 -22"><span class='ocrx_word' id='word_1_411' title='bbox 420 3878 608 3948; x_wconf 88' lang='lat' dir='ltr'><strong>quales</strong></span> <span class='ocrx_word' id='word_1_412' title='bbox 633 3880 714 3933; x_wconf 85' lang='lat' dir='ltr'><strong>vel</strong></span> <span class='ocrx_word' id='word_1_413' title='bbox 739 3895 804 3934; x_wconf 80' lang='lat' dir='ltr'><strong>ex</strong></span> <span class='ocrx_word' id='word_1_414' title='bbox 833 3881 922 3944; x_wconf 89' lang='lat' dir='ltr'><strong>iis,</strong></span> <span class='ocrx_word' id='word_1_415' title='bbox 953 3882 1042 3950; x_wconf 91' lang='lat' dir='ltr'><strong>qui</strong></span> <span class='ocrx_word' id='word_1_416' title='bbox 1076 3881 1130 3935; x_wconf 89' lang='lat' dir='ltr'><strong>in</strong></span> <span class='ocrx_word' id='word_1_417' title='bbox 1163 3881 1282 3936; x_wconf 80' lang='lat' dir='ltr'><strong>foro</strong></span> <span class='ocrx_word' id='word_1_418' title='bbox 1310 3883 1642 3948; x_wconf 86' lang='lat' dir='ltr'><strong>mendicant,</strong></span> <span class='ocrx_word' id='word_1_419' title='bbox 1677 3883 1997 3952; x_wconf 74' lang='lat' dir='ltr'><strong>dedignatus</strong></span> 
     </span>
    </p>
   </div>
   <div class='ocr_carea' id='block_1_57' title="bbox 421 3965 1992 4037">
    <p class='ocr_par' dir='ltr' id='par_1_57' title="bbox 421 3965 1992 4037">
     <span class='ocr_line' id='line_1_57' title="bbox 421 3965 1992 4037; baseline 0.007 -19"><span class='ocrx_word' id='word_1_420' title='bbox 421 3973 563 4019; x_wconf 83' lang='lat' dir='ltr'><strong>esset</strong></span> <span class='ocrx_word' id='word_1_421' title='bbox 604 3965 800 4033; x_wconf 80' lang='lat' dir='ltr'><strong>aliquis</strong></span> <span class='ocrx_word' id='word_1_422' title='bbox 831 3967 1000 4021; x_wconf 88' lang='lat' dir='ltr'><strong>videri</strong></span> <span class='ocrx_word' id='word_1_423' title='bbox 1030 3976 1243 4037; x_wconf 85' lang='lat' dir='ltr'><strong>gestare</strong></span> <span class='ocrx_word' id='word_1_424' title='bbox 1273 3985 1288 4022; x_wconf 86' lang='lat'><strong>:</strong></span> <span class='ocrx_word' id='word_1_425' title='bbox 1322 3971 1504 4024; x_wconf 86' lang='lat' dir='ltr'><strong>cordis</strong></span> <span class='ocrx_word' id='word_1_426' title='bbox 1529 3985 1797 4027; x_wconf 86' lang='lat' dir='ltr'><strong>summam</strong></span> <span class='ocrx_word' id='word_1_427' title='bbox 1841 3983 1992 4029; x_wconf 66' lang='lat' dir='ltr'><strong>trano</strong></span> 
     </span>
    </p>
   </div>
   <div class='ocr_carea' id='block_1_58' title="bbox 423 4057 1998 4136">
    <p class='ocr_par' dir='ltr' id='par_1_58' title="bbox 423 4057 1998 4136">
     <span class='ocr_line' id='line_1_58' title="bbox 423 4057 1998 4136; baseline 0.01 -28"><span class='ocrx_word' id='word_1_428' title='bbox 423 4057 744 4126; x_wconf 88' lang='lat' dir='ltr'><strong>quillitatem</strong></span> <span class='ocrx_word' id='word_1_429' title='bbox 770 4069 823 4112; x_wconf 83' lang='lat' dir='ltr'><strong>et</strong></span> <span class='ocrx_word' id='word_1_430' title='bbox 850 4060 1219 4124; x_wconf 87' lang='lat' dir='ltr'><strong>serenitatem,</strong></span> <span class='ocrx_word' id='word_1_431' title='bbox 1244 4077 1362 4132; x_wconf 71' lang='lat' dir='ltr'><strong>qua:</strong></span> <span class='ocrx_word' id='word_1_432' title='bbox 1386 4063 1450 4116; x_wconf 90' lang='lat' dir='ltr'><strong>ad</strong></span> <span class='ocrx_word' id='word_1_433' title='bbox 1473 4063 1795 4132; x_wconf 81' lang='lat' dir='ltr'><strong>profundum</strong></span> <span class='ocrx_word' id='word_1_434' title='bbox 1827 4081 1998 4136; x_wconf 89' lang='lat' dir='ltr'><strong>usque</strong></span> 
     </span>
    </p>
   </div>
   <div class='ocr_carea' id='block_1_59' title="bbox 419 4149 1998 4227">
    <p class='ocr_par' dir='ltr' id='par_1_59' title="bbox 419 4149 1998 4227">
     <span class='ocr_line' id='line_1_59' title="bbox 419 4149 1998 4227; baseline 0.009 -26"><span class='ocrx_word' id='word_1_435' title='bbox 419 4149 555 4205; x_wconf 85' lang='lat' dir='ltr'><strong>adeo</strong></span> <span class='ocrx_word' id='word_1_436' title='bbox 587 4163 946 4220; x_wconf 85' lang='lat' dir='ltr'><strong>processerat,</strong></span> <span class='ocrx_word' id='word_1_437' title='bbox 981 4160 1035 4208; x_wconf 91' lang='lat' dir='ltr'><strong>et</strong></span> <span class='ocrx_word' id='word_1_438' title='bbox 1066 4169 1185 4209; x_wconf 90' lang='lat' dir='ltr'><strong>eam</strong></span> <span class='ocrx_word' id='word_1_439' title='bbox 1232 4167 1514 4226; x_wconf 87' lang='lat' dir='ltr'><strong>acceperat</strong></span> <span class='ocrx_word' id='word_1_440' title='bbox 1560 4159 1898 4227; x_wconf 87' lang='lat' dir='ltr'><strong>qualitatem,</strong></span> <span class='ocrx_word' id='word_1_441' title='bbox 1940 4171 1998 4216; x_wconf 94' lang='lat' dir='ltr'><strong>ut</strong></span> 
     </span>
    </p>
   </div>
   <div class='ocr_carea' id='block_1_60' title="bbox 421 4245 1990 4323">
    <p class='ocr_par' dir='ltr' id='par_1_60' title="bbox 421 4245 1990 4323">
     <span class='ocr_line' id='line_1_60' title="bbox 421 4245 1990 4323; baseline 0.008 -29"><span class='ocrx_word' id='word_1_442' title='bbox 421 4257 484 4295; x_wconf 79' lang='lat' dir='ltr'><strong>ex</strong></span> <span class='ocrx_word' id='word_1_443' title='bbox 508 4251 734 4298; x_wconf 80' lang='lat' dir='ltr'><strong>externo</strong></span> <span class='ocrx_word' id='word_1_444' title='bbox 766 4245 950 4300; x_wconf 89' lang='lat' dir='ltr'><strong>habitu</strong></span> <span class='ocrx_word' id='word_1_445' title='bbox 979 4255 1124 4302; x_wconf 88' lang='lat' dir='ltr'><strong>esset</strong></span> <span class='ocrx_word' id='word_1_446' title='bbox 1153 4248 1393 4302; x_wconf 87' lang='lat' dir='ltr'><strong>evidens.</strong></span> <span class='ocrx_word' id='word_1_447' title='bbox 1430 4248 1708 4306; x_wconf 88' lang='lat' dir='ltr'><strong>Postremo</strong></span> <span class='ocrx_word' id='word_1_448' title='bbox 1735 4252 1809 4317; x_wconf 90' lang='lat' dir='ltr'><strong>id,</strong></span> <span class='ocrx_word' id='word_1_449' title='bbox 1846 4255 1990 4323; x_wconf 88' lang='lat' dir='ltr'><strong>quod</strong></span> 
     </span>
    </p>
   </div>
   <div class='ocr_carea' id='block_1_61' title="bbox 421 4336 1993 4417">
    <p class='ocr_par' dir='ltr' id='par_1_61' title="bbox 421 4336 1993 4417">
     <span class='ocr_line' id='line_1_61' title="bbox 421 4336 1993 4417; baseline 0.009 -30"><span class='ocrx_word' id='word_1_450' title='bbox 421 4345 538 4391; x_wconf 85' lang='lat' dir='ltr'><strong>erat</strong></span> <span class='ocrx_word' id='word_1_451' title='bbox 568 4336 958 4404; x_wconf 79' lang='lat' dir='ltr'><strong>praeferendum</strong></span> <span class='ocrx_word' id='word_1_452' title='bbox 993 4341 1228 4406; x_wconf 63' lang='lat' dir='ltr'><strong>ceteris,</strong></span> <span class='ocrx_word' id='word_1_453' title='bbox 1264 4343 1404 4410; x_wconf 82' lang='lat' dir='ltr'><strong>quod</strong></span> <span class='ocrx_word' id='word_1_454' title='bbox 1435 4355 1582 4398; x_wconf 84' lang='lat' dir='ltr'><strong>esset</strong></span> <span class='ocrx_word' id='word_1_455' title='bbox 1611 4359 1827 4414; x_wconf 87' lang='lat' dir='ltr'><strong>semper</strong></span> <span class='ocrx_word' id='word_1_456' title='bbox 1848 4347 1993 4417; x_wconf 79' lang='lat' dir='ltr'><strong>cogi-</strong></span> 
     </span>
    </p>
   </div>
   <div class='ocr_carea' id='block_1_62' title="bbox 423 4427 1996 4507">
    <p class='ocr_par' dir='ltr' id='par_1_62' title="bbox 423 4427 1996 4507">
     <span class='ocr_line' id='line_1_62' title="bbox 423 4427 1996 4507; baseline 0.006 -25"><span class='ocrx_word' id='word_1_457' title='bbox 423 4427 656 4483; x_wconf 76' lang='lat' dir='ltr'><strong>tabunda</strong></span> <span class='ocrx_word' id='word_1_458' title='bbox 692 4439 747 4484; x_wconf 89' lang='lat' dir='ltr'><strong>et</strong></span> <span class='ocrx_word' id='word_1_459' title='bbox 777 4440 1004 4497; x_wconf 88' lang='lat' dir='ltr'><strong>attenta,</strong></span> <span class='ocrx_word' id='word_1_460' title='bbox 1031 4441 1086 4485; x_wconf 89' lang='lat' dir='ltr'><strong>et</strong></span> <span class='ocrx_word' id='word_1_461' title='bbox 1123 4430 1279 4499; x_wconf 86' lang='lat' dir='ltr'><strong>plano</strong></span> <span class='ocrx_word' id='word_1_462' title='bbox 1312 4431 1605 4501; x_wconf 87' lang='lat' dir='ltr'><strong>ejusmodi,</strong></span> <span class='ocrx_word' id='word_1_463' title='bbox 1642 4447 1698 4489; x_wconf 89' lang='lat' dir='ltr'><strong>ut</strong></span> <span class='ocrx_word' id='word_1_464' title='bbox 1727 4452 1832 4491; x_wconf 92' lang='lat' dir='ltr'><strong>non</strong></span> <span class='ocrx_word' id='word_1_465' title='bbox 1865 4454 1996 4507; x_wconf 77' lang='lat' dir='ltr'><strong>gau-</strong></span> 
     </span>
    </p>
   </div>
   <div class='ocr_carea' id='block_1_63' title="bbox 2114 1944 3675 2026">
    <p class='ocr_par' dir='ltr' id='par_1_63' title="bbox 2114 1944 3675 2026">
     <span class='ocr_line' id='line_1_63' title="bbox 2114 1944 3675 2026; baseline 0.002 -21"><span class='ocrx_word' id='word_1_466' title='bbox 2114 1953 2260 2005; x_wconf 80' lang='grc' dir='ltr'>ἐστιν</span> <span class='ocrx_word' id='word_1_467' title='bbox 2299 1951 2357 2015; x_wconf 79' lang='grc' dir='ltr'>ἐξ</span> <span class='ocrx_word' id='word_1_468' title='bbox 2389 1944 2465 2005; x_wconf 68' lang='grc' dir='ltr'>ἄν</span> <span class='ocrx_word' id='word_1_469' title='bbox 2501 1955 2568 2023; x_wconf 84' lang='grc' dir='ltr'>τῇ</span> <span class='ocrx_word' id='word_1_470' title='bbox 2600 1952 2732 2024; x_wconf 80' lang='grc' dir='ltr'>εὑχῇ</span> <span class='ocrx_word' id='word_1_471' title='bbox 2759 1952 3006 2024; x_wconf 80' lang='grc' dir='ltr'><strong>συνήθως</strong></span> <span class='ocrx_word' id='word_1_472' title='bbox 3040 1953 3239 2025; x_wconf 75' lang='grc' dir='ltr'>ἑαυτὴν</span> <span class='ocrx_word' id='word_1_473' title='bbox 3292 1955 3675 2026; x_wconf 72' lang='grc' dir='ltr'><strong>ἐπιτρέπουσα,</strong></span> 
     </span>
    </p>
   </div>
   <div class='ocr_carea' id='block_1_64' title="bbox 2109 2043 3676 2118">
    <p class='ocr_par' dir='ltr' id='par_1_64' title="bbox 2109 2043 3676 2118">
     <span class='ocr_line' id='line_1_64' title="bbox 2109 2043 3676 2118; baseline 0.004 -22"><span class='ocrx_word' id='word_1_474' title='bbox 2109 2043 2263 2114; x_wconf 63' lang='lat' dir='ltr'><strong>ww</strong></span> <span class='ocrx_word' id='word_1_475' title='bbox 2297 2045 2430 2114; x_wconf 75' lang='grc' dir='ltr'>πρὸς</span> <span class='ocrx_word' id='word_1_476' title='bbox 2461 2044 2671 2114; x_wconf 79' lang='grc' dir='ltr'>δυσμὰς</span> <span class='ocrx_word' id='word_1_477' title='bbox 2717 2045 2888 2110; x_wconf 79' lang='grc' dir='ltr'>δντος,</span> <span class='ocrx_word' id='word_1_478' title='bbox 2918 2046 2980 2098; x_wconf 91' lang='grc' dir='ltr'><strong>οὑ</strong></span> <span class='ocrx_word' id='word_1_479' title='bbox 3034 2045 3299 2117; x_wconf 81' lang='grc' dir='ltr'>πρότερον</span> <span class='ocrx_word' id='word_1_480' title='bbox 3331 2045 3366 2118; x_wconf 75' lang='grc' dir='ltr'>ἢ</span> <span class='ocrx_word' id='word_1_481' title='bbox 3399 2048 3502 2111; x_wconf 81' lang='grc' dir='ltr'><strong>τὰς</strong></span> <span class='ocrx_word' id='word_1_482' title='bbox 3530 2048 3676 2102; x_wconf 77' lang='grc' dir='ltr'>ἀδελ-</span> 
     </span>
    </p>
   </div>
   <div class='ocr_carea' id='block_1_65' title="bbox 2110 2136 3675 2211">
    <p class='ocr_par' dir='ltr' id='par_1_65' title="bbox 2110 2136 3675 2211">
     <span class='ocr_line' id='line_1_65' title="bbox 2110 2136 3675 2211; baseline 0.004 -24"><span class='ocrx_word' id='word_1_483' title='bbox 2110 2136 2215 2204; x_wconf 80' lang='grc' dir='ltr'><strong>φάς</strong></span> <span class='ocrx_word' id='word_1_484' title='bbox 2247 2136 2520 2189; x_wconf 82' lang='grc' dir='ltr'>συνελθεῖν</span> <span class='ocrx_word' id='word_1_485' title='bbox 2550 2136 2683 2207; x_wconf 77' lang='grc' dir='ltr'>περὶ</span> <span class='ocrx_word' id='word_1_486' title='bbox 2716 2137 2815 2198; x_wconf 80' lang='grc' dir='ltr'><strong>τὰς</strong></span> <span class='ocrx_word' id='word_1_487' title='bbox 2863 2137 2956 2190; x_wconf 87' lang='grc' dir='ltr'><strong>τοῦ</strong></span> <span class='ocrx_word' id='word_1_488' title='bbox 2996 2137 3198 2209; x_wconf 75' lang='grc' dir='ltr'>ὄρθρου</span> <span class='ocrx_word' id='word_1_489' title='bbox 3224 2138 3370 2210; x_wconf 80' lang='grc' dir='ltr'>ᾠδὰς</span> <span class='ocrx_word' id='word_1_490' title='bbox 3429 2138 3556 2193; x_wconf 68' lang='grc' dir='ltr'>ἔλυε</span> <span class='ocrx_word' id='word_1_491' title='bbox 3585 2139 3675 2211; x_wconf 71' lang='grc' dir='ltr'>τὴν</span> 
     </span>
    </p>
   </div>
   <div class='ocr_carea' id='block_1_66' title="bbox 2108 2226 3672 2301">
    <p class='ocr_par' dir='ltr' id='par_1_66' title="bbox 2108 2226 3672 2301">
     <span class='ocr_line' id='line_1_66' title="bbox 2108 2226 3672 2301; baseline 0.004 -22"><span class='ocrx_word' id='word_1_492' title='bbox 2108 2227 2305 2296; x_wconf 72' lang='grc' dir='ltr'>εὐχήν·</span> <span class='ocrx_word' id='word_1_493' title='bbox 2341 2226 2457 2280; x_wconf 78' lang='grc' dir='ltr'>ἀλλ’</span> <span class='ocrx_word' id='word_1_494' title='bbox 2479 2226 2651 2290; x_wconf 82' lang='grc' dir='ltr'>οὑτως</span> <span class='ocrx_word' id='word_1_495' title='bbox 2679 2227 2774 2281; x_wconf 78' lang='grc' dir='ltr'>ὑπ’</span> <span class='ocrx_word' id='word_1_496' title='bbox 2810 2227 2992 2283; x_wconf 74' lang='grc' dir='ltr'>αὐτῶν</span> <span class='ocrx_word' id='word_1_497' title='bbox 3039 2228 3186 2282; x_wconf 88' lang='grc' dir='ltr'>ἐστιν</span> <span class='ocrx_word' id='word_1_498' title='bbox 3214 2228 3303 2281; x_wconf 76' lang='grc' dir='ltr'>ὅτε</span> <span class='ocrx_word' id='word_1_499' title='bbox 3333 2229 3672 2301; x_wconf 70' lang='grc' dir='ltr'>κατελαμσαο</span> 
     </span>
    </p>
   </div>
   <div class='ocr_carea' id='block_1_67' title="bbox 2107 2317 3669 2392">
    <p class='ocr_par' dir='ltr' id='par_1_67' title="bbox 2107 2317 3669 2392">
     <span class='ocr_line' id='line_1_67' title="bbox 2107 2317 3669 2392; baseline 0.002 -23"><span class='ocrx_word' id='word_1_500' title='bbox 2107 2335 2227 2370; x_wconf 86' lang='grc' dir='ltr'>νετο</span> <span class='ocrx_word' id='word_1_501' title='bbox 2257 2317 2469 2388; x_wconf 75' lang='grc' dir='ltr'>ἠρμένη</span> <span class='ocrx_word' id='word_1_502' title='bbox 2507 2319 2604 2381; x_wconf 78' lang='grc' dir='ltr'>τὰς</span> <span class='ocrx_word' id='word_1_503' title='bbox 2651 2321 2862 2390; x_wconf 81' lang='grc' dir='ltr'>χεῖρας.</span> <span class='ocrx_word' id='word_1_504' title='bbox 2898 2317 3121 2372; x_wconf 82' lang='grc' dir='ltr'>Ἀλλοτε</span> <span class='ocrx_word' id='word_1_505' title='bbox 3157 2317 3216 2371; x_wconf 84' lang='grc' dir='ltr'><strong>δέ</strong></span> <span class='ocrx_word' id='word_1_506' title='bbox 3242 2319 3323 2382; x_wconf 87' lang='grc' dir='ltr'><strong>είς</strong></span> <span class='ocrx_word' id='word_1_507' title='bbox 3344 2319 3586 2392; x_wconf 78' lang='grc' dir='ltr'>ἑσπέραν</span> <span class='ocrx_word' id='word_1_508' title='bbox 3613 2323 3669 2392; x_wconf 79' lang='grc' dir='ltr'><strong>τῇ</strong></span> 
     </span>
    </p>
   </div>
   <div class='ocr_carea' id='block_1_68' title="bbox 2107 2404 3671 2482">
    <p class='ocr_par' dir='ltr' id='par_1_68' title="bbox 2107 2404 3671 2482">
     <span class='ocr_line' id='line_1_68' title="bbox 2107 2404 3671 2482; baseline 0.001 -21"><span class='ocrx_word' id='word_1_509' title='bbox 2107 2411 2176 2480; x_wconf 76' lang='grc' dir='ltr'>γῇ</span> <span class='ocrx_word' id='word_1_510' title='bbox 2216 2409 2284 2461; x_wconf 58' lang='grc' dir='ltr'><strong>τι</strong></span> <span class='ocrx_word' id='word_1_511' title='bbox 2321 2409 2519 2478; x_wconf 74' lang='grc' dir='ltr'>γόνατα</span> <span class='ocrx_word' id='word_1_512' title='bbox 2545 2409 2741 2464; x_wconf 79' lang='grc' dir='ltr'>δοῦσαν</span> <span class='ocrx_word' id='word_1_513' title='bbox 2762 2409 2906 2481; x_wconf 83' lang='grc' dir='ltr'><strong>ήόλη</strong></span> <span class='ocrx_word' id='word_1_514' title='bbox 2947 2410 3042 2476; x_wconf 77' lang='grc' dir='ltr'><strong>νὺξ</strong></span> <span class='ocrx_word' id='word_1_515' title='bbox 3075 2411 3244 2480; x_wconf 86' lang='grc' dir='ltr'>αὑτὴν</span> <span class='ocrx_word' id='word_1_516' title='bbox 3278 2404 3393 2481; x_wconf 70' lang='grc' dir='ltr'>εἶχε</span> <span class='ocrx_word' id='word_1_517' title='bbox 3420 2411 3671 2482; x_wconf 72' lang='grc' dir='ltr'>κειμένην</span> 
     </span>
    </p>
   </div>
   <div class='ocr_carea' id='block_1_69' title="bbox 2105 2501 3668 2576">
    <p class='ocr_par' dir='ltr' id='par_1_69' title="bbox 2105 2501 3668 2576">
     <span class='ocr_line' id='line_1_69' title="bbox 2105 2501 3668 2576; baseline 0.001 -21"><span class='ocrx_word' id='word_1_518' title='bbox 2105 2501 2248 2555; x_wconf 80' lang='grc' dir='ltr'>οὑτω</span> <span class='ocrx_word' id='word_1_519' title='bbox 2287 2506 2378 2556; x_wconf 77' lang='grc' dir='ltr'>καὶ</span> <span class='ocrx_word' id='word_1_520' title='bbox 2427 2502 2741 2568; x_wconf 88' lang='grc' dir='ltr'>κλαίουσαν,</span> <span class='ocrx_word' id='word_1_521' title='bbox 2767 2504 2861 2558; x_wconf 73' lang='grc' dir='ltr'>καὶ</span> <span class='ocrx_word' id='word_1_522' title='bbox 2909 2503 3028 2574; x_wconf 80' lang='grc' dir='ltr'><strong>Θεῴ</strong></span> <span class='ocrx_word' id='word_1_523' title='bbox 3064 2503 3285 2573; x_wconf 83' lang='grc' dir='ltr'>θερμῶς</span> <span class='ocrx_word' id='word_1_524' title='bbox 3337 2501 3668 2576; x_wconf 77' lang='grc' dir='ltr'>εὐχομένηνο</span> 
     </span>
    </p>
   </div>
   <div class='ocr_carea' id='block_1_70' title="bbox 2106 2593 3666 2667">
    <p class='ocr_par' dir='ltr' id='par_1_70' title="bbox 2106 2593 3666 2667">
     <span class='ocr_line' id='line_1_70' title="bbox 2106 2593 3666 2667; baseline 0.001 -19"><span class='ocrx_word' id='word_1_525' title='bbox 2106 2595 2199 2648; x_wconf 80' lang='grc' dir='ltr'>καὶ</span> <span class='ocrx_word' id='word_1_526' title='bbox 2229 2594 2256 2647; x_wconf 85' lang='grc' dir='ltr'><strong>ὃ</strong></span> <span class='ocrx_word' id='word_1_527' title='bbox 2284 2596 2502 2648; x_wconf 64' lang='grc' dir='ltr'>πάντων</span> <span class='ocrx_word' id='word_1_528' title='bbox 2545 2593 2846 2665; x_wconf 71' lang='grc' dir='ltr'>Θαυμάζειν</span> <span class='ocrx_word' id='word_1_529' title='bbox 2884 2594 3055 2659; x_wconf 77' lang='grc' dir='ltr'>ἄξιον,</span> <span class='ocrx_word' id='word_1_530' title='bbox 3091 2595 3172 2648; x_wconf 86' lang='grc' dir='ltr'>ὃτι</span> <span class='ocrx_word' id='word_1_531' title='bbox 3203 2596 3446 2650; x_wconf 84' lang='grc' dir='ltr'>τοιοῦτον</span> <span class='ocrx_word' id='word_1_532' title='bbox 3498 2598 3666 2667; x_wconf 81' lang='grc' dir='ltr'>ἐκείνη</span> 
     </span>
    </p>
   </div>
   <div class='ocr_carea' id='block_1_71' title="bbox 2107 2681 3669 2758">
    <p class='ocr_par' dir='ltr' id='par_1_71' title="bbox 2107 2681 3669 2758">
     <span class='ocr_line' id='line_1_71' title="bbox 2107 2681 3669 2758; baseline 0.002 -21"><span class='ocrx_word' id='word_1_533' title='bbox 2107 2685 2221 2755; x_wconf 84' lang='grc' dir='ltr'>βίον</span> <span class='ocrx_word' id='word_1_534' title='bbox 2249 2685 2489 2739; x_wconf 80' lang='grc' dir='ltr'>ἀσκοῦσα</span> <span class='ocrx_word' id='word_1_535' title='bbox 2510 2685 2748 2739; x_wconf 85' lang='grc' dir='ltr'>τοιοῦτον</span> <span class='ocrx_word' id='word_1_536' title='bbox 2773 2681 2884 2756; x_wconf 81' lang='grc' dir='ltr'>εἶχε</span> <span class='ocrx_word' id='word_1_537' title='bbox 2905 2687 2964 2739; x_wconf 79' lang='grc' dir='ltr'><strong>τὸ</strong></span> <span class='ocrx_word' id='word_1_538' title='bbox 2995 2688 3252 2758; x_wconf 75' lang='grc' dir='ltr'>φρόνημα</span> <span class='ocrx_word' id='word_1_539' title='bbox 3281 2687 3559 2751; x_wconf 75' lang='grc' dir='ltr'>ταπεινὸν,</span> <span class='ocrx_word' id='word_1_540' title='bbox 3603 2689 3669 2750; x_wconf 79' lang='grc' dir='ltr'><strong>ὡς</strong></span> 
     </span>
    </p>
   </div>
   <div class='ocr_carea' id='block_1_72' title="bbox 2109 2779 3665 2852">
    <p class='ocr_par' dir='ltr' id='par_1_72' title="bbox 2109 2779 3665 2852">
     <span class='ocr_line' id='line_1_72' title="bbox 2109 2779 3665 2852; baseline 0.001 -22"><span class='ocrx_word' id='word_1_541' title='bbox 2109 2780 2311 2850; x_wconf 76' lang='grc' dir='ltr'>μηδένα</span> <span class='ocrx_word' id='word_1_542' title='bbox 2346 2781 2487 2849; x_wconf 72' lang='grc' dir='ltr'>φημὶ</span> <span class='ocrx_word' id='word_1_543' title='bbox 2527 2779 2636 2832; x_wconf 87' lang='grc' dir='ltr'><strong>τῶν</strong></span> <span class='ocrx_word' id='word_1_544' title='bbox 2679 2780 2746 2832; x_wconf 75' lang='grc' dir='ltr'><strong>τὰ</strong></span> <span class='ocrx_word' id='word_1_545' title='bbox 2785 2780 3130 2850; x_wconf 69' lang='grc' dir='ltr'>πονηρότατα</span> <span class='ocrx_word' id='word_1_546' title='bbox 3177 2779 3430 2851; x_wconf 84' lang='grc' dir='ltr'>δρώντων</span> <span class='ocrx_word' id='word_1_547' title='bbox 3483 2782 3665 2852; x_wconf 63' lang='grc' dir='ltr'>ἐπίσης</span> 
     </span>
    </p>
   </div>
   <div class='ocr_carea' id='block_1_73' title="bbox 2117 2869 2984 2941">
    <p class='ocr_par' dir='ltr' id='par_1_73' title="bbox 2117 2869 2984 2941">
     <span class='ocr_line' id='line_1_73' title="bbox 2117 2869 2984 2941; baseline -0.001 -17"><span class='ocrx_word' id='word_1_548' title='bbox 2117 2872 2239 2940; x_wconf 69' lang='grc' dir='ltr'><strong>ιὺτῇ</strong></span> <span class='ocrx_word' id='word_1_549' title='bbox 2268 2869 2528 2923; x_wconf 81' lang='grc' dir='ltr'>δύνασθαι</span> <span class='ocrx_word' id='word_1_550' title='bbox 2556 2873 2984 2941; x_wconf 79' lang='grc' dir='ltr'>μετριοφρονεῖν.</span> 
     </span>
    </p>
   </div>
   <div class='ocr_carea' id='block_1_74' title="bbox 2178 2961 3665 3039">
    <p class='ocr_par' dir='ltr' id='par_1_74' title="bbox 2178 2961 3665 3039">
     <span class='ocr_line' id='line_1_74' title="bbox 2178 2961 3665 3039; baseline 0.003 -23"><span class='ocrx_word' id='word_1_551' title='bbox 2178 2961 2233 3016; x_wconf 84' lang='lat' dir='ltr'><strong>l&#39;.</strong></span> <span class='ocrx_word' id='word_1_552' title='bbox 2274 2964 2380 3015; x_wconf 77' lang='grc' dir='ltr'><strong>Καὶ</strong></span> <span class='ocrx_word' id='word_1_553' title='bbox 2411 2964 2499 3016; x_wconf 83' lang='grc' dir='ltr'>ἶνα</span> <span class='ocrx_word' id='word_1_554' title='bbox 2525 2964 2691 3018; x_wconf 82' lang='grc' dir='ltr'>τᾶλλα</span> <span class='ocrx_word' id='word_1_555' title='bbox 2738 2963 2922 3034; x_wconf 86' lang='grc' dir='ltr'>παρῶ,</span> <span class='ocrx_word' id='word_1_556' title='bbox 2953 2965 3051 3017; x_wconf 82' lang='grc' dir='ltr'>ὅσα</span> <span class='ocrx_word' id='word_1_557' title='bbox 3087 2966 3180 3018; x_wconf 69' lang='grc' dir='ltr'><strong>καὶ</strong></span> <span class='ocrx_word' id='word_1_558' title='bbox 3231 2967 3333 3038; x_wconf 79' lang='grc' dir='ltr'>τὴν</span> <span class='ocrx_word' id='word_1_559' title='bbox 3376 2967 3548 3039; x_wconf 76' lang='grc' dir='ltr'>ἀκοὴν</span> <span class='ocrx_word' id='word_1_560' title='bbox 3589 2968 3665 3020; x_wconf 85' lang='grc' dir='ltr'>ἐν·</span> 
     </span>
    </p>
   </div>
   <div class='ocr_carea' id='block_1_75' title="bbox 2104 3055 3668 3133">
    <p class='ocr_par' dir='ltr' id='par_1_75' title="bbox 2104 3055 3668 3133">
     <span class='ocr_line' id='line_1_75' title="bbox 2104 3055 3668 3133; baseline 0.004 -26"><span class='ocrx_word' id='word_1_561' title='bbox 2104 3055 2321 3126; x_wconf 77' lang='grc' dir='ltr'>οχλήσει</span> <span class='ocrx_word' id='word_1_562' title='bbox 2350 3055 2437 3108; x_wconf 65' lang='grc' dir='ltr'><strong>διὰ</strong></span> <span class='ocrx_word' id='word_1_563' title='bbox 2465 3055 2524 3107; x_wconf 77' lang='grc' dir='ltr'><strong>τδ</strong></span> <span class='ocrx_word' id='word_1_564' title='bbox 2555 3055 2777 3125; x_wconf 82' lang='grc' dir='ltr'>πλῆθος,</span> <span class='ocrx_word' id='word_1_565' title='bbox 2807 3057 2943 3110; x_wconf 78' lang='grc' dir='ltr'>ἀλλὰ</span> <span class='ocrx_word' id='word_1_566' title='bbox 2967 3059 3035 3111; x_wconf 83' lang='grc' dir='ltr'><strong>τά</strong></span> <span class='ocrx_word' id='word_1_567' title='bbox 3063 3074 3127 3128; x_wconf 86' lang='grc' dir='ltr'><strong>γε</strong></span> <span class='ocrx_word' id='word_1_568' title='bbox 3161 3058 3426 3113; x_wconf 85' lang='grc' dir='ltr'>ίδιαίτατα</span> <span class='ocrx_word' id='word_1_569' title='bbox 3475 3061 3668 3133; x_wconf 80' lang='grc' dir='ltr'>ταύτης</span> 
     </span>
    </p>
   </div>
   <div class='ocr_carea' id='block_1_76' title="bbox 2107 3146 3668 3222">
    <p class='ocr_par' dir='ltr' id='par_1_76' title="bbox 2107 3146 3668 3222">
     <span class='ocr_line' id='line_1_76' title="bbox 2107 3146 3668 3222; baseline 0.004 -22"><span class='ocrx_word' id='word_1_570' title='bbox 2107 3149 2218 3210; x_wconf 75' lang='grc' dir='ltr'>καὶ,</span> <span class='ocrx_word' id='word_1_571' title='bbox 2252 3147 2325 3210; x_wconf 89' lang='grc' dir='ltr'>ώς</span> <span class='ocrx_word' id='word_1_572' title='bbox 2357 3147 2422 3200; x_wconf 83' lang='grc' dir='ltr'>ἂν</span> <span class='ocrx_word' id='word_1_573' title='bbox 2455 3146 2646 3214; x_wconf 81' lang='grc' dir='ltr'>εῐποις,</span> <span class='ocrx_word' id='word_1_574' title='bbox 2675 3148 2821 3218; x_wconf 85' lang='grc' dir='ltr'>σαφῆ</span> <span class='ocrx_word' id='word_1_575' title='bbox 2846 3151 3202 3220; x_wconf 83' lang='grc' dir='ltr'>γνωρίσματα</span> <span class='ocrx_word' id='word_1_576' title='bbox 3250 3152 3370 3217; x_wconf 84' lang='grc' dir='ltr'>ταῖς</span> <span class='ocrx_word' id='word_1_577' title='bbox 3410 3153 3668 3222; x_wconf 76' lang='grc' dir='ltr'>φιλοθέοις</span> 
     </span>
    </p>
   </div>
   <div class='ocr_carea' id='block_1_77' title="bbox 2103 3238 3667 3314">
    <p class='ocr_par' dir='ltr' id='par_1_77' title="bbox 2103 3238 3667 3314">
     <span class='ocr_line' id='line_1_77' title="bbox 2103 3238 3667 3314; baseline 0.004 -23"><span class='ocrx_word' id='word_1_578' title='bbox 2103 3238 2410 3308; x_wconf 77' lang='grc' dir='ltr'>παραδώσω</span> <span class='ocrx_word' id='word_1_579' title='bbox 2469 3240 2685 3310; x_wconf 55' lang='grc' dir='ltr'>ψυχαῖς</span> <span class='ocrx_word' id='word_1_580' title='bbox 2727 3238 2788 3292; x_wconf 82' lang='grc' dir='ltr'>τὸ</span> <span class='ocrx_word' id='word_1_581' title='bbox 2826 3242 2946 3293; x_wconf 82' lang='grc' dir='ltr'>καθ’</span> <span class='ocrx_word' id='word_1_582' title='bbox 2995 3242 3304 3314; x_wconf 76' lang='grc' dir='ltr'>ὑπερϐολὴν</span> <span class='ocrx_word' id='word_1_583' title='bbox 3352 3246 3551 3314; x_wconf 79' lang='grc' dir='ltr'>πρᾶον,</span> <span class='ocrx_word' id='word_1_584' title='bbox 3583 3246 3667 3298; x_wconf 77' lang='grc' dir='ltr'>καὶ</span> 
     </span>
    </p>
   </div>
   <div class='ocr_carea' id='block_1_78' title="bbox 2098 3332 3667 3406">
    <p class='ocr_par' dir='ltr' id='par_1_78' title="bbox 2098 3332 3667 3406">
     <span class='ocr_line' id='line_1_78' title="bbox 2098 3332 3667 3406; baseline 0.001 -22"><span class='ocrx_word' id='word_1_585' title='bbox 2098 3333 2159 3385; x_wconf 82' lang='grc' dir='ltr'>τὸ</span> <span class='ocrx_word' id='word_1_586' title='bbox 2187 3332 2452 3403; x_wconf 84' lang='grc' dir='ltr'>μηδέποτε</span> <span class='ocrx_word' id='word_1_587' title='bbox 2486 3332 2673 3404; x_wconf 68' lang='grc' dir='ltr'>μηδενὶ</span> <span class='ocrx_word' id='word_1_588' title='bbox 2731 3334 2971 3402; x_wconf 71' lang='grc' dir='ltr'>φανερὰν</span> <span class='ocrx_word' id='word_1_589' title='bbox 3007 3334 3257 3402; x_wconf 86' lang='grc' dir='ltr'>γενέσθαι</span> <span class='ocrx_word' id='word_1_590' title='bbox 3287 3333 3667 3406; x_wconf 75' lang='grc' dir='ltr'>ὀργιζομένην,</span> 
     </span>
    </p>
   </div>
   <div class='ocr_carea' id='block_1_79' title="bbox 2097 3424 3670 3498">
    <p class='ocr_par' dir='ltr' id='par_1_79' title="bbox 2097 3424 3670 3498">
     <span class='ocr_line' id='line_1_79' title="bbox 2097 3424 3670 3498; baseline 0.001 -21"><span class='ocrx_word' id='word_1_591' title='bbox 2097 3425 2160 3478; x_wconf 81' lang='grc' dir='ltr'>τὸ</span> <span class='ocrx_word' id='word_1_592' title='bbox 2189 3426 2285 3494; x_wconf 80' lang='grc' dir='ltr'>τῆς</span> <span class='ocrx_word' id='word_1_593' title='bbox 2312 3426 2532 3496; x_wconf 81' lang='grc' dir='ltr'>ἀγάπης</span> <span class='ocrx_word' id='word_1_594' title='bbox 2594 3424 2917 3493; x_wconf 74' lang='grc' dir='ltr'>φιλάδελφον</span> <span class='ocrx_word' id='word_1_595' title='bbox 2957 3443 3015 3478; x_wconf 86' lang='grc' dir='ltr'><strong>τε</strong></span> <span class='ocrx_word' id='word_1_596' title='bbox 3070 3427 3166 3480; x_wconf 78' lang='grc' dir='ltr'><strong>καὶ</strong></span> <span class='ocrx_word' id='word_1_597' title='bbox 3208 3427 3589 3498; x_wconf 75' lang='grc' dir='ltr'>κηδεμονικὸν,</span> <span class='ocrx_word' id='word_1_598' title='bbox 3617 3427 3670 3478; x_wconf 67' lang='grc' dir='ltr'>τὸ</span> 
     </span>
    </p>
   </div>
   <div class='ocr_carea' id='block_1_80' title="bbox 2099 3516 3670 3589">
    <p class='ocr_par' dir='ltr' id='par_1_80' title="bbox 2099 3516 3670 3589">
     <span class='ocr_line' id='line_1_80' title="bbox 2099 3516 3670 3589; baseline 0.001 -21"><span class='ocrx_word' id='word_1_599' title='bbox 2099 3516 2236 3584; x_wconf 61' lang='grc' dir='ltr'>πρὸς</span> <span class='ocrx_word' id='word_1_600' title='bbox 2266 3516 2570 3581; x_wconf 79' lang='grc' dir='ltr'>κενοδοξίαν</span> <span class='ocrx_word' id='word_1_601' title='bbox 2598 3517 2794 3588; x_wconf 76' lang='grc' dir='ltr'>κομιδῇ</span> <span class='ocrx_word' id='word_1_602' title='bbox 2848 3518 3233 3589; x_wconf 71' lang='grc' dir='ltr'>μισοπόνηρον,</span> <span class='ocrx_word' id='word_1_603' title='bbox 3263 3519 3324 3572; x_wconf 79' lang='grc' dir='ltr'>τὸ</span> <span class='ocrx_word' id='word_1_604' title='bbox 3365 3518 3477 3572; x_wconf 88' lang='grc' dir='ltr'><strong>τῶν</strong></span> <span class='ocrx_word' id='word_1_605' title='bbox 3530 3517 3670 3572; x_wconf 76' lang='grc' dir='ltr'>ἐνδυο</span> 
     </span>
    </p>
   </div>
   <div class='ocr_carea' id='block_1_81' title="bbox 2103 3605 3667 3682">
    <p class='ocr_par' dir='ltr' id='par_1_81' title="bbox 2103 3605 3667 3682">
     <span class='ocr_line' id='line_1_81' title="bbox 2103 3605 3667 3682; baseline 0.002 -23"><span class='ocrx_word' id='word_1_606' title='bbox 2103 3609 2287 3680; x_wconf 87' lang='grc' dir='ltr'>μάτων</span> <span class='ocrx_word' id='word_1_607' title='bbox 2331 3607 2520 3671; x_wconf 81' lang='grc' dir='ltr'>δεινῶς</span> <span class='ocrx_word' id='word_1_608' title='bbox 2575 3610 2863 3675; x_wconf 73' lang='grc' dir='ltr'>ἰδιωτικὸν,</span> <span class='ocrx_word' id='word_1_609' title='bbox 2920 3611 3013 3664; x_wconf 71' lang='grc' dir='ltr'>καὶ</span> <span class='ocrx_word' id='word_1_610' title='bbox 3041 3609 3070 3663; x_wconf 79' lang='grc' dir='ltr'><strong>ὃ</strong></span> <span class='ocrx_word' id='word_1_611' title='bbox 3113 3610 3340 3680; x_wconf 80' lang='grc' dir='ltr'>μηδενὸς</span> <span class='ocrx_word' id='word_1_612' title='bbox 3383 3609 3554 3664; x_wconf 68' lang='grc' dir='ltr'>ἄλλου</span> <span class='ocrx_word' id='word_1_613' title='bbox 3585 3605 3667 3682; x_wconf 76' lang='grc' dir='ltr'>ἦν,</span> 
     </span>
    </p>
   </div>
   <div class='ocr_carea' id='block_1_82' title="bbox 2099 3700 3670 3773">
    <p class='ocr_par' dir='ltr' id='par_1_82' title="bbox 2099 3700 3670 3773">
     <span class='ocr_line' id='line_1_82' title="bbox 2099 3700 3670 3773; baseline 0.002 -19"><span class='ocrx_word' id='word_1_614' title='bbox 2099 3701 2235 3770; x_wconf 73' lang='grc' dir='ltr'>πρὸς</span> <span class='ocrx_word' id='word_1_615' title='bbox 2284 3701 2556 3754; x_wconf 70' lang='grc' dir='ltr'>εὐτέλειαν</span> <span class='ocrx_word' id='word_1_616' title='bbox 2600 3700 2947 3772; x_wconf 79' lang='grc' dir='ltr'>ἐξισούμενον</span> <span class='ocrx_word' id='word_1_617' title='bbox 2999 3703 3245 3772; x_wconf 85' lang='grc' dir='ltr'>(τοιαῦτα</span> <span class='ocrx_word' id='word_1_618' title='bbox 3287 3704 3393 3773; x_wconf 82' lang='grc' dir='ltr'><strong>γὰρ</strong></span> <span class='ocrx_word' id='word_1_619' title='bbox 3447 3705 3518 3756; x_wconf 73' lang='grc' dir='ltr'>τὰ</span> <span class='ocrx_word' id='word_1_620' title='bbox 3578 3706 3670 3773; x_wconf 82' lang='grc' dir='ltr'>τῆς</span> 
     </span>
    </p>
   </div>
   <div class='ocr_carea' id='block_1_83' title="bbox 2098 3786 3672 3867">
    <p class='ocr_par' dir='ltr' id='par_1_83' title="bbox 2098 3786 3672 3867">
     <span class='ocr_line' id='line_1_83' title="bbox 2098 3786 3672 3867; baseline 0.001 -20"><span class='ocrx_word' id='word_1_621' title='bbox 2098 3793 2353 3862; x_wconf 81' lang='grc' dir='ltr'>εὐγενοῦς</span> <span class='ocrx_word' id='word_1_622' title='bbox 2380 3796 2594 3864; x_wconf 76' lang='grc' dir='ltr'>ἐκείνης</span> <span class='ocrx_word' id='word_1_623' title='bbox 2629 3795 2940 3866; x_wconf 82' lang='grc' dir='ltr'>ἐσθήματα,</span> <span class='ocrx_word' id='word_1_624' title='bbox 2981 3794 3067 3850; x_wconf 79' lang='grc' dir='ltr'>οἷα</span> <span class='ocrx_word' id='word_1_625' title='bbox 3096 3796 3162 3852; x_wconf 77' lang='grc' dir='ltr'>ἂν</span> <span class='ocrx_word' id='word_1_626' title='bbox 3195 3797 3288 3851; x_wconf 78' lang='grc' dir='ltr'>καὶ</span> <span class='ocrx_word' id='word_1_627' title='bbox 3313 3796 3421 3850; x_wconf 88' lang='grc' dir='ltr'><strong>τῶν</strong></span> <span class='ocrx_word' id='word_1_628' title='bbox 3444 3797 3541 3850; x_wconf 76' lang='grc' dir='ltr'>ἐπὶ</span> <span class='ocrx_word' id='word_1_629' title='bbox 3579 3786 3672 3867; x_wconf 81' lang='grc' dir='ltr'>τ’ἧς</span> 
     </span>
    </p>
   </div>
   <div class='ocr_carea' id='block_1_84' title="bbox 2098 3887 3670 3962">
    <p class='ocr_par' dir='ltr' id='par_1_84' title="bbox 2098 3887 3670 3962">
     <span class='ocr_line' id='line_1_84' title="bbox 2098 3887 3670 3962; baseline 0.002 -22"><span class='ocrx_word' id='word_1_630' title='bbox 2098 3888 2301 3960; x_wconf 75' lang='grc' dir='ltr'>ἀγορᾶς</span> <span class='ocrx_word' id='word_1_631' title='bbox 2341 3888 2705 3942; x_wconf 84' lang='grc' dir='ltr'>ἐπαιτούντων</span> <span class='ocrx_word' id='word_1_632' title='bbox 2727 3888 3006 3959; x_wconf 80' lang='grc' dir='ltr'>ἀπηξίωσέ</span> <span class='ocrx_word' id='word_1_633' title='bbox 3037 3907 3120 3954; x_wconf 90' lang='grc' dir='ltr'><strong>τις</strong></span> <span class='ocrx_word' id='word_1_634' title='bbox 3150 3887 3380 3960; x_wconf 72' lang='grc' dir='ltr'>ὀφθῆναι</span> <span class='ocrx_word' id='word_1_635' title='bbox 3429 3891 3634 3962; x_wconf 81' lang='grc' dir='ltr'>φορῶν)</span> <span class='ocrx_word' id='word_1_636' title='bbox 3657 3907 3670 3922; x_wconf 72' lang='grc'><strong>⁸</strong></span> 
     </span>
    </p>
   </div>
   <div class='ocr_carea' id='block_1_85' title="bbox 2095 3979 3669 4054">
    <p class='ocr_par' dir='ltr' id='par_1_85' title="bbox 2095 3979 3669 4054">
     <span class='ocr_line' id='line_1_85' title="bbox 2095 3979 3669 4054; baseline 0.002 -23"><span class='ocrx_word' id='word_1_637' title='bbox 2095 3979 2158 4032; x_wconf 79' lang='grc' dir='ltr'>τὸ</span> <span class='ocrx_word' id='word_1_638' title='bbox 2213 3979 2312 4048; x_wconf 77' lang='grc' dir='ltr'>τῆς</span> <span class='ocrx_word' id='word_1_639' title='bbox 2351 3979 2575 4048; x_wconf 82' lang='grc' dir='ltr'>καρδίας</span> <span class='ocrx_word' id='word_1_640' title='bbox 2636 3981 2881 4050; x_wconf 62' lang='grc' dir='ltr'>ἐσχάτως</span> <span class='ocrx_word' id='word_1_641' title='bbox 2927 3981 3158 4052; x_wconf 70' lang='grc' dir='ltr'>νήνεμύν</span> <span class='ocrx_word' id='word_1_642' title='bbox 3189 3999 3246 4036; x_wconf 87' lang='grc' dir='ltr'><strong>τε</strong></span> <span class='ocrx_word' id='word_1_643' title='bbox 3294 3984 3388 4037; x_wconf 70' lang='grc' dir='ltr'><strong>καλ⁵</strong></span> <span class='ocrx_word' id='word_1_644' title='bbox 3418 3983 3669 4054; x_wconf 73' lang='grc' dir='ltr'>γαληνὸν,</span> 
     </span>
    </p>
   </div>
   <div class='ocr_carea' id='block_1_86' title="bbox 2097 4070 3672 4144">
    <p class='ocr_par' dir='ltr' id='par_1_86' title="bbox 2097 4070 3672 4144">
     <span class='ocr_line' id='line_1_86' title="bbox 2097 4070 3672 4144; baseline 0.003 -20"><span class='ocrx_word' id='word_1_645' title='bbox 2097 4070 2238 4125; x_wconf 87' lang='grc' dir='ltr'>οῦτω</span> <span class='ocrx_word' id='word_1_646' title='bbox 2270 4073 2526 4143; x_wconf 81' lang='grc' dir='ltr'>χωρῆσαν</span> <span class='ocrx_word' id='word_1_647' title='bbox 2559 4075 2638 4136; x_wconf 84' lang='grc' dir='ltr'><strong>είς</strong></span> <span class='ocrx_word' id='word_1_648' title='bbox 2680 4072 2844 4142; x_wconf 80' lang='grc' dir='ltr'>βάθος</span> <span class='ocrx_word' id='word_1_649' title='bbox 2880 4074 2972 4136; x_wconf 56' lang='grc' dir='ltr'>καὶ.</span> <span class='ocrx_word' id='word_1_650' title='bbox 3007 4073 3259 4138; x_wconf 81' lang='grc' dir='ltr'>ποιωθέν,</span> <span class='ocrx_word' id='word_1_651' title='bbox 3290 4073 3366 4135; x_wconf 86' lang='grc' dir='ltr'><strong>ὼς</strong></span> <span class='ocrx_word' id='word_1_652' title='bbox 3396 4076 3491 4127; x_wconf 84' lang='grc' dir='ltr'>καὶ</span> <span class='ocrx_word' id='word_1_653' title='bbox 3518 4075 3672 4144; x_wconf 77' lang='grc' dir='ltr'>δῆλον</span> 
     </span>
    </p>
   </div>
   <div class='ocr_carea' id='block_1_87' title="bbox 2098 4165 3671 4236">
    <p class='ocr_par' dir='ltr' id='par_1_87' title="bbox 2098 4165 3671 4236">
     <span class='ocr_line' id='line_1_87' title="bbox 2098 4165 3671 4236; baseline 0.002 -19"><span class='ocrx_word' id='word_1_654' title='bbox 2098 4166 2204 4218; x_wconf 80' lang='grc' dir='ltr'><strong>ἀπὸ</strong></span> <span class='ocrx_word' id='word_1_655' title='bbox 2222 4166 2319 4235; x_wconf 85' lang='grc' dir='ltr'>τῆς</span> <span class='ocrx_word' id='word_1_656' title='bbox 2341 4165 2444 4231; x_wconf 80' lang='grc' dir='ltr'>ἐξω</span> <span class='ocrx_word' id='word_1_657' title='bbox 2472 4166 2717 4236; x_wconf 86' lang='grc' dir='ltr'>γίνεσθαι</span> <span class='ocrx_word' id='word_1_658' title='bbox 2747 4167 3135 4233; x_wconf 83' lang='grc' dir='ltr'>καταστάσεως</span> <span class='ocrx_word' id='word_1_659' title='bbox 3171 4185 3185 4201; x_wconf 75' lang='grc' dir='ltr'><strong><em>ο</em></strong></span> <span class='ocrx_word' id='word_1_660' title='bbox 3218 4169 3309 4221; x_wconf 71' lang='grc' dir='ltr'>ἐπὶ</span> <span class='ocrx_word' id='word_1_661' title='bbox 3339 4170 3508 4224; x_wconf 73' lang='grc' dir='ltr'>πᾶσιν</span> <span class='ocrx_word' id='word_1_662' title='bbox 3527 4168 3555 4222; x_wconf 82' lang='grc' dir='ltr'><strong>δ</strong></span> <span class='ocrx_word' id='word_1_663' title='bbox 3583 4169 3671 4222; x_wconf 77' lang='grc' dir='ltr'>καὶ</span> 
     </span>
    </p>
   </div>
   <div class='ocr_carea' id='block_1_88' title="bbox 2097 4257 3670 4332">
    <p class='ocr_par' dir='ltr' id='par_1_88' title="bbox 2097 4257 3670 4332">
     <span class='ocr_line' id='line_1_88' title="bbox 2097 4257 3670 4332; baseline 0.003 -22"><span class='ocrx_word' id='word_1_664' title='bbox 2097 4257 2356 4327; x_wconf 84' lang='grc' dir='ltr'>τετάχθαι</span> <span class='ocrx_word' id='word_1_665' title='bbox 2416 4260 2524 4328; x_wconf 77' lang='grc' dir='ltr'>πρὸ</span> <span class='ocrx_word' id='word_1_666' title='bbox 2561 4259 2778 4313; x_wconf 80' lang='grc' dir='ltr'>πάντων</span> <span class='ocrx_word' id='word_1_667' title='bbox 2817 4260 2987 4326; x_wconf 79' lang='grc' dir='ltr'>ἄξιον,</span> <span class='ocrx_word' id='word_1_668' title='bbox 3014 4261 3075 4313; x_wconf 81' lang='grc' dir='ltr'>τὸ</span> <span class='ocrx_word' id='word_1_669' title='bbox 3100 4260 3322 4315; x_wconf 81' lang='grc' dir='ltr'>σύννουν</span> <span class='ocrx_word' id='word_1_670' title='bbox 3358 4263 3534 4332; x_wconf 72' lang='grc' dir='ltr'>αὑτῆς</span> <span class='ocrx_word' id='word_1_671' title='bbox 3581 4267 3670 4317; x_wconf 80' lang='grc' dir='ltr'>καὶ</span> 
     </span>
    </p>
   </div>
   <div class='ocr_carea' id='block_1_89' title="bbox 2099 4347 3668 4426">
    <p class='ocr_par' dir='ltr' id='par_1_89' title="bbox 2099 4347 3668 4426">
     <span class='ocr_line' id='line_1_89' title="bbox 2099 4347 3668 4426; baseline 0.004 -25"><span class='ocrx_word' id='word_1_672' title='bbox 2099 4349 2457 4420; x_wconf 79' lang='grc' dir='ltr'>πρυσεκτικὸν</span> <span class='ocrx_word' id='word_1_673' title='bbox 2487 4353 2581 4403; x_wconf 76' lang='grc' dir='ltr'>καὶ</span> <span class='ocrx_word' id='word_1_674' title='bbox 2611 4351 2855 4421; x_wconf 83' lang='grc' dir='ltr'>ἀκριόῶς</span> <span class='ocrx_word' id='word_1_675' title='bbox 2883 4352 3167 4423; x_wconf 83' lang='grc' dir='ltr'>άδιάχυτον</span> <span class='ocrx_word' id='word_1_676' title='bbox 3199 4369 3215 4384; x_wconf 76' lang='grc' dir='ltr'><strong><em>ο</em></strong></span> <span class='ocrx_word' id='word_1_677' title='bbox 3249 4353 3308 4419; x_wconf 81' lang='grc' dir='ltr'>ἐξ</span> <span class='ocrx_word' id='word_1_678' title='bbox 3337 4347 3510 4426; x_wconf 73' lang='grc' dir='ltr'>οὗπερ</span> <span class='ocrx_word' id='word_1_679' title='bbox 3543 4357 3668 4408; x_wconf 83' lang='grc' dir='ltr'>ἀκο-</span> 
     </span>
    </p>
   </div>
   <div class='ocr_carea' id='block_1_90' title="bbox 2099 4437 3666 4518">
    <p class='ocr_par' dir='ltr' id='par_1_90' title="bbox 2099 4437 3666 4518">
     <span class='ocr_line' id='line_1_90' title="bbox 2099 4437 3666 4518; baseline 0.005 -25"><span class='ocrx_word' id='word_1_680' title='bbox 2099 4440 2326 4495; x_wconf 86' lang='grc' dir='ltr'>λουθοῦν</span> <span class='ocrx_word' id='word_1_681' title='bbox 2357 4437 2493 4511; x_wconf 69' lang='grc' dir='ltr'>εἶχε,</span> <span class='ocrx_word' id='word_1_682' title='bbox 2525 4443 2586 4496; x_wconf 82' lang='grc' dir='ltr'>τὸ</span> <span class='ocrx_word' id='word_1_683' title='bbox 2625 4444 2894 4514; x_wconf 85' lang='grc' dir='ltr'>μηδέποτε</span> <span class='ocrx_word' id='word_1_684' title='bbox 2935 4446 3140 4515; x_wconf 87' lang='grc' dir='ltr'>ταύτης</span> <span class='ocrx_word' id='word_1_685' title='bbox 3181 4446 3307 4509; x_wconf 78' lang='grc' dir='ltr'>τοὺς</span> <span class='ocrx_word' id='word_1_686' title='bbox 3359 4446 3666 4518; x_wconf 81' lang='grc' dir='ltr'>ὀφθαλμοὺς</span> 
     </span>
    </p>
   </div>
   <div class='ocr_carea' id='block_1_91' title="bbox 419 4520 1999 4606">
    <p class='ocr_par' dir='ltr' id='par_1_91' title="bbox 419 4520 1991 4598">
     <span class='ocr_line' id='line_1_91' title="bbox 419 4520 1991 4598; baseline 0.006 -24"><span class='ocrx_word' id='word_1_687' title='bbox 419 4521 508 4575; x_wconf 90' lang='lat' dir='ltr'><strong>dio</strong></span> <span class='ocrx_word' id='word_1_688' title='bbox 549 4520 958 4578; x_wconf 83' lang='lat' dir='ltr'><strong>dill‘underetnr.</strong></span> <span class='ocrx_word' id='word_1_689' title='bbox 1011 4523 1086 4578; x_wconf 80' lang='lat' dir='ltr'><strong>Ex</strong></span> <span class='ocrx_word' id='word_1_690' title='bbox 1131 4539 1238 4594; x_wconf 91' lang='lat' dir='ltr'><strong>quo</strong></span> <span class='ocrx_word' id='word_1_691' title='bbox 1299 4525 1400 4579; x_wconf 92' lang='lat' dir='ltr'><strong>hoc</strong></span> <span class='ocrx_word' id='word_1_692' title='bbox 1431 4530 1888 4598; x_wconf 82' lang='lat' dir='ltr'><strong>consequebatur,</strong></span> <span class='ocrx_word' id='word_1_693' title='bbox 1932 4543 1991 4585; x_wconf 89' lang='lat' dir='ltr'><strong>ut</strong></span> 
     </span>
    </p>
   </div>
   <div class='ocr_carea' id='block_1_92' title="bbox 2107 4520 3664 4606">
    <p class='ocr_par' dir='ltr' id='par_1_92' title="bbox 2107 4533 3664 4606">
     <span class='ocr_line' id='line_1_92' title="bbox 2107 4533 3664 4606; baseline 0.002 -18"><span class='ocrx_word' id='word_1_694' title='bbox 2107 4533 2349 4605; x_wconf 66' lang='grc' dir='ltr'>δακρύων</span> <span class='ocrx_word' id='word_1_695' title='bbox 2373 4535 2602 4603; x_wconf 78' lang='grc' dir='ltr'>ὁρᾶσθαι</span> <span class='ocrx_word' id='word_1_696' title='bbox 2631 4536 2844 4600; x_wconf 79' lang='grc' dir='ltr'>κενοὺς,</span> <span class='ocrx_word' id='word_1_697' title='bbox 2883 4534 3000 4590; x_wconf 73' lang='grc' dir='ltr'>ἀλλ’</span> <span class='ocrx_word' id='word_1_698' title='bbox 3018 4536 3230 4591; x_wconf 83' lang='grc' dir='ltr'>ὠδίνειν</span> <span class='ocrx_word' id='word_1_699' title='bbox 3263 4538 3371 4606; x_wconf 80' lang='grc' dir='ltr'>ἀεὶ,</span> <span class='ocrx_word' id='word_1_700' title='bbox 3408 4541 3551 4594; x_wconf 83' lang='grc' dir='ltr'>κατὰ</span> <span class='ocrx_word' id='word_1_701' title='bbox 3575 4539 3664 4602; x_wconf 75' lang='grc' dir='ltr'><strong>τὰς</strong></span> 
     </span>
    </p>
   </div>
   <div class='ocr_carea' id='block_1_93' title="bbox 419 4613 1990 4690">
    <p class='ocr_par' dir='ltr' id='par_1_93' title="bbox 419 4613 1990 4690">
     <span class='ocr_line' id='line_1_93' title="bbox 419 4613 1990 4690; baseline 0.008 -25"><span class='ocrx_word' id='word_1_702' title='bbox 419 4627 691 4682; x_wconf 89' lang='lat' dir='ltr'><strong>nunquam</strong></span> <span class='ocrx_word' id='word_1_703' title='bbox 720 4613 1032 4669; x_wconf 90' lang='lat' dir='ltr'><strong>viderentur</strong></span> <span class='ocrx_word' id='word_1_704' title='bbox 1060 4613 1177 4683; x_wconf 83' lang='lat' dir='ltr'><strong>ejus</strong></span> <span class='ocrx_word' id='word_1_705' title='bbox 1206 4616 1347 4670; x_wconf 88' lang='lat' dir='ltr'><strong>oculi</strong></span> <span class='ocrx_word' id='word_1_706' title='bbox 1381 4618 1566 4673; x_wconf 89' lang='lat' dir='ltr'><strong>inanes</strong></span> <span class='ocrx_word' id='word_1_707' title='bbox 1596 4619 1866 4690; x_wconf 83' lang='lat' dir='ltr'><strong>lacrymis,</strong></span> <span class='ocrx_word' id='word_1_708' title='bbox 1898 4625 1990 4677; x_wconf 89' lang='lat' dir='ltr'><strong>sed</strong></span> 
     </span>
    </p>
   </div>
   <div class='ocr_carea' id='block_1_94' title="bbox 419 4708 1991 4780">
    <p class='ocr_par' dir='ltr' id='par_1_94' title="bbox 419 4708 1991 4780">
     <span class='ocr_line' id='line_1_94' title="bbox 419 4708 1991 4780; baseline 0.008 -22"><span class='ocrx_word' id='word_1_709' title='bbox 419 4721 632 4774; x_wconf 89' lang='lat' dir='ltr'><strong>semper</strong></span> <span class='ocrx_word' id='word_1_710' title='bbox 657 4709 991 4776; x_wconf 89' lang='lat' dir='ltr'><strong>parturirent</strong></span> <span class='ocrx_word' id='word_1_711' title='bbox 1017 4708 1243 4778; x_wconf 85' lang='lat' dir='ltr'><strong>aliquid,</strong></span> <span class='ocrx_word' id='word_1_712' title='bbox 1281 4726 1383 4764; x_wconf 92' lang='lat' dir='ltr'><strong>non</strong></span> <span class='ocrx_word' id='word_1_713' title='bbox 1411 4727 1568 4766; x_wconf 91' lang='lat' dir='ltr'><strong>secus</strong></span> <span class='ocrx_word' id='word_1_714' title='bbox 1595 4729 1655 4766; x_wconf 88' lang='lat' dir='ltr'><strong>ac</strong></span> <span class='ocrx_word' id='word_1_715' title='bbox 1683 4714 1858 4769; x_wconf 78' lang='lat' dir='ltr'><strong>tumes</strong></span> <span class='ocrx_word' id='word_1_716' title='bbox 1881 4757 1894 4780; x_wconf 90' lang='lat'><strong>,</strong></span> <span class='ocrx_word' id='word_1_717' title='bbox 1926 4731 1991 4770; x_wconf 80' lang='lat' dir='ltr'><strong>ex</strong></span> 
     </span>
    </p>
   </div>
   <div class='ocr_carea' id='block_1_95' title="bbox 417 4797 1297 4869">
    <p class='ocr_par' dir='ltr' id='par_1_95' title="bbox 417 4797 1297 4869">
     <span class='ocr_line' id='line_1_95' title="bbox 417 4797 1297 4869; baseline 0.011 -21"><span class='ocrx_word' id='word_1_718' title='bbox 417 4797 611 4866; x_wconf 82' lang='lat' dir='ltr'><strong>quibus</strong></span> <span class='ocrx_word' id='word_1_719' title='bbox 644 4814 781 4867; x_wconf 91' lang='lat' dir='ltr'><strong>aqua</strong></span> <span class='ocrx_word' id='word_1_720' title='bbox 810 4815 1021 4869; x_wconf 91' lang='lat' dir='ltr'><strong>semper</strong></span> <span class='ocrx_word' id='word_1_721' title='bbox 1053 4802 1297 4858; x_wconf 85' lang='lat' dir='ltr'><strong>scaturit.</strong></span> 
     </span>
    </p>
   </div>
   <div class='ocr_carea' id='block_1_96' title="bbox 486 4889 1990 4968">
    <p class='ocr_par' dir='ltr' id='par_1_96' title="bbox 486 4889 1990 4968">
     <span class='ocr_line' id='line_1_96' title="bbox 486 4889 1990 4968; baseline 0.008 -26"><span class='ocrx_word' id='word_1_722' title='bbox 486 4889 574 4942; x_wconf 88' lang='grc' dir='ltr'><strong>ΧΙ.</strong></span> <span class='ocrx_word' id='word_1_723' title='bbox 630 4891 798 4946; x_wconf 81' lang='lat' dir='ltr'><strong>Porro</strong></span> <span class='ocrx_word' id='word_1_724' title='bbox 829 4908 1007 4947; x_wconf 87' lang='lat' dir='ltr'><strong>autem</strong></span> <span class='ocrx_word' id='word_1_725' title='bbox 1041 4911 1162 4950; x_wconf 90' lang='lat' dir='ltr'><strong>cum</strong></span> <span class='ocrx_word' id='word_1_726' title='bbox 1198 4913 1256 4950; x_wconf 86' lang='lat' dir='ltr'><strong>ea</strong></span> <span class='ocrx_word' id='word_1_727' title='bbox 1291 4911 1432 4953; x_wconf 77' lang='lat' dir='ltr'><strong>esset</strong></span> <span class='ocrx_word' id='word_1_728' title='bbox 1467 4915 1495 4954; x_wconf 93' lang='lat' dir='ltr'><strong>e</strong></span> <span class='ocrx_word' id='word_1_729' title='bbox 1528 4902 1632 4954; x_wconf 84' lang='lat' dir='ltr'><strong>vita</strong></span> <span class='ocrx_word' id='word_1_730' title='bbox 1675 4916 1990 4968; x_wconf 71' lang='lat' dir='ltr'><strong>excessura,</strong></span> 
     </span>
    </p>
   </div>
   <div class='ocr_carea' id='block_1_97' title="bbox 417 4981 1994 5062">
    <p class='ocr_par' dir='ltr' id='par_1_97' title="bbox 417 4981 1994 5062">
     <span class='ocr_line' id='line_1_97' title="bbox 417 4981 1994 5062; baseline 0.01 -28"><span class='ocrx_word' id='word_1_731' title='bbox 417 4989 530 5034; x_wconf 90' lang='lat' dir='ltr'><strong>erat</strong></span> <span class='ocrx_word' id='word_1_732' title='bbox 548 4981 763 5050; x_wconf 82' lang='lat' dir='ltr'><strong>quidem</strong></span> <span class='ocrx_word' id='word_1_733' title='bbox 786 4984 896 5038; x_wconf 86' lang='lat' dir='ltr'><strong>dies</strong></span> <span class='ocrx_word' id='word_1_734' title='bbox 915 4985 1239 5042; x_wconf 77' lang='lat' dir='ltr'><strong>festnsheati</strong></span> <span class='ocrx_word' id='word_1_735' title='bbox 1260 4989 1534 5057; x_wconf 83' lang='lat' dir='ltr'><strong>Ephraim,</strong></span> <span class='ocrx_word' id='word_1_736' title='bbox 1562 5009 1836 5062; x_wconf 88' lang='lat' dir='ltr'><strong>nonquem</strong></span> <span class='ocrx_word' id='word_1_737' title='bbox 1860 4994 1994 5049; x_wconf 89' lang='lat' dir='ltr'><strong>aluit</strong></span> 
     </span>
    </p>
   </div>
   <div class='ocr_carea' id='block_1_98' title="bbox 423 5074 1991 5156">
    <p class='ocr_par' dir='ltr' id='par_1_98' title="bbox 423 5074 1991 5156">
     <span class='ocr_line' id='line_1_98' title="bbox 423 5074 1991 5156; baseline 0.009 -30"><span class='ocrx_word' id='word_1_738' title='bbox 423 5074 600 5142; x_wconf 83' lang='lat' dir='ltr'><strong>Syria,</strong></span> <span class='ocrx_word' id='word_1_739' title='bbox 630 5076 721 5128; x_wconf 90' lang='lat' dir='ltr'><strong>sed</strong></span> <span class='ocrx_word' id='word_1_740' title='bbox 749 5077 837 5144; x_wconf 87' lang='lat' dir='ltr'><strong>qui</strong></span> <span class='ocrx_word' id='word_1_741' title='bbox 866 5088 984 5132; x_wconf 84' lang='lat' dir='ltr'><strong>erat</strong></span> <span class='ocrx_word' id='word_1_742' title='bbox 1007 5079 1214 5134; x_wconf 87' lang='lat' dir='ltr'><strong>civitati</strong></span> <span class='ocrx_word' id='word_1_743' title='bbox 1251 5093 1406 5136; x_wconf 90' lang='lat' dir='ltr'><strong>notus</strong></span> <span class='ocrx_word' id='word_1_744' title='bbox 1436 5096 1484 5137; x_wconf 91' lang='lat' dir='ltr'><strong>et</strong></span> <span class='ocrx_word' id='word_1_745' title='bbox 1516 5085 1802 5140; x_wconf 83' lang='lat' dir='ltr'><strong>familiaris</strong></span> <span class='ocrx_word' id='word_1_746' title='bbox 1831 5103 1845 5141; x_wconf 92' lang='lat'><strong>:</strong></span> <span class='ocrx_word' id='word_1_747' title='bbox 1878 5088 1991 5156; x_wconf 86' lang='lat' dir='ltr'><strong>qui,</strong></span> 
     </span>
    </p>
   </div>
   <div class='ocr_carea' id='block_1_99' title="bbox 421 5163 1994 5244">
    <p class='ocr_par' dir='ltr' id='par_1_99' title="bbox 421 5163 1994 5244">
     <span class='ocr_line' id='line_1_99' title="bbox 421 5163 1994 5244; baseline 0.009 -28"><span class='ocrx_word' id='word_1_748' title='bbox 421 5163 658 5230; x_wconf 79' lang='lat' dir='ltr'><strong>inquam,</strong></span> <span class='ocrx_word' id='word_1_749' title='bbox 698 5167 953 5233; x_wconf 75' lang='lat' dir='ltr'><strong>przeelare</strong></span> <span class='ocrx_word' id='word_1_750' title='bbox 985 5173 1122 5222; x_wconf 79' lang='lat' dir='ltr'><strong>rexit</strong></span> <span class='ocrx_word' id='word_1_751' title='bbox 1163 5172 1342 5226; x_wconf 89' lang='lat' dir='ltr'><strong>sedem</strong></span> <span class='ocrx_word' id='word_1_752' title='bbox 1378 5171 1824 5244; x_wconf 79' lang='lat' dir='ltr'><strong>Mylassenorum.</strong></span> <span class='ocrx_word' id='word_1_753' title='bbox 1866 5176 1994 5244; x_wconf 83' lang='lat' dir='ltr'><strong>Epi-</strong></span> 
     </span>
    </p>
   </div>
   <div class='ocr_carea' id='block_1_100' title="bbox 417 5257 1992 5336">
    <p class='ocr_par' dir='ltr' id='par_1_100' title="bbox 417 5257 1992 5336">
     <span class='ocr_line' id='line_1_100' title="bbox 417 5257 1992 5336; baseline 0.01 -28"><span class='ocrx_word' id='word_1_754' title='bbox 417 5269 613 5324; x_wconf 81' lang='lat' dir='ltr'><strong>scopus</strong></span> <span class='ocrx_word' id='word_1_755' title='bbox 660 5268 838 5312; x_wconf 90' lang='lat' dir='ltr'><strong>autem</strong></span> <span class='ocrx_word' id='word_1_756' title='bbox 894 5257 1093 5332; x_wconf 40' lang='lat' dir='ltr'><strong>Pa‘ulus</strong></span> <span class='ocrx_word' id='word_1_757' title='bbox 1145 5277 1264 5317; x_wconf 89' lang='lat' dir='ltr'><strong>cum</strong></span> <span class='ocrx_word' id='word_1_758' title='bbox 1325 5273 1436 5317; x_wconf 90' lang='lat' dir='ltr'><strong>totn</strong></span> <span class='ocrx_word' id='word_1_759' title='bbox 1497 5268 1694 5336; x_wconf 84' lang='lat' dir='ltr'><strong>populo</strong></span> <span class='ocrx_word' id='word_1_760' title='bbox 1734 5269 1992 5335; x_wconf 88' lang='lat' dir='ltr'><strong>civitatis,</strong></span> 
     </span>
    </p>
   </div>
   <div class='ocr_carea' id='block_1_101' title="bbox 423 5346 1993 5425">
    <p class='ocr_par' dir='ltr' id='par_1_101' title="bbox 423 5346 1993 5425">
     <span class='ocr_line' id='line_1_101' title="bbox 423 5346 1993 5425; baseline 0.007 -26"><span class='ocrx_word' id='word_1_761' title='bbox 423 5346 557 5400; x_wconf 81' lang='lat' dir='ltr'><strong>ierat</strong></span> <span class='ocrx_word' id='word_1_762' title='bbox 589 5351 653 5401; x_wconf 89' lang='lat' dir='ltr'><strong>ad</strong></span> <span class='ocrx_word' id='word_1_763' title='bbox 684 5349 860 5402; x_wconf 76' lang='lat' dir='ltr'><strong>vicum</strong></span> <span class='ocrx_word' id='word_1_764' title='bbox 890 5350 1124 5406; x_wconf 89' lang='lat' dir='ltr'><strong>Leucen.</strong></span> <span class='ocrx_word' id='word_1_765' title='bbox 1163 5354 1272 5408; x_wconf 84' lang='lat' dir='ltr'><strong>Illic</strong></span> <span class='ocrx_word' id='word_1_766' title='bbox 1302 5357 1446 5409; x_wconf 89' lang='lat' dir='ltr'><strong>enim</strong></span> <span class='ocrx_word' id='word_1_767' title='bbox 1481 5366 1599 5411; x_wconf 84' lang='lat' dir='ltr'><strong>erat</strong></span> <span class='ocrx_word' id='word_1_768' title='bbox 1626 5368 1677 5413; x_wconf 90' lang='lat' dir='ltr'><strong>et</strong></span> <span class='ocrx_word' id='word_1_769' title='bbox 1713 5360 1993 5425; x_wconf 84' lang='lat' dir='ltr'><strong>templum,</strong></span> 
     </span>
    </p>
   </div>
   <div class='ocr_carea' id='block_1_102' title="bbox 418 5434 1992 5517">
    <p class='ocr_par' dir='ltr' id='par_1_102' title="bbox 418 5434 1992 5517">
     <span class='ocr_line' id='line_1_102' title="bbox 418 5434 1992 5517; baseline 0.009 -28"><span class='ocrx_word' id='word_1_770' title='bbox 418 5434 684 5493; x_wconf 75' lang='lat' dir='ltr'><strong>ut&#39;divini</strong></span> <span class='ocrx_word' id='word_1_771' title='bbox 724 5439 976 5507; x_wconf 86' lang='lat' dir='ltr'><strong>Ephraim</strong></span> <span class='ocrx_word' id='word_1_772' title='bbox 1016 5453 1169 5497; x_wconf 86' lang='lat' dir='ltr'><strong>erant</strong></span> <span class='ocrx_word' id='word_1_773' title='bbox 1215 5461 1384 5500; x_wconf 72' lang='lat' dir='ltr'><strong>sacrae</strong></span> <span class='ocrx_word' id='word_1_774' title='bbox 1427 5450 1674 5514; x_wconf 74' lang='lat' dir='ltr'><strong>reposita:</strong></span> <span class='ocrx_word' id='word_1_775' title='bbox 1731 5449 1992 5517; x_wconf 63' lang='lat' dir='ltr'><strong>reliquiae,</strong></span> 
     </span>
    </p>
   </div>
   <div class='ocr_carea' id='block_1_103' title="bbox 423 5531 1996 5609">
    <p class='ocr_par' dir='ltr' id='par_1_103' title="bbox 423 5531 1996 5609">
     <span class='ocr_line' id='line_1_103' title="bbox 423 5531 1996 5609; baseline 0.008 -24"><span class='ocrx_word' id='word_1_776' title='bbox 423 5541 478 5585; x_wconf 88' lang='lat' dir='ltr'><strong>et</strong></span> <span class='ocrx_word' id='word_1_777' title='bbox 505 5531 699 5586; x_wconf 82' lang='lat' dir='ltr'><strong>festum</strong></span> <span class='ocrx_word' id='word_1_778' title='bbox 729 5533 1105 5591; x_wconf 87' lang='lat' dir='ltr'><strong>celebrabatur</strong></span> <span class='ocrx_word' id='word_1_779' title='bbox 1138 5538 1435 5609; x_wconf 73' lang='lat' dir='ltr'><strong>Splendida.</strong></span> <span class='ocrx_word' id='word_1_780' title='bbox 1475 5539 1566 5595; x_wconf 89' lang='lat' dir='ltr'><strong>llla</strong></span> <span class='ocrx_word' id='word_1_781' title='bbox 1603 5556 1729 5595; x_wconf 88' lang='lat' dir='ltr'><strong>vero</strong></span> <span class='ocrx_word' id='word_1_782' title='bbox 1769 5558 1890 5595; x_wconf 87' lang='lat' dir='ltr'><strong>cum</strong></span> <span class='ocrx_word' id='word_1_783' title='bbox 1931 5544 1996 5597; x_wconf 88' lang='lat' dir='ltr'><strong>ad</strong></span> 
     </span>
    </p>
   </div>
   <div class='ocr_carea' id='block_1_104' title="bbox 425 5631 1998 5700">
    <p class='ocr_par' dir='ltr' id='par_1_104' title="bbox 425 5631 1998 5700">
     <span class='ocr_line' id='line_1_104' title="bbox 425 5631 1998 5700; baseline 0.008 -26"><span class='ocrx_word' id='word_1_784' title='bbox 425 5635 484 5674; x_wconf 82' lang='lat' dir='ltr'><strong>se</strong></span> <span class='ocrx_word' id='word_1_785' title='bbox 514 5635 704 5678; x_wconf 89' lang='lat' dir='ltr'><strong>omnes</strong></span> <span class='ocrx_word' id='word_1_786' title='bbox 750 5640 968 5681; x_wconf 72' lang='lat' dir='ltr'><strong>sorores</strong></span> <span class='ocrx_word' id='word_1_787' title='bbox 1007 5631 1369 5695; x_wconf 89' lang='lat' dir='ltr'><strong>accersiisset,</strong></span> <span class='ocrx_word' id='word_1_788' title='bbox 1401 5631 1482 5685; x_wconf 85' lang='lat' dir='ltr'><strong>his</strong></span> <span class='ocrx_word' id='word_1_789' title='bbox 1516 5632 1690 5686; x_wconf 89' lang='lat' dir='ltr'><strong>verbis</strong></span> <span class='ocrx_word' id='word_1_790' title='bbox 1720 5633 1860 5700; x_wconf 91' lang='lat' dir='ltr'><strong>apud</strong></span> <span class='ocrx_word' id='word_1_791' title='bbox 1904 5648 1998 5687; x_wconf 85' lang='lat' dir='ltr'><strong>eas</strong></span> 
     </span>
    </p>
   </div>
   <div class='ocr_carea' id='block_1_105' title="bbox 423 5713 1999 5792">
    <p class='ocr_par' dir='ltr' id='par_1_105' title="bbox 423 5713 1999 5792">
     <span class='ocr_line' id='line_1_105' title="bbox 423 5713 1999 5792; baseline 0.009 -24"><span class='ocrx_word' id='word_1_792' title='bbox 423 5713 590 5782; x_wconf 70' lang='lat' dir='ltr'><strong>caepit</strong></span> <span class='ocrx_word' id='word_1_793' title='bbox 615 5716 714 5781; x_wconf 88' lang='lat' dir='ltr'><strong>uti,</strong></span> <span class='ocrx_word' id='word_1_794' title='bbox 746 5732 862 5787; x_wconf 69' lang='lat' dir='ltr'><strong>quae</strong></span> <span class='ocrx_word' id='word_1_795' title='bbox 885 5735 1131 5789; x_wconf 82' lang='lat' dir='ltr'><strong>magnam</strong></span> <span class='ocrx_word' id='word_1_796' title='bbox 1165 5725 1438 5778; x_wconf 83' lang='lat' dir='ltr'><strong>habebant</strong></span> <span class='ocrx_word' id='word_1_797' title='bbox 1471 5725 1915 5792; x_wconf 87' lang='lat' dir='ltr'><strong>moderationem,</strong></span> <span class='ocrx_word' id='word_1_798' title='bbox 1945 5736 1999 5782; x_wconf 83' lang='lat' dir='ltr'><strong>et</strong></span> 
     </span>
    </p>
   </div>
   <div class='ocr_carea' id='block_1_106' title="bbox 427 5809 1994 5883">
    <p class='ocr_par' dir='ltr' id='par_1_106' title="bbox 427 5809 1994 5883">
     <span class='ocr_line' id='line_1_106' title="bbox 427 5809 1994 5883; baseline 0.01 -26"><span class='ocrx_word' id='word_1_799' title='bbox 427 5818 532 5859; x_wconf 87' lang='lat' dir='ltr'><strong>una</strong></span> <span class='ocrx_word' id='word_1_800' title='bbox 562 5818 682 5861; x_wconf 90' lang='lat' dir='ltr'><strong>cum</strong></span> <span class='ocrx_word' id='word_1_801' title='bbox 721 5809 1088 5868; x_wconf 84' lang='lat' dir='ltr'><strong>moderatione</strong></span> <span class='ocrx_word' id='word_1_802' title='bbox 1133 5811 1481 5883; x_wconf 74' lang='lat' dir='ltr'><strong>coniunctum</strong></span> <span class='ocrx_word' id='word_1_803' title='bbox 1533 5830 1772 5872; x_wconf 82' lang='lat' dir='ltr'><strong>amorem</strong></span> <span class='ocrx_word' id='word_1_804' title='bbox 1821 5818 1870 5871; x_wconf 89' lang='lat' dir='ltr'><strong>in</strong></span> <span class='ocrx_word' id='word_1_805' title='bbox 1909 5835 1994 5873; x_wconf 84' lang='lat' dir='ltr'><strong>so-</strong></span> 
     </span>
    </p>
   </div>
   <div class='ocr_carea' id='block_1_107' title="bbox 2097 4626 3102 4702">
    <p class='ocr_par' dir='ltr' id='par_1_107' title="bbox 2097 4626 3102 4702">
     <span class='ocr_line' id='line_1_107' title="bbox 2097 4626 3102 4702; baseline 0.003 -22"><span class='ocrx_word' id='word_1_806' title='bbox 2097 4627 2184 4680; x_wconf 78' lang='grc' dir='ltr'><strong>ἀεὶ</strong></span> <span class='ocrx_word' id='word_1_807' title='bbox 2205 4626 2501 4699; x_wconf 52' lang='lat' dir='ltr'><strong>paucos“;</strong></span> <span class='ocrx_word' id='word_1_808' title='bbox 2523 4628 2632 4682; x_wconf 87' lang='grc' dir='ltr'><strong>τῶν</strong></span> <span class='ocrx_word' id='word_1_809' title='bbox 2663 4627 2866 4682; x_wconf 80' lang='grc' dir='ltr'>ὑδάτων</span> <span class='ocrx_word' id='word_1_810' title='bbox 2898 4630 3102 4702; x_wconf 86' lang='grc' dir='ltr'>πηγάς.</span> 
     </span>
    </p>
   </div>
   <div class='ocr_carea' id='block_1_108' title="bbox 2164 4886 3656 4962">
    <p class='ocr_par' dir='ltr' id='par_1_108' title="bbox 2164 4886 3656 4962">
     <span class='ocr_line' id='line_1_108' title="bbox 2164 4886 3656 4962; baseline -0.001 -18"><span class='ocrx_word' id='word_1_811' title='bbox 2164 4893 2268 4946; x_wconf 79' lang='lat' dir='ltr'><strong>lA&#39;.</strong></span> <span class='ocrx_word' id='word_1_812' title='bbox 2319 4889 2535 4962; x_wconf 88' lang='grc' dir='ltr'>Ταύτης</span> <span class='ocrx_word' id='word_1_813' title='bbox 2569 4886 2660 4946; x_wconf 78' lang='grc' dir='ltr'>οὖν</span> <span class='ocrx_word' id='word_1_814' title='bbox 2707 4890 2798 4944; x_wconf 80' lang='grc' dir='ltr'><strong>τὸν</strong></span> <span class='ocrx_word' id='word_1_815' title='bbox 2846 4890 2958 4962; x_wconf 84' lang='grc' dir='ltr'>βίον</span> <span class='ocrx_word' id='word_1_816' title='bbox 3007 4891 3312 4962; x_wconf 80' lang='grc' dir='ltr'>μελλούσης</span> <span class='ocrx_word' id='word_1_817' title='bbox 3358 4892 3656 4952; x_wconf 79' lang='grc' dir='ltr'>ἀπολιπεῖν,</span> 
     </span>
    </p>
   </div>
   <div class='ocr_carea' id='block_1_109' title="bbox 2098 4980 3656 5057">
    <p class='ocr_par' dir='ltr' id='par_1_109' title="bbox 2098 4980 3656 5057">
     <span class='ocr_line' id='line_1_109' title="bbox 2098 4980 3656 5057; baseline 0 -19"><span class='ocrx_word' id='word_1_818' title='bbox 2098 4986 2259 5056; x_wconf 82' lang='grc' dir='ltr'>ἐορτὴ</span> <span class='ocrx_word' id='word_1_819' title='bbox 2310 4987 2408 5052; x_wconf 81' lang='grc' dir='ltr'>μὲν</span> <span class='ocrx_word' id='word_1_820' title='bbox 2470 4980 2537 5055; x_wconf 82' lang='grc' dir='ltr'>ἦν</span> <span class='ocrx_word' id='word_1_821' title='bbox 2606 4984 2700 5038; x_wconf 89' lang='grc' dir='ltr'><strong>τοῦ</strong></span> <span class='ocrx_word' id='word_1_822' title='bbox 2756 4986 3027 5055; x_wconf 81' lang='grc' dir='ltr'>μακαρίου</span> <span class='ocrx_word' id='word_1_823' title='bbox 3082 4985 3341 5056; x_wconf 73' lang='grc' dir='ltr'>Ἐφραὶμ,</span> <span class='ocrx_word' id='word_1_824' title='bbox 3376 4989 3472 5057; x_wconf 83' lang='grc' dir='ltr'><strong>οὑχ</strong></span> <span class='ocrx_word' id='word_1_825' title='bbox 3526 4987 3582 5038; x_wconf 78' lang='grc' dir='ltr'>ὃν</span> <span class='ocrx_word' id='word_1_826' title='bbox 3628 4985 3656 5053; x_wconf 75' lang='grc' dir='ltr'><strong>ἠ</strong></span> 
     </span>
    </p>
   </div>
   <div class='ocr_carea' id='block_1_110' title="bbox 2097 5075 3655 5149">
    <p class='ocr_par' dir='ltr' id='par_1_110' title="bbox 2097 5075 3655 5149">
     <span class='ocr_line' id='line_1_110' title="bbox 2097 5075 3655 5149; baseline 0.002 -21"><span class='ocrx_word' id='word_1_827' title='bbox 2097 5078 2283 5146; x_wconf 76' lang='grc' dir='ltr'>Σύρων</span> <span class='ocrx_word' id='word_1_828' title='bbox 2315 5075 2509 5146; x_wconf 67' lang='grc' dir='ltr'>ἔθρεψε</span> <span class='ocrx_word' id='word_1_829' title='bbox 2549 5076 2802 5146; x_wconf 81' lang='grc' dir='ltr'>γῆ,ἀλλὰ</span> <span class='ocrx_word' id='word_1_830' title='bbox 2846 5078 3127 5147; x_wconf 82' lang='grc' dir='ltr'>γνωρίμου</span> <span class='ocrx_word' id='word_1_831' title='bbox 3168 5082 3262 5130; x_wconf 73' lang='grc' dir='ltr'>καὶ</span> <span class='ocrx_word' id='word_1_832' title='bbox 3311 5079 3568 5149; x_wconf 75' lang='grc' dir='ltr'>συνήθους</span> <span class='ocrx_word' id='word_1_833' title='bbox 3596 5080 3655 5144; x_wconf 79' lang='grc' dir='ltr'>τῇ</span> 
     </span>
    </p>
   </div>
   <div class='ocr_carea' id='block_1_111' title="bbox 2099 5167 3655 5240">
    <p class='ocr_par' dir='ltr' id='par_1_111' title="bbox 2099 5167 3655 5240">
     <span class='ocr_line' id='line_1_111' title="bbox 2099 5167 3655 5240; baseline 0 -20"><span class='ocrx_word' id='word_1_834' title='bbox 2099 5169 2273 5235; x_wconf 86' lang='grc' dir='ltr'>πόλει,</span> <span class='ocrx_word' id='word_1_835' title='bbox 2311 5168 2406 5222; x_wconf 91' lang='grc' dir='ltr'><strong>τοῦ</strong></span> <span class='ocrx_word' id='word_1_836' title='bbox 2439 5167 2528 5222; x_wconf 76' lang='grc' dir='ltr'>τὸν</span> <span class='ocrx_word' id='word_1_837' title='bbox 2561 5168 2771 5239; x_wconf 78' lang='grc' dir='ltr'>θρόνον,</span> <span class='ocrx_word' id='word_1_838' title='bbox 2812 5170 2975 5240; x_wconf 68' lang='grc' dir='ltr'>φημὶ,</span> <span class='ocrx_word' id='word_1_839' title='bbox 3003 5169 3110 5222; x_wconf 84' lang='grc' dir='ltr'><strong>τῶν</strong></span> <span class='ocrx_word' id='word_1_840' title='bbox 3139 5171 3476 5224; x_wconf 79' lang='grc' dir='ltr'>Μυλασσέων</span> <span class='ocrx_word' id='word_1_841' title='bbox 3512 5186 3655 5236; x_wconf 83' lang='grc' dir='ltr'>περι-</span> 
     </span>
    </p>
   </div>
   <div class='ocr_carea' id='block_1_112' title="bbox 2099 5261 3652 5332">
    <p class='ocr_par' dir='ltr' id='par_1_112' title="bbox 2099 5261 3652 5332">
     <span class='ocr_line' id='line_1_112' title="bbox 2099 5261 3652 5332; baseline -0.001 -18"><span class='ocrx_word' id='word_1_842' title='bbox 2099 5261 2282 5331; x_wconf 78' lang='grc' dir='ltr'>φανῶς</span> <span class='ocrx_word' id='word_1_843' title='bbox 2341 5263 2736 5332; x_wconf 79' lang='grc' dir='ltr'>κοσμήσαντος.</span> <span class='ocrx_word' id='word_1_844' title='bbox 2777 5261 2835 5315; x_wconf 88' lang='lat'><strong>&#39;0</strong></span> <span class='ocrx_word' id='word_1_845' title='bbox 2869 5262 3051 5332; x_wconf 81' lang='grc' dir='ltr'>μέντοι</span> <span class='ocrx_word' id='word_1_846' title='bbox 3100 5262 3398 5326; x_wconf 77' lang='grc' dir='ltr'>ἐπίσκοπος</span> <span class='ocrx_word' id='word_1_847' title='bbox 3458 5263 3652 5324; x_wconf 86' lang='grc' dir='ltr'>Παῦλος</span> 
     </span>
    </p>
   </div>
   <div class='ocr_carea' id='block_1_113' title="bbox 2101 5354 3654 5426">
    <p class='ocr_par' dir='ltr' id='par_1_113' title="bbox 2101 5354 3654 5426">
     <span class='ocr_line' id='line_1_113' title="bbox 2101 5354 3654 5426; baseline -0.002 -19"><span class='ocrx_word' id='word_1_848' title='bbox 2101 5357 2196 5407; x_wconf 73' lang='grc' dir='ltr'>σὺν</span> <span class='ocrx_word' id='word_1_849' title='bbox 2219 5355 2338 5423; x_wconf 73' lang='grc' dir='ltr'>ἅμα</span> <span class='ocrx_word' id='word_1_850' title='bbox 2370 5357 2533 5408; x_wconf 80' lang='grc' dir='ltr'>παντὶ</span> <span class='ocrx_word' id='word_1_851' title='bbox 2575 5354 2650 5424; x_wconf 78' lang='grc' dir='ltr'><strong>τῷ</strong></span> <span class='ocrx_word' id='word_1_852' title='bbox 2679 5355 2871 5426; x_wconf 83' lang='grc' dir='ltr'>πλήθει</span> <span class='ocrx_word' id='word_1_853' title='bbox 2905 5356 3004 5425; x_wconf 76' lang='grc' dir='ltr'>τῆς</span> <span class='ocrx_word' id='word_1_854' title='bbox 3022 5354 3251 5419; x_wconf 76' lang='grc' dir='ltr'>πόλεως,</span> <span class='ocrx_word' id='word_1_855' title='bbox 3287 5357 3381 5408; x_wconf 77' lang='grc' dir='ltr'>ἐπὶ</span> <span class='ocrx_word' id='word_1_856' title='bbox 3411 5357 3505 5424; x_wconf 79' lang='grc' dir='ltr'>τὴν</span> <span class='ocrx_word' id='word_1_857' title='bbox 3527 5357 3654 5407; x_wconf 83' lang='grc' dir='ltr'>Λευ-</span> 
     </span>
    </p>
   </div>
   <div class='ocr_carea' id='block_1_114' title="bbox 2098 5445 3651 5520">
    <p class='ocr_par' dir='ltr' id='par_1_114' title="bbox 2098 5445 3651 5520">
     <span class='ocr_line' id='line_1_114' title="bbox 2098 5445 3651 5520; baseline -0.003 -20"><span class='ocrx_word' id='word_1_858' title='bbox 2098 5447 2203 5520; x_wconf 82' lang='grc' dir='ltr'>κὴν</span> <span class='ocrx_word' id='word_1_859' title='bbox 2239 5449 2432 5518; x_wconf 84' lang='grc' dir='ltr'>κώμην</span> <span class='ocrx_word' id='word_1_860' title='bbox 2455 5449 2620 5520; x_wconf 79' lang='grc' dir='ltr'>ἀπῄει</span> <span class='ocrx_word' id='word_1_861' title='bbox 2663 5465 2678 5480; x_wconf 76' lang='grc' dir='ltr'><strong>ο</strong></span> <span class='ocrx_word' id='word_1_862' title='bbox 2716 5450 2832 5502; x_wconf 83' lang='grc' dir='ltr'>ἐκεῖ</span> <span class='ocrx_word' id='word_1_863' title='bbox 2862 5449 2969 5518; x_wconf 87' lang='grc' dir='ltr'>γὰρ</span> <span class='ocrx_word' id='word_1_864' title='bbox 2993 5450 3088 5502; x_wconf 77' lang='grc' dir='ltr'>καὶ</span> <span class='ocrx_word' id='word_1_865' title='bbox 3117 5448 3144 5500; x_wconf 81' lang='grc' dir='ltr'><strong>ὁ</strong></span> <span class='ocrx_word' id='word_1_866' title='bbox 3168 5449 3294 5512; x_wconf 72' lang='grc' dir='ltr'>ναὸς</span> <span class='ocrx_word' id='word_1_867' title='bbox 3325 5445 3412 5520; x_wconf 77' lang='grc' dir='ltr'>ἦν,</span> <span class='ocrx_word' id='word_1_868' title='bbox 3451 5451 3542 5501; x_wconf 83' lang='grc' dir='ltr'><strong>καὶ</strong></span> <span class='ocrx_word' id='word_1_869' title='bbox 3568 5446 3651 5499; x_wconf 75' lang='grc' dir='ltr'><strong>τοῦ</strong></span> 
     </span>
    </p>
   </div>
   <div class='ocr_carea' id='block_1_115' title="bbox 2103 5538 3652 5612">
    <p class='ocr_par' dir='ltr' id='par_1_115' title="bbox 2103 5538 3652 5612">
     <span class='ocr_line' id='line_1_115' title="bbox 2103 5538 3652 5612; baseline -0.003 -19"><span class='ocrx_word' id='word_1_870' title='bbox 2103 5540 2252 5593; x_wconf 85' lang='grc' dir='ltr'>θείου</span> <span class='ocrx_word' id='word_1_871' title='bbox 2281 5541 2522 5612; x_wconf 70' lang='grc' dir='ltr'>Ἐφραὶμ</span> <span class='ocrx_word' id='word_1_872' title='bbox 2551 5540 2697 5611; x_wconf 81' lang='grc' dir='ltr'>ἱερὸν</span> <span class='ocrx_word' id='word_1_873' title='bbox 2722 5541 2982 5594; x_wconf 83' lang='grc' dir='ltr'>ἀπέκειτο</span> <span class='ocrx_word' id='word_1_874' title='bbox 3035 5540 3308 5610; x_wconf 67' lang='grc' dir='ltr'>λείψανον,</span> <span class='ocrx_word' id='word_1_875' title='bbox 3341 5545 3436 5593; x_wconf 76' lang='grc' dir='ltr'>καὶ</span> <span class='ocrx_word' id='word_1_876' title='bbox 3467 5541 3531 5593; x_wconf 69' lang='grc' dir='ltr'><strong>τὰ</strong></span> <span class='ocrx_word' id='word_1_877' title='bbox 3567 5538 3652 5602; x_wconf 77' lang='grc' dir='ltr'>τῆς</span> 
     </span>
    </p>
   </div>
   <div class='ocr_carea' id='block_1_116' title="bbox 2101 5630 3649 5705">
    <p class='ocr_par' dir='ltr' id='par_1_116' title="bbox 2101 5630 3649 5705">
     <span class='ocr_line' id='line_1_116' title="bbox 2101 5630 3649 5705; baseline -0.004 -19"><span class='ocrx_word' id='word_1_878' title='bbox 2101 5634 2294 5704; x_wconf 78' lang='grc' dir='ltr'>ἑορτῆς</span> <span class='ocrx_word' id='word_1_879' title='bbox 2326 5637 2468 5685; x_wconf 68' lang='grc' dir='ltr'>πάνυ</span> <span class='ocrx_word' id='word_1_880' title='bbox 2513 5633 2782 5705; x_wconf 87' lang='grc' dir='ltr'>λαμπρῶς</span> <span class='ocrx_word' id='word_1_881' title='bbox 2819 5633 3072 5686; x_wconf 83' lang='grc' dir='ltr'>ἐτελεῖτο.</span> <span class='ocrx_word' id='word_1_882' title='bbox 3119 5632 3184 5685; x_wconf 80' lang='lat' dir='ltr'><strong>&#39;ll</strong></span> <span class='ocrx_word' id='word_1_883' title='bbox 3215 5633 3271 5685; x_wconf 83' lang='grc' dir='ltr'>δὲ</span> <span class='ocrx_word' id='word_1_884' title='bbox 3308 5633 3484 5694; x_wconf 77' lang='grc' dir='ltr'>πασας</span> <span class='ocrx_word' id='word_1_885' title='bbox 3525 5630 3649 5694; x_wconf 76' lang='grc' dir='ltr'><strong>αὑτῇ</strong></span> 
     </span>
    </p>
   </div>
   <div class='ocr_carea' id='block_1_117' title="bbox 2101 5724 3650 5797">
    <p class='ocr_par' dir='ltr' id='par_1_117' title="bbox 2101 5724 3650 5797">
     <span class='ocr_line' id='line_1_117' title="bbox 2101 5724 3650 5797; baseline -0.015 -8"><span class='ocrx_word' id='word_1_886' title='bbox 2101 5724 2200 5787; x_wconf 63' lang='grc' dir='ltr'><strong>τὰς</strong></span> <span class='ocrx_word' id='word_1_887' title='bbox 2226 5725 2462 5794; x_wconf 73' lang='grc' dir='ltr'>ἀδελφάς</span> <span class='ocrx_word' id='word_1_888' title='bbox 2497 5726 2867 5797; x_wconf 74' lang='grc' dir='ltr'>μετακλήτους</span> <span class='ocrx_word' id='word_1_889' title='bbox 2886 5725 3250 5796; x_wconf 84' lang='grc' dir='ltr'>ποιησαμένη,</span> <span class='ocrx_word' id='word_1_890' title='bbox 3269 5726 3442 5792; x_wconf 72' lang='grc' dir='ltr'>λόγων</span> <span class='ocrx_word' id='word_1_891' title='bbox 3470 5724 3650 5793; x_wconf 73' lang='grc' dir='ltr'>ηρχετο</span> 
     </span>
    </p>
   </div>
   <div class='ocr_carea' id='block_1_118' title="bbox 2100 5812 3650 5891">
    <p class='ocr_par' dir='ltr' id='par_1_118' title="bbox 2100 5812 3650 5891">
     <span class='ocr_line' id='line_1_118' title="bbox 2100 5812 3650 5891; baseline -0.001 -22"><span class='ocrx_word' id='word_1_892' title='bbox 2100 5817 2236 5887; x_wconf 70' lang='grc' dir='ltr'>πρὸς</span> <span class='ocrx_word' id='word_1_893' title='bbox 2269 5819 2435 5882; x_wconf 60' lang='grc' dir='ltr'>αὑτὰς</span> <span class='ocrx_word' id='word_1_894' title='bbox 2486 5820 2721 5884; x_wconf 79' lang='grc' dir='ltr'>τοιῶνδε,</span> <span class='ocrx_word' id='word_1_895' title='bbox 2761 5819 2891 5873; x_wconf 66' lang='grc' dir='ltr'>πολὺ</span> <span class='ocrx_word' id='word_1_896' title='bbox 2933 5819 2989 5873; x_wconf 73' lang='grc' dir='ltr'><strong>τὸ</strong></span> <span class='ocrx_word' id='word_1_897' title='bbox 3023 5821 3239 5890; x_wconf 77' lang='grc' dir='ltr'>μέτριον</span> <span class='ocrx_word' id='word_1_898' title='bbox 3293 5819 3540 5891; x_wconf 69' lang='grc' dir='ltr'>ἐχόντων,</span> <span class='ocrx_word' id='word_1_899' title='bbox 3567 5812 3650 5866; x_wconf 70' lang='grc' dir='ltr'>καὶ</span> 
     </span>
    </p>
   </div>
  </div>
