3828 6484
203 362 312 427 993

1460 367 1636 429 ViTA
1681 369 1742 428 S.
1784 369 2158 430 EUSEBi/E.

3340 376 3447 440 994

203 473 284 545 τῷ
317 471 522 544 μετρίῳ
551 471 997 543 συγκεκραμένον
1031 473 1126 527 καὶ
1171 473 1233 528 τὸ
1275 474 1622 545 φιλάδελφον*
1655 478 1771 530 Κυ-

1879 493 2030 533 rores
2061 478 2337 534 :Dominee
2363 492 2512 546 mea‘,
2537 477 2742 544 dicens,
2768 488 2823 536 et
2841 495 3078 548 sorores,
3101 498 3200 554 ego
3226 485 3443 556 quidem

207 566 322 634 piat
355 581 457 632 μου
489 566 582 616 καὶ
604 564 848 631 ἀδελφαὶ,
878 564 1133 632 λέγουσα,
1167 564 1278 632 ἐγὼ
1310 567 1409 635 μὲν
1446 569 1542 637 τὴν
1576 567 1775 638 πολλὴν

202 655 359 724 ὐμῶν
392 655 518 724 περὶ
543 655 641 722 ἐμὲ
673 654 998 724 κηδεμονίαν
1028 657 1272 725 ἀκριϐῶς
1300 655 1420 709 λίαν
1450 657 1772 726 ἐπίσταμαι,

201 747 297 798 καὶ
337 747 484 807 ὅπως
514 745 668 814 ξένης
699 746 794 798 καὶ
834 744 1155 814 πλανήτιδος
1206 744 1370 815 οὐσης
1417 748 1775 800 ἀντελάὸεσθέ

202 857 308 910 μου
342 839 441 908 τῆς
498 839 804 902 ἀσθενείας,
835 840 932 893 καὶ
962 841 1093 892 εῖσω
1121 840 1233 894 τῶν
1285 841 1566 911 ὑμετέρων
1589 839 1775 893 ἔθεσθε

199 930 546 998 σπλάγχνων,
589 928 684 980 κα)⁸
721 927 1121 998 φιλανθρώπως
1175 931 1324 1000 ήμᾶς
1371 929 1724 1001 ᾠκειώσασθε
1754 944 1770 960 ⁸

199 1019 338 1072 ἀλλά
379 1020 472 1072 καὶ
519 1019 685 1073 τανῦν
732 1021 885 1090 ὐμῶν
932 1021 1138 1091 δέομαι,
1181 1023 1272 1075 ναὶ
1312 1023 1516 1093 σφόδρα
1559 1023 1772 1094 δέομαι,

202 1112 340 1182 μηδέ
371 1110 640 1183 ἀπιούσης
660 1112 802 1185 λήθῃ
824 1114 886 1166 τὸ
907 1113 1040 1183 ἐμὸν
1067 1113 1271 1180 δοῦναι,
1302 1115 1438 1169 ἀλλὰ
1467 1117 1560 1169 καὶ
1584 1116 1766 1186 πολλῷ

202 1203 404 1274 μᾶλλον
432 1205 666 1274 αὐξῆσαι
701 1205 761 1256 τὸ
807 1204 1052 1276 φίλτρον,
1083 1208 1178 1260 καὶ
1219 1208 1319 1277 τὴν
1381 1206 1520 1278 ἐμὴν
1553 1209 1774 1278 μνήμην

199 1295 552 1365 ἀνάγραπτον
582 1296 702 1356 ταῖς
725 1294 881 1364 ὐμῶν
905 1295 1079 1358 ὁσίαις
1101 1297 1404 1367 ἐγχαράξαι
1432 1297 1650 1368 ψυχαῖς,
1679 1300 1775 1352 καὶ

199 1387 368 1455 ήνίκα
393 1385 436 1438 δ’
466 1385 532 1439 ἂν
561 1386 657 1439 καὶ
694 1384 814 1457 Θεῷ
845 1387 1243 1458 προσέρχησθε,
1280 1390 1376 1442 καὶ
1403 1392 1591 1460 χεῖρας
1622 1390 1773 1454 ὁσίας

196 1479 392 1549 αῐρητε
425 1477 559 1546 πρὸς
586 1477 772 1542 αὐτὸν,
811 1479 907 1531 καὶ
935 1476 1070 1549 ἐμοῦ
1122 1478 1224 1546 τῆς
1275 1479 1522 1542 εὐτελοῦς
1563 1480 1678 1549 (καὶ
1721 1478 1773 1532 τί

197 1572 308 1641 γὰρ
335 1570 516 1640 ἀλλοῆ
547 1569 735 1641 δούλης
764 1569 917 1640 ὐμῶν
943 1571 982 1640 ;)
1015 1570 1163 1642 είήτε
1200 1572 1564 1642 μεμνημέναι.
1587 1569 1773 1634 Οὐτως

199 1662 312 1730 ἐγὼ
344 1663 494 1725 ζῶσα
543 1663 639 1716 καὶ
689 1663 954 1725 ἀθάνατος
992 1662 1209 1734 ἔσομαι,
1237 1663 1330 1718 καὶ
1381 1664 1520 1733 μετά
1542 1664 1694 1727 τέλος
1723 1663 1778 1717 εἴ

199 1771 284 1816 τις
317 1754 566 1824 αἴσθησις
619 1754 988 1825 διαφερόντως
1024 1754 1358 1826 ἡσθήσομαι.
1384 1754 1499 1808 Νῦν
1534 1755 1661 1824 γὰρ,
1695 1754 1771 1817 ὠς

199 1845 335 1916 ὀρᾷν
396 1821 527 1915 ἔχω,
586 1821 735 1908 τέλος
784 1821 907 1915 ’ἔχει
948 1844 1016 1898 τὰ
1044 1821 1166 1898 καθ;
1221 1821 1390 1916 ήμᾶς,
1416 1845 1510 1898 καί
1546 1821 1630 1915 -μέ
1689 1861 1770 1907 τις
1800 1821 1848 1881 Β

200 1936 359 2006 ὀδύνη
392 1939 623 2007 συνέχει,
661 1935 756 1990 καὶ
792 1936 956 2006 φόϐος
985 1939 1222 2008 ἀρρητος
1256 1937 1482 1990 διασείει
1521 1955 1622 2008 μου
1672 1936 1772 2008 τὴν

201 2028 454 2100 καρδίαν,
486 2029 560 2098 μή
599 2045 688 2097 μοι
715 2027 983 2094 γένωνται
1018 2028 1268 2098 ἐμποδὼν
1291 2031 1346 2082 αί
1369 2029 1563 2082 πολλαὶ
1589 2029 1771 2098 ἁμαρ-

200 2119 316 2172 τίαι
385 2134 507 2186 μου,
543 2119 637 2172 καὶ
687 2121 784 2189 τῆς
835 2119 970 2188 πρὸς
1019 2119 1150 2173 θεὸν
1194 2118 1497 2189 άπείρξωσι
1557 2119 1768 2191 τρίϐου.

214 2209 355 2264 Ἀλλ’
389 2207 610 2279 εὕροιμι
639 2208 737 2270 τὰς
778 2208 928 2278 ὐμῶν
966 2210 1115 2279 ίεράς
1138 2209 1325 2280 εὐχὰς,
1356 2209 1584 2280 ὁδηγοὺς
1634 2211 1772 2278 ἀγα.-

198 2300 318 2363 θάς,
367 2301 460 2352 καὶ
494 2299 591 2367 τὴν
631 2298 748 2352 ὀδόν
794 2315 884 2370 μοι
914 2297 1116 2368 ταύτην
1175 2300 1603 2370 εὐμαριζούσας.
1656 2303 1771 2354 Κά-

201 2395 352 2444 κεῖνο
375 2390 432 2442 δὲ
461 2391 623 2445 πάλιν
666 2391 728 2443 οὐ
762 2391 996 2461 μετρίως
1025 2390 1249 2461 θράττει
1284 2409 1393 2461 μου
1419 2392 1517 2463 τὴν
1569 2392 1768 2465 ψυχὴν,

197 2485 280 2535 ὅτι
307 2484 403 2537 καὶ
422 2481 632 2536 Παύλου
658 2483 750 2536 τοῦ
777 2484 955 2536 κοινοῦ
980 2487 1214 2556 πατέρος
1233 2486 1652 2556 άπολέλειμμαι,
1678 2489 1772 2541 καὶ

197 2575 322 2628 οὐδέ
348 2575 508 2638 αὐτὸς
531 2576 655 2645 ἄρτι
687 2576 944 2642 τυγχάνει
978 2577 1168 2647 παρὼν
1202 2578 1631 2650 ὐπερευξόμενός
1669 2596 1770 2649 μου

202 2663 304 2732 τῆς
336 2663 665 2733 ἀποδημίας,
691 2664 785 2716 καὶ
816 2664 1034 2732 ἀγαθῶν
1070 2667 1300 2719 ἐλπίδων
1343 2669 1441 2721 οὐκ
1476 2669 1660 2739 ἔρημα
1705 2671 1774 2723 τὰ

199 2755 324 2806 ἐκεῖ
361 2771 448 2824 μοι
471 2755 652 2823 θήσων
685 2770 700 2786 ⁸
735 2755 851 2808 ἀλλ’
885 2756 1043 2826 ὑμεῖς
1095 2775 1159 2826 γε
1191 2758 1401 2812 ἐλθόντι
1435 2760 1650 2825 εἴπατε,
1676 2761 1774 2814 καὶ

206 2847 328 2902 ἀνθ’
355 2847 510 2916 ἡμῶν
540 2847 817 2918 ἐπιμελῶς
855 2852 999 2902 πάνυ
1038 2849 1290 2920 δεήθητε,
1323 2853 1396 2922 μὴ
1420 2853 1773 2906 ἐπιλαθέσθαι

205 2958 313 3012 μου
356 2942 451 3010 τῆς
478 2942 667 3011 Ξένης,
694 2943 761 3013 ἢν
802 2942 967 3007 αὐτὸς
997 2945 1140 2998 κατά
1181 2943 1274 2996 τὸν
1330 2945 1568 3015 Χριστοῦ
1614 2945 1778 3015 λόγου

205 3037 506 3106 συνήγαγε,
540 3039 633 3089 καὶ
658 3036 793 3105 πρὸς
818 3035 1020 3107 ταύτην
1054 3038 1230 3114 ήγαγε
1261 3036 1358 3108 τὴν
1381 3038 1523 3092 ὀδόν.

273 3129 378 3184 ΙΒ’.
416 3129 602 3182 Ταῦτα
647 3130 816 3200 αὐτῆς
848 3129 1134 3198 λεγούσης,
1166 3132 1399 3185 ἀστακτὶ
1451 3131 1512 3184 τὸ
1537 3131 1772 3203 δάκρυον
1800 3161 1845 3222 c

199 3225 404 3288 πάσαις
448 3225 684 3296 ἀπέρρει
717 3225 825 3277 τῶν
857 3224 1154 3294 ὀφθαλμῶν
1176 3224 1324 3296 λύπῃ
1369 3241 1430 3277 τε
1474 3225 1773 3296 ἀπορρήτῳ

198 3316 302 3386 τὴν
343 3314 524 3385 ψυχὴν
557 3316 994 3387 ἐσπαράττοντο,
1031 3313 1128 3367 καὶ
1174 3315 1380 3386 ἀθυμίᾳ
1449 3315 1770 3385 συνείχοντο,

197 3408 299 3461 καὶ
324 3409 484 3461 οἱονεὶ
517 3410 704 3477 κοινῆς
759 3407 965 3477 μητρὸς
1001 3408 1095 3460 κα).
1128 3406 1447 3474 φιλόπαιδος
1480 3405 1772 3478 ἀπιούσης.

199 3499 390 3568 κύκλῳ
408 3500 826 3572 περιιστάμεναι
853 3500 954 3570 τὴν
983 3499 1246 3570 ὀρφανίαν
1263 3499 1530 3570 ὠδύροντο
1549 3514 1564 3528 ⁸
1596 3499 1775 3570 πολλῷ

199 3591 258 3645 δὲ
288 3592 451 3645 πλέον
496 3592 607 3647 τῶν
636 3591 729 3645 δύο
757 3590 1150 3664 θεραπαινίδων
1185 3592 1376 3662 αὐτῆς,
1419 3590 1484 3654 ἃς
1532 3592 1628 3644 καὶ
1677 3591 1775 3662 τῆς

201 3687 382 3756 φυγῆς
409 3680 520 3756 εἶχε
549 3686 644 3738 καλ⁸
674 3684 770 3756 τῆς
799 3687 856 3738 ἐν
896 3686 961 3756 τῇ
989 3683 1114 3757 ξένῃ
1152 3683 1431 3753 διαγωγῆς
1461 3685 1773 3747 κοινωνοὺς,

204 3777 261 3830 τὸ
290 3776 460 3840 πάθος
481 3777 704 3847 ἥπτετο.
739 3775 944 3830 Πολλοῦ
978 3775 1128 3844 γοῦν,
1161 3774 1236 3839 ὡς
1283 3774 1451 3842 είκὺς,
1490 3774 1774 3844 κλαυθμοῦ

201 3869 299 3924 καὶ
329 3868 578 3938 οἰμωγῆς
604 3868 698 3920 καὶ
724 3867 962 3938 ταράχου
989 3867 1428 3937 συγκινηθέντος,
1468 3867 1545 3930 είς
1595 3861 1776 3920 οἶκτον

202 3963 299 4018 καὶ
325 3961 465 4032 αὐτὴ
490 3961 586 4014 καὶ
626 3960 836 4030 δάκρυα
869 3959 896 4012 θ
914 3960 1060 4030 ερμὰ
1092 3959 1399 4032 κατηνέχθη
1422 3975 1436 3990 ⁸
1472 3958 1612 4031 πλὴν
1640 3957 1777 4012 ἀλλὰ

203 4056 399 4109 θᾶττον
431 4053 569 4124 αὐτή
622 4069 682 4105 τε
721 4051 1009 4123 ἀνήνεγκε,
1038 4052 1318 4114 κάκείναις
1372 4051 1602 4123 παρῄνει
1666 4051 1775 4104 τῶν

201 4148 456 4220 ὀδυρμῶν
515 4145 794 4217 άφεμένας
831 4145 1030 4207 ἐαυτὰς
1082 4143 1443 4226 εὐτρεπίζειν,
1474 4134 1572 4197 καὶ
1619 4141 1776 4196 τοῦτο

208 4239 409 4309 μᾶλλον
461 4240 682 4292 σκοπεῖν
710 4279 726 4305 ,
771 4238 958 4299 Ὅπως
994 4236 1069 4306 μὴ
1113 4237 1169 4288 ἐν
1224 4235 1302 4307 τῷ
1361 4235 1525 4301 τέλει,
1586 4237 1774 4306 φησὶν,

203 4333 331 4398 ἄξια
384 4331 633 4404 δακρύων
728 4330 796 4384 τὰ
859 4331 1130 4400 ἡμέτερα.
1163 4329 1256 4379 Δεῖ
1302 4327 1410 4398 γὰρ
1443 4327 1539 4390 τὰς
1589 4327 1774 4398 φρονί-

204 4445 341 4495 μους
394 4427 502 4480 τῶν
553 4425 840 4496 παρθένων
884 4422 1147 4493 ζηλῶσαι,
1207 4422 1302 4475 καὶ
1353 4421 1450 4483 τὰς
1491 4419 1775 4491 λαμπάδας

1878 577 2146 634 magnam,
2201 579 2362 633 quam
2403 565 2510 620 mei
2549 565 2818 635 gessistis,
2845 585 3029 623 curam
3061 582 3204 624 recte
3231 573 3365 635 scio,
3391 580 3449 628 et

1877 656 2331 721 quemadmodum
2355 671 2474 708 cum
2505 672 2676 711 essent
2703 669 2923 712 externa
2950 671 3002 713 et
3035 676 3244 728 errans,
3271 679 3444 718 meam

1875 745 2194 814 suscepistis
2220 747 2662 814 imbecillitatem,
2689 760 2741 801 et
2765 754 2902 804 intra
2925 763 3102 805 vestra
3129 754 3333 808 viscera
3357 769 3445 823 po-

1875 837 2122 903 sueritis,
2155 853 2346 906 meque
2388 841 2616 910 benigne
2641 843 2790 898 vobis
2817 842 3069 898 eﬂecistis
3094 845 3441 902 familiarem.

1877 927 1982 983 Sed
2001 930 2282 984 nuncmihi
2298 931 2450 986 vobis
2466 942 2547 986 est
2562 947 2717 1001 opus,
2737 935 2910 999 valde,
2933 936 3174 1002 inquam,
3187 945 3270 992 est
3284 953 3442 1007 opus,

1874 1032 1934 1078 ut
1961 1038 2062 1078 nec
2092 1039 2215 1078 cum
2251 1038 2552 1086 recessero,
2584 1040 2668 1079 me
2703 1027 2964 1081 mandetis
2997 1028 3254 1082 oblivioni
3287 1047 3300 1083 :
3351 1031 3445 1085 sed

1876 1113 2044 1168 multo
2069 1115 2240 1184 magis
2276 1130 2512 1170 amorem
2537 1116 2795 1185 augeatis,
2825 1127 2878 1172 et
2906 1119 3011 1172 mei
3049 1121 3362 1173 memoriam

1871 1202 2068 1256 vestris
2093 1205 2295 1259 sanctis
2322 1204 2522 1259 animis
2555 1206 2884 1274 descriptam
2909 1220 2962 1261 et
2979 1208 3296 1276 impressam
3315 1225 3448 1263 con-

1873 1295 2140 1349 servetis:
2173 1305 2229 1350 et
2252 1297 2462 1365 quando
2496 1299 2562 1351 ad
2597 1296 2764 1352 Deum
2810 1300 3100 1364 accedetis,
3131 1309 3188 1354 et
3229 1310 3449 1376 sanctas

1875 1402 2066 1443 manus
2111 1387 2180 1442 ad
2230 1387 2403 1458 ipsum
2456 1390 2675 1456 tolletis,
2720 1406 2852 1447 meae
2899 1407 3113 1462 quoque
3149 1393 3366 1448 humilis
3391 1401 3449 1449 et

1873 1479 2120 1548 abjectae,
2165 1488 2220 1534 et
2259 1481 2387 1547 quid
2440 1481 2608 1546 aliud,
2641 1482 2743 1536 nisi
2790 1495 2983 1537 vestra:
3025 1483 3272 1536 ancillae?
3326 1485 3448 1539 sitis

1873 1583 2163 1625 memores.
2207 1571 2299 1626 Sic
2332 1586 2430 1642 ego
2473 1586 2570 1627 ero
2600 1574 2718 1627 viva
2755 1582 2810 1627 et
2857 1574 3202 1638 immortalis,
3242 1582 3297 1628 et
3326 1581 3448 1644 post

1874 1660 2035 1716 linem
2065 1663 2109 1717 si
2139 1662 2283 1720 ullus
2308 1675 2393 1719 est
2415 1679 2630 1728 sensus,
2665 1663 2820 1720 valde
2844 1665 3085 1722 letabor.
3114 1666 3269 1721 Nunc
3301 1667 3448 1722 enim

1873 1764 2133 1821 quantum
2178 1771 2398 1826 possum
2447 1757 2667 1822 videre,
2728 1758 2860 1812 mihi
2913 1759 3038 1814 linis
3077 1759 3346 1825 imminet,
3392 1768 3450 1815 et

1876 1847 2118 1912 quaedam
2166 1849 2363 1916 premit
2412 1849 2698 1915 molestia,
2741 1859 2796 1904 et
2836 1851 3236 1920 inexplicabilis
3271 1861 3448 1908 metus

1875 1948 1970 1988 cor
2002 1949 2177 1989 meum
2208 1937 2394 2006 agitat,
2427 1953 2496 1991 ne
2536 1938 2646 1992 sint
2695 1940 2824 1995 mibi
2860 1941 3247 2011 impedimento
3280 1940 3444 1994 multa

1875 2039 1991 2078 mea
2031 2027 2274 2094 peccata,
2306 2036 2362 2081 et
2392 2040 2612 2084 arceant
2644 2031 2712 2084 ab
2741 2046 2826 2099 ea,
2855 2046 2975 2101 qua:
3004 2033 3071 2085 ad
3105 2032 3274 2086 Deum
3328 2039 3450 2086 ten-

1873 2114 1972 2178 dit,
2005 2116 2089 2169 via
2121 2135 2136 2172 :
2171 2120 2264 2173 sed
2297 2119 2566 2174 itm-niam
2599 2135 2787 2175 sacras
2817 2133 3020 2177 vestras
3057 2137 3244 2192 preces
3278 2123 3448 2180 bonas

1872 2206 2062 2274 duces,
2091 2216 2146 2262 et
2179 2211 2318 2266 hanc
2350 2211 2482 2266 tnihi
2509 2211 2646 2266 viam
2689 2212 2976 2270 reddentes
3008 2214 3220 2270 facilem
3264 2226 3319 2272 et
3346 2230 3446 2272 ex-

1875 2302 2134 2372 peditam.
2164 2305 2337 2378 Porro
2364 2318 2543 2362 autem
2591 2307 2718 2362 illud
2745 2323 2961 2378 quoque
3007 2325 3187 2364 memn
3221 2325 3324 2364 non
3352 2325 3450 2381 pa-

1873 2409 2017 2465 rum.
2044 2401 2334 2452 conturbat
2385 2399 2646 2464 animum,
2699 2401 2841 2469 quod
2875 2411 2931 2456 et
2967 2417 2996 2455 a
3041 2402 3206 2458 Paulo
3254 2404 3446 2459 absum

1873 2490 2146 2545 communi
2179 2501 2365 2545 nostro
2399 2502 2572 2560 patre,
2603 2492 2694 2562 qui
2738 2506 2987 2562 precatus
3018 2506 3163 2552 esset
3194 2512 3292 2564 pro
3326 2512 3447 2554 meo

1874 2581 2120 2646 decessu,
2153 2591 2209 2635 et
2247 2583 2532 2646 elfecisset,
2562 2593 2615 2637 ut
2647 2599 2755 2638 non
2788 2585 2927 2639 bona
2957 2602 3050 2654 spe
3080 2589 3288 2642 deiecta
3322 2588 3448 2643 illnc

1873 2670 2268 2744 proﬁciscerer.
2317 2671 2422 2725 Sed
2455 2687 2548 2726 vos
2596 2674 2646 2727 id
2693 2675 2740 2729 ei
2787 2690 2910 2730 cum
2942 2677 3150 2730 venerit
3181 2678 3364 2740 dicite,
3394 2687 3450 2732 et

1874 2777 1972 2832 pro
2021 2763 2179 2817 nobis
2222 2765 2572 2820 vehementer
2609 2775 2786 2832 orate,
2830 2783 2897 2822 ne
2933 2767 3042 2822 mci
3093 2767 3451 2828 obliviscatur

1876 2852 2138 2925 Hospitte,
2171 2870 2330 2924 quam
2358 2859 2470 2926 ipse
2489 2861 2877 2916 convenienter
2905 2858 3107 2916 Christi
3138 2862 3284 2917 dicto
3315 2861 3434 2918 col-

1875 2943 2025 3016 legit,
2061 2951 2118 3000 et
2147 2945 2200 3000 in
2231 2946 2372 3001 hanc
2410 2949 2550 3002 viam
2581 2948 2822 3004 deduxit.

1948 3124 2062 3182 ΧΠ.
2093 3127 2220 3183 Ιίιιξο
2252 3143 2374 3184 cum
2410 3142 2473 3183 ea
2506 3129 2730 3192 diceret,
2764 3127 3015 3183 omnibus
3044 3129 3298 3197 lacryma:
3321 3139 3448 3195 pro-

1877 3219 2111 3275 iiut-bant
2143 3237 2208 3276 ex
2241 3221 2437 3286 oculis,
2477 3232 2531 3274 et
2565 3222 2768 3286 dolore,
2817 3221 2908 3290 qui
2939 3219 3042 3274 dici
3098 3235 3202 3273 non
3247 3225 3446 3287 pelest,

1878 3328 2064 3368 earum
2093 3314 2441 3367 cruciabatur
2462 3313 2694 3377 animus,
2729 3321 2784 3367 et
2807 3315 2956 3382 gravi
2983 3326 3216 3368 maerore
3245 3310 3448 3381 atilige-

1877 3408 2096 3472 bantur,
2122 3417 2175 3462 et
2214 3419 2398 3478 utpote
2426 3409 2696 3463 communi
2724 3418 2779 3462 et
2811 3406 3043 3461 ﬁliorum
3075 3404 3448 3459 amantissima

1878 3509 2051 3553 matre
2100 3499 2408 3567 recedente,
2453 3500 2506 3553 in
2549 3499 2734 3554 orbem
2769 3497 3252 3561 circumsistentes,
3285 3493 3450 3547 delle-

1877 3588 2005 3644 bant
2036 3589 2323 3645 orbitatem
2358 3607 2374 3644 :
2407 3589 2572 3643 multo
2600 3598 2778 3646 autem
2829 3589 3000 3658 magis
3029 3589 3164 3641 duas
3199 3585 3449 3650 ancillas,

1877 3695 2011 3750 quas
2038 3690 2094 3734 et
2125 3679 2264 3749 [υκαι
2297 3691 2351 3734 et
2393 3679 2536 3744 vitae,
2565 3694 2684 3749 quae
2719 3679 2774 3732 in
2804 3687 3034 3732 externa
3063 3678 3284 3746 regione
3327 3683 3448 3729 acta

1877 3782 1982 3837 est,
2013 3773 2204 3828 habuit
2234 3771 2434 3835 socias,
2465 3771 2644 3840 attigit
2673 3779 2852 3823 motus
2882 3769 3069 3823 animi.
3099 3769 3232 3823 Cum
3268 3769 3451 3834 itaque

1879 3865 2104 3930 multus,
2149 3872 2208 3919 ut
2250 3879 2350 3934 par
2394 3869 2498 3930 est,
2550 3861 2707 3918 ﬂetus
2761 3862 3046 3930 luctusque
3087 3870 3142 3914 et
3189 3857 3451 3914 tumultus

1879 3968 2024 4013 esset
2073 3958 2364 4022 excitatus,
2411 3957 2462 4010 ei
2494 3970 2708 4027 quoque
2734 3969 2921 4011 earnm
2954 3953 3230 4008 miserenti
3262 3952 3452 4008 calida

1880 4049 2198 4104 decidebant
2225 4049 2495 4118 lacrymte.
2533 4045 2796 4102 Caeterum
2829 4053 2882 4101 et
2907 4046 3022 4115 ipsa
3052 4045 3158 4099 cito
3186 4045 3252 4096 ad
3276 4058 3336 4100 se
3361 4057 3453 4096 rc-

1879 4143 2000 4209 diit,
2054 4149 2108 4196 et
2156 4141 2273 4195 illas
2323 4151 2407 4196 est
2458 4139 2788 4203 exhortata,
2835 4148 2894 4192 ut
2943 4137 3146 4191 relictis
3199 4134 3451 4198 ﬂetibus,

1879 4234 2088 4302 scipsas
2131 4241 2516 4300 componerent
2559 4241 2613 4286 et
2657 4231 2761 4285 hoc
2797 4230 2978 4298 potius
3009 4229 3452 4292 considerarent,

1881 4339 1948 4379 ne
1974 4324 2028 4378 in
2061 4325 2165 4378 tiue
2195 4326 2321 4393 ipsa:
2345 4333 2526 4378 essent
2554 4322 2749 4394 dignae,
2779 4337 2898 4391 quae
2928 4320 3245 4375 deﬂeantur.
3279 4317 3454 4386 Opor-

1882 4400 1956 4472 tet
1981 4418 2150 4482 enim,
2201 4417 2395 4485 inquit,
2429 4431 2526 4471 vos
2565 4418 2860 4486 prudentes
2911 4416 3109 4469 imitari
3146 4413 3385 4483 virgines
3406 4409 3451 4476 ⁵,

203 4518 434 4588 ἀνάψαι,
479 4517 578 4570 καὶ
622 4515 780 4569 τοῦτο
833 4515 1022 4568 θέσθαι
1061 4513 1151 4566 διὰ
1198 4512 1499 4582 φροντίδος,
1529 4511 1668 4564 ὥστε
1711 4513 1775 4583 δὴ

1882 4519 1934 4563 et
1966 4511 2260 4563 accendere
2289 4508 2583 4576 lampades,
2616 4519 2670 4562 et
2708 4509 2808 4562 hoc
2837 4520 3053 4570 curare,
3090 4512 3146 4557 ut
3173 4505 3226 4558 in
3257 4502 3454 4558 vestris

206 4611 300 4662 καὶ
328 4607 506 4660 ἔλαιον
535 4608 591 4660 ἐν
640 4610 754 4670 τοῖς
798 4606 1047 4673 ἀγγείοις
1089 4604 1300 4657 λαϐεῖν.
1357 4603 1668 4674 Ἐμέμνητο
1723 4603 1776 4655 δὲ

1882 4601 2028 4656 vasis
2052 4601 2336 4670 accipiatis
2361 4601 2562 4655 oleum.
2592 4599 2760 4654 Porro
2786 4610 2964 4652 autem
2995 4597 3300 4649 divinorum
3327 4608 3456 4663 quo-

207 4703 306 4756 καὶ
362 4701 522 4753 θείων
563 4699 843 4771 ῥημάτων,
870 4699 955 4750 ὅτι
983 4698 1074 4766 Μὴ
1107 4697 1360 4766 βραδυνεῖ
1416 4695 1638 4764 Κύριος·
1661 4695 1776 4766 ἥξει

1882 4705 1985 4761 que
2016 4692 2298 4746 verborum
2335 4691 2601 4755 meminit,
2632 4694 2772 4758 quod
2802 4688 2916 4742 Non
2948 4687 3122 4741 tardat
3154 4683 3454 4748 Dominus;

207 4795 316 4862 γάρ
361 4793 395 4862 ἡ
453 4791 633 4861 ἡμέρα
675 4789 880 4862 Κυρίου
915 4788 989 4850 ὡς
1048 4787 1307 4858 κλέπτης.
1377 4785 1534 4841 Ἐπεὶ
1586 4785 1644 4838 δὲ
1691 4785 1784 4838 καλ

213 4885 356 4957 μετά
451 4887 550 4953 τὴν
625 4883 956 4954 παραίνεσιν
1018 4881 1097 4934 ἐτι
1161 4880 1361 4951 μᾶλλον
1443 4878 1613 4942 αὐτὰς
1670 4874 1783 4948 εἶχε

209 4979 271 5030 τὸ
342 4975 576 5040 πένθος,
644 4976 739 5027 καὶ
831 4973 931 5040 τῆς
1002 4972 1188 5042 κλίνης
1264 4971 1386 5026 λίαν
1463 4970 1784 5043 περιπαθῶς

215 5070 448 5141 εἴχοντο,
475 5067 572 5122 καὶ
605 5067 728 5120 οὐδὲ
787 5065 983 5137 μικρὸν
1041 5063 1348 5132 ἀποστῆναι
1383 5061 1586 5131 ταύτης
1639 5060 1788 5130 ήνεί-

214 5177 391 5233 χοντο⁸
417 5161 556 5232 αὐτη
591 5162 687 5214 καὶ
715 5162 904 5230 χεῖρας
957 5158 1049 5210 καὶ
1089 5157 1315 5227 ὄμματα
1375 5155 1511 5225 πρὸς
1555 5155 1786 5226 οὐρανὸν

213 5255 412 5323 ἄρασα,
439 5253 530 5306 καὶ
577 5254 688 5314 τοῖς
729 5251 836 5304 τῶν
883 5248 1180 5320 ὀφθαλμῶν
1229 5249 1458 5318 δάκρυσι
1491 5247 1588 5319 τήν
1635 5247 1784 5300 ἔνδον

209 5344 457 5398 διάθεσιν
484 5345 586 5414 τῆς
630 5344 808 5414 ψυχῆς
844 5341 1286 5412 ἀπαγγέλλουσα,
1331 5338 1390 5393 Ὀ
1419 5339 1570 5404 Θεὸς,
1604 5338 1730 5409 ἔφη,
1760 5340 1789 5392 ὀ

215 5442 395 5492 πάντα
423 5455 512 5506 μοι
541 5439 703 5508 μέχρι
731 5437 826 5489 τοῦ
865 5434 960 5489 νῦν
994 5432 1486 5503 φιλανθρωπότατα
1516 5430 1778 5498 γεγονὼς,

210 5533 304 5585 καὶ
333 5531 538 5600 πατὴρ,
572 5529 668 5580 καὶ
700 5529 912 5598 μήτηρ,
955 5525 1049 5579 καὶ
1079 5523 1300 5596 τροφὸς,
1330 5522 1428 5574 καὶ
1461 5521 1688 5593 πατρὶς,
1721 5521 1783 5574 τὸ

212 5621 373 5690 μόνον
394 5621 489 5674 καὶ
515 5619 612 5689 ήδύ
642 5619 739 5690 τῆς
770 5619 927 5688 ξένης
950 5615 1082 5688 ἐμοῦ
1116 5613 1478 5685 παραμύθιον,
1506 5613 1667 5676 αὐτός
1713 5630 1780 5683 με

280 5802 306 5835 ⁸
339 5802 526 5856 Matth.
563 5797 767 5867 xxv,4.

1885 4783 2062 4834 veniet
2101 4782 2242 4833 enim
2291 4781 2407 4835 dies
2443 4781 2653 4834 Domini
2686 4781 2830 4834 sicut
2857 4777 2963 4831 fur.
3008 4776 3145 4839 Cum
3174 4787 3304 4828 vero
3335 4785 3457 4843 post

1885 4873 2307 4928 admonitionem
2336 4873 2518 4942 lugere
2552 4874 2723 4943 magis
2749 4880 3060 4942 pergerent,
3087 4879 3142 4922 et
3174 4867 3316 4922 lecto
3349 4867 3458 4918 ha:-

1887 4975 2072 5019 rerent
2098 4963 2253 5020 valde
2281 4964 2684 5029 miserabiliter,
2715 4973 2770 5016 et
2805 4975 2904 5015 nec
2926 4960 3207 5014 minimum
3239 4953 3456 5026 quidem

1888 5057 1956 5111 ab
1991 5071 2055 5111 eo
2086 5057 2364 5112 discedere
2398 5056 2748 5117 sustinerent,
2784 5053 2901 5122 ipsa
2929 5065 3053 5105 cum
3086 5059 3140 5104 et
3178 5061 3373 5103 manus
3405 5055 3461 5100 et

1888 5149 2072 5205 oculos
2103 5151 2168 5203 ad
2201 5150 2395 5202 omium
2442 5146 2775 5208 sustulisset,
2810 5151 2864 5198 et
2894 5143 3176 5197 oculorum
3206 5136 3460 5208 lacrymis

1891 5244 2156 5298 internam
2186 5241 2352 5294 animi
2386 5241 2745 5310 signiﬁcasset
2784 5236 3150 5297 allectionem,
3181 5231 3342 5294 Deus,
3375 5230 3459 5283 in-

1889 5337 2028 5407 quit,
2057 5336 2147 5406 qtti
2177 5335 2227 5388 in
2261 5334 2774 5401 hodiernum-usque
2815 5329 2958 5385 diem
2989 5327 3170 5382 omnia
3196 5324 3324 5380 mihi
3354 5319 3463 5374 fui-

1892 5430 1960 5482 sti
1989 5425 2396 5496 benignissime,
2423 5433 2644 5496 pateret
2662 5434 2833 5478 mater
2859 5427 2914 5477 et
2944 5420 3150 5482 nutrix,
3185 5425 3237 5473 et
3266 5415 3460 5486 patria,

1893 5520 2065 5576 solum
2096 5531 2149 5574 et
2170 5519 2464 5587 jucundum
2493 5517 2597 5572 mei
2627 5515 2852 5587 hospitae
2877 5513 3152 5573 Solatium,
3184 5509 3298 5576 ipse
3325 5519 3464 5574 quo—

1892 5629 2019 5683 que.
2038 5610 2516 5682 Domine,dignare
2531 5624 2618 5666 me
2641 5607 3089 5679 nianesuscipere
3110 5605 3163 5659 in
3176 5609 3463 5669 supernam
