3828 6462
410 354 523 417 995

1670 355 1958 421 MENSIS
1995 359 2132 423 IAN
2143 361 2456 427 UARIUS.

3584 374 3680 440 996

403 468 658 541 patrium,
685 477 829 526 tuam
847 471 1120 528 civitatem
1148 469 1475 529 Jerusalem.
1504 467 1777 528 Memento
1803 480 1977 529 autem

2090 476 2185 530 καὶ
2211 475 2307 530 νῦν
2320 478 2403 543 είς
2422 478 2523 550 τὴν
2539 478 2654 535 ἀνω
2680 480 3030 557 πατρίδα’τὴν
3064 484 3222 541 πόλιν
3243 485 3346 559 τὴν
3366 487 3467 561 σὴν
3492 488 3682 563 Ἰερου-

403 563 595 620 barum
625 574 842 634 quoque
869 564 1139 630 omnium,
1171 578 1294 629 quae
1333 562 1466 618 mihi
1501 562 1801 619 secundum
1834 564 1997 635 spiri-

403 663 516 711 tum
545 656 850 725 conjuncta:
874 668 1024 723 sunt,
1051 665 1109 710 ut
1131 669 1370 723 sorores,
1401 662 1456 710 et
1497 669 1762 711 conserva
1788 670 1883 711 eas
1905 671 1998 711 su-

403 751 645 820 periores
667 749 922 806 omnibus
956 750 1177 820 maligni
1213 748 1473 804 daemonis
1519 749 1755 805 insidiis.
1790 748 1995 804 [larum

402 857 617 912 quoque
632 843 862 897 duarum
882 843 1011 897 mihi
1029 844 1299 911 praecipue
1316 855 1704 896 consertarum
1723 849 1997 897 memento

404 943 481 1001 tu,
528 936 620 1003 qui
668 936 843 991 bonus
879 951 960 1001 es,
1001 947 1057 991 et
1108 934 1380 1006 quomodo
1422 935 1475 988 in
1507 934 1631 998 hac,
1671 936 1795 1003 qua!
1813 943 1898 988 est
1925 934 1997 990 ad

404 1038 638 1097 tempus,
671 1030 801 1095 vita,
835 1040 884 1084 et
916 1028 1074 1099 fuga,
1102 1038 1158 1083 et
1190 1029 1460 1094 laborum,
1489 1034 1544 1082 et
1590 1026 1844 1091 aliorum,
1871 1039 1993 1096 qua

399 1121 455 1175 in
477 1132 702 1178 externa
738 1123 960 1193 regione
998 1120 1271 1186 feruntur,
1307 1121 1575 1176 malorum
1606 1119 1763 1177 fuere
1804 1120 1990 1186 sociat,

396 1227 452 1268 et
495 1230 527 1269 a
574 1231 662 1269 me
719 1225 981 1285 perpetuo
1026 1230 1278 1271 mansere
1322 1214 1775 1284 inseparabilem:
1827 1214 1898 1269 ita
1934 1220 1994 1268 ut

401 1323 502 1361 nos
540 1324 759 1378 quoque
801 1309 912 1363 illic
956 1309 1127 1364 simus
1166 1306 1584 1379 inseparabiles,
1615 1317 1671 1363 et
1697 1308 1855 1365 beata
1899 1316 1990 1362 tua

395 1400 509 1456 vita
537 1400 787 1457 fruamur
808 1402 1066 1457 concede.

473 1489 615 1548 XIII.
661 1493 784 1549 llaec
810 1509 930 1548 cum
960 1496 1187 1563 precata
1224 1504 1391 1559 esset,
1424 1493 1637 1564 rogavit
1659 1506 1898 1559 sorores,
1929 1497 1990 1548 ut

398 1599 516 1640 eam
550 1603 739 1657 parum
775 1588 1134 1646 dimitterent.
1171 1589 1323 1657 Quod
1365 1587 1584 1659 quidem
1624 1603 1746 1643 cum
1781 1587 1984 1642 factum

2102 568 2284 659 σαλὴμ
2320 571 2799 643 παραλαμϐάνειν,
2853 575 3122 642 Δέσποτα,
3153 579 3516 648 καταξίωοον·
3553 587 3682 659 μνή-

2101 657 2258 730 σθητι
2270 659 2327 714 δέ
2341 662 2435 715 καὶ
2450 663 2658 719 τούτων
2676 666 2950 733 πασῶν,αῖ
2965 669 3107 725 κατά
3122 671 3344 743 πνεῦμά
3365 691 3457 744 μοι
3473 657 3681 747 ἀδελφιο

2098 748 2211 814 κῶς
2243 754 2721 825 συνηρμόσθησαν,
2740 758 2836 812 καὶ
2858 759 3140 831 ἀνωτέρας
3175 763 3347 828 αὐτὰς
3383 766 3566 837 πάσης
3598 770 3678 823 ἐν·

2099 842 2262 915 έδρας
2281 846 2376 899 τοῦ
2398 848 2643 919 πονηροῦ
2671 849 2825 922 διατή
2835 868 3021 922 ρησον’
3038 856 3364 911 καὶτούτων
3383 858 3442 913 δέ
3463 878 3567 931 μου
3581 862 3680 916 τῶν

2096 935 2192 990 δύο
2237 937 2346 991 τῶν
2397 939 2783 1013 κατεξαίρετον
2816 944 3143 1014 ὁμοδούλων,
3178 949 3206 1001 ὁ
3248 948 3480 1018 ἀγαθὸς,
3538 954 3679 1025 μνή-

2095 1028 2274 1100 σθητι,
2307 1030 2404 1084 καὶ
2450 1030 2640 1104 ὥσπερ
2667 1034 2725 1087 ἐν
2756 1037 2825 1105 τῇ
2850 1038 3174 1110 προσκαίρῳ
3198 1040 3373 1117 ταύτῃ
3427 1040 3544 1114 ζωῇ
3593 1048 3679 1098 καὶ

2096 1121 2277 1192 φυγῆς
2306 1125 2432 1193 ἐμοὶ
2459 1126 2554 1178 καὶ
2571 1127 2750 1181 πόνων
2776 1129 2870 1182 καὶ
2889 1129 3001 1183 τῶν
3041 1130 3219 1186 ἄλλων
3245 1133 3355 1187 τῶν
3376 1136 3435 1188 ἐν
3456 1139 3525 1207 τῇ
3562 1135 3680 1211 ξένῃ

2093 1215 2279 1270 κακῶν
2304 1218 2694 1292 ἐκοινώνησαν,
2718 1223 2815 1276 καὶ
2843 1223 3144 1295 ἀχιῗιριστοί
3176 1244 3279 1298 μου
3311 1228 3477 1300 μέχρι
3499 1231 3679 1294 τέλους

2093 1305 2392 1379 διέμειναν,
2424 1310 2568 1365 οὕτω
2588 1313 2846 1368 κάκεῖθεν
2879 1310 3026 1387 ἡμᾶς
3047 1308 3384 1398 ἀχωρίστους
3404 1317 3571 1386 εῖναι,
3595 1324 3680 1376 καὶ

2091 1401 2191 1471 τῆς
2221 1404 2374 1474 παρά
2403 1403 2487 1456 σοὶ
2513 1406 2790 1477 μακαρίας
2824 1407 3121 1465 ἀπολαύειν
3155 1409 3302 1484 ζωῆς
3324 1415 3678 1481 καταξίωσον.

2162 1492 2260 1550 ll".
2311 1497 2499 1553 Ταῦτα
2542 1499 2985 1574 προσεύξαμένη,
3037 1506 3233 1576 μικρὸν
3281 1509 3495 1576 ἐφεῖναι
3548 1510 3677 1581 αὐτῇ

2088 1586 2187 1651 τὰς
2223 1588 2463 1659 ἀδελφὰς
2515 1588 2693 1661 ἠξίου·
2741 1589 2916 1666 οὗπερ
2944 1594 3009 1667 δὴ
3040 1596 3359 1668 γενομένου,
3412 1600 3677 1656 κάκείνων

398 1688 574 1741 esset,
631 1684 687 1731 et
731 1677 838 1732 illae
871 1687 1069 1733 essent
1104 1694 1378 1749 egressae,
1432 1693 1463 1733 e
1512 1678 1654 1733 lecto
1703 1678 1977 1734 descendit

2088 1677 2438 1763 ἐξελθουσῶν,
2469 1684 2567 1754 τῆς
2590 1683 2779 1755 κλίνης
2810 1684 3001 1760 ηΞένη
3021 1688 3358 1743 διαναστᾶσα
3380 1690 3458 1761 τῷ
3489 1692 3676 1764 εὐκτη·

396 1766 657 1833 Hospita,
710 1778 765 1822 et
816 1770 966 1824 venit
992 1770 1058 1825 ad
1094 1771 1417 1826 oratorium.
1469 1768 1671 1825 Deinde
1721 1768 1971 1837 inclusa,

393 1873 516 1914 cum
549 1873 686 1928 genu
720 1858 959 1915 ﬂexisset
992 1864 1047 1915 in
1085 1870 1285 1916 terram
1308 1901 1325 1929 ,
1356 1862 1568 1917 intense
1596 1860 1810 1925 orabat,
1841 1860 1982 1915 dua-

2085 1771 2187 1844 ρίῳ
2230 1774 2622 1848 προσέρχεταιο
2644 1775 2766 1832 εἶτα
2795 1779 3198 1853 ἐγκλεισαμένη
3224 1783 3321 1838 καὶ
3356 1784 3491 1851 γόνυ
3518 1783 3673 1838 δοῦσα

2091 1866 2156 1935 τῇ
2184 1868 2279 1937 γῇ,
2312 1870 2730 1938 συντεταμένως
2781 1871 3149 1944 προσηύχετο,
3216 1873 3326 1928 τῶν
3372 1875 3469 1930 δύο
3525 1878 3673 1949 θερα-

395 1950 495 2003 bus
526 1949 738 2004 ancillis
767 1952 1110 2006 eurinsecus
1138 1967 1254 2007 eam
1291 1952 1812 2022 contemplantibus.
1849 1951 1977 2008 Cum

2091 1931 2354 2013 παινίδων
2394 1931 2608 2026 ’ἔξωθεν
2646 1931 2960 2033 φιλοπόνως.
3000 1931 3176 2034 αὐτῆν
3205 1931 3666 2038 παραθεωμένων.

392 2055 455 2095 ea
503 2055 636 2110 ergo
684 2040 995 2097 diutissime
1030 2044 1354 2112 produceret
1405 2044 1710 2099 orationem
1737 2084 1753 2109 ,
1797 2043 1986 2099 vident

395 2141 615 2197 repente
653 2131 829 2185 lanam
861 2144 918 2186 et
955 2132 1165 2188 claram
1197 2134 1374 2191 lucem
1419 2135 1637 2189 domum
1666 2133 1986 2190 circumtul-

393 2221 532 2276 sisse
564 2240 582 2277 :
610 2231 666 2277 et
693 2239 819 2279 cum
853 2239 1099 2291 suavem,
1130 2227 1221 2296 qui
1261 2227 1366 2282 dici
1399 2242 1507 2282 non
1547 2234 1747 2297 pateat,
1782 2227 1987 2283 sensis-

394 2321 519 2365 sent
548 2314 796 2380 odorem,
834 2316 921 2368 cui
957 2315 1103 2371 nulla
1148 2325 1377 2386 possunt
1405 2316 1669 2383 conferri,
1704 2332 1826 2388 qua
1859 2328 1988 2374 sunt

394 2402 446 2457 in
483 2412 662 2469 terra,
696 2412 972 2472 aromata,
1009 2408 1190 2462 statim
1227 2408 1376 2464 {ores
1419 2409 1671 2478 aperiunt
1719 2424 1736 2464 :
1772 2422 1827 2466 et
1858 2425 1983 2466 cum

390 2494 553 2547 simul
597 2493 888 2550 irruissent
921 2497 996 2564 (ο
1037 2497 1272 2551 divinam
1304 2495 1777 2570 Providentiam),
1827 2498 1983 2556 inve-

313 2650 327 2666 .
393 2584 548 2637 niunt
586 2583 867 2655 Hospitem
928 2587 1158 2642 feliciter
1196 2588 1592 2657 obdormiisse,
1623 2598 1679 2644 et
1709 2590 1778 2645 ad
1819 2605 1982 2661 quem

393 2679 747 2735 desiderabat
796 2678 1077 2734 Christum
1132 2694 1260 2736 esse
1309 2680 1610 2750 profectam
1658 2682 1788 2738 hora
1827 2692 1980 2739 sexta

388 2769 495 2826 diei
540 2771 790 2826 Sabbati.
830 2771 1075 2839 Egresste
1105 2786 1236 2841 ergo
1283 2787 1406 2828 cum
1452 2772 1648 2829 ﬂentes
1678 2785 1737 2829 et
1778 2774 1985 2830 vocife-

389 2868 575 2918 rantes
623 2877 841 2918 sorores
881 2872 1311 2930 convocassent,
1345 2879 1466 2920 eam
1511 2866 1978 2932 circumstabant,

390 2963 447 3009 et
492 2969 687 3012 omnes
736 2956 899 3011 simul
957 2957 1309 3027 plangebant.
1365 2958 1509 3013 Deus
1562 2968 1742 3014 autem
1792 2961 1982 3017 volens

392 3045 631 3117 desuper.
658 3050 969 3115 ostendere,
1004 3049 1315 3119 cuiusmodi
1347 3049 1440 3104 lux
1469 3050 1749 3106 celabatur
1782 3053 1837 3107 in
1880 3068 1981 3109 occ

391 3150 520 3192 casu
565 3137 725 3206 huius
767 3140 920 3205 vitae,
959 3140 1197 3196 maximo
1230 3143 1389 3213 signo
1418 3158 1538 3197 eam
1573 3141 1809 3198 honorat
1857 3154 1982 3213 post

2087 2051 2199 2124 Τῆς
2257 2052 2427 2125 εὐχῆς
2483 2050 2580 2110 οῦν
2645 2055 2738 2110 ἐπὶ
2815 2056 3069 2111 πλεῖστον
3136 2060 3273 2131 αὐτῇ
3351 2078 3667 2134 παρατεινο-

2089 2144 2299 2215 μένης,
2353 2144 2553 2217 ἀθρόον
2599 2148 2770 2218 δρῶσι
2825 2150 2942 2220 φῶς
2992 2148 3086 2205 τὸν
3133 2144 3282 2206 οἷκον
3326 2152 3667 2226 περιλάμψαν

2087 2236 2351 2307 φαιδρόνο
2407 2240 2651 2311 ἀρρήτου
2710 2241 2773 2294 τέ
2824 2258 2971 2307 τινος
3025 2243 3348 2315 αἰσθόμεναι
3403 2245 3663 2314 εὐωδίας,

2084 2327 2261 2381 οὐδενὶ
2287 2329 2396 2382 τῶν
2422 2331 2515 2382 ἐπὶ
2537 2330 2645 2400 γῆς
2674 2332 2987 2404 ἀρωμάτων
3036 2336 3421 2408 είκαζομένης,
3442 2338 3545 2402 τὰς
3574 2339 3665 2392 πύο

2084 2418 2183 2484 λας
2224 2421 2391 2487 εὐθὺς
2430 2423 2710 2492 ἀνοίγουσι
2756 2426 2852 2480 καὶ
2895 2428 3353 2485 συνεισπεσοῦσαι
3399 2429 3487 2503 (ὢ
3528 2430 3665 2497 θείας

2082 2514 2499 2588 οίκονομίαςί),
2546 2518 2645 2590 τὴν
2688 2522 2967 2589 μακαρίαν
2996 2522 3165 2593 ὁρῶσι
3189 2522 3361 2596 Ξένην
3393 2526 3665 2597 μακαρίως

2091 2603 2466 2673 ὑπνώσασαν,
2497 2607 2593 2661 καὶ
2644 2608 2744 2681 τὴν
2787 2610 2923 2681 πρὸς
2965 2610 3025 2664 δν
3074 2612 3391 2685 ἐπεπόθησε
3441 2615 3663 2686 Χριστὸν

2084 2698 2482 2772 στειλαμένην,
2526 2700 2697 2772 ἕκτης
2744 2700 2896 2776 ὥρας
2960 2704 3086 2759 καθ’
3121 2707 3335 2779 ἡμέραν
3394 2707 3663 2763 Σάϐϐατόν

2086 2790 2405 2863 ἱσταμένης.
2469 2792 2732 2866 Είξῆλθον
2800 2793 2936 2865 οὖν,
2999 2798 3095 2853 καὶ
3158 2801 3258 2865 τὰς
3324 2802 3566 2874 ἀδελφάς
3614 2806 3663 2857 ἐν

2084 2883 2345 2956 κλαυθμῷ
2371 2888 2464 2941 καί⁸
2497 2886 2594 2961 βοῇ
2631 2890 3061 2961 συγκαλέσασαι,
3094 2894 3451 2966 περιίσταντο
3481 2914 3539 2951 τε
3576 2897 3663 2952 αὖ·

2082 2966 2202 3048 ἔθην,
2234 2978 2329 3031 καὶ
2359 2978 2475 3051 ἅμα
2502 2982 2704 3046 πάσαις
2739 2982 3053 3040 ἐκόπτοντο.
3102 2985 3163 3041 '0
3193 2988 3378 3059 μέντοι
3406 2989 3543 3053 Θεὸς
3567 2990 3663 3044 δεῖ·

2084 3068 2171 3136 ξαι
2223 3071 2357 3124 πᾶσι
2400 3070 2727 3145 βουλόμενος
2761 3075 2991 3145 ἀνωθεν,
3034 3074 3146 3134 οἷον
3188 3080 3305 3151 φῶς
3334 3081 3395 3135 ἐν
3429 3084 3551 3147 ταῖς
3578 3081 3661 3136 τοῦ

2093 3160 2209 3232 βίου
2265 3162 2421 3217 τοῦδε
2486 3164 2718 3237 δυσμαῖς
2784 3168 3115 3240 ἐκρύπτετο,
3185 3172 3422 3249 μεγίστῃ
3468 3174 3664 3247 ταύτην

391 3241 648 3285 mortem.
679 3231 812 3287 Cum
850 3233 993 3287 enim
1021 3249 1141 3287 eam
1163 3233 1276 3304 jam
1306 3235 1619 3307 reliquisset
1649 3239 1830 3291 anima
1864 3253 1977 3293 me-

395 3318 525 3340 _,.._
1416 3334 1426 3340 .
1549 3329 1560 3340 .
1741 3328 1753 3340 .
1846 3329 1860 3340 .
1966 3338 1973 3340 .

2089 3255 2228 3327 μετά
2251 3256 2404 3321 τέλος
2441 3231 2712 3333 θεοσημιᾳ
2753 3231 2917 3335 τιμά.
2950 3231 3113 3338 Ἤδη,
3139 3231 3249 3340 γάρ
3268 3231 3665 3339 ’ἀπολιπούσης

392 3318 557 3387 ridie,
607 3330 862 3393 essetque
906 3339 1001 3379 aer
1060 3340 1322 3391 serenus,
1379 3334 1433 3382 et
1481 3329 1563 3383 sol
1613 3328 1982 3399 resplenderet

390 3410 716 3477 clarissime,
750 3415 807 3469 in
839 3416 982 3470 coelo
1012 3430 1237 3488 apparet
1267 3412 1431 3474 veluti
1467 3420 1714 3491 quasdam
1744 3436 1977 3493 corona,

273 3578 282 3587 '
387 3518 511 3576 quae
566 3501 742 3562 stellis
785 3509 1052 3563 circulum
1121 3509 1609 3568 circumscribebat
1657 3529 1672 3567 :
1715 3510 1982 3569 in‘medio

386 3608 565 3652 autem
602 3612 818 3654 corona:
843 3600 1091 3655 cernitur
1117 3615 1275 3667 crux,
1309 3617 1429 3672 qua:
1459 3604 1574 3673 ipsa
1605 3616 1825 3673 quoque
1859 3613 1981 3658 erat

383 3690 559 3746 stellis
617 3691 816 3748 lucidis
868 3692 1123 3762 ﬁgurata.
1169 3694 1304 3749 Cum
1346 3682 1475 3765 ergo
1529 3696 1850 3751 miraculum
1898 3694 1979 3752 sic

383 3786 653 3840 evasisset
699 3783 1047 3841 manifestum
1089 3786 1378 3853 omnibus,
1414 3787 1705 3858 episcopus
1731 3787 1934 3844 Paulus
1956 3827 1973 3855 ,

342 3862 474 3946 ‘q'ui
522 3877 574 3930 in
625 3875 801 3933 Leuce
830 3878 953 3932 vico
996 3877 1177 3933 adhuc
1217 3881 1447 3948 agebat,
1501 3894 1624 3935 cum
1678 3878 1786 3934 hoc
1833 3893 1978 3950 pm-

387 3977 469 4021 ter
509 3980 663 4038 spem
705 3968 1072 4040 spectaculum
1119 3968 1235 4028 suis
1265 3973 1539 4042 acciperet
1566 3971 1761 4041 oculis,
1793 3975 1975 4030 divino

394 4057 601 4125 Spiritu
628 4071 833 4127 motus,
858 4060 948 4124 iis,
980 4062 1071 4130 qui
1098 4062 1412 4133 congregati
1439 4073 1614 4130 erant,
1639 4064 1774 4119 dixit
1815 4082 1829 4119 :
1871 4064 1975 4119 Do-

389 4147 536 4201 mina
578 4145 801 4217 Hospita
858 4150 1102 4217 dormiit,
1147 4154 1337 4207 ethoc
1375 4163 1459 4207 est
1486 4151 1605 4222 ejus
1632 4155 1844 4220 signum
1884 4167 1978 4209 co-

383 4253 537 4298 ttana
579 4252 635 4295 et
667 4243 868 4297 crucis.

455 4457 598 4515 XIV.
638 4457 933 4529 Postquam
975 4469 1157 4518 autem
1188 4461 1257 4518 ab
1290 4476 1359 4521 eo
1387 4461 1488 4518 fuit
1521 4471 1797 4535 peractum
1834 4465 1978 4522 sacri

2082 3348 2253 3422 αὐτὴν
2307 3351 2408 3423 τῆς
2445 3351 2626 3424 ψυχῆς
2682 3349 2959 3427 μεσούσης
3021 3359 3238 3432 ὴμέρας
3269 3401 3283 3425 ,
3341 3361 3563 3433 αἰθρίας
3610 3379 3664 3415 τε

2081 3441 2285 3514 οὔσης,
2321 3445 2543 3500 καὶτοῦ
2589 3448 2744 3518 ἡλίου
2782 3451 3118 3524 φαιδρότατα
3159 3455 3504 3527 λάμποντος,
3551 3456 3664 3512 στέο

2083 3551 2252 3607 φανος
2304 3532 2417 3603 οἷος
2444 3541 2503 3593 ἐν
2544 3539 2621 3612 τῷ
2650 3540 2866 3614 οὐρανῷ
2914 3546 3277 3617 διαφαίνεται,
3316 3549 3385 3604 δι’
3422 3552 3664 3623 ἀστέρων

2081 3629 2173 3683 τὸν
2231 3631 2432 3685 κύκλον
2486 3637 2997 3708 περιγραφόμενος,
3047 3641 3105 3694 ἐν
3150 3638 3230 3712 τῷ
3277 3643 3428 3716 μέσῳ
3469 3643 3527 3699 δὲ
3573 3647 3663 3703 τοῦ

2086 3724 2355 3811 στεφάνου
2399 3728 2638 3798 σταυρδς
2678 3730 2968 3803 καθωρᾶτο
3006 3732 3279 3808 λαμπροῖς
3316 3737 3551 3811 άστρασι
3580 3742 3667 3796 καὶ

2085 3809 2239 3882 οὗτος
2302 3820 2797 3894 σχηματιζόμενος.
2853 3824 2962 3879 Τοῦ
3018 3826 3297 3898 θαύματος
3342 3809 3439 3886 οὖν
3499 3833 3667 3898 οὕτως

2097 3907 2272 3962 ἅπασι
2314 3912 2609 3983 γενομένου
2637 3918 3024 3985 καταφανοῦς,
3064 3921 3092 3974 ό
3131 3922 3433 3988 ἐπίσκοπος
3460 3925 3666 3991 Παῦλος

2084 3998 2164 4054 ἔτι
2215 4003 2347 4075 περὶ
2395 4004 2494 4075 τὴν
2528 4005 2745 4080 Λευκὴν
2790 4009 2984 4082 κώμην
3010 4011 3235 4083 διάγων,
3267 4017 3363 4070 καὶ
3399 4018 3459 4072 τὸ
3491 4020 3665 4092 παράο

2084 4095 2235 4164 δοξον
2266 4097 2429 4152 τοῦτο
2459 4098 2641 4171 θέαμα
2678 4101 2982 4175 ὀφθαλμοῖς
3016 4107 3169 4173 ίδίοις
3194 4111 3662 4184 παραλαμϐάνων,

2085 4185 2213 4261 θείῳ
2246 4190 2525 4263 Πνεύματι
2557 4194 2824 4267 κινηθεὶς,
2861 4197 2927 4250 Ἦ
2966 4200 3136 4270 κυρία
3162 4199 3325 4273 Ξένη,
3366 4205 3507 4275 πρὸς
3545 4206 3664 4269 τοὺς

2089 4280 2541 4353 συνειλεγμένους
2591 4284 2727 4359 ἔφη,
2781 4289 3143 4361 κεκοίμηται,
3182 4295 3277 4348 καὶ
3312 4295 3518 4369 ταύτης
3562 4297 3662 4370 ἀρα

2085 4370 2148 4424 τὸ
2176 4376 2403 4443 σημεῖον
2432 4375 2526 4431 τοῦ
2561 4380 2829 4450 στεφάνου
2856 4380 3016 4436 τοῦτο
3046 4384 3143 4439 καὶ
3172 4385 3268 4440 τοῦ
3296 4388 3551 4458 σταυροῦ.

2156 4462 2258 4520 IA'.
2315 4467 2470 4522 Ἐπεὶ
2502 4469 2560 4524 δέ
2598 4473 2691 4525 καὶ
2724 4472 2878 4538 τέλος
2918 4474 3068 4545 αὐτῷ
3108 4478 3174 4532 τά
3224 4479 3322 4550 τῆς
3357 4480 3514 4552 ἱερᾶς
3553 4476 3659 4550 εἶχε

386 4553 629 4624 mysterii
663 4554 1056 4617 ministerium,
1089 4570 1287 4627 magno
1313 4556 1497 4614 Studio
1542 4556 1691 4612 illinc
1718 4559 1923 4613 recedit
1960 4575 1975 4614 :

2088 4561 2502 4630 μυσταγωγίας,
2535 4565 2678 4620 κατά
2701 4566 2937 4638 σπουδὴν
2962 4568 3171 4624 ἐκεῖθεν
3201 4568 3377 4643 ἀνῄει·
3415 4571 3657 4643 συνανῄει

384 4661 492 4698 una
546 4660 675 4701 vero
729 4660 853 4701 cum
906 4658 973 4701 eo
1023 4647 1120 4702 ivit
1153 4648 1417 4719 ,reliquus
1466 4664 1683 4720 quoque
1722 4650 1976 4720 papulus.

382 4734 589 4792 Deinde
618 4752 743 4793 cum
788 4739 1020 4808 ingressi
1062 4750 1243 4795 essent
1281 4742 1596 4807 civitatem,
1647 4743 1835 4798 vident
1864 4743 1980 4816 epi-

380 4844 609 4898 scopum
652 4828 786 4883 nihil
827 4846 950 4886 esse
984 4833 1209 4888 omnino
1245 4832 1440 4889 falsum
1473 4850 1570 4889 sua
1601 4834 1977 4904 praedictione,

379 4921 478 4974 sed
519 4922 704 4975 eadem
752 4920 884 4976 hora
917 4922 1202 4993 Hospitem
1248 4940 1276 4978 a
1310 4928 1475 4981 rebus
1514 4928 1809 4982 mundanis
1848 4941 1977 4984 vere

384 5011 552 5067 fuisse
582 5021 889 5079 externam,
923 5031 1029 5084 qua
1062 5015 1197 5071 illud
1225 5017 1442 5086 signum
1476 5020 1748 5089 apparuit,
1798 5030 1851 5074 et
1886 5019 1976 5074 hic

384 5103 471 5160 vir
498 5105 685 5161 divino
719 5104 924 5177 Spiritu
959 5106 1203 5175 amatus,
1248 5110 1315 5163 de
1356 5125 1417 5164 ea
1460 5121 1546 5166 est
1590 5113 1704 5166 haec
1740 5112 1969 5168 locutus.

383 5201 520 5251 Cum
551 5207 666 5251 tuto
697 5206 828 5268 ergo
859 5201 1057 5268 papnlo
1100 5202 1508 5256 concurrebant
1544 5217 1736 5258 omnes
1785 5205 1885 5257 viri
1920 5213 1975 5259 et

382 5288 664 5358 mulieres,
698 5305 822 5345 cum
859 5308 1053 5361 magna
1087 5293 1476 5349 vociferatione
1516 5304 1570 5348 et
1608 5294 1974 5349 admiratione

381 5382 630 5437 dicentes
664 5380 899 5438 :Gloria
942 5385 1061 5451 tibi,
1095 5385 1334 5451 Christe,
1375 5387 1575 5455 gloria,
1615 5387 1707 5456 qui
1746 5385 1971 5442 noluisti

377 5474 544 5530 talem
572 5474 887 5531 thesaurum
915 5474 972 5531 in
999 5485 1140 5532 terra
1164 5477 1555 5535 lalere.Gloritt
1583 5479 1699 5544 tibi,
1729 5479 1972 5534 onmium

380 5567 617 5638 OpiI'ex,
671 5568 815 5641 quod
846 5582 1069 5639 parvam
1124 5581 1363 5626 nostram
1419 5581 1473 5627 et
1528 5572 1584 5626 in
1643 5573 1969 5627 hodiernum

382 5674 556 5729 usque
591 5661 733 5714 diem
763 5661 1051 5716 obscuram
1086 5662 1387 5729 cititatem,
1418 5673 1523 5717 tam
1551 5662 1822 5719 illustrem
1855 5662 1974 5719 red-

381 5749 609 5816 dideris,
652 5758 707 5806 et
740 5750 959 5819 dedisti,
1001 5762 1060 5809 ut
1106 5766 1294 5824 posset
1345 5757 1411 5812 de
1445 5758 1538 5813 tali
1588 5755 1809 5826 gloriari
1855 5758 1977 5835 tlte-1

385 5860 570 5905 sauro.
626 5846 693 5905 Et
740 5849 821 5909 sic
861 5852 1080 5923 quidem
1128 5868 1319 5911 omnes
1361 5853 1752 5921 communiter,
1807 5853 1974 5910 multo

2083 4651 2141 4704 δὲ
2186 4652 2336 4725 αὐτῷ
2368 4654 2462 4706 καὶ
2498 4656 2526 4710 ό
2553 4655 2738 4721 λοιπὸς
2777 4658 2923 4722 ἄπας
2952 4658 3108 4730 δχλος
3129 4677 3144 4692 °
3176 4657 3296 4716 εἶτα
3325 4665 3420 4717 καὶ
3444 4665 3541 4735 τῆς
3570 4665 3658 4719 πό-

2082 4743 2219 4809 λεως
2243 4744 2391 4799 ἔνδον
2424 4748 2732 4818 γενόμενοι,
2764 4748 3062 4823 θεωροῦσιν
3091 4747 3245 4808 ούδέν
3275 4755 3412 4821 ὅλως
3435 4758 3654 4828 διαμαρι

2080 4836 2244 4890 τόντα
2294 4836 2386 4890 τὸν
2441 4839 2741 4895 ἐπίσκοπον
2780 4846 2881 4912 τῆς
2919 4846 3316 4917 προρρήσεως,
3362 4848 3501 4903 ἀλλά
3543 4847 3653 4903 κατ’

2082 4929 2251 5000 αὐτὴν
2286 4929 2385 5000 τὴν
2425 4928 2577 5002 ὥραν
2610 4934 2709 5003 τὴν
2748 4933 2917 5005 Ξένην
2945 4936 3106 5009 ξένην
3146 4937 3316 5003 ὄντως
3363 4941 3651 5011 γενομένην

2081 5022 2191 5074 τῶν
2214 5022 2551 5093 ἐγκοσμίων,
2584 5024 2709 5077 καθ’
2741 5026 2807 5096 ἤν
2834 5028 2933 5099 ῆδη
2984 5031 3076 5083 καὶ
3101 5029 3163 5083 τὸ
3189 5035 3416 5102 σημεῖον
3455 5034 3648 5103 ἐφάνη,

2080 5115 2181 5169 καὶ
2231 5116 2260 5168 ό
2316 5118 2769 5189 πνευματοφόρος
2818 5113 2974 5183 οὗτος
3020 5122 3161 5192 ἀνὴρ
3207 5124 3277 5175 τὰ
3315 5125 3449 5195 περὶ
3495 5123 3650 5191 αὐτῆς

2079 5208 2471 5279 ἀνεφθέγξατο.
2501 5210 2830 5282 Συνέτρεχον
2859 5208 2952 5266 οὖν
2978 5215 3300 5287 παμπληθεὶ
3328 5218 3545 5282 πάντες,
3569 5218 3649 5271 ἀν⁹

2077 5300 2203 5371 δρες
2230 5300 2430 5375 δηλαδὴ
2466 5304 2562 5358 καὶ
2589 5307 2869 5374 γυναῖκες,
2900 5306 2999 5360 σὺν
3022 5308 3191 5380 πολλῇ
3222 5312 3288 5382 τῇ
3327 5310 3425 5383 βοῇ
3461 5314 3550 5365 καὶ
3579 5306 3647 5378 τῷ

2081 5391 2342 5462 θαύματι,
2381 5393 2521 5459 Δόξα
2564 5411 2681 5461 σοι,
2728 5395 2962 5466 Χριστέ,
2996 5396 3279 5466 λέγοντες,
3318 5399 3446 5465 δόξα
3476 5399 3548 5469 τῷ
3581 5395 3648 5467 μὴ

2077 5484 2262 5539 λαθεῖν
2309 5485 2402 5539 ἐπὶ
2455 5488 2562 5559 γῆς
2614 5486 2869 5543 τοσοῦτον
2923 5491 3283 5562 εὐδοκήσαντι
3338 5492 3640 5564 θησαυρόν*

2076 5576 2205 5642 δόξα
2234 5594 2339 5645 σοι,
2375 5579 2595 5635 πάντων
2629 5582 2964 5654 Δημιουργὲ,
2995 5585 3077 5638 ὅτι
3105 5585 3201 5639 καὶ
3232 5585 3528 5642 Μύλασσαν
3558 5582 3646 5654 τὴν

2081 5671 2285 5742 μικράν
2310 5674 2342 5742 ἡ
2354 5673 2470 5742 μῶν
2505 5675 2603 5727 καὶ
2641 5673 2804 5746 μέχρι
2839 5675 2934 5728 καί
2961 5675 3057 5730 νῦν
3085 5676 3273 5744 ἀδοξον
3312 5679 3490 5745 πόλιν,
3517 5677 3644 5731 οῦτω

2078 5765 2354 5836 περιφανῆ
2397 5764 2678 5832 τέθεικας,
2732 5767 2825 5820 καὶ
2858 5769 3084 5841 τοιούτῳ
3118 5771 3358 5836 δέδωκας
3403 5770 3644 5845 σεμνύνεο

2066 5856 2207 5909 ρσοαι
2266 5858 2556 5931 κειμηθῖῳ.
2609 5858 2717 5914 Κάὶ
2776 5857 2920 5916 οὕτω
2972 5861 3072 5933 μὲν
3127 5862 3325 5930 κοινῶς
3399 5864 3642 5926 6.7mm;-
