3828 6492
215 380 324 445 997

1487 381 1665 445 VITA
1709 383 1749 441 S
1811 376 2190 442 EUSEBIIE.

3380 368 3490 437 998

217 493 402 565 πολλῷ
431 491 488 547 δέ
522 493 722 564 μᾶλλον
751 494 818 548 τὰ
853 494 1032 568 πλήθη
1064 495 1172 550 τῶν
1210 495 1520 564 γυναικῶν,
1561 495 1677 566 ἅμα
1711 493 1794 565 μέη

1913 502 2091 546 autem
2132 492 2303 564 magis
2337 491 2625 546 multitudo
2656 489 2966 557 mulierum,
3007 502 3128 560 quae
3170 487 3328 544 simul
3363 491 3491 560 qui-

217 589 297 660 τῷ
324 586 639 657 θερμοτέρῳ
670 585 962 656 κινηθέντα
992 587 1092 656 τῆς
1121 585 1358 657 φύσεως,
1386 587 1503 658 ἀμα
1520 585 1576 640 δὲ
1604 587 1696 640 καὶ
1728 584 1805 656 τῷ

217 679 316 749 τὴν
363 677 600 748 ὁμογενῆ
649 676 868 749 βλέπειν
907 676 1049 731 οὕτω
1118 677 1436 749 θαυμαστὴν
1487 677 1806 738 ἀκαθέκτως

217 770 427 824 ἐαυτῶν
463 770 706 839 ἐχουσαι,
747 770 868 838 μεθ’
895 769 1072 840 ὁρμῆς
1104 768 1224 833 οἵας
1255 769 1332 840 τῷ
1369 768 1618 838 ἀρχιερεῖ
1639 783 1808 838 προσ-

221 861 417 932 ᾔεσαν,
459 859 549 930 Μὴ
609 859 826 931 κρύψῃς
868 859 1020 930 ἡμῶν
1071 861 1172 932 τὴν
1205 861 1304 932 τῆς
1339 859 1569 922 πόλεως,
1617 858 1806 927 λέγου-

217 969 330 1015 σαι,
365 949 541 1016 δόξαν,
574 949 647 1020 μὴ
671 948 917 1022 καλύψῃς
944 951 1033 1003 τὸν
1065 951 1304 1018 ἔπαινον,
1330 951 1420 1004 τὸν
1456 949 1804 1020 μαργαρίτην

219 1041 296 1112 μὴ
325 1040 651 1112 καταχώσῃς
677 1055 690 1068 ·
715 1041 899 1110 κοινὴν
924 1041 1129 1111 ταύτης
1151 1041 1249 1112 τὴν
1278 1041 1613 1112 προπομπὴν
1640 1056 1801 1110 ποιη-

200 1123 466 1204 ίισὼμεθα,
501 1131 738 1202 δημοσίᾳ
765 1132 854 1184 τὸν
882 1131 1075 1202 λύχνον
1101 1133 1462 1204 βαστάσωμεν
1482 1150 1496 1164 ·
1544 1134 1803 1189 ίδέτωσαν

202 1185 422 1314 ἶπάντες
473 1223 549 1286 ὼς
578 1225 678 1277 ούκ
729 1225 1010 1294 ἀπόϐλητα
1043 1225 1107 1294 δὴ
1145 1225 1213 1279 τὰ
1252 1225 1552 1292 γυναικῶν,
1587 1225 1662 1288 ὡς
1703 1226 1804 1278 ούκ

209 1316 414 1388 αᾶτιμα·
461 1315 722 1368 ίδέτωσαν
757 1315 870 1368 οἴου
913 1316 1096 1369 δοῦλαι
1140 1319 1480 1388 τυγχάνομεν
1516 1317 1799 1386 βασιλέως*

221 1406 482 1458 ἰδέτωσαν
515 1404 797 1475 Ἕλληνες,
836 1406 1102 1470 Ἰουδαῖοι,
1135 1408 1229 1458 καὶ
1256 1407 1492 1478 ἐντροπῇ
1529 1406 1597 1459 τὰ
1629 1405 1804 1476 πρόσ-

220 1511 352 1548 ωπα
392 1494 866 1564 καλυψάσθωσαν·
913 1495 1210 1563 γνώτωσαν
1266 1497 1351 1559 τίς
1393 1498 1421 1549 6
1467 1497 1805 1566 σταυρωθεὶς

221 1585 315 1638 ὑπ’
370 1587 584 1653 αὐτῶν,
636 1589 731 1641 καὶ
761 1587 1141 1658 κοψάσθωσαν.
1176 1589 1244 1641 Δί
1277 1588 1377 1660 μὲν
1404 1583 1498 1642 οὖν
1541 1591 1804 1656 γυκαϊκες

218 1695 414 1732 Ουτωξο

295 1770 395 1824 IE'.
439 1770 498 1823 Ὀ
542 1770 599 1823 δέ
633 1788 696 1838 γε
746 1772 1042 1836 ἐπίσκοπος
1083 1774 1144 1844 τῇ
1185 1772 1341 1847 κλίνῃ
1393 1789 1453 1827 τε
1486 1770 1804 1846 προσελθὼν

219 1866 315 1918 καὶ
348 1866 549 1935 αὐχένα
585 1865 792 1930 κλίνας,
837 1865 956 1936 μεθ’
999 1869 1132 1940 ὅσης
1166 1866 1232 1922 ἂν
1264 1870 1438 1933 εἴποις
1486 1871 1586 1941 τῆς
1619 1870 1802 1934 αἰδοῦς

219 1957 316 2009 καὶ
363 1959 464 2027 τῆς
521 1958 809 2022 εὐλαϐείας
851 1959 930 2029 τῷ
977 1959 1189 2030 σώματι
1239 1962 1602 2032 προσεκύνει·
1666 1963 1802 2034 πρὸς

217 2047 396 2100 δὲκαὶ
444 2048 471 2100 6
509 2047 693 2109 λοιπὸς
727 2049 836 2102 τῶν
879 2050 1066 2120 ἱερέων
1099 2050 1257 2122 χορός
1293 2053 1386 2104 καὶ
1418 2052 1618 2124 κλῆρος
1659 2052 1803 2116 ἀπας

217 2143 285 2210 τῇ
317 2139 547 2212 κειμένῃ
579 2140 672 2208 τὴν
705 2141 824 2210 ἴσην
863 2145 1140 2212 προσῆγον
1181 2145 1368 2214 τιμήνσ
1399 2145 1492 2196 καὶ
1531 2144 1675 2198 οὕτω
1703 2145 1801 2215 τὴν

219 2230 408 2302 κλίνην
437 2231 897 2297 διαδαστάσαντες
922 2235 1026 2287 ὑπὸ
1049 2235 1227 2306 πολλῷ
1257 2235 1332 2306 τῷ
1365 2237 1504 2305 φωτὶ
1525 2237 1634 2289 τῶν
1658 2237 1801 2307 λαμ-

217 2325 405 2378 πάδων
429 2327 523 2379 καὶ
546 2330 657 2388 τοῖς
686 2326 941 2398 ἀρώμασι
970 2328 1056 2381 διὰ
1085 2330 1260 2399 μέσης
1284 2325 1418 2400 ἦγον
1439 2330 1537 2400 τῆς
1568 2329 1797 2393 πόλεως.

227 2420 290 2474 ’0
318 2420 372 2473 δέ
403 2423 510 2475 τῶν
540 2423 786 2493 ἀστέρων
816 2421 1038 2476 ἐκείνων
1065 2423 1352 2491 στέφανος,
1397 2427 1490 2478 καὶ
1523 2425 1618 2478 σὺν
1652 2423 1800 2495 αὐτῷ

215 2508 393 2581 δήπου
429 2514 525 2566 κα)⁸
559 2515 586 2566 6
633 2513 886 2585 σταυρὸς,
945 2515 1254 2584 φερομένης
1307 2513 1406 2583 μὲν
1443 2513 1544 2584 τῆς
1589 2515 1798 2585 κλίνης,

215 2607 315 2658 καὶ
348 2607 509 2670 αὐτὸς
553 2607 768 2660 εἴπετοο
802 2608 1097 2677 ἱσταμένης
1126 2608 1204 2673 δέ,
1241 2608 1398 2677 δῆλος
1427 2603 1492 2678 ῆν
1527 2605 1797 2678 ἑστηκὼς,

219 2699 317 2749 καὶ
357 2699 644 2768 μονονουχὶ
672 2699 770 2768 τὴν
811 2699 1000 2770 κλίνην
1037 2699 1405 2770 παραδεικνὺς
1434 2701 1528 2753 καὶ
1567 2700 1800 2770 φθεγγό-

220 2807 415 2860 μενος,
444 2793 526 2845 ὅτι
565 2793 652 2846 διὰ
685 2793 890 2863 ταύτην
929 2795 1133 2856 ἐκεῖνος
1153 2834 1169 2860 ,
1202 2793 1299 2847 καὶ
1327 2795 1418 2847 ὑπ’
1449 2795 1586 2865 αὐτῇ
1617 2794 1798 2866 ὁδηγῷ

215 2885 316 2955 τὴν
358 2885 493 2940 ἰδίαν
527 2888 744 2957 κίνησίν
778 2903 838 2940 τε
871 2891 965 2940 καὶ
1002 2888 1192 2941 στάσιν
1228 2883 1382 2952 οὗτος
1423 2891 1588 2942 ποιεῖ.
1639 2889 1702 2942 '0
1741 2889 1798 2942 δὲ

215 2974 374 3041 λόγος
415 2977 505 3029 τοῦ
540 2977 818 3049 θαύματος
857 2981 950 3032 καὶ
979 2981 1106 3044 τοὺς
1151 2981 1256 3048 ἔξω
1296 2985 1502 3057 σπουδῇ
1541 2985 1794 3058 περιῄει,

215 3065 311 3120 καὶ
345 3067 544 3131 πάντες
571 3071 894 3141 συνέτρεχον
921 3070 1081 3134 εὐθὺς
1111 3073 1452 3144 θεασόμενοι,
1486 3077 1561 3141 ὡς
1594 3076 1796 3149 μικροῦ

213 3155 316 3227 τὴν
345 3158 496 3213 πόλιν
526 3163 983 3232 στενοχωρεῖσθαι
1032 3166 1144 3228 τοῖς
1176 3166 1432 3235 πλήθεσι.
1479 3169 1667 3222 Πᾶσαν
1698 3167 1792 3223 οὖν

213 3247 389 3311 οὕτως
418 3252 630 3322 ἐκείνην
657 3253 756 3323 τὴν
786 3254 956 3307 νύκτα
987 3255 1516 3327 διαγρυπνήσαντες,
1550 3262 1672 3329 ἥτις
1699 3263 1796 3316 καλ⁴

214 3338 384 3408 κυρία
421 3339 530 3392 τῶν
583 3342 808 3414 ἡμερῶν
841 3340 943 3416 ἦν,
983 3346 1188 3408 πολλάς
1226 3347 1456 3402 ἐθεῶντο
1501 3352 1596 3403 καὶ
1627 3352 1796 3417 ἰάσεις

217 3431 357 3502 ὁμοῦ
396 3435 747 3507 τελουμένας.
781 3442 892 3503 [Ιᾶς
930 3441 1039 3512 γὰρ
1066 3444 1216 3506 ὅστις
1249 3444 1281 3515 ἢ
1329 3446 1523 3518 χρονίᾳ
1552 3447 1714 3519 νόσῳ,
1761 3448 1794 3521 ἢ

215 3522 382 3576 πάθει
413 3526 698 3599 ἀνηκέστῳ
737 3533 1084 3602 κεκράτητο,
1126 3535 1188 3587 ού
1225 3537 1402 3590 πόνων
1437 3538 1630 3609 ἐδεήθη
1666 3541 1796 3594 πολ-

214 3618 356 3685 λῶν,
389 3622 450 3673 ού
507 3627 837 3693 χρημάτων,
888 3629 949 3681 ού
997 3631 1196 3700 χρόνου
1227 3649 1288 3686 τε
1337 3635 1432 3688 καὶ
1471 3635 1792 3706 διατριϐῆς,

215 3709 352 3763 ἀλλά
386 3717 745 3783 προσεγγίσαι
779 3719 941 3787 μόνον
974 3725 1040 3792 τῇ
1082 3723 1240 3795 κλίνῃ
1263 3726 1359 3779 καὶ
1387 3726 1629 3795 ἅψασθαι
1650 3743 1664 3758 '
1702 3730 1798 3782 καὶ

213 3801 250 3872 ἡ
280 3803 393 3874 ἁφὴ
427 3807 624 3871 παντὸς
651 3803 720 3879 ἦν
751 3809 912 3874 εὐθὺς
939 3813 1227 3886 ἀπαλλαγὴ
1265 3817 1360 3870 τοῦ
1389 3818 1688 3882 πιέζοντος.

287 3979 404 4048 ις’.
467 3981 711 4054 Ἡμέρας
743 3981 836 4040 οὖν
879 3987 978 4060 ἤδη
1013 3987 1430 4061 διαλαμψάσης,
1467 3992 1561 4047 κα)⁸
1606 3993 1795 4064 τρίτης

217 4072 460 4145 ἐστώσης
488 4075 671 4148 ὧρας,
705 4079 826 4131 ἐπεὶ
863 4080 953 4132 τὸν
982 4081 1147 4134 τόπον
1183 4084 1506 4149 κατέλαϐον,
1544 4085 1600 4149 ὃς
1632 4086 1793 4138 Συκί-

217 4182 328 4218 νιον
382 4167 482 4235 μὲν
523 4167 794 4234 καλεῖται,
848 4171 982 4240 πρὸς
1034 4172 1111 4238 τῷ
1150 4175 1309 4244 νοτίῳ
1346 4174 1404 4227 δὲ
1444 4176 1540 4245 τῆς
1589 4176 1796 4239 πόλεως

213 4255 481 4310 διάκειται
518 4260 712 4328 μέρει,
757 4260 884 4314 ἔνθα
920 4263 986 4332 δὴ
1021 4265 1115 4317 καὶ
1150 4267 1182 4336 ἡ
1221 4265 1362 4337 Ξένη
1397 4267 1575 4336 ταφῆς
1612 4271 1796 4338 τυχεῖν

216 4346 570 4415 ἐπισκήψασα
608 4345 708 4420 ἦν,
766 4349 1032 4404 θάπτουσι
1066 4352 1270 4425 ταύτην
1293 4395 1307 4418 ,
1362 4356 1512 4425 νόμῳ
1561 4356 1662 4424 μὲν
1700 4358 1795 4410 θα-

216 4439 377 4491 νάτου
403 4443 469 4509 τῇ
524 4444 592 4511 γῇ
638 4443 1048 4514 κρυπτομένην,
1093 4444 1237 4515 λόγῳ
1277 4445 1332 4498 δέ
1365 4447 1566 4518 ἀρετῆς
1600 4465 1797 4502 παντα-

1907 585 2026 638 dem
2059 595 2215 639 mota:
2243 595 2296 639 et
2332 585 2510 638 calore
2534 593 2761 647 naturae,
2796 590 2852 638 et
2884 582 3024 649 quod
3049 596 3190 646 eam,
3223 595 3342 649 quae
3367 590 3488 637 erat

1902 671 2144 742 ejusdem
2171 688 2352 740 sexus,
2385 673 2633 728 viderent
2664 675 2798 728 adeo
2826 671 3222 738 admirabilem,
3254 688 3358 726 non
3389 688 3485 742 po-

1902 775 2079 822 tentes
2130 781 2188 822 se
2245 769 2558 833 continere,
2607 783 2800 835 magno
2847 768 3046 835 impetu
3097 767 3364 821 accedunt
3419 769 3486 821 ad

1902 860 2217 929 pontiﬁcem
2278 877 2292 914 :
2331 859 2409 915 Ne
2441 877 2574 926 nos,
2615 861 2856 916 dicentes
2882 900 2896 924 ,
2947 859 3214 914 celaveris
3268 858 3484 913 laudem

1901 961 2103 1005 nostrae
2151 951 2420 1015 civitatis,
2470 951 2817 1022 margaritam
2869 965 2936 1004 ne
2991 949 3292 1014 infoderis,
3342 952 3481 1005 hanc

1902 1043 2266 1098 communiter
2322 1045 2652 1099 deducamus
2704 1060 2720 1100 '.
2783 1041 3056 1097 lucernam
3103 1043 3342 1097 feramus
3383 1059 3481 1111 pu-

1905 1135 2066 1188 blice.
2100 1135 2334 1189 Videant
2363 1149 2552 1191 omnes
2581 1149 2689 1189 non
2721 1150 2841 1189 esse
2873 1135 3201 1204 rejiciendas
3231 1135 3484 1198 feminas.

1905 1236 1962 1280 ut
1997 1243 2118 1296 qua:
2151 1241 2257 1281 non
2296 1237 2421 1282 sunt
2453 1227 2702 1281 infames.
2743 1225 2975 1281 Videant
3008 1218 3164 1294 cujus
3207 1227 3348 1296 regis
3391 1242 3485 1281 su-

1904 1333 2024 1374 mus
2068 1313 2297 1376 ancillae.
2341 1317 2573 1374 Videant
2611 1319 2873 1389 gentiles,
2922 1318 3141 1373 videant
3190 1318 3396 1384 Judmi,
3433 1331 3489 1374 et

1901 1413 2083 1466 vultus
2121 1427 2250 1468 suos
2292 1421 2475 1480 tegant
2515 1427 2625 1480 pra:
2679 1413 2884 1479 pudore
2917 1428 2930 1465 :
2970 1421 3300 1480 cognoscant
3335 1411 3488 1480 quis-

1902 1518 2028 1558 nam
2074 1505 2144 1559 sit
2186 1504 2252 1557 ab
2292 1506 2370 1558 eis
2409 1505 2704 1558 crucifixus
2729 1543 2743 1568 ,
2798 1511 2852 1557 et
2892 1503 3171 1574 plangant.
3205 1504 3382 1571 Atque
3410 1504 3490 1558 sic

1902 1597 2117 1667 quidem
2150 1595 2384 1650 feminae.

1972 1768 2088 1826 XV.
2119 1771 2416 1840 Episcopus
2447 1779 2624 1824 autem
2656 1784 2776 1826 cum
2809 1769 2874 1824 ad
2907 1770 3100 1825 lectum
3131 1770 3482 1837 accessisset,

1832 1857 1875 1913 Β
1903 1873 1959 1920 et
1992 1881 2113 1918 cum
2140 1874 2342 1935 quanta
2377 1863 2482 1919 diei
2515 1873 2691 1933 potest
2718 1866 3045 1929 reverentia,
3082 1867 3349 1919 cervicem
3398 1864 3484 1918 in-

1905 1959 2194 2024 clinasset,
2227 1973 2428 2027 corpus
2465 1958 2728 2012 adoravit.
2761 1958 2901 2025 Quin
2943 1958 3106 2011 etiam
3138 1958 3484 2011 sacerdotum

1905 2049 2145 2119 reliquus
2176 2049 2379 2102 chorus
2405 2055 2459 2102 et
2483 2047 2771 2102 universus
2795 2046 2974 2100 clerus
3003 2045 3251 2100 eumdem
3281 2045 3484 2114 jacenti

1903 2140 2235 2195 exhibebant
2267 2142 2548 2195 honorem.
2590 2139 2790 2209 Sicque
2828 2139 3024 2194 lectum
3057 2138 3316 2204 ferentes,
3350 2139 3488 2192 mul-

1904 2234 1975 2287 tis
2031 2232 2419 2288 comitantibus
2476 2231 2814 2301 lampadibus
2869 2240 2926 2286 et
2983 2246 3151 2286 suave
3209 2231 3486 2285 olentibus

1903 2325 2263 2390 aromatibus,
2302 2341 2398 2396 per
2430 2327 2664 2380 mediam
2702 2325 2983 2379 duxerunt
3023 2323 3328 2378 civitatem.
3361 2321 3487 2376 Illa-

1902 2433 2022 2473 rum
2068 2433 2201 2473 vero
2249 2419 2527 2473 Stellarum
2559 2432 2782 2480 corona.
2829 2425 2883 2470 et
2915 2430 3034 2485 quae
3082 2429 3204 2469 cum
3239 2429 3316 2468 ea
3365 2421 3487 2468 erat

1901 2519 2034 2563 crux
2057 2547 2071 2572 ,
2106 2523 2231 2562 cum
2271 2508 2441 2564 lectus
2473 2510 2690 2579 quidem
2731 2507 3007 2562 ferebatur
3031 2549 3046 2573 ,
3102 2510 3217 2576 ipsa
3270 2521 3486 2577 quoque

1900 2603 2226 2670 sequebatur
2282 2619 2297 2655 :
2356 2616 2478 2654 cum
2535 2601 2711 2654 stabat
2771 2607 2992 2664 autem,
3051 2607 3205 2652 stans
3263 2611 3485 2669 quoque

1900 2703 2086 2763 aperte
2114 2695 2442 2750 cernebatur
2475 2711 2489 2747 :
2536 2702 2590 2747 et
2623 2695 3014 2763 prepemodum
3056 2693 3253 2745 lectum
3295 2703 3482 2747 osten-

1900 2787 2056 2850 dens.
2091 2797 2144 2842 et
2180 2786 2406 2856 loquens
2441 2787 2580 2856 quod
2611 2785 2699 2838 illa
2730 2785 2798 2838 sit
2837 2794 3057 2854 prepter
3095 2785 3293 2853 ipsum,
3333 2792 3387 2838 et
3417 2795 3484 2838 eo

1899 2876 2039 2934 duce
2073 2889 2126 2933 et
2156 2888 2280 2944 stet,
2309 2888 2366 2934 et
2391 2890 2689 2933 moveatur.
2721 2876 2888 2931 Fama
2927 2892 3055 2931 vero
3099 2875 3343 2930 miraculi
3373 2877 3485 2931 cito

1898 2971 2144 3042 pervenit
2193 2973 2258 3025 ad
2290 2983 2540 3036 exteros,
2575 2984 2873 3040 omnesque
2918 2971 3170 3040 protinus
3206 2970 3257 3024 id
3308 2969 3479 3024 visuri

1901 3065 2298 3120 concurrebant
2345 3082 2358 3118 :
2397 3065 2672 3119 utcivitas
2704 3071 2848 3117 esset
2889 3062 3280 3131 prepcmodum
3318 3060 3482 3116 nimis

1901 3170 2125 3228 angusta
2161 3158 2389 3213 civitati.
2427 3156 2560 3213 Cum
2599 3166 2765 3210 totam
2813 3170 2940 3225 ergo
2972 3155 3114 3208 illam
3155 3164 3366 3209 noctem
3403 3154 3484 3208 sic

1901 3251 2218 3320 vigilassent
2257 3255 2396 3321 (erat
2420 3261 2598 3305 autem
2629 3250 2741 3303 dies
2782 3246 3146 3317 Dominicus),
3185 3247 3484 3302 cernebant

1899 3344 1978 3398 sic
2004 3360 2218 3413 quoque
2255 3345 2449 3397 multas
2477 3344 2588 3398 fleri
2622 3344 2951 3397 curationes.
2979 3342 3305 3409 Quicunque
3333 3340 3479 3393 enim

1899 3437 1981 3490 vel
2015 3438 2203 3491 morbo
2236 3436 2490 3489 diuturno
2517 3444 2634 3489 erat
2665 3435 2938 3497 detentus,
2969 3433 3053 3488 vel
3090 3430 3474 3487 immedicabili

1898 3530 2076 3599 aliqua
2109 3528 2417 3587 allectione.
2454 3543 2559 3581 non
2612 3529 2794 3582 multis
2829 3541 2964 3596 opus
2999 3525 3232 3579 habebat
3273 3523 3478 3577 labori-

1898 3624 2018 3684 bus,
2052 3638 2156 3675 non
2191 3620 2454 3690 pecuniis,
2490 3636 2596 3675 non
2629 3631 2873 3689 tempore
2888 3629 2950 3673 et
2979 3633 3129 3672 mora
3165 3636 3178 3672 :
3210 3619 3304 3672 sed
3340 3617 3478 3672 satis

1895 3726 2011 3769 erat
2061 3714 2399 3769 solummodo
2430 3713 2494 3767 ad
2541 3713 2743 3767 lectum
2789 3713 3047 3766 accedere
3087 3719 3142 3766 et
3190 3712 3415 3780 tangere
3459 3728 3472 3764 :

1895 3817 2125 3874 eratque
2172 3815 2457 3862 contactus
2506 3806 2758 3876 protinus
2808 3805 3060 3860 liberatio
3114 3819 3144 3858 a
3196 3804 3475 3874 quolibet,

1894 3899 2035 3967 quod
2072 3898 2369 3966 premebat.

1967 3989 2107 4044 XVI.
2164 3991 2300 4046 Cum
2357 3999 2537 4044 autem
2573 3989 2684 4058 jam
2739 3989 2853 4044 dies
2901 3986 3199 4051 illuxisset,
3245 3991 3482 4040 etesset

1895 4082 2025 4137 hora
2062 4081 2243 4145 tertia,
2277 4083 2366 4137 tibi
2395 4091 2768 4152 pervenerunt
2799 4083 2865 4136 ad
2895 4083 3093 4146 locum,
3131 4079 3221 4148 qui
3254 4088 3482 4133 vocatur

1895 4175 2111 4242 quidem
2143 4175 2420 4245 Sycinium
2452 4191 2467 4227 :
2494 4173 2632 4228 situs
2663 4189 2790 4228 vero
2817 4183 2897 4229 est
2924 4173 2990 4226 ad
3022 4180 3228 4242 partem
3263 4177 3480 4224 austra-

1898 4263 2003 4316 lem
2029 4264 2286 4328 civitatis,
2311 4279 2419 4332 quo
2443 4265 2659 4333 quidem
2691 4265 2741 4317 in
2765 4263 2882 4319 loco
2904 4264 3188 4316 mandarat
3213 4258 3467 4328 Hospita,

1897 4365 1956 4409 ut
1973 4356 2295 4424 sepeliretur
2328 4373 2342 4410 :
2375 4370 2494 4410 eam
2526 4355 2813 4425 sepeliunt,
2853 4363 2910 4407 ut
2939 4369 3060 4422 quae
3098 4351 3212 4420 lege
3246 4349 3469 4420 quidem

1899 4453 2088 4505 mortis
2119 4451 2264 4504 humi
2289 4450 2358 4504 sit
2385 4450 2625 4512 condita,
2662 4448 2875 4502 virtutis
2900 4445 3082 4499 autem
3117 4445 3328 4497 ratione
3354 4443 3480 4495 ulti-

217 4531 344 4598 χὸσε
363 4534 798 4604 κηρυττομένην.
830 4534 1150 4606 Ἐθεωρεῖτο
1185 4537 1241 4589 δὲ
1272 4534 1425 4602 αὖθις
1453 4541 1480 4593 ὃ
1505 4557 1562 4592 τε
1592 4540 1792 4604 κύκλος

1902 4557 2000 4608 que
2054 4543 2390 4612 praedicetur.
2446 4539 2783 4594 Cernebatur
2830 4547 3010 4592 autem
3055 4549 3244 4590 rursus
3270 4542 3324 4589 et
3368 4533 3479 4588 cir-

217 4623 312 4673 xal.
368 4625 396 4674 6
457 4625 690 4694 σταυρὸς
749 4626 814 4678 τά
868 4628 1029 4696 ὃμοια
1079 4629 1250 4699 δρῶν,
1287 4633 1584 4684 συνοδεύων
1623 4649 1684 4684 τε
1721 4637 1787 4705 τῇ

217 4712 394 4784 κλίνῃ,
420 4713 512 4766 καὶ
545 4714 840 4785 ἱσταμένης
869 4716 1178 4786 ἱστάμενοςο
1208 4717 1324 4786 ἅμα
1341 4718 1396 4770 δέ
1419 4719 1496 4788 τῷ
1521 4719 1790 4789 κρυϐῆναι

215 4806 280 4874 τῇ
313 4806 382 4874 γῇ
411 4802 638 4871 ταύτην,
670 4804 763 4856 καὶ
794 4806 954 4869 αὐτὸς
981 4807 1226 4875 κρυὸεὶς,
1268 4810 1358 4860 καὶ
1404 4810 1600 4878 μηκέτι
1633 4810 1791 4876 δῆλος

219 4897 408 4967 μηδενὶ
440 4899 752 4970 γενόμενος.
798 4900 983 4964 Ούτως
1016 4900 1108 4954 οὖν
1146 4903 1263 4954 ἐκεῖ
1286 4903 1490 4974 ταύτην
1525 4906 1788 4958 καταθέν-

213 5007 324 5055 τες,
344 4994 439 5045 καὶ
466 4991 652 5065 ὥσπερ
677 4994 824 5057 εἰκὸς
839 4990 928 5065 ἦν,
961 4996 1289 5064 μυρίσαντες
1317 4996 1413 5059 τὰς
1437 4998 1792 5068 ἐπικειμένας

212 5081 290 5151 τῷ
320 5083 558 5154 λειψάνῳ
589 5084 854 5148 σινδόνας,
885 5086 1260 5156 περιμάχητον
1280 5088 1464 5151 αὐτοῖς
1490 5089 1706 5143 ἐποίουν
1733 5090 1794 5143 τὸ

211 5177 424 5246 χρῆμα,
453 5180 480 5229 6
509 5179 809 5242 ἐπίσκοπος
833 5179 1034 5250 δηλαδὴ
1069 5182 1162 5234 καὶ
1193 5181 1244 5234 οἱ
1282 5183 1632 5254 παρεστῶτες
1651 5201 1664 5215 ο
1698 5185 1792 5238 καὶ

213 5267 404 5338 ὥσπερ
436 5272 556 5324 τινὰ
590 5271 788 5342 κλῆρον
822 5274 902 5336 εἰς
927 5273 1191 5344 ἀλλήλους
1221 5273 1653 5344 διανειμάμενοι,
1680 5275 1790 5330 πα-

212 5361 323 5413 θῶν
355 5360 472 5430 ἅμα
498 5363 590 5414 καὶ
625 5363 953 5433 νοσημάτων
983 5365 1077 5417 καὶ
1109 5366 1311 5430 παντὸς
1340 5367 1527 5438 ἐτέρου
1559 5367 1790 5422 λυποῦν-

208 5469 304 5516 τος
333 5453 658 5525 ἀπαλλαγὴν
687 5455 831 5526 ἔχειν
869 5456 936 5510 δι’
967 5457 1192 5510 ἐκείνων
1220 5458 1528 5523 ἐπίστευον,
1558 5459 1652 5513 καὶ
1681 5459 1790 5513 τῶν

211 5544 444 5598 ἐλπίδων
485 5547 544 5600 ού
597 5547 1010 5622 διεψεύσθησαν.
1059 5548 1222 5606 Ἀλλά
1280 5551 1386 5622 μὴν
1425 5552 1518 5605 καὶ
1559 5553 1587 5604 6
1628 5553 1789 5615 τόπος

211 5636 426 5708 πλήρης
457 5639 650 5694 ίάσεων
669 5681 682 5704 ,
718 5639 776 5705 ὃς
806 5641 864 5693 τὸ
895 5642 1040 5712 ἱερὸν
1072 5641 1277 5713 ταύτης
1300 5640 1564 5713 κρύπτειν
1595 5642 1790 5711 ηύμοί-

214 5745 348 5800 ρησε
375 5729 555 5800 σῶμα,
585 5732 859 5805 θησαυρὸν
897 5734 1170 5788 ἀκένωτόν
1201 5751 1260 5788 τε
1297 5735 1390 5787 καὶ
1422 5733 1785 5804 ἀδαπάνητον.

213 5821 288 5875 Ού
323 5821 489 5886 πολὺς
520 5823 548 5874 6
598 5824 802 5893 μεταξὺ
859 5828 1083 5897 χρόνος,
1125 5828 1218 5882 καὶ
1246 5828 1300 5882 αἱ
1340 5825 1534 5882 πισταὶ
1584 5827 1788 5898 ταύτης

1897 4635 2050 4689 culus
2088 4644 2143 4688 et
2175 4649 2304 4688 crux
2345 4633 2522 4688 facere
2550 4632 2766 4696 similia,
2797 4644 2990 4698 nempe
3021 4637 3076 4683 et
3109 4626 3315 4697 ingredi
3346 4641 3469 4680 cum

1898 4727 2036 4782 lecto
2067 4743 2083 4782 :
2113 4736 2168 4781 et
2203 4742 2324 4781 cum
2362 4733 2553 4790 staret,
2590 4726 2888 4779 consistere
2923 4741 2937 4776 :
2983 4719 3142 4776 simul
3173 4733 3238 4774 ac
3268 4733 3396 4774 vero
3428 4716 3476 4774 is

1899 4819 1999 4873 fuit
2049 4829 2192 4874 terra
2240 4817 2556 4882 absconsus,
2591 4817 2706 4886 ipse
2744 4829 2962 4885 quoque
3001 4812 3243 4878 latuisse,
3272 4818 3326 4866 et
3366 4824 3473 4865 non

1899 4910 2213 4979 apparuisse
2235 4907 2483 4976 amplius.
2508 4909 2640 4960 Cum
2669 4921 2788 4959 eam
2818 4920 2945 4975 ergo
2972 4903 3049 4957 sic
3072 4903 3469 4970 deposuissent,

1899 5013 2035 5055 etut
2067 5017 2164 5070 par
2209 5010 2346 5066 erat,
2404 5000 2686 5054 auxissent
2732 4997 2917 5062 lintea,
2954 5011 3073 5065 qua:
3099 5002 3256 5048 erant
3303 4993 3478 5061 impo-

1897 5095 1998 5150 sita
2032 5095 2316 5164 reliquiis,
2361 5093 2624 5161 ejusmodi
2672 5105 2792 5145 esse
2835 5091 3122 5149 duxerunt,
3164 5095 3222 5138 ut
3250 5101 3350 5155 pro
3393 5083 3475 5140 eis

1899 5187 2293 5257 depugnarent,
2323 5186 2608 5255 cpiscopus
2638 5182 2848 5237 scilicet
2872 5189 2928 5235 et
2963 5181 3020 5246 ii,
3052 5179 3143 5249 qui
3187 5178 3416 5232 aderant
3450 5191 3468 5234 :

1896 5288 1951 5334 et
2005 5294 2127 5334 cum
2179 5277 2340 5332 veluti
2378 5277 2666 5346 quamdam
2713 5273 3080 5328 literedilatem
3125 5286 3186 5325 ea
3225 5270 3364 5324 inter
3411 5280 3474 5322 se

1897 5371 2231 5436 divisissent,
2273 5385 2300 5422 a
2345 5371 2548 5424 morbis
2584 5378 2638 5424 et
2682 5365 3092 5428 all‘ectionibus,
3127 5373 3183 5419 et
3229 5378 3257 5414 a
3298 5359 3474 5429 quoli-

1896 5464 1986 5519 bet
2032 5465 2159 5529 alio,
2209 5463 2352 5533 quod
2395 5477 2537 5533 aegre
2577 5475 2740 5524 esset,
2768 5458 3142 5515 liberationem
3171 5469 3264 5523 per
3293 5452 3378 5506 illa
3411 5465 3473 5504 se

1895 5554 2094 5609 habere
2121 5555 2432 5620 credebant,
2464 5568 2641 5622 neque
2672 5567 2766 5622 spe
2795 5549 2914 5604 falsi
2935 5549 3106 5601 fuere.
3160 5543 3468 5611 Quinetiam

1897 5645 2045 5700 locus
2080 5660 2294 5715 quoque
2337 5654 2455 5698 erat
2493 5644 2682 5714 plenus
2722 5638 3086 5702 curationum,
3136 5634 3220 5687 cui
3256 5629 3474 5700 obtittit,

1897 5744 1955 5791 ut
2001 5751 2214 5792 sacrum
2257 5735 2375 5805 ejus
2426 5749 2622 5806 corpus
2670 5735 2962 5796 conderet,
3015 5730 3327 5784 thesaurum
3375 5720 3472 5792 qui

1897 5829 2165 5886 exinaniri
2219 5845 2324 5886 non
2357 5839 2537 5901 potest
2583 5837 2636 5885 et
2665 5826 2935 5886 consumi.
2974 5823 3093 5880 Non
3133 5821 3361 5878 multum
3398 5822 3474 5876 iu-
