3828 6472
368 359 474 422 999

1591 353 1874 415 MENSIS
1913 354 2368 415 JANUAR‘IUS.

3485 353 3611 418 10.0

372 469 624 524 tercessit
673 466 950 538 temporis,
992 474 1045 521 et
1075 465 1260 522 ﬁdeles
1307 464 1425 534 ejus
1459 465 1684 531 ancillae,
1724 475 1816 520 aut
1851 465 1947 521 Dei

2062 465 2413 537 θεράπαιναι,
2455 465 2488 538 ἢ
2524 465 2616 520 τοῦ
2656 465 2793 522 Θεοῦ
2843 467 3044 539 μᾶλλον
3081 467 3374 539 εὖάρεσται
3416 467 3614 536 δοῦλαι,

372 559 548 630 potius
579 568 742 628 gratae
777 573 984 622 serva},
1017 571 1048 612 e
1097 558 1205 613 vita
1236 557 1534 623 excedunt,
1565 565 1620 612 et
1671 559 1737 611 ad
1783 559 1946 623 pedes

372 650 605 705 domina:
633 648 991 716 sepeliuntur,
1034 663 1101 701 ex
1140 648 1365 702 veritate
1397 649 1567 717 magis
1601 646 1813 702 ostendi
1859 662 1948 701 vo-

370 742 562 807 lentes,
598 756 758 810 quam
793 755 858 795 ex
903 756 1003 805 eo,
1042 740 1186 810 quod
1217 749 1335 794 erat
1377 741 1696 794 humilitatis
1742 739 1950 809 legibus

371 834 738 902 dispensatum
804 849 818 886 :
881 843 934 886 et
988 842 1048 887 ut
1111 848 1205 902 per
1268 835 1724 902 propinquitatem
1788 830 1949 887 simul

369 934 688 981 cerneretur
713 940 866 979 amor
895 935 950 979 et
981 925 1380 990 benevolentia,
1413 933 1465 978 et
1495 925 1728 980 servitus
1763 937 1950 978 rursus

370 1028 426 1074 et
458 1017 719 1089 subjectio
753 1033 849 1089 per
878 1017 1146 1072 ordinem.

447 1214 609 1272 XVII.
645 1214 720 1269 Ex
773 1215 971 1285 quibus
1019 1230 1140 1270 cum
1173 1230 1292 1284 quae
1344 1219 1518 1281 primo
1551 1224 1670 1270 erat
1707 1225 1948 1278 mortua,

374 1308 444 1364 de
491 1323 590 1364 sua
646 1307 773 1377 luga
829 1307 963 1362 nihil
1006 1309 1346 1376 aperuisset,
1400 1309 1656 1375 quoniam
1713 1309 1949 1364 secunda

375 1415 593 1469 quoque
627 1409 746 1452 erat
773 1398 930 1468 paulo
976 1409 1095 1468 post
1131 1400 1422 1464 moritura,
1457 1415 1670 1455 sorores
1711 1416 1828 1454 eam
1858 1415 1948 1455 sa-

374 1501 654 1546 cramento
686 1505 843 1558 qnam
877 1489 1112 1544 maxime
1151 1490 1418 1544 horrendo
1457 1490 1798 1555 adjurantes,
1838 1489 1952 1545 elli-

375 1583 527 1638 ciunt
557 1590 614 1636 ut
661 1581 790 1634 nihil
842 1581 980 1634 celet
1019 1596 1086 1634 ex
1129 1581 1226 1643 iis,
1274 1595 1394 1648 qua:
1425 1582 1564 1636 facta
1602 1579 1850 1643 fuerant,
1898 1587 1954 1634 et

375 1674 558 1728 statim
611 1674 789 1726 omnia
853 1688 979 1726 vere
1037 1671 1281 1727 narravit
1332 1689 1347 1726 :
1411 1675 1682 1727 undenam
1742 1673 1951 1726 venerit

374 1773 559 1821 saneta
584 1804 600 1831 ,
632 1774 687 1818 et
723 1764 1050 1834 quibusnam
1084 1763 1248 1820 claris
1275 1772 1393 1818 orta
1425 1767 1498 1820 sit
1524 1765 1858 1835 parentibus,
1897 1770 1951 1818 et

372 1872 622 1927 quaenam
669 1857 718 1911 ei
761 1857 922 1911 fuerit
975 1870 1138 1910 causa
1174 1856 1380 1910 erroris
1427 1865 1482 1910 et
1534 1856 1709 1925 fugae,
1759 1870 1954 1924 nempe

376 1947 469 2002 Dei
500 1963 654 2003 amor
679 1947 1130 2020 ineXpngnabilis,
1160 1955 1381 2018 propter
1409 1963 1568 2018 quem
1599 1958 1654 2002 et
1691 1948 1954 2003 maximos

374 2037 586 2093 labores
618 2049 672 2094 et
695 2039 1038 2094 innnodicam
1063 2042 1439 2095 sustinuerunt
1479 2039 1824 2095 allii-stionem
1861 2049 1956 2095 :et

375 2133 644 2199 quodnam
679 2141 824 2187 esset
852 2133 971 2202 ejus
999 2147 1192 2186 nomen
1227 2133 1528 2202 proprium,
1563 2147 1754 2202 nempe
1787 2131 1954 2188 Euse-

378 2221 484 2286 bia,
545 2223 620 2275 ita
672 2224 817 2277 enim
861 2223 1244 2278 nominabatur
1283 2238 1314 2278 a
1367 2223 1553 2278 divino
1607 2225 1953 2294 baptismate.

378 2310 640 2382 Imposito
669 2325 846 2370 autem
884 2318 1124 2383 nomine,
1159 2317 1348 2371 maluit
1387 2317 1474 2372 illa
1507 2319 1686 2371 vocari
1708 2316 1954 2388 Hospita,

379 2420 665 2477 propterea
702 2409 845 2478 quod
885 2424 914 2462 a
962 2409 1128 2463 rebus
1159 2408 1446 2463 mundanis
1485 2417 1627 2463 esset
1661 2409 1818 2478 plane
1859 2409 1958 2462 bo-

379 2514 504 2567 spes
527 2507 582 2553 et
603 2499 816 2554 aliena:
853 2509 908 2555 et
935 2501 1101 2555 etiam
1137 2508 1195 2556 ut
1226 2500 1396 2572 magis
1425 2499 1642 2567 lateret,
1678 2501 1764 2556 cui
1788 2500 1958 2557 latere

379 2597 590 2657 gratum
625 2599 763 2644 erat.

453 2677 640 2732 XVIII.
669 2681 860 2735 Paucis
885 2694 1011 2735 vero
1031 2691 1148 2750 post
1172 2681 1361 2737 diebus
1378 2681 1723 2736 beatissimus
1745 2695 1958 2752 quoque

379 2771 578 2826 Paulus
626 2775 857 2842 emigrat
917 2771 1186 2842 gloriose,
1247 2772 1338 2842 qui
1389 2773 1491 2826 luit
1540 2787 1728 2827 revera
1784 2773 1959 2825 bonus

380 2871 597 2936 pastor,
642 2879 906 2931 suamque
941 2868 1106 2918 vitam
1145 2875 1263 2933 post
1316 2873 1543 2919 mortem
1585 2862 1958 2934 comprobavit

383 2954 681 3016 miraculis,
711 2965 763 3009 et
791 2971 912 3009 eum
951 2957 1072 3011 aliis
1101 2970 1164 3010 eo
1189 2970 1406 3025 quoque
1435 2955 1586 3010 dives
1617 2966 1701 3010 est
1727 2955 1957 3026 Mylassa

383 3048 595 3102 civitas.
625 3046 906 3116 Templum
938 3063 1064 3102 vero
1094 3047 1326 3103 Andreae
1351 3048 1578 3118 apostoli
1611 3048 1730 3116 ejus
1761 3062 1956 3114 corpus

2048 558 2139 611 τὸν
2168 557 2282 626 βίον
2309 557 2772 628 ἀπολιμπάνουσι.
2810 561 2908 614 καὶ
2933 560 3070 631 πρὸς
3097 562 3209 624 τοῖς
3237 562 3365 614 ποσὶ
3394 560 3618 615 θάπτον-

2048 667 2138 704 ται
2189 651 2288 720 τῆς
2331 650 2639 722 δεσποίνης,
2680 651 2934 722 ἑλόμεναι
2984 653 3185 724 μᾶλλον
3215 653 3320 707 ἀπὸ
3358 653 3457 722 τῆς
3490 653 3615 722 ἁλη-

2051 743 2222 809 θείας,
2263 743 2296 815 ἢ
2330 743 2436 797 ἀπὸ
2470 743 2565 796 τοῦ
2601 745 2788 814 νόμοις
2813 745 3198 808 ταπεινώσεως
3235 743 3617 814 οἱκονομηθέν-

2049 853 2138 895 τος
2172 834 2519 901 δείκνυσθαι,
2545 835 2640 888 καὶ
2671 836 2737 890 ἵν’
2767 839 2823 889 ὲν
2851 836 3003 907 αύτῷ
3046 839 3138 891 καὶ
3169 837 3236 891 τὰ
3277 837 3376 906 τῆς
3415 835 3618 900 εὐνοίας

2052 928 2146 979 καὶ
2175 926 2245 979 τὰ
2280 926 2384 996 τῆς
2411 927 2666 999 στοργῆς,
2692 927 2782 981 διὰ
2811 928 2910 996 τῆς
2935 928 3258 998 ὲγγύτητος,
3287 929 3385 982 καὶ
3415 929 3487 980 τὰ
3522 927 3615 996 τῆς

2050 1015 2294 1080 δουλείας
2334 1017 2499 1070 πάλιν
2546 1018 2640 1071 καὶ
2685 1016 2786 1086 τῆς
2835 1019 3114 1088 ὑποταγῆς
3153 1017 3240 1071 διὰ
3283 1019 3381 1089 τῆς
3421 1017 3621 1084 τάξεως

2053 1107 2439 1176 ὑποφαίνηται.

2123 1196 2224 1252 lZ'.
2278 1191 2380 1251 Ὧν
2422 1197 2521 1270 τῆς
2561 1198 2784 1271 πρώτης
2835 1196 3104 1270 θανούσης
3158 1199 3311 1254 οὐδὲν
3342 1200 3473 1272 περὶ
3529 1200 3621 1272 τῆς

2001 1326 2018 1332 -
2052 1290 2258 1344 ἑαυτῶν
2292 1291 2468 1362 φυγῆς
2513 1291 2942 1361 ἀποκαλιιψάσης
2965 1336 2980 1361 ,
3014 1293 3137 1346 ἐπεὶ
3182 1295 3276 1346 καὶ
3318 1295 3353 1364 ὴ
3399 1293 3620 1364 δευτέρα

2055 1383 2194 1454 μετὰ
2243 1382 2435 1453 μικρὸν
2483 1383 2710 1452 ἔμελλεν
2755 1383 3157 1454 ἀποθνήσκειν,
3197 1384 3382 1456 ὅρκοις
3425 1385 3502 1449 ὡς
3552 1387 3622 1439 ενι

2055 1475 2291 1545 μάλιστα
2325 1478 2570 1546 φρικτοίς
2605 1476 2659 1528 αἱ
2695 1474 2922 1544 ἀδελφαὶ
2953 1473 3156 1546 ταύτην
3192 1474 3620 1540 καταλαϐοῦσαι,

2056 1566 2222 1635 μηδὲν
2251 1563 2359 1616 τῶν
2401 1565 2710 1634 γενομένων
2744 1565 3058 1636 ἀποκρύψαι
3107 1567 3618 1636 παρασκευάζουσι,

2052 1658 2147 1712 καὶ
2172 1657 2334 1720 εὐθὺς
2366 1658 2544 1710 πάντα
2587 1658 2768 1728 ἐκείνη
2813 1657 3096 1730 διηγόρευε
3127 1658 3436 1729 φιλαλήθως
3457 1676 3472 1688 ·
3508 1659 3621 1712 ὅθεν

2052 1765 2112 1804 τε
2144 1748 2372 1820 ὥρμητο
2405 1750 2439 1819 ή
2481 1749 2642 1817 ἁγία,
2675 1752 2770 1804 καὶ
2801 1751 3005 1815 ὁποίοις
3045 1752 3318 1822 ἐχρήσατο
3355 1751 3620 1824 πατράσιν

1986 1819 2024 1873 Β
2054 1819 2369 1912 ἐπισήμοις,
2403 1842 2487 1906 τίς
2517 1859 2578 1894 τε
2612 1843 2641 1895 ὁ
2671 1843 2769 1912 τῆς
2807 1843 3014 1912 πλάνης
3208 1842 3423 1912 καὶτῆς
3452 1819 3621 1912 ιρυγῆς

2054 1935 2233 2004 λόγος,
2253 1936 2334 1989 ὃτι
2355 1934 2489 1988 Θεοῦ
2512 1934 2722 2006 ἄμαχος
2747 1933 2906 2004 ἔρως,
2941 1934 3006 1988 δι’
3034 1934 3092 1987 ὃν
3115 1934 3209 1987 καὶ
3239 1934 3435 1998 πόνους
3467 1935 3622 2005 ὑπερ-

2055 2027 2230 2092 φυεῖς,
2269 2027 2365 2081 καὶ
2435 2027 2536 2097 τὴν
2587 2027 2828 2096 ἄμετρον
2880 2026 3171 2096 ἠνέσχοντο
3230 2026 3620 2089 κακοπάθειαν,

2055 2119 2151 2170 καὶ
2179 2116 2230 2170 τί
2261 2117 2320 2170 τὸ
2352 2118 2556 2188 κυρίως
2600 2118 2770 2187 αὐτῆς
2810 2116 3018 2188 ὄνομα..
3048 2118 3130 2170 ὅτι
3169 2116 3409 2171 Εύσεσία
3429 2133 3445 2149 ·
3475 2115 3622 2172 τοῦτο

2055 2209 2166 2280 γὰρ
2195 2208 2302 2261 άπὸ
2346 2208 2440 2261 τοῦ
2477 2207 2621 2261 θείου
2659 2208 3034 2278 βαπτίσματος
3077 2205 3396 2278 ῶνομάζετο
3425 2225 3443 2242 ο
3485 2209 3544 2262 τὸ
3572 2208 3621 2262 δὲ

2058 2299 2338 2354 καλεῖσθαι
2371 2301 2511 2372 Ξένη
2551 2301 2875 2365 ὲπιθετικῶς
2921 2302 3140 2373 ἐκείνη,
3183 2301 3526 2372 φερωνύμως
3573 2301 3621 2354 ἃ

2066 2395 2266 2466 μᾶλλον
2322 2397 2531 2461 εἰπεῖν,
2564 2395 2653 2450 διὰ
2698 2397 2760 2450 τὺ
2803 2395 3099 2468 ξενωθῆναι
3140 2394 3247 2448 τῶν
3275 2395 3372 2448 τοῦ
3401 2395 3620 2465 κόσμου,

2061 2488 2378 2560 προείλετο,
2429 2491 2523 2544 καὶ
2553 2489 2640 2542 ἵνα
2672 2490 2768 2542 καὶ
2801 2489 2939 2561 λάθῃ
2991 2486 3191 2558 μᾶλλον
3213 2527 3228 2553 ,
3261 2488 3297 2559 η
3344 2487 3407 2540 τδ
3455 2487 3624 2540 λαθεῖν

2059 2583 2412 2652 ἀγαπήσασα.

2134 2674 2241 2730 lll'.
2311 2676 2554 2744 Ὀλίγαις
2589 2675 2646 2729 δὲ
2678 2675 2906 2746 ὕστερον
2943 2675 3196 2746 ἡμέραις,
3244 2675 3338 2729 καὶ
3384 2676 3412 2730 ὀ
3457 2690 3620 2745 μακα·

2063 2769 2326 2840 ριὼτατος
2380 2772 2592 2835 Παῦλος
2647 2772 2883 2835 εὐκλεῶς
2945 2770 3370 2841 μετανίσταται,
3430 2769 3619 2838 ποιμὴν

2061 2861 2264 2928 ἀγαθὸς
2292 2860 2371 2932 τῷ
2417 2861 2532 2916 ὄντι
2563 2863 2876 2931 γενόμενος,
2908 2861 3003 2913 καὶ
3037 2859 3277 2930 θαύμασι
3306 2858 3400 2911 τὸν
3441 2855 3618 2911 ἑαυτοῦ

2065 2952 2177 3023 βίον
2205 2953 2344 3024 μετὰ
2375 2955 2604 3008 θάνατον
2648 2953 3082 3023 πιστωσάμενος,
3115 2952 3209 3005 καὶ
3240 2950 3464 3003 πλουτεῖ
3501 2947 3621 3019 μετὰ

2062 3045 2170 3097 τῶν
2200 3045 2378 3100 ἄλλων
2419 3045 2514 3098 καὶ
2551 3045 2714 3100 αὐτὸν
2745 3047 2777 3115 ἡ
2825 3045 3090 3099 Μύλασσα
3125 3043 3301 3108 πόλις,
3329 3042 3426 3095 καὶ
3455 3040 3515 3094 τὸ
3543 3037 3620 3092 τοῦ

385 3149 642 3209 tanquam
677 3154 892 3194 sacrum
950 3139 1197 3209 suscipit.
1236 3137 1377 3193 Sunt
1418 3154 1548 3194 vero
1584 3155 1724 3194 nunc
1753 3137 1789 3194 i’
1841 3139 1953 3210 My-

2065 3134 2363 3188 άποστόλου
2425 3135 2568 3206 ἱερὸν
2625 3133 2876 3206 Ἀνδρέου
2929 3135 3020 3188 τὸν
3069 3133 3262 3187 τούτου
3318 3132 3510 3204 νεκρὸν
3557 3130 3624 3192 ὡς

385 3231 541 3284 lassae
595 3241 1013 3296 ornamentum,
1060 3241 1237 3286 turres
1271 3246 1390 3301 qua:
1439 3233 1612 3300 rumpi
1655 3242 1961 3303 nequeunt,

388 3322 631 3376 thesauri
660 3324 777 3376 sine
811 3335 1026 3392 sumptu
1047 3362 1063 3388 ,
1097 3332 1151 3377 et
1180 3323 1444 3378 bonorum
1489 3325 1730 3378 omnium
1761 3339 1961 3394 suppe-

2067 3226 2210 3296 ἱερὸν
2240 3225 2583 3296 ὑποδέχεται,
2621 3227 2715 3281 καὶ
2742 3225 2835 3279 νῦν
2865 3227 2975 3280 εἱσι
3011 3228 3078 3296 τῇ
3114 3223 3382 3295 Μυλάσσῃ
3407 3223 3618 3292 κόσμσξ.

2063 3319 2264 3389 πύργοι
2307 3319 2604 3392 ἇρῥηκτοι,
2642 3320 2907 3374 ἀδάπανοι
2938 3319 3234 3389 θησαυροὶ,
3271 3318 3367 3370 καὶ
3419 3315 3623 3368 πάντων

385 3411 652 3470 dilatores
689 3431 703 3470 :
747 3415 798 3468 in
820 3415 1049 3486 gloriam
1080 3414 1281 3482 Patris,
1301 3426 1357 3472 et
1386 3415 1604 3483 Filii,et
1636 3419 1808 3472 sancti
1841 3417 1953 3487 Spi-

2063 3412 2287 3479 ἀγαθῶν
2316 3412 2564 3482 χορηγοὶ,
2589 3415 2670 3476 εἰς
2695 3411 2850 3476 δόξαν
2873 3410 3087 3482 Πατρδς
3110 3410 3204 3463 καὶ
3218 3408 3348 3462 Υίού
3365 3408 3459 3460 καὶ
3481 3405 3620 3473 ἁγίου

383 3503 544 3573 ritus,
565 3520 704 3563 nunc
724 3514 779 3562 et
794 3520 1032 3578 scruper,
1047 3515 1101 3562 et
1122 3505 1174 3563 in
1191 3507 1389 3564 sucula
1405 3508 1748 3565 seculorum.
1769 3507 1960 3564 Amen.

2066 3503 2402 3574 ῐινεύματος,
2455 3503 2550 3558 νῦν
2600 3505 2694 3560 καὶ⁹
2721 3505 2810 3560 ἀεὶ
2857 3505 2954 3560 καὶ
2978 3506 3057 3571 είς
3102 3503 3228 3569 τοὺς
3278 3503 3476 3566 αἰῶνας
3525 3498 3623 3554 τῶν

2067 3595 2299 3652 αἰώνων.
2354 3597 2549 3670 Ἀμήν.
