3828 6494
292 422 433 491 1005

1597 413 1776 476 νΙΤΑ
1815 413 1877 474 S.
1918 413 2249 476 ANANLE.

3416 406 3552 474 10C6

284 538 386 611 τὴν
415 531 704 606 Δαμασκὸν
735 524 1245 602 χειραγωγούμενος
1280 523 1496 578 εῐσεισι.
1523 522 1615 594 Τῷ
1646 521 1867 594 ’Δνανία
1897 569 1905 586 Α

2042 527 2177 582 ertis
2228 524 2407 581 oculis
2465 523 2743 581 neminem
2803 523 2991 580 videre
3041 533 3259 596 poterat
3309 543 3322 582 :
3363 543 3557 584 verum

280 630 342 684 δὲ
363 669 378 693 ,
434 624 592 696 Παρὰ
631 622 730 693 τὴν
775 620 1006 674 Εὐθεῖαν
1039 617 1363 690 πορεύθητι,
1398 615 1563 687 φησὶ,
1595 614 1812 687 ῥύμην,
1841 614 1871 666 ὁ

2040 632 2138 671 anu
2158 615 2358 672 ductus
2387 617 2712 674 Damascum
2745 618 3076 688 ingreditur.
3099 618 3342 674 Ananiae
3373 630 3558 676 autem

287 720 512 791 Κύριος,
547 715 642 770 καὶ
670 712 751 784 τῷ
800 711 1005 783 Ταρσεῖ
1041 709 1232 780 Σαύλῳ
1263 709 1362 772 τὰς
1405 703 1594 778 χεῖρας
1626 704 1871 776 περιθεὶς

285 812 350 886 [Γ.
411 806 624 878 ὲπιθ.],
699 803 867 874 ἄφελε
921 803 1022 874 τὴν
1081 800 1314 872 νεφέλην
1367 799 1477 852 τῶν
1549 796 1869 867 ὀφθαλμῶν.

285 901 491 965 Σκεῦος
535 900 647 969 γὰρ
691 899 789 952 καὶ
835 890 991 958 οὗτος
1022 893 1178 948 ἔσται
1214 909 1305 964 μοι
1345 891 1600 962 ὲκλογῆς,
1635 890 1730 943 καὶ
1773 888 1873 959 βα-

286 995 475 1048 στάσει
514 991 576 1044 τὸ
619 989 795 1059 ὄνομα
836 1005 938 1053 μου
986 987 1220 1040 ἐνώπιον
1265 984 1438 1038 ἐθνῶν
1473 999 1534 1036 τε
1575 983 1671 1035 καὶ
1717 980 1873 1051 βασι-

285 1089 424 1142 λέων
479 1087 577 1140 καὶ
623 1083 759 1137 υἱῶν
806 1080 1046 1152 Ἰσραήλ.
1101 1079 1266 1132 Ἥκει
1319 1074 1612 1147 τοιγαροῦν
1649 1077 1678 1128 ὁ
1731 1074 1875 1136 θεῖος

283 1169 444 1244 οὗτος
513 1176 764 1240 Ἀνανίας
829 1174 974 1229 κατὰ
1031 1173 1094 1226 τὸ
1159 1169 1450 1244 εἰρημένον
1515 1166 1666 1238 αὐτῷ
1724 1164 1876 1236 παρὰ

288 1271 532 1342 Κυρίου,
583 1270 678 1324 καὶ
726 1267 918 1338 Σαύλῳ
968 1264 1067 1336 τὴν
1121 1263 1216 1317 τοῦ
1263 1263 1397 1335 ὁρᾷν
1449 1261 1685 1329 δύναμιν
1741 1258 1878 1312 dmo-

285 1363 476 1418 δίδωσι
500 1377 516 1392 ο
551 1362 614 1416 ού
647 1360 758 1432 γὰρ
789 1359 869 1413 δεῖ
911 1357 979 1412 τὰ
1015 1359 1158 1412 κατὰ
1205 1356 1374 1427 μέρος
1405 1355 1533 1426 ἄρτι
1579 1350 1876 1418 διεξιέναι,

291 1455 470 1528 παρὸν
505 1453 613 1508 ἀπὸ
641 1453 751 1508 τῶν
786 1451 1046 1523 Πράξεων
1090 1447 1267 1503 ταῦτα
1300 1447 1378 1518 τῷ
1427 1443 1742 1515 βουλομένῳ
1776 1458 1882 1514 μα-

293 1548 430 1602 θεῖν.
472 1545 531 1601 '0
557 1546 614 1600 δὲ
639 1545 776 1616 πρός
801 1561 860 1598 τε
883 1542 984 1614 τὴν
1007 1540 1292 1596 εὐσέϐειαν
1313 1539 1477 1603 αὐτὸς
1503 1535 1880 1606 μετατίθεται,

295 1641 391 1695 καὶ
414 1639 514 1711 τὴν
543 1638 736 1709 κλῆσιν
761 1636 839 1706 τῷ
860 1627 1049 1707 τρόπῳ
1085 1631 1573 1703 συμμετατίθεται,
1606 1631 1686 1692 εἰς
1714 1627 1883 1698 ούρα-

293 1733 384 1786 νόν
414 1749 474 1786 τε
517 1730 692 1785 ἄνεισι
718 1729 920 1800 τρίτον,
952 1727 1049 1780 καὶ
1074 1726 1150 1797 τῷ
1187 1721 1532 1794 εὐαγγελικῷ
1560 1719 1882 1791 κηρύγματι

1975 709 2224 780 praecipit
2266 711 2412 765 Deus
2458 730 2472 766 :
2515 711 2684 774 Vade,
2721 712 2921 783 inquit,
2961 713 3015 768 in
3062 713 3244 768 vicum
3305 715 3562 780 Rectum,

1973 813 2038 854 ac
2089 799 2260 853 Paulo
2306 798 2562 855 Tarsensi
2619 801 2875 856 manibus
2923 802 3220 872 impositis,
3247 804 3322 859 ab
3385 807 3566 864 oculis

1975 893 2097 963 ejus
2139 891 2429 962 caliginem
2465 893 2698 962 depelle.
2727 895 2863 949 Nam
2891 906 2947 950 et
2983 896 3100 966 ipse
3154 897 3291 951 mihi
3324 914 3419 954 vas
3453 903 3570 958 ele-

1977 984 2180 1041 etionis
2203 984 2330 1051 erit,
2355 985 2712 1056 portabitque
2743 1002 2948 1042 nomen
2977 1004 3162 1044 meum
3210 1005 3397 1046 coram
3431 1009 3571 1064 gen-

1979 1078 2128 1133 tibus
2155 1089 2212 1134 et
2250 1077 2476 1150 regibus
2505 1089 2561 1133 et
2591 1078 2718 1135 ﬁliis
2746 1080 2933 1136 Israel.
2959 1083 3122 1138 Venit
3151 1083 3323 1155 igitur
3348 1085 3574 1141 divinus

1978 1170 2242 1235 Ananias,
2278 1170 2424 1225 sicut
2456 1171 2507 1225 ei
2541 1171 2754 1226 dictum
2781 1182 2901 1228 erat
2931 1189 2960 1227 a
2993 1175 3250 1238 Domino,
3295 1185 3351 1232 et
3401 1177 3574 1232 Paulo

1980 1262 2202 1319 videndi
2258 1262 2577 1319 facultatem
2643 1265 2902 1320 restituit.
2962 1267 3111 1322 Nihil
3175 1277 3336 1324 τοι-θ’
3373 1271 3575 1326 attinet

1983 1356 2296 1412 minutatim
2348 1357 2566 1428 singula
2609 1359 2894 1429 persequi,
2929 1376 3054 1416 cum
3102 1361 3157 1416 in
3210 1373 3468 1433 promptu
3499 1365 3575 1419 sit

1981 1465 2049 1506 ex
2103 1450 2334 1508 Actibus
2383 1467 2469 1519 ea,
2499 1452 2543 1506 si
2590 1451 2716 1522 quis
2758 1454 3019 1519 voluerit,
3073 1469 3428 1526 cognoscere.
3475 1457 3573 1513 Ille

1983 1551 2168 1598 autem
2187 1544 2320 1598 etad
2341 1545 2601 1614 pietatem
2621 1546 2991 1612 convertitur,
3012 1557 3067 1601 et
3085 1547 3160 1618 (5)
3183 1563 3382 1604 nomen
3408 1551 3574 1606 simul

1985 1645 2161 1691 mutat
2191 1651 2314 1690 cum
2347 1637 2615 1703 moribus,
2655 1638 3017 1708 ascenditque
3058 1641 3115 1694 in
3181 1646 3406 1698 tertium
3461 1660 3577 1701 caa-

1985 1727 2121 1794 lum,
2155 1736 2319 1798 atque
2361 1727 2718 1799 Evangelium
2776 1729 3084 1799 praedicans
3128 1733 3322 1789 orbem
3374 1736 3578 1792 circuit

294 1825 395 1897 τὴν
427 1824 755 1895 οἰκουμένην
776 1821 1036 1893 ’περίεισι
1059 1835 1075 1849 ⁵
1113 1817 1368 1881 τοσοῦτος
1396 1816 1488 1869 τὸν
1523 1817 1603 1878 εἰς
1647 1813 1883 1885 Χριστὸν

2046 1834 2284 1885 rrarum,
2322 1827 2506 1873 tantus
2563 1834 2751 1874 amore
2791 1837 2919 1892 erga
2975 1821 3257 1879 Christum
3317 1825 3576 1896 eﬂ'ectus,

297 1919 590 1990 γενόμενος
632 1917 844 1988 ἔρωτα,
880 1915 1005 1978 ὅσος
1039 1913 1140 1985 τὴν
1183 1912 1326 1967 κατὰ
1364 1909 1709 1982 Χριστιανῶν
1747 1907 1880 1963 λύσ-

2040 1923 2233 1977 Jantus
2283 1913 2436 1968 rabie
2479 1914 2744 1969 adversus
2787 1914 3134 1973 Christianos
3181 1919 3336 1988 prius
3381 1921 3580 1977 existi-

299 2029 402 2064 σαν
433 2011 495 2065 τὸ
528 2009 660 2081 πρὶν
688 2009 990 2080 ἐνομίζετο,
1029 2005 1221 2076 ρὠην
1246 2021 1308 2057 τε
1344 2003 1560 2072 φύσεως
1591 2000 1688 2054 καὶ
1711 1999 1890 2072 ψυχῆς

301 2105 530 2177 μέγεθος
556 2105 622 2158 δι’
652 2105 980 2174 ἀμφοτέρων
1014 2098 1453 2168 ἐπιδειξάμενος.

371 2203 445 2254 Δ⁹.
488 2197 645 2252 Οὕτω
678 2196 780 2268 μὲν
808 2193 902 2249 οὖν
963 2192 1215 2256 Ἀνανίας
1254 2191 1350 2245 κα)¹
1382 2189 1596 2245 Παῦλον
1627 2189 1763 2260 πρὸς
1791 2188 1892 2260 τὴν

300 2289 477 2361 ἀληθῆ
518 2288 946 2360 χειραγωγήσας
988 2283 1134 2357 ζωὴν
1159 2324 1175 2351 ,
1205 2283 1368 2360 διπλῇ
1411 2299 1472 2336 τε
1526 2283 1769 2352 φωτίσας
1800 2281 1895 2334 καὶ

306 2384 447 2454 μετὰ
480 2379 574 2436 τοῦ
618 2380 900 2452 ὁρωμένου
929 2378 1121 2432 τούτου
1151 2378 1352 2446 φωτὸς,
1380 2375 1478 2431 καὶ
1495 2376 1558 2430 τὸ
1594 2376 1786 2445 νοητὸν
1817 2373 1894 2436 ὡς

303 2478 410 2549 χρὴ
454 2475 672 2547 βλέπειν
699 2473 1153 2545 παρασκευάσας,
1190 2471 1296 2526 ἀνὰ
1327 2474 1394 2543 τῇ
1428 2470 1762 2543 Βηθαγαυρῇ
1797 2485 1898 2540 κη-

305 2571 524 2642 ρύσσων
559 2567 751 2636 ἐφοίτα
796 2565 856 2618 τὸ
898 2563 1232 2633 Εὐαγγέλιον
1256 2603 1272 2628 ,
1301 2563 1398 2617 καὶ
1436 2559 1628 2633 ὥσπερ
1667 2561 1777 2614 τινὶ
1807 2559 1897 2614 λο-

305 2664 437 2733 γικῇ
473 2661 688 2732 σαγήνῃ
717 2660 784 2729 τῇ
812 2659 943 2727 περὶ
974 2655 1112 2710 Θεοῦ
1153 2657 1249 2709 καὶ
1276 2648 1414 2726 θείᾳ
1444 2652 1786 2724 διδασκαλίᾳ,
1817 2647 1898 2716 οἷς

308 2755 375 2810 διν
409 2755 653 2826 ἐντύχοι,
706 2754 919 2816 πάντας
971 2750 1192 2821 ὲφεῖλκε
1238 2747 1340 2821 [σι.
1379 2744 1560 2819 εἷλκε]
1609 2748 1749 2820 πρὸς
1799 2746 1899 2817 τὴν

307 2848 626 2917 ἐπίγνωσιν.
1393 2842 1398 2848 ’

381 2941 458 2996 E'.
505 2942 593 2995 Ἐν
619 2941 798 3012 τούτῳ
820 2940 876 2995 δὲ
902 2937 979 2993 ὣν
1008 2933 1450 3009 συλλαμϐάνεται
1479 2922 1632 3006 παρὰ
1673 2931 1784 2986 τῶν
1817 2925 1901 2994 οἷς

309 3033 473 3107 ιργον
501 3035 756 3106 θηρεύειν
779 3033 1164 3106 Χριστιανοὺς,
1190 3031 1286 3085 καὶ
1311 3028 1391 3100 τῷ
1415 3027 1509 3082 τοῦ
1537 3027 1766 3090 σκύτους
1795 3023 1901 3094 υἱῷ

312 3129 598 3201 Λουκιανῷ
628 3128 707 3200 τῷ
735 3127 966 3201 ἡγεμόνι
1002 3125 1366 3199 προσάγεται.
1411 3123 1470 3176 ’0
1497 3121 1553 3175 δὲ
1581 3121 1672 3175 ἐπὶ
1697 3121 1902 3190 πανδή-

321 3240 421 3295 μου
452 3222 551 3298 μὶν
578 3221 741 3286 εὐθὺς
772 3220 869 3275 τοῦ
897 3219 1128 3294 θεάτρου
1159 3217 1510 3291 προκάθηται
1530 3253 1545 3279 ,
1578 3214 1665 3268 διὰ
1702 3212 1900 3267 πολλοῦ

312 3317 370 3372 δὲ
398 3318 676 3388 θαύματος
703 3315 794 3370 τὸν
827 3313 998 3385 ἄνδρα
1025 3313 1282 3377 ποιεῖται,
1315 3308 1510 3368 κάλλος
1539 3323 1598 3362 τε
1623 3305 1764 3378 ὁρῶν
1791 3300 1903 3358 οἷον

315 3415 384 3484 τῇ
407 3411 526 3484 ὄψει
547 3410 992 3482 ἐπιφαινόμενον,
1024 3407 1122 3461 καὶ
1147 3405 1216 3459 τὰ
1245 3402 1336 3458 τοῦ
1361 3402 1529 3475 ἤθους
1607 3395 1667 3453 εὖ
1703 3414 1907 3469 κεκρα-

323 3506 498 3578 μένα,
543 3504 637 3558 καὶ
670 3502 921 3573 γλῶτταν
963 3498 1188 3562 πολλαῖς
1233 3497 1354 3559 ταῖς
1382 3495 1568 3567 χάρισι
1611 3492 1902 3564 βρύουσαν.

319 3598 510 3654 Ταῦτα
557 3596 717 3662 ἰδὼν,
773 3595 865 3648 ἐπὶ
917 3592 1263 3663 προσωπεῖον
1311 3585 1682 3659 χρηστότητος
1731 3594 1904 3635 κατα-

321 3693 537 3764 φεύγει,
568 3690 664 3744 καὶ
682 3689 782 3762 τὴν
807 3686 1110 3742 ἐπιείκειαν
1133 3682 1507 3752 ὑποκρίνεται,
1539 3676 1742 3747 πολλὴν
1774 3674 1910 3728 εἴσω

319 3785 420 3856 τὴν
453 3783 756 3855 ἀγριότητα
792 3775 1198 3849 κατακρύπτων
1222 3789 1237 3805 ο
1273 3771 1413 3844 πρὸς
1449 3771 1511 3824 τὸ
1544 3769 1730 3838 ἱλαρόν
1761 3783 1820 3819 τε
1851 3765 1912 3818 τδ

323 3878 546 3947 φθέγμα
589 3872 935 3944 μεταϐαλὼν,
979 3866 1240 3938 Πείσθητί
1284 3883 1400 3938 μοι,
1437 3863 1624 3937 φησὶν,
1669 3859 1909 3924 Ἀνανία,

321 3971 389 4041 τὰ
415 3969 632 4042 χρηστὰ
673 3963 1142 4038 συμϐουλεύοντι,
1175 3961 1270 4014 καὶ
1295 3961 1408 4022 τοῖς
1441 3956 1733 4030 ἡμετέροις
1770 3952 1914 4016 θεοῖς

327 4066 675 4135 συνθέμενος.
719 4062 994 4130 Ἀρνησαι
1028 4058 1087 4112 ὃν
1127 4055 1429 4128 κηρύσσεις
1463 4049 1913 4122 ἐσταυρωμένον,

331 4157 466 4228 μηδὲ
488 4156 548 4210 τὸ
570 4155 669 4226 τῆς
689 4155 839 4226 ὥρας
861 4151 1035 4216 οὕτως
1053 4149 1364 4216 ἀξιοθέατον
1393 4145 1658 4215 ἀνάλωμα
1670 4139 1917 4212 γίνεσθαι

331 4246 580 4320 βασάνων
616 4247 713 4320 [αι.
757 4247 881 4316 βας.
919 4242 1196 4315 γενέσθαι]
1235 4238 1689 4312 παρασκευάσῃς.
1743 4234 1802 4288 Ὀ
1838 4234 1916 4298 δὲ,

329 4339 463 4394 θεὸν
499 4339 778 4410 ἀληθινὸν,
821 4338 1036 4408 εἴρηκε,
1071 4333 1388 4407 προσκυνῶ,
1431 4331 1582 4400 αύτῷ
1619 4344 1679 4382 τε
1749 4342 1923 4397 προσο

329 4433 595 4503 ανέχομαι
639 4431 737 4503 [αι.
761 4426 1129 4502 προσανέχω],
1162 4427 1259 4480 καὶ
1288 4424 1452 4480 αὑτὸν
1476 4423 1636 4492 μόνον
1665 4419 1798 4490 δρῶ,
1826 4419 1922 4471 καὶ

330 4526 485 4580 οὐδὲν
513 4526 586 4579 ἂν
621 4523 833 4578 ἐκείνου
869 4540 959 4591 μοι
985 4521 1199 4590 γένοιτο
1238 4510 1519 4588 ἥδιοννοῦ
1550 4513 1642 4567 καὶ
1675 4512 1925 4572 διάκονος

1930 3275 1974 3332 C

1982 2008 2270 2074 .mabatur,
2300 2017 2538 2078 utroque
2589 2014 2645 2062 et
2679 2007 2852 2062 robur
2900 2017 3111 2066 natura:
3153 2024 3208 2067 et
3256 2013 3427 2068 animi
3458 2030 3581 2070 ma-

1994 2101 2336 2173 gnitudinem
2374 2100 2696 2157 ostendens.
3005 2116 3011 2121 ·

2066 2194 2156 2249 IV.
2185 2193 2276 2249 Sic
2307 2209 2436 2265 ergo
2459 2194 2702 2250 Ananias
2723 2211 2848 2251 cum
2879 2196 3111 2252 Paulum
3138 2198 3208 2254 ad
3235 2215 3420 2257 veram
3451 2218 3581 2273 per-

1997 2285 2247 2340 duxisset
2280 2287 2471 2350 vitam,
2506 2285 2911 2358 dupliciterque
2947 2290 3334 2358 illuminasset,
3369 2302 3426 2349 et
3458 2310 3586 2350 cum

1997 2377 2104 2434 hac
2134 2394 2256 2448 quae
2288 2379 2464 2435 oculis
2491 2381 2737 2437 cernitur
2765 2383 2912 2448 luce,
2945 2384 3012 2439 ad
3039 2401 3158 2440 eam
3190 2402 3432 2458 quoque,
3463 2404 3589 2460 qua

2001 2470 2364 2541 intelligentia
2394 2474 2723 2544 percipitur,
2757 2485 2818 2552 ut
2847 2485 3069 2548 Oportet
3100 2479 3421 2537 intuendam
3448 2498 3591 2552 prte-
3664 2483 3667 2485 ’

2001 2575 2270 2635 parasset,
2313 2565 2427 2621 ibat
2463 2583 2562 2637 per
2589 2568 2967 2638 Bethagauren
3003 2571 3309 2640 praedicans
3347 2574 3592 2646 Evange-

2000 2658 2180 2726 lium,
2214 2668 2268 2715 et
2307 2660 2480 2715 veluti
2530 2661 2784 2717 rationali
2833 2663 3068 2732 quadam
3117 2680 3347 2736 sagena,
3403 2666 3594 2727 divina

2001 2751 2214 2807 scilicet
2253 2751 2534 2819 doctrina,
2585 2753 2638 2809 in
2680 2770 2822 2824 quos
2862 2755 3134 2812 inciderat
3171 2773 3364 2814 omnes
3394 2760 3462 2815 ad
3494 2762 3593 2818 Dei

2002 2846 2378 2916 cognitionem
2418 2847 2800 2917 pertrahebat.

2015 2952 2023 2958 '
2073 2939 2138 2994 Υ.
2180 2939 2315 2996 Cum
2362 2939 2415 2994 in
2451 2940 2538 2996 his
2592 2948 2938 3009 versaretur,
2989 2931 3481 3015 comprehenditur
3523 2948 3596 3006 ab

2007 3033 2075 3090 iis
2110 3049 2347 3106 quorum
2389 3050 2593 3090 munus
2638 3044 2758 3090 erat
2791 3036 2983 3092 venari
3012 3037 3393 3108 Christianos,
3427 3051 3596 3113 atque

2006 3129 2076 3182 ad
2107 3125 2281 3182 ﬁlium
2319 3128 2671 3183 tenebrarum
2724 3127 3027 3185 Lucianum
3063 3131 3353 3202 praesidem
3387 3134 3600 3204 perdu-

2007 3223 2174 3278 citur.
2222 3223 2317 3278 Ille
2355 3217 2487 3278 vero
2524 3239 2650 3279 mox
2690 3223 2745 3279 in
2787 3225 3011 3296 publico
3047 3227 3262 3283 theatro
3293 3229 3550 3300 praesidet
3583 3247 3598 3285 :

2009 3314 2190 3370 virum
2224 3325 2407 3372 autem
2432 3315 2734 3387 plurimum
2764 3317 3093 3386 admiratur,
3119 3319 3450 3375 cmicantcm
3483 3336 3605 3376 cer-

2009 3424 2147 3464 nens
2175 3408 2431 3487 eximiam
2476 3419 2743 3494 aspectus,
2764 3420 3138 3477 venustatem,
3173 3420 3230 3466 et
3262 3411 3602 3484 singularem

2011 3517 2227 3556 morum
2260 3503 2756 3573 compositionem,
2803 3519 2867 3559 ac
2909 3504 3151 3576 linguam
3196 3505 3386 3560 multis
3410 3504 3608 3576 gratiis

2011 3595 2297 3652 ﬂuentem.
2336 3597 2463 3652 Haec
2496 3612 2731 3653 cernens
2769 3598 2977 3651 larvam
3009 3597 3369 3673 benignitatis
3387 3597 3603 3664 induit,

2013 3704 2076 3744 ac
2100 3691 2579 3748 mansuetudinem
2606 3690 2849 3753 simulat,
2883 3690 3107 3743 multam
3139 3689 3290 3744 intus
3321 3690 3609 3748 occultans

2014 3781 2324 3848 feritatem,
2373 3791 2426 3836 et
2475 3798 2728 3838 sermone
2773 3783 2839 3837 ad
2888 3782 3222 3836 hilaritatem
3258 3781 3604 3852 composito:

2014 3875 2190 3931 Crede
2223 3877 2380 3937 mihi.
2417 3875 2614 3945 inquit,
2646 3874 2881 3940 Anania,
2913 3875 3066 3928 utilia
3102 3873 3384 3938 suadenti,
3415 3883 3472 3930 et
3501 3873 3612 3929 diis

2017 3969 2223 4024 nostris
2271 3984 2566 4032 assensus,
2618 3969 2848 4038 repudia
2893 3981 3057 4037 quem
3114 3966 3384 4036 praedicas
3427 3965 3611 4022 cruci-

1969 4116 1973 4122 _
2022 4061 2187 4115 lixum
2217 4078 2231 4115 :
2268 4075 2447 4132 neque
2488 4059 2695 4116 eiiicias
2735 4071 2794 4114 ut
2828 4060 2999 4114 forma
3035 4059 3152 4114 bzec
3183 4069 3412 4128 aspectu
3451 4059 3615 4131 longe

2023 4153 2395 4222 pulcherrima
2453 4151 2740 4222 suppliciis
2797 4159 3176 4230 consumatur.
3214 4150 3310 4206 Ille
3366 4157 3550 4204 autem
3597 4164 3610 4200 :

2023 4247 2198 4300 Deum
2230 4261 2456 4310 verum,
2486 4246 2687 4316 inquit,
2725 4245 2897 4299 adoro
2919 4283 2932 4308 ,
2962 4244 3064 4314 ipsi
3112 4244 3392 4306 adluereo,
3434 4243 3616 4312 ipsum

2026 4333 2205 4388 solum
2237 4341 2459 4403 specto,
2497 4348 2680 4403 neque
2707 4349 2775 4388 eo
2809 4332 2944 4388 mihi
2983 4332 3286 4402 Quidquam
3321 4347 3443 4388 esse
3482 4331 3619 4386 dul-

2027 4427 2148 4482 cius
2170 4437 2385 4497 potest:
2419 4427 2578 4498 cujus
2607 4441 2709 4497 ego
2742 4435 2799 4481 et
2822 4427 2888 4480 ad
2923 4426 3078 4480 Pauli
3104 4435 3343 4480 mentem
3371 4424 3620 4479 veritatis

2027 4520 2345 4591 cognitione
2383 4520 2759 4586 imbuendam,
2797 4529 2855 4575 et
2886 4520 3065 4575 visum
3097 4519 3275 4574 oculis
3307 4519 3427 4590 ejus
3457 4519 3624 4573 resti-

330 4615 464 4685 ἐγὼ,
505 4615 644 4687 πρός
673 4631 734 4668 τε
781 4613 881 4685 τὴν
914 4611 1008 4666 τοῦ
1056 4610 1271 4665 Παύλου
1305 4608 1638 4676 έπίγνωσιν,
1683 4604 1779 4659 καὶ
1820 4603 1905 4672 sip

2040 4609 2297 4665 tuendum
2325 4610 2578 4665 minister
2603 4610 2976 4666 eﬂeetus'sum
3004 4627 3018 4662 :
3047 4608 3142 4681 qui
3171 4608 3373 4664 Saulus
3395 4607 3621 4677 quidem

329 4709 443 4762 τῶν
493 4707 794 4778 ὀφθαλμῶν
836 4704 1170 4771 ἀνάϐλεψιν,
1223 4697 1341 4756 οἶδα
1400 4699 1806 4770 γεγενημένοςο
1863 4696 1905 4759 ὃς

2040 4704 2186 4775 prius
2216 4703 2526 4771 dicebatur,
2561 4705 2765 4769 Paulus
2788 4717 2922 4758 vero
2949 4717 2979 4756 a
3014 4701 3246 4763 Domino
3278 4709 3489 4754 mutato
3518 4715 3622 4753 no-

334 4802 540 4865 Σαῦλος
588 4803 689 4873 μὲν
751 4803 816 4856 τὸ
865 4801 994 4871 πρὶν
1031 4798 1369 4870 ὠνομάζετο,
1405 4795 1620 4857 Παῦλος
1671 4792 1730 4846 δὲ
1771 4791 1925 4864 παρὰ

2033 4799 2182 4853 mine
2252 4797 2560 4869 appellatus
2605 4805 2709 4862 est,
2758 4806 2820 4850 ut
2853 4797 2947 4867 qui
2992 4804 3244 4865 superata
3297 4793 3622 4866 ignorantia:

340 4894 553 4964 Κυρίου
574 4897 643 4950 τὰ
672 4894 770 4949 νῦν
815 4892 1256 4965 μετωνόμασται,
1299 4889 1394 4943 an
1426 4884 1788 4948 καταπαύσας
1828 4882 1905 4955 τοί

2040 4891 2326 4961 iactatione
2354 4889 2454 4959 (6),
2485 4890 2550 4945 ad
2574 4891 2790 4945 firmum
2820 4889 3084 4966 acvsolunt
3097 4887 3482 4961 portum,Jesu
3514 4885 3623 4940 mei

338 4985 437 5054 τῆς
468 4985 689 5052 ἀγνοίας
737 4986 922 5050 σάλου,
947 4986 1038 5038 καὶ
1078 4983 1157 5052 τῷ
1191 4982 1394 5052 βεϐαίῳ
1424 4981 1517 5032 καὶ
1550 4979 1697 5049 μόνῳ
1720 4976 1923 5046 λιμένι,

339 5079 406 5148 τῇ
436 5071 534 5130 τοῦ
580 5077 718 5147 ἐμοῦ
768 5077 1008 5150 Χριστοῦ
1045 5075 1251 5140 πίστει,
1286 5072 1674 5144 προσπελάσας
1703 5069 1770 5123 δι’
1814 5073 1929 5122 ἐπι-

340 5168 632 5236 γνώσεως,
1755 5158 1760 5162 ’

415 5263 512 5328 ς’,
544 5264 656 5317 Καὶ
686 5265 717 5319 ὀ
758 5265 1018 5336 ἡγεμὼν,
1059 5265 1284 5330 Ἔοικας
1319 5281 1430 5334 μοι,
1467 5259 1624 5333 φησὶ,
1654 5257 1732 5329 τῷ
1768 5258 1932 5327 μεγέ-

345 5355 428 5406 θει
460 5355 740 5420 πεποιθὼς
772 5361 867 5412 καὶ
910 5361 978 5431 τῇ
1027 5358 1186 5432 ῥώμη
1215 5358 1309 5411 τοῦ
1343 5356 1595 5426 σώματος
1616 5395 1630 5418 ,
1677 5353 1770 5404 καὶ
1809 5347 1931 5404 κατ’

345 5447 527 5502 αὐτῶν
565 5444 699 5520 ἆραι
723 5449 822 5523 τὴν
854 5452 1031 5520 ὀφρὺν
1053 5450 1161 5504 τῶν
1195 5451 1493 5505 κολάσεων.
1532 5445 1697 5500 Ὅθεν
1727 5443 1792 5517 δὴ
1837 5443 1933 5496 καὶ

344 5540 407 5594 τδ
427 5544 651 5598 συνετὸν
674 5544 754 5608 είς
777 5545 1076 5599 ἀσυνεσίαν
1105 5561 1188 5597 σοι
1215 5543 1502 5614 περιέστη,
1529 5542 1624 5594 καὶ
1655 5538 1719 5592 τὸ
1744 5538 1932 5604 περιὸν

423 5693 502 5764 (5)
535 5693 610 5749 De
676 5694 903 5750 nomine
935 5711 952 5744 ι
998 5691 1146 5748 Sauli
1179 5699 1236 5764 et
1277 5688 1432 5764 gauli
1459 5708 1490 5764 ~t_
1540 5688 1716 5764 multa
1772 5687 1940 5764 habet

347 5759 590 5890 'I‘lt'oniias
618 5764 917 5821 Massutius
965 5775 1154 5820 noster
1185 5763 1241 5816 in
1276 5761 1399 5814 Vita
1459 5760 1518 5814 S.
1569 5761 1720 5814 Pauli
1772 5759 1870 5811 lib.
1900 5772 1938 5821 ι,

350 5851 474 5904 cap.
537 5872 553 5890 .
1457 5902 1466 5904 _
1897 5897 1908 5904 _

423 5897 502 5976 ΚΘ)
559 5905 728 5972 Σάλος
787 5905 1238 5972 commotionem,
1297 5902 1615 5968 tumultum,
1659 5915 1724 5956 ae
1774 5897 1944 5953 maris

2036 4984 2221 5050 fidem,
2262 5000 2360 5054 per
2387 4983 2723 5052 agnitionem
2758 4980 3077 5036 accesserit.

2111 5262 2201 5317 Vl.
2236 5262 2470 5326 Videris,
2505 5263 2684 5334 inquit
2707 5264 2895 5332 iudex,
2929 5261 3308 5334 magnitudine
3341 5276 3405 5316 ac
3429 5256 3629 5314 robore

2042 5357 2292 5426 corporis
2326 5356 2521 5424 fretus,
2557 5357 2822 5413 adversus
2858 5361 2972 5430 ipsa
3010 5357 3278 5428 supplicia
3312 5354 3502 5410 tollere
3535 5365 3632 5404 su-

1988 5525 1998 5534 _
2042 5449 2356 5518 percilium.
2404 5449 2587 5517 Quare
2633 5462 2690 5509 et
2737 5453 3006 5524 sapientia
3059 5453 3158 5508 tibi
3202 5451 3256 5504 in
3291 5443 3628 5503 dementiam

2043 5553 2307 5595 conversa
2350 5551 2470 5608 est,
2512 5551 2568 5600 ct
2603 5544 2910 5600 abundanti
2953 5543 3294 5616 prudentiae,
3343 5548 3405 5594 ut
3445 5535 3630 5594 video.

2045 5696 2396 5764 iactationem
2424 5696 2716 5768 signiﬁcat.
2740 5699 2818 5754 Eo
2848 5708 3042 5755 auctor
3067 5693 3282 5768 alludit,
3308 5688 3466 5768 quasi
3504 5684 3633 5768 inde

2046 5761 2195 5855 Sauli
2249 5761 2502 5853 'duetum'
2544 5770 2618 5826 sit
2669 5785 2889 5827 nomen.
2929 5770 3000 5824 At
3034 5765 3261 5831 παύσις,
3320 5761 3479 5830 quies
3525 5765 3630 5822 est,

2049 5857 2244 5895 παύειν
2269 5857 2576 5914 quiescere.
