3828 6470
1458 252 1491 263 ιο*

291 383 433 448 1007

1493 373 1776 436 MENSIS
1813 374 2274 440 IANUARIUS.

3416 375 3553 441 ισοθ

285 498 480 555 levitas
519 492 805 551 successit.
850 489 977 546 llaec
1016 486 1248 544 audiens
1290 485 1553 558 magister
1594 487 1868 555 veritatis,

1995 490 2076 560 :71;
2110 494 2459 565 φρονήσεως,
2494 491 2784 563 κουφότης,
2813 493 2946 563 ἐρῶ,
2984 490 3277 556 διεδέξατο.
3339 488 3557 543 Τιύτων

287 590 462 647 oculis
478 597 534 643 et
553 584 806 641 manibus
828 582 1009 640 statim
1038 581 1091 636 in
1119 580 1318 636 cmlum
1340 579 1575 636 sublatis
1604 598 1617 634 ι
1647 580 1873 636 Domine

285 680 415 747 Jesu
448 676 689 741 Christe,
723 673 925 744 inquit,
957 672 1102 727 Deus
1131 672 1424 737 virtutum,
1458 686 1739 741 nunquam
1783 687 1870 727 me

288 775 404 830 suis
432 772 683 828 cassibus
712 770 955 840 implicet
984 767 1262 822 inimicus.
1294 766 1404 821 Sed
1431 775 1487 820 et
1522 766 1654 819 mibi
1686 781 1782 835 pro
1816 775 1868 821 te

279 864 398 942 pati
426 864 611 928 liceat,
636 871 692 918 et
715 861 939 916 coronis
964 859 1072 913 tuis
1092 856 1304 923 ornari,
1329 865 1385 911 et
1411 856 1581 911 choro
1608 854 1867 926 conjungi

288 966 509 1012 tuorum
562 954 993 1026 discipulorum,
1040 946 1110 1006 'ut
1170 949 1336 1018 mibi,
1385 952 1531 1005 sicut
1577 959 1632 1004 et
1676 950 1868 1014 Paulo,

286 1049 437 1104 salus
472 1048 778 1118 contingat.
818 1045 879 1100 ln
914 1044 1001 1099 bis
1037 1043 1127 1098 ille.
1156 1057 1327 1097 orans
1361 1041 1733 1112 persistebat:
1772 1040 1870 1095 sed

286 1154 411 1192 mox
439 1137 812 1208 precationem
841 1135 1031 1205 plagae,
1066 1133 1216 1187 nudo
1244 1139 1399 1202 tergo
1435 1130 1676 1197 inﬂictae,
1706 1144 1874 1185 exce-

289 1239 512 1302 perunt.
554 1229 642 1284 Ad
682 1228 799 1284 haec
830 1243 1122 1299 praecones
1161 1225 1614 1281 succlamabant:
1652 1222 1873 1291 [διἀζείἁί

290 1324 647 1393 obtempera,
695 1329 751 1376 et
789 1321 1108 1390 potentibus
1150 1320 1257 1375 diis
1324 1318 1592 1376 sacriﬁca.
1643 1315 1884 1371 Ananias

293 1432 427 1471 vero
459 1415 603 1470 labia
633 1414 856 1485 quidem
905 1414 1194 1477 movebat,
1238 1417 1357 1468 sine
1381 1426 1515 1466 voce
1546 1420 1728 1465 tamen
1758 1422 1886 1463 ora-

294 1505 501 1560 tionem
529 1519 748 1559 sursum
786 1503 1038 1558 mittebat
1065 1501 1132 1556 ad
1152 1501 1357 1555 .Deum.

1981 584 2221 648 ἀκούσας
2270 587 2298 639 ό
2351 585 2450 655 τῆς
2502 583 2758 654 ἀληθείας
2806 583 3151 647 διδάσκαλος,
3195 583 3421 653 δμματα
3467 582 3560 634 καὶ

1978 678 2165 746 χεῖρας
2223 677 2385 740 εὐθὺς
2439 678 2522 741 εἰς
2573 678 2837 749 οὐρανοὺς
2901 677 3069 746 ἄρας,
3130 675 3309 746 Κύριε
3385 670 3559 743 ’1ησοῦ

1977 767 2180 838 Χριστὲ
2206 810 2220 833 ,
2258 771 2457 840 φησὶν,
2482 771 2511 824 ό
2543 770 2675 833 Θεὸς
2708 771 2817 822 τῶν
2860 770 3179 839 δυνάμεων,
3215 770 3290 839 μή
3341 784 3409 838 με
3442 769 3550 830 τοῖς

1976 858 2168 911 ἑαυτοῦ
2225 859 2463 924 δικτύοις
2535 861 2774 933 συλλάϐῃ
2836 858 2935 931 [ἀί.
2999 859 3278 931 causam}
3339 861 3472 912 ποτὲ
3525 859 3554 910 ὁ

1978 947 2207 1019 ἐχθρὸς,
2239 950 2374 1005 ἀλλά
2425 968 2515 1021 μοι
2562 953 2655 1006 καὶ
2701 953 2895 1006 παθεῖν
2941 953 3152 1020 γένοιτο
3200 952 3290 1003 διὰ
3318 951 3415 1014 σὲ,
3469 950 3562 1002 καὶ

1983 1044 2272 1111 στεφάνοις
2312 1045 2660 1116 κοσμηθῆναι
2688 1050 2801 1109 τοῖς
2843 1046 2993 1114 παρὰ
3022 1045 3140 1109 σοῦ,
3169 1043 3250 1116 τῷ
3280 1044 3470 1115 κύκλῳ
3505 1059 3566 1097 τε

1986 1134 2330 1205 συναφθῆναι
2385 1137 2492 1190 τῶν
2537 1136 2648 1189 σῶν
2699 1136 2994 1207 μαθητῶν,
3036 1138 3131 1190 καὶ
3173 1135 3432 1205 γενέσθαι
3479 1151 3568 1203 μοι

1979 1225 2125 1279 κατά
2158 1226 2373 1280 Παῦλον
2403 1227 2502 1298 τὴν
2531 1228 2831 1299 σωτηρίαν.
2873 1229 3107 1289 Ἐκεῖνος
3138 1226 3238 1297 μὶν
3263 1225 3360 1280 οῦν
3395 1214 3569 1289 οὕτως

1981 1315 2333 1387 διευχὸμενος
2379 1319 2548 1372 ἐτέλει
2605 1319 2701 1393 [αι.
2750 1320 3041 1390 εὐχόμενος
3069 1316 3343 1386 δκτὲλειῖ.
3409 1317 3570 1372 Ἀλλὰ

1980 1408 2081 1476 τὴν
2120 1409 2285 1479 εὐχὴν
2323 1411 2587 1481 μάστιγες
2617 1412 2761 1466 κατά
2801 1411 3025 1481 γυμνῶν
3051 1411 3160 1464 τῶν
3185 1415 3374 1463 νώτων
3404 1410 3568 1472 εὐθὺς

1985 1497 2310 1569 διεδέχοντο,
2351 1503 2485 1574 πρδς
2524 1504 2582 1557 δὲ
2615 1503 2711 1557 καὶ
2743 1504 3018 1575 κήρυκες,
3053 1504 3146 1576 Τῷ
3184 1504 3421 1575 ἡγεμόνι
3454 1504 3571 1555 πεί»

295 1599 494 1671 σθητι,
553 1596 829 1659 ἐπεϐόων,
880 1597 973 1649 καὶ
1021 1597 1134 1659 τοῖς
1184 1592 1447 1665 κρατοῦσι
1496 1590 1657 1645 θῦσον
1708 1588 1873 1653 θεοῖς.
1931 1587 2155 1663 Ἀνανία
2189 1592 2246 1646 δὲ
2309 1592 2380 1648 τά
2414 1594 2523 1665 μὲν
2584 1596 2736 1667 χείλη
2782 1597 3107 1662 ύπεκινεῖτο,
3143 1595 3571 1668 ἀλαλήτοιςὸὲή

292 1692 429 1764 εὐχὴ
461 1691 597 1762 πρὸς
626 1690 758 1744 Θεὸν
790 1690 1162 1759 ἀνεπέμπετο.

366 1785 477 1841 Vll.
518 1785 597 1839 lta
633 1781 926 1838 tormentis
954 1781 1232 1850 minisque
1268 1777 1525 1849 superior
1558 1784 1644 1837 est
1673 1774 1874 1838 factus,

2054 1775 2131 1832 Z'.
2187 1778 2273 1842 Ὧς
2308 1775 2401 1833 οῦν
2448 1782 2543 1834 καὶ
2597 1780 2847 1851 βασάνων
2882 1782 3148 1851 κρείττων
3191 1782 3288 1836 καὶ
3330 1782 3573 1838 ἀπειλῶν

296 1897 360 1937 ac
388 1879 541 1951 prius
560 1876 849 1933 carniﬁces
878 1874 948 1929 ab
989 1872 1316 1936 inferendis,
1341 1886 1504 1940 quam
1532 1869 1649 1941 ipse
1681 1885 1710 1923 a
1742 1867 1880 1923 tole-

296 1974 485 2028 randis
509 1958 840 2026 verberibus
862 1967 1075 2038 fatigati
1102 1965 1390 2022 destitero.
1417 1965 1559 2035 Ergo
1583 1979 1612 2018 a
1644 1971 1883 2017 tormen-

300 2069 370 2122 tis
410 2065 717 2136 discipulus
763 2061 927 2117 simul
974 2070 1030 2115 et
1072 2069 1279 2129 martyr
1324 2057 1632 2119 relaxatur,
1689 2066 1884 2108 rursus

290 2163 431 2223 ,‘vero
467 2157 533 2211 ad
572 2153 868 2211 blanditias
906 2153 1101 2221 vulpes
1137 2148 1443 2220 (praesident
1471 2146 1620 2215 dico)
1651 2160 1883 2201 convcr-

301 2252 458 2307 titur.
497 2248 605 2304 Sed
640 2261 787 2302 nunc
817 2245 1033 2311 saltem,
1069 2241 1351 2312 inquiebat
1384 2238 1694 2309 discipulo,
1726 2236 1791 2290 ad
1831 2246 1883 2291 te

224 2324 232 2333 ’
290 2345 453 2411 .retli,
489 2353 546 2401 et
588 2351 692 2399 tuae
732 2357 896 2413 parce
940 2340 1167 2401 animae,
1201 2346 1416 2407 tuaeque
1459 2331 1885 2404 pulchritudinis

301 2438 602 2503 miserere,
638 2449 761 2505 quae
809 2431 1014 2501 alioqui
1065 2427 1230 2499 perit.
1266 2426 1401 2480 Nam
1444 2424 1648 2493 majora
1683 2433 1734 2476 te
1767 2435 1884 2473 ma-

301 2538 437 2584 nent
472 2525 776 2598 snpplicia,
824 2523 974 2595 ipsos
1006 2523 1133 2594 juro
1169 2519 1320 2575 deos.
1360 2517 1455 2571 llle
1492 2518 1677 2569 autem
1715 2512 1885 2567 multo

288 2620 510 2678 .Christi
541 2634 729 2675 amore
763 2633 860 2673 cor
894 2614 1287 2679 inﬂammatus,
1321 2609 1544 2689 fortiter
1575 2607 1886 2676 acriterque

303 2712 573 2768 insultans
606 2708 927 2779 respondit.
973 2721 1081 2761 non
1114 2704 1280 2758 modo
1313 2716 1370 2756 se
1396 2713 1677 2769 nunquam
1714 2697 1885 2752 sacri-

303 2804 593 2859 ﬁcaturum
618 2816 739 2857 esse
762 2799 1128 2862 daemonibus,
1159 2794 1253 2852 sed
1285 2804 1605 2849 curaturum
1634 2799 1693 2846 ut
1720 2804 1888 2861 quos-

301 2900 520 2965 cunque
546 2900 733 2964 posset
757 2890 826 2947 ad
856 2888 1064 2946 Christi
1101 2886 1263 2942 ﬁdem
1290 2889 1657 2939 converteret.
1681 2880 1887 2937 Deinde

288 3000 359 3042 et
381 2987 436 3041 in
462 2989 640 3059 ipsum
665 2985 953 3057 praesidem
978 2984 1178 3053 lingua:
1202 2994 1401 3035 nervos
1420 2977 1682 3042 intendit,
1711 2976 1888 3031 acrio-

302 3078 570 3148 ribusque
613 3093 740 3133 eum
771 3074 958 3131 verbis
993 3072 1258 3129 iuces-it:
1304 3070 1422 3125 Non
1455 3070 1765 3133 erubescis,
1800 3068 1885 3123 in-

305 3168 450 3239 quit,
482 3182 516 3222 o
551 3182 680 3222 vere
715 3166 927 3231 infelix,
955 3181 1020 3221 ac
1055 3163 1284 3235 pudoris
1316 3161 1538 3231 foveam.
1559 3160 1882 3231 ingrederis,
1912 3141 1955 3200 (ἶ

298 3275 457 3315 nunc
494 3257 714 3330 quidem
756 3258 941 3330 ﬂagris
975 3257 1237 3321 saeviens,
1271 3268 1419 3309 nunc
1448 3253 1728 3309 blanditiis
1759 3253 1892 3309 sub-

309 3365 511 3421 repens
546 3360 603 3407 et
637 3360 901 3421 tanquam
935 3349 1232 3404 delicatum
1260 3344 1572 3415 quempiam
1600 3345 1890 3425 puerulum

198 3460 211 3477 ι
312 3441 573 3499 mollibus
611 3459 712 3499 nos
746 3442 932 3501 verbis
961 3436 1287 3498 demulces?

382 3717 518 3776 νιιι.
556 3717 651 3772 His
680 3718 938 3774 incitatus
963 3719 1154 3792 judex,
1185 3700 1466 3776 nudatum
1489 3718 1748 3790 martyris
1770 3732 1895 3773 cor-

316 3823 417 3879 pus
443 3808 602 3879 jubet
637 3808 834 3864 ferreis
864 3810 1145 3881 unguibus
1179 3811 1399 3874 laniari,
1431 3811 1560 3868 dein
1592 3822 1649 3867 et
1682 3812 1892 3880 lampa-

314 3900 479 3956 dibus
510 3900 739 3955 ustulari
764 3940 778 3964 ,
819 3909 879 3956 ut
908 3901 1040 3956 dum
1084 3903 1344 3973 paulatim
1390 3918 1590 3971 corpus
1620 3901 1894 3972 eliquare-

310 3996 428 4058 tul‘,
464 3993 536 4046 ita
567 3993 948 4049 diuturniores
976 3994 1196 4050 dolores
1226 3995 1293 4050 ad
1329 4010 1427 4059 cor
1450 3994 1757 4051 al‘ﬂuerent.
1786 3993 1894 4050 Sed

306 4085 524 4141 ferreos
575 4100 823 4156 ungues,
876 4086 1107 4156 perinde
1162 4102 1227 4142 ac
1277 4102 1375 4144 eos
1431 4087 1574 4144 alius
1623 4087 1894 4159 quispiam

298 4185 597 4249 pateretur
618 4215 633 4240 ,
667 4178 1055 4233 contemnebat
1087 4186 1297 4251 martyr
1329 4198 1343 4234 :
1386 4179 1527 4251 ignis
1551 4196 1772 4251 quoque
1804 4180 1894 4236 ille

306 4271 587 4337 cessabat,
620 4287 800 4342 neque
832 4271 977 4342 ignis
1004 4287 1125 4328 esse
1158 4272 1525 4329 credebatur:
1553 4275 1733 4345 ipsum
1763 4290 1895 4330 vero

296 4379 412 4418 teor
448 4363 663 4436 tyranni
698 4364 938 4436 quadam
976 4367 1190 4420 ratione
1220 4366 1577 4437 pervadebat,
1612 4367 1895 4439 magisque

1982 1861 2072 1938 ἦν,
2125 1869 2219 1921 καὶ
2249 1870 2506 1923 ἀπειπεῖν
2556 1872 2682 1936 τοὺς
2716 1872 3052 1944 πλῆττον-τας
3083 1874 3352 1945 πρότερον
3389 1874 3571 1945 ἐνομί-

1983 1956 2125 2023 ζετο,
2152 1961 2185 2030 ἢ
2209 1960 2355 2032 ,πρὸς
2379 1964 2478 2027 τὰς
2503 1964 2719 2034 πληγὶκς
2749 1965 3129 2037 ἀπαγορεῦσαι
3154 1966 3245 2018 τὸν
3268 1967 3569 2038 πάσχοντα,

1984 2049 2083 2120 τῆς
2113 2050 2350 2120 βασάνου
2396 2053 2495 2121 μὲν
2521 2056 2548 2107 ό
2576 2053 2827 2126 μαθητὴς
2850 2055 2988 2129 ὁμοῦ
3035 2056 3132 2109 καὶ
3164 2058 3382 2129 μάρτυς
3420 2059 3575 2127 ἀφίε-

1983 2142 2107 2195 τάι’
2141 2142 2210 2196 τὰ
2239 2143 2296 2196 δὲ
2340 2145 2438 2215 τῆς
2481 2144 2724 2209 θωπείας
2790 2149 2883 2199 καὶ
2916 2146 3074 2211 αὖθις
3107 2149 3140 2217 ἠ
3171 2148 3399 2219 ἀλώπηξ
3446 2146 3574 2220 (τὸν

1985 2233 2228 2303 ἡγεμόνα
2281 2237 2462 2308 φημὶ)
2517 2239 2865 2309 μετέρχεται,
2931 2239 3092 2292 ’Δλλά
3125 2241 3230 2294 κᾶν
3268 2242 3400 2309 γοῦν
3448 2244 3573 2315 ἄρτι

1985 2325 2141 2393 γενοῦ
2175 2328 2429 2394 σεαυτοῦ,
2452 2330 2531 2400 τῷ
2572 2331 2787 2402 μαθητῇ
2811 2331 3007 2399 λέγων,
3040 2335 3140 2403 τῆς
3170 2350 3229 2386 τε
3257 2334 3356 2404 σῆς
3389 2338 3574 2405 φεῖσαι

1984 2416 2195 2488 ψυχῆς,
2255 2420 2326 2472 τά
2372 2436 2431 2472 τε
2486 2420 2584 2492 τῆς
2636 2423 2734 2492 σῆς
2784 2423 3053 2495 οἷκτειρον
3109 2425 3260 2498 ὥρας
3323 2426 3571 2491 ἐλεεινῶς

1986 2514 2371 2585 ἀπολλύμενα,
2405 2517 2530 2570 ἐπεί
2564 2534 2624 2571 σε
2655 2520 2750 2572 καὶ
2780 2520 3102 2591 πικρότεραι
3136 2521 3390 2584 κολάσεις
3425 2523 3576 2576 ὲκδέ-

1990 2604 2202 2674 ξονται,
2239 2610 2437 2673 αὐτοὺς
2470 2610 2675 2682 ὄμνυμι
2706 2611 2835 2675 τοὺς
2865 2612 3044 2676 θεούς.
3087 2614 3146 2666 ’0
3180 2614 3238 2667 δὲ
3274 2613 3458 2685 πολλῷ
3483 2614 3575 2685 τὴν

1989 2698 2213 2768 καρδίαν
2264 2700 2342 2771 τῷ
2391 2703 2520 2771 περὶ
2573 2703 2813 2774 Χριστὸν
2864 2702 3028 2768 ζέσας
3076 2704 3277 2776 ἔρωτι,
3330 2711 3575 2775 γενναῖον

1989 2790 2255 2861 ἠπείλησε
2304 2792 2399 2845 καὶ
2455 2792 2819 2865 θερμότερον,
2869 2795 2931 2849 ού
2992 2795 3153 2866 μόνον
3205 2796 3465 2851 οὐδέποτε
3515 2799 3577 2851 ἄν
3682 2844 3687 2849 .

1988 2884 2150 2948 «seu;
2181 2880 2341 2940 θῦσαὶ
2371 2888 2487 2951 τοῖς
2508 2887 2786 2959 δαίμοσιν,
2821 2888 2961 2942 ἀλλά
2989 2890 3085 2943 καὶ
3119 2888 3357 2954 πάντας,
3388 2889 3485 2955 οὓς
3517 2891 3577 2945 ἂν

1991 2975 2227 3043 δύναιτο,
2266 2967 2623 3034 συντίθεσθαι
2655 2983 2720 3051 τῇ
2763 2981 2859 3034 τοῦ
2898 2981 3137 3052 Χριστοῦ
3177 2983 3363 3037 πίστει
3404 3002 3579 3055 παρα-

1993 3071 2281 3124 σκευάσαι.
2323 3071 2607 3125 Ἐντεῦθεν
2638 3074 2718 3136 εἰς
2759 3073 2852 3127 τὸν
2883 3074 3129 3144 ήγέμονα
3153 3074 3303 3129 ’ἑλκει
3340 3079 3576 3147 νευράν,

1993 3164 2087 3214 καὶ
2130 3163 2477 3233 πικριτέροις
2521 3164 2689 3218 αὐτὸν
2737 3165 2920 3235 βάλλει
2971 3169 3082 3230 τοῖς
3134 3169 3418 3239 ῥήμασιν,
3467 3170 3579 3223 Οὐκ

1995 3254 2338 3326 ὶγκαλύπτῃ,
2363 3256 2560 3324 λέγων,
2596 3257 2811 3326 ἀληθῶς
2843 3257 3018 3321 ἄθλιε,
3050 3261 3148 3314 καὶ
3167 3260 3246 3331 τῷ
3271 3262 3370 3332 τῆς
3394 3262 3581 3333 αἰσχύ-

1994 3363 2092 3415 νης
2117 3347 2296 3418 βόθρῳ
2327 3349 2657 3421 ἐγκαταδύῃ,
2694 3350 2790 3404 νῦν
2815 3351 2914 3422 μὲν
2947 3352 3248 3422 μαστίζων,
3278 3354 3377 3409 νῦν
3402 3355 3462 3409 δὲ
3486 3357 3579 3427 τὴν

1996 3438 2288 3494 κολακείαν
2321 3440 2710 3511 ὑποδυόμενος,
2746 3444 2840 3496 καὶ
2872 3442 3065 3515 ῶσπερ
3096 3446 3305 3499 ἁπαλόν
3336 3463 3460 3501 τινα
3485 3449 3580 3519 τὴν

1997 3528 2171 3597 φρένα
2206 3530 2372 3584 παῖδα
2399 3532 2494 3584 καὶ
2517 3532 2712 3603 νήπιον
2750 3533 3017 3603 μαλακοῖς
3050 3536 3197 3606 ἡμᾶς
3225 3539 3336 3601 τοῖς
3374 3540 3580 3609 ῥήμασι

1998 3622 2330 3689 περισαίνων
2351 3639 2367 3690 ;

2069 3712 2150 3767 ﬂ'.
2195 3715 2376 3785 Θυμὸς
2413 3712 2562 3772 εἷλεν
2615 3720 2709 3774 ἐπὶ
2758 3720 2969 3786 τούτοις
3013 3720 3106 3776 τὸν
3150 3720 3448 3795 δικαστὴν,
3486 3722 3579 3777 καὶ

1996 3803 2285 3874 γυμνωθὲν
2358 3806 2571 3862 κελεύει
2616 3810 2679 3864 τὸ
2733 3811 2895 3883 σῶμα
2948 3810 3042 3864 τοῦ
3097 3813 3378 3885 μάρτυρος
3439 3813 3582 3878 ὄνυξι

2000 3899 2239 3971 σιδηροῖς
2269 3902 2641 3970 διαξαίνεσθαι
2662 3949 2677 3974 ,
2727 3908 2865 3979 πρὸς
2894 3910 2951 3964 δὲ
2983 3911 3080 3964 καὶ
3128 3909 3384 3978 λαμπάσι
3414 3911 3581 3982 πυρὸς

1999 3994 2435 4062 κατακαίετθαι,
2468 3999 2548 4064 ὡς
2596 3998 2663 4054 ἂν
2712 4001 2856 4054 κατά
2907 4000 3083 4073 βραχὺ
3133 4004 3439 4074 τηκομένου
3489 4002 3578 4057 τοῦ

2001 4085 2287 4156 σώματος,
2345 4090 2727 4162 ἐπιμονώτερα
2778 4093 2848 4147 τὰ
2901 4093 3011 4147 τῶν
3053 4094 3365 4166 ἀλγηδόνων
3411 4096 3580 4158 οὕτως

1999 4179 2080 4240 είς
2108 4179 2209 4248 τὴν
2243 4181 2476 4251 καρδίαν
2510 4183 2821 4255 εἰσρέωσιν.
2870 4185 3030 4239 Ἀλλά
3058 4188 3127 4240 τὰ
3156 4188 3255 4259 μὲν
3287 4188 3396 4241 τῶν
3433 4188 3579 4259 σιδη-

2001 4273 2113 4343 ρῶν
2175 4274 2385 4351 ὀνύχων
2450 4273 2544 4333 οἷά
2588 4297 2736 4343 τινος
2783 4280 3007 4350 ἑτέρου,
3040 4281 3120 4352 τῷ
3156 4281 3429 4353 μάρτυρι,
3475 4282 3575 4336 πά-

2003 4380 2242 4434 σχοντος,
2277 4369 2560 4440 ἐνομίζετο
2581 4387 2593 4400 ·
2630 4371 2691 4424 τὸ
2726 4371 2785 4425 δὲ
2826 4371 2938 4444 πῦρ
2985 4373 3181 4445 ἐκείνῳ
3243 4374 3345 4444 μὲν
3377 4374 3579 4428 ὑπελὼ-

313 4453 381 4508 ad
439 4455 705 4510 insaniam
740 4454 1110 4522 concitabat;
1162 4464 1221 4511 et
1258 4474 1271 4510 :
1306 4454 1637 4526 Quousque,
1688 4455 1887 4526 inquit,

2005 4474 2139 4555 φει,
2185 4460 2281 4512 καὶ
2327 4461 2426 4532 οὐχ
2475 4461 2551 4525 ὠς
2591 4462 2704 4533 πῦρ
2745 4463 3054 4533 ἐλογίζετο,
3103 4464 3244 4520 κατά
3276 4466 3334 4520 δὲ
3361 4466 3463 4538 τῆς
3490 4464 3577 4521 τοῦ

311 4545 478 4616 jussis
514 4546 910 4616 imperatorum
941 4560 1053 4601 non
1078 4544 1511 4625 obtemperabis,
1539 4554 1597 4601 et
1626 4561 1767 4616 quos
1791 4546 1893 4616 ipsi

199 4648 202 4651 λ
274 4638 447 4717 ,νιιεοε
478 4638 688 4705 colunt,
730 4654 843 4694 non
879 4639 1216 4696 bonorabis?
1248 4643 1317 4703 At
1349 4639 1440 4696 ille
1466 4657 1482 4693 ι
1509 4638 1621 4696 Cur
1654 4655 1764 4707 me,
1799 4639 1895 4704 ait,

314 4730 505 4786 eadem
549 4740 605 4787 et
651 4730 719 4788 de
760 4731 960 4788 iisdem
990 4731 1142 4803 loqui
1171 4731 1374 4804 saepius
1414 4734 1599 4804 cogis,
1635 4742 1896 4804 tanquam

311 4838 508 4878 eorum
538 4822 636 4894 qui
661 4822 719 4879 in
752 4823 954 4881 eborea
985 4823 1207 4891 ludunt,
1244 4825 1516 4880 sermonis
1541 4840 1767 4881 cursum
1791 4825 1899 4881 cir-

315 4904 736 4988 cumagentem?
786 4913 943 4971 Scias
987 4915 1185 4987 igitur,
1216 4915 1377 4991 .scias
1426 4925 1482 4971 et
1531 4916 1755 4983 credas,
1785 4933 1896 4973 non

315 5008 495 5065 solum
539 5006 656 5063 fore
691 5015 751 5062 ut
786 5007 939 5063 nulla
970 5023 1029 5063 re
1064 5005 1307 5080 frangar,
1336 5019 1446 5064 non
1480 5007 1752 5079 cruciatu,
1784 5027 1896 5075 non

316 5100 510 5169 donis,
552 5115 665 5156 non
706 5100 1028 5168 blanditiis,
1074 5117 1184 5157 non
1228 5101 1428 5167 minis,
1467 5118 1649 5174 neque
1686 5104 1791 5159 alia
1838 5120 1897 5160 re

318 5194 427 5249 ulla
448 5232 465 5260 ,
501 5193 597 5249 sed
627 5202 688 5248 ut
716 5207 813 5248 eos
844 5192 1034 5259 etiam,
1069 5193 1165 5264 qui
1198 5194 1309 5267 jam
1340 5203 1469 5250 sunt
1497 5198 1764 5265 superati,
1803 5206 1896 5253 aut

316 5294 514 5357 sponte
541 5283 596 5339 in
625 5298 870 5340 errorem
902 5281 1237 5348 inciderunt,
1263 5283 1460 5339 acerbe
1484 5282 1735 5351 deﬂeam,
1761 5294 1817 5340 et
1845 5294 1896 5340 te

314 5394 429 5450 prae
461 5376 674 5433 ceteris
718 5376 1023 5448 deplorem,
1060 5377 1155 5447 qui
1190 5392 1300 5433 non
1338 5377 1516 5433 solum
1554 5378 1652 5434 tibi
1684 5379 1784 5450 ipsi
1821 5379 1898 5435 sis

315 5471 475 5530 exitii
503 5485 671 5548 causa
692 5512 707 5539 ,
740 5471 840 5528 sed
870 5478 928 5526 et
964 5470 1101 5527 alios
1134 5471 1357 5543 plures,
1402 5474 1602 5542 partim
1643 5474 1911 5538 inducas;

313 5569 516 5635 partim
550 5579 714 5636 cogas
746 5562 1323 5636 invitos'impietatem
1355 5564 1667 5637 complecti.
1703 5564 1896 5622 Nescis

319 5656 614 5728 quod'qua:
643 5672 676 5712 a
709 5655 868 5712 vobis
894 5655 1172 5723 coluntur,
1195 5672 1272 5715 aes
1295 5667 1443 5723 sunt,
1468 5658 1637 5729 ligna,
1661 5674 1726 5715 ac
1759 5658 1898 5729 lapi-

314 5750 435 5814 des,
456 5747 659 5817 quibus
680 5757 742 5804 ut
761 5748 989 5803 materia
1014 5756 1176 5805 utens
1196 5749 1384 5815 homo,
1408 5749 1525 5820 ipse
1548 5750 1644 5805 Dei
1671 5750 1898 5821 ﬁgmen-

321 5852 459 5907 tum,
496 5837 599 5896 ista
630 5838 923 5909 eﬂ‘ormat?
953 5841 1242 5912 Quomodo
1271 5859 1400 5917 ergo
1434 5851 1618 5917 potest
1657 5860 1766 5900 non
1802 5845 1898 5900 ab-

2006 4550 2275 4621 τυράννου
2326 4554 2554 4625 καρδίας
2610 4555 2807 4629 ἐχώρει
2857 4558 3059 4628 τρόπον
3095 4560 3260 4624 τινὰ,
3307 4562 3405 4614 καὶ
3455 4560 3580 4632 πρὸς

2007 4643 2208 4714 μανίαν
2261 4645 2466 4717 μᾶλλον
2496 4648 2740 4719 ἠρέθιζε.
2772 4650 2905 4718 Καὶ,
2949 4651 3131 4724 Μέχρι
3176 4650 3356 4719 τίνος,
3388 4654 3540 4723 ἔλεγε
3560 4691 3576 4718 ,

2001 4737 2112 4800 τοῖς
2144 4737 2254 4793 τῶν
2297 4737 2566 4810 βασιλέων
2601 4743 3020 4814 προστάγμασιν
3052 4744 3150 4814 οὐχ
3189 4745 3453 4810 ύπείξεις,
3490 4745 3578 4799 καὶ

1998 4826 2093 4894 οὓς
2117 4832 2275 4884 αὐτοὶ
2326 4831 2576 4887 σέϐονται
2622 4833 2812 4901 θεοὺς,
2849 4833 3152 4905 mna-5:6;
3187 4837 3475 4909 τιμήσειςς
3518 4835 3573 4886 '0

1997 4920 2055 4974 δέ
2075 4938 2090 4951 '
2119 4920 2185 4975 Τί
2225 4940 2295 4994 με
2323 4925 2392 4978 τά
2423 4925 2564 4979 αὐτὰ
2597 4927 2693 4981 καὶ
2737 4926 2868 4997 περὶ
2900 4927 3009 4981 τῶν
3040 4926 3221 4981 αὐτῶν
3249 4926 3569 4996 φθέγγεσθαι

2001 5011 2261 5078 πολλάκις
2310 5017 2773 5087 καταναγκάζεις,
2810 5018 3001 5089 ὥσπερ
3032 5019 3091 5072 ὲν
3122 5016 3312 5090 χορείᾳ
3363 5017 3571 5083 παιζόν-

1997 5125 2136 5175 των,
2176 5109 2267 5163 τὸν
2298 5109 2391 5164 τοῦ
2434 5110 2592 5179 λόγου
2615 5110 2814 5182 δρόμον
2844 5111 3156 5178 ἑλίττοντας
3192 5110 3332 5165 Ἰσθι
3359 5127 3573 5181 τοιγαρ-

1998 5203 2116 5268 οῦν,
2148 5202 2255 5258 ίσθι
2288 5204 2385 5258 καὶ
2410 5203 2664 5268 πέπεισο,
2688 5204 2764 5267 ὡς
2798 5205 2860 5271 ού
2890 5205 3053 5275 μόνον
3081 5205 3275 5267 οὐκᾶν
3300 5220 3409 5259 τινι
3464 5221 3573 5275 χει-

2000 5294 2234 5366 ρωθείην
2265 5296 2372 5349 τῶν
2402 5296 2659 5350 ἀπάντων
2692 5295 2922 5377 ὲγὼγρύ
2951 5299 3189 5363 ποιναῖς,
3231 5296 3294 5349 ού
3325 5296 3568 5368 δωρεαῖς,

1997 5386 2059 5439 οὐ
2110 5386 2371 5450 θωπείαις
2392 5426 2419 5458 ,,
2444 5388 2563 5447 ούκί
2596 5387 2890 5453 ἀπειλαῖς,
2941 5386 3063 5440 οὐδὲ
3108 5388 3188 5440 ἑνὶ
3221 5386 3425 5458 ἑτέρῳο
3465 5384 3570 5440 ἀλλ’

1999 5478 2081 5533 ὅτι
2116 5480 2209 5532 καί
2252 5479 2378 5541 τοὺς
2416 5479 2516 5550 ἤδη
2551 5480 3016 5550 κεκρατημένους,
3052 5479 3085 5550 ἦ
3115 5479 3209 5531 καὶ
3242 5478 3569 5550 αὐθαιρέτως

1998 5574 2064 5642 τῇ
2097 5570 2271 5645 πλάνῃ
2307 5571 2728 5642 περιπεσόντας,
2762 5570 2977 5641 πικρῶς
3003 5571 3358 5643 ὀλοφύρομαι,
3391 5572 3485 5624 καὶ
3516 5567 3571 5622 σὲ

2003 5663 2203 5736 μᾶλλον
2238 5663 2344 5736 πρὸ
2372 5664 2480 5717 τῶν
2520 5663 2713 5718 ἀλλων
2746 5662 2962 5735 θρηνῶ,
2982 5664 3073 5742 ,μὴ
3106 5665 3267 5735 μόνον
3305 5662 3570 5725 ἀπωλείας

2002 5760 2175 5815 αἴτιον
2207 5748 2433 5812 σεαυτὸν
2558 5758 2794 5830 σεαυτῷ]
2820 5759 3131 5828 γενόμενον,
3158 5757 3293 5811 ἀλλά
3322 5757 3415 5811 καὶ
3454 5754 3573 5808 πολ·

2004 5855 2129 5918 λονς
2163 5853 2419 5925 ἑτέρους,
2469 5853 2595 5916 τοὺς
2638 5852 2736 5923 μὲν
2778 5851 3154 5922 ἐπαγόμενον,
3201 5850 3327 5914 τοὺς
3371 5847 3425 5901 δὲ
3472 5846 3566 5901 καὶ
