3828 6492
147 312 291 381 1025

1355 315 1528 376 ΠΤΑ
1570 316 1631 373 S.
1672 314 2135 377 ΧΕΝΟΡΗΟΝΤ
2148 315 2233 374 IS.

3278 303 3414 370 1096

145 428 322 482 Πόθεν
352 425 425 494 εἷ,
458 424 693 496 ἀδελφός
730 424 900 494 λέγει.
958 423 1017 476 '0
1055 423 1133 489 δὲ,
1159 421 1278 501 οὐκ⁴
1308 422 1606 491 εὐγενείας,
1665 424 1726 476 οὐ

1834 422 2267 494 modestiamque
2297 422 2430 477 satis
2454 421 2703 489 edoctus,
2738 436 2799 476 ac
2832 436 2930 490 pro
2956 416 3190 474 .sordido
3220 431 3278 472 se
3316 431 3414 486 ge-

142 520 408 588 πλούτου,
435 520 536 587 οὐκ
568 517 742 573 ’ἄλλου
782 533 876 569 του
919 514 1028 569 τῶν
1053 514 1339 585 ἐπισήμων
1367 515 1461 567 καὶ
1491 530 1728 582 περιφα-

144 613 257 666 νῶν
307 611 594 681 μνησθεὶς,
618 607 809 679 ῶσπερ
840 609 938 679 ἤδη
963 607 1024 662 τὸ
1065 608 1474 678 μετριοφρονεῖν
1524 597 1727 677 κατορ-

147 702 354 766 θώσας.
386 700 495 757 ἀπὸ
515 702 622 753 τῶν
649 700 1042 770 εὐτελεστέρων
1071 701 1260 753 ἑαυτὸν
1309 699 1555 769 βούλεται
1586 718 1729 770 παρ-

148 796 327 867 ιστᾷν,
378 793 697 864 ’Ἄνθρωπός
740 793 856 861 εἰμι
881 833 895 858 ,
927 791 1125 861 λέγων,
1154 790 1301 856 ξένος
1323 793 1415 845 καὶ
1452 790 1727 857 ταπεινὸς,

145 877 398 954 ναυαγίῳ
426 880 493 938 δὲ’
512 885 894 954 περιληφθεὶς,
930 884 1153 955 εὐμενεῖ
1185 902 1243 937 τε
1273 884 1350 955 τῷ
1378 884 1497 955 Θεῷ
1532 887 1732 956 χρησά-

149 993 339 1044 μενος,
378 978 470 1028 καὶ
522 977 641 1039 ταῖς
693 976 881 1046 εὐχαῖς
922 978 1039 1041 ταῖς
1093 976 1390 1047 ὑμετέραις
1444 977 1729 1041 διασωθεὶς

143 1069 465 1141 ἀπερῤίφην
520 1068 774 1125 ἐνταῦθα.
845 1069 1065 1123 Τούτων
1108 1069 1356 1135 ἀκούσας
1412 1073 1440 1125 6
1496 1072 1731 1140 μοναχδς

144 1161 487 1232 προσετίθει*
527 1161 622 1222 Τίς
655 1160 713 1214 δέ
743 1179 823 1215 σοι
850 1162 912 1216 τὺ
945 1163 1083 1233 μετά
1111 1162 1281 1217 ταῦτα
1316 1164 1547 1229 σκοπός;
1575 1165 1731 1217 Καὶό

154 1253 438 1324 Ἰωάννης,
479 1253 542 1305 El
572 1255 667 1306 καὶ
694 1254 823 1318 Θεὸς
960 1255 1127 1328 Θεῷ],
1151 1256 1279 1328 ἔφη,
1319 1257 1478 1309 τοῦτο
1514 1256 1725 1322 δοκοῦν,

139 1343 244 1397 καὶ
287 1345 363 1415 μὴ
386 1345 591 1412 ἀπάγει
615 1361 682 1414 με
707 1345 805 1415 τῆς
834 1345 1144 1417 προθέσεως
1187 1349 1249 1400 τὸ
1288 1332 1527 1419 ἀνάξιον,
1562 1365 1730 1417 μονα-

132 1438 243 1508 ηχὸς
279 1436 530 1506 γενέσθαι
555 1436 838 1508 βούλομαι.
887 1438 1153 1510 Ἐπῄνεσε
1183 1439 1276 1491 τὴν
1304 1438 1462 1508 λόγον
1490 1439 1758 1505 ἀκούσας

136 1533 166 1585 ὁ
212 1530 483 1602 πυλωρὸς,
514 1530 609 1585 καὶ
645 1533 737 1584 τὸν
778 1531 1032 1601 Ἰωάννην
1059 1530 1364 1603 ἐμακάρισε
1401 1531 1501 1602 τῆς
1537 1531 1730 1584 ἐπιθυ-

113 1624 308 1694 )μίας.
356 1623 414 1677 Ὀ
465 1624 544 1689 δὲ,
579 1623 744 1677 Ἀλλά
787 1623 1014 1679 δυνατόν
1068 1641 1179 1694 μοι,
1212 1623 1342 1694 ἔφη,
1374 1621 1608 1677 ἐνταῦθα
1642 1621 1732 1676 τέ-

136 1716 239 1780 λος
286 1715 553 1770 ἐπιθεῖναί
600 1732 702 1786 μου
756 1718 823 1786 τῇ
874 1716 1171 1787 προθέσει;
1220 1717 1331 1771 Καὶ
1386 1720 1414 1771 ὁ
1448 1716 1728 1788 μοναχός*

1831 532 1979 580 rens,
2010 516 2162 582 Sum,
2189 515 2386 586 inquit,
2418 514 2618 584 hospes
2644 524 2807 584 atque
2839 513 3084 583 abjectus
3109 553 3124 578 ,
3156 511 3248 581 qui
3274 525 3415 563 nau-

1831 607 2005 679 fragio
2041 609 2302 678 jactatus,
2340 607 2558 676 Deoque
2605 621 2742 661 usus
2796 605 3059 676 prepitio.
3104 618 3167 658 ac
3213 601 3412 657 vestris

1830 700 2243 772 precationibus
2264 708 2538 760 servatus,
2575 698 2683 752 huc
2711 697 2931 752 deveni.
2963 695 3175 762 Quibus
3205 692 3413 748 auditis

1831 778 1982 847 addit
2013 791 2360 846 monachus:
2387 789 2558 856 Quem
2592 798 2775 845 autem
2796 799 2920 859 post
2951 788 3067 841 haec
3097 786 3257 840 finem
3289 801 3415 855 spc-

1830 885 1982 941 ctas?
2013 884 2150 938 Tum
2188 868 2431 938 Joannes
2468 900 2482 937 :
2514 883 2566 938 Si
2600 882 2729 949 Deo,
2774 881 2971 950 inquit,
3008 879 3182 933 visum
3229 877 3415 945 fuerit,

1819 992 2030 1046 meque
2052 983 2202 1030 tanto
2227 974 2509 1045 proposito
2539 990 2659 1029 mea
2688 987 2798 1027 non
2828 971 3068 1027 excludit
3096 970 3417 1041 indignitas.

1832 1068 2137 1123 monachus
2173 1067 2292 1122 fieri
2324 1062 2680 1121 vehementer
2724 1064 3000 1120 desidero.
3046 1063 3203 1117 Ea're
3253 1060 3416 1115 intel-

1829 1158 1973 1215 lecta
2005 1160 2212 1231 janitor
2241 1159 2517 1215 collaudat
2556 1159 2840 1229 juvenem.
2874 1172 2937 1211 ac
2962 1154 3070 1210 tain
3099 1164 3287 1209 sancto
3320 1152 3418 1207 de-

1833 1251 2039 1308 siderio
2074 1252 2455 1309 beatissimum
2503 1266 2621 1308 esse
2677 1250 2991 1307 conﬁrmat.
3037 1253 3193 1302 Anne
3225 1247 3414 1316 igitur,

1833 1345 2016 1414 inquit
2037 1340 2299 1422 Joannes,
2335 1343 2442 1398 hoc
2477 1344 2600 1399 loco
2627 1343 2742 1398 voti
2778 1356 3003 1412 compos
3034 1340 3154 1394 fieri
3185 1338 3416 1410 potero!

1832 1436 2138 1507 Respondit
2188 1437 2510 1501 monachus,
2534 1445 2724 1491 votum
2754 1435 2970 1507 praesidi
3007 1431 3412 1503 exponendum,

1833 1528 2093 1597 quodque
2140 1526 2187 1582 is
2239 1526 2547 1582 decreverit
2591 1526 3004 1597 exsequendum
3041 1540 3197 1588 esse,
3250 1533 3416 1591 atque

1833 1617 1909 1672 ita
1948 1635 2062 1673 rem
2094 1619 2245 1674 exitu
2286 1619 2431 1673 bono
2460 1620 2784 1675 conclusum
2819 1619 2908 1673 iri.
2945 1618 3083 1673 Tum
3111 1615 3417 1671 monachus

1835 1712 2108 1782 superiori
2138 1712 2244 1766 fert
2272 1696 2550 1767 nuntium.
2609 1712 2851 1768 Joannes
2879 1709 3211 1775 accersitur,
3254 1716 3312 1764 et
3357 1707 3420 1764 in.

132 1808 553 1882 Ilposaﬁsnai
601 1827 680 1881 με’
728 1810 809 1864 δεῖ
840 1810 918 1881 τῷ
953 1811 1278 1880 προεστῶτι,
1332 1811 1426 1864 καὶ
1476 1811 1612 1882 ὅπερ
1663 1810 1727 1863 ἂν

1834 1817 2190 1878 conspectum
2224 1807 2472 1888 prazsidis
2505 1809 2689 1875 venit;
2724 1808 2815 1863 cui
2853 1822 3062 1878 magnae
3089 1821 3221 1862 sane
3254 1805 3413 1861 volu-

140 1901 316 1966 αὐτὸς
369 1902 703 1973 ἐπιτρέψειε,
762 1901 921 1956 τοῦτό
976 1920 1036 1956 σε
1090 1903 1337 1974 ποιῆσαι,
1397 1902 1490 1957 καὶ
1553 1903 1729 1974 πέρας

136 1990 360 2060 ἀγαθὸν
408 1992 486 2065 τῷ
529 1992 816 2063 πράγματι
865 1995 1190 2065 ἀπαντήσει.
1229 1993 1601 2065 Προσήγγειλε
1651 1994 1729 2064 τῷ

141 2084 548 2155 καθηγουμὲνῳ
584 2087 612 2138 6
664 2086 918 2157 μοναχὸς,
952 2087 1342 2158 μετακαλεῖται
1375 2086 1405 2139 6
1453 2086 1725 2156 Ἰωάννης,

141 2176 243 2228 καὶ
276 2178 356 2241 είς
387 2176 521 2247 ὄψιν
545 2177 700 2248 αὐτῷ
750 2178 993 2248 ἔρχεται,
1028 2179 1222 2249 ἡδονῆς
1248 2197 1308 2232 τε
1338 2177 1487 2249 αὐτῷ
1518 2178 1726 2246 γίνεται

146 2267 414 2337 πρόξενος
443 2270 585 2338 ὅσης
605 2269 694 2322 διὰ
727 2270 826 2342 τὴν
850 2273 1279 2343 ὲπιφαινομένην
1319 2271 1396 2342 τῷ
1443 2271 1723 2342 προσώπῳ

130 2358 308 2430 ,χάριν
341 2361 405 2413 ὲκ
454 2362 547 2415 τοῦ
575 2363 808 2428 κάλλους
839 2362 952 2416 τῶν
976 2364 1210 2433 ἀρετῶν.
1253 2363 1469 2417 Ἀκούει
1499 2365 1726 2417 πλεῖστα

142 2454 173 2506 6
218 2452 476 2523 Ἰωάννης
507 2452 614 2531 τῶν
649 2457 731 2519 είς
767 2437 1039 2526 ὠφέλειαν
1087 2455 1267 2527 ψυχῆς
1316 2442 1727 2517 συντεινόντων,
1776 2513 1781 2519 ,

142 2537 269 2599 εἶτα
299 2548 618 2615 κατηχεῖται
651 2547 721 2599 τὰ
745 2546 846 2616 τῆς
877 2548 1181 2618 μοναχικῆς
1213 2547 1522 2620 ἀκριϐείας,
1545 2547 1726 2617 κείρε-

1830 1899 1969 1967 ptati
2004 1897 2131 1962 fuit,
2169 1897 2372 1951 intueri
2407 1898 2672 1953 virtutum
2708 1896 3062 1966 Splendorcm
3104 1897 3158 1951 in
3187 1894 3416 1952 Joannis

1829 1989 1982 2043 vultu
2006 1988 2335 2043 elucentem.
2374 1989 2612 2043 Plurima
2644 1989 2735 2044 hic
2771 1982 3038 2045 edocetur
3083 1989 3322 2044 Joannes
3341 1978 3415 2041 ad

1829 2081 2121 2135 maximam
2188 2082 2360 2135 animi
2427 2082 2719 2136 utilitatem
2782 2080 3125 2153 spectantia:
3169 2090 3284 2134 tum
3340 2066 3413 2135 de

1828 2173 2129 2228 monastica
2160 2173 2455 2229 sedulitate
2507 2174 2846 2241 instruitur,
2878 2174 3176 2229 tondentur
3204 2173 3409 2237 crines,

1826 2278 1992 2338 atque
2024 2285 2129 2323 una
2159 2270 2206 2323 si
2253 2270 2386 2340 quid
2434 2283 2750 2340 superesset
2798 2271 3090 2343 profanum
3120 2270 3205 2324 vel
3249 2279 3420 2325 terre-

1829 2376 1962 2415 num
1995 2361 2304 2425 abraditur,
2334 2373 2512 2432 neq‘ue
2541 2365 2919 2420 tantummodo
2953 2374 3085 2418 tunc
3119 2363 3422 2417 monacho-

1832 2469 1956 2507 rum
1986 2453 2256 2520 habitum,
2292 2454 2387 2508 sed
2441 2465 2497 2510 et
2526 2457 2890 2526 cogitationes
2920 2472 3043 2512 cum
3075 2455 3417 2527 professione

1836 2545 2072 2601 vestium
2100 2555 2468 2616 congruentes
2508 2547 2705 2601 induit.

64 2660 67 2665 ·
142 2656 237 2693 ται
263 2637 361 2708 τὴν
409 2640 607 2710 κόμην,
643 2642 1096 2707 συναποκείρεται
1130 2643 1238 2695 πᾶν
1297 2641 1349 2694 εῐ
1409 2658 1463 2697 τι
1536 2638 1799 2710 κοσμικόν
1827 2655 1886 2690 τε
1922 2638 2018 2691 καὶ
2062 2637 2372 2706 πρόσγειον,
2438 2639 2508 2692 τὰ
2572 2637 2681 2691 τῶν
2725 2640 2978 2710 μοναχῶν
3036 2639 3420 2710 περιϐάλλετεὶ

144 2732 293 2802 μετά
314 2714 421 2784 τῶν
455 2731 630 2786 ἄλλων
659 2732 755 2786 καλ⁵
797 2734 923 2796 τοὺς
956 2734 1282 2804 συνᾴδοντας
1312 2732 1391 2804 τῷ
1444 2732 1828 2801 ὲπαγγέλματι
1851 2730 1949 2798 τῆς
1981 2728 2275 2800 περιϐολῆς
2301 2730 2619 2801 λογισμούς.

224 2822 326 2878 IB'.
357 2825 468 2879 Καὶ
513 2822 582 2898 ἦν
615 2824 771 2895 οὕτω.
791 2826 1094 2896 νηστείαις,
1121 2828 1213 2880 καὶ
1238 2826 1590 2896 ἀγρυπνίαις,
1626 2824 1722 2879 καὶ

144 2920 481 2990 προσευχαῖς
535 2918 933 2991 διακαρτερῶν,
989 2918 1062 2971 τὰ
1120 2921 1219 2989 μὲν
1271 2920 1407 2973 ἀλλα
1466 2918 1722 2988 εὔθυμος,

150 3011 294 3085 μόνῃ
319 3010 375 3063 δὲ
403 3013 468 3081 τῇ
497 3011 626 3081 περὶ
654 3011 745 3064 τὸν
778 3010 1004 3080 ἀδελφὸν
1033 3012 1273 3081 φροντίδι
1300 3010 1606 3075 κατὼδυνος
1628 3012 1726 3080 τὴν

143 3100 331 3173 ψυχήν
356 3116 370 3129 “
403 3100 539 3171 ῷετο
571 3101 678 3171 γὰρ
724 3100 886 3155 αὑτὸν
929 3103 1045 3165 τοῖς
1096 3100 1252 3155 ὕδασι
1294 3102 1486 3166 δεινῶς
1530 3103 1728 3155 ἐναπο-

142 3179 353 3247 θανεῖν.
422 3192 708 3247 Ἐλάνθανε
747 3194 824 3271 ,δὲ
881 3194 973 3247 τὸν
1027 3198 1297 3262 γενναῖον,
1336 3196 1411 3257 ὡς
1442 3197 1476 3247 6
1515 3194 1727 3247 ἐκείνου

150 3285 307 3350 Θεὸς,
343 3285 436 3339 καὶ
499 3285 784 3356 Ἀρκαδίου
837 3286 1052 3350 πάντως
1089 3281 1157 3358 ἦν
1189 3303 1203 3318 ο
1238 3288 1571 3357 ἀμφοτέροις
1622 3286 1732 3355 γὰρ

146 3374 367 3449 ἔμελεν
396 3378 652 3450 ἀρέσκειν
725 3377 865 3449 Θεῷ,
927 3378 1008 3431 διὸ
1066 3379 1160 3433 καὶ
1223 3379 1549 3450 ἀμφοτέρων
1599 3378 1732 3437 Θεὸς

150 3470 397 3539 ἑκήδετο.
446 3472 648 3525 Τούτου
698 3470 986 3544 τοιγαροῦν
1036 3473 1104 3543 τῇ
1167 3473 1350 3543 χάριτι
1394 3474 1488 3526 καὶ
1530 3473 1557 3523 6
1590 3471 1765 3533 θεῖος·

146 3562 436 3626 διασωθεὶς
500 3563 805 3635 ’Δρκάδιος,
858 3564 955 3616 καὶ
1011 3566 1083 3634 γῇ
1153 3566 1254 3633 τῆς
1313 3564 1731 3635 Τετραπυργίας

142 3657 460 3721 ἀποδοῦεὶς,
494 3656 955 3736 ῶσπερνέφημεν,
991 3657 1153 3735 χάριν
1186 3655 1458 3726 ὡμολόγει
1504 3655 1622 3725 Θεῷ
1654 3654 1733 3726 τῷ

151 3749 413 3803 σώσαντι.
459 3747 669 3802 ’Ἐδεῖτο
718 3748 776 3801 δὲ
829 3748 925 3801 καὶ
980 3749 1144 3811 αὐτὸς
1178 3749 1306 3819 περὶ
1355 3747 1449 3800 τοῦ
1500 3744 1756 3815 ἀδελφοῦ

150 3840 250 3906 τῆς
288 3840 455 3910 αὐτῆς
481 3843 662 3911 τυχεῖν
684 3838 864 3904 δεξιᾶς
888 3838 1084 3910 ὁδηγοῦ
1119 3857 1178 3893 τε
1215 3840 1310 3894 καὶ
1344 3841 1608 3910 φύλακος,
1637 3840 1731 3892 καὶ

148 3932 340 3989 τοῦτον
377 3933 501 3986 ίδεῖν
536 3932 998 4006 ὀφθαλμοῖς’πρὶν
1029 3934 1062 4006 ἦ
1094 3935 1185 3988 τὸν
1229 3934 1342 4005 βίον
1365 3933 1680 3999 ὑπεξελθεῖν
1713 3950 1728 3964 '

150 4025 381 4096 ἀδελφοϊ
408 4028 517 4097 γὰρ
553 4022 692 4098 ἦσαν
727 4028 788 4080 οὐ
842 4027 913 4080 τὰ
962 4027 1192 4098 σώματα
1223 4028 1407 4098 μόνον,
1447 4028 1587 4082 ἀλλὰ
1636 4029 1733 4084 καὶ

149 4122 252 4185 τὰς
288 4119 487 4190 ψυχάς.
532 4120 687 4174 Μετά
715 4119 773 4174 δὲ
807 4120 905 4192 τὴν
935 4121 1122 4192 ευχὴν,
1153 4120 1372 4176 ἄπεισιν
1415 4122 1496 4184 εἰς
1534 4119 1733 4192 κώμην

148 4212 274 4267 τινὰ
289 4211 355 4284 (ὣ
378 4211 514 4266 Θεοῦ
548 4211 829 4283 χριμάτων
852 4214 1061 4284 υᾶρτου
1093 4214 1369 4284 δεόμενος,
1407 4212 1502 4267 καὶ
1525 4213 1605 4275 εἰς
1624 4213 1734 4281 χεῖ-

154 4325 255 4379 ρας
277 4307 480 4378 ἑτέρων
497 4307 730 4378 βλέπων,
747 4301 879 4362 οῦπε
887 4325 919 4378 ρ
937 4308 1175 4379 ἀτεχνῶς
1196 4310 1246 4361 o’.
1269 4309 1502 4380 πατέρες
1522 4306 1735 4362 πολλῶν

151 4399 423 4469 δεομένων
444 4399 1009 4470 γαστέραςέπλησαν.
1045 4399 1241 4454 Λαόὼν
1258 4397 1371 4465 οῦν,
1390 4402 1485 4454 καὶ
1519 4399 1732 4470 φαγὼν,

1840 2834 1845 2837 '
1903 2822 2018 2877 XII.
2068 2822 2313 2893 Cumque
2373 2824 2476 2878 hac
2530 2824 2740 2878 ratione
2792 2825 3062 2895 .jejuniis,
3114 2828 3317 2900 vigiliis
3362 2839 3417 2884 et

1830 2915 2131 2986 precationi
2173 2925 2492 2970 constanter
2529 2932 2649 2971 sese
2688 2915 3008 2984 addiceret,
3048 2929 3265 2979 caetera.
3293 2924 3418 2991 qui-

1835 3006 1960 3062 dem
1988 3016 2105 3061 erat
2137 3008 2298 3063 alacri
2327 3008 2533 3071 animo,
2559 3018 2788 3079 excepto
2808 3010 2956 3079 quod
2981 3008 3137 3066 u'nica
3157 3012 3223 3067 de
3246 3013 3415 3070 fratre

1836 3099 2209 3154 sollicitudine
2234 3114 2345 3153 non
2380 3099 2735 3155 mediocriter
2770 3111 3083 3171 angeretur,
3117 3120 3280 3174 quem
3310 3108 3415 3160 mi—
3496 3164 3501 3169 _

1834 3190 2063 3245 serrime
2097 3190 2261 3245 undis
2305 3191 2661 3246 immortuum
2699 3182 2980 3248 Tcredéret.
3008 3195 3130 3249 Non
3163 3196 3415 3252 conside-

1832 3282 1987 3337 rabat
2017 3283 2164 3356 enim
2205 3298 2506 3353 generosus
2533 3284 2772 3353 juvenis,
2809 3301 2969 3340 suum
3024 3287 3196 3343 Deum
3244 3289 3410 3344 etiam

1828 3372 2048 3427 Arcadii
2082 3388 2310 3443 prorsus
2352 3363 2662 3441 esse..Cum
2705 3377 2854 3430 enim
2889 3358 3120 3449 uterque
3148 3380 3259 3434 Deo
3294 3380 3414 3450 pla-
3490 3429 3495 3435 .

1830 3465 2045 3519 citurus
2096 3474 2267 3529 esset,
2323 3466 2656 3537 singularem
2708 3468 2998 3538 utriusque
3059 3485 3250 3526 curam
3299 3472 3411 3542 egit

1829 3556 1994 3612 Deus.
2029 3556 2200 3627 Hujus
2230 3559 2378 3613 enim
2409 3559 2597 3616 favore
2620 3559 2838 3615 divinus
2866 3577 3087 3632 quoque
3109 3563 3407 3626 .Arcadius

1836 3650 1990 3705 letho
2013 3659 2258 3720 ereptus,
2297 3651 2437 3705 etin
2473 3653 2775 3723 regionem,
2807 3654 2885 3707 uti
2921 3653 3180 3719 diximus,
3218 3655 3409 3711 Tetra-

1829 3740 2035 3812 pyrgiae
2064 3741 2346 3811 appulsus,
2377 3741 2514 3796 inibi
2563 3744 2829 3799 servatori
2869 3743 2983 3799 Deo
3016 3745 3412 3814 gratulabatur.

1828 3831 2017 3902 Neque
2066 3832 2250 3887 minus
2284 3832 2376 3886 ille
2404 3847 2505 3903 pro
2536 3832 2707 3889 fratre
2737 3833 3157 3901 deprecabatur,
3190 3846 3304 3892 tum
3344 3822 3415 3891 .ut

1829 3922 1946 3992 pari
1971 3938 2176 3989 manu,
2203 3924 2345 3979 duce
2401 3933 2457 3979 et
2486 3926 2711 3980 custode
2757 3934 2972 3997 agatur,
3005 3937 3119 3981 tum
3152 3935 3211 3982 ut
3237 3928 3416 3985 oculis

1830 4012 2086 4067 eumdem
2134 4022 2259 4068 ante
2317 4024 2551 4069 mortem
2598 4015 2919 4084 cormpicere
2969 4017 3153 4072 liccat.
3201 4017 3414 4074 Animis

1830 4103 2002 4166 enim,
2022 4118 2131 4158 non
2157 4104 2320 4159 modo
2345 4104 2677 4175 corporibus
2703 4106 2902 4163 fratres
2931 4117 3114 4164 erant.
3144 4108 3412 4164 Absoluta

1831 4197 2152 4266 precatione
2183 4211 2308 4250 mox
2330 4189 2398 4250 'in
2425 4198 2609 4252 vicum
2647 4199 2942 4268 quemdam
2970 4216 3028 4255 se
3062 4200 3299 4267 confert,
3327 4210 3414 4255 at-

1833 4302 1941 4357 que
1970 4286 2025 4357 (ο
2051 4288 2261 4358 judicia
2293 4289 2386 4343 Dei
2408 4288 2447 4359 l)
2488 4291 2646 4361 cujus
2673 4302 2931 4361 parentes
2960 4293 3259 4346 multorum
3283 4307 3415 4347 esu-

1837 4379 2097 4432 rientium
2131 4388 2352 4437 ventres
2385 4380 2564 4449 .plane
2637 4379 3069 4449 exsaturabant,’
3093 4385 3186 4439 ille
3214 4400 3414 4454 panem

154 4491 249 4543 καὶ
269 4488 514 4560 ἰσχύσας,
536 4489 688 4561 ὕπνῳ
714 4494 1032 4561 προσέσχεν.
1063 4492 1120 4545 ’0
1150 4490 1206 4545 δὲ
1230 4491 1395 4555 ὕπνος
1429 4491 1563 4561 ὃναρ
1584 4491 1727 4562 αὐτῷ

1839 4469 2064 4537 supplex
2118 4468 2434 4539 alienasque
2473 4486 2667 4526 manus
2718 4473 3020 4541 respiciens
3060 4473 3413 4543 deposcebat,

154 4578 324 4652 εἶχεν,
362 4582 692 4650 ἐπιφανέντα
743 4584 836 4636 τὸν
878 4584 1131 4652 ἀδελφὺν,
1172 4585 1286 4646 καὶ,
1317 4585 1381 4636 Τί
1415 4585 1472 4637 δὲ
1518 4584 1583 4636 δι’
1632 4584 1733 4653 ἐμὲ

156 4671 397 4743 Θρηνεῖς,
423 4672 639 4741 ἀδελφὲ,
671 4673 921 4741 λέγοντα,
948 4674 1007 4738 ὃς
1061 4675 1119 4726 ὲν
1165 4676 1387 4745 Χριστῷ
1418 4674 1534 4740 (ei);
1564 4675 1735 4726 Τοῦτο

154 4762 286 4830 γοῦν
310 4762 505 4832 ἀληθὲς
539 4763 851 4829 πιστεύσας,
883 4763 1049 4835 μηδὲν
1077 4765 1139 4817 τὸ
1164 4763 1312 4835 ,μετά
1336 4766 1506 4818 ταῦτα
1534 4762 1725 4818 λυποῦ.

168 4854 322 4908 Ἐπεὶ
349 4854 530 4908 τοίνυν
555 4858 721 4927 ἀνῆκε
765 4858 928 4910 αὑτὸν
952 4860 979 4911 ὁ
1012 4855 1200 4923 ὕπνος,
1246 4864 1423 4924 συνεὶς
1446 4858 1505 4913 τὸ
1539 4858 1726 4928 φανὲν,

156 4948 331 5019 χαρᾶς
365 4948 667 5021 ἐπληροῦτο
719 4950 816 5004 καὶ
846 4949 921 5022 τῷ
950 4950 1068 5022 Θεῷ
1090 4950 1251 5022 χάριν
1278 4950 1626 5023 διωμολόγει.

225 5193 327 5247 II".
358 5190 495 5248 Εἶτα
525 5193 743 5247 σκοπῶν
793 5188 862 5264 ἦν
909 5194 1034 5249 καθ’
1067 5195 1259 5249 ἑαυτὸν
1295 5197 1392 5250 καὶ
1427 5197 1729 5269 λογισμοὺς

159 5285 435 5360 στρέφων,
476 5289 605 5358 περὶ
645 5285 739 5340 τοῦ
778 5288 837 5341 τί
893 5288 977 5342 δεῖ
1031 5292 1241 5343 ποιεῖντ
1293 5289 1563 5345 ἀντετξθει
1628 5294 1734 5364 γὰρ

158 5380 368 5443 οὕτως’
441 5379 843 5451 Ἀπελεὺσομαι
903 5381 1039 5454 πρὸς
1090 5384 1217 5446 τοὺς
1275 5374 1560 5453 τεκόντας;
1600 5387 1732 5439 ἀλλό

159 5472 341 5541 λύπης
378 5466 593 5542 μᾶλλον
629 5472 811 5536 αὐτοῖς
862 5473 1032 5536 αῖτιος
1084 5474 1280 5545 ἔσομαι
1331 5453 1491 5545 μόνος
1529 5476 1731 5545 ὀφθείς.

172 5560 338 5616 Ἀλλά
369 5563 507 5633 πρὶς
566 5562 823 5635 τὴνκτῶν
871 5563 1215 5634 μαθημάτων
1248 5565 1517 5637 ἀνάληψιν
1590 5569 1735 5622 κατά

162 5655 263 5727 τὴν
296 5654 392 5709 τοῦ
419 5656 622 5725 πατρὸς
653 5656 872 5725 ἐντολὴν
909 5656 1252 5728 πορεύομαι;
1283 5657 1396 5709 ἀλλ’
1427 5658 1739 5730 ἀϐουλήτως

163 5748 258 5801 καὶ
287 5746 467 5815 ἀηδῶς
497 5748 751 5820 προσέξω
775 5749 841 5820 τῇ
880 5747 1093 5821 διδαχῇ,
1126 5746 1221 5802 τοῦ
1260 5748 1494 5820 ἀδελφοῦ
1542 5767 1739 5823 στερη-

1838 4575 2013 4628 ccque
2055 4569 2274 4628 sumpto
2326 4560 2723 4616 corroboratus
2778 4561 2835 4616 in
2889 4577 3141 4617 somnum
3195 4562 3412 4617 incidit.

1840 4652 1935 4707 Vix
1971 4666 2223 4719 soporem
2252 4650 2544 4716 libaverat,
2576 4667 2701 4707 cum
2730 4652 2993 4708 assistens
3026 4653 3102 4706 illi
3151 4653 3413 4723 Joannes,

1836 4744 1976 4811 Quid
2004 4759 2089 4799 me
2116 4744 2293 4814 luges,
2326 4744 2518 4810 frater,
2546 4744 2749 4815 inquit,
2780 4745 2834 4800 in
2862 4746 3081 4800 Christo
3097 4734 3419 4804 viventem?

1836 4836 1912 4889 De
1974 4851 2085 4905 quo
2117 4852 2465 4907 nequaquam
2497 4836 2720 4904 dubius,
2776 4836 3024 4892 dolorem
3058 4837 3417 4908 imposterum

1837 4942 1905 4982 ex
1936 4928 2120 4983 animo
2153 4929 2312 4999 ejice.
2343 4929 2474 4984 Post
2506 4929 2622 4984 haec
2646 4921 2912 5000 evigilans
2955 4930 3246 4995 Arcadius,
3289 4948 3417 5002 pro-

1840 5019 1965 5073 bata
1986 5020 2087 5075 visi
2117 5018 2245 5087 fide,
2275 5019 2480 5076 laetitiis
2508 5021 2780 5090 {exsultat,
2830 5021 3053 5092 Deoque
3098 5030 3302 5094 grates,
3342 5036 3395 5078 ut

1837 5128 1938 5184 par
1972 5122 2111 5175 erat,
2149 5113 2405 5168 exsolvit.

1908 5203 2049 5261 XIII.
2108 5206 2240 5260 Inde
2289 5208 2534 5261 animum
2573 5206 2868 5278 cogitantis
2920 5207 3097 5263 anxiae
3141 5213 3420 5279 occupant

1838 5311 2003 5363 curae,
2040 5297 2172 5368 quid
2224 5299 2444 5353 tandem
2488 5300 2594 5356 sibi
2648 5300 2919 5372 agendum
2972 5300 3279 5356 videretur.
3329 5299 3420 5355 Sic

1838 5388 2023 5458 itaque
2039 5404 2227 5445 secum
2248 5391 2618 5447 contendebat
2647 5409 2663 5446 :
2687 5392 2766 5447 An
2792 5392 2859 5447 ad
2882 5403 3137 5462 parentes
3151 5399 3415 5453 revertar.

1837 5480 2039 5550 quibus
2067 5480 2156 5534 ubi
2185 5484 2364 5537 solum
2396 5499 2485 5539 me
2515 5483 2777 5551 viderint,
2804 5500 3081 5539 summum
3122 5496 3415 5538 tnauorem
3452 5478 3461 5481 “

1837 5572 2113 5643 injiciam?
2146 5575 2228 5629 An
2282 5575 2591 5633 studiorum
2661 5591 2885 5632 cursum
2935 5586 3175 5647 repetam
3206 5614 3221 5639 ,
3269 5572 3417 5644 quod

1837 5664 2158 5720 decreverat
2175 5668 2372 5737 pater?
2397 5667 2500 5723 Sed
2517 5671 2732 5725 animus
2753 5670 2918 5725 fratre
2940 5670 3188 5731 orbatus,
3211 5667 3419 5721 imitus

1839 5772 1901 5811 ac
1931 5756 2253 5814 fastidiosus
2284 5763 2350 5814 ad
2368 5758 2680 5815 doctrinam
2706 5760 2949 5816 accedet.
2972 5758 3089 5824 Quo
3110 5771 3194 5811 me
3209 5766 3416 5811 vertam
