  <div class='ocr_page' id='page_1' title='image "/cluster/home/n/w/nwhite01/storage/ocr_20150623/114/hvd.32044019208123/548.png"; bbox 0 0 3828 6492; ppageno 0'>
   <div class='ocr_carea' id='block_1_1' title="bbox 165 363 307 433">
    <p class='ocr_par' dir='ltr' id='par_1_1' title="bbox 165 363 307 433">
     <span class='ocr_line' id='line_1_1' title="bbox 165 363 307 433; baseline -0.035 0"><span class='ocrx_word' id='word_1_1' title='bbox 165 363 307 433; x_wconf 72' lang='grc'>1029</span> 
     </span>
    </p>
   </div>
   <div class='ocr_carea' id='block_1_2' title="bbox 1370 360 2261 423">
    <p class='ocr_par' dir='ltr' id='par_1_2' title="bbox 1370 360 2261 423">
     <span class='ocr_line' id='line_1_2' title="bbox 1370 360 2261 423; baseline -0.002 0"><span class='ocrx_word' id='word_1_2' title='bbox 1370 361 1546 423; x_wconf 76' lang='lat' dir='ltr'><strong>V&#39;I&#39;I‘A</strong></span> <span class='ocrx_word' id='word_1_3' title='bbox 1587 361 1646 423; x_wconf 93' lang='lat' dir='ltr'><strong>S.</strong></span> <span class='ocrx_word' id='word_1_4' title='bbox 1690 360 2261 423; x_wconf 77' lang='lat' dir='ltr'><strong>XENOPHONTIS.</strong></span> 
     </span>
    </p>
   </div>
   <div class='ocr_carea' id='block_1_3' title="bbox 3305 359 3443 431">
    <p class='ocr_par' dir='ltr' id='par_1_3' title="bbox 3305 359 3443 431">
     <span class='ocr_line' id='line_1_3' title="bbox 3305 359 3443 431; baseline 0.029 -4"><span class='ocrx_word' id='word_1_5' title='bbox 3305 359 3443 431; x_wconf 84' lang='lat'><strong>1030</strong></span> 
     </span>
    </p>
   </div>
   <div class='ocr_carea' id='block_1_4' title="bbox 234 470 1769 541">
    <p class='ocr_par' dir='ltr' id='par_1_4' title="bbox 234 470 1750 541">
     <span class='ocr_line' id='line_1_4' title="bbox 234 470 1750 541; baseline -0.003 -9"><span class='ocrx_word' id='word_1_6' title='bbox 234 475 339 533; x_wconf 69' lang='grc' dir='ltr'><strong>ιε’.</strong></span> <span class='ocrx_word' id='word_1_7' title='bbox 383 475 621 539; x_wconf 70' lang='grc' dir='ltr'><strong>Ἐκεῖνος</strong></span> <span class='ocrx_word' id='word_1_8' title='bbox 654 472 920 537; x_wconf 82' lang='grc' dir='ltr'><strong>ἀκούσας,</strong></span> <span class='ocrx_word' id='word_1_9' title='bbox 955 472 1051 527; x_wconf 77' lang='grc' dir='ltr'><strong>καὶ</strong></span> <span class='ocrx_word' id='word_1_10' title='bbox 1074 470 1195 535; x_wconf 71' lang='grc' dir='ltr'><strong>ὅλος</strong></span> <span class='ocrx_word' id='word_1_11' title='bbox 1227 471 1471 541; x_wconf 85' lang='grc' dir='ltr'><strong>γεγονὼς</strong></span> <span class='ocrx_word' id='word_1_12' title='bbox 1494 471 1587 526; x_wconf 74' lang='grc' dir='ltr'><strong>τοῦ</strong></span> <span class='ocrx_word' id='word_1_13' title='bbox 1646 473 1750 527; x_wconf 87' lang='grc' dir='ltr'><strong>πά-</strong></span> 
     </span>
    </p>
   </div>
   <div class='ocr_carea' id='block_1_5' title="bbox 1874 470 3444 541">
    <p class='ocr_par' dir='ltr' id='par_1_5' title="bbox 1923 472 3444 534">
     <span class='ocr_line' id='line_1_5' title="bbox 1923 472 3444 534; baseline 0.005 -6"><span class='ocrx_word' id='word_1_14' title='bbox 1923 473 2040 528; x_wconf 69' lang='grc' dir='ltr'><strong>Χν.</strong></span> <span class='ocrx_word' id='word_1_15' title='bbox 2087 472 2185 528; x_wconf 88' lang='lat' dir='ltr'><strong>llis</strong></span> <span class='ocrx_word' id='word_1_16' title='bbox 2232 472 2324 529; x_wconf 89' lang='lat' dir='ltr'><strong>ille</strong></span> <span class='ocrx_word' id='word_1_17' title='bbox 2362 472 2567 530; x_wconf 75' lang='lat' dir='ltr'><strong>auditis</strong></span> <span class='ocrx_word' id='word_1_18' title='bbox 2622 489 2682 531; x_wconf 89' lang='lat' dir='ltr'><strong>se</strong></span> <span class='ocrx_word' id='word_1_19' title='bbox 2717 483 2892 530; x_wconf 90' lang='lat' dir='ltr'><strong>totum</strong></span> <span class='ocrx_word' id='word_1_20' title='bbox 2952 475 3178 530; x_wconf 69' lang='lat' dir='ltr'><strong>tumrori</strong></span> <span class='ocrx_word' id='word_1_21' title='bbox 3221 476 3444 534; x_wconf 86' lang='lat' dir='ltr'><strong>tradens</strong></span> 
     </span>
    </p>
   </div>
   <div class='ocr_carea' id='block_1_6' title="bbox 162 560 1769 638">
    <p class='ocr_par' dir='ltr' id='par_1_6' title="bbox 162 560 1751 638">
     <span class='ocr_line' id='line_1_6' title="bbox 162 560 1751 638; baseline -0.008 -13"><span class='ocrx_word' id='word_1_22' title='bbox 162 570 317 635; x_wconf 84' lang='grc' dir='ltr'><strong>θους,</strong></span> <span class='ocrx_word' id='word_1_23' title='bbox 349 567 582 638; x_wconf 85' lang='grc' dir='ltr'><strong>πλήττει</strong></span> <span class='ocrx_word' id='word_1_24' title='bbox 616 565 716 636; x_wconf 81' lang='grc' dir='ltr'><strong>μὲν</strong></span> <span class='ocrx_word' id='word_1_25' title='bbox 764 562 1106 636; x_wconf 79' lang='grc' dir='ltr'><strong>ἀμφοτέραις</strong></span> <span class='ocrx_word' id='word_1_26' title='bbox 1139 562 1200 616; x_wconf 82' lang='grc' dir='ltr'><strong>τὸ</strong></span> <span class='ocrx_word' id='word_1_27' title='bbox 1233 560 1450 631; x_wconf 83' lang='grc' dir='ltr'><strong>στῆθος,</strong></span> <span class='ocrx_word' id='word_1_28' title='bbox 1482 562 1654 617; x_wconf 72' lang='grc' dir='ltr'><strong>δεινὶν</strong></span> <span class='ocrx_word' id='word_1_29' title='bbox 1695 560 1751 613; x_wconf 74' lang='grc' dir='ltr'><strong>δὲ</strong></span> 
     </span>
    </p>
   </div>
   <div class='ocr_carea' id='block_1_7' title="bbox 1874 560 3442 638">
    <p class='ocr_par' dir='ltr' id='par_1_7' title="bbox 1874 565 3442 638">
     <span class='ocr_line' id='line_1_7' title="bbox 1874 565 3442 638; baseline 0.003 -17"><span class='ocrx_word' id='word_1_30' title='bbox 1874 565 2087 621; x_wconf 87' lang='lat' dir='ltr'><strong>&#39;eriebat</strong></span> <span class='ocrx_word' id='word_1_31' title='bbox 2126 572 2319 635; x_wconf 88' lang='lat' dir='ltr'><strong>pectus</strong></span> <span class='ocrx_word' id='word_1_32' title='bbox 2373 574 2609 637; x_wconf 87' lang='lat' dir='ltr'><strong>utraque</strong></span> <span class='ocrx_word' id='word_1_33' title='bbox 2657 581 2846 632; x_wconf 88' lang='lat' dir='ltr'><strong>manu,</strong></span> <span class='ocrx_word' id='word_1_34' title='bbox 2906 566 3170 638; x_wconf 88' lang='lat' dir='ltr'><strong>editoque</strong></span> <span class='ocrx_word' id='word_1_35' title='bbox 3220 567 3442 638; x_wconf 79' lang='lat' dir='ltr'><strong>lugubri</strong></span> 
     </span>
    </p>
   </div>
   <div class='ocr_carea' id='block_1_8' title="bbox 162 652 1757 728">
    <p class='ocr_par' dir='ltr' id='par_1_8' title="bbox 162 652 1757 728">
     <span class='ocr_line' id='line_1_8' title="bbox 162 652 1757 728; baseline -0.007 -12"><span class='ocrx_word' id='word_1_36' title='bbox 162 660 675 728; x_wconf 79' lang='grc' dir='ltr'><strong>ἀνακλαυσάμενος,</strong></span> <span class='ocrx_word' id='word_1_37' title='bbox 701 656 799 712; x_wconf 73' lang='grc' dir='ltr'><strong>καὶ</strong></span> <span class='ocrx_word' id='word_1_38' title='bbox 834 656 945 709; x_wconf 85' lang='grc' dir='ltr'><strong>τῶν</strong></span> <span class='ocrx_word' id='word_1_39' title='bbox 976 653 1185 723; x_wconf 79' lang='grc' dir='ltr'><strong>κυρίων</strong></span> <span class='ocrx_word' id='word_1_40' title='bbox 1207 652 1586 726; x_wconf 70' lang='grc' dir='ltr'><strong>ἐπιμνησθείς,</strong></span> <span class='ocrx_word' id='word_1_41' title='bbox 1609 652 1757 706; x_wconf 83' lang='grc' dir='ltr'><strong>οἰκέ-</strong></span> 
     </span>
    </p>
   </div>
   <div class='ocr_carea' id='block_1_9' title="bbox 160 743 1750 824">
    <p class='ocr_par' dir='ltr' id='par_1_9' title="bbox 160 743 1750 824">
     <span class='ocr_line' id='line_1_9' title="bbox 160 743 1750 824; baseline -0.006 -18"><span class='ocrx_word' id='word_1_42' title='bbox 160 770 262 808; x_wconf 89' lang='grc' dir='ltr'><strong>του</strong></span> <span class='ocrx_word' id='word_1_43' title='bbox 310 748 552 824; x_wconf 78' lang='grc' dir='ltr'><strong>χρηστοῦ</strong></span> <span class='ocrx_word' id='word_1_44' title='bbox 585 750 679 804; x_wconf 67' lang='grc' dir='ltr'><strong>κα)⁵</strong></span> <span class='ocrx_word' id='word_1_45' title='bbox 709 747 1059 820; x_wconf 81' lang='grc' dir='ltr'><strong>εὐγνώμονος</strong></span> <span class='ocrx_word' id='word_1_46' title='bbox 1095 747 1248 816; x_wconf 76' lang='grc' dir='ltr'><strong>ἠφίει</strong></span> <span class='ocrx_word' id='word_1_47' title='bbox 1272 743 1480 817; x_wconf 78' lang='grc' dir='ltr'><strong>φωνὴν,</strong></span> <span class='ocrx_word' id='word_1_48' title='bbox 1513 743 1586 798; x_wconf 80' lang='grc' dir='ltr'>Οἴ</span> <span class='ocrx_word' id='word_1_49' title='bbox 1619 743 1750 813; x_wconf 79' lang='grc' dir='ltr'><strong>μοιί</strong></span> 
     </span>
    </p>
   </div>
   <div class='ocr_carea' id='block_1_10' title="bbox 163 834 1758 915">
    <p class='ocr_par' dir='ltr' id='par_1_10' title="bbox 163 834 1758 915">
     <span class='ocr_line' id='line_1_10' title="bbox 163 834 1758 915; baseline -0.007 -16"><span class='ocrx_word' id='word_1_50' title='bbox 163 843 348 915; x_wconf 86' lang='grc' dir='ltr'><strong>κύριοί</strong></span> <span class='ocrx_word' id='word_1_51' title='bbox 372 860 502 914; x_wconf 80' lang='grc' dir='ltr'><strong>μου,</strong></span> <span class='ocrx_word' id='word_1_52' title='bbox 541 840 740 911; x_wconf 85' lang='grc' dir='ltr'><strong>λέγων,</strong></span> <span class='ocrx_word' id='word_1_53' title='bbox 761 840 814 894; x_wconf 90' lang='grc' dir='ltr'><strong>τί</strong></span> <span class='ocrx_word' id='word_1_54' title='bbox 844 834 918 894; x_wconf 75' lang='grc' dir='ltr'><strong>τὰ</strong></span> <span class='ocrx_word' id='word_1_55' title='bbox 951 839 1212 909; x_wconf 79' lang='grc' dir='ltr'><strong>γεγονότα</strong></span> <span class='ocrx_word' id='word_1_56' title='bbox 1238 837 1446 904; x_wconf 58' lang='lat' dir='ltr'><strong>suam;</strong></span> <span class='ocrx_word' id='word_1_57' title='bbox 1492 835 1574 899; x_wconf 90' lang='grc' dir='ltr'><strong>τίς</strong></span> <span class='ocrx_word' id='word_1_58' title='bbox 1601 836 1638 907; x_wconf 81' lang='grc' dir='ltr'><strong>ἡ</strong></span> <span class='ocrx_word' id='word_1_59' title='bbox 1663 852 1758 890; x_wconf 87' lang='grc' dir='ltr'><strong>πι-</strong></span> 
     </span>
    </p>
   </div>
   <div class='ocr_carea' id='block_1_11' title="bbox 164 926 1754 1008">
    <p class='ocr_par' dir='ltr' id='par_1_11' title="bbox 164 926 1754 1008">
     <span class='ocr_line' id='line_1_11' title="bbox 164 926 1754 1008; baseline -0.009 -16"><span class='ocrx_word' id='word_1_60' title='bbox 164 937 276 1008; x_wconf 85' lang='grc' dir='ltr'><strong>κρά</strong></span> <span class='ocrx_word' id='word_1_61' title='bbox 312 936 409 991; x_wconf 76' lang='grc' dir='ltr'><strong>καὶ</strong></span> <span class='ocrx_word' id='word_1_62' title='bbox 448 935 732 1005; x_wconf 76' lang='grc' dir='ltr'><strong>δύσφημος</strong></span> <span class='ocrx_word' id='word_1_63' title='bbox 767 932 896 1004; x_wconf 74' lang='grc' dir='ltr'><strong>περὶ</strong></span> <span class='ocrx_word' id='word_1_64' title='bbox 951 931 1107 1003; x_wconf 80' lang='grc' dir='ltr'><strong>ὑμῶν</strong></span> <span class='ocrx_word' id='word_1_65' title='bbox 1149 929 1290 1000; x_wconf 85' lang='grc' dir='ltr'><strong>ἀκοή</strong></span> <span class='ocrx_word' id='word_1_66' title='bbox 1319 945 1336 996; x_wconf 88' lang='lat'><strong>;</strong></span> <span class='ocrx_word' id='word_1_67' title='bbox 1371 927 1506 982; x_wconf 85' lang='grc' dir='ltr'><strong>ποία</strong></span> <span class='ocrx_word' id='word_1_68' title='bbox 1538 926 1754 997; x_wconf 84' lang='grc' dir='ltr'><strong>γλῶττα</strong></span> 
     </span>
    </p>
   </div>
   <div class='ocr_carea' id='block_1_12' title="bbox 163 1018 1760 1099">
    <p class='ocr_par' dir='ltr' id='par_1_12' title="bbox 163 1018 1760 1099">
     <span class='ocr_line' id='line_1_12' title="bbox 163 1018 1760 1099; baseline -0.007 -17"><span class='ocrx_word' id='word_1_69' title='bbox 163 1029 246 1099; x_wconf 85' lang='grc' dir='ltr'>τῷ</span> <span class='ocrx_word' id='word_1_70' title='bbox 291 1026 547 1099; x_wconf 76' lang='grc' dir='ltr'><strong>ὑμετέρῳ</strong></span> <span class='ocrx_word' id='word_1_71' title='bbox 584 1025 756 1097; x_wconf 72' lang='grc' dir='ltr'><strong>πατρὶ</strong></span> <span class='ocrx_word' id='word_1_72' title='bbox 812 1025 904 1078; x_wconf 78' lang='grc' dir='ltr'><strong>τὸν</strong></span> <span class='ocrx_word' id='word_1_73' title='bbox 945 1023 1101 1094; x_wconf 78' lang='grc' dir='ltr'><strong>ὑμῶν</strong></span> <span class='ocrx_word' id='word_1_74' title='bbox 1132 1021 1402 1077; x_wconf 78' lang='grc' dir='ltr'><strong>οἴκτιστον</strong></span> <span class='ocrx_word' id='word_1_75' title='bbox 1451 1018 1760 1089; x_wconf 74' lang='grc' dir='ltr'><strong>ἀπαγγελεῖ</strong></span> 
     </span>
    </p>
   </div>
   <div class='ocr_carea' id='block_1_13' title="bbox 162 1108 1758 1185">
    <p class='ocr_par' dir='ltr' id='par_1_13' title="bbox 162 1108 1758 1185">
     <span class='ocr_line' id='line_1_13' title="bbox 162 1108 1758 1185; baseline -0.007 -13"><span class='ocrx_word' id='word_1_76' title='bbox 162 1118 436 1183; x_wconf 80' lang='grc' dir='ltr'><strong>θάνατον;</strong></span> <span class='ocrx_word' id='word_1_77' title='bbox 483 1116 629 1179; x_wconf 86' lang='grc' dir='ltr'><strong>τίνες</strong></span> <span class='ocrx_word' id='word_1_78' title='bbox 671 1113 943 1185; x_wconf 77' lang='grc' dir='ltr'><strong>ὀφθαλμοὶ</strong></span> <span class='ocrx_word' id='word_1_79' title='bbox 968 1114 1068 1185; x_wconf 79' lang='grc' dir='ltr'><strong>τὴν</strong></span> <span class='ocrx_word' id='word_1_80' title='bbox 1112 1111 1278 1166; x_wconf 82' lang='grc' dir='ltr'><strong>αὐτοῦ</strong></span> <span class='ocrx_word' id='word_1_81' title='bbox 1314 1110 1493 1181; x_wconf 80' lang='grc' dir='ltr'><strong>θλίψιν</strong></span> <span class='ocrx_word' id='word_1_82' title='bbox 1534 1110 1629 1163; x_wconf 60' lang='grc' dir='ltr'><strong>καὶ⁵</strong></span> <span class='ocrx_word' id='word_1_83' title='bbox 1658 1108 1758 1180; x_wconf 77' lang='grc' dir='ltr'><strong>τὴν</strong></span> 
     </span>
    </p>
   </div>
   <div class='ocr_carea' id='block_1_14' title="bbox 138 1198 1757 1280">
    <p class='ocr_par' dir='ltr' id='par_1_14' title="bbox 138 1198 1757 1280">
     <span class='ocr_line' id='line_1_14' title="bbox 138 1198 1757 1280; baseline -0.006 -17"><span class='ocrx_word' id='word_1_84' title='bbox 138 1209 267 1279; x_wconf 78' lang='grc' dir='ltr'><strong>’τῆς</strong></span> <span class='ocrx_word' id='word_1_85' title='bbox 299 1206 507 1280; x_wconf 74' lang='grc' dir='ltr'><strong>μητρὸς</strong></span> <span class='ocrx_word' id='word_1_86' title='bbox 532 1205 687 1277; x_wconf 79' lang='grc' dir='ltr'><strong>ὑμῶν</strong></span> <span class='ocrx_word' id='word_1_87' title='bbox 714 1204 975 1275; x_wconf 64' lang='grc' dir='ltr'><strong>δψονταις</strong></span> <span class='ocrx_word' id='word_1_88' title='bbox 1008 1203 1092 1266; x_wconf 84' lang='grc' dir='ltr'><strong>τίς</strong></span> <span class='ocrx_word' id='word_1_89' title='bbox 1126 1203 1227 1257; x_wconf 89' lang='grc' dir='ltr'><strong>ίδοι</strong></span> <span class='ocrx_word' id='word_1_90' title='bbox 1274 1198 1495 1273; x_wconf 79' lang='grc' dir='ltr'><strong>πικρὰν</strong></span> <span class='ocrx_word' id='word_1_91' title='bbox 1530 1200 1757 1254; x_wconf 75' lang='grc' dir='ltr'><strong>ἐκείνων</strong></span> 
     </span>
    </p>
   </div>
   <div class='ocr_carea' id='block_1_15' title="bbox 164 1287 1760 1373">
    <p class='ocr_par' dir='ltr' id='par_1_15' title="bbox 164 1287 1760 1373">
     <span class='ocr_line' id='line_1_15' title="bbox 164 1287 1760 1373; baseline -0.007 -16"><span class='ocrx_word' id='word_1_92' title='bbox 164 1287 511 1373; x_wconf 77' lang='grc' dir='ltr'><strong>κατήφειαν;</strong></span> <span class='ocrx_word' id='word_1_93' title='bbox 555 1300 641 1364; x_wconf 89' lang='grc' dir='ltr'><strong>τίς</strong></span> <span class='ocrx_word' id='word_1_94' title='bbox 698 1299 904 1369; x_wconf 80' lang='grc' dir='ltr'><strong>ενδυμα</strong></span> <span class='ocrx_word' id='word_1_95' title='bbox 960 1296 1259 1360; x_wconf 73' lang='grc' dir='ltr'><strong>σκοτεινδν,</strong></span> <span class='ocrx_word' id='word_1_96' title='bbox 1312 1296 1528 1366; x_wconf 78' lang='grc' dir='ltr'><strong>δάκρυα</strong></span> <span class='ocrx_word' id='word_1_97' title='bbox 1576 1291 1760 1365; x_wconf 83' lang='grc' dir='ltr'><strong>θερμά</strong></span> 
     </span>
    </p>
   </div>
   <div class='ocr_carea' id='block_1_16' title="bbox 161 1385 1761 1465">
    <p class='ocr_par' dir='ltr' id='par_1_16' title="bbox 161 1385 1761 1465">
     <span class='ocr_line' id='line_1_16' title="bbox 161 1385 1761 1465; baseline -0.008 -16"><span class='ocrx_word' id='word_1_98' title='bbox 161 1395 280 1449; x_wconf 83' lang='grc' dir='ltr'><strong>τῶν</strong></span> <span class='ocrx_word' id='word_1_99' title='bbox 332 1391 640 1465; x_wconf 78' lang='grc' dir='ltr'><strong>ὀφθαλμῶν</strong></span> <span class='ocrx_word' id='word_1_100' title='bbox 692 1390 1057 1462; x_wconf 76' lang='grc' dir='ltr'><strong>ἀπορρέοντα,</strong></span> <span class='ocrx_word' id='word_1_101' title='bbox 1103 1389 1253 1443; x_wconf 90' lang='grc' dir='ltr'><strong>κόνιν</strong></span> <span class='ocrx_word' id='word_1_102' title='bbox 1307 1386 1450 1442; x_wconf 88' lang='grc' dir='ltr'><strong>κατά</strong></span> <span class='ocrx_word' id='word_1_103' title='bbox 1517 1385 1761 1455; x_wconf 82' lang='grc' dir='ltr'><strong>κεφαλῆς</strong></span> 
     </span>
    </p>
   </div>
   <div class='ocr_carea' id='block_1_17' title="bbox 166 1468 1761 1559">
    <p class='ocr_par' dir='ltr' id='par_1_17' title="bbox 166 1468 1761 1559">
     <span class='ocr_line' id='line_1_17' title="bbox 166 1468 1761 1559; baseline -0.009 -17"><span class='ocrx_word' id='word_1_104' title='bbox 166 1485 467 1559; x_wconf 77' lang='grc' dir='ltr'><strong>χεομένην,</strong></span> <span class='ocrx_word' id='word_1_105' title='bbox 512 1484 705 1539; x_wconf 83' lang='grc' dir='ltr'><strong>πολιὰν</strong></span> <span class='ocrx_word' id='word_1_106' title='bbox 755 1483 962 1547; x_wconf 82' lang='grc' dir='ltr'><strong>ἀθλίως</strong></span> <span class='ocrx_word' id='word_1_107' title='bbox 993 1468 1400 1554; x_wconf 55' lang='grc' dir='ltr'><strong>ύδριζομένηη</strong></span> <span class='ocrx_word' id='word_1_108' title='bbox 1426 1477 1587 1532; x_wconf 73' lang='grc' dir='ltr'><strong>Οὕτω</strong></span> <span class='ocrx_word' id='word_1_109' title='bbox 1609 1493 1761 1547; x_wconf 75' lang='grc' dir='ltr'><strong>περιο</strong></span> 
     </span>
    </p>
   </div>
   <div class='ocr_carea' id='block_1_18' title="bbox 166 1563 1758 1646">
    <p class='ocr_par' dir='ltr' id='par_1_18' title="bbox 166 1563 1758 1646">
     <span class='ocr_line' id='line_1_18' title="bbox 166 1563 1758 1646; baseline -0.005 -14"><span class='ocrx_word' id='word_1_110' title='bbox 166 1579 361 1642; x_wconf 84' lang='grc' dir='ltr'><strong>παθῶς</strong></span> <span class='ocrx_word' id='word_1_111' title='bbox 383 1563 734 1641; x_wconf 79' lang='grc' dir='ltr'><strong>ἀνακλαύσας</strong></span> <span class='ocrx_word' id='word_1_112' title='bbox 764 1608 790 1642; x_wconf 81' lang='lat'><strong>,</strong></span> <span class='ocrx_word' id='word_1_113' title='bbox 814 1574 1078 1645; x_wconf 63' lang='grc' dir='ltr'><strong>ἠϐούλετο</strong></span> <span class='ocrx_word' id='word_1_114' title='bbox 1104 1574 1205 1646; x_wconf 68' lang='grc' dir='ltr'><strong>μὲν</strong></span> <span class='ocrx_word' id='word_1_115' title='bbox 1236 1573 1404 1646; x_wconf 79' lang='grc' dir='ltr'><strong>ἀλλην</strong></span> <span class='ocrx_word' id='word_1_116' title='bbox 1433 1569 1758 1644; x_wconf 75' lang='grc' dir='ltr'><strong>τραπέσθαι,</strong></span> 
     </span>
    </p>
   </div>
   <div class='ocr_carea' id='block_1_19' title="bbox 164 1663 1759 1743">
    <p class='ocr_par' dir='ltr' id='par_1_19' title="bbox 164 1663 1759 1743">
     <span class='ocr_line' id='line_1_19' title="bbox 164 1663 1759 1743; baseline -0.007 -17"><span class='ocrx_word' id='word_1_117' title='bbox 164 1674 266 1727; x_wconf 70' lang='grc' dir='ltr'><strong>καὶ</strong></span> <span class='ocrx_word' id='word_1_118' title='bbox 302 1672 380 1743; x_wconf 79' lang='grc' dir='ltr'><strong>μὴ</strong></span> <span class='ocrx_word' id='word_1_119' title='bbox 411 1670 545 1743; x_wconf 68' lang='grc' dir='ltr'><strong>πρὸς</strong></span> <span class='ocrx_word' id='word_1_120' title='bbox 570 1668 698 1734; x_wconf 78' lang='grc' dir='ltr'><strong>τοὺς</strong></span> <span class='ocrx_word' id='word_1_121' title='bbox 730 1668 993 1733; x_wconf 81' lang='grc' dir='ltr'><strong>δεσπότας</strong></span> <span class='ocrx_word' id='word_1_122' title='bbox 1027 1665 1367 1732; x_wconf 82' lang='grc' dir='ltr'><strong>ἐπανελθεῖν,</strong></span> <span class='ocrx_word' id='word_1_123' title='bbox 1397 1664 1533 1736; x_wconf 83' lang='grc' dir='ltr'><strong>μηδὲ</strong></span> <span class='ocrx_word' id='word_1_124' title='bbox 1590 1663 1759 1732; x_wconf 85' lang='grc' dir='ltr'><strong>ἀγγε-</strong></span> 
     </span>
    </p>
   </div>
   <div class='ocr_carea' id='block_1_20' title="bbox 166 1756 1756 1832">
    <p class='ocr_par' dir='ltr' id='par_1_20' title="bbox 166 1756 1756 1832">
     <span class='ocr_line' id='line_1_20' title="bbox 166 1756 1756 1832; baseline -0.006 -13"><span class='ocrx_word' id='word_1_125' title='bbox 166 1767 260 1831; x_wconf 89' lang='grc' dir='ltr'><strong>λος</strong></span> <span class='ocrx_word' id='word_1_126' title='bbox 301 1766 485 1830; x_wconf 76' lang='grc' dir='ltr'><strong>αὐτοῖς</strong></span> <span class='ocrx_word' id='word_1_127' title='bbox 529 1763 788 1832; x_wconf 79' lang='grc' dir='ltr'><strong>γενέσθαι</strong></span> <span class='ocrx_word' id='word_1_128' title='bbox 825 1761 1086 1831; x_wconf 79' lang='grc' dir='ltr'><strong>τοιαύτης</strong></span> <span class='ocrx_word' id='word_1_129' title='bbox 1138 1759 1424 1830; x_wconf 80' lang='grc' dir='ltr'><strong>ἀπευκτῆς</strong></span> <span class='ocrx_word' id='word_1_130' title='bbox 1477 1756 1756 1827; x_wconf 80' lang='grc' dir='ltr'><strong>ἀγγελίας.</strong></span> 
     </span>
    </p>
   </div>
   <div class='ocr_carea' id='block_1_21' title="bbox 168 1851 1761 1930">
    <p class='ocr_par' dir='ltr' id='par_1_21' title="bbox 168 1851 1761 1930">
     <span class='ocr_line' id='line_1_21' title="bbox 168 1851 1761 1930; baseline -0.008 -16"><span class='ocrx_word' id='word_1_131' title='bbox 168 1858 296 1914; x_wconf 83' lang='grc' dir='ltr'><strong>Τῶν</strong></span> <span class='ocrx_word' id='word_1_132' title='bbox 323 1859 610 1930; x_wconf 77' lang='grc' dir='ltr'><strong>παρόντων</strong></span> <span class='ocrx_word' id='word_1_133' title='bbox 640 1856 697 1909; x_wconf 76' lang='grc' dir='ltr'><strong>δὲ</strong></span> <span class='ocrx_word' id='word_1_134' title='bbox 722 1854 927 1928; x_wconf 78' lang='grc' dir='ltr'><strong>μᾶλλον</strong></span> <span class='ocrx_word' id='word_1_135' title='bbox 958 1853 1301 1926; x_wconf 74' lang='grc' dir='ltr'><strong>ὑποστρέψαι</strong></span> <span class='ocrx_word' id='word_1_136' title='bbox 1325 1851 1761 1924; x_wconf 82' lang='grc' dir='ltr'><strong>παραινούντων,</strong></span> 
     </span>
    </p>
   </div>
   <div class='ocr_carea' id='block_1_22' title="bbox 166 1941 1765 2028">
    <p class='ocr_par' dir='ltr' id='par_1_22' title="bbox 166 1941 1765 2028">
     <span class='ocr_line' id='line_1_22' title="bbox 166 1941 1765 2028; baseline -0.007 -22"><span class='ocrx_word' id='word_1_137' title='bbox 166 1951 310 2007; x_wconf 75' lang='grc' dir='ltr'><strong>ἀλλά</strong></span> <span class='ocrx_word' id='word_1_138' title='bbox 345 1951 441 2006; x_wconf 75' lang='grc' dir='ltr'><strong>καὶ</strong></span> <span class='ocrx_word' id='word_1_139' title='bbox 471 1950 634 2014; x_wconf 74' lang='grc' dir='ltr'><strong>αὐτὸς</strong></span> <span class='ocrx_word' id='word_1_140' title='bbox 683 1948 888 2028; x_wconf 77' lang='grc' dir='ltr'><strong>συνεὶς,</strong></span> <span class='ocrx_word' id='word_1_141' title='bbox 921 1947 996 2010; x_wconf 85' lang='grc' dir='ltr'><strong>ὡς</strong></span> <span class='ocrx_word' id='word_1_142' title='bbox 1028 1945 1100 2000; x_wconf 84' lang='grc' dir='ltr'><strong>τά</strong></span> <span class='ocrx_word' id='word_1_143' title='bbox 1150 1946 1418 2028; x_wconf 83' lang='grc' dir='ltr'><strong>γεγονότα</strong></span> <span class='ocrx_word' id='word_1_144' title='bbox 1473 1943 1574 2013; x_wconf 80' lang='grc' dir='ltr'><strong>μὲν</strong></span> <span class='ocrx_word' id='word_1_145' title='bbox 1617 1941 1765 2008; x_wconf 76' lang='grc' dir='ltr'><strong>ἀπαξ</strong></span> 
     </span>
    </p>
   </div>
   <div class='ocr_carea' id='block_1_23' title="bbox 166 2024 1765 2114">
    <p class='ocr_par' dir='ltr' id='par_1_23' title="bbox 166 2024 1765 2114">
     <span class='ocr_line' id='line_1_23' title="bbox 166 2024 1765 2114; baseline -0.006 -16"><span class='ocrx_word' id='word_1_146' title='bbox 166 2043 386 2114; x_wconf 80' lang='grc' dir='ltr'><strong>γέγονε,</strong></span> <span class='ocrx_word' id='word_1_147' title='bbox 405 2044 501 2099; x_wconf 74' lang='grc' dir='ltr'><strong>καὶ</strong></span> <span class='ocrx_word' id='word_1_148' title='bbox 512 2043 796 2114; x_wconf 76' lang='grc' dir='ltr'><strong>ἀμήχανον</strong></span> <span class='ocrx_word' id='word_1_149' title='bbox 816 2024 984 2095; x_wconf 77' lang='grc' dir='ltr'><strong>ταῦτα</strong></span> <span class='ocrx_word' id='word_1_150' title='bbox 1001 2024 1346 2111; x_wconf 80' lang='grc' dir='ltr'><strong>μεταϐαλεῖν,</strong></span> <span class='ocrx_word' id='word_1_151' title='bbox 1365 2037 1529 2094; x_wconf 83' lang='grc' dir='ltr'><strong>αύτδν</strong></span> <span class='ocrx_word' id='word_1_152' title='bbox 1543 2036 1602 2091; x_wconf 71' lang='grc' dir='ltr'><strong>δὲ</strong></span> <span class='ocrx_word' id='word_1_153' title='bbox 1619 2051 1734 2105; x_wconf 90' lang='grc' dir='ltr'><strong>παρ</strong></span> <span class='ocrx_word' id='word_1_154' title='bbox 1746 2062 1765 2074; x_wconf 87' lang='lat'><strong>-</strong></span> 
     </span>
    </p>
   </div>
   <div class='ocr_carea' id='block_1_24' title="bbox 166 2125 1765 2209">
    <p class='ocr_par' dir='ltr' id='par_1_24' title="bbox 166 2125 1765 2209">
     <span class='ocr_line' id='line_1_24' title="bbox 166 2125 1765 2209; baseline -0.006 -18"><span class='ocrx_word' id='word_1_155' title='bbox 166 2137 338 2209; x_wconf 74' lang='grc' dir='ltr'><strong>ηκοον</strong></span> <span class='ocrx_word' id='word_1_156' title='bbox 378 2135 609 2206; x_wconf 75' lang='grc' dir='ltr'><strong>ὀφθῆναι</strong></span> <span class='ocrx_word' id='word_1_157' title='bbox 651 2132 982 2204; x_wconf 51' lang='grc' dir='ltr'><strong>δεσποτικῇ</strong></span> <span class='ocrx_word' id='word_1_158' title='bbox 1006 2131 1246 2204; x_wconf 85' lang='grc' dir='ltr'><strong>ἐντολῆς,</strong></span> <span class='ocrx_word' id='word_1_159' title='bbox 1277 2131 1415 2202; x_wconf 80' lang='grc' dir='ltr'><strong>πρὸς</strong></span> <span class='ocrx_word' id='word_1_160' title='bbox 1434 2127 1514 2200; x_wconf 79' lang='grc' dir='ltr'><strong>τῷ</strong></span> <span class='ocrx_word' id='word_1_161' title='bbox 1532 2128 1669 2199; x_wconf 73' lang='grc' dir='ltr'><strong>μηδὲ</strong></span> <span class='ocrx_word' id='word_1_162' title='bbox 1686 2125 1765 2199; x_wconf 88' lang='grc' dir='ltr'>τῷ</span> 
     </span>
    </p>
   </div>
   <div class='ocr_carea' id='block_1_25' title="bbox 172 2222 1763 2301">
    <p class='ocr_par' dir='ltr' id='par_1_25' title="bbox 172 2222 1763 2301">
     <span class='ocr_line' id='line_1_25' title="bbox 172 2222 1763 2301; baseline -0.006 -17"><span class='ocrx_word' id='word_1_163' title='bbox 172 2228 467 2301; x_wconf 76' lang='grc' dir='ltr'><strong>πράγματι</strong></span> <span class='ocrx_word' id='word_1_164' title='bbox 497 2225 764 2282; x_wconf 81' lang='grc' dir='ltr'><strong>δύνασθαι</strong></span> <span class='ocrx_word' id='word_1_165' title='bbox 804 2224 1045 2296; x_wconf 80' lang='grc' dir='ltr'><strong>βοηθεῖν,</strong></span> <span class='ocrx_word' id='word_1_166' title='bbox 1068 2224 1163 2280; x_wconf 76' lang='grc' dir='ltr'><strong>καὶ</strong></span> <span class='ocrx_word' id='word_1_167' title='bbox 1186 2223 1442 2294; x_wconf 81' lang='grc' dir='ltr'><strong>θεομισὲς</strong></span> <span class='ocrx_word' id='word_1_168' title='bbox 1474 2223 1568 2278; x_wconf 72' lang='grc' dir='ltr'><strong>καὶ</strong></span> <span class='ocrx_word' id='word_1_169' title='bbox 1584 2222 1763 2276; x_wconf 70' lang='grc' dir='ltr'><strong>ἀπάνε-</strong></span> 
     </span>
    </p>
   </div>
   <div class='ocr_carea' id='block_1_26' title="bbox 170 2314 1765 2393">
    <p class='ocr_par' dir='ltr' id='par_1_26' title="bbox 170 2314 1765 2393">
     <span class='ocr_line' id='line_1_26' title="bbox 170 2314 1765 2393; baseline -0.006 -16"><span class='ocrx_word' id='word_1_170' title='bbox 170 2321 414 2393; x_wconf 87' lang='grc' dir='ltr'><strong>θρωπον,</strong></span> <span class='ocrx_word' id='word_1_171' title='bbox 437 2321 613 2386; x_wconf 77' lang='grc' dir='ltr'><strong>ἄλλως</strong></span> <span class='ocrx_word' id='word_1_172' title='bbox 637 2322 694 2376; x_wconf 61' lang='grc' dir='ltr'><strong>δὲ</strong></span> <span class='ocrx_word' id='word_1_173' title='bbox 724 2323 819 2376; x_wconf 77' lang='grc' dir='ltr'><strong>καὶ</strong></span> <span class='ocrx_word' id='word_1_174' title='bbox 864 2319 1068 2386; x_wconf 87' lang='grc' dir='ltr'><strong>δείσας,</strong></span> <span class='ocrx_word' id='word_1_175' title='bbox 1102 2317 1179 2391; x_wconf 79' lang='grc' dir='ltr'><strong>μὴ</strong></span> <span class='ocrx_word' id='word_1_176' title='bbox 1211 2316 1307 2373; x_wconf 81' lang='grc' dir='ltr'><strong>καὶ</strong></span> <span class='ocrx_word' id='word_1_177' title='bbox 1333 2317 1627 2386; x_wconf 75' lang='grc' dir='ltr'><strong>δεσποτικῇ</strong></span> <span class='ocrx_word' id='word_1_178' title='bbox 1654 2314 1765 2386; x_wconf 81' lang='grc' dir='ltr'><strong>ἀρᾷ</strong></span> 
     </span>
    </p>
   </div>
   <div class='ocr_carea' id='block_1_27' title="bbox 168 2409 1763 2490">
    <p class='ocr_par' dir='ltr' id='par_1_27' title="bbox 168 2409 1763 2490">
     <span class='ocr_line' id='line_1_27' title="bbox 168 2409 1763 2490; baseline -0.006 -22"><span class='ocrx_word' id='word_1_179' title='bbox 168 2414 389 2490; x_wconf 75' lang='grc' dir='ltr'><strong>φθάσας</strong></span> <span class='ocrx_word' id='word_1_180' title='bbox 427 2414 752 2478; x_wconf 77' lang='grc' dir='ltr'><strong>ὑποπεσεῖν,</strong></span> <span class='ocrx_word' id='word_1_181' title='bbox 799 2410 1057 2490; x_wconf 76' lang='grc' dir='ltr'><strong>ἐξώλειαν</strong></span> <span class='ocrx_word' id='word_1_182' title='bbox 1089 2409 1269 2481; x_wconf 83' lang='grc' dir='ltr'><strong>ἐαυτῷ</strong></span> <span class='ocrx_word' id='word_1_183' title='bbox 1310 2409 1555 2480; x_wconf 73' lang='grc' dir='ltr'><strong>ἀνοήτως</strong></span> <span class='ocrx_word' id='word_1_184' title='bbox 1604 2413 1763 2478; x_wconf 62' lang='grc' dir='ltr'><strong>περιέ</strong></span> 
     </span>
    </p>
   </div>
   <div class='ocr_carea' id='block_1_28' title="bbox 172 2489 1302 2573">
    <p class='ocr_par' dir='ltr' id='par_1_28' title="bbox 172 2489 1302 2573">
     <span class='ocr_line' id='line_1_28' title="bbox 172 2489 1302 2573; baseline 0.001 -19"><span class='ocrx_word' id='word_1_185' title='bbox 172 2489 416 2573; x_wconf 78' lang='grc' dir='ltr'><strong>ποιήσοι,</strong></span> <span class='ocrx_word' id='word_1_186' title='bbox 443 2500 673 2573; x_wconf 75' lang='grc' dir='ltr'><strong>ἐπανῄει</strong></span> <span class='ocrx_word' id='word_1_187' title='bbox 701 2501 838 2573; x_wconf 77' lang='grc' dir='ltr'><strong>πρὸς</strong></span> <span class='ocrx_word' id='word_1_188' title='bbox 862 2501 990 2566; x_wconf 79' lang='grc' dir='ltr'><strong>τοὺς</strong></span> <span class='ocrx_word' id='word_1_189' title='bbox 1011 2489 1302 2565; x_wconf 76' lang='grc' dir='ltr'><strong>δεσπότας.</strong></span> 
     </span>
    </p>
   </div>
   <div class='ocr_carea' id='block_1_29' title="bbox 246 2667 1765 2747">
    <p class='ocr_par' dir='ltr' id='par_1_29' title="bbox 246 2667 1765 2747">
     <span class='ocr_line' id='line_1_29' title="bbox 246 2667 1765 2747; baseline 0 -15"><span class='ocrx_word' id='word_1_190' title='bbox 246 2676 367 2747; x_wconf 73' lang='grc' dir='ltr'><strong>ις’.</strong></span> <span class='ocrx_word' id='word_1_191' title='bbox 416 2677 632 2745; x_wconf 75' lang='grc' dir='ltr'><strong>Φθάσας</strong></span> <span class='ocrx_word' id='word_1_192' title='bbox 681 2678 740 2733; x_wconf 70' lang='grc' dir='ltr'><strong>δέ</strong></span> <span class='ocrx_word' id='word_1_193' title='bbox 775 2679 867 2734; x_wconf 79' lang='grc' dir='ltr'><strong>τὸν</strong></span> <span class='ocrx_word' id='word_1_194' title='bbox 897 2674 1046 2737; x_wconf 80' lang='grc' dir='ltr'><strong>οἷκον</strong></span> <span class='ocrx_word' id='word_1_195' title='bbox 1071 2667 1181 2736; x_wconf 62' lang='grc' dir='ltr'><strong>’καὶ</strong></span> <span class='ocrx_word' id='word_1_196' title='bbox 1232 2676 1514 2746; x_wconf 80' lang='grc' dir='ltr'><strong>εἰσελθὼν,</strong></span> <span class='ocrx_word' id='word_1_197' title='bbox 1541 2676 1765 2743; x_wconf 80' lang='grc' dir='ltr'><strong>σύννους</strong></span> 
     </span>
    </p>
   </div>
   <div class='ocr_carea' id='block_1_30' title="bbox 178 2771 1813 2848">
    <p class='ocr_par' dir='ltr' id='par_1_30' title="bbox 178 2771 1813 2848">
     <span class='ocr_line' id='line_1_30' title="bbox 178 2771 1813 2848; baseline -0.005 -16"><span class='ocrx_word' id='word_1_198' title='bbox 178 2777 278 2832; x_wconf 75' lang='grc' dir='ltr'><strong>καὶ</strong></span> <span class='ocrx_word' id='word_1_199' title='bbox 311 2774 636 2846; x_wconf 82' lang='grc' dir='ltr'><strong>σκυθρωπὸς</strong></span> <span class='ocrx_word' id='word_1_200' title='bbox 663 2776 921 2848; x_wconf 80' lang='grc' dir='ltr'><strong>ἐκάθητο,</strong></span> <span class='ocrx_word' id='word_1_201' title='bbox 952 2774 1220 2847; x_wconf 81' lang='grc' dir='ltr'><strong>κρύπτειν</strong></span> <span class='ocrx_word' id='word_1_202' title='bbox 1253 2773 1355 2844; x_wconf 81' lang='grc' dir='ltr'><strong>μὲν</strong></span> <span class='ocrx_word' id='word_1_203' title='bbox 1389 2772 1466 2837; x_wconf 84' lang='grc' dir='ltr'><strong>ὡς</strong></span> <span class='ocrx_word' id='word_1_204' title='bbox 1526 2771 1759 2827; x_wconf 80' lang='grc' dir='ltr'><strong>δυνατὸν</strong></span> <span class='ocrx_word' id='word_1_205' title='bbox 1806 2789 1813 2796; x_wconf 82' lang='grc'><em>’</em></span> 
     </span>
    </p>
   </div>
   <div class='ocr_carea' id='block_1_31' title="bbox 176 2856 1766 2941">
    <p class='ocr_par' dir='ltr' id='par_1_31' title="bbox 176 2856 1766 2941">
     <span class='ocr_line' id='line_1_31' title="bbox 176 2856 1766 2941; baseline -0.004 -16"><span class='ocrx_word' id='word_1_206' title='bbox 176 2866 249 2941; x_wconf 74' lang='grc' dir='ltr'><strong>ἦν</strong></span> <span class='ocrx_word' id='word_1_207' title='bbox 281 2868 344 2923; x_wconf 82' lang='grc' dir='ltr'><strong>τὺ</strong></span> <span class='ocrx_word' id='word_1_208' title='bbox 367 2870 602 2940; x_wconf 81' lang='grc' dir='ltr'><strong>πρᾶγμα</strong></span> <span class='ocrx_word' id='word_1_209' title='bbox 645 2868 993 2941; x_wconf 83' lang='grc' dir='ltr'><strong>βουλόμενος,</strong></span> <span class='ocrx_word' id='word_1_210' title='bbox 1026 2867 1126 2923; x_wconf 77' lang='grc' dir='ltr'><strong>καὶ</strong></span> <span class='ocrx_word' id='word_1_211' title='bbox 1179 2866 1350 2938; x_wconf 79' lang='grc' dir='ltr'><strong>μηδὲν</strong></span> <span class='ocrx_word' id='word_1_212' title='bbox 1378 2856 1532 2937; x_wconf 84' lang='grc' dir='ltr'><strong>πρὸς’</strong></span> <span class='ocrx_word' id='word_1_213' title='bbox 1572 2864 1766 2918; x_wconf 60' lang='grc' dir='ltr'><strong>οὐδένα</strong></span> 
     </span>
    </p>
   </div>
   <div class='ocr_carea' id='block_1_32' title="bbox 179 2956 1763 3035">
    <p class='ocr_par' dir='ltr' id='par_1_32' title="bbox 179 2956 1763 3035">
     <span class='ocr_line' id='line_1_32' title="bbox 179 2956 1763 3035; baseline -0.004 -18"><span class='ocrx_word' id='word_1_214' title='bbox 179 2964 314 3035; x_wconf 77' lang='grc' dir='ltr'><strong>περὶ</strong></span> <span class='ocrx_word' id='word_1_215' title='bbox 344 2957 421 3017; x_wconf 83' lang='grc' dir='ltr'><strong>ὧν</strong></span> <span class='ocrx_word' id='word_1_216' title='bbox 450 2961 611 3033; x_wconf 83' lang='grc' dir='ltr'><strong>μάθοι</strong></span> <span class='ocrx_word' id='word_1_217' title='bbox 634 2961 1042 3034; x_wconf 66' lang='grc' dir='ltr'><strong>φθεγξάμενος,</strong></span> <span class='ocrx_word' id='word_1_218' title='bbox 1076 2961 1404 3032; x_wconf 82' lang='grc' dir='ltr'><strong>τρανότερον</strong></span> <span class='ocrx_word' id='word_1_219' title='bbox 1426 2959 1480 3012; x_wconf 73' lang='grc' dir='ltr'><strong>δὲ</strong></span> <span class='ocrx_word' id='word_1_220' title='bbox 1515 2956 1763 3027; x_wconf 82' lang='grc' dir='ltr'><strong>γλώττης</strong></span> 
     </span>
    </p>
   </div>
   <div class='ocr_carea' id='block_1_33' title="bbox 174 3051 1764 3127">
    <p class='ocr_par' dir='ltr' id='par_1_33' title="bbox 174 3051 1764 3127">
     <span class='ocr_line' id='line_1_33' title="bbox 174 3051 1764 3127; baseline -0.005 -17"><span class='ocrx_word' id='word_1_221' title='bbox 174 3059 245 3127; x_wconf 73' lang='grc' dir='ltr'><strong>τῇ</strong></span> <span class='ocrx_word' id='word_1_222' title='bbox 274 3056 551 3127; x_wconf 81' lang='grc' dir='ltr'><strong>κατηφείᾳ</strong></span> <span class='ocrx_word' id='word_1_223' title='bbox 583 3056 681 3127; x_wconf 83' lang='grc' dir='ltr'><strong>τῆς</strong></span> <span class='ocrx_word' id='word_1_224' title='bbox 726 3054 903 3124; x_wconf 75' lang='grc' dir='ltr'><strong>ὅψεως</strong></span> <span class='ocrx_word' id='word_1_225' title='bbox 935 3052 1061 3124; x_wconf 81' lang='grc' dir='ltr'><strong>(ποῦ</strong></span> <span class='ocrx_word' id='word_1_226' title='bbox 1085 3054 1194 3124; x_wconf 77' lang='grc' dir='ltr'><strong>γὰρ</strong></span> <span class='ocrx_word' id='word_1_227' title='bbox 1224 3053 1459 3121; x_wconf 73' lang='grc' dir='ltr'><strong>ἠδύνατο</strong></span> <span class='ocrx_word' id='word_1_228' title='bbox 1499 3051 1764 3120; x_wconf 74' lang='grc' dir='ltr'><strong>κρείττων</strong></span> 
     </span>
    </p>
   </div>
   <div class='ocr_carea' id='block_1_34' title="bbox 1857 655 3440 734">
    <p class='ocr_par' dir='ltr' id='par_1_34' title="bbox 1857 655 3440 734">
     <span class='ocr_line' id='line_1_34' title="bbox 1857 655 3440 734; baseline 0.002 -22"><span class='ocrx_word' id='word_1_229' title='bbox 1857 656 2118 734; x_wconf 84' lang='lat' dir='ltr'><strong>clamore,</strong></span> <span class='ocrx_word' id='word_1_230' title='bbox 2148 655 2220 710; x_wconf 82' lang='lat' dir='ltr'><strong>nb</strong></span> <span class='ocrx_word' id='word_1_231' title='bbox 2248 655 2674 726; x_wconf 82' lang='lat' dir='ltr'><strong>redintegratum</strong></span> <span class='ocrx_word' id='word_1_232' title='bbox 2703 658 3058 713; x_wconf 89' lang='lat' dir='ltr'><strong>dominorum</strong></span> <span class='ocrx_word' id='word_1_233' title='bbox 3094 661 3440 727; x_wconf 80' lang='lat' dir='ltr'><strong>memoriam,</strong></span> 
     </span>
    </p>
   </div>
   <div class='ocr_carea' id='block_1_35' title="bbox 1856 747 3443 824">
    <p class='ocr_par' dir='ltr' id='par_1_35' title="bbox 1856 747 3443 824">
     <span class='ocr_line' id='line_1_35' title="bbox 1856 747 3443 824; baseline 0.003 -19"><span class='ocrx_word' id='word_1_234' title='bbox 1856 750 1915 805; x_wconf 90' lang='lat' dir='ltr'><strong>in</strong></span> <span class='ocrx_word' id='word_1_235' title='bbox 1958 749 2099 805; x_wconf 90' lang='lat' dir='ltr'><strong>hanc</strong></span> <span class='ocrx_word' id='word_1_236' title='bbox 2149 747 2279 804; x_wconf 88' lang='lat' dir='ltr'><strong>boni</strong></span> <span class='ocrx_word' id='word_1_237' title='bbox 2315 749 2565 820; x_wconf 78' lang='lat' dir='ltr'><strong>gratique</strong></span> <span class='ocrx_word' id='word_1_238' title='bbox 2614 751 2759 807; x_wconf 80' lang='lat' dir='ltr'><strong>servi</strong></span> <span class='ocrx_word' id='word_1_239' title='bbox 2806 767 3000 808; x_wconf 89' lang='lat' dir='ltr'><strong>vocem</strong></span> <span class='ocrx_word' id='word_1_240' title='bbox 3057 754 3284 824; x_wconf 89' lang='lat' dir='ltr'><strong>erupit:</strong></span> <span class='ocrx_word' id='word_1_241' title='bbox 3314 754 3443 812; x_wconf 75' lang='lat' dir='ltr'><strong>Heu</strong></span> 
     </span>
    </p>
   </div>
   <div class='ocr_carea' id='block_1_36' title="bbox 1856 837 3439 914">
    <p class='ocr_par' dir='ltr' id='par_1_36' title="bbox 1856 837 3439 914">
     <span class='ocr_line' id='line_1_36' title="bbox 1856 837 3439 914; baseline 0.002 -16"><span class='ocrx_word' id='word_1_242' title='bbox 1856 842 2030 898; x_wconf 82' lang='lat' dir='ltr'><strong>mihi!</strong></span> <span class='ocrx_word' id='word_1_243' title='bbox 2075 841 2459 909; x_wconf 28' lang='lat' dir='ltr'><strong>dominilmei,</strong></span> <span class='ocrx_word' id='word_1_244' title='bbox 2482 859 2646 914; x_wconf 86' lang='lat' dir='ltr'><strong>quam</strong></span> <span class='ocrx_word' id='word_1_245' title='bbox 2679 843 2855 899; x_wconf 80' lang='lat' dir='ltr'><strong>tristia</strong></span> <span class='ocrx_word' id='word_1_246' title='bbox 2906 844 3066 900; x_wconf 85' lang='lat' dir='ltr'><strong>vobis</strong></span> <span class='ocrx_word' id='word_1_247' title='bbox 3096 837 3439 902; x_wconf 82' lang='lat' dir='ltr'><strong>evenerunt!</strong></span> 
     </span>
    </p>
   </div>
   <div class='ocr_carea' id='block_1_37' title="bbox 1856 935 3447 1008">
    <p class='ocr_par' dir='ltr' id='par_1_37' title="bbox 1856 935 3447 1008">
     <span class='ocr_line' id='line_1_37' title="bbox 1856 935 3447 1008; baseline 0.003 -18"><span class='ocrx_word' id='word_1_248' title='bbox 1856 949 2023 1005; x_wconf 87' lang='lat' dir='ltr'><strong>quam</strong></span> <span class='ocrx_word' id='word_1_249' title='bbox 2058 950 2269 998; x_wconf 81' lang='lat' dir='ltr'><strong>amara,</strong></span> <span class='ocrx_word' id='word_1_250' title='bbox 2288 949 2456 1004; x_wconf 87' lang='lat' dir='ltr'><strong>quam</strong></span> <span class='ocrx_word' id='word_1_251' title='bbox 2488 935 2724 990; x_wconf 86' lang='lat' dir='ltr'><strong>infausta</strong></span> <span class='ocrx_word' id='word_1_252' title='bbox 2775 936 2845 991; x_wconf 89' lang='lat' dir='ltr'><strong>de</strong></span> <span class='ocrx_word' id='word_1_253' title='bbox 2870 936 3032 991; x_wconf 81' lang='lat' dir='ltr'><strong>vobis</strong></span> <span class='ocrx_word' id='word_1_254' title='bbox 3078 937 3276 993; x_wconf 77' lang='lat' dir='ltr'><strong>audio!</strong></span> <span class='ocrx_word' id='word_1_255' title='bbox 3322 953 3447 1008; x_wconf 65' lang='lat' dir='ltr'><strong>qua!</strong></span> 
     </span>
    </p>
   </div>
   <div class='ocr_carea' id='block_1_38' title="bbox 1857 1026 3446 1097">
    <p class='ocr_par' dir='ltr' id='par_1_38' title="bbox 1857 1026 3446 1097">
     <span class='ocr_line' id='line_1_38' title="bbox 1857 1026 3446 1097; baseline 0.001 -15"><span class='ocrx_word' id='word_1_256' title='bbox 1857 1026 2043 1097; x_wconf 85' lang='lat' dir='ltr'><strong>lingua</strong></span> <span class='ocrx_word' id='word_1_257' title='bbox 2073 1027 2287 1097; x_wconf 86' lang='lat' dir='ltr'><strong>parenti</strong></span> <span class='ocrx_word' id='word_1_258' title='bbox 2336 1034 2522 1083; x_wconf 90' lang='lat' dir='ltr'><strong>vestro</strong></span> <span class='ocrx_word' id='word_1_259' title='bbox 2562 1027 2930 1082; x_wconf 70' lang='lat' dir='ltr'><strong>miserandam</strong></span> <span class='ocrx_word' id='word_1_260' title='bbox 2962 1038 3201 1083; x_wconf 89' lang='lat' dir='ltr'><strong>vestram</strong></span> <span class='ocrx_word' id='word_1_261' title='bbox 3252 1043 3446 1084; x_wconf 86' lang='lat' dir='ltr'><strong>necem</strong></span> 
     </span>
    </p>
   </div>
   <div class='ocr_carea' id='block_1_39' title="bbox 1859 1117 3451 1189">
    <p class='ocr_par' dir='ltr' id='par_1_39' title="bbox 1859 1117 3451 1189">
     <span class='ocr_line' id='line_1_39' title="bbox 1859 1117 3451 1189; baseline 0 -15"><span class='ocrx_word' id='word_1_262' title='bbox 1859 1118 2359 1189; x_wconf 75' lang='lat' dir='ltr'><strong>annnntiabit‘lqui</strong></span> <span class='ocrx_word' id='word_1_263' title='bbox 2406 1117 2554 1174; x_wconf 91' lang='lat' dir='ltr'><strong>oculi</strong></span> <span class='ocrx_word' id='word_1_264' title='bbox 2579 1127 2695 1173; x_wconf 91' lang='lat' dir='ltr'><strong>tum</strong></span> <span class='ocrx_word' id='word_1_265' title='bbox 2727 1119 2921 1189; x_wconf 82' lang='lat' dir='ltr'><strong>ipsius,</strong></span> <span class='ocrx_word' id='word_1_266' title='bbox 2968 1126 3083 1173; x_wconf 91' lang='lat' dir='ltr'><strong>tum</strong></span> <span class='ocrx_word' id='word_1_267' title='bbox 3115 1118 3309 1173; x_wconf 82' lang='lat' dir='ltr'><strong>matris</strong></span> <span class='ocrx_word' id='word_1_268' title='bbox 3356 1134 3451 1174; x_wconf 76' lang='lat' dir='ltr'><strong>ve-</strong></span> 
     </span>
    </p>
   </div>
   <div class='ocr_carea' id='block_1_40' title="bbox 1858 1208 3448 1280">
    <p class='ocr_par' dir='ltr' id='par_1_40' title="bbox 1858 1208 3448 1280">
     <span class='ocr_line' id='line_1_40' title="bbox 1858 1208 3448 1280; baseline -0.002 -14"><span class='ocrx_word' id='word_1_269' title='bbox 1858 1218 1988 1266; x_wconf 66' lang='lat' dir='ltr'><strong>strae</strong></span> <span class='ocrx_word' id='word_1_270' title='bbox 2011 1210 2516 1265; x_wconf 85' lang='lat' dir='ltr'><strong>consternationem</strong></span> <span class='ocrx_word' id='word_1_271' title='bbox 2571 1209 2931 1266; x_wconf 83' lang='lat' dir='ltr'><strong>sustinebunt</strong></span> <span class='ocrx_word' id='word_1_272' title='bbox 2977 1209 3268 1280; x_wconf 81' lang='lat' dir='ltr'><strong>aspicere?</strong></span> <span class='ocrx_word' id='word_1_273' title='bbox 3320 1208 3448 1280; x_wconf 82' lang='lat' dir='ltr'><strong>quis</strong></span> 
     </span>
    </p>
   </div>
   <div class='ocr_carea' id='block_1_41' title="bbox 1860 1301 3451 1380">
    <p class='ocr_par' dir='ltr' id='par_1_41' title="bbox 1860 1301 3451 1380">
     <span class='ocr_line' id='line_1_41' title="bbox 1860 1301 3451 1380; baseline -0.004 -17"><span class='ocrx_word' id='word_1_274' title='bbox 1860 1306 2256 1363; x_wconf 83' lang='lat' dir='ltr'><strong>amarissimam</strong></span> <span class='ocrx_word' id='word_1_275' title='bbox 2276 1306 2472 1363; x_wconf 77' lang='lat' dir='ltr'><strong>eurum</strong></span> <span class='ocrx_word' id='word_1_276' title='bbox 2494 1306 2819 1362; x_wconf 70' lang='lat' dir='ltr'><strong>.mtsstitiam</strong></span> <span class='ocrx_word' id='word_1_277' title='bbox 2845 1303 3030 1380; x_wconf 87' lang='lat' dir='ltr'><strong>videre</strong></span> <span class='ocrx_word' id='word_1_278' title='bbox 3055 1303 3294 1374; x_wconf 76' lang='lat' dir='ltr'><strong>poterit?</strong></span> <span class='ocrx_word' id='word_1_279' title='bbox 3324 1301 3451 1373; x_wconf 83' lang='lat' dir='ltr'><strong>quis</strong></span> 
     </span>
    </p>
   </div>
   <div class='ocr_carea' id='block_1_42' title="bbox 1860 1397 3449 1470">
    <p class='ocr_par' dir='ltr' id='par_1_42' title="bbox 1860 1397 3449 1470">
     <span class='ocr_line' id='line_1_42' title="bbox 1860 1397 3449 1470; baseline -0.004 -16"><span class='ocrx_word' id='word_1_280' title='bbox 1860 1407 2039 1454; x_wconf 85' lang='lat' dir='ltr'><strong>atram</strong></span> <span class='ocrx_word' id='word_1_281' title='bbox 2068 1398 2325 1454; x_wconf 80' lang='lat' dir='ltr'><strong>vestem?</strong></span> <span class='ocrx_word' id='word_1_282' title='bbox 2346 1398 2473 1470; x_wconf 86' lang='lat' dir='ltr'><strong>quis</strong></span> <span class='ocrx_word' id='word_1_283' title='bbox 2518 1397 2726 1454; x_wconf 86' lang='lat' dir='ltr'><strong>calidas</strong></span> <span class='ocrx_word' id='word_1_284' title='bbox 2751 1397 3021 1469; x_wconf 79' lang='lat' dir='ltr'><strong>lacrymas</strong></span> <span class='ocrx_word' id='word_1_285' title='bbox 3049 1411 3148 1466; x_wconf 90' lang='lat' dir='ltr'><strong>per</strong></span> <span class='ocrx_word' id='word_1_286' title='bbox 3200 1409 3296 1450; x_wconf 87' lang='lat' dir='ltr'><strong>ora</strong></span> <span class='ocrx_word' id='word_1_287' title='bbox 3332 1408 3449 1448; x_wconf 81' lang='lat' dir='ltr'><strong>ma—</strong></span> 
     </span>
    </p>
   </div>
   <div class='ocr_carea' id='block_1_43' title="bbox 1860 1489 3451 1564">
    <p class='ocr_par' dir='ltr' id='par_1_43' title="bbox 1860 1489 3451 1564">
     <span class='ocr_line' id='line_1_43' title="bbox 1860 1489 3451 1564; baseline -0.003 -19"><span class='ocrx_word' id='word_1_288' title='bbox 1860 1489 2095 1545; x_wconf 84' lang='lat' dir='ltr'><strong>nantes?</strong></span> <span class='ocrx_word' id='word_1_289' title='bbox 2131 1490 2258 1560; x_wconf 87' lang='lat' dir='ltr'><strong>quis</strong></span> <span class='ocrx_word' id='word_1_290' title='bbox 2306 1491 2525 1545; x_wconf 83' lang='lat' dir='ltr'><strong>cinercs</strong></span> <span class='ocrx_word' id='word_1_291' title='bbox 2551 1504 2809 1560; x_wconf 84' lang='lat' dir='ltr'><strong>aspersus</strong></span> <span class='ocrx_word' id='word_1_292' title='bbox 2841 1489 3120 1564; x_wconf 80' lang='lat' dir='ltr'><strong>capitibus</strong></span> <span class='ocrx_word' id='word_1_293' title='bbox 3164 1495 3223 1544; x_wconf 84' lang='lat' dir='ltr'><strong>et</strong></span> <span class='ocrx_word' id='word_1_294' title='bbox 3281 1500 3451 1541; x_wconf 80' lang='lat' dir='ltr'><strong>canos</strong></span> 
     </span>
    </p>
   </div>
   <div class='ocr_carea' id='block_1_44' title="bbox 1865 1577 3453 1638">
    <p class='ocr_par' dir='ltr' id='par_1_44' title="bbox 1865 1577 3453 1638">
     <span class='ocr_line' id='line_1_44' title="bbox 1865 1577 3453 1638; baseline -0.004 0"><span class='ocrx_word' id='word_1_295' title='bbox 1865 1582 2247 1638; x_wconf 74' lang='lat' dir='ltr'><strong>infelicissime</strong></span> <span class='ocrx_word' id='word_1_296' title='bbox 2284 1580 2634 1637; x_wconf 79' lang='lat' dir='ltr'><strong>sordidatos?</strong></span> <span class='ocrx_word' id='word_1_297' title='bbox 2664 1580 2935 1637; x_wconf 86' lang='lat' dir='ltr'><strong>Ubibisee</strong></span> <span class='ocrx_word' id='word_1_298' title='bbox 2960 1577 3453 1635; x_wconf 76' lang='lat' dir='ltr'><strong>lamentationibus</strong></span> 
     </span>
    </p>
   </div>
   <div class='ocr_carea' id='block_1_45' title="bbox 1862 1667 3448 1746">
    <p class='ocr_par' dir='ltr' id='par_1_45' title="bbox 1862 1667 3448 1746">
     <span class='ocr_line' id='line_1_45' title="bbox 1862 1667 3448 1746; baseline -0.005 -18"><span class='ocrx_word' id='word_1_299' title='bbox 1862 1675 1997 1746; x_wconf 83' lang='lat' dir='ltr'><strong>plus</strong></span> <span class='ocrx_word' id='word_1_300' title='bbox 2025 1674 2160 1730; x_wconf 90' lang='lat' dir='ltr'><strong>satis</strong></span> <span class='ocrx_word' id='word_1_301' title='bbox 2185 1673 2435 1739; x_wconf 83' lang='lat' dir='ltr'><strong>indulsit,</strong></span> <span class='ocrx_word' id='word_1_302' title='bbox 2463 1672 2727 1728; x_wconf 84' lang='lat' dir='ltr'><strong>inducere</strong></span> <span class='ocrx_word' id='word_1_303' title='bbox 2744 1672 2800 1726; x_wconf 90' lang='lat' dir='ltr'><strong>in</strong></span> <span class='ocrx_word' id='word_1_304' title='bbox 2824 1670 3071 1728; x_wconf 86' lang='lat' dir='ltr'><strong>animum</strong></span> <span class='ocrx_word' id='word_1_305' title='bbox 3103 1685 3212 1724; x_wconf 87' lang='lat' dir='ltr'><strong>non</strong></span> <span class='ocrx_word' id='word_1_306' title='bbox 3248 1667 3448 1739; x_wconf 88' lang='lat' dir='ltr'><strong>potuit,</strong></span> 
     </span>
    </p>
   </div>
   <div class='ocr_carea' id='block_1_46' title="bbox 1871 1765 3449 1829">
    <p class='ocr_par' dir='ltr' id='par_1_46' title="bbox 1871 1765 3449 1829">
     <span class='ocr_line' id='line_1_46' title="bbox 1871 1765 3449 1829; baseline -0.004 -7"><span class='ocrx_word' id='word_1_307' title='bbox 1871 1775 1932 1823; x_wconf 85' lang='lat' dir='ltr'><strong>ut</strong></span> <span class='ocrx_word' id='word_1_308' title='bbox 1955 1767 2023 1823; x_wconf 88' lang='lat' dir='ltr'><strong>ad</strong></span> <span class='ocrx_word' id='word_1_309' title='bbox 2053 1768 2308 1823; x_wconf 88' lang='lat' dir='ltr'><strong>dominos</strong></span> <span class='ocrx_word' id='word_1_310' title='bbox 2325 1775 2434 1822; x_wconf 87' lang='lat' dir='ltr'><strong>tum</strong></span> <span class='ocrx_word' id='word_1_311' title='bbox 2452 1766 2585 1829; x_wconf 75' lang='lat' dir='ltr'><strong>dira:</strong></span> <span class='ocrx_word' id='word_1_312' title='bbox 2607 1766 2783 1823; x_wconf 85' lang='lat' dir='ltr'><strong>cladis</strong></span> <span class='ocrx_word' id='word_1_313' title='bbox 2794 1765 3449 1821; x_wconf 83' lang='lat' dir='ltr'><strong>nuntius-reverteretur.</strong></span> 
     </span>
    </p>
   </div>
   <div class='ocr_carea' id='block_1_47' title="bbox 1870 1855 3450 1931">
    <p class='ocr_par' dir='ltr' id='par_1_47' title="bbox 1870 1855 3450 1931">
     <span class='ocr_line' id='line_1_47' title="bbox 1870 1855 3450 1931; baseline -0.006 -12"><span class='ocrx_word' id='word_1_314' title='bbox 1870 1861 2069 1919; x_wconf 80' lang='lat' dir='ltr'><strong>Verum</strong></span> <span class='ocrx_word' id='word_1_315' title='bbox 2099 1861 2291 1917; x_wconf 89' lang='lat' dir='ltr'><strong>audito</strong></span> <span class='ocrx_word' id='word_1_316' title='bbox 2327 1875 2543 1925; x_wconf 90' lang='lat' dir='ltr'><strong>eorum,</strong></span> <span class='ocrx_word' id='word_1_317' title='bbox 2594 1860 2688 1931; x_wconf 90' lang='lat' dir='ltr'><strong>qui</strong></span> <span class='ocrx_word' id='word_1_318' title='bbox 2723 1859 2866 1914; x_wconf 90' lang='lat' dir='ltr'><strong>forte</strong></span> <span class='ocrx_word' id='word_1_319' title='bbox 2912 1857 3162 1923; x_wconf 89' lang='lat' dir='ltr'><strong>aderant,</strong></span> <span class='ocrx_word' id='word_1_320' title='bbox 3192 1855 3450 1920; x_wconf 85' lang='lat' dir='ltr'><strong>consilio,</strong></span> 
     </span>
    </p>
   </div>
   <div class='ocr_carea' id='block_1_48' title="bbox 1868 1949 3451 2021">
    <p class='ocr_par' dir='ltr' id='par_1_48' title="bbox 1868 1949 3451 2021">
     <span class='ocr_line' id='line_1_48' title="bbox 1868 1949 3451 2021; baseline -0.006 -12"><span class='ocrx_word' id='word_1_321' title='bbox 1868 1953 2108 2009; x_wconf 88' lang='lat' dir='ltr'><strong>reditum</strong></span> <span class='ocrx_word' id='word_1_322' title='bbox 2153 1952 2446 2018; x_wconf 84' lang='lat' dir='ltr'><strong>suadente,</strong></span> <span class='ocrx_word' id='word_1_323' title='bbox 2492 1967 2618 2008; x_wconf 90' lang='lat' dir='ltr'><strong>cum</strong></span> <span class='ocrx_word' id='word_1_324' title='bbox 2666 1959 2724 2008; x_wconf 90' lang='lat' dir='ltr'><strong>et</strong></span> <span class='ocrx_word' id='word_1_325' title='bbox 2762 1951 2878 2021; x_wconf 85' lang='lat' dir='ltr'><strong>ipse</strong></span> <span class='ocrx_word' id='word_1_326' title='bbox 2915 1949 3296 2007; x_wconf 80' lang='lat' dir='ltr'><strong>consideraret</strong></span> <span class='ocrx_word' id='word_1_327' title='bbox 3326 1960 3451 2017; x_wconf 79' lang='lat' dir='ltr'><strong>quae</strong></span> 
     </span>
    </p>
   </div>
   <div class='ocr_carea' id='block_1_49' title="bbox 1862 2042 3452 2111">
    <p class='ocr_par' dir='ltr' id='par_1_49' title="bbox 1862 2042 3452 2111">
     <span class='ocr_line' id='line_1_49' title="bbox 1862 2042 3452 2111; baseline -0.008 -8"><span class='ocrx_word' id='word_1_328' title='bbox 1862 2046 2035 2103; x_wconf 80' lang='lat' dir='ltr'><strong>semel</strong></span> <span class='ocrx_word' id='word_1_329' title='bbox 2069 2045 2212 2100; x_wconf 83' lang='lat' dir='ltr'><strong>facta</strong></span> <span class='ocrx_word' id='word_1_330' title='bbox 2240 2052 2430 2101; x_wconf 83' lang='lat' dir='ltr'><strong>essent</strong></span> <span class='ocrx_word' id='word_1_331' title='bbox 2462 2043 2666 2100; x_wconf 87' lang='lat' dir='ltr'><strong>infecta</strong></span> <span class='ocrx_word' id='word_1_332' title='bbox 2722 2042 2842 2099; x_wconf 81' lang='lat' dir='ltr'><strong>fieri</strong></span> <span class='ocrx_word' id='word_1_333' title='bbox 2868 2056 3001 2103; x_wconf 78' lang='lat' dir='ltr'><strong>&#39;non</strong></span> <span class='ocrx_word' id='word_1_334' title='bbox 3051 2054 3234 2111; x_wconf 84' lang='lat' dir='ltr'><strong>posse,</strong></span> <span class='ocrx_word' id='word_1_335' title='bbox 3280 2050 3452 2108; x_wconf 84' lang='lat' dir='ltr'><strong>seque</strong></span> 
     </span>
    </p>
   </div>
   <div class='ocr_carea' id='block_1_50' title="bbox 1866 2130 3453 2208">
    <p class='ocr_par' dir='ltr' id='par_1_50' title="bbox 1866 2130 3453 2208">
     <span class='ocr_line' id='line_1_50' title="bbox 1866 2130 3453 2208; baseline -0.004 -16"><span class='ocrx_word' id='word_1_336' title='bbox 1866 2137 2059 2193; x_wconf 82' lang='lat' dir='ltr'><strong>herilis</strong></span> <span class='ocrx_word' id='word_1_337' title='bbox 2094 2137 2310 2208; x_wconf 90' lang='lat' dir='ltr'><strong>imperii</strong></span> <span class='ocrx_word' id='word_1_338' title='bbox 2354 2136 2783 2192; x_wconf 87' lang='lat' dir='ltr'><strong>detrectatorem</strong></span> <span class='ocrx_word' id='word_1_339' title='bbox 2844 2134 3024 2189; x_wconf 84' lang='lat' dir='ltr'><strong>visum</strong></span> <span class='ocrx_word' id='word_1_340' title='bbox 3069 2132 3160 2199; x_wconf 92' lang='lat' dir='ltr'><strong>iri,</strong></span> <span class='ocrx_word' id='word_1_341' title='bbox 3190 2130 3453 2203; x_wconf 83' lang='lat' dir='ltr'><strong>quodque</strong></span> 
     </span>
    </p>
   </div>
   <div class='ocr_carea' id='block_1_51' title="bbox 1865 2220 3450 2299">
    <p class='ocr_par' dir='ltr' id='par_1_51' title="bbox 1865 2220 3450 2299">
     <span class='ocr_line' id='line_1_51' title="bbox 1865 2220 3450 2299; baseline -0.004 -15"><span class='ocrx_word' id='word_1_342' title='bbox 1865 2229 1979 2284; x_wconf 89' lang='lat' dir='ltr'><strong>Deo</strong></span> <span class='ocrx_word' id='word_1_343' title='bbox 2010 2227 2440 2299; x_wconf 84' lang='lat' dir='ltr'><strong>hominibusque</strong></span> <span class='ocrx_word' id='word_1_344' title='bbox 2478 2227 2693 2297; x_wconf 85' lang='lat' dir='ltr'><strong>ingrata</strong></span> <span class='ocrx_word' id='word_1_345' title='bbox 2738 2226 2901 2290; x_wconf 91' lang='lat' dir='ltr'><strong>foret,</strong></span> <span class='ocrx_word' id='word_1_346' title='bbox 2940 2239 3123 2295; x_wconf 87' lang='lat' dir='ltr'><strong>neque</strong></span> <span class='ocrx_word' id='word_1_347' title='bbox 3157 2224 3213 2278; x_wconf 91' lang='lat' dir='ltr'><strong>in</strong></span> <span class='ocrx_word' id='word_1_348' title='bbox 3244 2240 3304 2279; x_wconf 87' lang='lat' dir='ltr'><strong>re</strong></span> <span class='ocrx_word' id='word_1_349' title='bbox 3338 2220 3450 2277; x_wconf 90' lang='lat' dir='ltr'><strong>uti-</strong></span> 
     </span>
    </p>
   </div>
   <div class='ocr_carea' id='block_1_52' title="bbox 1864 2299 3454 2394">
    <p class='ocr_par' dir='ltr' id='par_1_52' title="bbox 1864 2299 3454 2394">
     <span class='ocr_line' id='line_1_52' title="bbox 1864 2299 3454 2394; baseline -0.006 -15"><span class='ocrx_word' id='word_1_350' title='bbox 1864 2337 1974 2393; x_wconf 87' lang='lat' dir='ltr'><strong>que</strong></span> <span class='ocrx_word' id='word_1_351' title='bbox 2003 2322 2295 2394; x_wconf 84' lang='lat' dir='ltr'><strong>desperata</strong></span> <span class='ocrx_word' id='word_1_352' title='bbox 2341 2321 2625 2376; x_wconf 81' lang='lat' dir='ltr'><strong>fructuosa</strong></span> <span class='ocrx_word' id='word_1_353' title='bbox 2654 2320 2771 2378; x_wconf 65' lang='lat' dir='ltr'><strong>haec</strong></span> <span class='ocrx_word' id='word_1_354' title='bbox 2820 2317 3223 2389; x_wconf 80' lang='lat' dir='ltr'><strong>tergiversatio,</strong></span> <span class='ocrx_word' id='word_1_355' title='bbox 3257 2332 3364 2387; x_wconf 89' lang='lat' dir='ltr'><strong>qua</strong></span> <span class='ocrx_word' id='word_1_356' title='bbox 3395 2299 3454 2370; x_wconf 75' lang='lat' dir='ltr'><strong>ct</strong></span> 
     </span>
    </p>
   </div>
   <div class='ocr_carea' id='block_1_53' title="bbox 1864 2408 3451 2487">
    <p class='ocr_par' dir='ltr' id='par_1_53' title="bbox 1864 2408 3451 2487">
     <span class='ocr_line' id='line_1_53' title="bbox 1864 2408 3451 2487; baseline -0.004 -16"><span class='ocrx_word' id='word_1_357' title='bbox 1864 2416 2075 2471; x_wconf 83' lang='lat' dir='ltr'><strong>domini</strong></span> <span class='ocrx_word' id='word_1_358' title='bbox 2106 2415 2558 2487; x_wconf 77' lang='lat' dir='ltr'><strong>imprecationcm</strong></span> <span class='ocrx_word' id='word_1_359' title='bbox 2590 2413 2896 2479; x_wconf 85' lang='lat' dir='ltr'><strong>incurrere,</strong></span> <span class='ocrx_word' id='word_1_360' title='bbox 2921 2419 2980 2467; x_wconf 90' lang='lat' dir='ltr'><strong>et</strong></span> <span class='ocrx_word' id='word_1_361' title='bbox 3008 2410 3311 2482; x_wconf 86' lang='lat' dir='ltr'><strong>perniciem</strong></span> <span class='ocrx_word' id='word_1_362' title='bbox 3344 2408 3451 2464; x_wconf 86' lang='lat' dir='ltr'><strong>sibi</strong></span> 
     </span>
    </p>
   </div>
   <div class='ocr_carea' id='block_1_54' title="bbox 1865 2503 3454 2579">
    <p class='ocr_par' dir='ltr' id='par_1_54' title="bbox 1865 2503 3454 2579">
     <span class='ocr_line' id='line_1_54' title="bbox 1865 2503 3454 2579; baseline -0.005 -15"><span class='ocrx_word' id='word_1_363' title='bbox 1865 2508 2248 2579; x_wconf 86' lang='lat' dir='ltr'><strong>imprudenter</strong></span> <span class='ocrx_word' id='word_1_364' title='bbox 2282 2507 2528 2563; x_wconf 83' lang='lat' dir='ltr'><strong>conflare</strong></span> <span class='ocrx_word' id='word_1_365' title='bbox 2554 2506 2880 2570; x_wconf 82' lang='lat' dir='ltr'><strong>verebatur,</strong></span> <span class='ocrx_word' id='word_1_366' title='bbox 2929 2503 2997 2561; x_wconf 84' lang='lat' dir='ltr'><strong>ad</strong></span> <span class='ocrx_word' id='word_1_367' title='bbox 3041 2503 3295 2563; x_wconf 87' lang='lat' dir='ltr'><strong>dominos</strong></span> <span class='ocrx_word' id='word_1_368' title='bbox 3321 2516 3454 2556; x_wconf 81' lang='lat' dir='ltr'><strong>suos</strong></span> 
     </span>
    </p>
   </div>
   <div class='ocr_carea' id='block_1_55' title="bbox 1840 2599 2398 2670">
    <p class='ocr_par' dir='ltr' id='par_1_55' title="bbox 1840 2599 2398 2670">
     <span class='ocr_line' id='line_1_55' title="bbox 1840 2599 2398 2670; baseline -0.002 -15"><span class='ocrx_word' id='word_1_369' title='bbox 1840 2601 2101 2668; x_wconf 43' lang='lat' dir='ltr'><strong>.reditnm</strong></span> <span class='ocrx_word' id='word_1_370' title='bbox 2133 2599 2398 2670; x_wconf 85' lang='lat' dir='ltr'><strong>suscepit.</strong></span> 
     </span>
    </p>
   </div>
   <div class='ocr_carea' id='block_1_56' title="bbox 1935 2673 3454 2763">
    <p class='ocr_par' dir='ltr' id='par_1_56' title="bbox 1935 2673 3454 2763">
     <span class='ocr_line' id='line_1_56' title="bbox 1935 2673 3454 2763; baseline -0.005 -15"><span class='ocrx_word' id='word_1_371' title='bbox 1935 2693 2075 2749; x_wconf 75' lang='lat' dir='ltr'><strong>XVI.</strong></span> <span class='ocrx_word' id='word_1_372' title='bbox 2114 2682 2184 2749; x_wconf 85' lang='lat' dir='ltr'><strong>Ut</strong></span> <span class='ocrx_word' id='word_1_373' title='bbox 2224 2708 2358 2763; x_wconf 78' lang='lat' dir='ltr'><strong>ergo</strong></span> <span class='ocrx_word' id='word_1_374' title='bbox 2389 2673 2641 2762; x_wconf 73' lang='lat' dir='ltr'><strong>pervenit</strong></span> <span class='ocrx_word' id='word_1_375' title='bbox 2682 2690 2934 2753; x_wconf 85' lang='lat' dir='ltr'><strong>domum,</strong></span> <span class='ocrx_word' id='word_1_376' title='bbox 2973 2698 3143 2760; x_wconf 78' lang='lat' dir='ltr'><strong>atque</strong></span> <span class='ocrx_word' id='word_1_377' title='bbox 3173 2689 3454 2759; x_wconf 80' lang='lat' dir='ltr'><strong>ingressus</strong></span> 
     </span>
    </p>
   </div>
   <div class='ocr_carea' id='block_1_57' title="bbox 1865 2775 3545 2854">
    <p class='ocr_par' dir='ltr' id='par_1_57' title="bbox 1865 2775 3545 2854">
     <span class='ocr_line' id='line_1_57' title="bbox 1865 2775 3545 2854; baseline -0.006 -14"><span class='ocrx_word' id='word_1_378' title='bbox 1865 2791 1972 2846; x_wconf 86' lang='lat' dir='ltr'><strong>est,</strong></span> <span class='ocrx_word' id='word_1_379' title='bbox 2026 2781 2433 2854; x_wconf 80' lang='lat' dir='ltr'><strong>cogitabundus</strong></span> <span class='ocrx_word' id='word_1_380' title='bbox 2475 2788 2828 2849; x_wconf 73' lang='lat' dir='ltr'><strong>mmrensque</strong></span> <span class='ocrx_word' id='word_1_381' title='bbox 2879 2777 3127 2844; x_wconf 87' lang='lat' dir='ltr'><strong>sedebat,</strong></span> <span class='ocrx_word' id='word_1_382' title='bbox 3179 2793 3296 2833; x_wconf 85' lang='lat' dir='ltr'><strong>rem</strong></span> <span class='ocrx_word' id='word_1_383' title='bbox 3354 2791 3454 2847; x_wconf 85' lang='lat' dir='ltr'><strong>pro</strong></span> <span class='ocrx_word' id='word_1_384' title='bbox 3542 2775 3545 2779; x_wconf 86' lang='grc'><em>’</em></span> 
     </span>
    </p>
   </div>
   <div class='ocr_carea' id='block_1_58' title="bbox 1864 2871 3454 2944">
    <p class='ocr_par' dir='ltr' id='par_1_58' title="bbox 1864 2871 3454 2944">
     <span class='ocr_line' id='line_1_58' title="bbox 1864 2871 3454 2944; baseline -0.004 -14"><span class='ocrx_word' id='word_1_385' title='bbox 1864 2877 2076 2932; x_wconf 77' lang='lat' dir='ltr'><strong>viribus</strong></span> <span class='ocrx_word' id='word_1_386' title='bbox 2100 2874 2407 2939; x_wconf 83' lang='lat' dir='ltr'><strong>occultans.</strong></span> <span class='ocrx_word' id='word_1_387' title='bbox 2439 2889 2620 2944; x_wconf 85' lang='lat' dir='ltr'><strong>neque</strong></span> <span class='ocrx_word' id='word_1_388' title='bbox 2638 2871 2938 2943; x_wconf 85' lang='lat' dir='ltr'><strong>quidquam</strong></span> <span class='ocrx_word' id='word_1_389' title='bbox 2968 2871 3037 2927; x_wconf 92' lang='lat' dir='ltr'><strong>de</strong></span> <span class='ocrx_word' id='word_1_390' title='bbox 3061 2871 3132 2927; x_wconf 92' lang='lat' dir='ltr'><strong>iis</strong></span> <span class='ocrx_word' id='word_1_391' title='bbox 3154 2887 3276 2942; x_wconf 74' lang='lat' dir='ltr'><strong>qua:</strong></span> <span class='ocrx_word' id='word_1_392' title='bbox 3298 2886 3454 2926; x_wconf 87' lang='lat' dir='ltr'><strong>com-</strong></span> 
     </span>
    </p>
   </div>
   <div class='ocr_carea' id='block_1_59' title="bbox 1867 2963 3453 3038">
    <p class='ocr_par' dir='ltr' id='par_1_59' title="bbox 1867 2963 3453 3038">
     <span class='ocr_line' id='line_1_59' title="bbox 1867 2963 3453 3038; baseline -0.001 -18"><span class='ocrx_word' id='word_1_393' title='bbox 1867 2975 2088 3038; x_wconf 86' lang='lat' dir='ltr'><strong>pererat</strong></span> <span class='ocrx_word' id='word_1_394' title='bbox 2136 2965 2399 3035; x_wconf 79' lang='lat' dir='ltr'><strong>cuiquam</strong></span> <span class='ocrx_word' id='word_1_395' title='bbox 2453 2965 2792 3029; x_wconf 83' lang='lat' dir='ltr'><strong>enuntiuns;</strong></span> <span class='ocrx_word' id='word_1_396' title='bbox 2858 2971 3240 3019; x_wconf 72' lang='lat' dir='ltr'><strong>verumtamen</strong></span> <span class='ocrx_word' id='word_1_397' title='bbox 3293 2963 3453 3034; x_wconf 73' lang='lat' dir='ltr'><strong>longe</strong></span> 
     </span>
    </p>
   </div>
   <div class='ocr_carea' id='block_1_60' title="bbox 1867 3054 3450 3126">
    <p class='ocr_par' dir='ltr' id='par_1_60' title="bbox 1867 3054 3450 3126">
     <span class='ocr_line' id='line_1_60' title="bbox 1867 3054 3450 3126; baseline -0.002 -14"><span class='ocrx_word' id='word_1_398' title='bbox 1867 3057 2214 3115; x_wconf 80' lang='lat' dir='ltr'><strong>manifestius</strong></span> <span class='ocrx_word' id='word_1_399' title='bbox 2238 3057 2424 3112; x_wconf 87' lang='lat' dir='ltr'><strong>vultus</strong></span> <span class='ocrx_word' id='word_1_400' title='bbox 2446 3056 2728 3117; x_wconf 75' lang='lat' dir='ltr'><strong>mmstitia,</strong></span> <span class='ocrx_word' id='word_1_401' title='bbox 2754 3071 2920 3126; x_wconf 83' lang='lat' dir='ltr'><strong>quam</strong></span> <span class='ocrx_word' id='word_1_402' title='bbox 2943 3055 3127 3126; x_wconf 73' lang='lat' dir='ltr'><strong>lingua</strong></span> <span class='ocrx_word' id='word_1_403' title='bbox 3155 3054 3269 3126; x_wconf 87' lang='lat' dir='ltr'><strong>(qui</strong></span> <span class='ocrx_word' id='word_1_404' title='bbox 3301 3056 3450 3110; x_wconf 75' lang='lat' dir='ltr'><strong>enim</strong></span> 
     </span>
    </p>
   </div>
   <div class='ocr_carea' id='block_1_61' title="bbox 171 3144 1769 3237">
    <p class='ocr_par' dir='ltr' id='par_1_61' title="bbox 171 3144 1764 3224">
     <span class='ocr_line' id='line_1_61' title="bbox 171 3144 1764 3224; baseline -0.006 -20"><span class='ocrx_word' id='word_1_405' title='bbox 171 3144 320 3204; x_wconf 67' lang='grc' dir='ltr'><strong>εἶναι</strong></span> <span class='ocrx_word' id='word_1_406' title='bbox 350 3147 594 3202; x_wconf 84' lang='grc' dir='ltr'><strong>τοιούτου</strong></span> <span class='ocrx_word' id='word_1_407' title='bbox 612 3146 796 3202; x_wconf 47' lang='grc' dir='ltr'><strong>’κακοῦ</strong></span> <span class='ocrx_word' id='word_1_408' title='bbox 817 3148 858 3219; x_wconf 85' lang='grc'><strong>;)</strong></span> <span class='ocrx_word' id='word_1_409' title='bbox 882 3144 1187 3216; x_wconf 84' lang='grc' dir='ltr'><strong>σκυθρωπά</strong></span> <span class='ocrx_word' id='word_1_410' title='bbox 1204 3144 1333 3199; x_wconf 73' lang='grc' dir='ltr'><strong>ὄντα</strong></span> <span class='ocrx_word' id='word_1_411' title='bbox 1358 3144 1428 3197; x_wconf 78' lang='grc' dir='ltr'><strong>τὰ</strong></span> <span class='ocrx_word' id='word_1_412' title='bbox 1445 3144 1764 3224; x_wconf 79' lang='grc' dir='ltr'><strong>ἐγνωσμένα</strong></span> 
     </span>
    </p>
   </div>
   <div class='ocr_carea' id='block_1_62' title="bbox 1874 3144 3451 3237">
    <p class='ocr_par' dir='ltr' id='par_1_62' title="bbox 1874 3144 3451 3217">
     <span class='ocr_line' id='line_1_62' title="bbox 1874 3144 3451 3217; baseline -0.004 -12"><span class='ocrx_word' id='word_1_413' title='bbox 1874 3158 2023 3205; x_wconf 85' lang='lat' dir='ltr'><strong>tanto</strong></span> <span class='ocrx_word' id='word_1_414' title='bbox 2062 3150 2355 3207; x_wconf 71' lang='lat' dir='ltr'><strong>malonon,</strong></span> <span class='ocrx_word' id='word_1_415' title='bbox 2384 3146 2771 3217; x_wconf 82' lang='lat' dir='ltr'><strong>vinceretur?)</strong></span> <span class='ocrx_word' id='word_1_416' title='bbox 2819 3161 2942 3217; x_wconf 60' lang='lat' dir='ltr'><strong>qua</strong></span> <span class='ocrx_word' id='word_1_417' title='bbox 2967 3152 3250 3217; x_wconf 77' lang='lat' dir='ltr'><strong>cognorat,</strong></span> <span class='ocrx_word' id='word_1_418' title='bbox 3305 3144 3451 3215; x_wconf 74' lang='lat' dir='ltr'><strong>inju-</strong></span> 
     </span>
    </p>
   </div>
   <div class='ocr_carea' id='block_1_63' title="bbox 173 3216 1760 3310">
    <p class='ocr_par' dir='ltr' id='par_1_63' title="bbox 173 3216 1760 3310">
     <span class='ocr_line' id='line_1_63' title="bbox 173 3216 1760 3310; baseline -0.004 -15"><span class='ocrx_word' id='word_1_419' title='bbox 173 3240 374 3310; x_wconf 84' lang='grc' dir='ltr'><strong>δηλῶν.</strong></span> <span class='ocrx_word' id='word_1_420' title='bbox 417 3241 513 3295; x_wconf 84' lang='grc' dir='ltr'><strong>Ἐκ</strong></span> <span class='ocrx_word' id='word_1_421' title='bbox 541 3239 736 3296; x_wconf 88' lang='grc' dir='ltr'><strong>τούτου</strong></span> <span class='ocrx_word' id='word_1_422' title='bbox 761 3216 923 3307; x_wconf 80' lang='grc' dir='ltr'><strong>λόγος</strong></span> <span class='ocrx_word' id='word_1_423' title='bbox 961 3237 1169 3310; x_wconf 71' lang='grc' dir='ltr'><strong>διέρρει</strong></span> <span class='ocrx_word' id='word_1_424' title='bbox 1201 3239 1337 3308; x_wconf 68' lang='grc' dir='ltr'><strong>πρδς</strong></span> <span class='ocrx_word' id='word_1_425' title='bbox 1373 3236 1502 3299; x_wconf 80' lang='grc' dir='ltr'><strong>τοὺς</strong></span> <span class='ocrx_word' id='word_1_426' title='bbox 1524 3216 1760 3306; x_wconf 49' lang='grc' dir='ltr'><strong>’ὁμοδού-</strong></span> 
     </span>
    </p>
   </div>
   <div class='ocr_carea' id='block_1_64' title="bbox 176 3324 1768 3402">
    <p class='ocr_par' dir='ltr' id='par_1_64' title="bbox 176 3324 1768 3402">
     <span class='ocr_line' id='line_1_64' title="bbox 176 3324 1768 3402; baseline -0.004 -15"><span class='ocrx_word' id='word_1_427' title='bbox 176 3334 331 3399; x_wconf 84' lang='grc' dir='ltr'><strong>λους,</strong></span> <span class='ocrx_word' id='word_1_428' title='bbox 379 3332 476 3388; x_wconf 73' lang='grc' dir='ltr'><strong>καὶ</strong></span> <span class='ocrx_word' id='word_1_429' title='bbox 511 3330 968 3402; x_wconf 79' lang='grc' dir='ltr'><strong>ὑπεψιθυρίζοντο</strong></span> <span class='ocrx_word' id='word_1_430' title='bbox 997 3330 1221 3399; x_wconf 77' lang='grc' dir='ltr'><strong>ῥήματα</strong></span> <span class='ocrx_word' id='word_1_431' title='bbox 1252 3327 1464 3399; x_wconf 82' lang='grc' dir='ltr'><strong>πονηρά</strong></span> <span class='ocrx_word' id='word_1_432' title='bbox 1499 3325 1535 3381; x_wconf 81' lang='grc' dir='ltr'>ἃ</span> <span class='ocrx_word' id='word_1_433' title='bbox 1584 3324 1768 3402; x_wconf 75' lang='grc' dir='ltr'><strong>λαθεῖν</strong></span> 
     </span>
    </p>
   </div>
   <div class='ocr_carea' id='block_1_65' title="bbox 182 3398 1769 3495">
    <p class='ocr_par' dir='ltr' id='par_1_65' title="bbox 182 3398 1769 3495">
     <span class='ocr_line' id='line_1_65' title="bbox 182 3398 1769 3495; baseline -0.005 -17"><span class='ocrx_word' id='word_1_434' title='bbox 182 3398 410 3487; x_wconf 88' lang='grc' dir='ltr'><strong>πάντως</strong></span> <span class='ocrx_word' id='word_1_435' title='bbox 438 3422 540 3495; x_wconf 84' lang='grc' dir='ltr'><strong>τὴν</strong></span> <span class='ocrx_word' id='word_1_436' title='bbox 565 3398 664 3477; x_wconf 62' lang='grc' dir='ltr'><strong>τού</strong></span> <span class='ocrx_word' id='word_1_437' title='bbox 696 3398 847 3475; x_wconf 77' lang='grc' dir='ltr'><strong>οἴκου</strong></span> <span class='ocrx_word' id='word_1_438' title='bbox 902 3398 1100 3492; x_wconf 77' lang='grc' dir='ltr'><strong>κυρίαν</strong></span> <span class='ocrx_word' id='word_1_439' title='bbox 1152 3398 1435 3490; x_wconf 74' lang='grc' dir='ltr'><strong>ἀμήχανον</strong></span> <span class='ocrx_word' id='word_1_440' title='bbox 1463 3414 1553 3491; x_wconf 77' lang='grc' dir='ltr'><strong>ἦν.</strong></span> <span class='ocrx_word' id='word_1_441' title='bbox 1585 3398 1769 3473; x_wconf 77' lang='grc' dir='ltr'><strong>Μετά-</strong></span> 
     </span>
    </p>
   </div>
   <div class='ocr_carea' id='block_1_66' title="bbox 174 3508 1771 3584">
    <p class='ocr_par' dir='ltr' id='par_1_66' title="bbox 174 3508 1771 3584">
     <span class='ocr_line' id='line_1_66' title="bbox 174 3508 1771 3584; baseline -0.005 -14"><span class='ocrx_word' id='word_1_442' title='bbox 174 3514 532 3584; x_wconf 75' lang='grc' dir='ltr'><strong>καλεσαμένη</strong></span> <span class='ocrx_word' id='word_1_443' title='bbox 585 3508 680 3567; x_wconf 73' lang='grc' dir='ltr'><strong>οὖν</strong></span> <span class='ocrx_word' id='word_1_444' title='bbox 727 3512 822 3566; x_wconf 78' lang='grc' dir='ltr'><strong>τὸν</strong></span> <span class='ocrx_word' id='word_1_445' title='bbox 863 3509 1304 3581; x_wconf 80' lang='grc' dir='ltr'><strong>ἀπεσταλμένον,</strong></span> <span class='ocrx_word' id='word_1_446' title='bbox 1352 3510 1478 3576; x_wconf 82' lang='grc' dir='ltr'><strong>Πῶς</strong></span> <span class='ocrx_word' id='word_1_447' title='bbox 1531 3508 1646 3581; x_wconf 69' lang='grc' dir='ltr'><strong>ἔχει</strong></span> <span class='ocrx_word' id='word_1_448' title='bbox 1700 3508 1771 3562; x_wconf 86' lang='grc' dir='ltr'><strong>τά</strong></span> 
     </span>
    </p>
   </div>
   <div class='ocr_carea' id='block_1_67' title="bbox 174 3598 1768 3679">
    <p class='ocr_par' dir='ltr' id='par_1_67' title="bbox 174 3598 1768 3679">
     <span class='ocr_line' id='line_1_67' title="bbox 174 3598 1768 3679; baseline -0.004 -18"><span class='ocrx_word' id='word_1_449' title='bbox 174 3607 347 3662; x_wconf 85' lang='grc' dir='ltr'><strong>τέκνα</strong></span> <span class='ocrx_word' id='word_1_450' title='bbox 380 3607 570 3677; x_wconf 78' lang='grc' dir='ltr'><strong>ἡμῶν;</strong></span> <span class='ocrx_word' id='word_1_451' title='bbox 602 3607 791 3679; x_wconf 71' lang='grc' dir='ltr'><strong>ἠρετο.</strong></span> <span class='ocrx_word' id='word_1_452' title='bbox 828 3604 888 3658; x_wconf 77' lang='grc' dir='ltr'><strong>’Θ</strong></span> <span class='ocrx_word' id='word_1_453' title='bbox 933 3603 1016 3670; x_wconf 72' lang='grc' dir='ltr'><strong>δὲ,</strong></span> <span class='ocrx_word' id='word_1_454' title='bbox 1050 3602 1271 3669; x_wconf 81' lang='grc' dir='ltr'><strong>Καλῶς,</strong></span> <span class='ocrx_word' id='word_1_455' title='bbox 1319 3598 1502 3656; x_wconf 81' lang='grc' dir='ltr'><strong>εἶπεν.</strong></span> <span class='ocrx_word' id='word_1_456' title='bbox 1543 3602 1657 3673; x_wconf 85' lang='grc' dir='ltr'><strong>Τῆς</strong></span> <span class='ocrx_word' id='word_1_457' title='bbox 1709 3601 1768 3654; x_wconf 75' lang='grc' dir='ltr'><strong>δὲ</strong></span> 
     </span>
    </p>
   </div>
   <div class='ocr_carea' id='block_1_68' title="bbox 174 3694 1773 3772">
    <p class='ocr_par' dir='ltr' id='par_1_68' title="bbox 174 3694 1773 3772">
     <span class='ocr_line' id='line_1_68' title="bbox 174 3694 1773 3772; baseline -0.003 -16"><span class='ocrx_word' id='word_1_458' title='bbox 174 3700 248 3756; x_wconf 75' lang='grc' dir='ltr'><strong>τὰ</strong></span> <span class='ocrx_word' id='word_1_459' title='bbox 277 3700 583 3772; x_wconf 81' lang='grc' dir='ltr'><strong>γράμματα</strong></span> <span class='ocrx_word' id='word_1_460' title='bbox 637 3698 1001 3770; x_wconf 78' lang='grc' dir='ltr'><strong>ἀπαιτούσης,</strong></span> <span class='ocrx_word' id='word_1_461' title='bbox 1053 3698 1263 3760; x_wconf 70' lang='grc' dir='ltr'><strong>ἐκεῖνος</strong></span> <span class='ocrx_word' id='word_1_462' title='bbox 1305 3694 1606 3751; x_wconf 75' lang='grc' dir='ltr'><strong>ἀπολέσθαι</strong></span> <span class='ocrx_word' id='word_1_463' title='bbox 1632 3694 1773 3751; x_wconf 82' lang='grc' dir='ltr'><strong>κατά</strong></span> 
     </span>
    </p>
   </div>
   <div class='ocr_carea' id='block_1_69' title="bbox 175 3786 1773 3865">
    <p class='ocr_par' dir='ltr' id='par_1_69' title="bbox 175 3786 1773 3865">
     <span class='ocr_line' id='line_1_69' title="bbox 175 3786 1773 3865; baseline -0.004 -19"><span class='ocrx_word' id='word_1_464' title='bbox 175 3792 281 3865; x_wconf 82' lang='grc' dir='ltr'><strong>τὴν</strong></span> <span class='ocrx_word' id='word_1_465' title='bbox 314 3786 431 3846; x_wconf 71' lang='grc' dir='ltr'><strong>ὁδόν</strong></span> <span class='ocrx_word' id='word_1_466' title='bbox 484 3791 746 3861; x_wconf 69' lang='grc' dir='ltr'><strong>ἔφασκεν.</strong></span> <span class='ocrx_word' id='word_1_467' title='bbox 790 3788 1099 3856; x_wconf 75' lang='grc' dir='ltr'><strong>Ἐπάταξεν</strong></span> <span class='ocrx_word' id='word_1_468' title='bbox 1130 3787 1303 3859; x_wconf 76' lang='grc' dir='ltr'><strong>αὐτὴν</strong></span> <span class='ocrx_word' id='word_1_469' title='bbox 1350 3789 1384 3859; x_wconf 81' lang='grc' dir='ltr'>ἡ</span> <span class='ocrx_word' id='word_1_470' title='bbox 1414 3787 1637 3859; x_wconf 80' lang='grc' dir='ltr'><strong>καρδία,</strong></span> <span class='ocrx_word' id='word_1_471' title='bbox 1675 3787 1773 3841; x_wconf 82' lang='grc' dir='ltr'><strong>καὶ</strong></span> 
     </span>
    </p>
   </div>
   <div class='ocr_carea' id='block_1_70' title="bbox 178 3877 1775 3957">
    <p class='ocr_par' dir='ltr' id='par_1_70' title="bbox 178 3877 1775 3957">
     <span class='ocr_line' id='line_1_70' title="bbox 178 3877 1775 3957; baseline -0.006 -16"><span class='ocrx_word' id='word_1_472' title='bbox 178 3887 421 3957; x_wconf 66' lang='grc' dir='ltr'><strong>ὑποψίας</strong></span> <span class='ocrx_word' id='word_1_473' title='bbox 440 3885 616 3957; x_wconf 79' lang='grc' dir='ltr'><strong>μεστὴ</strong></span> <span class='ocrx_word' id='word_1_474' title='bbox 644 3884 858 3954; x_wconf 78' lang='grc' dir='ltr'><strong>γέγονε,</strong></span> <span class='ocrx_word' id='word_1_475' title='bbox 884 3885 983 3940; x_wconf 78' lang='grc' dir='ltr'><strong>καὶ</strong></span> <span class='ocrx_word' id='word_1_476' title='bbox 1028 3883 1099 3938; x_wconf 79' lang='grc' dir='ltr'><strong>τὰ</strong></span> <span class='ocrx_word' id='word_1_477' title='bbox 1148 3881 1435 3954; x_wconf 81' lang='grc' dir='ltr'><strong>σπλάγχνα</strong></span> <span class='ocrx_word' id='word_1_478' title='bbox 1489 3877 1678 3942; x_wconf 77' lang='grc' dir='ltr'><strong>δεινῶς</strong></span> <span class='ocrx_word' id='word_1_479' title='bbox 1718 3879 1775 3933; x_wconf 75' lang='grc' dir='ltr'><strong>ἐν</strong></span> 
     </span>
    </p>
   </div>
   <div class='ocr_carea' id='block_1_71' title="bbox 183 3973 1773 4053">
    <p class='ocr_par' dir='ltr' id='par_1_71' title="bbox 183 3973 1773 4053">
     <span class='ocr_line' id='line_1_71' title="bbox 183 3973 1773 4053; baseline -0.005 -18"><span class='ocrx_word' id='word_1_480' title='bbox 183 3981 470 4053; x_wconf 78' lang='grc' dir='ltr'><strong>στρέφέτο.</strong></span> <span class='ocrx_word' id='word_1_481' title='bbox 501 3979 755 4050; x_wconf 79' lang='grc' dir='ltr'><strong>,Ὅρκοις</strong></span> <span class='ocrx_word' id='word_1_482' title='bbox 828 3976 1124 4049; x_wconf 80' lang='grc' dir='ltr'><strong>τοιγαροῦν</strong></span> <span class='ocrx_word' id='word_1_483' title='bbox 1164 3975 1255 4031; x_wconf 79' lang='grc' dir='ltr'><strong>τὸν</strong></span> <span class='ocrx_word' id='word_1_484' title='bbox 1332 3975 1500 4031; x_wconf 85' lang='grc' dir='ltr'><strong>παῖδα</strong></span> <span class='ocrx_word' id='word_1_485' title='bbox 1555 3973 1773 4046; x_wconf 81' lang='grc' dir='ltr'><strong>περιῄει</strong></span> 
     </span>
    </p>
   </div>
   <div class='ocr_carea' id='block_1_72' title="bbox 178 4066 1772 4147">
    <p class='ocr_par' dir='ltr' id='par_1_72' title="bbox 178 4066 1772 4147">
     <span class='ocr_line' id='line_1_72' title="bbox 178 4066 1772 4147; baseline -0.004 -20"><span class='ocrx_word' id='word_1_486' title='bbox 178 4077 460 4147; x_wconf 81' lang='grc' dir='ltr'><strong>φρικτοῑς,</strong></span> <span class='ocrx_word' id='word_1_487' title='bbox 504 4067 543 4143; x_wconf 77' lang='grc' dir='ltr'>ἦ</span> <span class='ocrx_word' id='word_1_488' title='bbox 585 4071 695 4143; x_wconf 83' lang='grc' dir='ltr'><strong>μὴν</strong></span> <span class='ocrx_word' id='word_1_489' title='bbox 742 4071 805 4125; x_wconf 85' lang='grc' dir='ltr'><strong>τδ</strong></span> <span class='ocrx_word' id='word_1_490' title='bbox 847 4072 1049 4142; x_wconf 81' lang='grc' dir='ltr'><strong>ἀληθὲς</strong></span> <span class='ocrx_word' id='word_1_491' title='bbox 1097 4070 1358 4135; x_wconf 74' lang='grc' dir='ltr'><strong>ἐξειπεῖν.</strong></span> <span class='ocrx_word' id='word_1_492' title='bbox 1411 4067 1473 4121; x_wconf 88' lang='lat'><strong>&#39;0</strong></span> <span class='ocrx_word' id='word_1_493' title='bbox 1517 4066 1597 4131; x_wconf 79' lang='grc' dir='ltr'><strong>δὲ,</strong></span> <span class='ocrx_word' id='word_1_494' title='bbox 1632 4066 1772 4138; x_wconf 76' lang='grc' dir='ltr'><strong>βαρὺ</strong></span> 
     </span>
    </p>
   </div>
   <div class='ocr_carea' id='block_1_73' title="bbox 178 4159 1770 4235">
    <p class='ocr_par' dir='ltr' id='par_1_73' title="bbox 178 4159 1770 4235">
     <span class='ocr_line' id='line_1_73' title="bbox 178 4159 1770 4235; baseline -0.003 -18"><span class='ocrx_word' id='word_1_495' title='bbox 178 4167 306 4226; x_wconf 76' lang='grc' dir='ltr'><strong>λίαν</strong></span> <span class='ocrx_word' id='word_1_496' title='bbox 327 4165 421 4219; x_wconf 78' lang='grc' dir='ltr'><strong>καὶ</strong></span> <span class='ocrx_word' id='word_1_497' title='bbox 443 4164 715 4228; x_wconf 84' lang='grc' dir='ltr'><strong>πεπονθὸς</strong></span> <span class='ocrx_word' id='word_1_498' title='bbox 737 4163 1025 4230; x_wconf 82' lang='grc' dir='ltr'><strong>στενάξας,</strong></span> <span class='ocrx_word' id='word_1_499' title='bbox 1048 4164 1301 4235; x_wconf 75' lang='grc' dir='ltr'><strong>δακρύων</strong></span> <span class='ocrx_word' id='word_1_500' title='bbox 1331 4179 1393 4216; x_wconf 86' lang='grc' dir='ltr'><strong>τε</strong></span> <span class='ocrx_word' id='word_1_501' title='bbox 1434 4159 1770 4233; x_wconf 79' lang='grc' dir='ltr'><strong>πληρωθεὶς,</strong></span> 
     </span>
    </p>
   </div>
   <div class='ocr_carea' id='block_1_74' title="bbox 185 4240 1770 4333">
    <p class='ocr_par' dir='ltr' id='par_1_74' title="bbox 185 4240 1770 4333">
     <span class='ocr_line' id='line_1_74' title="bbox 185 4240 1770 4333; baseline -0.001 -22"><span class='ocrx_word' id='word_1_502' title='bbox 185 4258 257 4311; x_wconf 83' lang='grc' dir='ltr'><strong>Οί</strong></span> <span class='ocrx_word' id='word_1_503' title='bbox 295 4273 384 4325; x_wconf 78' lang='grc' dir='ltr'><strong>μοι</strong></span> <span class='ocrx_word' id='word_1_504' title='bbox 414 4256 429 4310; x_wconf 83' lang='grc' dir='ltr'><strong>ί</strong></span> <span class='ocrx_word' id='word_1_505' title='bbox 461 4257 591 4327; x_wconf 76' lang='grc' dir='ltr'><strong>ἔφη,</strong></span> <span class='ocrx_word' id='word_1_506' title='bbox 610 4255 779 4329; x_wconf 88' lang='grc' dir='ltr'><strong>κυρία</strong></span> <span class='ocrx_word' id='word_1_507' title='bbox 809 4256 939 4333; x_wconf 74' lang='grc' dir='ltr'><strong>ἐμὴ,</strong></span> <span class='ocrx_word' id='word_1_508' title='bbox 967 4257 1051 4310; x_wconf 82' lang='grc' dir='ltr'><strong>ὅτι</strong></span> <span class='ocrx_word' id='word_1_509' title='bbox 1083 4245 1209 4319; x_wconf 80' lang='grc' dir='ltr'><strong>τοὺς</strong></span> <span class='ocrx_word' id='word_1_510' title='bbox 1236 4255 1433 4318; x_wconf 67' lang='grc' dir='ltr'><strong>παῖδας</strong></span> <span class='ocrx_word' id='word_1_511' title='bbox 1466 4240 1596 4317; x_wconf 72' lang='grc' dir='ltr'><strong>τοὺς</strong></span> <span class='ocrx_word' id='word_1_512' title='bbox 1621 4253 1770 4318; x_wconf 80' lang='grc' dir='ltr'><strong>σοὺς,</strong></span> 
     </span>
    </p>
   </div>
   <div class='ocr_carea' id='block_1_75' title="bbox 179 4344 1772 4419">
    <p class='ocr_par' dir='ltr' id='par_1_75' title="bbox 179 4344 1772 4419">
     <span class='ocr_line' id='line_1_75' title="bbox 179 4344 1772 4419; baseline -0.003 -17"><span class='ocrx_word' id='word_1_513' title='bbox 179 4349 310 4411; x_wconf 75' lang='grc' dir='ltr'><strong>τοὺς</strong></span> <span class='ocrx_word' id='word_1_514' title='bbox 332 4347 500 4419; x_wconf 71' lang='grc' dir='ltr'><strong>ἐμοὺς</strong></span> <span class='ocrx_word' id='word_1_515' title='bbox 533 4349 821 4414; x_wconf 84' lang='grc' dir='ltr'><strong>δεσπότας,</strong></span> <span class='ocrx_word' id='word_1_516' title='bbox 850 4349 978 4412; x_wconf 79' lang='grc' dir='ltr'><strong>τοὺς</strong></span> <span class='ocrx_word' id='word_1_517' title='bbox 1008 4349 1328 4419; x_wconf 75' lang='grc' dir='ltr'><strong>φωστῆρας,</strong></span> <span class='ocrx_word' id='word_1_518' title='bbox 1359 4344 1495 4416; x_wconf 81' lang='grc' dir='ltr'><strong>φεῦί</strong></span> <span class='ocrx_word' id='word_1_519' title='bbox 1522 4347 1649 4408; x_wconf 76' lang='grc' dir='ltr'><strong>τοὺς</strong></span> <span class='ocrx_word' id='word_1_520' title='bbox 1665 4362 1772 4399; x_wconf 83' lang='grc' dir='ltr'><strong>κα-</strong></span> 
     </span>
    </p>
   </div>
   <div class='ocr_carea' id='block_1_76' title="bbox 178 4436 1774 4511">
    <p class='ocr_par' dir='ltr' id='par_1_76' title="bbox 178 4436 1774 4511">
     <span class='ocr_line' id='line_1_76' title="bbox 178 4436 1774 4511; baseline 0.004 -18"><span class='ocrx_word' id='word_1_521' title='bbox 178 4439 332 4505; x_wconf 73' lang='grc' dir='ltr'><strong>λοὺς,</strong></span> <span class='ocrx_word' id='word_1_522' title='bbox 357 4439 478 4511; x_wconf 73' lang='grc' dir='ltr'><strong>ὄψει</strong></span> <span class='ocrx_word' id='word_1_523' title='bbox 508 4442 571 4495; x_wconf 80' lang='grc' dir='ltr'><strong>τὸ</strong></span> <span class='ocrx_word' id='word_1_524' title='bbox 604 4440 794 4495; x_wconf 79' lang='grc' dir='ltr'><strong>λοιπὸν</strong></span> <span class='ocrx_word' id='word_1_525' title='bbox 841 4440 1121 4511; x_wconf 78' lang='grc' dir='ltr'><strong>οὐδαμῶς,</strong></span> <span class='ocrx_word' id='word_1_526' title='bbox 1146 4438 1314 4508; x_wconf 70' lang='grc' dir='ltr'><strong>ἔργον</strong></span> <span class='ocrx_word' id='word_1_527' title='bbox 1343 4438 1444 4510; x_wconf 69' lang='grc' dir='ltr'><strong>ηδη</strong></span> <span class='ocrx_word' id='word_1_528' title='bbox 1494 4436 1774 4507; x_wconf 80' lang='grc' dir='ltr'><strong>θαλάσσης</strong></span> 
     </span>
    </p>
   </div>
   <div class='ocr_carea' id='block_1_77' title="bbox 1872 3232 3453 3311">
    <p class='ocr_par' dir='ltr' id='par_1_77' title="bbox 1872 3232 3453 3311">
     <span class='ocr_line' id='line_1_77' title="bbox 1872 3232 3453 3311; baseline -0.004 -13"><span class='ocrx_word' id='word_1_529' title='bbox 1872 3243 2220 3311; x_wconf 84' lang='lat' dir='ltr'><strong>eundaesse,</strong></span> <span class='ocrx_word' id='word_1_530' title='bbox 2255 3232 2662 3297; x_wconf 80' lang='lat' dir='ltr'><strong>demonstrans.</strong></span> <span class='ocrx_word' id='word_1_531' title='bbox 2697 3239 2836 3295; x_wconf 88' lang='lat' dir='ltr'><strong>llinc</strong></span> <span class='ocrx_word' id='word_1_532' title='bbox 2874 3253 3161 3296; x_wconf 84' lang='lat' dir='ltr'><strong>sermones</strong></span> <span class='ocrx_word' id='word_1_533' title='bbox 3190 3237 3453 3293; x_wconf 63' lang='lat' dir='ltr'><strong>domestic</strong></span> 
     </span>
    </p>
   </div>
   <div class='ocr_carea' id='block_1_78' title="bbox 1869 3332 3450 3398">
    <p class='ocr_par' dir='ltr' id='par_1_78' title="bbox 1869 3332 3450 3398">
     <span class='ocr_line' id='line_1_78' title="bbox 1869 3332 3450 3398; baseline -0.003 -8"><span class='ocrx_word' id='word_1_534' title='bbox 1869 3351 2060 3390; x_wconf 87' lang='lat' dir='ltr'><strong>eorum</strong></span> <span class='ocrx_word' id='word_1_535' title='bbox 2083 3333 2257 3391; x_wconf 76' lang='lat' dir='ltr'><strong>exorti</strong></span> <span class='ocrx_word' id='word_1_536' title='bbox 2280 3342 2434 3398; x_wconf 87' lang='lat' dir='ltr'><strong>sunt,</strong></span> <span class='ocrx_word' id='word_1_537' title='bbox 2461 3334 2605 3388; x_wconf 91' lang='lat' dir='ltr'><strong>inter</strong></span> <span class='ocrx_word' id='word_1_538' title='bbox 2628 3347 2688 3388; x_wconf 87' lang='lat' dir='ltr'><strong>se</strong></span> <span class='ocrx_word' id='word_1_539' title='bbox 2705 3332 2929 3389; x_wconf 89' lang='lat' dir='ltr'><strong>sinistre</strong></span> <span class='ocrx_word' id='word_1_540' title='bbox 2951 3332 3411 3388; x_wconf 85' lang='lat' dir='ltr'><strong>murmurantium</strong></span> <span class='ocrx_word' id='word_1_541' title='bbox 3434 3370 3450 3396; x_wconf 91' lang='lat'><strong>,</strong></span> 
     </span>
    </p>
   </div>
   <div class='ocr_carea' id='block_1_79' title="bbox 1870 3422 3451 3498">
    <p class='ocr_par' dir='ltr' id='par_1_79' title="bbox 1870 3422 3451 3498">
     <span class='ocr_line' id='line_1_79' title="bbox 1870 3422 3451 3498; baseline 0 -21"><span class='ocrx_word' id='word_1_542' title='bbox 1870 3428 1964 3498; x_wconf 84' lang='lat' dir='ltr'><strong>qui</strong></span> <span class='ocrx_word' id='word_1_543' title='bbox 1986 3427 2173 3482; x_wconf 82' lang='lat' dir='ltr'><strong>lteram</strong></span> <span class='ocrx_word' id='word_1_544' title='bbox 2214 3426 2434 3497; x_wconf 87' lang='lat' dir='ltr'><strong>penitus</strong></span> <span class='ocrx_word' id='word_1_545' title='bbox 2459 3426 2632 3480; x_wconf 85' lang='lat' dir='ltr'><strong>latere</strong></span> <span class='ocrx_word' id='word_1_546' title='bbox 2664 3440 2771 3479; x_wconf 83' lang='lat' dir='ltr'><strong>non</strong></span> <span class='ocrx_word' id='word_1_547' title='bbox 2790 3432 3061 3495; x_wconf 88' lang='lat' dir='ltr'><strong>poterant.</strong></span> <span class='ocrx_word' id='word_1_548' title='bbox 3095 3423 3220 3483; x_wconf 56' lang='lat' dir='ltr'><strong>Haec</strong></span> <span class='ocrx_word' id='word_1_549' title='bbox 3264 3422 3451 3494; x_wconf 79' lang='lat' dir='ltr'><strong>igitur,</strong></span> 
     </span>
    </p>
   </div>
   <div class='ocr_carea' id='block_1_80' title="bbox 1871 3514 3454 3588">
    <p class='ocr_par' dir='ltr' id='par_1_80' title="bbox 1871 3514 3454 3588">
     <span class='ocr_line' id='line_1_80' title="bbox 1871 3514 3454 3588; baseline -0.004 -14"><span class='ocrx_word' id='word_1_550' title='bbox 1871 3519 2138 3578; x_wconf 85' lang='lat' dir='ltr'><strong>advocato</strong></span> <span class='ocrx_word' id='word_1_551' title='bbox 2156 3519 2250 3588; x_wconf 92' lang='lat' dir='ltr'><strong>qui</strong></span> <span class='ocrx_word' id='word_1_552' title='bbox 2286 3521 2487 3580; x_wconf 77' lang='lat' dir='ltr'><strong>missus</strong></span> <span class='ocrx_word' id='word_1_553' title='bbox 2524 3518 2721 3583; x_wconf 86' lang='lat' dir='ltr'><strong>fuerat,</strong></span> <span class='ocrx_word' id='word_1_554' title='bbox 2767 3523 2827 3570; x_wconf 87' lang='lat' dir='ltr'><strong>ut</strong></span> <span class='ocrx_word' id='word_1_555' title='bbox 2868 3515 3086 3570; x_wconf 84' lang='lat' dir='ltr'><strong>valeant</strong></span> <span class='ocrx_word' id='word_1_556' title='bbox 3130 3514 3313 3579; x_wconf 89' lang='lat' dir='ltr'><strong>liberi,</strong></span> <span class='ocrx_word' id='word_1_557' title='bbox 3346 3514 3454 3568; x_wconf 81' lang='lat' dir='ltr'><strong>sci-</strong></span> 
     </span>
    </p>
   </div>
   <div class='ocr_carea' id='block_1_81' title="bbox 1870 3606 3449 3679">
    <p class='ocr_par' dir='ltr' id='par_1_81' title="bbox 1870 3606 3449 3679">
     <span class='ocr_line' id='line_1_81' title="bbox 1870 3606 3449 3679; baseline -0.003 -16"><span class='ocrx_word' id='word_1_558' title='bbox 1870 3610 2125 3665; x_wconf 84' lang='lat' dir='ltr'><strong>scitatur.</strong></span> <span class='ocrx_word' id='word_1_559' title='bbox 2186 3608 2507 3679; x_wconf 78' lang='lat' dir='ltr'><strong>Rospondet</strong></span> <span class='ocrx_word' id='word_1_560' title='bbox 2565 3607 2706 3662; x_wconf 87' lang='lat' dir='ltr'><strong>bello</strong></span> <span class='ocrx_word' id='word_1_561' title='bbox 2786 3622 2885 3662; x_wconf 87' lang='lat' dir='ltr'><strong>eos</strong></span> <span class='ocrx_word' id='word_1_562' title='bbox 2935 3606 3184 3661; x_wconf 87' lang='lat' dir='ltr'><strong>habere:</strong></span> <span class='ocrx_word' id='word_1_563' title='bbox 3217 3616 3274 3661; x_wconf 87' lang='lat' dir='ltr'><strong>et</strong></span> <span class='ocrx_word' id='word_1_564' title='bbox 3320 3619 3449 3660; x_wconf 87' lang='lat' dir='ltr'><strong>cum</strong></span> 
     </span>
    </p>
   </div>
   <div class='ocr_carea' id='block_1_82' title="bbox 1873 3698 3447 3774">
    <p class='ocr_par' dir='ltr' id='par_1_82' title="bbox 1873 3698 3447 3774">
     <span class='ocr_line' id='line_1_82' title="bbox 1873 3698 3447 3774; baseline -0.003 -17"><span class='ocrx_word' id='word_1_565' title='bbox 1873 3703 2086 3758; x_wconf 84' lang='lat' dir='ltr'><strong>litteras</strong></span> <span class='ocrx_word' id='word_1_566' title='bbox 2116 3702 2208 3758; x_wconf 84' lang='lat' dir='ltr'><strong>illa</strong></span> <span class='ocrx_word' id='word_1_567' title='bbox 2238 3708 2513 3774; x_wconf 81' lang='lat' dir='ltr'><strong>posceret,</strong></span> <span class='ocrx_word' id='word_1_568' title='bbox 2559 3717 2655 3757; x_wconf 86' lang='lat' dir='ltr'><strong>cas</strong></span> <span class='ocrx_word' id='word_1_569' title='bbox 2701 3701 2757 3755; x_wconf 93' lang='lat' dir='ltr'><strong>in</strong></span> <span class='ocrx_word' id='word_1_570' title='bbox 2807 3701 2893 3755; x_wconf 87' lang='lat' dir='ltr'><strong>via</strong></span> <span class='ocrx_word' id='word_1_571' title='bbox 2946 3699 3182 3770; x_wconf 88' lang='lat' dir='ltr'><strong>periisse</strong></span> <span class='ocrx_word' id='word_1_572' title='bbox 3238 3698 3447 3771; x_wconf 82' lang='lat' dir='ltr'><strong>adjicit.</strong></span> 
     </span>
    </p>
   </div>
   <div class='ocr_carea' id='block_1_83' title="bbox 1874 3791 3456 3865">
    <p class='ocr_par' dir='ltr' id='par_1_83' title="bbox 1874 3791 3456 3865">
     <span class='ocr_line' id='line_1_83' title="bbox 1874 3791 3456 3865; baseline -0.003 -14"><span class='ocrx_word' id='word_1_573' title='bbox 1874 3794 2017 3851; x_wconf 84' lang='lat' dir='ltr'><strong>Tum</strong></span> <span class='ocrx_word' id='word_1_574' title='bbox 2042 3810 2139 3851; x_wconf 90' lang='lat' dir='ltr'><strong>cor</strong></span> <span class='ocrx_word' id='word_1_575' title='bbox 2164 3795 2325 3851; x_wconf 89' lang='lat' dir='ltr'><strong>matri</strong></span> <span class='ocrx_word' id='word_1_576' title='bbox 2358 3795 2649 3865; x_wconf 78' lang='lat' dir='ltr'><strong>palpitare,</strong></span> <span class='ocrx_word' id='word_1_577' title='bbox 2678 3793 2865 3849; x_wconf 86' lang='lat' dir='ltr'><strong>omnia</strong></span> <span class='ocrx_word' id='word_1_578' title='bbox 2888 3791 3262 3863; x_wconf 86' lang='lat' dir='ltr'><strong>suspicionum</strong></span> <span class='ocrx_word' id='word_1_579' title='bbox 3278 3791 3456 3863; x_wconf 80' lang='lat' dir='ltr'><strong>plena</strong></span> 
     </span>
    </p>
   </div>
   <div class='ocr_carea' id='block_1_84' title="bbox 1872 3883 3458 3958">
    <p class='ocr_par' dir='ltr' id='par_1_84' title="bbox 1872 3883 3458 3958">
     <span class='ocr_line' id='line_1_84' title="bbox 1872 3883 3458 3958; baseline -0.003 -15"><span class='ocrx_word' id='word_1_580' title='bbox 1872 3900 2017 3953; x_wconf 78' lang='lat' dir='ltr'><strong>esse,</strong></span> <span class='ocrx_word' id='word_1_581' title='bbox 2054 3901 2118 3943; x_wconf 88' lang='lat' dir='ltr'><strong>ac</strong></span> <span class='ocrx_word' id='word_1_582' title='bbox 2147 3886 2462 3943; x_wconf 81' lang='lat' dir='ltr'><strong>visceribus</strong></span> <span class='ocrx_word' id='word_1_583' title='bbox 2486 3886 2727 3958; x_wconf 77' lang='lat' dir='ltr'><strong>graviter</strong></span> <span class='ocrx_word' id='word_1_584' title='bbox 2755 3883 3113 3941; x_wconf 82' lang='lat' dir='ltr'><strong>commoveri.</strong></span> <span class='ocrx_word' id='word_1_585' title='bbox 3146 3884 3290 3956; x_wconf 75' lang='lat' dir='ltr'><strong>Ergo</strong></span> <span class='ocrx_word' id='word_1_586' title='bbox 3337 3883 3458 3939; x_wconf 82' lang='lat' dir='ltr'><strong>for-</strong></span> 
     </span>
    </p>
   </div>
   <div class='ocr_carea' id='block_1_85' title="bbox 1874 3975 3456 4054">
    <p class='ocr_par' dir='ltr' id='par_1_85' title="bbox 1874 3975 3456 4054">
     <span class='ocr_line' id='line_1_85' title="bbox 1874 3975 3456 4054; baseline -0.001 -20"><span class='ocrx_word' id='word_1_587' title='bbox 1874 3979 2122 4035; x_wconf 84' lang='lat' dir='ltr'><strong>midabili</strong></span> <span class='ocrx_word' id='word_1_588' title='bbox 2152 3978 2515 4054; x_wconf 72' lang='lat' dir='ltr'><strong>jurejurando</strong></span> <span class='ocrx_word' id='word_1_589' title='bbox 2551 3979 2816 4034; x_wconf 76' lang='lat' dir='ltr'><strong>famulum</strong></span> <span class='ocrx_word' id='word_1_590' title='bbox 2841 3976 3035 4048; x_wconf 79' lang='lat' dir='ltr'><strong>adigit,</strong></span> <span class='ocrx_word' id='word_1_591' title='bbox 3059 3985 3122 4032; x_wconf 86' lang='lat' dir='ltr'><strong>ut</strong></span> <span class='ocrx_word' id='word_1_592' title='bbox 3159 3975 3456 4033; x_wconf 85' lang='lat' dir='ltr'><strong>veritatem</strong></span> 
     </span>
    </p>
   </div>
   <div class='ocr_carea' id='block_1_86' title="bbox 1875 4065 3459 4140">
    <p class='ocr_par' dir='ltr' id='par_1_86' title="bbox 1875 4065 3459 4140">
     <span class='ocr_line' id='line_1_86' title="bbox 1875 4065 3459 4140; baseline -0.003 -12"><span class='ocrx_word' id='word_1_593' title='bbox 1875 4088 1945 4128; x_wconf 91' lang='lat' dir='ltr'><strong>ne</strong></span> <span class='ocrx_word' id='word_1_594' title='bbox 1975 4065 2299 4140; x_wconf 73' lang='lat' dir='ltr'><strong>celet.&#39;Quo</strong></span> <span class='ocrx_word' id='word_1_595' title='bbox 2342 4072 2436 4127; x_wconf 80' lang='lat' dir='ltr'><strong>ille</strong></span> <span class='ocrx_word' id='word_1_596' title='bbox 2484 4071 2843 4127; x_wconf 85' lang='lat' dir='ltr'><strong>vehementer</strong></span> <span class='ocrx_word' id='word_1_597' title='bbox 2890 4075 3202 4126; x_wconf 90' lang='lat' dir='ltr'><strong>commotus</strong></span> <span class='ocrx_word' id='word_1_598' title='bbox 3227 4108 3244 4134; x_wconf 94' lang='lat'><strong>,</strong></span> <span class='ocrx_word' id='word_1_599' title='bbox 3266 4068 3459 4125; x_wconf 70' lang='lat' dir='ltr'><strong>ductis</strong></span> 
     </span>
    </p>
   </div>
   <div class='ocr_carea' id='block_1_87' title="bbox 1873 4161 3459 4237">
    <p class='ocr_par' dir='ltr' id='par_1_87' title="bbox 1873 4161 3459 4237">
     <span class='ocr_line' id='line_1_87' title="bbox 1873 4161 3459 4237; baseline -0.002 -16"><span class='ocrx_word' id='word_1_600' title='bbox 1873 4166 1985 4221; x_wconf 86' lang='lat' dir='ltr'><strong>alte</strong></span> <span class='ocrx_word' id='word_1_601' title='bbox 2018 4165 2294 4236; x_wconf 88' lang='lat' dir='ltr'><strong>suspiriis,</strong></span> <span class='ocrx_word' id='word_1_602' title='bbox 2326 4165 2713 4237; x_wconf 46' lang='lat' dir='ltr'><strong>lacrymisque.</strong></span> <span class='ocrx_word' id='word_1_603' title='bbox 2742 4165 2853 4235; x_wconf 87' lang='lat' dir='ltr'><strong>jam</strong></span> <span class='ocrx_word' id='word_1_604' title='bbox 2906 4171 3056 4219; x_wconf 90' lang='lat' dir='ltr'><strong>totus</strong></span> <span class='ocrx_word' id='word_1_605' title='bbox 3086 4162 3339 4228; x_wconf 85' lang='lat' dir='ltr'><strong>madens,</strong></span> <span class='ocrx_word' id='word_1_606' title='bbox 3371 4161 3459 4219; x_wconf 75' lang='lat' dir='ltr'><strong>Me</strong></span> 
     </span>
    </p>
   </div>
   <div class='ocr_carea' id='block_1_88' title="bbox 1875 4255 3460 4330">
    <p class='ocr_par' dir='ltr' id='par_1_88' title="bbox 1875 4255 3460 4330">
     <span class='ocr_line' id='line_1_88' title="bbox 1875 4255 3460 4330; baseline -0.003 -15"><span class='ocrx_word' id='word_1_607' title='bbox 1875 4260 2161 4324; x_wconf 88' lang='lat' dir='ltr'><strong>miserum,</strong></span> <span class='ocrx_word' id='word_1_608' title='bbox 2222 4257 2422 4330; x_wconf 78' lang='lat' dir='ltr'><strong>inquit,</strong></span> <span class='ocrx_word' id='word_1_609' title='bbox 2472 4258 2716 4324; x_wconf 91' lang='lat' dir='ltr'><strong>domina,</strong></span> <span class='ocrx_word' id='word_1_610' title='bbox 2761 4256 2907 4313; x_wconf 80' lang='lat' dir='ltr'><strong>filios</strong></span> <span class='ocrx_word' id='word_1_611' title='bbox 2970 4266 3134 4324; x_wconf 88' lang='lat' dir='ltr'><strong>tuos,</strong></span> <span class='ocrx_word' id='word_1_612' title='bbox 3203 4255 3460 4312; x_wconf 87' lang='lat' dir='ltr'><strong>dominos</strong></span> 
     </span>
    </p>
   </div>
   <div class='ocr_carea' id='block_1_89' title="bbox 1874 4347 3460 4429">
    <p class='ocr_par' dir='ltr' id='par_1_89' title="bbox 1874 4347 3460 4429">
     <span class='ocr_line' id='line_1_89' title="bbox 1874 4347 3460 4429; baseline -0.003 -21"><span class='ocrx_word' id='word_1_613' title='bbox 1874 4368 2062 4429; x_wconf 72' lang='lat' dir='ltr'><strong>meos,</strong></span> <span class='ocrx_word' id='word_1_614' title='bbox 2118 4352 2298 4408; x_wconf 79' lang='lat' dir='ltr'><strong>eheu!</strong></span> <span class='ocrx_word' id='word_1_615' title='bbox 2361 4351 2736 4423; x_wconf 85' lang='lat' dir='ltr'><strong>pulcherrima</strong></span> <span class='ocrx_word' id='word_1_616' title='bbox 2791 4350 2885 4405; x_wconf 90' lang='lat' dir='ltr'><strong>illa</strong></span> <span class='ocrx_word' id='word_1_617' title='bbox 2926 4347 3158 4428; x_wconf 75' lang='lat' dir='ltr'><strong>lumina,</strong></span> <span class='ocrx_word' id='word_1_618' title='bbox 3199 4347 3460 4419; x_wconf 88' lang='lat' dir='ltr'><strong>deinceps</strong></span> 
     </span>
    </p>
   </div>
   <div class='ocr_carea' id='block_1_90' title="bbox 1876 4442 3460 4518">
    <p class='ocr_par' dir='ltr' id='par_1_90' title="bbox 1876 4442 3460 4518">
     <span class='ocr_line' id='line_1_90' title="bbox 1876 4442 3460 4518; baseline -0.003 -17"><span class='ocrx_word' id='word_1_619' title='bbox 1876 4446 2022 4501; x_wconf 88' lang='lat' dir='ltr'><strong>haud</strong></span> <span class='ocrx_word' id='word_1_620' title='bbox 2079 4459 2330 4518; x_wconf 80' lang='lat' dir='ltr'><strong>unquam</strong></span> <span class='ocrx_word' id='word_1_621' title='bbox 2367 4444 2623 4514; x_wconf 86' lang='lat' dir='ltr'><strong>aspicies,</strong></span> <span class='ocrx_word' id='word_1_622' title='bbox 2666 4444 2777 4515; x_wconf 85' lang='lat' dir='ltr'><strong>jam</strong></span> <span class='ocrx_word' id='word_1_623' title='bbox 2827 4444 2970 4498; x_wconf 81' lang='lat' dir='ltr'><strong>mari</strong></span> <span class='ocrx_word' id='word_1_624' title='bbox 3010 4442 3240 4498; x_wconf 87' lang='lat' dir='ltr'><strong>haustos</strong></span> <span class='ocrx_word' id='word_1_625' title='bbox 3292 4449 3460 4511; x_wconf 84' lang='lat' dir='ltr'><strong>atque</strong></span> 
     </span>
    </p>
   </div>
   <div class='ocr_carea' id='block_1_91' title="bbox 183 4519 1769 4605">
    <p class='ocr_par' dir='ltr' id='par_1_91' title="bbox 183 4525 1766 4603">
     <span class='ocr_line' id='line_1_91' title="bbox 183 4525 1766 4603; baseline -0.004 -19"><span class='ocrx_word' id='word_1_626' title='bbox 183 4531 613 4603; x_wconf 84' lang='grc' dir='ltr'><strong>γεγενημένους.</strong></span> <span class='ocrx_word' id='word_1_627' title='bbox 647 4528 823 4585; x_wconf 79' lang='grc' dir='ltr'><strong>Τοῦτο</strong></span> <span class='ocrx_word' id='word_1_628' title='bbox 867 4530 915 4584; x_wconf 87' lang='grc' dir='ltr'><strong>δ’</strong></span> <span class='ocrx_word' id='word_1_629' title='bbox 961 4529 1151 4600; x_wconf 75' lang='grc' dir='ltr'><strong>ἐκείνη</strong></span> <span class='ocrx_word' id='word_1_630' title='bbox 1186 4526 1496 4592; x_wconf 88' lang='grc' dir='ltr'><strong>ἀκούσασα,</strong></span> <span class='ocrx_word' id='word_1_631' title='bbox 1525 4525 1766 4599; x_wconf 80' lang='grc' dir='ltr'><strong>μαλακὸν</strong></span> 
     </span>
    </p>
   </div>
   <div class='ocr_carea' id='block_1_92' title="bbox 1874 4519 3460 4605">
    <p class='ocr_par' dir='ltr' id='par_1_92' title="bbox 1874 4531 3460 4605">
     <span class='ocr_line' id='line_1_92' title="bbox 1874 4531 3460 4605; baseline -0.003 -15"><span class='ocrx_word' id='word_1_632' title='bbox 1874 4538 2214 4605; x_wconf 89' lang='lat' dir='ltr'><strong>absumptos.</strong></span> <span class='ocrx_word' id='word_1_633' title='bbox 2249 4534 2340 4590; x_wconf 89' lang='lat' dir='ltr'><strong>Sic</strong></span> <span class='ocrx_word' id='word_1_634' title='bbox 2361 4534 2473 4589; x_wconf 89' lang='lat' dir='ltr'><strong>ille.</strong></span> <span class='ocrx_word' id='word_1_635' title='bbox 2509 4534 2680 4605; x_wconf 81' lang='lat' dir='ltr'><strong>Cujus</strong></span> <span class='ocrx_word' id='word_1_636' title='bbox 2701 4533 2949 4589; x_wconf 88' lang='lat' dir='ltr'><strong>narratio</strong></span> <span class='ocrx_word' id='word_1_637' title='bbox 2971 4540 3182 4590; x_wconf 87' lang='lat' dir='ltr'><strong>tantum</strong></span> <span class='ocrx_word' id='word_1_638' title='bbox 3207 4531 3361 4587; x_wconf 91' lang='lat' dir='ltr'><strong>abest</strong></span> <span class='ocrx_word' id='word_1_639' title='bbox 3395 4537 3460 4587; x_wconf 85' lang='lat' dir='ltr'><strong>ut</strong></span> 
     </span>
    </p>
   </div>
   <div class='ocr_carea' id='block_1_93' title="bbox 182 4616 1769 4695">
    <p class='ocr_par' dir='ltr' id='par_1_93' title="bbox 182 4616 1769 4689">
     <span class='ocr_line' id='line_1_93' title="bbox 182 4616 1769 4689; baseline -0.001 -17"><span class='ocrx_word' id='word_1_640' title='bbox 182 4616 339 4673; x_wconf 70' lang='grc' dir='ltr'><strong>οῦδὲν</strong></span> <span class='ocrx_word' id='word_1_641' title='bbox 394 4619 665 4674; x_wconf 74' lang='grc' dir='ltr'><strong>πέπονθεν</strong></span> <span class='ocrx_word' id='word_1_642' title='bbox 694 4619 805 4674; x_wconf 83' lang='grc' dir='ltr'><strong>οὐδ’</strong></span> <span class='ocrx_word' id='word_1_643' title='bbox 841 4619 1035 4689; x_wconf 79' lang='grc' dir='ltr'><strong>ἀγενὲς</strong></span> <span class='ocrx_word' id='word_1_644' title='bbox 1077 4618 1203 4673; x_wconf 75' lang='grc' dir='ltr'><strong>οὐδὲ</strong></span> <span class='ocrx_word' id='word_1_645' title='bbox 1257 4620 1596 4687; x_wconf 85' lang='grc' dir='ltr'><strong>γυναικεῖον,</strong></span> <span class='ocrx_word' id='word_1_646' title='bbox 1652 4616 1769 4672; x_wconf 85' lang='grc' dir='ltr'><strong>ἀλλ’</strong></span> 
     </span>
    </p>
   </div>
   <div class='ocr_carea' id='block_1_94' title="bbox 1874 4616 3458 4695">
    <p class='ocr_par' dir='ltr' id='par_1_94' title="bbox 1874 4620 3458 4695">
     <span class='ocr_line' id='line_1_94' title="bbox 1874 4620 3458 4695; baseline 0 -17"><span class='ocrx_word' id='word_1_647' title='bbox 1874 4634 2101 4680; x_wconf 85' lang='lat' dir='ltr'><strong>matrem</strong></span> <span class='ocrx_word' id='word_1_648' title='bbox 2131 4623 2200 4679; x_wconf 88' lang='lat' dir='ltr'><strong>ad</strong></span> <span class='ocrx_word' id='word_1_649' title='bbox 2237 4623 2445 4695; x_wconf 89' lang='lat' dir='ltr'><strong>aliquid</strong></span> <span class='ocrx_word' id='word_1_650' title='bbox 2483 4625 2668 4688; x_wconf 90' lang='lat' dir='ltr'><strong>molle,</strong></span> <span class='ocrx_word' id='word_1_651' title='bbox 2709 4623 3020 4695; x_wconf 79' lang='lat' dir='ltr'><strong>indignum,</strong></span> <span class='ocrx_word' id='word_1_652' title='bbox 3057 4631 3154 4677; x_wconf 89' lang='lat' dir='ltr'><strong>aut</strong></span> <span class='ocrx_word' id='word_1_653' title='bbox 3187 4620 3458 4678; x_wconf 86' lang='lat' dir='ltr'><strong>muliebre</strong></span> 
     </span>
    </p>
   </div>
   <div class='ocr_carea' id='block_1_95' title="bbox 184 4710 1769 4793">
    <p class='ocr_par' dir='ltr' id='par_1_95' title="bbox 184 4710 1769 4793">
     <span class='ocr_line' id='line_1_95' title="bbox 184 4710 1769 4793; baseline -0.001 -30"><span class='ocrx_word' id='word_1_654' title='bbox 184 4711 353 4764; x_wconf 82' lang='grc' dir='ltr'><strong>οίονεὶ</strong></span> <span class='ocrx_word' id='word_1_655' title='bbox 381 4710 554 4793; x_wconf 81' lang='grc' dir='ltr'><strong>δεῖξαι</strong></span> <span class='ocrx_word' id='word_1_656' title='bbox 589 4712 917 4785; x_wconf 79' lang='grc' dir='ltr'><strong>βουλομένη,</strong></span> <span class='ocrx_word' id='word_1_657' title='bbox 952 4713 1035 4767; x_wconf 82' lang='grc' dir='ltr'><strong>ὅτι</strong></span> <span class='ocrx_word' id='word_1_658' title='bbox 1062 4710 1272 4765; x_wconf 87' lang='grc' dir='ltr'><strong>παίδων</strong></span> <span class='ocrx_word' id='word_1_659' title='bbox 1301 4710 1561 4764; x_wconf 87' lang='grc' dir='ltr'><strong>τοιούτων</strong></span> <span class='ocrx_word' id='word_1_660' title='bbox 1586 4710 1769 4781; x_wconf 78' lang='grc' dir='ltr'><strong>μήτηρ</strong></span> 
     </span>
    </p>
   </div>
   <div class='ocr_carea' id='block_1_96' title="bbox 1874 4710 3458 4793">
    <p class='ocr_par' dir='ltr' id='par_1_96' title="bbox 1874 4712 3458 4788">
     <span class='ocr_line' id='line_1_96' title="bbox 1874 4712 3458 4788; baseline -0.001 -18"><span class='ocrx_word' id='word_1_661' title='bbox 1874 4732 1984 4788; x_wconf 72' lang='lat' dir='ltr'><strong>pra:</strong></span> <span class='ocrx_word' id='word_1_662' title='bbox 2008 4731 2067 4772; x_wconf 86' lang='lat' dir='ltr'><strong>se</strong></span> <span class='ocrx_word' id='word_1_663' title='bbox 2085 4715 2375 4772; x_wconf 89' lang='lat' dir='ltr'><strong>ferendqu</strong></span> <span class='ocrx_word' id='word_1_664' title='bbox 2407 4716 2708 4779; x_wconf 84' lang='lat' dir='ltr'><strong>induxerit.</strong></span> <span class='ocrx_word' id='word_1_665' title='bbox 2737 4724 2799 4771; x_wconf 82' lang='lat' dir='ltr'><strong>ut</strong></span> <span class='ocrx_word' id='word_1_666' title='bbox 2825 4714 3013 4786; x_wconf 89' lang='lat' dir='ltr'><strong>potius</strong></span> <span class='ocrx_word' id='word_1_667' title='bbox 3038 4712 3365 4778; x_wconf 90' lang='lat' dir='ltr'><strong>ostenderit,</strong></span> <span class='ocrx_word' id='word_1_668' title='bbox 3396 4728 3458 4769; x_wconf 85' lang='lat' dir='ltr'><strong>se</strong></span> 
     </span>
    </p>
   </div>
   <div class='ocr_carea' id='block_1_97' title="bbox 181 4798 1769 4880">
    <p class='ocr_par' dir='ltr' id='par_1_97' title="bbox 181 4798 1769 4877">
     <span class='ocr_line' id='line_1_97' title="bbox 181 4798 1769 4877; baseline 0.001 -23"><span class='ocrx_word' id='word_1_669' title='bbox 181 4798 252 4874; x_wconf 73' lang='grc' dir='ltr'><strong>ἦν</strong></span> <span class='ocrx_word' id='word_1_670' title='bbox 298 4801 527 4874; x_wconf 79' lang='grc' dir='ltr'><strong>ἀληθὴς,</strong></span> <span class='ocrx_word' id='word_1_671' title='bbox 559 4803 885 4877; x_wconf 85' lang='grc' dir='ltr'><strong>ηύχαρίστει</strong></span> <span class='ocrx_word' id='word_1_672' title='bbox 920 4802 1171 4875; x_wconf 80' lang='grc' dir='ltr'><strong>φανερῶς</strong></span> <span class='ocrx_word' id='word_1_673' title='bbox 1204 4801 1283 4872; x_wconf 86' lang='grc' dir='ltr'><strong>τῷ</strong></span> <span class='ocrx_word' id='word_1_674' title='bbox 1324 4801 1475 4870; x_wconf 80' lang='grc' dir='ltr'><strong>Θεῷ·</strong></span> <span class='ocrx_word' id='word_1_675' title='bbox 1509 4803 1604 4855; x_wconf 80' lang='grc' dir='ltr'><strong>καὶ</strong></span> <span class='ocrx_word' id='word_1_676' title='bbox 1636 4818 1769 4856; x_wconf 85' lang='grc' dir='ltr'><strong>σιω-</strong></span> 
     </span>
    </p>
   </div>
   <div class='ocr_carea' id='block_1_98' title="bbox 1874 4798 3458 4880">
    <p class='ocr_par' dir='ltr' id='par_1_98' title="bbox 1874 4806 3458 4880">
     <span class='ocr_line' id='line_1_98' title="bbox 1874 4806 3458 4880; baseline -0.002 -17"><span class='ocrx_word' id='word_1_677' title='bbox 1874 4823 2184 4880; x_wconf 71' lang='lat' dir='ltr'><strong>germanam</strong></span> <span class='ocrx_word' id='word_1_678' title='bbox 2215 4808 2485 4879; x_wconf 86' lang='lat' dir='ltr'><strong>ejusmodi</strong></span> <span class='ocrx_word' id='word_1_679' title='bbox 2522 4807 2763 4878; x_wconf 74' lang='lat' dir='ltr'><strong>filiorum</strong></span> <span class='ocrx_word' id='word_1_680' title='bbox 2801 4814 3033 4862; x_wconf 88' lang='lat' dir='ltr'><strong>matrem</strong></span> <span class='ocrx_word' id='word_1_681' title='bbox 3084 4820 3232 4871; x_wconf 86' lang='lat' dir='ltr'><strong>esse,</strong></span> <span class='ocrx_word' id='word_1_682' title='bbox 3282 4806 3458 4861; x_wconf 86' lang='lat' dir='ltr'><strong>silen-</strong></span> 
     </span>
    </p>
   </div>
   <div class='ocr_carea' id='block_1_99' title="bbox 186 4894 1769 4981">
    <p class='ocr_par' dir='ltr' id='par_1_99' title="bbox 186 4894 1769 4981">
     <span class='ocr_line' id='line_1_99' title="bbox 186 4894 1769 4981; baseline -0.003 -29"><span class='ocrx_word' id='word_1_683' title='bbox 186 4896 299 4965; x_wconf 54' lang='grc' dir='ltr'><strong>τὴν</strong></span> <span class='ocrx_word' id='word_1_684' title='bbox 331 4897 513 4951; x_wconf 80' lang='grc' dir='ltr'><strong>πᾶσαν</strong></span> <span class='ocrx_word' id='word_1_685' title='bbox 552 4896 630 4965; x_wconf 81' lang='grc' dir='ltr'><strong>τῷ</strong></span> <span class='ocrx_word' id='word_1_686' title='bbox 669 4896 823 4981; x_wconf 80' lang='grc' dir='ltr'><strong>παιδὶ</strong></span> <span class='ocrx_word' id='word_1_687' title='bbox 857 4894 1301 4967; x_wconf 84' lang='grc' dir='ltr'><strong>παραγγείλασα,</strong></span> <span class='ocrx_word' id='word_1_688' title='bbox 1334 4895 1524 4958; x_wconf 79' lang='grc' dir='ltr'><strong>αὐτοῖς</strong></span> <span class='ocrx_word' id='word_1_689' title='bbox 1573 4895 1769 4966; x_wconf 78' lang='grc' dir='ltr'><strong>ἐχρῆτο</strong></span> 
     </span>
    </p>
   </div>
   <div class='ocr_carea' id='block_1_100' title="bbox 1874 4894 3461 4981">
    <p class='ocr_par' dir='ltr' id='par_1_100' title="bbox 1874 4896 3461 4971">
     <span class='ocr_line' id='line_1_100' title="bbox 1874 4896 3461 4971; baseline -0.001 -15"><span class='ocrx_word' id='word_1_690' title='bbox 1874 4904 2118 4970; x_wconf 84' lang='lat' dir='ltr'><strong>tiumque</strong></span> <span class='ocrx_word' id='word_1_691' title='bbox 2148 4900 2355 4956; x_wconf 90' lang='lat' dir='ltr'><strong>famulo</strong></span> <span class='ocrx_word' id='word_1_692' title='bbox 2382 4899 2693 4971; x_wconf 87' lang='lat' dir='ltr'><strong>imperarit,</strong></span> <span class='ocrx_word' id='word_1_693' title='bbox 2718 4900 2829 4955; x_wconf 88' lang='lat' dir='ltr'><strong>Deo</strong></span> <span class='ocrx_word' id='word_1_694' title='bbox 2850 4899 3054 4970; x_wconf 81' lang='lat' dir='ltr'><strong>gratias</strong></span> <span class='ocrx_word' id='word_1_695' title='bbox 3076 4896 3346 4964; x_wconf 80' lang='lat' dir='ltr'><strong>referens,</strong></span> <span class='ocrx_word' id='word_1_696' title='bbox 3372 4897 3461 4954; x_wconf 89' lang='lat' dir='ltr'><strong>his</strong></span> 
     </span>
    </p>
   </div>
   <div class='ocr_carea' id='block_1_101' title="bbox 183 4982 1769 5055">
    <p class='ocr_par' dir='ltr' id='par_1_101' title="bbox 183 4982 1763 5055">
     <span class='ocr_line' id='line_1_101' title="bbox 183 4982 1763 5055; baseline -0.001 -17"><span class='ocrx_word' id='word_1_697' title='bbox 183 4985 302 5047; x_wconf 82' lang='grc' dir='ltr'><strong>τοῖς</strong></span> <span class='ocrx_word' id='word_1_698' title='bbox 327 4982 424 5037; x_wconf 82' lang='grc' dir='ltr'><strong>τοῦ</strong></span> <span class='ocrx_word' id='word_1_699' title='bbox 491 4982 610 5039; x_wconf 80' lang='grc' dir='ltr'><strong>Ἰὼϐ</strong></span> <span class='ocrx_word' id='word_1_700' title='bbox 669 4982 901 5055; x_wconf 75' lang='grc' dir='ltr'><strong>ῥήμασι,</strong></span> <span class='ocrx_word' id='word_1_701' title='bbox 953 4983 1095 5053; x_wconf 80' lang='grc' dir='ltr'><strong>μετά</strong></span> <span class='ocrx_word' id='word_1_702' title='bbox 1125 4985 1226 5053; x_wconf 81' lang='grc' dir='ltr'><strong>τῆς</strong></span> <span class='ocrx_word' id='word_1_703' title='bbox 1259 4983 1433 5054; x_wconf 75' lang='grc' dir='ltr'><strong>αὐτῆς</strong></span> <span class='ocrx_word' id='word_1_704' title='bbox 1489 4983 1763 5049; x_wconf 72' lang='grc' dir='ltr'><strong>διανοίαςο</strong></span> 
     </span>
    </p>
   </div>
   <div class='ocr_carea' id='block_1_102' title="bbox 1874 4982 3459 5055">
    <p class='ocr_par' dir='ltr' id='par_1_102' title="bbox 1874 4991 3459 5051">
     <span class='ocr_line' id='line_1_102' title="bbox 1874 4991 3459 5051; baseline -0.002 0"><span class='ocrx_word' id='word_1_705' title='bbox 1874 4994 1992 5051; x_wconf 79' lang='lat' dir='ltr'><strong>lobi</strong></span> <span class='ocrx_word' id='word_1_706' title='bbox 2024 4994 2213 5050; x_wconf 86' lang='lat' dir='ltr'><strong>verbis</strong></span> <span class='ocrx_word' id='word_1_707' title='bbox 2273 4995 2330 5049; x_wconf 92' lang='lat' dir='ltr'><strong>in</strong></span> <span class='ocrx_word' id='word_1_708' title='bbox 2373 4993 2621 5049; x_wconf 85' lang='lat' dir='ltr'><strong>eamdem</strong></span> <span class='ocrx_word' id='word_1_709' title='bbox 2652 4993 2979 5049; x_wconf 86' lang='lat' dir='ltr'><strong>sententiam</strong></span> <span class='ocrx_word' id='word_1_710' title='bbox 3010 5007 3111 5048; x_wconf 88' lang='lat' dir='ltr'><strong>usa</strong></span> <span class='ocrx_word' id='word_1_711' title='bbox 3147 5009 3160 5046; x_wconf 87' lang='lat'><strong>:</strong></span> <span class='ocrx_word' id='word_1_712' title='bbox 3191 4991 3459 5048; x_wconf 89' lang='lat' dir='ltr'><strong>Dominus</strong></span> 
     </span>
    </p>
   </div>
   <div class='ocr_carea' id='block_1_103' title="bbox 131 5070 1769 5153">
    <p class='ocr_par' dir='ltr' id='par_1_103' title="bbox 131 5075 1769 5150">
     <span class='ocr_line' id='line_1_103' title="bbox 131 5075 1769 5150; baseline 0.001 -21"><span class='ocrx_word' id='word_1_713' title='bbox 131 5090 135 5094; x_wconf 73' lang='lat'><strong><em>&#39;</em></strong></span> <span class='ocrx_word' id='word_1_714' title='bbox 190 5093 211 5129; x_wconf 73' lang='grc' dir='ltr'><strong>ι</strong></span> <span class='ocrx_word' id='word_1_715' title='bbox 252 5076 316 5129; x_wconf 86' lang='grc' dir='ltr'>Ὀ</span> <span class='ocrx_word' id='word_1_716' title='bbox 369 5075 576 5146; x_wconf 84' lang='grc' dir='ltr'><strong>Κύριος</strong></span> <span class='ocrx_word' id='word_1_717' title='bbox 625 5075 848 5141; x_wconf 73' lang='grc' dir='ltr'><strong>ἔδωκεν,</strong></span> <span class='ocrx_word' id='word_1_718' title='bbox 887 5076 918 5129; x_wconf 86' lang='grc' dir='ltr'><strong>ὁ</strong></span> <span class='ocrx_word' id='word_1_719' title='bbox 979 5075 1182 5146; x_wconf 74' lang='grc' dir='ltr'><strong>Κύριος</strong></span> <span class='ocrx_word' id='word_1_720' title='bbox 1227 5076 1518 5147; x_wconf 78' lang='grc' dir='ltr'><strong>ἀφείλετο·</strong></span> <span class='ocrx_word' id='word_1_721' title='bbox 1559 5075 1634 5142; x_wconf 83' lang='grc' dir='ltr'><strong>ὡς</strong></span> <span class='ocrx_word' id='word_1_722' title='bbox 1691 5076 1769 5150; x_wconf 79' lang='grc' dir='ltr'><strong>τῷ</strong></span> 
     </span>
    </p>
   </div>
   <div class='ocr_carea' id='block_1_104' title="bbox 1874 5070 3485 5153">
    <p class='ocr_par' dir='ltr' id='par_1_104' title="bbox 1874 5070 3485 5153">
     <span class='ocr_line' id='line_1_104' title="bbox 1874 5070 3485 5153; baseline -0.001 -16"><span class='ocrx_word' id='word_1_723' title='bbox 1874 5081 2047 5147; x_wconf 85' lang='lat' dir='ltr'><strong>dedit,</strong></span> <span class='ocrx_word' id='word_1_724' title='bbox 2077 5081 2346 5137; x_wconf 90' lang='lat' dir='ltr'><strong>Dominus</strong></span> <span class='ocrx_word' id='word_1_725' title='bbox 2362 5070 2631 5137; x_wconf 83' lang='lat' dir='ltr'><strong>abstulit:</strong></span> <span class='ocrx_word' id='word_1_726' title='bbox 2667 5082 2813 5139; x_wconf 89' lang='lat' dir='ltr'><strong>sicut</strong></span> <span class='ocrx_word' id='word_1_727' title='bbox 2843 5082 3077 5138; x_wconf 88' lang='lat' dir='ltr'><strong>Domino</strong></span> <span class='ocrx_word' id='word_1_728' title='bbox 3122 5081 3353 5153; x_wconf 89' lang='lat' dir='ltr'><strong>placuit,</strong></span> <span class='ocrx_word' id='word_1_729' title='bbox 3382 5081 3485 5137; x_wconf 82' lang='lat' dir='ltr'><strong>ita</strong></span> 
     </span>
    </p>
   </div>
   <div class='ocr_carea' id='block_1_105' title="bbox 191 5166 1414 5241">
    <p class='ocr_par' dir='ltr' id='par_1_105' title="bbox 191 5166 1414 5241">
     <span class='ocr_line' id='line_1_105' title="bbox 191 5166 1414 5241; baseline -0.001 -17"><span class='ocrx_word' id='word_1_730' title='bbox 191 5167 381 5239; x_wconf 71' lang='grc' dir='ltr'><strong>κυρίῳ</strong></span> <span class='ocrx_word' id='word_1_731' title='bbox 407 5167 608 5235; x_wconf 72' lang='grc' dir='ltr'><strong>ἔδοξεν,</strong></span> <span class='ocrx_word' id='word_1_732' title='bbox 644 5166 787 5222; x_wconf 67' lang='grc' dir='ltr'><strong>οὕτω</strong></span> <span class='ocrx_word' id='word_1_733' title='bbox 816 5167 884 5241; x_wconf 81' lang='grc' dir='ltr'><strong>δὴ</strong></span> <span class='ocrx_word' id='word_1_734' title='bbox 913 5168 1009 5223; x_wconf 79' lang='grc' dir='ltr'><strong>καὶ</strong></span> <span class='ocrx_word' id='word_1_735' title='bbox 1041 5168 1286 5237; x_wconf 75' lang='grc' dir='ltr'><strong>ἐγένετο.</strong></span> <span class='ocrx_word' id='word_1_736' title='bbox 1327 5187 1347 5223; x_wconf 75' lang='grc' dir='ltr'><strong>ι</strong></span> <span class='ocrx_word' id='word_1_737' title='bbox 1404 5166 1414 5176; x_wconf 86' lang='grc'><em>’</em></span> 
     </span>
    </p>
   </div>
   <div class='ocr_carea' id='block_1_106' title="bbox 258 5258 1774 5335">
    <p class='ocr_par' dir='ltr' id='par_1_106' title="bbox 258 5258 1774 5335">
     <span class='ocr_line' id='line_1_106' title="bbox 258 5258 1774 5335; baseline 0.002 -19"><span class='ocrx_word' id='word_1_738' title='bbox 258 5258 361 5317; x_wconf 86' lang='lat' dir='ltr'><strong>lZ&#39;.</strong></span> <span class='ocrx_word' id='word_1_739' title='bbox 389 5260 656 5333; x_wconf 83' lang='grc' dir='ltr'><strong>Ἐσπέρας</strong></span> <span class='ocrx_word' id='word_1_740' title='bbox 677 5260 735 5315; x_wconf 85' lang='grc' dir='ltr'><strong>δὲ</strong></span> <span class='ocrx_word' id='word_1_741' title='bbox 750 5259 850 5334; x_wconf 71' lang='grc' dir='ltr'><strong>ἢδη</strong></span> <span class='ocrx_word' id='word_1_742' title='bbox 870 5261 1190 5333; x_wconf 78' lang='grc' dir='ltr'><strong>γενομένης,</strong></span> <span class='ocrx_word' id='word_1_743' title='bbox 1208 5262 1304 5316; x_wconf 83' lang='grc' dir='ltr'><strong>τοῦ</strong></span> <span class='ocrx_word' id='word_1_744' title='bbox 1325 5262 1472 5317; x_wconf 86' lang='grc' dir='ltr'><strong>θείου</strong></span> <span class='ocrx_word' id='word_1_745' title='bbox 1497 5263 1774 5335; x_wconf 80' lang='grc' dir='ltr'><strong>Ξενοφῶν-</strong></span> 
     </span>
    </p>
   </div>
   <div class='ocr_carea' id='block_1_107' title="bbox 194 5353 1773 5427">
    <p class='ocr_par' dir='ltr' id='par_1_107' title="bbox 194 5353 1773 5427">
     <span class='ocr_line' id='line_1_107' title="bbox 194 5353 1773 5427; baseline 0.002 -20"><span class='ocrx_word' id='word_1_746' title='bbox 194 5369 281 5416; x_wconf 81' lang='grc' dir='ltr'><strong>τος</strong></span> <span class='ocrx_word' id='word_1_747' title='bbox 311 5354 454 5423; x_wconf 86' lang='grc' dir='ltr'><strong>μετά</strong></span> <span class='ocrx_word' id='word_1_748' title='bbox 483 5353 582 5423; x_wconf 82' lang='grc' dir='ltr'><strong>τῆς</strong></span> <span class='ocrx_word' id='word_1_749' title='bbox 617 5354 883 5423; x_wconf 83' lang='grc' dir='ltr'><strong>συνήθους</strong></span> <span class='ocrx_word' id='word_1_750' title='bbox 911 5354 1299 5427; x_wconf 86' lang='grc' dir='ltr'><strong>λαμπρότητος</strong></span> <span class='ocrx_word' id='word_1_751' title='bbox 1323 5356 1421 5410; x_wconf 84' lang='grc' dir='ltr'><strong>καὶ</strong></span> <span class='ocrx_word' id='word_1_752' title='bbox 1447 5356 1773 5427; x_wconf 69' lang='grc' dir='ltr'><strong>δορυφορίας</strong></span> 
     </span>
    </p>
   </div>
   <div class='ocr_carea' id='block_1_108' title="bbox 186 5444 1769 5526">
    <p class='ocr_par' dir='ltr' id='par_1_108' title="bbox 186 5444 1769 5526">
     <span class='ocr_line' id='line_1_108' title="bbox 186 5444 1769 5526; baseline 0.001 -27"><span class='ocrx_word' id='word_1_753' title='bbox 186 5445 301 5499; x_wconf 78' lang='grc' dir='ltr'><strong>ἀπὸ</strong></span> <span class='ocrx_word' id='word_1_754' title='bbox 329 5445 438 5499; x_wconf 80' lang='grc' dir='ltr'><strong>τῶν</strong></span> <span class='ocrx_word' id='word_1_755' title='bbox 468 5444 756 5516; x_wconf 86' lang='grc' dir='ltr'><strong>βασιλείων</strong></span> <span class='ocrx_word' id='word_1_756' title='bbox 805 5447 1221 5526; x_wconf 59' lang='grc' dir='ltr'><strong>ἐπανελθόντος,</strong></span> <span class='ocrx_word' id='word_1_757' title='bbox 1262 5449 1544 5520; x_wconf 73' lang='grc' dir='ltr'><strong>τραπέζης</strong></span> <span class='ocrx_word' id='word_1_758' title='bbox 1571 5465 1630 5501; x_wconf 88' lang='grc' dir='ltr'><strong>τε</strong></span> <span class='ocrx_word' id='word_1_759' title='bbox 1667 5448 1769 5520; x_wconf 63' lang='grc' dir='ltr'><strong>ἥδη</strong></span> 
     </span>
    </p>
   </div>
   <div class='ocr_carea' id='block_1_109' title="bbox 187 5531 1774 5609">
    <p class='ocr_par' dir='ltr' id='par_1_109' title="bbox 187 5531 1774 5609">
     <span class='ocr_line' id='line_1_109' title="bbox 187 5531 1774 5609; baseline 0.004 -26"><span class='ocrx_word' id='word_1_760' title='bbox 187 5531 599 5603; x_wconf 79' lang='grc' dir='ltr'><strong>παρατεθείσης</strong></span> <span class='ocrx_word' id='word_1_761' title='bbox 657 5533 883 5604; x_wconf 80' lang='grc' dir='ltr'><strong>(είώθει</strong></span> <span class='ocrx_word' id='word_1_762' title='bbox 937 5536 1048 5606; x_wconf 88' lang='grc' dir='ltr'><strong>γάρ</strong></span> <span class='ocrx_word' id='word_1_763' title='bbox 1092 5535 1241 5600; x_wconf 76' lang='grc' dir='ltr'><strong>ἅπαξ</strong></span> <span class='ocrx_word' id='word_1_764' title='bbox 1290 5539 1392 5607; x_wconf 81' lang='grc' dir='ltr'><strong>τῆς</strong></span> <span class='ocrx_word' id='word_1_765' title='bbox 1451 5537 1664 5609; x_wconf 76' lang='grc' dir='ltr'><strong>ἡμέρας</strong></span> <span class='ocrx_word' id='word_1_766' title='bbox 1716 5538 1774 5590; x_wconf 84' lang='grc' dir='ltr'><strong>ἐν</strong></span> 
     </span>
    </p>
   </div>
   <div class='ocr_carea' id='block_1_110' title="bbox 188 5619 1773 5702">
    <p class='ocr_par' dir='ltr' id='par_1_110' title="bbox 188 5619 1773 5702">
     <span class='ocr_line' id='line_1_110' title="bbox 188 5619 1773 5702; baseline 0.007 -28"><span class='ocrx_word' id='word_1_767' title='bbox 188 5621 405 5692; x_wconf 74' lang='grc' dir='ltr'><strong>ἑσπέρᾳ</strong></span> <span class='ocrx_word' id='word_1_768' title='bbox 431 5623 641 5695; x_wconf 82' lang='grc' dir='ltr'><strong>τροφῆς</strong></span> <span class='ocrx_word' id='word_1_769' title='bbox 693 5619 1033 5700; x_wconf 73' lang='grc' dir='ltr'><strong>ἅπτεσθαι),</strong></span> <span class='ocrx_word' id='word_1_770' title='bbox 1076 5626 1230 5683; x_wconf 81' lang='grc' dir='ltr'><strong>ὥδινε</strong></span> <span class='ocrx_word' id='word_1_771' title='bbox 1283 5629 1383 5698; x_wconf 75' lang='grc' dir='ltr'><strong>μὲν</strong></span> <span class='ocrx_word' id='word_1_772' title='bbox 1435 5631 1468 5701; x_wconf 83' lang='grc' dir='ltr'><strong>ή</strong></span> <span class='ocrx_word' id='word_1_773' title='bbox 1514 5630 1653 5701; x_wconf 77' lang='grc' dir='ltr'><strong>γυνὴ</strong></span> <span class='ocrx_word' id='word_1_774' title='bbox 1693 5630 1773 5702; x_wconf 71' lang='grc' dir='ltr'><strong>τὰ</strong></span> 
     </span>
    </p>
   </div>
   <div class='ocr_carea' id='block_1_111' title="bbox 264 5794 630 5874">
    <p class='ocr_par' dir='ltr' id='par_1_111' title="bbox 264 5794 630 5874">
     <span class='ocr_line' id='line_1_111' title="bbox 264 5794 630 5874; baseline 0.008 -15"><span class='ocrx_word' id='word_1_775' title='bbox 264 5801 289 5833; x_wconf 69' lang='grc'>⁸</span> <span class='ocrx_word' id='word_1_776' title='bbox 309 5794 413 5859; x_wconf 63' lang='lat' dir='ltr'><strong>Jul)</strong></span> <span class='ocrx_word' id='word_1_777' title='bbox 469 5821 506 5874; x_wconf 84' lang='grc' dir='ltr'><strong>ι,</strong></span> <span class='ocrx_word' id='word_1_778' title='bbox 537 5803 630 5862; x_wconf 71' lang='grc'><strong>21.</strong></span> 
     </span>
    </p>
   </div>
   <div class='ocr_carea' id='block_1_112' title="bbox 1876 5173 2267 5230">
    <p class='ocr_par' dir='ltr' id='par_1_112' title="bbox 1876 5173 2267 5230">
     <span class='ocr_line' id='line_1_112' title="bbox 1876 5173 2267 5230; baseline -0.003 0"><span class='ocrx_word' id='word_1_779' title='bbox 1876 5174 2086 5230; x_wconf 83' lang='lat' dir='ltr'><strong>factum</strong></span> <span class='ocrx_word' id='word_1_780' title='bbox 2110 5180 2200 5229; x_wconf 88' lang='lat' dir='ltr'><strong>est</strong></span> <span class='ocrx_word' id='word_1_781' title='bbox 2225 5173 2267 5229; x_wconf 77' lang='grc'><strong>⁸.</strong></span> 
     </span>
    </p>
   </div>
   <div class='ocr_carea' id='block_1_113' title="bbox 1946 5263 3465 5336">
    <p class='ocr_par' dir='ltr' id='par_1_113' title="bbox 1946 5263 3465 5336">
     <span class='ocr_line' id='line_1_113' title="bbox 1946 5263 3465 5336; baseline 0.001 -16"><span class='ocrx_word' id='word_1_782' title='bbox 1946 5265 2111 5322; x_wconf 76' lang='lat' dir='ltr'><strong>XVII.</strong></span> <span class='ocrx_word' id='word_1_783' title='bbox 2140 5264 2368 5320; x_wconf 86' lang='lat' dir='ltr'><strong>Interim</strong></span> <span class='ocrx_word' id='word_1_784' title='bbox 2397 5278 2603 5335; x_wconf 86' lang='lat' dir='ltr'><strong>vesper</strong></span> <span class='ocrx_word' id='word_1_785' title='bbox 2634 5263 2956 5330; x_wconf 82' lang='lat' dir='ltr'><strong>advenerat,</strong></span> <span class='ocrx_word' id='word_1_786' title='bbox 2993 5264 3217 5336; x_wconf 88' lang='lat' dir='ltr'><strong>quando</strong></span> <span class='ocrx_word' id='word_1_787' title='bbox 3239 5263 3465 5322; x_wconf 87' lang='lat' dir='ltr'><strong>divinus</strong></span> 
     </span>
    </p>
   </div>
   <div class='ocr_carea' id='block_1_114' title="bbox 1878 5353 3464 5424">
    <p class='ocr_par' dir='ltr' id='par_1_114' title="bbox 1878 5353 3464 5424">
     <span class='ocr_line' id='line_1_114' title="bbox 1878 5353 3464 5424; baseline -0.002 -13"><span class='ocrx_word' id='word_1_788' title='bbox 1878 5353 2191 5424; x_wconf 81' lang='lat' dir='ltr'><strong>Xenophon</strong></span> <span class='ocrx_word' id='word_1_789' title='bbox 2219 5361 2489 5408; x_wconf 88' lang='lat' dir='ltr'><strong>consueto</strong></span> <span class='ocrx_word' id='word_1_790' title='bbox 2521 5353 2817 5424; x_wconf 88' lang='lat' dir='ltr'><strong>splendore</strong></span> <span class='ocrx_word' id='word_1_791' title='bbox 2845 5368 2910 5409; x_wconf 88' lang='lat' dir='ltr'><strong>ac</strong></span> <span class='ocrx_word' id='word_1_792' title='bbox 2938 5354 3201 5409; x_wconf 85' lang='lat' dir='ltr'><strong>satellitio</strong></span> <span class='ocrx_word' id='word_1_793' title='bbox 3225 5355 3464 5424; x_wconf 79' lang='lat' dir='ltr'><strong>stipatus</strong></span> 
     </span>
    </p>
   </div>
   <div class='ocr_carea' id='block_1_115' title="bbox 1879 5443 3461 5517">
    <p class='ocr_par' dir='ltr' id='par_1_115' title="bbox 1879 5443 3461 5517">
     <span class='ocr_line' id='line_1_115' title="bbox 1879 5443 3461 5517; baseline -0.003 -15"><span class='ocrx_word' id='word_1_794' title='bbox 1879 5462 1910 5502; x_wconf 90' lang='lat' dir='ltr'><strong>e</strong></span> <span class='ocrx_word' id='word_1_795' title='bbox 1943 5446 2090 5517; x_wconf 74' lang='lat' dir='ltr'><strong>regia</strong></span> <span class='ocrx_word' id='word_1_796' title='bbox 2132 5445 2360 5500; x_wconf 87' lang='lat' dir='ltr'><strong>domum</strong></span> <span class='ocrx_word' id='word_1_797' title='bbox 2411 5446 2664 5499; x_wconf 82' lang='lat' dir='ltr'><strong>revertit.</strong></span> <span class='ocrx_word' id='word_1_798' title='bbox 2699 5443 2804 5500; x_wconf 88' lang='lat' dir='ltr'><strong>Ubi</strong></span> <span class='ocrx_word' id='word_1_799' title='bbox 2855 5459 3048 5501; x_wconf 90' lang='lat' dir='ltr'><strong>mensa</strong></span> <span class='ocrx_word' id='word_1_800' title='bbox 3097 5446 3209 5516; x_wconf 87' lang='lat' dir='ltr'><strong>jam</strong></span> <span class='ocrx_word' id='word_1_801' title='bbox 3263 5451 3461 5507; x_wconf 85' lang='lat' dir='ltr'><strong>strata,</strong></span> 
     </span>
    </p>
   </div>
   <div class='ocr_carea' id='block_1_116' title="bbox 1880 5537 3463 5610">
    <p class='ocr_par' dir='ltr' id='par_1_116' title="bbox 1880 5537 3463 5610">
     <span class='ocr_line' id='line_1_116' title="bbox 1880 5537 3463 5610; baseline -0.001 -19"><span class='ocrx_word' id='word_1_802' title='bbox 1880 5537 2032 5610; x_wconf 84' lang='lat' dir='ltr'><strong>(nam</strong></span> <span class='ocrx_word' id='word_1_803' title='bbox 2058 5538 2230 5593; x_wconf 90' lang='lat' dir='ltr'><strong>semel</strong></span> <span class='ocrx_word' id='word_1_804' title='bbox 2259 5537 2531 5593; x_wconf 80' lang='lat' dir='ltr'><strong>duntaxat</strong></span> <span class='ocrx_word' id='word_1_805' title='bbox 2553 5552 2650 5607; x_wconf 89' lang='lat' dir='ltr'><strong>per</strong></span> <span class='ocrx_word' id='word_1_806' title='bbox 2666 5537 2813 5593; x_wconf 89' lang='lat' dir='ltr'><strong>diem</strong></span> <span class='ocrx_word' id='word_1_807' title='bbox 2842 5537 2946 5593; x_wconf 89' lang='lat' dir='ltr'><strong>sub</strong></span> <span class='ocrx_word' id='word_1_808' title='bbox 2962 5551 3249 5608; x_wconf 89' lang='lat' dir='ltr'><strong>vesperam</strong></span> <span class='ocrx_word' id='word_1_809' title='bbox 3273 5549 3463 5590; x_wconf 87' lang='lat' dir='ltr'><strong>sume-</strong></span> 
     </span>
    </p>
   </div>
   <div class='ocr_carea' id='block_1_117' title="bbox 1881 5626 3459 5700">
    <p class='ocr_par' dir='ltr' id='par_1_117' title="bbox 1881 5626 3459 5700">
     <span class='ocr_line' id='line_1_117' title="bbox 1881 5626 3459 5700; baseline -0.001 -14"><span class='ocrx_word' id='word_1_810' title='bbox 1881 5631 1977 5687; x_wconf 87' lang='lat' dir='ltr'><strong>hat</strong></span> <span class='ocrx_word' id='word_1_811' title='bbox 2007 5628 2215 5700; x_wconf 81' lang='lat' dir='ltr'><strong>cibum)</strong></span> <span class='ocrx_word' id='word_1_812' title='bbox 2261 5629 2461 5686; x_wconf 78' lang='lat' dir='ltr'><strong>amicta</strong></span> <span class='ocrx_word' id='word_1_813' title='bbox 2496 5629 2690 5686; x_wconf 89' lang='lat' dir='ltr'><strong>nuntio</strong></span> <span class='ocrx_word' id='word_1_814' title='bbox 2742 5630 2962 5699; x_wconf 90' lang='lat' dir='ltr'><strong>mulier,</strong></span> <span class='ocrx_word' id='word_1_815' title='bbox 2990 5626 3459 5687; x_wconf 69' lang='lat' dir='ltr'><strong>communicanda</strong></span> 
     </span>
    </p>
   </div>
  </div>
