3828 6492
199 372 340 436 1033

1438 372 1613 436 νιΤΑ
1653 374 1712 436 S.
1755 371 2313 436 XENOPI—IUNTIS.

3322 379 3460 446 1034

193 503 288 539 νον
320 486 481 554 ἔχων,
530 484 623 538 καὶ
671 483 950 553 σκήπτρου
985 482 1259 552 ἐχόμενοςο
1291 485 1319 536 ό
1351 483 1407 536 δὲ
1458 481 1762 553 Ἀρκάδιος,

1890 479 2177 536 liademate
2208 483 2459 551 plurimis
2484 499 2548 539 ac
2583 484 2988 555 splendissimis
3014 488 3186 544 stellis
3217 489 3456 558 fulgente

193 577 464 642 στέφανον
487 575 580 628 καὶ
599 574 759 637 αὐτὸς
781 574 1170 644 ἀναδεδεμένος
1187 575 1252 627 ἐκ
1276 576 1536 628 ποικίλων
1561 576 1774 644 ἄστρων

190 667 290 721 καὶ
337 665 762 738 λαμπροτάτων,
814 667 1050 736 σταυρόν
1091 684 1150 720 τε
1191 669 1258 736 τῇ
1302 667 1455 737 δεξιᾷ
1503 664 1772 736 κατέχων,

189 762 287 814 καὶ
327 759 510 827 κλίνην
544 759 682 830 ἔχων
713 761 792 822 είς
821 759 1127 812 ἀνάπαυσιν
1157 761 1250 812 καὶ
1281 759 1594 829 στρωμνήν.

263 851 346 906 κ’.
369 853 460 906 Ἐκ
488 853 677 905 τούτου
706 852 976 915 συνιέντες
1002 853 1128 916 τοὺς
1156 853 1353 915 παῖδας
1383 851 1564 905 αὐτῶν
1607 849 1776 921 τιμῆς

192 944 438 1013 μεγάλης
469 944 732 1014 ἠξιῶσθαι
762 944 912 1014 παρὰ
938 943 1078 1013 Θεῷ,
1111 945 1206 996 καὶ
1235 943 1394 996 τοῦτο
1418 943 1472 996 δὲ
1500 941 1775 1013 διδαχθέν-

189 1053 284 1098 τες
321 1036 470 1104 παρὰ
517 1037 619 1105 τῆς
655 1038 900 1107 χάριτος,
939 1039 996 1088 ἐν
1039 1037 1436 1108 Ἱεροσολύμοις
1471 1036 1666 1099 αὐτοὺς
1692 1030 1773 1088 εἷα·

191 1144 306 1192 ναι,
338 1127 506 1180 τᾶλλα
545 1126 720 1181 πάντα
757 1127 932 1197 μικρᾶ
983 1125 1226 1196 θέμενοι,
1271 1127 1366 1180 καὶ
1415 1126 1639 1196 χρυσίον
1679 1125 1776 1178 λα-

189 1215 378 1277 ϐόντες
415 1219 603 1284 συχνὸν
644 1215 894 1283 εὐλογίας
923 1215 1081 1286 χάριν
1114 1217 1209 1268 καὶ
1240 1216 1640 1284 παρακλήσεως
1665 1214 1776 1268 τῶν

188 1307 382 1376 χρείαν
412 1307 666 1376 ἐχόντων,
699 1305 817 1359 ὁδοῦ
837 1308 935 1376 τῆς
963 1307 1050 1358 ἐπ’
1081 1307 1220 1360 αὐτὰ
1245 1305 1518 1378 φερούσης
1541 1307 1750 1376 εἴχοντο

207 1394 358 1447 Ἑπεὶ
401 1396 455 1448 δὲ
505 1397 598 1449 καὶ
645 1397 969 1464 κατέλαϐον,
1008 1398 1134 1460 τοὺς
1167 1398 1357 1465 ἁγίους
1393 1396 1772 1467 περιελθόντες

189 1487 415 1552 τόπους,
451 1490 544 1542 καὶ
575 1489 734 1541 τοῦτο
765 1489 864 1558 μὲν
893 1494 1196 1560 προσευχῇ,
1227 1493 1387 1544 τοῦτο
1417 1489 1473 1542 δὲ
1515 1487 1606 1542 καὶ
1657 1488 1776 1540 δια-

190 1583 332 1650 νομῇ
387 1581 612 1650 χρυσίου
665 1582 928 1654 συνεργὸν
966 1584 1026 1636 τὸ
1064 1582 1220 1637 Θεῖον
1264 1582 1358 1634 τοῦ
1409 1582 1772 1652 προκειμένου

190 1672 546 1741 κτησάμενοι,
582 1673 776 1726 ἔπειτα
825 1674 921 1726 καὶ
952 1674 1023 1726 τὰ
1071 1675 1409 1744 μοναστήρια
1445 1672 1768 1738 διελθόντες,

189 1764 428 1834 οὐδαμοῦ
459 1763 553 1817 τοῦ
598 1763 934 1833 ποθουμένου
983 1763 1300 1833 ἐτύγχανον,
1338 1762 1464 1816 οὒτε
1500 1761 1606 1833 μὴν
1647 1762 1771 1824 τοὺς

1884 573 2206 639 redimitus,
2274 575 2574 647 dextraque
2634 594 2853 636 crucem
2902 581 3234 649 praeferens,
3286 600 3457 656 prope

1883 676 2222 724 constratum
2271 669 2340 724 ad
2366 671 2606 741 quietem
2641 671 2904 730 lectulum
2938 675 3243 731 visebatur.

1913 839 1917 844 ’
1955 842 2073 898 XX.
2112 842 2193 898 Ex
2222 843 2426 912 quibus
2453 860 2580 900 cum
2614 846 2754 902 ﬁlios
2786 846 2842 902 in
2873 863 3070 919 magno
3101 849 3245 918 apud
3284 850 3457 905 Deum

1883 935 2092 989 honore
2116 936 2322 989 versari
2351 935 2735 1005 intelligerent,
2759 952 2995 1008 cumque
3015 939 3204 993 divino
3229 955 3458 996 munere

1884 1040 1981 1079 eos
2018 1023 2412 1096 Hierosolymis
2466 1026 2665 1097 degere
2719 1029 2854 1084 satis
2911 1031 3308 1100 perspicerent,
3369 1049 3459 1089 res

1881 1121 2108 1170 caeteras
2135 1130 2234 1170 ceu
2281 1116 2522 1171 minores
2551 1120 2843 1188 aspernati,
2880 1133 3225 1192 sumptaque,
3255 1131 3460 1195 quanta

1883 1204 1949 1258 ad
1976 1204 2233 1259 solatium
2271 1213 2327 1258 ot
2363 1205 2612 1260 levamen
2652 1208 2875 1276 inopum
2909 1223 3047 1278 Opus
3088 1221 3255 1274 esset,
3293 1227 3459 1282 pecu-

1881 1296 1994 1360 nia,
2033 1298 2086 1351 in
2115 1299 2258 1352 viam
2292 1315 2360 1354 eo
2387 1300 2654 1355 ferentem
2692 1317 2750 1355 se
2784 1302 3074 1357 dederunt.
3103 1305 3222 1370 Quo
3245 1313 3306 1359 ut
3332 1319 3460 1375 per-

1882 1403 2106 1447 ventum
2140 1403 2244 1457 est,
2269 1393 2680 1451 circumeuntes
2714 1397 2831 1451 loca
2867 1412 3042 1463 sacra,
3079 1399 3242 1454 simul
3280 1399 3463 1470 preci-

1882 1483 2006 1550 bus,
2043 1485 2206 1540 simul
2247 1487 2518 1558 largitioni
2573 1506 2796 1560 operam
2848 1492 3062 1560 dantes,
3112 1510 3250 1549 auro
3311 1495 3462 1549 velut

1882 1585 2187 1645 emptorum
2221 1577 2484 1633 divinitus
2517 1593 2746 1649 aperum
2777 1581 3028 1652 adjutore
3055 1584 3312 1652 praeclare
3338 1593 3460 1638 ute-

1881 1665 2105 1724 bantur.
2161 1667 2292 1722 Inde
2341 1669 2410 1722 ad
2469 1673 2804 1726 monasteria
2865 1673 3141 1744 digressi,
3189 1691 3459 1744 nusquam

1880 1761 2027 1830 quod
2061 1760 2450 1816 desiderabant
2493 1765 2796 1829 consecuti,
2832 1767 3177 1836 optatissime
3202 1777 3459 1822 natorum

191 1855 388 1918 παῖδας
414 1855 542 1918 τοὺς
585 1854 793 1907 ἑαυτῶν
838 1850 984 1924 εἶχον
1023 1857 1174 1908 ἰδεῖν.
1220 1853 1503 1908 Ἐντεῦθεν
1554 1856 1582 1905 ὁ
1613 1853 1775 1916 πόθος

1890 1859 2180 1919 conspectu
2223 1850 2654 1908 frustrabantur.
2685 1854 2840 1910 Unde
2873 1866 2928 1910 et
2966 1855 3226 1911 desiderii
3255 1857 3459 1922 fervor,

190 1947 377 2008 αὐτοῖς
430 1947 760 2018 θερμότερος
809 1947 1162 2015 ἀνεφλέγετο,
1218 1949 1284 2017 τῇ
1335 1947 1643 2016 παρατάσει
1679 1945 1774 1998 τοῦ

189 2040 390 2107 χρόνου
438 2038 688 2108 κρυφίως
735 2039 1196 2110 ύποτρεφόμενος.
1233 2033 1360 2092 Οίον
1389 2037 1498 2110 γὰρ
1539 2039 1601 2091 τὸ
1647 2040 1778 2092 ίδεῖν

191 2129 251 2180 ἐν
270 2127 405 2191 ζῶσι
424 2129 587 2182 τέκνα
614 2129 682 2182 τά
706 2128 848 2182 οὕτω
873 2129 1125 2198 φίλτατα,
1155 2128 1328 2189 οὓτως
1349 2129 1776 2194 ἀπελπισθέντα,

190 2219 292 2274 καὶ
323 2221 476 2292 παρά
505 2221 626 2292 Θεῷ
652 2219 910 2293 τοιαύτης
931 2219 1165 2292 τύχοντα
1190 2223 1290 2291 τῆς
1318 2220 1668 2283 οίκειῶσεως.

268 2394 402 2452 KA'.
443 2397 555 2450 Ἑνὶ
602 2397 658 2450 δὲ
689 2397 993 2452 συναντῶσι
1034 2396 1143 2450 τῶν
1177 2395 1428 2460 οἰκετῶν,
1451 2397 1501 2450 οἳ
1531 2399 1625 2450 καὶ
1657 2414 1778 2450 συν-

193 2487 467 2556 απόδημοι
520 2490 636 2549 τοῖς.
663 2488 886 2542 ἐκείνων
927 2490 1085 2542 παισὶ
1127 2490 1449 2558 ἐτύγχανον,
1507 2491 1778 2560 μοναχικά

198 2580 679 2651 περιϐεϐλημένῳ,
710 2580 767 2634 ὃν
798 2581 892 2633 καλ⁸
920 2580 1028 2633 ἀπὸ
1057 2580 1153 2651 τῆς
1185 2580 1401 2651 μορφῆς
1429 2581 1776 2649 ἀναγνόντες,

197 2673 302 2725 καὶ
357 2673 432 2743 μὴ
478 2672 664 2726 δοῦλον
695 2672 812 2734 νῦν,
848 2671 963 2726 ἀλλ’
988 2671 1277 2742 ὁμόδουλον
1325 2671 1559 2738 ἑαυτῶν,
1612 2673 1644 2742 ἢ
1685 2675 1779 2727 καὶ

195 2763 520 2833 τιμιώτερον
556 2757 695 2816 εἶναι
743 2763 1052 2833 κρίναντες,
1092 2762 1250 2815 τοῦτο
1285 2764 1382 2832 μὲν
1412 2762 1491 2833 τῷ
1540 2770 1778 2833 σχήματι

197 2857 298 2926 της
322 2855 638 2926 περιϐολῆς,
671 2855 832 2909 τοῦτο
862 2856 918 2908 δὲ
949 2858 1043 2909 καὶ
1072 2853 1149 2926 τῷ
1195 2854 1442 2926 περιόντι
1469 2855 1570 2926 τῆς
1601 2855 1780 2910 αὐτῶν

206 2948 693 3018 μετριοφροσύνης,
725 2948 854 3016 γόνυ
887 2946 1191 3010 κλίναντες,
1227 2947 1598 3018 προσκύνησιν
1632 2947 1780 3016 αύτῷ

203 3040 448 3102 εὐλαϐῶς
474 3042 772 3108 προσῆγον.
802 3038 907 3092 Τοῦ
929 3041 985 3093 δὲ
1005 3039 1369 3110 βαρυνομένου
1395 3043 1460 3110 τῇ
1488 3040 1587 3108 τῆς
1617 3039 1781 3110 τιμῆς

200 3134 459 3202 ἀμετρίᾳ,
487 3133 562 3186 Οὐ
597 3133 676 3186 σοὶ
703 3132 879 3197 τοῦτο,
911 3133 940 3185 ό
973 3131 1112 3194 θεῖος
1147 3132 1480 3202 ἀπεκρίνατο
1508 3129 1778 3200 Ξενοφῶν,

1881 1955 2034 1994 mora
2068 1940 2332 2010 temporis
2348 1943 2563 1999 occulte
2590 1946 2857 2010 nutritus,
2882 1946 3265 2002 vehementius
3299 1963 3460 2002 exar-

1882 2033 2160 2088 descehat.
2212 2035 2356 2101 Quid
2389 2037 2538 2091 enim
2576 2037 3020 2106 desiderabilius,
3050 2055 3214 2111 quam
3260 2041 3463 2098 liberos

1884 2131 1990 2177 tam
2029 2124 2248 2190 charos,
2281 2133 2500 2196 tamque
2547 2137 2701 2184 extra
2755 2145 2907 2200 spem
2958 2131 3183 2188 videndi
3229 2133 3460 2203 positos,

1883 2221 2143 2284 tantaque
2182 2231 2211 2270 a
2245 2217 2360 2272 Deo
2381 2217 2724 2290 benignitate
2751 2231 3019 2285 servatos,
3051 2223 3233 2279 adhuc
3263 2239 3462 2296 super-

1881 2304 2038 2360 stites
2070 2305 2310 2360 intueri?

1947 2395 2096 2450 XXI.
2131 2397 2261 2452 Post
2288 2397 2405 2453 hzec
2427 2398 2481 2453 in
2513 2401 2810 2470 quemdam
2838 2419 2905 2459 ex
2933 2403 3176 2471 famulis,
3209 2405 3303 2476 qui
3337 2422 3461 2462 cum

1883 2491 2010 2546 (iliis
2042 2491 2191 2546 foras
2225 2495 2524 2560 profectus,
2563 2496 2659 2550 sed
2699 2512 2850 2552 nunc
2905 2499 3096 2554 habitu
3159 2503 3464 2557 monastieo

1883 2581 2111 2637 indutus
2144 2595 2284 2648 erat,
2313 2585 2641 2654 incidentes,
2667 2603 2794 2642 eum
2831 2605 2898 2644 ex
2949 2589 3122 2645 forma
3155 2593 3462 2664 cognitum,

1879 2673 2102 2742 jamque
2137 2689 2244 2727 non
2274 2683 2598 2739 utservum,
2637 2677 2733 2732 sed
2777 2685 2837 2732 ut
2874 2694 3222 2746 conservum,
3279 2693 3372 2738 aut
3403 2693 3465 2738 ut

1884 2764 2191 2834 digniorem
2218 2767 2381 2820 etiam
2414 2777 2728 2836 tractantes,
2791 2781 2906 2826 tum
2959 2787 3127 2829 sacrae
3161 2775 3328 2829 vestis
3366 2791 3464 2830 ve-

1885 2858 2192 2922 neratione,
2227 2869 2340 2913 tum
2379 2861 2645 2916 modeStia
2709 2877 2806 2917 sua
2857 2863 3093 2920 maxima
3129 2865 3374 2935 impulsi,
3405 2865 3464 2921 in

1888 2965 2066 3021 genua
2105 2951 2327 3020 ahj'ecti,
2371 2953 2622 3023 religiosa
2671 2953 2991 3010 adoratione
3030 2967 3462 3027 prosequuntur.

1885 3041 2058 3109 Quem
2100 3041 2327 3098 honoris
2351 3059 2639 3099 excessum
2671 3061 2796 3100 eum
2855 3047 2946 3101 ille
2967 3063 3077 3102 non
3128 3047 3318 3116 ferret,
3343 3049 3464 3104 Non

1887 3133 2009 3197 tibi,
2034 3135 2214 3204 inquit
2235 3135 2458 3190 divinus
2487 3136 2819 3207 benOphon,
2856 3139 2952 3195 sed
2989 3142 3212 3197 vestitui
3253 3153 3369 3210 tuo,
3401 3160 3465 3200 ac

198 3225 338 3276 ἀλλά
369 3223 446 3296 τῷ
487 3225 728 3294 σχήματι
767 3222 844 3293 τῷ
881 3222 958 3294 σῷ
992 3224 1088 3276 καὶ
1125 3223 1204 3293 τῷ
1253 3223 1348 3276 καὶ
1385 3224 1452 3294 τῇ
1501 3221 1572 3275 δι’
1616 3221 1778 3278 αὑτοῦ

1890 3225 2087 3282 divinae
2117 3227 2510 3286 familiaritatis
2539 3229 2738 3298 sigillo,
2776 3231 2921 3300 quod
2970 3232 3192 3290 habitus
3233 3235 3336 3292 iste
3359 3235 3466 3292 im-

201 3317 460 3386 σφραγῖδι
485 3317 584 3386 τῆς
615 3316 751 3386 πρὸς
796 3315 930 3370 Θεὸν
980 3315 1332 3378 οίκειώσεως.

277 3407 406 3464 ΚΒ’.
461 3409 614 3462 Ἐπεὶ
645 3410 702 3464 δὲ
724 3411 817 3464 καὶ
837 3409 1231 3479 πυνθανόμενοι
1251 3408 1381 3479 περὶ
1417 3407 1528 3461 τῶν
1551 3409 1780 3475 παίδων,

200 3505 355 3560 οὐδὲν
380 3503 538 3559 πλέον
567 3499 710 3575 εἶχον
739 3503 949 3575 μαθεῖν,
978 3505 1060 3558 δτι
1087 3504 1160 3576 μὴ
1189 3505 1258 3558 τὰ
1285 3504 1343 3555 ὲν
1375 3502 1620 3573 θαλάσσῃ
1649 3503 1784 3572 μόνα

202 3598 492 3669 συμϐάντα
517 3599 682 3670 (ὅπως
716 3598 825 3669 γὰρ
855 3599 1010 3650 αὐτοὶ
1038 3595 1400 3668 διεσώθησαν,
1430 3595 1548 3666 ᾔδει
1572 3595 1780 3657 ἐκεῖνος

199 3690 534 3762 οὖδοτιοῦν),
595 3693 657 3744 οὐ
691 3691 842 3762 παρὰ
872 3691 1032 3744 τοῦτο
1077 3689 1442 3762 ρᾳθυμότεροι
1469 3688 1781 3757 γεγόνασιν,

201 3783 323 3836 οὐδὲ
335 3783 479 3852 ὄκνῳ
501 3781 592 3836 τὸν
609 3782 772 3836 πόθον
797 3783 1099 3853 ἡμϐλυναν,
1117 3782 1232 3836 ἀλλ’
1249 3781 1330 3835 ἑτι
1353 3780 1552 3852 μᾶλλον
1568 3783 1636 3851 τῇ
1657 3780 1784 3851 περὶ

201 3877 332 3940 τοὺς
381 3876 581 3939 παῖδας
632 3876 896 3948 ἐπιθυμίᾳ
946 3875 1014 3929 τὰ
1059 3874 1344 3944 σπλάγχνα
1385 3873 1780 3943 διακαιόμενοι,

203 3967 438 4039 ἐρεύνης
471 3967 703 4037 εἴχοντο.
736 3967 902 4031 Δόξαν
930 3961 1022 4020 οὖν
1049 3967 1254 4030 αὐτοῖς,
1287 3966 1386 4020 καὶ⁸
1431 3968 1559 4036 περὶ
1587 3965 1658 4018 τὰ
1689 3963 1782 4017 τοῦ

216 4054 488 4124 Ἰορδάνου
546 4056 688 4126 μέρη
740 4055 990 4125 ἐφοίτων,
1027 4057 1146 4128 ἅμα
1181 4056 1278 4127 μὲν
1318 4059 1448 4128 περὶ
1495 4057 1603 4110 τῶν
1653 4056 1786 4110 υίῶν

204 4148 586 4220 ὲκζητοῡντες,
616 4147 733 4217 ἅμα
755 4148 812 4202 δὲ
841 4153 935 4203 καὶ
962 4149 1059 4220 τὴν
1115 4154 1273 4221 χεῖρα
1335 4149 1571 4220 δαψιλῶς
1629 4153 1780 4221 ρἐυο

207 4255 310 4293 σαν
364 4242 478 4301 τοῖς
536 4239 811 4310 δεομένοις
888 4241 1284 4312 προτείνοντες.
1362 4243 1642 4304 ’Λπιόντες
1729 4241 1786 4294 δὲ

206 4332 549 4387 συναντῶσιν
600 4333 794 4404 ἐκείνῳ
837 4332 914 4403 τῷ
961 4335 1262 4406 θαυμαστῷ
1313 4336 1554 4404 γέροντι,
1591 4335 1649 4399 ὃς
1692 4335 1788 4387 καὶ

205 4421 300 4475 τὸν
368 4422 652 4492 Ἀρκάδιον
728 4425 1029 4495 ἀποκείρας
1084 4425 1179 4479 καὶ
1252 4426 1321 4478 τὰ
1381 4425 1491 4478 τῶν
1539 4426 1788 4495 μοναχῶν

1885 3321 2106 3390 pressit,
2164 3321 2281 3376 haec
2302 3321 2650 3376 deteruntur.

1959 3412 2128 3467 XXII.
2178 3414 2316 3467 Tum
2345 3415 2413 3470 de
2476 3415 2667 3471 liberis
2716 3415 3002 3482 sciscitati,
3069 3417 3207 3472 nihil
3265 3427 3467 3487 praeter

1886 3518 1950 3558 ea
2003 3518 2125 3573 quae
2179 3503 2230 3556 in
2291 3504 2428 3558 mari
2487 3505 2826 3572 acciderant,
2887 3517 3277 3576 assequuntur.
3325 3509 3464 3564 Nam

1886 3595 1954 3650 de
1995 3596 2170 3650 salute
2238 3596 2486 3664 ipsorum
2544 3596 2684 3650 nihil
2732 3597 2861 3652 huic
2916 3613 3261 3669 compertum
3326 3611 3464 3656 erat.

1886 3684 2100 3752 Quibus
2157 3685 2233 3739 illi
2291 3686 2716 3757 haudquaquam
2773 3689 3056 3760 segniores
3108 3690 3311 3753 eﬂ‘ecti,
3367 3692 3468 3746 de-

1887 3776 2093 3832 siderio
2143 3777 2411 3846 ignaviam
2469 3779 2803 3845 excutiente,
2874 3781 3118 3850 ipsisque
3164 3781 3472 3838 visceribus

1892 3871 2066 3940 magis
2089 3885 2152 3926 ac
2180 3871 2352 3942 magis
2380 3879 2634 3926 natorum
2661 3887 2849 3929 amore
2891 3873 3268 3945 ﬂagrantibus,
3297 3877 3433 3930 vesti
3453 3905 3469 3916 -

1889 3963 2052 4032 gandi
2078 3979 2250 4033 porro
2290 3963 2630 4035 diligentiam
2666 3966 3045 4022 intenderunt.
3070 3968 3258 4038 Itaque
3292 3969 3470 4024 visum

1889 4053 1958 4108 iis
1983 4054 2107 4116 fuit,
2145 4055 2424 4124 regionem
2451 4057 2708 4112 Jordanis
2749 4057 3058 4112 adeundam
3088 4073 3230 4124 esse,
3269 4059 3361 4114 ubi
3395 4066 3472 4114 si-

1889 4145 2003 4199 mul
2029 4145 2238 4202 liberos
2263 4148 2638 4217 quturitarent,
2671 4149 2839 4204 simul
2883 4160 3197 4206 manantem
3245 4151 3472 4220 largiter

1889 4238 2170 4294 dexteram
2227 4240 2518 4310 egentibus
2565 4241 2864 4310 aperirent.
2924 4241 3006 4295 Eo
3037 4255 3162 4296 eum
3207 4242 3473 4296 abiisscn:

1889 4329 2114 4382 obvium
2147 4329 2391 4384 habuere
2419 4331 2804 4384 admirandum
2827 4330 2980 4384 illum
3007 4345 3217 4394 senem,
3241 4331 3334 4400 qui
3364 4331 3472 4385 Ar-

1891 4421 2110 4474 cadium
2173 4421 2506 4485 totonderat,
2549 4421 3058 4491 monachorumque
3121 4422 3325 4476 amictu
3381 4421 3469 4474 in-

205 4516 360 4586 αύτῷ
385 4517 695 4587 περιϐαλὼν
715 4512 803 4589 ἦν.
835 4519 1021 4589 Τούτῳ
1048 4518 1456 4588 προσελθόντες,
1489 4521 1580 4571 καὶ
1610 4517 1778 4572 ποδῶν

1892 4511 2106 4566 duerat.
2144 4512 2222 4566 Ad
2251 4511 2399 4568 hunc
2429 4512 2776 4577 accedentes,
2805 4513 3075 4567 contactis
3124 4513 3296 4566 sacris
3347 4512 3469 4581 ejus

207 4608 420 4661 ἐκείνου
450 4610 558 4663 τῶν
593 4609 753 4679 ἱερῶν
787 4609 1079 4680 ἁψάμενοι,
1115 4610 1326 4664 ἐδέοντο
1374 4611 1541 4680 εὐχῆς
1590 4611 1784 4672 αὐτοὺς

205 4701 442 4767 ἀξιῶσαι
488 4701 586 4772 τῆς
639 4702 773 4772 πρὸς
815 4702 967 4756 Θεόν.
1013 4703 1167 4756 Ἐπεὶ
1224 4699 1319 4757 οὖν
1383 4705 1412 4757 ό
1463 4705 1640 4774 γέρων
1695 4703 1785 4755 εὑ-

210 4789 501 4860 πρόθυμον
550 4790 748 4844 ἑαυτὸν
796 4792 876 4854 είς
921 4790 1080 4845 τοῦτο
1111 4792 1356 4863 παρέσχε
1410 4795 1504 4846 καὶ
1535 4793 1636 4861 ἤδη
1683 4790 1787 4860 n6-

209 4882 360 4948 ξατο,
395 4883 530 4953 πρὸς
571 4883 742 4952 ὄνομα
768 4883 993 4948 τούτους
1024 4886 1207 4940 ἐκάλει
1233 4885 1298 4958 (ὣ
1325 4885 1547 4958 χάριτος
1578 4886 1726 4948 θείας
1749 4886 1786 4956 ί)

208 4975 526 5046 προστιθεὶς
586 4984 681 5029 καὶ
738 4978 836 5047 τὴν
906 4980 964 5032 ὲν
1039 4981 1228 5050 χερσὶν
1288 4981 1568 5048 ὑπόθεσιν,
1644 4981 1790 5051 μάλα

206 5070 537 5140 διορατικῶς
588 5075 684 5126 καὶ
727 5073 1094 5144 θεοφορήτως.
1141 5077 1232 5128 Δεῖ
1264 5076 1321 5132 δὲ
1352 5075 1547 5139 οὕτως,
1597 5075 1790 5146 ὥσπερ

209 5162 538 5232 ἐλέχθησαν,
593 5164 1009 5236 ἰδιωτικώτερον
1067 5166 1206 5221 αὐτὰ
1263 5167 1632 5240 παραθέσθαι.
1692 5169 1792 5232 Τίς

211 5255 520 5324 ἠνάγκασε,
571 5255 768 5324 λέγων,
817 5257 908 5309 τὸν
958 5257 1116 5329 κῦριν
1170 5258 1493 5328 Ξενοφῶντα
1546 5261 1639 5314 καὶ
1692 5260 1791 5330 τὴν

210 5347 392 5418 κυράν
425 5346 644 5419 Μαρίαν
666 5348 736 5401 τὰ
772 5347 1121 5420 Ἱεροσόλυμα
1154 5351 1396 5403 κατιδεῖν
1423 5351 1644 5418 ;,ούδε“ις
1677 5351 1792 5405 ’ἐτε-

215 5457 311 5510 ρος
344 5439 583 5505 πάντως,
616 5442 698 5494 ὃτι
734 5441 808 5512 μὴ
837 5443 870 5513 ἡ
921 5441 1028 5494 τῶν
1071 5441 1276 5496 τέκνων
1309 5445 1532 5514 στοργή.
1566 5445 1657 5516 Μὴ
1698 5439 1792 5499 οὖν

214 5533 520 5602 ἀθυμεῖτε·
557 5531 688 5597 ζῶσι
711 5535 841 5606 γὰρ,
869 5535 1035 5599 ζῶσιν
1068 5534 1226 5603 ὑμῶν
1263 5535 1477 5606 ἀληθῶς
1508 5536 1576 5590 τὰ
1604 5537 1790 5599 τέκνα,

214 5626 412 5696 ὥσπερ
443 5625 509 5698 δὴ
537 5626 632 5680 καὶ
656 5626 787 5690 Θεὸς
823 5628 956 5697 ἡμῖν
982 5627 1348 5697 ἐφανέρωσεν.
1387 5627 1526 5681 Ἀλλ’
1552 5627 1791 5698 ὑπάγετε

213 5721 316 5773 καὶ
343 5718 443 5782 τὰς
499 5717 664 5789 εὐχὰς
707 5717 859 5789 ὑμῶν
884 5719 1110 5773 ἀπόδοτε
1137 5720 1215 5789 τῷ
1261 5720 1400 5792 Θεῷ,
1439 5721 1666 5793 ἐργάται
1696 5719 1792 5774 τοῦ

214 5808 546 5880 ἀμπελῶνος
575 5808 739 5863 αὑτοῦ
758 5826 775 5844 ο
813 5810 1126 5874 ἐπανιόντες
1149 5811 1229 5874 δὲ,
1259 5813 1386 5876 τοὺς
1419 5813 1613 5876 παῖδας
1640 5811 1793 5884 ὑμῶν

635 5907 908 5967 Ρλτιιοι..
955 5907 1075 5968 Gn.
1115 5905 1336 5970 CXlV.

1892 4608 2146 4678 pedibus,
2171 4608 2483 4672 obsecrant,
2517 4617 2577 4661 ut
2609 4623 2830 4668 suarum
2863 4607 3009 4678 apud
3056 4606 3230 4662 Deum
3282 4621 3473 4674 preca-

1893 4699 2101 4756 tionuni
2132 4687 2427 4768 participes
2457 4698 2643 4752 faciat.
2671 4697 2884 4752 Annuit
2911 4713 3037 4752 mox
3078 4697 3344 4752 benevole
3386 4711 3475 4752 se-

1890 4793 2034 4856 nior,
2066 4794 2348 4862 Deumque
2370 4801 2647 4875 precatu},
2682 4791 2798 4845 suis
2829 4805 2925 4845 eos
2957 4790 3251 4860 compellat
3294 4789 3474 4842 nomi-

1892 4886 2075 4948 nibus,
2117 4897 2280 4955 atque
2307 4887 2361 4956 (o
2389 4886 2560 4940 divini
2603 4884 2849 4939 muneris
2875 4883 3104 4953 gratiam
3126 4881 3166 4953 l)
3199 4882 3370 4952 ipsam
3400 4881 3472 4935 ob

1894 4993 2058 5047 quam
2108 4985 2372 5034 venerant
2417 4992 2661 5039 causam,
2730 4975 2903 5030 divini
2975 4974 3204 5030 luminis
3259 4974 3475 5044 perspi-

1893 5071 2091 5126 cientia
2119 5080 2176 5128 et
2197 5073 2409 5128 visione
2437 5073 2731 5142 cognitam,
2772 5069 2918 5124 haud
2942 5078 3268 5124 cunctanter
3301 5083 3474 5137 expoo

1893 5165 1995 5221 nit:
2032 5165 2139 5222 Sed
2169 5165 2282 5235 ipsa
2307 5163 2728 5236 propemodum,
2755 5161 2958 5233 quibus
3007 5176 3140 5218 usus
3163 5171 3249 5217 est
3283 5159 3473 5222 verba,

1889 5261 2044 5332 juvat
2085 5259 2455 5330 particulatim
2503 5255 2701 5312 aﬂ‘erre
2736 5274 2750 5311 :
2807 5254 3106 5321 Quidnam,
3138 5253 3334 5325 inquit,
3404 5251 3475 5306 ad

1893 5352 2235 5407 invisendam
2271 5349 2700 5420 Hierosolymam
2726 5347 3012 5403 dominum
3047 5345 3475 5416 Xenophontem

1895 5460 1958 5500 ac
2009 5443 2285 5500 dominam
2339 5442 2562 5498 Mariam
2596 5440 2860 5512 impulit?
2895 5454 3004 5495 non
3027 5439 3174 5495 aliud
3206 5437 3473 5509 profecto,

1895 5553 2058 5607 quam
2089 5536 2388 5591 liberorum
2423 5550 2597 5590 amor.
2641 5533 2796 5589 Bono
2829 5533 2996 5604 igitur
3032 5533 3218 5587 animo
3261 5525 3492 5600 εειοιοοξ

1893 5631 2103 5694 Vivont
2143 5630 2313 5693 enim,
2344 5628 2537 5682 vivunt
2585 5626 2814 5681 omnino
2847 5624 2948 5679 lilii
2991 5622 3187 5686 vestri,
3237 5618 3384 5690 quod
3421 5624 3479 5672 et

1896 5721 2165 5778 divinitus
2187 5718 2345 5775 vobis
2364 5718 2666 5774 revelatum
2699 5723 2808 5770 est.
2849 5713 2926 5769 Ite
2959 5713 3150 5784 igitur,
3188 5710 3478 5778 Deumque

1896 5810 2222 5883 precamini,
2253 5808 2492 5880 operarii
2518 5807 2694 5864 vinea:
2712 5805 2853 5876 ejus.
2881 5800 3113 5859 Βενετεί
3137 5808 3298 5856 natos
3319 5795 3478 5853 vide-

3081 5897 3156 5962 83
