3828 6470
367 349 396 413 4
411 349 514 413 335

1581 356 1879 415 'MENSIS
1911 356 2377 417 ’JANUARIUS.

3482 337 3616 402 1036

373 469 521 523 bilis.
559 465 681 520 llaec
711 466 930 530 elfatus,
950 467 1297 536 multamque
1329 466 1435 521 illis
1465 469 1698 522 salutem
1733 470 1937 538 imper-

2065 469 2258 537 ιψεσθε.
2292 467 2478 526 Ούτως
2512 464 2704 528 εἰπὼν,
2737 463 2968 524 ἐκείνοις
3014 458 3112 530 μὲν
3142 453 3421 528 σωτηρίαν
3461 455 3623 506 ἐπευ-

373 560 538 622 tiens,
574 559 731 622 abiit,
773 573 966 614 eorum
1004 558 1318 628 pectoribus
1368 560 1604 613 maxima
1660 561 1944 630 voluptate

372 654 631 724 perfusis.
693 653 922 722 Jamque
988 651 1139 706 brevi
1203 667 1263 708 se
1342 652 1945 709 desideratissimorum

372 751 674 814 conspectu
705 743 971 798 fruituros
994 751 1147 798 certa
1177 743 1438 798 tenebant
1465 744 1592 809 ﬁde,
1619 761 1784 814 quam
1814 745 1946 801 satis

373 843 650 891 astrueret
702 842 810 889 tam
865 834 1090 890 deﬁnita
1118 834 1187 890 de
1213 835 1379 892 rebus
1407 836 1475 892 ad
1508 837 1656 910 ipsos
1683 826 1942 907 spectan-

372 925 520 980 tibus
551 923 952 994 pronuntiatio.

447 1018 637 1074 ΧΧΙΙΙ.
672 1018 946 1073 Czeterum
981 1033 1148 1073 senex
1172 1018 1239 1072 ad
1269 1028 1512 1073 sanctam
1546 1017 1752 1072 Christi
1807 1018 1949 1072 Ana—

375 1113 566 1166 stasim
605 1111 1113 1182 progressus,haud
1142 1113 1332 1181 procul
1384 1111 1650 1182 Golgotba
1699 1110 1948 1165 consedit

378 1205 555 1258 humi.
597 1203 660 1257 Et
694 1220 822 1259 ecce
860 1205 1102 1259 Joannes
1144 1211 1473 1273 precaturus
1530 1201 1802 1272 procedit,
1853 1202 1948 1271 qui

375 1296 494 1350 viso
532 1311 662 1350 sene
690 1311 816 1349 eum
844 1302 1158 1359 veneratus,
1194 1303 1358 1364 atque
1383 1294 1638 1349 elucente
1683 1292 1947 1346 virtutum

376 1389 494 1458 ejus
525 1387 707 1457 specie
746 1397 948 1452 motus,
973 1386 1352 1442 adorationem
1406 1395 1659 1456 prompte
1704 1384 1945 1450 exhibet,

377 1478 657 1547 incognito
712 1479 934 1548 quidem
987 1477 1218 1544 homini,
1275 1491 1386 1531 non
1449 1485 1630 1532 tamen
1676 1476 1814 1546 ipse,
1859 1475 1941 1530 uti

377 1568 643 1634 dicemus,
691 1569 1022 1641 incognitus.
1054 1568 1425 1624 Admirandus
1451 1569 1597 1622 enim
1633 1583 1799 1622 senex
1827 1582 1952 1621 mox

371 1659 586 1728 jussum
621 1675 972 1731 consurgere,
1002 1660 1559 1730 benedictionemque
1605 1659 1949 1729 impertiens,

2051 561 2303 632 ξάμενος,
2337 561 2537 630 ἀφῆκε,
2578 555 2776 626 πολλὴν
2809 553 2990 608 αὐτῶν
3024 553 3104 616 είς
3147 551 3246 622 τὴν
3276 547 3506 618 καρδίαν
3533 563 3629 598 κα-

2047 654 2245 724 ταχέας
2271 656 2370 722 τὴν
2392 651 2608 722 ἡδονήν.
2632 648 2722 720 Τῷ
2744 648 2853 717 γὰρ
2876 645 3018 698 οὕτω
3037 640 3474 713 διορατικώτατα
3502 635 3629 706 περὶ

2047 747 2225 801 αὐτῶν
2254 746 2514 810 ἐξειπεῖν,
2552 742 2735 795 πίστιν
2760 741 2947 802 αὐτοῖς
2985 739 3215 807 παρεῖχε
3246 733 3343 788 καὶ
3366 733 3494 802 περὶ
3519 731 3628 784 τῶν

2050 841 2203 905 υἱῶν,
2240 839 2333 892 καὶ
2361 839 2443 890 ὅτι
2479 835 2617 907 μετά
2654 833 2848 906 μικρὸν
2893 831 3116 901 ὖψονται
3141 829 3267 890 τοὺς
3319 824 3626 894 φιλτάτους.

2121 1003 2246 1058 KI".
2297 999 2466 1062 Αὐτὸς
2499 1000 2556 1053 δέ
2595 1001 2672 1061 εἰς
2715 998 2813 1067 τὴν
2851 995 2944 1048 τοῦ
2989 992 3228 1062 Χριστοῦ
3265 990 3429 1059 ἁγίαν
3471 987 3627 1041 Ἀνά-

2051 1112 2239 1150 στασιν
2269 1091 2540 1156 ἀπελθὼν,
2586 1092 2642 1141 ἐν
2675 1088 2934 1154 γειτόνων
2964 1084 3059 1137 τοῦ
3089 1082 3354 1150 Γολγοθᾶ,
3379 1079 3630 1133 ἐκάθισεν

2052 1194 2136 1246 ἐπ’
2185 1191 2439 1258 ἐδάφους.
2474 1187 2585 1242 Kal.
2613 1187 2746 1248 ίδοὺ,
2789 1183 3072 1255 πρόσεισιν
3099 1183 3128 1234 6
3182 1179 3438 1246 Ἰωάννης
3483 1175 3634 1239 εὐξό-

2055 1298 2214 1352 μενος
2233 1296 2248 1311 ο
2272 1280 2331 1343 ὃς
2365 1277 2489 1332 ἐπεὶ⁵
2515 1276 2612 1330 ίδοι
2636 1275 2728 1330 τὸν
2758 1274 3008 1344 γέροντα,
3044 1268 3312 1331 αἰδεσθεὶς
3344 1266 3444 1320 καὶ
3475 1266 3632 1336 μόνον

2051 1370 2159 1426 ἀπὸ
2190 1369 2290 1439 τῆς
2334 1365 2747 1438 ἐπιπρεπούσης
2785 1361 2938 1432 αύτῷ
2972 1359 3173 1430 ἀρετῆς
3196 1397 3211 1423 ,
3259 1357 3633 1428 προσκύνησιν

2053 1459 2296 1524 εὐλαϐῶς
2355 1458 2557 1523 ἐδίδου,
2617 1457 2794 1510 καίτοι
2865 1453 3076 1522 ἀγνοῶν
3131 1451 3223 1504 τὸν
3295 1449 3482 1520 ἀνδρα,
3557 1449 3632 1518 μὴ

2052 1552 2436 1621 ἀγνοούμενος,
2456 1547 2646 1616 ῶσπερ
2663 1547 2767 1618 ἠδη
2791 1545 2883 1600 καὶ
2907 1545 3099 1613 ὁλόγος
3121 1540 3372 1612 δηλώσει.
3411 1539 3631 1607 ’.ἐνίστη

2054 1649 2162 1717 γὰρ
2213 1645 2376 1700 αὑτὸν
2423 1642 2766 1714 παραχρῆμα
2817 1641 2846 1693 6
2896 1637 3203 1708 Θαυμάσιος
3233 1634 3435 1705 γέρων,
3477 1631 3632 1685 εὐλο-

377 1764 442 1804 ac
487 1764 587 1804 suo
636 1765 762 1804 eum
819 1752 1044 1806 nomine
1078 1752 1382 1821 appellans,
1436 1749 1591 1804 suavi
1639 1749 1954 1818 blandaque

2065 1743 2232 1810 γήσας
2261 1755 2318 1792 τε
2361 1735 2456 1791 καὶ
2486 1735 2723 1798 καλέσας
2759 1733 2825 1787 ἐκ
2873 1731 2968 1784 τοῦ
3023 1729 3284 1821 ὀνόματος
3317 1725 3458 1821 ὴπίᾳ
3492 1725 3630 1778 πάνυ

365 1855 510 1896 ’νοοθ
531 1857 545 1893 :
566 1840 821 1906 Ubinam,
843 1842 1043 1912 inquit,
1063 1842 1518 1907 hactenusl’uisti,
1534 1842 1756 1896 domine
1782 1839 1918 1896 Joan
1933 1871 1949 1880 -

2065 1831 2149 1886 ttat
2198 1830 2464 1901 προσηνεῖ
2487 1829 2554 1898 τῇ
2588 1827 2763 1897 φωνῇ.
2810 1823 2946 1889 Ποῦ,
2984 1821 3150 1891 φησὶν
3183 1814 3327 1889 ἦσθα
3367 1815 3429 1869 1:6
3469 1816 3632 1912 μέχρι

376 1933 520 1988 nes?
549 1933 690 1989 Ecce
719 1935 866 1988 enim
915 1944 1071 2004 pater
1102 1944 1158 1989 et
1188 1943 1363 1989 mater
1404 1936 1504 1998 tui,
1562 1934 1671 1988 huc
1714 1935 1950 1988 advene-

379 2033 528 2084 runt,
553 2033 866 2094 quaerentes
891 2033 964 2078 te.
993 2024 1099 2079 Sed
1128 2035 1183 2080 et
1216 2034 1266 2080 te
1295 2026 1575 2095 quaerendi
1614 2025 1803 2079 fratris
1822 2039 1952 2095 ergo

378 2113 598 2168 venisse
612 2115 760 2168 novi.
786 2116 910 2170 Haec
930 2115 1116 2170 divino
1145 2131 1370 2186 prorsus
1392 2116 1651 2170 instinctu
1680 2131 1710 2169 a
1735 2115 1954 2170 seniore

379 2208 589 2277 prolata
637 2210 835 2276 oratio,
868 2211 1068 2267 Joanni
1119 2220 1400 2280 stuporem
1436 2211 1663 2282 injecit;
1715 2225 1955 2279 cumque

379 2301 542 2370 longo
563 2301 674 2372 jam
704 2301 892 2358 fratris
923 2301 1202 2358 desiderio
1229 2312 1537 2368 teneretur,
1568 2310 1792 2372 arrepto
1821 2317 1953 2356 con-

380 2390 562 2446 fesrim
591 2391 867 2462 loquentis
917 2408 1200 2450 sermone:
1237 2393 1364 2458 Ubi,
1397 2393 1597 2463 inquit,
1635 2392 1750 2457 ubi,
1787 2391 1952 2446 obse-

379 2498 496 2549 cro,
523 2484 599 2538 mi
629 2484 928 2551 Pater,.est
957 2502 1253 2557 germanus
1278 2486 1472 2541 meus?
1515 2485 1748 2542 Ubinam
1781 2495 1954 2541 terra-

379 2575 540 2626 rum?
577 2574 721 2628 .Vivit
743 2575 950 2645 igitur?
977 2592 1009 2628 ο
1033 2576 1492 2646 jucundissimam
1535 2576 1670 2630 mihi
1719 2591 1910 2631 vocem
1938 2579 1952 2630 !

381 2682 414 2718 ο
433 2663 649 2720 dulcem
675 2665 945 2737 linguam!
982 2667 1190 2724 Audire
1211 2684 1375 2739 quam
1405 2684 1531 2722 mox
1558 2668 1834 2737 discupio,
1862 2666 1956 2721 ubi

381 2756 605 2814 fratrem
635 2770 1038 2830 conspecturus
1066 2762 1192 2816 sim.
1239 2761 1436 2816 Nonne
1463 2775 1560 2816 cor
1589 2776 1772 2815 meum
1801 2775 1956 2814 exar-

381 2849 518 2904 sisse
569 2850 1000 2908 animadvertis?
1035 2868 1234 2922 meque
1261 2852 1414 2906 velut
1466 2853 1804 2906 seminecem
1837 2852 1959 2921 ejus

381 2939 661 2998 desiderio
707 2943 1204 3001 contabuisse?At
1254 2943 1485 2999 senior:
1539 2942 1638 2998 llic
1690 2943 1834 3012 apud
1872 2958 1957 2997 me

383 3039 659 3108 tantisper
691 3039 910 3106 asside;
941 3048 998 3094 et
1019 3055 1143 3095 mox
1170 3040 1396 3096 fratrem
1422 3041 1656 3096 videbis.

455 3129 647 3224 XXIV.
675 3130 867 3200 Neque
902 3131 1063 3224 longa
1091 3131 1196 3186 fuit
1224 3148 1377 3224 mora
1412 3147 1537 3224 cum
1573 3133 1842 3190 Arcadius
1866 3132 1932 3187 ad
1984 3161 2028 3224 Ο

384 3214 491 3278 {an
525 3262 539 3287 ,
572 3230 718 3277 totus
749 3222 1038 3294 exsanguis
1064 3237 1129 3277 ac
1175 3223 1415 3290 tabidus,
1447 3223 1672 3294 soloque
1710 3233 1861 3278 motu
1904 3233 1960 3279 et

386 3329 520 3368 voce
548 3313 679 3374 visae
724 3313 906 3369 adhuc
957 3315 1274 3384 superstitis
1305 3315 1512 3372 faciens
1557 3316 1740 3371 fidem.
1788 3315 1962 3372 Tanta

385 3403 464 3458 illi
500 3404 829 3458 venerandae
854 3404 1161 3474 sobriaeque
1191 3405 1536 3461 abstinentiae
1584 3405 1764 3461 fuerat
1805 3421 1958 3461 cura.

384 3495 464 3549 Ad
487 3510 674 3551 senem
713 3498 878 3567 igitur
908 3497 1220 3553 verecunde
1251 3499 1609 3568 modesteque
1651 3500 1919 3555 accedens
1947 3540 1960 3563 ,

384 3587 548 3654 Ecce,
570 3590 770 3662 inquit,
803 3591 874 3645 mi
903 3590 1083 3658 Pater,
1106 3593 1216 3664 jam
1249 3595 1446 3648 tertius
1468 3603 1552 3648 est
1581 3609 1778 3659 annus,
1813 3604 1964 3664 post-

386 3698 550 3751 quam
605 3698 795 3754 agrum
843 3693 997 3740 tuurn
1049 3687 1197 3741 nulla
1229 3687 1571 3757 inspectione
1602 3687 1857 3759 dignatus
1880 3703 1960 3751 es,

385 3788 510 3828 cum
545 3773 658 3844 ipse
691 3774 908 3830 interim
936 3778 1202 3847 plurimas
1225 3779 1414 3848 spinas
1460 3779 1807 3850 tribulosque
1839 3794 1967 3849 pro-

387 3863 593 3919 tulerit.
624 3865 918 3936 Reliquum
948 3878 1032 3924 est
1061 3870 1252 3940 igitur,
1285 3880 1346 3925 ut
1393 3879 1679 3926 strenuam
1730 3872 1781 3926 ei
1833 3886 1963 3940 pur-

387 3956 564 4024 gando
595 3971 818 4026 operam
852 3975 1037 4015 naves.
1057 3960 1156 4015 Cui
1185 3976 1392 4016 senex:
1427 3959 1808 4032 Nequaquam,
1858 3963 1960 4029 ait,

387 4047 463 4101 ita
487 4049 809 4114 reslliabet;
837 4067 961 4105 nam
987 4053 1310 4121 etquotidie
1339 4067 1466 4106 eum
1497 4053 1732 4122 inspexi,
1754 4064 1810 4108 et
1829 4056 1966 4109 mul-

390 4150 504 4194 tum
530 4141 598 4196 de
620 4157 688 4197 eo
717 4144 985 4197 sollicitus
1008 4143 1082 4197 fui
1126 4161 1138 4197 :
1165 4159 1338 4212 quare
1365 4159 1474 4198 non
1505 4145 1711 4214 Spinas,
1745 4146 1962 4216 opinor,

390 4239 486 4285 aut
520 4232 756 4287 tribulos
777 4235 1030 4303 protulit,
1071 4234 1168 4288 sed
1195 4250 1328 4288 uvas
1349 4235 1542 4299 bonas,
1599 4235 1965 4292 frumentum-

369 4337 497 4392 que
521 4333 823 4390 maturum,
851 4324 1055 4395 quibus
1090 4325 1353 4379 nimirum
1389 4325 1505 4396 ipse
1538 4326 1649 4382 Rex
1677 4328 1965 4384 universo-

390 4429 511 4468 rum
539 4415 867 4472 delectatur.

2055 1927 2266 1988 τούτου,
2300 1922 2425 1993 κῦρι
2467 1921 2726 1990 Ἰωάννης
2765 1918 2898 1973 Ἰδοὺ
2937 1915 3044 1986 γὰρ
3086 1915 3116 1968 ὅ
3142 1930 3200 1965 τε
3236 1911 3421 1982 πατὴρ
3466 1911 3564 1962 καὶ
3599 1908 3632 1976 ἡ

2058 2020 2242 2089 μήτηρ
2278 2034 2370 2069 σου
2408 2015 2478 2068 τὰ
2529 2011 2764 2067 ἐνταῦθα
2785 2008 3082 2064 κατέλαϐον
3117 2002 3505 2074 ἐπιζητοῦντες
3530 2017 3590 2053 σε
3617 2016 3633 2031 ·

2054 2107 2172 2170 οἶδα
2192 2110 2249 2164 δέ
2274 2110 2357 2163 ὃτι
2384 2109 2480 2162 καὶ
2506 2106 2667 2168 αὐτὸς
2697 2108 2760 2158 σὺ
2785 2105 2877 2156 τὸν
2904 2099 3132 2170 ἀδελφὸν
3155 2098 3247 2152 τὸν
3269 2096 3360 2149 σὺν
3387 2092 3637 2164 ἐκζητῶν

2057 2202 2340 2273 ἐλήλυθας.
2385 2199 2603 2270 Θάμόος
2635 2195 2853 2266 είσῆ-λθε
2894 2194 2984 2247 τὸν
3041 2190 3317 2260 Ἰωάννην,
3347 2188 3490 2241 οὓτω
3515 2187 3633 2239 θεοο

2058 2296 2342 2356 πνεύστως
2375 2291 2658 2362 εἰρηκότος
2708 2288 2804 2341 τοῦ
2844 2285 3098 2356 γέροντος
3127 2297 3141 2311 ⁸
3175 2283 3271 2334 καὶ
3307 2279 3431 2332 ἐπεὶ
3469 2278 3635 2337 πολὺς

2057 2387 2217 2441 αὐτὸν
2263 2380 2376 2454 εἶχε
2409 2381 2573 2446 πόθος
2621 2380 2717 2434 τοῦ
2759 2375 3016 2448 ἀδελφοῦ,
3062 2374 3312 2445 ἀρπάσας
3349 2371 3412 2423 τὸ
3447 2369 3634 2440 λεχθὲν

2057 2481 2279 2545 αὐτίκα,
2317 2477 2426 2530 Καὶ
2463 2475 2566 2527 ποῦ
2610 2470 2741 2544 ἆρα,
2787 2470 2912 2535 ποῦ,
2957 2469 3085 2539 ἔφη,
3137 2465 3391 2533 ἀδελφὸς,
3427 2461 3630 2530 Πάτερ,

2059 2575 2087 2628 6
2128 2572 2280 2644 ἐμὸς,
2329 2569 2473 2634 ποῦς
2517 2567 2582 2637 ζῇ
2623 2565 2680 2618 δέ
2709 2564 2880 2626 ὅλωςς
2931 2562 2996 2614 Ὢ
3027 2562 3270 2631 ῥήματος
3309 2554 3562 2626 ἡδίστουι
3594 2552 3636 2604 ῶ

2057 2643 2312 2734 γλυκείας
2341 2659 2623 2731 γλώττηςί
2661 2655 2882 2710 ἀκούσω
2909 2654 2970 2706 τὸ
3009 2653 3194 2722 τάχος,
3227 2648 3332 2703 ποῦ
3367 2649 3460 2701 τὸν
3488 2643 3634 2698 ἀδελο

2059 2757 2159 2827 φὺν
2181 2754 2421 2824 δψομαις
2460 2751 2614 2820 ὁρᾷς,
2645 2749 2794 2810 ὅπως
2823 2745 3226 2816 ἐμπέπρησμαι
3251 2741 3351 2810 τὴν
3385 2737 3633 2807 καρδίαν.
3688 2814 3690 2816 _

2058 2851 2207 2911 ὅπως
2247 2845 2517 2913 ἐκτέτηκα
2545 2840 2642 2895 καὶ
2690 2839 2924 2910 ἡμιθνής
2967 2837 3083 2906 εἰμι
3128 2834 3194 2887 δι’
3239 2832 3438 2896 αύτόν;
3477 2831 3638 2886 Καὶό

2060 2942 2260 3011 γέρων,
2290 2935 2537 2998 Καθέζου
2567 2933 2699 3001 παρ’
2727 2932 2870 3001 ἐμοὶ,
2902 2928 3026 2999 ἔφη,
3057 2926 3150 2981 καὶ
3177 2925 3297 2995 ὄψει
3326 2925 3522 2978 θᾶττον
3548 2921 3638 2975 τδν

2062 3033 2308 3100 ἀδελφόν.

2133 3121 2260 3177 ΚΔ’.
2304 3121 2514 3190 Ὀλίγον
2559 3117 2700 3172 πάνυ
2736 3115 2797 3169 τὺ
2845 3111 3048 3184 μεταξὺ
3079 3127 3168 3182 ην,
3201 3109 3297 3163 καὶ
3329 3109 3584 3178 πάρεισιν
3613 3108 3640 3158 6

2076 3214 2381 3286 Ἀρκάδιος,
2421 3211 2599 3282 ὠχρὸς
2637 3210 2780 3277 άγαν
2810 3206 2906 3261 καὶ
2951 3203 3214 3274 τακηρδς,
3255 3200 3410 3271 μόλις
3450 3199 3513 3252 τὸ
3568 3200 3640 3268 μὴ

2063 3307 2253 3377 νεκρὸς
2282 3302 2564 3365 εἶναιτοῖς
2598 3300 2862 3372 κινήμασι
2899 3297 3080 3369 μόνοις
3123 3295 3217 3349 καὶ
3259 3295 3324 3363 τῇ
3367 3295 3519 3362 φωνῇ
3559 3308 3644 3343 πι-

2066 3399 2356 3470 στούμενος
2381 3413 2396 3428 ο
2425 3394 2677 3448 τοσοῦτον
2716 3391 3047 3460 ἐγκρατείας
3084 3385 3369 3458 ἐφρόντισε
3397 3383 3499 3449 τῆς
3537 3381 3642 3434 σώ-

2067 3509 2261 3564 φρονος
2292 3490 2386 3545 καὶ
2426 3488 2650 3560 σεμνῆς.
2681 3480 3000 3554 Προσελθὼν
3025 3475 3118 3533 οὖν
3159 3478 3237 3547 τῷ
3270 3479 3490 3548 γέροντι
3523 3474 3641 3526 λίαν

2065 3582 2309 3645 εύλαὸῶς
2338 3581 2432 3635 καὶ
2485 3575 2741 3650 μετρίως,
2786 3573 2942 3638 Ἰδοὺ,
2977 3571 3159 3642 τρίτον
3206 3567 3348 3632 ἔτος,
3395 3567 3554 3636 φησὶ,
3588 3568 3645 3631 ἐξ

2065 3673 2128 3733 οὗ
2167 3677 2257 3730 τὸν
2288 3673 2456 3745 ἀγρὸν
2499 3671 2590 3726 τὸν
2630 3671 2722 3724 σὺν
2763 3667 3041 3738 οὐδεμιᾶς,
3085 3664 3288 3732 Πάτερ,
3340 3659 3648 3726 ἐπισκοπῆς

2067 3771 2330 3843 ἠξίωσας,
2355 3767 2452 3822 καὶ
2482 3765 2644 3827 αὐτὸς
2672 3761 2914 3823 ἀκάνθας
2938 3758 3034 3812 καὶ
3057 3756 3341 3827 τριϐόλους
3370 3753 3645 3823 ἀνήνεγκε

2067 3864 2349 3922 πλείστας.
2400 3858 2660 3914 Λείπεται
2715 3855 2810 3910 οὖν
2861 3869 2919 3905 σε
2972 3849 3142 3904 πολλά
3192 3847 3459 3902 κοπιάσαι
3510 3845 3648 3913 1:96;

2065 3955 2164 4026 τὴν
2190 3952 2357 4007 αὐτοῦ
2384 3949 2672 4020 κάθαρσιν.
2709 3945 2823 3998 Ούκ
2851 3943 3047 4011 ἔγωγε,
3077 3935 3230 3993 εἶπεν
3251 3942 3278 3992 6
3308 3937 3509 4008 γέρων,
3535 3935 3648 3989 ἀλλ’

2067 4046 2283 4115 ἡμέραν
2326 4042 2565 4110 ἑκάστην
2600 4033 3020 4103 ἐπεσκεπτόμην
3062 4031 3247 4093 αὐτὸν,
3306 4030 3402 4082 καὶ
3445 4026 3648 4094 πολλῆς

2065 4138 2249 4209 ⁴ἠξίουν
2275 4133 2615 4204 ἐπιμελείας,
2647 4130 2743 4183 καὶ
2769 4123 2945 4197 οἶμαι,
2979 4124 3053 4187 ὡς
3090 4123 3215 4176 οὔτε
3253 4119 3498 4182 ἀκάνθας
3524 4117 3649 4171 οὔτε

2071 4232 2178 4300 μὴν
2225 4228 2512 4299 τριϐόλους
2563 4223 2789 4292 ἀνῆκεν,
2838 4217 2976 4272 ἀλλὰ
3023 4214 3301 4286 σταφυλὴν
3341 4211 3514 4281 καλὴν
3559 4211 3649 4260 καὶ

2071 4325 2215 4375 σῖτον
2241 4319 2472 4392 ὥριμον,
2508 4311 2590 4379 οἷς
2622 4316 2730 4384 ἄρα
2773 4310 2869 4365 καὶ
2915 4310 2944 4361 6
2990 4307 3254 4368 Βασιλεὺς
3303 4303 3496 4375 ἥδεται
3544 4300 3649 4355 τῶν

461 4506 624 4562 XXV.
659 4508 784 4565 llaec
820 4510 1146 4580 prolocutus
1196 4510 1280 4564 vir
1315 4510 1540 4567 divinus
1590 4513 1834 4568 nondum
1881 4513 1959 4568 eis

2140 4503 2395 4560 KE'.Kal.
2421 4502 2562 4556 οὕτω
2591 4502 2688 4571 μὲν
2716 4502 2743 4554 6
2773 4498 2912 4561 θεῖος
2926 4491 3077 4550 εἶπεν
3106 4493 3273 4562 ἀνήρ’
3297 4489 3373 4560 μὴ
3391 4484 3646 4560 προσθεὶς

389 4614 545 4653 suam
592 4599 997 4656 fraternitatem
1048 4602 1287 4672 aperuit,
1318 4603 1625 4673 praesertim
1662 4621 1790 4660 cum
1828 4606 1968 4660 invi-

389 4702 508 4745 cem
541 4699 650 4744 tam
680 4691 751 4745 ob
782 4692 1144 4746 mutationem
1195 4692 1437 4758 habitus,
1490 4709 1656 4763 quam
1714 4696 1785 4750 ob
1819 4711 1970 4751 sum-

389 4797 533 4836 mam
583 4798 880 4853 corporqu
915 4785 1372 4840 extenuationem
1418 4785 1841 4856 haudquaquam
1877 4802 1971 4856 ag-

388 4887 685 4932 noscerent
710 4896 724 4945 ;
752 4864 989 4949 cumque
1011 4880 1116 4934 alia
1140 4881 1375 4951 quadam
1412 4881 1622 4936 ratione
1651 4881 1874 4935 eosdem
1913 4880 1968 4934 in

388 4968 637 5024 mutuam
669 4971 1036 5040 cognitionem
1065 4973 1351 5028 statuisset
1374 4973 1673 5028 adducere.
1699 4972 1780 5027 Ad
1804 4972 1970 5028 Joan-

389 5076 515 5117 nem
547 5062 731 5132 itaque
760 5079 821 5118 se
852 5075 1203 5134 convertens,
1236 5066 1414 5132 Unde,
1470 5066 1778 5136 inquiebat,
1811 5067 1970 5121 veni-

391 5154 496 5207 sti?
525 5153 617 5208 llle
649 5170 782 5209 vero
820 5171 945 5211 cum
973 5165 1121 5211 tanta
1155 5157 1322 5212 animi
1358 5157 1734 5214 moderatione
1803 5169 1968 5228 atque

392 5245 722 5313 humilitate,
759 5256 960 5318 quanta
986 5248 1094 5303 dici
1122 5249 1208 5303 vix
1233 5258 1430 5320 potest,
1459 5251 1649 5306 eadem
1678 5266 1814 5320 pene
1839 5265 1971 5305 usus

387 5356 546 5408 voce,
583 5358 693 5411 qua
729 5357 760 5395 a
784 5341 1075 5414 naufragio
1115 5352 1367 5398 recenter
1413 5353 1686 5410 servatus,
1720 5359 1846 5398 eum
1901 5345 1969 5399 ad

391 5435 791 5490 monasterium
821 5435 1059 5506 primum
1093 5437 1402 5501 accederet,
1433 5453 1567 5493 usus
1607 5437 1818 5494 fuerat:
1864 5435 1970 5490 llo-

391 5541 504 5587 mo,
533 5526 736 5595 inquit,
760 5537 1021 5583 externus
1050 5543 1113 5583 ac
1144 5529 1269 5583 vilis
1315 5545 1460 5598 sum,
1509 5529 1708 5584 divinm
1754 5529 1971 5583 miseri-

400 5617 603 5677 cordia:
665 5627 994 5691 tuarumque
1040 5622 1420 5693 precationum
1469 5622 1709 5692 indigus.
1763 5620 1970 5675 Tantus

396 5710 477 5765 illi
529 5711 707 5766 inerat
765 5712 1046 5768 modestia:
1078 5729 1256 5768 amor.
1289 5713 1470 5780 Quare
1502 5721 1556 5768 et
1601 5715 1655 5767 in
1686 5713 1967 5767 meliorem

395 5811 610 5875 partem
661 5803 810 5860 illum
865 5804 1162 5875 Scriptores
1193 5806 1371 5864 locum
1404 5806 1471 5860 de
1515 5821 1581 5862 eo
1609 5804 1966 5876 pronuntiare

2072 4599 2129 4654 δὲ
2158 4598 2398 4668 δηλῶσαι
2429 4596 2526 4665 τὴν
2575 4592 2913 4661 ἀδελφότητα
2946 4586 3244 4658 (ἠγνόησαν
3259 4584 3366 4651 γὰρ
3389 4579 3645 4648 ἀλλήλους

2072 4694 2136 4749 ἐκ
2161 4710 2221 4746 τε
2251 4693 2350 4766 τῆς
2379 4686 2680 4760 μεταϐολῆς
2719 4684 2830 4738 τῶν
2859 4680 3175 4750 ἐνδυμάτων
3204 4677 3298 4730 καὶ
3322 4674 3426 4744 τῆς
3450 4670 3641 4766 πολλῆς

2071 4783 2166 4837 τοῦ
2185 4761 2437 4853 σώματος
2454 4780 2519 4850 τή
2529 4777 2704 4847 ξεως),
2727 4775 2929 4846 τρόπον
2949 4772 3036 4824 ἐτε
3046 4787 3139 4841 ρον
3159 4766 3423 4836 ἠϐούλετο
3443 4761 3641 4819 τούτοις

2071 4879 2164 4935 τὸν
2195 4873 2611 4945 ἀναγνωρισμὸν
2631 4870 2911 4942 ἐμϐαλεῖν.
2945 4863 3118 4919 Πόθεν
3139 4858 3433 4930 τοιγαροῦν
3463 4857 3640 4926 ὥρμη-

2075 4989 2194 5039 σαι;
2234 4969 2312 5040 τῷ
2353 4966 2576 5038 Ἰωάννῃ
2609 4962 2764 5032 φησί.
2822 4960 2882 5012 '0
2913 4958 2970 5010 δέ
3011 4954 3149 5026 μετά
3179 4953 3354 5021 πόσης
3385 4949 3451 5002 ἂν
3479 4947 3639 5040 εἴποις

2071 5033 2618 5134 τῆςΠμετριοπαθείας
2649 5053 2743 5107 καὶ
2767 5047 3172 5109 ταπεινώσεως,
3198 5045 3265 5113 τῇ
3290 5042 3429 5110 αὐτῇ
3456 5033 3636 5134 ὲχρῆτξ)

2075 5124 2250 5228 (pm-Vh,
2301 5124 2488 5228 ᾗκατ
2526 5148 2793 5218 πρότερον
2836 5141 2898 5194 τὸ
2950 5140 3210 5204 ναυάγιον
3249 5133 3499 5228 Δὑποστάς
3542 5124 3634 5228 ’καὶ

2073 5222 2360 5310 διασωθείς
2409 5247 2476 5315 τῇ
2533 5242 2667 5312 μονῇ
2721 5232 3072 5306 προσῆλθεν,
3135 5224 3458 5297 Ἄνθρωπός
3511 5222 3632 5316 eiut:

2073 5342 2246 5408 λέγων
2271 5382 2285 5403 ,
2328 5311 2479 5403 ξένος
2523 5311 2618 5385 καὶ⁸
2652 5325 2909 5388 ταπεινὸς
2935 5363 2950 5387 ,
3007 5319 3226 5388 ἐπιδεὴς
3278 5316 3462 5376 ἐλέους
3512 5311 3631 5408 Θεοῦ

2074 5437 2168 5490 καὶ
2192 5433 2302 5486 τῶν
2343 5431 2451 5484 σῶν
2483 5427 2652 5496 ἁγίων
2690 5420 2865 5492 εὐχῶν
2896 5437 2908 5449 ·
2933 5415 3074 5470 οὓτω
3103 5414 3368 5482 διάπυρος
3417 5403 3634 5479 ἐραστὴς

2071 5523 2139 5597 ἦν
2166 5525 2262 5580 τοῦ
2290 5523 2510 5595 μετρίου
2534 5536 2548 5550 ·
2577 5518 2670 5571 καὶ
2701 5516 2786 5569 ἴνα
2808 5513 2869 5566 τὸ
2892 5510 2990 5577 τῆς
3013 5508 3163 5566 θείας
3194 5505 3232 5557 Γ
3239 5506 3418 5575 ραφῆς
3443 5501 3633 5597 εἴποιμι

2074 5588 2211 5692 πρὸς
2254 5588 2314 5670 τδ
2356 5588 2722 5686 χρηστότερον
2761 5601 3027 5667 ἐκλαϐὼν,
3080 5619 3097 5651 ι
3134 5598 3366 5665 Γέγονεν
3393 5588 3632 5692 *αύτῷ-ὼς

2077 5689 2309 5782 ἱμάτιον,
2334 5707 2361 5760 ὂ
2382 5723 2448 5758 πε
2460 5702 2792 5775 ριὸἀλλεται,
2818 5699 2852 5767 ἠ
2875 5693 3202 5754 ταπείνωσις
3231 5707 3277 5744 ο»
3312 5689 3445 5760 πρὸς
3472 5694 3631 5782 ταυτα

2073 5775 2320 5874 ἀγέρων,
2369 5800 2496 5865 Ναὶ,
2533 5794 2719 5866 φησίνο
2768 5790 2882 5845 ἀλλ’
2935 5789 3055 5843 εἰπέ
3082 5787 3142 5840 τό
3167 5803 3224 5839 τε
3246 5785 3402 5854 γένος
3441 5779 3496 5833 τὺ
3527 5775 3626 5834 σὺν,
