3828 6490
265 395 286 461 i
298 395 401 462 037

1471 409 1649 471 VITA
1690 413 1749 472 S.
1785 411 2200 475 XENOPHON
2206 413 2349 476 TIS.

3369 413 3510 483 1038

260 497 358 563 atati.
392 510 490 582 τὴν
520 512 722 583 χώραν,
772 502 866 571 καὶ
896 517 994 589 τὴν
1037 518 1372 592 ἀνατροφὴν,
1421 522 1509 576 ἵνα
1564 525 1659 577 καὶ
1697 524 1840 579 οὕτω

1947 542 2165 595 possum
2190 546 2203 580 :
2230 548 2247 580 ‹
2281 527 2444 584 Facta
2457 530 2671 586 eratilli
2703 540 2964 602 tanquam
2986 532 3156 589 vestis
3178 546 3286 603 qua
3317 530 3520 590 indue-

263 596 396 661 Θεὸς
433 599 685 674 δοξασθῇ.
732 604 791 658 '0
818 606 998 661 τοίνυν
1040 609 1295 683 Ἰωάννης
1345 611 1505 682 λόγου
1537 614 1837 686 ἁψάμενος,

263 687 330 741 τὰ
375 689 470 743 ἀπ’
501 693 677 766 ἀρχῆς
715 696 844 768 ἄχρι
886 699 1074 765 τέλους
1128 702 1308 774 ἐπῄει,
1346 704 1441 758 καὶ
1486 708 1554 778 τῇ
1587 707 1839 778 διηγήσει

262 782 621 853 γνωρίσματά
642 803 763 840 τινα
816 789 916 860 τῆς
954 795 1270 862 συγγενείας
1307 796 1386 867 τῷ
1433 795 1648 870 ἀδελφῷ
1701 817 1839 871 παρ-

262 873 397 963 είχε,
467 881 973 955 συμμαρτυρούσνις
1004 886 1187 951 αὐτοῖς
1214 888 1310 942 καὶ
1343 889 1840 963 συμφθεγγομένης

261 962 363 1055 τῆς
393 964 591 1035 ὅψεως,
623 968 672 1022 εί
706 973 802 1026 καὶ
834 975 962 1037 τοὺς
1010 979 1369 1051 χαρακτῆρας
1420 983 1652 1052 ἀσαφεῖς
1676 962 1841 1055 εἶχεν

261 1053 322 1106 ἐν
373 1057 473 1127 τῆς
514 1058 720 1130 πολλῆς
758 1060 1170 1135 ἀμόλυνθέντας
1203 1069 1597 1137 κακοπαθείας.
1666 1053 1840 1140 me:

261 1142 358 1199 καὶ
387 1147 517 1217 περὶ
539 1148 641 1220 τὴν
681 1151 936 1224 διήγησιν
964 1155 1060 1211 τοῦ
1090 1176 1149 1212 τε
1179 1160 1367 1215 πλοίου
1400 1164 1494 1219 καὶ
1527 1164 1619 1219 τοῦ
1656 1167 1841 1222 κινδύ-

261 1237 353 1333 νου
385 1242 648 1315 κατέστη,
676 1247 771 1299 καὶ
801 1249 884 1303 ὅτι
919 1249 1149 1321 ἀδελφὸς
1176 1254 1325 1327 αὐτῷ
1353 1250 1443 1331 ἦν,
1482 1248 1544 1312 οὗ
1578 1261 1674 1315 καὶ
1704 1262 1842 1333 πρὸς

259 1327 430 1421 ὄνομα
455 1334 737 1405 μνησθεὶς,
767 1338 1020 1408 ἐστέναξε
1047 1345 1142 1398 καὶ
1169 1327 1388 1418 δάκρυα
1411 1351 1712 1419 κατέσταξε
1745 1327 1840 1408 τοῦ

260 1422 578 1494 προσώπου,
615 1429 693 1499 μὴ
718 1429 960 1502 ἐνεγκὼν
1001 1437 1031 1491 ὁ
1068 1437 1351 1510 Ἀρκάδιος
1375 1443 1475 1513 τὴν
1497 1444 1596 1515 τῆς
1627 1448 1840 1515 φύσεως

259 1516 573 1606 τυραννίδα,
604 1521 864 1606 ἀναστὰς,
894 1527 1016 1591 ,καὶ
1073 1529 1150 1600 τῷ
1211 1532 1433 1602 γέροντι
1488 1538 1837 1606 προσπεσὼν,

260 1596 451 1703 (ὶῦτος,
472 1608 659 1703 ἐλεγε,
694 1604 739 1667 ὧ
787 1615 989 1687 Πάτερ,
1037 1622 1066 1673 ὁ
1118 1596 1251 1692 ἐμὸς
1280 1596 1507 1695 ἀδελφὸς
1533 1596 1839 1703 ”1ωάννης,

259 1688 437 1797 οὗτος.
462 1701 512 1797 δ-
533 1704 823 1777 φίλτατος,
862 1704 1018 1777 οὗτος
1053 1688 1281 1781 ἐκείνος,
1326 1720 1355 1772 ό
1391 1688 1499 1791 τίῆν*
1536 1722 1710 1794 αὑτήν
1751 1688 1842 1797 ξέοὶ

262 1788 641 1861 συμπλεύσας,
691 1799 787 1854 καὶ
841 1801 903 1855 τὸ
947 1803 1081 1858 αὐτὸ
1122 1807 1383 1877 ναυάγιον
1432 1788 1694 1878 ῦποστὰς,
1748 1788 1842 1869 ita!

261 1883 609 1955 παραδόξως,
648 1889 724 1954 ὼς
761 1893 892 1965 ὁρᾷν
939 1893 1139 1968 ἔχοιμι,
1170 1874 1572 1969 συνδιασωοεὶς,
1609 1874 1704 1960 καλ
1747 1907 1842 1962 νῦν
1874 1874 1917 1931 Β

261 1970 387 2065 ἐμοί
412 1976 858 2052 παραδοξοτέρως
888 1985 1193 2054 ἐπιφανείς.
1222 1989 1285 2042 Ὢ
1310 1991 1462 2055 Θείας
1495 1995 1838 2065 οἰκονομίαςί

262 2058 334 2157 ὣ-
363 2064 496 2119 Θεοῦ
532 2071 816 2141 χριμάτων
861 2076 1196 2149 ὑπερφυῶνί
1247 2082 1294 2136 ὣ
1334 2085 1514 2139 πάντα
1561 2058 1719 2157 λόγον
1762 2058 1843 2144 νιε-

262 2151 450 2252 πωσης
485 2159 784 2232 Προνοίαςί
818 2169 930 2222 Καὶ
963 2172 992 2224 ό
1022 2172 1222 2244 γέρων,
1257 2176 1431 2245 Κάγὼ
1477 2151 1648 2249 ᾔδειν,
1687 2181 1842 2252 φησὶ,

262 2245 410 2342 ἀλλὰῄ
430 2251 618 2306 τούτου
643 2256 805 2328 χάριν
838 2260 1092 2333 ἐπέσχον,
1121 2264 1188 2319 ἵν’
1219 2245 1672 2342 ἀλλήλους-’ὑμεῖς
1697 2245 1844 2327 ἐπὶωέ

264 2334 358 2390 θεν
395 2340 686 2436 ἐπιγνῶτε,
717 2347 829 2403 Καὶ
860 2353 1003 2407 οὕτω
1028 2355 1127 2425 μὲν
1156 2358 1184 2410 ὀ
1219 2334 1361 2425 θεῖος
1386 2334 1564 2436 ἀνήρ..
1585 2334 1734 2421 Οίνδὲ
1763 2369 1843 2433 είς

262 2428 606 2530 mpm-loud?
652 2437 893 2530 ἐχώρουν
922 2487 946 2529 ζ
974 2447 1068 2500 καὶ
1120 2428 1510 2521 περιλαϐόντες
1547 2428 1843 2530 ἀλλήλους,

262 2520 360 2614 καί.
388 2523 455 2575 τά
486 2523 693 2596 ἀδελφά
721 2530 880 2585 τοῦτο
909 2520 1010 2604 μὲν
1042 2520 1579 2614 προσφθεγξάμενοι,
1605 2520 1763 2604 τοῦτο

262 2610 362 2663 καὶ
397 2617 885 2710 περιπτυξάμενοι,
917 2625 1084 2698 εὐχήν
1129 2646 1190 2683 τε
1223 2633 1376 2703 παρά
1404 2610 1513 2689 -τοῦ
1566 2624 1711 2693 θείου
1757 2642 1846 2710 γέ-

265 2714 455 2798 ροντος
486 2708 867 2783 αἰτησάμενοι,
912 2719 1098 2792 κοινὴν
1131 2723 1231 2794 τὴν
1275 2726 1628 2798 εὐχαριστίαν
1661 2732 1847 2785 ἀπεδί-

260 2794 427 2895 δοσαν
449 2798 532 2895 τῷ
556 2802 697 2873 Θεῷ,
729 2808 826 2878 οὐχ
852 2803 1014 2881 ἦττον
1035 2814 1135 2883 τῆς
1159 2815 1250 2870 τοῦ
1280 2794 1526 2874 κιν-δῦνου
1549 2821 1844 2895 διαφυγῆς,

260 2888 300 2989 ᾖ
328 2889 700 2989 τῆςῌάλλῄλων
732 2898 861 2966 θέας
891 2906 988 2958 καὶ
1018 2908 1335 2978 συναφείας,
1368 2915 1464 2967 καὶ
1492 2888 1683 2970 τούτου

261 2981 360 3079 λον
386 2986 483 3057 τῆς
500 2985 589 3042 διὰ
614 2989 708 3043 τοῦ
736 2993 941 3048 τοιοῦδε
973 2999 1275 3070 σχήματος,
1304 3005 1516 3059 καὶτοῦ
1543 3006 1682 3077 βίου,
1711 2981 1847 3079 πρὸς

263 3073 402 3171 Θεδν
423 3079 731 3156 εἰσαγωγῆς
748 3102 808 3139 τε
835 3091 926 3142 καὶ
955 3091 1305 3160 οίκειώσεωςσ
1336 3096 1477 3152 ὥστε
1502 3100 1843 3171 συμϐαίνειν,

1896 682 1900 686 Α
1944 617 2103 672 batur
2127 619 2410 675 humilitas
2421 621 2496 675 ⁸.»
2517 621 2619 677 Cui
2640 637 2831 689 senex,
2853 622 3023 679 Recte
3040 624 3287 698 quidem,
3312 624 3515 696 inquit.

1944 706 2051 763 Sed
2081 716 2137 763 et
2164 725 2340 781 genus
2397 720 2578 781 tuum,
2608 721 2664 768 et
2716 714 2973 785 patriam,
3000 726 3058 772 et
3102 714 3518 781 educationem,

1945 810 2007 855 ut
2045 802 2175 857 hinc
2209 818 2429 874 quoque
2478 805 2591 860 Deo
2617 806 2846 878 gloriam
2896 808 3227 876 tribuamus,
3280 823 3518 879 expone.

1943 889 2082 946 Tum
2109 891 2347 949 Joannes
2368 909 2677 952 sermonem
2716 895 2992 965 adoriens,
3038 898 3107 953 ab
3145 896 3304 954 initio
3353 896 3424 953 ad
3452 897 3521 952 ii-

1943 997 2070 1037 nem
2089 999 2263 1055 usque
2292 995 2491 1041 cuncta
2520 990 2893 1058 persequitur,
2921 997 3086 1060 atque
3118 990 3266 1046 inter
3288 1004 3520 1045 narran-

1943 1074 2076 1130 dum
2116 1075 2269 1132 fratri
2300 1079 2566 1134 nonnulla
2597 1080 2944 1151 cognationis
2969 1081 3177 1138 indicia
3218 1079 3371 1148 facit,
3401 1096 3525 1152 quae

1945 1166 2130 1222 vultus
2157 1165 2329 1237 ipsius
2357 1168 2509 1224 velut
2539 1169 2856 1226 testimonio
2887 1178 2984 1226 aut
3004 1171 3129 1227 viva
3157 1171 3395 1243 quadam
3425 1186 3524 1227 vo-

1944 1273 2007 1313 ce
2027 1258 2520 1326 conﬁrmabantur,
2540 1261 2644 1317 etsi
2673 1261 3007 1319 lineamenta
3025 1263 3272 1336 ejusdem
3296 1270 3377 1319 tot
3404 1278 3524 1319 ma-

1943 1351 2506 1422 lorumperpessione
2553 1352 2811 1410 hebetata
2852 1369 2919 1410 ac
2980 1355 3381 1428 propemodum
3427 1370 3526 1410 ex-

1944 1440 2146 1497 stincta
2180 1443 2522 1500 viderentur.
2549 1444 2754 1502 Verum
2787 1445 2882 1501 ubi
2908 1447 3248 1504 recensendo
3271 1460 3388 1504 tum
3420 1463 3525 1503 na-

1902 1596 1903 1599 η
1944 1533 2072 1604 vigii
2129 1542 2244 1611 tum
2270 1536 2504 1606 periculi
2552 1541 2895 1594 mentionem
2932 1539 3144 1610 injecit,
3197 1555 3263 1596 ac
3298 1540 3525 1596 fratrem

1945 1642 2108 1697 quem
2147 1626 2436 1684 habuisset
2481 1630 2811 1697 nominavit,
2867 1640 2983 1687 tum
3031 1633 3317 1689 enimvero
3352 1632 3525 1689 Arca-
3567 1663 3571 1666 ν

1945 1716 2090 1782 dius,
2136 1728 2345 1775 naturae
2373 1720 2691 1777 violentiam
2727 1721 2869 1777 ultra
2930 1738 3042 1778 non
3091 1722 3299 1791 ferens,
3332 1739 3524 1779 erum-

1944 1813 2206 1882 pentibus
2231 1812 2508 1884 suspiriis,
2557 1814 2818 1886 lacrymis
2855 1829 2953 1869 ora
3001 1814 3361 1886 perfundens,
3403 1831 3501 1870 sur

1947 1905 2108 1973 rexit,
2142 1913 2309 1977 atque
2362 1905 2431 1961 ad
2486 1907 2722 1963 senioris
2768 1907 2937 1979 pedes
2984 1908 3344 1979 provolutus:
3399 1907 3522 1973 Hic,

1947 1994 2147 2066 inquit,
2195 1997 2272 2052 mi
2312 1997 2492 2062 Pater,
2554 2006 2640 2053 est
2701 1996 2874 2052 frater
2925 2012 3103 2064 meus,
3165 1997 3527 2054 charissimus

1943 2083 2205 2152 Joannes,
2238 2086 2331 2140 hic
2359 2087 2474 2157 ipse
2499 2089 2594 2158 qui
2622 2096 2877 2159 suscepta
2913 2103 3130 2145 mecum
3177 2089 3528 2161 navigatione

1947 2181 2292 2253 naufragium
2348 2184 2599 2254 pertulit,
2657 2184 2811 2240 velut
2843 2184 3133 2253 miraculo,
3164 2184 3528 2256 quemadmo-

1946 2271 2314 2330 dum'videre
2363 2274 2550 2343 datur,
2600 2284 2982 2342 conservatus,
3028 2282 3086 2333 et
3136 2291 3288 2343 nunc
3321 2279 3528 2349 majore

1944 2364 2110 2421 etiam
2142 2364 2408 2421 miraculo
2432 2365 2564 2421 mihi
2587 2366 2828 2422 oblatus.
2866 2366 2911 2423 Ο
2939 2368 3191 2423 divinum
3216 2368 3375 2440 plane
3398 2383 3532 2424 eon-

1948 2456 2166 2512 silium!
2215 2472 2250 2512 ο
2278 2457 2491 2529 judicia
2527 2458 2624 2513 Dei
2669 2468 2929 2515 naturam
2973 2458 3281 2515 vincentia!
3326 2473 3359 2514 ο
3401 2474 3531 2531 pro-

1948 2544 2245 2600 videntiam
2273 2546 2422 2601 nulla
2457 2546 2706 2604 oratione
2744 2558 2841 2604 aut
2868 2548 3082 2605 ratione
3108 2549 3524 2619 explicandam!

1949 2634 2197 2708 Subjecit
2230 2638 2432 2697 deinde
2455 2654 2625 2695 senex
2651 2658 2664 2694 :
2699 2642 2891 2712 Neque
2922 2656 3055 2697 vero
3085 2657 3175 2698 me
3209 2642 3326 2698 haec
3351 2642 3528 2713 fugie-

1946 2730 2114 2799 bant;
2146 2748 2339 2788 verum
2371 2733 2581 2789 idcirco
2610 2734 2884 2790 silendum
2907 2733 3062 2801 duxi,
3097 2744 3159 2789 ut
3187 2735 3405 2792 indiciis
3429 2736 3530 2791 do-

1947 2823 2195 2880 mesticis
2227 2823 2464 2880 invicem
2491 2826 2888 2898 agnosceretis.
2913 2826 3026 2882 Sub
3057 2827 3174 2883 haec
3211 2827 3385 2883 divini
3424 2830 3532 2883 ho-

1949 2914 2116 2972 minis
2140 2917 2310 2974 verba
2331 2918 2411 2974 illi
2437 2919 2493 2975 in
2521 2919 2809 2990 amplexus
2845 2930 3072 2975 ruentes
3106 2921 3416 2976 arctissime
3448 2921 3531 2976 in-

1949 3010 2125 3065 vicem
2159 3010 2523 3083 stringebant,
2565 3021 2623 3068 et
2651 3028 2801 3068 nunc
2832 3012 3058 3084 quidem
3085 3011 3325 3068 fraterne
3351 3013 3526 3069 collo-

1951 3113 2205 3173 quentes,
2268 3118 2418 3159 nunc
2477 3104 2790 3175 amplexum
2842 3103 3320 3176 redintegrantes,
3377 3121 3528 3161 nunc

262 3165 590 3294 τξολλιαπλῶς
627 3177 825 3242 αὐτοὺς
852 3179 1100 3250 ἥδεσθαι,
1136 3186 1230 3238 καὶ
1258 3186 1378 3258 θεῷ
1412 3189 1511 3260 τὴν
1552 3165 1712 3261 γάριν
1740 3165 1842 3263 by...

262 3277 293 3294 η
329 3264 475 3294 nne?“
507 3264 645 3294 5-x-
687 3269 785 3294 -3-
816 3272 1021 3294 ιμμμρ.-
1079 3276 1093 3294 ε
1151 3277 1164 3294 \
1276 3278 1301 3291 ~
1384 3280 1455 3294 εις
1484 3280 1527 3294 μ
1649 3283 1672 3294 -
1713 3282 1729 3294 ι
1784 3284 1825 3294 --

1953 3195 2148 3266 optimi
2185 3195 2334 3252 senis
2384 3198 2763 3268 precationem
2823 3196 3207 3268 deposcentes,
3265 3211 3376 3252 uno
3430 3211 3527 3253 ore

260 3258 477 3361 ολογείν
507 3264 647 3361 ὑπὲρ
685 3269 785 3341 τῆς
812 3272 1043 3340 ἑαυτῶν,
1071 3276 1211 3347 ὑπὲρ
1242 3278 1339 3349 τῆς
1372 3258 1842 3355 ἀλλήλωδηλαεὴ

1947 3258 2154 3359 gratias
2227 3258 2453 3345 Numini
2508 3289 2869 3357 referebant,
2893 3258 3038 3346 Itum
3067 3290 3212 3360 quod
3279 3289 3529 3361 periculo

262 3355 562 3447 σωτηρίας,
599 3359 741 3432 ὑπὲρ
769 3363 868 3434 τῆς
904 3367 984 3429 είς
1025 3366 1083 3421 ἓν
1123 3370 1286 3424 πάλιν
1327 3375 1672 3446 συναγωγῆς,
1704 3376 1846 3447 ὑπὲρ

259 3442 365 3514 τῆς
421 3447 765 3512 είςντοιοῦτον
800 3455 915 3524 βίον
945 3459 1241 3534 ἀναγωγῆς
1270 3481 1330 3517 τε
1364 3468 1456 3520 καὶ
1480 3466 1842 3535 τελειώσεως.

272 3536 443 3593 Ἀλλὰ
467 3541 536 3597 τά
569 3544 669 3614 μὲν
693 3548 919 3606 ἐκείνων
942 3551 1136 3620 οὕτως.

1948 3389 2102 3436 tanto
2131 3381 2374 3451 exempti
2398 3391 2604 3447 essent,
2639 3390 2754 3464 tum
2786 3383 2937 3453 quod
2973 3391 3169 3438 mutuo
3200 3384 3523 3454 conspectui

1948 3479 2004 3527 et
2048 3472 2425 3544 conjunctioni
2484 3474 2747 3541 restituti,
2780 3484 2895 3530 tum
2947 3474 3185 3529 maxime
3231 3473 3380 3545 quod
3433 3474 3527 3529 tali

1922 3564 2142 3621 -habitu
2178 3567 2400 3638 vitaque
2423 3568 2653 3638 dignati,
2681 3568 2750 3623 ad
2805 3574 3013 3623 tantam
3046 3566 3143 3622 Dei
3180 3574 3399 3636 tamque
3428 3566 3528 3622 do-

262 3632 550 3732 mesticam
566 3639 974 3707 quodammodo
996 3645 1423 3705 familiaritatem
1482 3654 1885 3724 pervenissent.
1947 3657 2137 3729 Neque
2178 3632 2597 3728 finis'erat,'aut
2620 3632 2935 3718 communis
2964 3662 3190 3726 lastitiae,
3219 3632 3325 3718 aut
3349 3676 3524 3732 agen-

263 3725 465 3829 darum
502 3728 610 3785 Deo
652 3739 951 3804 gratiarum
1003 3739 1090 3795 vel
1142 3741 1217 3797 ob
1268 3758 1425 3799 suam
1474 3745 1743 3816 cujusque
1790 3755 1847 3803 et
1884 3725 2184 3806 fraternam
2237 3725 2496 3818 salutem,
2524 3755 2613 3810 vel
2661 3755 2733 3812 oh
2797 3770 3000 3811 novam
3052 3753 3324 3828 ejusmodi
3384 3725 3529 3809 con-

262 3825 630 3919 gressionem,
652 3825 737 3879 vel
770 3826 842 3883 ob
870 3829 994 3885 talis
1021 3830 1147 3885 vitae
1189 3833 1505 3893 institutum
1539 3853 1666 3894 cum
1698 3848 1847 3897 tanta
1880 3840 2221 3911 perfectione
2255 3856 2594 3917 susceptum.
2636 3848 2816 3919 Atque
2878 3847 2985 3904 hac
3037 3825 3260 3918 quidem
3305 3846 3521 3901 ratione

256 3924 394 4009 quae
417 3913 485 3968 ad
516 3914 642 3972 illos
662 3920 944 3988 pertinent
966 3939 1087 3981 sese
1116 3924 1344 3985 habent.

1696 4067 1925 4126 CAPUT
1955 4067 2066 4123 VII.

942 4247 1204 4304 Parentes
1233 4250 1376 4320 ﬁlios
1405 4254 1621 4308 tandem
1655 4265 1944 4324 agnoscunt
1976 4272 1993 4309 :
2030 4258 2243 4328 uirique
2319 4259 2600 4312 sanctitate
2617 4260 2831 4330 ﬂorent.

334 4448 484 4519 κε’.
532 4450 790 4507 Βούλεται
820 4453 878 4507 δὲ
907 4452 1003 4508 καὶ
1038 4454 1171 4520 Θεὸς
1210 4457 1305 4510 καὶ
1344 4458 1374 4509 ὁ
1405 4457 1561 4526 λόγος
1604 4461 1702 4533 ἤδη
1740 4467 1842 4524 τοῖς

2022 4464 2211 4527 XXVI.
2242 4468 2401 4524 Nunc
2433 4477 2640 4535 autem,
2667 4470 2779 4523 Deo
2804 4477 2861 4523 et
2888 4466 3200 4522 narratione
3228 4480 3295 4520 eo
3326 4464 3534 4522 ducen-

257 4541 515 4611 ἀδελφοῖς
545 4543 779 4614 συνάψαι
817 4544 912 4598 καὶ
941 4544 1069 4608 τοὺς
1096 4548 1447 4618 γεννήτορας.
1479 4549 1847 4605 Συνάπτοντχι

257 4635 318 4688 δὲ
348 4634 545 4699 οὕτως.
580 4635 750 4690 Οὔπω
777 4637 886 4708 γὰρ
915 4637 1010 4692 δύο
1044 4639 1322 4710 παρῆλθον
1353 4642 1579 4713 ἡμέραι,
1624 4645 1715 4696 καὶ
1747 4645 1849 4696 αὐ-

204 4736 218 4761 ·
261 4728 349 4780 τοὶ
387 4729 662 4800 παρῆσαν,
701 4730 968 4802 φιλοτίμῳ
1016 4733 1162 4803 χειρὶ
1195 4733 1295 4797 τὰς
1349 4733 1612 4805 διανομὰς
1661 4738 1848 4790 ποιούο

262 4837 424 4889 μενοι
472 4822 606 4892 πρός
636 4840 697 4875 τε
751 4824 812 4876 τὺ
853 4825 1007 4893 ἅγιον
1042 4826 1133 4879 τοῦ
1181 4828 1422 4901 Κρανίου
1452 4828 1577 4901 δρος
1617 4832 1709 4884 καὶ
1759 4832 1850 4885 τὸν

260 4912 553 4984 ζωηφόρον
586 4916 753 4986 τάφον
785 4918 1025 4988 Χριστοῦ
1071 4917 1166 4973 τοῦ
1194 4921 1350 4986 ,Θεοῦ
1389 4922 1567 4995 ἡμῶν.
1616 4923 1850 4977 Ἔπειτα

260 5005 502 5071 ἐξιοῦσιν
545 5010 575 5062 ὁ
613 5009 753 5074 θεῖος
781 5013 988 5077 ἐκεῖνος
1030 5015 1270 5086 συναντᾷ
1296 5017 1495 5085 γέρων,
1533 5015 1594 5079 δς
1628 5018 1722 5071 καὶ
1753 5017 1848 5097 τοῦ

261 5098 367 5170 ζῇν
395 5102 579 5182 αὐτοῖς
611 5105 738 5166 τοὺς
784 5105 983 5170 παῖδας
1014 5106 1387 5173 διεϐεϐαίωσε,
1419 5110 1514 5163 καὶ
1537 5111 1662 5163 ὅσον
1697 5108 1850 5163 οὔπω

261 5194 496 5257 Οεατοὺς
529 5194 768 5250 ἔσεσθαι.
816 5198 1004 5269 Τούτῳ
1030 5199 1162 5268 γοῦν
1194 5202 1606 5268 προσελθόντες,
1652 5203 1748 5255 καὶ
1785 5203 1852 5273 ἢν

257 5286 375 5339 ἔδει
404 5286 587 5352 δόντες
617 5290 802 5360 τιμὴν,
842 5292 995 5357 τέλος
1029 5292 1191 5365 ᾔτουν
1219 5294 1320 5363 τῆς
1357 5294 1725 5365 ὑποσχέσεως,
1758 5297 1855 5351 καὶ

260 5379 332 5431 τὰ
357 5378 510 5446 σφῶν
543 5381 707 5435 τέκνα
726 5384 913 5452 ἠξίουν
935 5385 1086 5439 ίδείν.
1122 5385 1317 5440 Ἦνίκα
1336 5386 1394 5439 δὲ
1409 5386 1582 5440 ταῦτα
1602 5388 1843 5458 ἐλέγετο,

260 5471 313 5522 οἱ
355 5474 595 5551 γενναῖοι
646 5475 832 5538 παῖδες
860 5476 1085 5530 ὄπισθεν
1134 5472 1274 5548 ἦσαν
1310 5477 1389 5548 τῷ
1439 5479 1656 5551 γέροντι
1698 5498 1844 5550 παρα

262 5565 509 5629 εστῶτες
532 5584 544 5598 ·
580 5567 695 5621 ἀλλ’
729 5569 1175 5641 ἐπέσχεναῦτοὺς
1203 5574 1429 5638 ἐκεῖνος,
1466 5574 1845 5646 μηδοτιοῦνεί-

261 5657 395 5711 πεῖν
425 5659 821 5730 ἐντειλάμενος,
876 5665 1013 5734 μήτε
1055 5663 1161 5736 μὴν
1212 5664 1406 5737 δήλους
1452 5666 1681 5731 ἑαυτοὺς
1729 5668 1844 5731 τοῖς

326 5835 349 5864 ⁸
370 5833 579 5892 Coloss.
610 5852 694 5904 ut,
724 5835 814 5895 12.

1952 4561 2120 4625 tibus,
2153 4560 2319 4616 etiam
2344 4571 2603 4633 parentes
2631 4577 2758 4616 cum
2788 4559 3054 4615 fratribus
3101 4560 3527 4630 conjungentur.

1949 4651 2007 4706 ld
2032 4652 2179 4723 quod
2213 4652 2289 4707 ita
2319 4653 2529 4708 evenit.
2565 4653 2665 4709 Vix
2689 4652 2837 4708 enim
2860 4651 2972 4706 dno
3019 4650 3346 4707 efiluxerant
3389 4651 3530 4718 dies,

1946 4757 2073 4797 cum
2104 4752 2160 4796 et
2201 4742 2306 4812 ipsi
2367 4742 2595 4808 adsunt,
2654 4741 2913 4796 muniﬁca
2962 4756 3129 4795 manu
3180 4740 3530 4812 largitionem

1947 4845 2288 4891 exercentes.
2329 4835 2433 4903 Qui
2470 4836 2563 4890 ubi
2600 4836 2666 4890 ad
2697 4843 2950 4890 sanctum
2994 4832 3258 4888 Calvariae
3286 4844 3530 4889 montem

1948 4937 2113 4997 atque
2147 4927 2215 4981 ad
2268 4927 2546 4982 vivificum
2578 4925 2786 4981 Christi
2832 4924 2929 5002 Dei
2986 4924 3161 4979 nostri
3216 4925 3531 4990 sepulcrum

1949 5027 2320 5084 accesserunt,
2347 5018 2569 5073 divinus
2615 5017 2708 5072 ille
2736 5032 2907 5072 senex
2930 5016 3014 5072 eis
3040 5018 3304 5081 occurrit,
3335 5016 3430 5087 qui
3475 5026 3532 5071 et

1949 5119 2111 5165 antea
2143 5110 2211 5165 de
2243 5120 2498 5165 natorum
2527 5112 2641 5165 vita
2669 5109 2939 5165 certiores
2966 5107 3304 5171 reddiderat.
3334 5118 3390 5166 et
3417 5111 3531 5177 iam

1949 5210 2163 5256 tantum
2196 5218 2306 5257 non
2335 5201 2529 5256 adesse
2580 5216 2645 5256 ac
2673 5199 2854 5255 videri
2905 5198 3334 5271 signiﬁcaverat.
3370 5198 3532 5254 Hunc

1950 5292 2046 5347 ubi
2095 5291 2356 5347 adierunt
2395 5290 2665 5353 exhibita,
2702 5289 2784 5344 uti
2824 5304 2921 5359 par
2959 5296 3099 5353 erat,
3145 5285 3531 5352 veneratione,

1955 5386 2208 5456 promissi
2263 5386 2428 5439 ﬁnem
2485 5385 2733 5454 exigunt,
2775 5381 3130 5450 ﬁliorumque
3171 5388 3529 5447 conspectum

1952 5479 2265 5549 requirunt.
2328 5475 2544 5533 Interea
2599 5476 2731 5531 dum
2779 5475 2837 5529 hi
2897 5486 3180 5529 sermones
3230 5468 3529 5534 habentur,

1953 5571 2203 5645 generosi
2231 5573 2464 5644 juvenes
2494 5580 2643 5627 retro
2677 5567 2931 5626 astabant
2976 5562 3116 5627 seni,
3141 5562 3260 5633 ejus
3278 5560 3530 5630 jussione

1952 5664 2241 5737 prohibiti,
2270 5678 2340 5720 ne
2363 5671 2457 5720 aut
2506 5663 2737 5719 verbum
2780 5660 3051 5721 facerent,
3082 5659 3177 5707 aut
3228 5649 3411 5720 aliqua
3445 5665 3529 5706 ra-
