3828 6516
353 376 376 429 τ]
393 372 496 428 0'39

1593 374 1874 434 MENSIS
1902 339 2374 464 JANQARIUS.

3452 385 3592 450 ιθιο

357 483 672 552 γεννήτορσι
708 485 1072 554 καταστῆσαι·
1111 486 1284 555 παρ’ὃ
1320 487 1413 539 καὶ⁵
1442 485 1716 556 διέμειναν
1744 487 1886 540 αὐτοῑ

1994 539 1997 548 ,
2028 488 2176 543 tione
2222 504 2282 544 se
2320 489 2642 558 parentibus
2691 491 3010 560 proderent.
3039 492 3407 559 Quamobrem
3436 496 3598 565 plane

355 574 622 642 ἄγνωστοι
673 574 842 646 μηδὲν
871 576 971 646 τῆς
1009 575 1188 647 ὅψεως
1236 578 1697 650 ὐποσῆμηνάσης,
1740 579 1826 632 διὰ
1862 581 1924 632 τὸ

359 665 700 737 μαρανθῆναι
745 669 811 738 τῇ
866 667 1093 740 ἀμέτρῳ
1147 669 1507 741 κακοπαθείᾳ,
1555 670 1628 734 ὡς
1674 671 1769 724 καὶ
1821 671 1922 744 ἤδη

353 758 659 828 φθάσαντες
689 761 1062 834 ἐδηλώσαμεν.
1100 765 1324 830 Πάντως
1358 765 1413 818 δέ
1443 765 1501 818 οὐ
1532 765 1715 818 σιτίων
1739 766 1918 836 μόνον,

351 849 486 902 ἀλλά
519 852 612 904 καὶ
663 851 907 924 γλώττης
946 853 1125 925 πολλῷ
1183 855 1384 926 μᾶλλον
1423 855 1710 926 ἐγκρατεῖς
1758 850 1918 925 ἦσαν.

349 940 481 993 Οὐδέ
511 941 619 1011 γάρ
667 943 885 1011 μέτριον
917 937 1008 1016 ἦν,
1041 943 1161 998 οὐδὲ
1191 943 1413 1013 κοῦφον,
1447 943 1507 996 τὸ
1539 944 1792 1013 πατέρων
1821 943 1920 996 αύ-

345 1034 470 1096 τοὺς
504 1033 583 1096 εἰς
617 1032 739 1102 ὕψιν
775 1035 1024 1099 ἐλθόντας
1061 1036 1198 1106 μετά
1237 1036 1571 1108 δριμυτάτην
1599 1034 1914 1106 ἐπιθυμίαν,

346 1126 438 1178 καὶ
477 1123 617 1178 οὕτω
653 1125 752 1196 μὲν
782 1127 976 1191 αὐτοὺς
1007 1127 1328 1194 ποθοῦντας,
1368 1127 1508 1181 οὕτω
1540 1127 1597 1181 δὲ
1645 1127 1911 1197 ποθουμέ-

345 1234 490 1280 νους,
535 1217 826 1287 ὑπομεῖναι
857 1218 955 1290 τὴν
992 1221 1226 1291 σιωπὴν,
1279 1221 1373 1273 καὶ
1415 1221 1489 1289 μὴ
1543 1220 1702 1289 μόνον
1751 1219 1914 1289 μηδὲν

345 1308 706 1376 φθέγξασθαι,
740 1307 876 1362 άλλά
919 1309 1051 1380 μηδέ
1091 1311 1324 1382 δάκρυον
1363 1311 1452 1364 ὐπ’
1487 1310 1726 1380 ἀμέτρου
1757 1325 1914 1378 περι-

342 1398 566 1466 χαρείας
611 1399 934 1467 ἐξενεγκεῖν·
985 1399 1014 1452 ὃ
1063 1401 1158 1454 καὶ
1202 1401 1298 1471 τῆς
1345 1399 1465 1470 βίας
1506 1400 1750 1471 κρεῖττόν
1795 1399 1911 1452 ἐστι

341 1490 589 1561 φανερῶς
618 1492 716 1560 τῆς
744 1493 922 1546 πάντα
951 1492 1186 1564 νικώσης
1218 1494 1452 1560 φύσεως.

409 1585 535 1637 ΚΖ’.
592 1583 745 1638 Ἐπεὶ
771 1580 863 1638 οὖν
896 1584 946 1636 οἱ
980 1583 1281 1655 θαυμαστοὶ
1307 1585 1514 1648 παῖδες,
1547 1585 1670 1648 τοὺς
1701 1584 1910 1638 ἑαυτῶν

2026 579 2159 650 ipsis
2211 579 2496 650 incogniti,
2552 595 2622 635 ne
2652 581 2896 637 vultibus
2923 581 3144 653 quidem
3197 585 3597 654 prodebantur,

2025 671 2338 732 immodica,
2361 671 2438 726 uti
2461 672 2720 736 diximus,
2738 672 2984 728 laborum
2999 675 3291 746 asperitate
3305 691 3598 748 consump-

2025 759 2114 814 tis.
2154 760 2270 815 Non
2293 760 2466 814 solum
2514 762 2662 816 enim
2712 778 2904 818 eorum
2939 780 3060 834 quae
3093 765 3161 820 ad
3185 767 3390 844 victum
3422 769 3595 837 perti-

2019 859 2174 916 nent,
2203 851 2300 906 sed
2331 853 2504 907 multo
2527 855 2690 909 etiam
2717 855 2888 926 magis
2917 857 3117 926 linguae.
3145 866 3399 921 potentes
3418 870 3594 914 erant.

2019 941 2088 996 Et
2129 957 2258 998 sane
2294 960 2402 998 non
2459 945 2594 1000 levis
2647 962 2828 1018 neque
2871 949 3167 1004 mediocris
3194 950 3419 1005 virtutis
3449 962 3591 1015 erat,

2019 1041 2142 1102 post
2171 1034 2710 1091 vehementissimum
2735 1038 3068 1094 desiderium
3091 1081 3105 1106 ,
3139 1051 3246 1095 tam
3272 1052 3594 1112 expetentes

2021 1136 2238 1195 tamque
2269 1128 2540 1196 expetitos
2574 1129 2626 1183 in
2658 1140 2945 1200 parentum
2981 1144 3336 1200 conspectum
3376 1135 3586 1198 venire,

2015 1229 2080 1268 ac
2109 1215 2388 1270 silentium
2417 1233 2658 1283 servare,
2681 1229 2735 1273 et
2786 1236 2894 1275 non
2925 1231 3138 1276 tantum
3168 1238 3199 1277 a
3229 1224 3439 1287 verbis,
3489 1241 3586 1280 ve-

2015 1317 2137 1356 rum
2165 1303 2328 1356 etiam
2379 1319 2408 1357 a
2467 1305 2724 1376 lacrymis
2772 1307 2826 1360 in
2878 1318 2988 1363 tam
3053 1310 3333 1366 immensa:
3387 1312 3589 1366 laetitia:

2013 1391 2346 1445 abundantia
2381 1401 2706 1462 temperare.
2740 1395 2894 1462 Quod
2956 1397 3229 1452 violentiae
3279 1414 3455 1465 genus
3489 1415 3588 1455 ua-

2013 1493 2135 1537 tura
2165 1484 2349 1537 omnia
2369 1495 2663 1554 superante
2692 1486 2968 1555 potentius
2992 1488 3222 1543 exstitit.

2083 1573 2293 1628 XXVII.
2328 1573 2464 1630 Cum
2506 1575 2689 1644 itaque
2739 1579 3299 1649 admirandijuvenes
3339 1581 3584 1650 parenti-

336 1674 651 1740 ὲπιγνόντες
692 1674 958 1744 πατέρας,
991 1677 1145 1729 αὐτοὶ⁵
1195 1676 1324 1748 παρ’
1372 1677 1598 1739 ἐκείνοις
1630 1675 1886 1746 διέμειναε

2010 1665 2115 1720 bus
2138 1667 2249 1734 jam
2273 1667 2508 1737 cognitis
2535 1669 2716 1724 adhuc
2745 1681 2932 1726 essent
2966 1672 3252 1742 incogniti,
3279 1672 3459 1735 Abite,
3498 1676 3584 1726 in-

335 1765 624 1834 ἄγνωστοι,
661 1768 878 1834 Ἀπιτε,
919 1768 1051 1838 φησὶ
1085 1768 1220 1840 πρὸς
1274 1768 1470 1832 αὐτοὺς
1499 1769 1527 1822 ό
1559 1768 1736 1838 γέρων
1767 1768 1886 1840 μετέ

2009 1758 2127 1828 quit
2158 1773 2324 1814 senex
2373 1763 2498 1815 laeto
2529 1763 2712 1816 animo
2738 1763 3056 1833 linguaque,
3099 1775 3154 1820 et
3200 1765 3400 1819 bonam
3425 1766 3584 1821 nobis

333 1828 736 1930 κεχαρισμένης
778 1828 876 1912 καί
916 1828 1163 1929 ἧλὶδτττίς
1200 1828 1301 1914 καὶ
1329 1828 1528 1932 ψυχῆς,
1570 1828 1740 1932 καλὴν
1767 1828 1886 1932 ῆμῖ·

2009 1864 2250 1905 mensam
2274 1860 2534 1920 apparate
2561 1868 2694 1923 :ego
2720 1869 2848 1907 mox
2882 1869 3005 1908 cum
3049 1854 3266 1910 duobus
3294 1856 3579 1925 discipulis

334 1947 713 2018 ἑτοιμάσαντες
763 1950 1063 2020 τράπεζαν.
1105 1950 1426 2020 Ἐλεύσομαι
1473 1951 1528 2004 δὲ
1570 1951 1731 2013 αὐτὸς
1766 1951 1886 2020 μετέ

2007 1941 2145 1996 meis
2169 1957 2264 1997 vos
2294 1943 2682 1998 consolaturus
2735 1946 3060 2014 subsequar,
3119 1956 3195 2008 et.
3238 1949 3387 2016 quod
3448 1949 3578 2002 reli-

329 2040 440 2094 τῶν
463 2039 554 2094 δύο
591 2058 693 2111 μου
727 2041 985 2111 μαθητῶν
1024 2041 1190 2095 τῶνδε
1235 2041 1886 2112 συμπαρακληθησόμενος

2002 2048 2172 2104 quum
2193 2043 2298 2100 est,
2328 2035 2396 2089 ad
2424 2035 2602 2090 locum
2625 2036 2718 2091 ubi
2748 2038 3068 2092 charissima
3096 2039 3324 2110 pignora
3349 2040 3579 2096 videatis

333 2129 482 2200 ὑμῖν,
513 2130 604 2183 καὶ
632 2131 693 2183 τὸ
719 2131 906 2186 λοιπὸν
945 2131 1138 2195 ἀπάξω
1169 2133 1320 2202 παρά
1339 2133 1431 2185 τὸν
1455 2132 1616 2186 τόπον
1647 2132 1674 2183 ὐ
1685 2133 1809 2202 μᾶς,
1844 2132 1886 2185 ἐκ

2002 2124 2293 2182 deducam.
2325 2125 2537 2192 Quibus
2592 2128 2670 2182 illi
2699 2129 2905 2183 auditis
2936 2129 3124 2184 laetitia
3155 2147 3264 2185 non
3308 2131 3579 2186 mediocri

328 2213 373 2288 ᾧ
425 2222 551 2286 τοὺς
600 2221 889 2292 φιλτάτους
938 2224 1087 2286 υίούς
1116 2222 1333 2292 ὕφεσθε.
1385 2222 1668 2291 Ἥσθησαν
1702 2225 1886 2276 ἐκεῖνοι

2001 2218 2211 2288 perfusi
2242 2227 2391 2280 sunt,
2422 2233 2531 2273 non
2575 2227 2788 2274 tantum
2820 2221 2966 2290 quod
3004 2203 3242 2276 ﬁliorum
3269 2223 3404 2292 ipsis
3441 2238 3574 2277 con-

328 2311 487 2368 τοῦτο
515 2313 867 2379 ἀκούσαντες,
915 2314 976 2369 οὐ
1017 2315 1216 2385 μᾶλλον
1258 2316 1352 2368 ἐπὶ
1384 2315 1462 2385 τῷ
1494 2315 1898 2386 ἐπαγγελθῆναι

327 2405 452 2466 τοὺς
502 2405 701 2468 παῖδας
758 2405 904 2469 ίδείν,
959 2405 1083 2459 ὅσον
1127 2406 1223 2459 ἐπὶ
1279 2404 1358 2459 τῶ
1410 2405 1591 2473 ἀξίους
1643 2407 1897 2477 κριθῆναι

327 2492 521 2562 ἀνδρὸς
560 2493 883 2565 ἑστιάτορας
925 2494 1157 2566 ὀφθῆναι
1201 2495 1464 2550 τοιούτου.
1517 2494 1737 2568 Ἐὠρων
1785 2497 1893 2569 γάρ

313 2583 426 2637 ὀὐκ
457 2585 536 2649 εἰς
568 2584 629 2637 τὸ
673 2585 827 2653 γένος
867 2587 958 2638 καὶ
1003 2587 1103 2656 τὴν
1135 2586 1492 2657 περιφάνειαν
1529 2587 1628 2657 τὴν
1665 2587 1892 2655 οἰκείαν,

323 2672 440 2725 ἀλλ’
485 2676 565 2737 εἰς
610 2673 709 2743 τὴν
747 2675 958 2727 ἐκείνου
1005 2675 1141 2745 πρὸς
1179 2673 1310 2730 Θεὸν
1357 2675 1656 2741 οἱκείωσιν,
1713 2675 1892 2745 πολλῷ

321 2767 657 2838 τιμιωτέραν
691 2767 925 2821 πλούτου
959 2770 1054 2821 καὶ
1083 2767 1364 2834 εὐγενείας
1407 2767 1607 2840 ἀρετὴν
1638 2765 1778 2821 εἶναι
1806 2784 1893 2821 νο-

324 2858 594 2928 μίζοντες.
643 2861 898 2914 Ἐκείνων
947 2860 1240 2930 τοιγαροῦν
1287 2860 1605 2931 οἰχομένων,
1637 2861 1665 2914 ό
1711 2859 1892 2931 γέρων

317 2952 431 3016 τοὶς
473 2951 678 3017 παισὶν,
742 2951 1039 3022 Ἀπίωμεν,
1090 2951 1214 3022 ἔφη,
1262 2951 1736 3022 συνεστιασόμενοι
1779 2953 1891 3015 τοῖς

309 3041 557 3112 πατράσι
586 3043 698 3103 τοῖς
734 3041 1046 3113 ὑμετέροις,
1082 3043 1206 3095 ἐπεὶ
1237 3043 1400 3113 μηδὲν
1431 3045 1588 3113 ὑμεῖς
1624 3043 1792 3112 βλαῦή
1805 3059 1890 3095 σε·

2000 2319 2249 2379 spectum
2289 2311 2665 2379 polliceretur,
2720 2313 2814 2367 sed
2837 2313 2983 2382 quod
3017 2313 3152 2367 tanti
3179 2315 3281 2368 viri
3329 2330 3442 2368 non
3488 2317 3575 2369 in-

1999 2402 2147 2471 digni
2175 2403 2416 2457 convivae
2443 2403 2844 2473 iudicarentur.
2875 2404 3062 2473 Neque
3092 2404 3238 2460 enim
3288 2420 3452 2460 suum
3483 2413 3577 2460 aut

1997 2508 2168 2563 genus
2183 2503 2278 2547 aut
2305 2493 2651 2563 splendorem
2678 2494 3068 2565 respiciebant;
3099 2496 3194 2550 sed
3236 2497 3414 2565 ipsius
3447 2512 3574 2552 cum

1997 2585 2109 2639 Deo
2143 2585 2610 2656 coniunctionem,
2642 2586 2905 2641 virtutem
2929 2587 3120 2657 utique
3144 2587 3352 2642 divitiis
3377 2605 3445 2643 ac
3473 2603 3575 2643 no-

1997 2676 2208 2731 bilitate
2239 2677 2394 2747 longe
2419 2677 2688 2746 potiorem
2711 2677 3008 2733 ducebant.
3039 2679 3176 2748 Ipsis
3205 2679 3373 2750 igitur
3395 2681 3569 2735 Deum

1993 2769 2367 2839 precantibus,
2399 2769 2584 2824 senior
2634 2768 2762 2824 ﬁliis
2805 2788 2817 2823 :
2847 2769 3068 2835 Eamus,
3093 2771 3290 2840 inquit,
3321 2786 3448 2826 cum
3473 2787 3572 2842 pa-

1994 2863 2246 2916 rentibus
2271 2862 2482 2918 vestris-
2498 2862 2777 2932 pransuri,
2809 2877 2931 2917 cum
2957 2862 3097 2916 nihil
3125 2862 3252 2916 inde
3282 2862 3444 2917 vobis
3468 2879 3570 2917 no-

1992 2969 2074 3008 xae
2118 2955 2366 3008 futurum
2413 2955 2505 3008 sit.
2527 2955 2618 3010 Sic
2670 2954 2818 3008 enim
2865 2954 3065 3017 sentio,
3110 2965 3568 3023 quantoscunque

1991 3048 2060 3102 ad
2096 3048 2540 3118 consequendam
2569 3047 2828 3102 virtutem
2864 3045 3083 3100 labores
3131 3045 3436 3105 subieritis.
3466 3061 3566 3100 nec

316 3132 411 3184 σθε
446 3133 598 3202 παρά
625 3132 805 3188 τοῦτο.
838 3133 984 3202 Φημὶ
1016 3134 1146 3204 γάρ,
1173 3135 1333 3196 ὅσους
1367 3133 1432 3188 ἂν
1465 3134 1558 3187 καὶ
1586 3133 1651 3186 δι’
1679 3135 1881 3206 ἀρετὴν

1994 3154 2269 3208 quaquam
2302 3149 2486 3194 tamen
2513 3154 2611 3194 vos
2631 3139 2695 3193 ad
2730 3151 3020 3208 parentum
3046 3149 3356 3194 vestrorum
3413 3154 3568 3193 men-

315 3222 583 3294 ὐπέλθητε
623 3224 843 3290 κόπους,
889 3224 984 3277 τοῦ
1033 3226 1230 3297 μέτρου
1271 3225 1380 3279 τῶν
1429 3225 1681 3296 πατέρων
1729 3227 1884 3296 ὐμῶν

312 3313 565 3384 οὐδαμῶς
627 3316 924 3384 ἐφίκοισθε·
957 3316 1098 3369 ῶστε
1144 3317 1206 3370 οὐ
1245 3316 1440 3386 βλάϐη,
1481 3317 1595 3370 ἀλλ’
1647 3318 1883 3387 ὠφέλεια

315 3404 514 3474 μᾶλλον
559 3405 623 3457 ἐκ
665 3405 756 3458 τοῦ
791 3406 1000 3474 ὁμιλεῖν
1051 3405 1311 3470 τοιούτοις
1353 3407 1656 3482 ἀκολουθεῖ.
1711 3407 1884 3462 Τοῦτο

308 3495 503 3559 είπὼν,
559 3493 714 3560 αὐθις
758 3497 970 3563 σιωπὴν
1023 3499 1207 3562 αὐτοῖς
1255 3498 1650 3570 παραγγέλλει,
1675 3501 1770 3553 καὶ
1822 3501 1882 3554 τὸ

309 3591 474 3660 μηδὲν
516 3590 652 3652 ὅλως
699 3588 834 3660 πρὸς
872 3591 1187 3663 γνωρισμδν
1219 3591 1734 3662 παραφθέγξασθαιο
1781 3593 1881 3647 αὐ-

303 3681 416 3743 τοῖς
439 3683 551 3742 τοῖς
581 3681 870 3751 πράγμασι
898 3683 996 3754 τὴν
1027 3682 1332 3753 φανέρωσιν
1358 3686 1687 3754 ἐπιτρέπων.

376 3773 510 3827 KH'.
540 3773 689 3827 Ἐπεὶ
721 3774 777 3827 δὲ
800 3776 891 3827 καὶ
922 3775 1245 3839 ἀπελθόντες
1271 3776 1407 3849 πρὸς
1434 3776 1496 3830 τὺ
1523 3779 1718 3845 φαγεῖν
1747 3794 1876 3832 κατ-

303 3861 618 3934 εκλίθησαν,
667 3863 896 3934 ⁴Ιγριιῖγιων
944 3866 993 3918 οἱ
1029 3867 1140 3920 τῶν
1169 3866 1376 3920 παίδων
1421 3867 1680 3936 πατέρες,
1727 3869 1874 3932 Πῶς,

303 3951 488 4023 Πάτερ
507 3991 523 4016 ,
552 3952 822 4022 λέγοντες,
869 3955 939 4008 τά
962 3954 1129 4008 τέκνα
1155 3953 1311 4025 ἡμῶν
1344 3954 1455 4024 ἔχει
1486 3971 1501 4020 ;
1549 3956 1606 4007 '0
1639 3954 1719 4019 δέ,
1757 3959 1873 4010 Κα-

302 4045 434 4114 λῶς,
462 4045 563 4116 ἔφη
593 4063 608 4078 ο
643 4045 792 4116 ἀγὼν
820 4046 930 4117 γὰρ
960 4046 1142 4110 αὐτοῖς
1183 4047 1353 4098 σῶσαι
1399 4044 1499 4114 τὴν
1539 4045 1748 4099 ἑαυτῶν
1771 4046 1874 4115 ψυ-

301 4137 424 4206 χήν.
451 4137 704 4189 Κάκεῖνοι
734 4136 865 4206 εὐχῇ
899 4135 990 4188 τὸν
1019 4133 1113 4187 τοῦ
1135 4135 1389 4204 γέροντος
1418 4131 1576 4200 λόγον
1602 4134 1680 4195 εἰς
1703 4134 1872 4204 πέρας

299 4226 476 4280 ἐλθεῖν
500 4226 761 4296 ἠξίωσαν.
790 4222 928 4280 Εἶτα
946 4226 1204 4296 προσθεὶς
1223 4227 1251 4278 ὁ
1277 4223 1562 4286 θεσπέσιος
1587 4222 1871 4294 Ξενοφῶν,

310 4318 400 4381 Ὠς
451 4318 604 4372 καλοί
651 4335 767 4383 σου,
825 4318 950 4388 ἔφη,
986 4317 1194 4388 Πάτερ,
1239 4315 1289 4367 οἱ
1341 4314 1581 4386 μαθηταὶ
1615 4315 1708 4368 καὶ
1754 4315 1872 4386 Θεῷ

296 4410 396 4461 τὰν
423 4410 515 4463 οὐν
550 4409 626 4481 (1)
683 4409 1041 4479 διακείμενοι,
1086 4408 1181 4462 καί
1217 4424 1319 4478 μου
1369 4406 1646 4477 κατάκρας
1691 4407 1870 4478 χαίρει

1993 3246 2178 3286 suram
2221 3233 2541 3286 accessisse.
2572 3232 2940 3298 Quamobrem
2966 3245 3075 3284 non
3109 3241 3215 3286 tam
3236 3231 3451 3301 jactura
3474 3246 3568 3282 vo-

1992 3323 2100 3387 bis,
2143 3339 2311 3392 quam
2344 3324 2552 3378 utilitas
2585 3339 2653 3377 ex
2689 3337 2882 3378 eorum
2925 3337 3221 3391 congressu
3255 3321 3562 3376 obventura

1985 3423 2092 3470 est.
2147 3415 2244 3470 [iis
2277 3415 2464 3480 dictis,
2506 3431 2728 3470 rursum
2785 3414 2855 3469 iis
2899 3414 3184 3468 silentium
3233 3413 3560 3483 praescrihit,

1989 3508 2100 3563 imo
2126 3509 2195 3563 ab
2229 3509 2377 3562 omni
2435 3522 2495 3562 re
2527 3524 2648 3578 qua:
2683 3506 3010 3577 cognitionis
3057 3521 3186 3560 ansa
3229 3521 3350 3560 esse
3377 3517 3565 3575 queat,

1985 3601 2055 3656 ad
2094 3601 2247 3672 ipsos
2281 3600 2605 3671 parentibus
2637 3598 2982 3663 indicandos,
3011 3597 3287 3653 abstinere
3308 3597 3488 3666 jubet.

2056 3766 2293 3824 XXVIII.
2325 3767 2429 3825 Ubi
2473 3775 2654 3823 autem
2688 3765 2753 3822 ad
2780 3765 3107 3822 sumendum
3141 3765 3327 3822 cibum
3353 3779 3556 3821 conve-

1986 3873 2209 3931 nerunt,
2235 3864 2347 3934 jam
2377 3862 2730 3918 considentes
2777 3875 2968 3930 rogare
3000 3867 3308 3929 coeperunt,
3353 3856 3426 3913 Ut
3456 3859 3553 3912 ha-

1987 3956 2142 4019 bent,
2167 3971 2199 4010 ο
2219 3953 2404 4020 Pater,
2437 3955 2535 4008 ﬁlii
2556 3952 2772 4007 nostri?
2795 3951 3064 4016 Perbelle,
3087 3952 3364 4006 aitsenex.
3388 3950 3554 4006 Nam-

1981 4065 2088 4118 que
2122 4049 2226 4103 hoc
2268 4061 2436 4101 unum
2489 4046 2761 4109 laborant,
2791 4053 2851 4099 ut
2883 4052 3106 4099 servent
3153 4043 3366 4097 animas
3403 4057 3546 4096 suas.

1982 4140 2121 4195 Tum
2155 4139 2232 4194 illi
2264 4137 2598 4208 supplicant,
2632 4146 2693 4190 ut
2738 4151 2924 4190 rerum
2972 4135 3223 4188 omnium
3260 4148 3384 4203 quae
3426 4134 3550 4188 [iliis

1979 4231 2314 4286 accidissent
2337 4229 2550 4284 tandem
2579 4228 2948 4283 narrationem
2978 4227 3248 4282 absolvat.
3269 4228 3348 4282 At:
3364 4227 3550 4282 subdi-

1979 4323 2059 4376 dit
2091 4322 2578 4392 praestantissimus
2605 4319 2912 4389 Xenophon
2947 4336 2961 4372 :
2989 4318 3162 4385 Quam
3197 4319 3428 4389 egregii,
3453 4320 3547 4372 Pa-

1980 4423 2083 4480 ter,
2115 4423 2243 4469 sunt
2289 4413 2345 4467 hi
2382 4413 2460 4467 tui
2505 4412 2784 4482 discipuli,
2820 4425 3095 4482 quamque
3149 4411 3204 4465 in
3234 4409 3405 4464 Deum
3440 4419 3543 4462 tota

297 4499 383 4552 ἐπ’
417 4501 600 4564 αὐτοῖς
624 4502 658 4571 ἡ
703 4500 880 4570 ψυχὴ,
916 4499 1012 4552 καὶ
1041 4497 1131 4552 τὸν
1156 4498 1434 4570 όθφαλμὺν
1466 4498 1664 4568 ἥδομαι
1695 4515 1866 4568 προσ-

1994 4518 2150 4563 nente
2171 4504 2464 4576 propensi?
2486 4503 2684 4558 Eorum
2713 4518 2842 4557 sane
2863 4513 3123 4558 oecursus
3149 4516 3272 4554 cum
3303 4501 3545 4555 animum

297 4589 508 4643 θάλλων
545 4593 756 4658 αὐτοῖς.
812 4586 979 4656 Εὖξαι
1026 4589 1337 4660 τοιγαροῦν,
1379 4588 1620 4644 θειότατε
1657 4591 1864 4662 Πάτερ,

296 4681 392 4735 καὶ
455 4683 584 4745 τούς
643 4683 793 4747 υίούς
852 4681 1011 4754 ἡμῶν
1078 4681 1349 4750 ἀποϐῆναι
1405 4681 1696 4746 τοιούτους.
1762 4683 1873 4735 Καὶ

291 4771 438 4827 οὕτω
501 4775 601 4844 μὲν
671 4776 698 4828 ὁ
762 4758 1067 4844 θαυμάσιος
1143 4773 1394 4843 Ξενοφῶν
1445 4775 1501 4826 ἐν
1553 4774 1744 4846 ἀγνοίᾳ
1803 4776 1870 4827 τά

292 4864 488 4918 ἑαυτοῦ
528 4865 788 4931 ἐπαινῶν,
841 4867 934 4919 καὶ
983 4868 1120 4937 ὅπερ
1159 4867 1260 4938 ήδη
1298 4867 1354 4919 ἐν
1389 4866 1576 4936 χερσὶν
1612 4863 1744 4937 εἶχε,
1798 4868 1866 4920 δι’

292 4959 458 5029 εὐχῆς
509 4955 654 5022 ἕξειν
700 4957 1043 5028 ποιούμενος.
1091 4959 1149 5013 '0
1175 4958 1358 5029 μέντοι
1404 4958 1570 5022 πολὺς
1611 4957 1710 5028 τὴν
1748 4958 1870 5010 σύν-

291 5066 408 5104 εσιν
435 5051 633 5120 γέρων,
667 5047 802 5104 Είπέ
839 5069 952 5122 μοι,
992 5051 1118 5122 ἔφη,
1140 5051 1329 5104 τέκνον
1365 5051 1523 5122 (πρὸς
1551 5049 1641 5103 τὸν
1673 5051 1869 5122 Ἀρκά-

288 5147 398 5198 ὃιον
432 5143 685 5215 ἀπιδὼν),
723 5145 884 5208 ποίας
936 5143 1036 5216 μὲν
1079 5144 1287 5207 πόλεως
1335 5141 1420 5210 εἷς
1460 5144 1625 5197 ποίων
1660 5143 1718 5196 δέ
1771 5160 1865 5210 γο-

289 5236 463 5304 νέωνς
500 5237 659 5302 ποίας
692 5237 747 5290 δὲ
776 5237 875 5308 τῆς
907 5237 1218 5308 ἀνατροφῆς
1250 5235 1439 5306 ἔτυχες
1467 5250 1481 5296 ;
1514 5235 1658 5305 Πρὸς
1691 5232 1865 5288 ταῦτα

291 5331 319 5382 ὁ
352 5329 493 5394 θεῖος
534 5329 833 5401 ’Δρκάδιος,
870 5330 1028 5398 Ἐγὼ,
1059 5329 1186 5401 ἐφη,
1215 5329 1419 5399 Πάτερ,
1444 5327 1538 5381 τοῦ
1567 5323 1860 5391 Βυζαντίου

293 5419 394 5493 μὲν
441 5421 728 5494 ὥρμημαιο
761 5423 873 5487 υίὸς
909 5422 965 5475 δέ
1013 5424 1127 5492 ειμι
1152 5420 1353 5490 γονέων
1399 5419 1634 5487 εὐγενῶν
1669 5418 1764 5487 (ὡς
1796 5417 1856 5469 τὸ

287 5512 484 5583 ἀληθὲς
537 5512 806 5584 βούλεται)
857 5514 950 5568 καλ⁵
999 5511 1336 5583 περιφανῶν.
1386 5511 1594 5581 Ὀνομα
1638 5509 1714 5581 τῷ
1762 5510 1860 5580 μὲν

286 5603 456 5673 πατρὶ⁸
489 5601 757 5673 Ξενοφῶν,
792 5605 859 5674 τῇ
897 5604 1063 5674 μητρὶ
1105 5601 1163 5655 δέ
1210 5601 1418 5673 Μαρία,
1462 5599 1669 5671 ὡραίαν
1722 5599 1858 5672 μετά

361 5782 437 5853 (l)
468 5780 558 5838 Sic
590 5782 781 5837 codex.
827 5781 1183 5838 Scribendum
1212 5782 1302 5835 τὸν
1335 5781 1478 5836 νοῦν.

1973 4615 2151 4654 meum
2193 4611 2408 4650 summo
2444 4591 2960 4665 perfunditgandio,
2991 4599 3104 4644 tum
3127 4589 3317 4642 oculos
3349 4589 3542 4658 jucun-

1970 4691 2199 4747 dissima
2236 4689 2517 4756 voluptate
2546 4685 2833 4739 exhilarat.
2859 4681 3124 4749 Quocirca
3176 4681 3350 4735 Deum
3393 4682 3545 4734 obse-

1969 4796 2083 4845 cra,
2112 4779 2456 4833 divinissime
2485 4778 2664 4836 Pater.
2688 4784 2748 4828 ut
2780 4783 2836 4828 et
2864 4772 3038 4827 nostri
3063 4772 3223 4826 liberi
3257 4772 3395 4826 tales
3419 4786 3541 4826 eva-

1968 4873 2118 4927 dant.
2136 4872 2214 4926 Ita
2231 4867 2584 4923 admirandus
2608 4866 2912 4935 Xenophon
2945 4865 3104 4934 plane
3127 4864 3338 4917 inscius
3367 4863 3543 4918 laudat

1969 4979 2059 5018 res
2091 4977 2240 5025 suas,
2275 4969 2331 5015 et
2362 4959 2507 5026 quod
2545 4959 2600 5011 in
2639 4957 2896 5010 manibus
2922 4963 3062 5020 erat,
3101 4953 3158 5007 id
3199 4955 3342 5008 votis
3365 4953 3539 5008 omni-

1969 5057 2073 5111 bus
2094 5054 2404 5124 expetebat.
2437 5055 2504 5105 At
2552 5048 2992 5120 sapientissimus
3035 5062 3203 5102 senex
3249 5047 3538 5101 Arcadium

1965 5146 2206 5208 intuens,
2267 5145 2400 5213 Age,
2433 5141 2629 5210 inquit,
2679 5139 2776 5204 (ili,
2815 5154 2935 5207 qua:
2970 5147 3060 5192 tua
3103 5138 3174 5192 sit
3221 5139 3422 5207 patria,
3451 5136 3536 5206 qui

1964 5239 2242 5304 parentes,
2272 5245 2393 5300 quae
2422 5228 2701 5296 educatio,
2749 5227 2910 5283 nobis
2937 5226 3204 5282 edissere.
3252 5227 3356 5282 Cui
3406 5228 3536 5281 diti-

1972 5341 2079 5380 nus
2105 5323 2374 5379 Arcadius
2401 5340 2416 5377 :
2447 5321 2713 5392 Equidem
2747 5320 3010 5391 Byzantio
3039 5320 3148 5376 huc
3191 5319 3412 5374 adveni.
3437 5319 3533 5374 Pa-

1982 5413 2231 5469 rentibus
2285 5422 2466 5467 aulem
2532 5411 2830 5476 nobilibus,
2876 5418 2932 5465 et
2980 5417 3042 5463 ut
3097 5409 3278 5463 dicam
3320 5407 3534 5462 omniio

1970 5507 2116 5578 quod
2141 5520 2229 5560 res
2257 5514 2361 5568 est,
2398 5503 2708 5558 illustribus
2737 5511 2899 5556 natus
2919 5515 3063 5556 sum.
3099 5499 3246 5554 Patri
3285 5513 3411 5553 meo
3441 5513 3531 5552 no-

1969 5613 2093 5654 men
2140 5605 2258 5654 erat
2293 5594 2621 5668 Xenophon,
2657 5593 2819 5649 matri
2870 5593 3054 5662 Maria,
3105 5594 3162 5649 in
3189 5606 3420 5660 corpore
3443 5605 3524 5642 Vc-
