3828 6472
327 457 457 543 ron

1570 453 1749 515 VI'I’A
1789 455 1850 515 S.
1891 452 2451 516 XENOPHONTIS.

3442 455 3580 522 1042

320 579 489 625 nusto
540 580 727 638 parem
789 568 1031 621 mentem
1087 564 1317 636 adeptae.
1370 565 1560 622 Frater
1617 563 1753 618 mihi
1792 561 1893 619 fuit

2000 563 2091 616 τοῦ
2123 564 2376 633 σώματος
2402 562 2600 634 ἐχούσῃ
2634 562 2730 617 καὶ
2762 561 2861 633 τὴν
2892 560 3095 635 ψυχήν.
3139 558 3248 618 Ἦν
3277 563 3332 617 δέ
3368 582 3457 635 μοι
3488 564 3584 619 καὶ

316 660 555 715 Joannes
578 657 1049 713 nomine.C:etera
1094 656 1354 727 deinceps
1398 664 1893 724 enarrant,quem-

316 749 612 806 admodum
663 749 948 806 institutus
1012 747 1219 813 fuerit,
1278 756 1340 803 ut
1393 746 1776 814 navigaverit.
1837 745 1892 799 in

322 850 530 911 quanto
574 839 823 910 periculo
873 849 1148 906 versatus,
1201 846 1408 909 quanto
1464 836 1562 892 Dei
1623 834 1894 891 beneiicio

316 941 568 989 servatus
617 933 708 987 sit.
749 931 876 987 Haec
908 931 1001 987 illo
1033 939 1295 986 narrante
1327 946 1451 986 mox
1503 945 1533 984 a
1570 928 1894 1000 parentibus

314 1026 483 1098 agniti
521 1033 675 1086 sunt,
708 1024 802 1095 qui
859 1023 1244 1080 incredibilem
1284 1024 1596 1077 animorum
1652 1021 1894 1076 exsulta-

319 1117 522 1172 tionem
578 1121 636 1168 et
670 1114 1030 1179 alacritatem,
1075 1113 1369 1181 cordisque
1411 1112 1690 1176 ardorem,
1743 1110 1895 1165 velut

315 1206 582 1275 impetum
612 1203 881 1258 divinitus
913 1202 1153 1258 amatum
1202 1218 1312 1258 non
1354 1202 1619 1266 ferentes,
1669 1208 1893 1271 repente

315 1303 683 1366 consurgunt,
712 1294 1093 1365 amplexantur
1124 1294 1353 1360 liberos,
1384 1309 1689 1364 eorumque
1711 1294 1891 1348 cervi-

314 1387 477 1444 cibus
528 1385 874 1451 circumfusi,
933 1385 1099 1443 simul
1155 1387 1381 1451 osculis,
1427 1385 1590 1441 simul
1637 1384 1892 1455 lacrymis

315 1480 646 1533 immensum
682 1476 993 1532 animorum
1027 1487 1308 1549 stuporem
1337 1477 1673 1540 excitabant,
1708 1476 1762 1530 in
1793 1475 1894 1529 bas

312 1583 479 1625 voces
505 1579 861 1639 erumpentes
896 1586 912 1633 ;
952 1568 1187 1640 Ergone,
1212 1571 1392 1635 Pater,
1417 1569 1474 1625 bi
1506 1577 1635 1626 sunt
1662 1567 1760 1623 ﬁlii
1792 1583 1892 1624 no-

316 1662 459 1718 stri?
496 1662 555 1716 bi
612 1677 743 1719 vere
785 1662 1173 1718 dilectissimi?
1215 1662 1270 1717 bi
1316 1661 1423 1733 ipsi
1460 1678 1490 1718 a
1536 1662 1700 1718 nobis
1739 1669 1891 1717 tanto

313 1769 438 1810 cum
474 1754 666 1810 dolore
688 1754 939 1824 quaesiti?
968 1754 1111 1821 Quid
1135 1753 1377 1809 deinde?
1418 1753 1539 1811 Uno
1560 1767 1655 1809 ore
1673 1751 1891 1808 laudem

314 1846 540 1903 Numini
570 1855 628 1902 et
666 1846 874 1917 gratias
906 1846 1180 1903 tribuunt.

2000 653 2226 724 ἀδελφὸς
2255 654 2427 722 δνομα
2468 655 2739 723 Ἰωάννης.
2781 654 3016 710 Ἔπειτα
3050 656 3288 727 καθεξῆς
3337 657 3485 727 λέγει
3511 660 3579 712 τὰ

1998 749 2101 817 τῆς
2134 746 2417 810 παιδείας,
2447 746 2516 800 τὰ
2545 746 2638 801 τοῦ
2671 746 2807 801 πλοῦ
2836 748 2930 801 καί⁵
2960 749 3027 802 τά
3060 748 3154 803 τοῦ
3187 748 3457 814 κινδύνου,
3490 751 3585 803 καὶ

1996 839 2116 902 οἵας
2145 839 2250 892 ύπδ
2279 838 2414 891 Θεοῦ
2447 838 2712 910 τετύχηκε
2742 839 3037 910 σωτηρίας.
3073 840 3232 899 Οὕτω
3266 842 3324 895 δὲ
3360 839 3579 907 διεξιόνο

1997 948 2109 997 τος,
2148 931 2201 984 οἱ
2233 932 2411 1000 γονεῖς
2454 931 2768 999 ἐπιγνόντες
2797 933 3014 1000 αὐτοὺς,
3059 935 3154 987 καὶ
3193 934 3255 987 τὸ
3287 933 3456 1005 ἅλμα,
3491 934 3584 988 καὶ

1995 1022 2095 1094 τὴν
2128 1022 2331 1093 ὁρμὴν,
2374 1021 2469 1075 καὶ
2496 1022 2608 1093 τὴν⁴
2637 1023 2737 1093 τῆς
2765 1025 2990 1094 καρδίας
3025 1026 3098 1095 μὴ
3133 1026 3447 1093 ἐνεγκόντες
3479 1024 3583 1079 πύο

1999 1131 2188 1186 ρωσιν,
2236 1112 2583 1169 ὲνθουσιῶσιν
2639 1115 2840 1183 ὁμοίως
2889 1115 3052 1180 εὐθὺς
3106 1116 3430 1185 ἀνέστησαν,
3486 1119 3580 1170 καὶ

1997 1203 2383 1274 περιλαϐόντες
2416 1206 2539 1266 τοὺς
2575 1206 2792 1271 παῖδας,
2828 1204 2921 1260 καὶ
2953 1208 3066 1268 τοῖς
3095 1206 3276 1259 αὐτῶν
3306 1208 3576 1277 περιφύν-

1995 1311 2087 1357 τες
2116 1293 2433 1365 τραχήλοις,
2459 1292 2618 1347 τοῦτο
2644 1295 2742 1365 μὲν
2767 1295 3060 1365 φιλήμασι,
3085 1297 3244 1349 τοῦτο
3262 1296 3319 1349 δὲ
3345 1297 3589 1368 δάκρυσι.

1997 1384 2096 1455 τὴν
2134 1386 2374 1456 ἄμετρον
2403 1385 2620 1456 εκείνην
2661 1385 2763 1455 τῆς
2805 1384 2985 1456 ψυχῆς
3034 1384 3291 1439 ἔκστασιν
3338 1387 3583 1456 παρεκά-

1993 1477 2142 1543 λουν,
2171 1470 2332 1530 Οὗτοί
2367 1478 2497 1541 είσι,
2544 1476 2749 1547 Πάτερ,
2796 1477 3067 1546 λέγοντες,
3095 1477 3144 1531 οἱ
3180 1478 3340 1548 ἡμῶν
3368 1478 3577 1541 παῖδες⁹

1993 1565 2144 1625 οὗτοι
2184 1567 2401 1640 ἀληθῶς
2434 1567 2484 1621 οἱ
2530 1568 2800 1636 φίλτατοι,
2836 1570 2885 1623 οἱ
2915 1569 3117 1640 πολλὴν
3146 1570 3276 1639 ἡμῖν
3305 1569 3417 1638 τὴν
3446 1567 3579 1638 περὶ

1993 1660 2174 1715 αὐτῶν
2215 1658 2443 1729 ζήτησιν
2500 1657 2913 1728 παρασχόντες,
2962 1650 3131 1712 οὗτοι.
3187 1655 3254 1710 Τί
3310 1655 3372 1710 τὸ
3442 1653 3580 1725 μετά

1992 1751 2201 1818 ταῦτα;
2226 1750 2397 1821 Κοινὴ
2427 1749 2461 1819 ή
2489 1747 2618 1816 δόξα
2637 1749 2774 1820 πρὸς
2802 1747 2938 1803 Θεὸν
2960 1749 3057 1804 καὶ
3089 1747 3432 1819 εὐχαριστία.

385 1959 581 2017 XXIX.
612 1960 726 2015 Nec
746 1960 943 2016 morati
982 1966 1112 2016 sunt
1155 1967 1413 2029 parentes
1442 1959 1579 2030 quin
1620 1957 1893 2012 ardentis-

2066 1946 2196 2000 KO’.
2234 1943 2369 2002 Εἶτα
2395 1944 2709 2018 θερμοτάτη
2733 1946 3205 2020 τῶνιγεννητόρων
3227 1946 3411 2016 δέησις
3437 1947 3574 2017 πρὸς

315 2055 473 2111 simis
499 2052 762 2124 precibus
806 2062 1058 2107 sanctum
1112 2053 1294 2107 virum
1343 2051 1779 2114 obtestarentur,
1836 2057 1893 2104 ut

2000 2038 2089 2093 τὸν
2123 2037 2269 2109 ἱερὸν
2299 2038 2468 2110 ἄνδρα
2505 2040 2734 2105 ἐκεῖνον,
2766 2038 2906 2092 ὥστε
2943 2043 3009 2112 τῇ
3060 2040 3317 2111 σφραγῖδι
3345 2039 3440 2093 καὶ
3482 2039 3579 2093 αὐ·-

316 2149 468 2222 ipsos
492 2162 712 2217 quoque
747 2144 952 2201 sacrati
984 2144 1133 2200 illius
1160 2144 1383 2200 habitus
1430 2142 1611 2214 sigillo
1647 2148 1894 2207 ornaret,

315 2255 429 2312 quo
468 2255 593 2295 cum
619 2238 767 2304 ﬁliis,
802 2237 932 2293 licet
958 2237 1219 2307 impares,
1253 2235 1500 2308 ejusdem
1533 2242 1715 2289 tamen
1762 2230 1894 2287 boni

315 2343 640 2400 sectatores,
671 2349 781 2389 non
813 2344 995 2389 autem
1025 2332 1193 2404 (quod
1216 2332 1361 2387 Deus
1383 2330 1681 2397 averteret)
1703 2340 1894 2383 exsor-

314 2434 403 2481 tes
431 2424 819 2481 redderentur.
848 2425 919 2480 Et
950 2439 1249 2495 persuasus
1271 2438 1463 2479 eorum
1495 2419 1895 2491 supplicatione

315 2533 487 2574 senex
507 2521 652 2587 (nam
685 2518 738 2572 in
771 2533 831 2572 re
857 2519 1018 2588 plane
1043 2526 1150 2572 tam
1178 2527 1368 2572 sancta
1391 2514 1523 2586 quid
1548 2507 1893 2578 resisteret?)

314 2611 509 2668 eadem
530 2625 629 2666 sua
661 2609 884 2666 dextera
919 2609 1157 2665 vertices
1180 2623 1371 2664 eorum
1417 2606 1673 2668 totondit,
1711 2604 1896 2659 initia-

313 2704 529 2774 vitque,
554 2710 719 2771 atque
746 2718 841 2758 eos
866 2701 1157 2759 dimittens
1196 2698 1473 2771 praecipit,
1510 2705 1570 2753 ut
1612 2697 1667 2752 in
1711 2704 1896 2768 poste-

318 2808 445 2848 rum
480 2793 549 2849 ab
578 2793 727 2849 omni
754 2799 1048 2864 corpOrum
1074 2789 1577 2847 communicatione
1627 2796 1895 2858 tempera-

315 2893 445 2940 rent
474 2925 490 2951 ,
515 2884 693 2941 donec
739 2899 1030 2940 commune
1072 2893 1289 2939 naturae
1321 2880 1565 2937 debitum
1611 2880 1893 2950 persolve-

316 2980 464 3028 rent.

372 3079 541 3136 XXX.
571 3080 751 3151 Atque
782 3080 1095 3152 hujusmodi
1127 3079 1233 3134 fuit
1259 3078 1450 3149 optimi
1494 3077 1896 3149 Numiniserga

317 3178 433 3223 tam
463 3168 639 3224 bonos
663 3176 921 3237 parentes
946 3166 1261 3237 liberosque
1292 3166 1660 3236 providentia,
1712 3165 1890 3219 admi-

317 3258 552 3313 rationis
589 3257 769 3329 juxta,
803 3271 868 3312 ac
908 3258 1193 3313 suavitatis
1246 3257 1586 3327 plenissima.
1618 3255 1771 3311 Adeo
1832 3262 1895 3310 ut
1923 3276 1965 3333 ο

317 3351 378 3404 in
435 3350 545 3404 illis
579 3349 864 3419 impletum
896 3349 1062 3404 fuerit
1104 3349 1252 3420 quod
1293 3349 1362 3404 ab
1422 3348 1560 3404 lsaia
1603 3347 1813 3405 dictum
1876 3366 1891 3403 :

328 3456 347 3488 ι
379 3437 659 3507 lmponam
703 3437 967 3507 Spiritum
998 3453 1182 3493 meum
1210 3454 1378 3511 super
1401 3454 1588 3495 semen
1627 3448 1803 3504 tuum,
1835 3446 1894 3493 et

317 3530 738 3585 benedictiones
765 3544 916 3584 ineas
944 3540 1114 3599 super
1156 3529 1299 3585 filios
1329 3539 1469 3586 tuos.
1510 3530 1578 3586 Et
1617 3531 1892 3594 orientur,

317 3633 384 3678 ut
412 3625 466 3679 in
495 3624 677 3678 medio
704 3638 861 3694 aquae
885 3623 1096 3688 fenum,
1125 3630 1181 3677 ct
1208 3623 1354 3677 sicut
1383 3623 1522 3678 salix
1561 3637 1728 3692 super
1754 3636 1891 3691 pra:-

317 3714 668 3771 terﬂuentem
691 3732 887 3787 aquam
907 3715 949 3770 '.
981 3735 1000 3768 ι
1026 3717 1152 3770 Haec
1174 3715 1366 3779 Isaias,
1394 3714 1653 3783 loquente
1685 3728 1784 3783 per
1807 3712 1894 3782 ip-

316 3822 443 3862 sum
476 3808 570 3862 Dei
600 3810 810 3879 gratia;
858 3807 1224 3877 quae,velutsi
1272 3806 1342 3861 ad
1377 3806 1526 3877 ipsos
1554 3805 1892 3867 dicerentur,

317 3899 716 3953 convenienter
732 3916 862 3954 sane
887 3901 942 3954 in
966 3899 1187 3961 eosdem
1216 3908 1545 3970 congruunt.
1574 3894 1894 3969 Cuiusmodi

316 4001 377 4046 et
401 3990 546 4046 istud
580 3991 653 4048 ε’.ι
688 3992 839 4047 Meus
863 4008 922 4047 es
949 4002 1029 4058 tu,
1055 4002 1110 4046 et
1147 3992 1192 4048 si
1218 3991 1501 4047 transieris
1541 4005 1760 4061 aquam,
1808 3998 1893 4044 te-

315 4096 443 4135 cum
470 4096 589 4136 sum
631 4083 674 4136 ⁸.
721 4100 741 4133 ι
775 4083 844 4136 Ει
869 4082 1018 4137 hoc:
1054 4101 1073 4135 ι
1124 4081 1380 4137 Auditam
1427 4080 1622 4137 faciam
1662 4080 1895 4136 salutem

278 4214 295 4223 ,
317 4181 494 4238 tuam,
514 4181 582 4228 .et
633 4174 736 4228 sub
766 4173 957 4228 umbra
986 4189 1179 4229 manus
1232 4189 1364 4228 meae
1391 4181 1670 4243 protegam
1714 4181 1769 4226 te
1787 4173 1831 4226 '.
1864 4189 1884 4224 ι

322 4261 449 4317 Filii
479 4271 661 4317 autem
691 4262 758 4316 ad
797 4262 1053 4316 ultimum
1091 4263 1210 4317 vale
1237 4262 1559 4331 parentibus
1587 4263 1759 4327 dicto,
1782 4263 1896 4333 spi-

319 4355 575 4411 ritualem
605 4364 815 4425 patrem
847 4353 1112 4410 libentius
1140 4355 1336 4419 secuti,
1369 4369 1496 4409 cum
1524 4370 1591 4410 eo
1621 4354 1678 4409 in
1700 4355 1894 4411 deser-

319 4452 440 4499 tum
469 4460 528 4500 se
563 4448 875 4509 conferunt,
900 4446 1231 4514 beatumque
1254 4444 1330 4499 ibi
1352 4443 1514 4498 linem
1546 4459 1894 4515 consequun-

318 4547 437 4603 tur,
463 4547 587 4595 ante
610 4540 818 4594 obitum
849 4538 1050 4596 divinis
1071 4554 1290 4610 quoque
1319 4539 1643 4594 muneribus
1661 4538 1891 4609 dignati,

318 4645 387 4683 ac
426 4638 540 4684 tum
570 4631 697 4686 aliis
725 4633 900 4687 sancti
934 4632 1171 4703 Spiritus
1196 4632 1378 4695 donis,
1413 4641 1528 4686 tum
1554 4631 1891 4687 vaticinandi

316 4718 580 4775 facultate
607 4722 896 4790 pollentes.

390 4921 582 4976 XXXI.
621 4922 783 4977 Pater
805 4938 939 4976 vero
971 4922 1192 4977 illorum
1241 4923 1538 4994 praeclarus
1562 4920 1890 4990 evangelicae

318 5014 629 5084 dLsxiplinae
673 5023 997 5082 assectator,
1048 5017 1290 5072 dimissis
1336 5015 1687 5084 venditisque
1729 5014 1889 5068 bonis

318 5108 602 5174 omnibus,
627 5124 689 5162 ea
710 5107 1001 5179 egentibus
1038 5106 1342 5171 distribuit,
1393 5120 1631 5174 eumque
1665 5105 1720 5158 in
1769 5119 1890 5157 mo—

319 5198 455 5251 dum
493 5197 791 5253 levissimis
819 5197 1174 5266 minimisque
1226 5195 1392 5249 rebus
1427 5194 1745 5248 universum
1786 5192 1891 5248 sibi

321 5290 589 5344 cmlorum
631 5305 858 5360 regnum
891 5289 1251 5359 comparavit.
1286 5286 1394 5342 Sed
1436 5295 1491 5341 et
1514 5286 1689 5341 servis
1715 5284 1894 5339 omni-

322 5384 429 5441 bus
475 5383 798 5440 domesticis
854 5383 1114 5438 libertate
1162 5381 1401 5447 donatis,
1452 5380 1558 5433 bac
1589 5379 1803 5434 ratione
1838 5378 1893 5432 in

323 5493 617 5535 numerum
654 5477 895 5532 ﬁliorum
925 5474 1167 5531 caelestis
1216 5474 1394 5528 Patris
1430 5471 1627 5526 referri
1659 5469 1895 5525 studuit.

324 5572 457 5627 ane
485 5571 632 5625 thori
654 5571 889 5640 vitaeque
940 5575 998 5623 et
1031 5566 1276 5638 ejusdem
1324 5564 1488 5635 plane
1518 5564 1628 5619 voti
1665 5576 1896 5617 consor-

326 5673 437 5719 tem
478 5662 808 5719 venerandis
828 5660 1160 5732 quibusdam
1202 5656 1533 5713 mulieribus
1564 5654 1897 5727 virginibus-

1994 2129 2123 2192 τοὺς
2171 2127 2515 2200 σημανθῆναι
2561 2127 2655 2181 τοῦ
2710 2128 3084 2201 ἀγιοπρεποῦς
3134 2130 3441 2201 σχήματος,
3485 2130 3580 2182 καὶ

1996 2219 2258 2291 φανῆναι,
2290 2222 2339 2274 εί
2373 2220 2468 2274 καὶ
2507 2220 2792 2292 δευτέρους
2816 2221 2926 2275 τῶν
2950 2220 3179 2287 τέκνων,
3212 2219 3330 2275 ἀλλ’
3356 2213 3448 2275 οῦν
3481 2219 3573 2273 τοῦ

1997 2314 2113 2366 loco
2141 2311 2306 2366 καλοῦ
2337 2312 2602 2383 μιμητὰς,
2632 2315 2725 2366 καὶ
2753 2312 2829 2385 μὴ
2875 2313 3225 2367 παντάπασιν
3250 2310 3572 2383 ἀμετόχουςο

1993 2408 2132 2476 ὅπερ
2179 2403 2418 2471 ἀνάξιον.
2473 2406 2724 2459 Πείθεται
2773 2406 2985 2469 τούτοις
3034 2404 3279 2473 ἀξιοῦσιν
3319 2405 3349 2459 ό
3397 2402 3578 2472 γέρων

1996 2499 2115 2570 (καὶ
2137 2498 2255 2561 πῶς
2268 2498 2376 2568 γὰρ
2404 2495 2489 2561 οὓ,
2519 2496 2805 2566 θεοφιλοῦς
2832 2497 2987 2561 δντος
3010 2495 3253 2567 ἀτεχνῶς
3275 2494 3370 2548 τοῦ
3396 2494 3585 2567 πράγσ

1999 2607 2168 2663 ματος
2188 2592 2251 2659 ς),
2279 2591 2372 2644 καὶ
2405 2592 2471 2660 τῇ
2499 2589 2638 2661 αὐτῇ
2668 2588 2820 2658 δεξιᾷ
2842 2589 3130 2652 κάκείνους
3153 2587 3339 2660 κείρας
3367 2603 3439 2639 τε
3459 2586 3577 2657 ἅμα

1996 2681 2091 2735 καὶ
2121 2680 2435 2747 τελειώσας,
2469 2678 2846 2750 παραγγείλας
2872 2680 3067 2749 ἀφίησι
3097 2681 3296 2749 μηκέτι
3328 2694 3574 2748 σωματι-

1994 2771 2105 2835 κῶς
2133 2771 2395 2840 ἀλλήλους
2425 2771 2576 2837 ίδετν,
2609 2771 2713 2835 ἕως
2744 2770 2805 2825 τὺ
2838 2771 3035 2827 κοινὸν.
3049 2774 3117 2837 τῇ
3177 2769 3388 2840 γενέσει
3418 2768 3577 2840 χρέος

1996 2866 2257 2938 ἑκάτερος
2280 2866 2460 2919 αὐτῶν
2492 2862 2737 2936 ἀποδῴη.

2066 3065 2147 3123 A'.
2201 3067 2441 3138 Τοιαύτη
2483 3063 2816 3137 χαριεστάτη
2867 3063 2964 3117 καὶ
3009 3060 3297 3133 θαυμαστὴ
3344 3059 3424 3132 τῷ
3463 3060 3578 3115 δντι

1998 3156 2276 3229 οἰκονομία
2309 3156 2438 3228 περὶ
2467 3156 2593 3219 τοὺς
2618 3155 2888 3227 χρηστοὺς
2921 3153 3017 3207 καὶ
3050 3154 3290 3224 πατέρας
3320 3153 3416 3205 καὶ
3445 3154 3577 3204 παϊ-

1997 3248 2093 3311 δας
2133 3248 2286 3318 παρά
2311 3246 2404 3301 τοῦ
2438 3246 2643 3315 ἀγαθοῦ
2674 3244 2810 3299 Θεοῦ
2858 3244 3105 3314 γέγονεν,
3150 3243 3226 3306 ὡς
3269 3242 3441 3315 πέρας
3487 3240 3576 3295 ἐπ’

1996 3342 2179 3404 αὐτοῖς
2201 3338 2386 3392 λαϐεῖν
2409 3336 2438 3390 ὃ
2464 3336 2553 3390 διὰ
2586 3336 2809 3390 Ἡσαΐου
2833 3336 2993 3396 αὐτὸς
3025 3334 3340 3403 φθέγγεται,
3371 3352 3391 3385 ι
3430 3331 3579 3387 Ἐπι-

2002 3434 2170 3502 θήσω,
2202 3430 2400 3499 λέγων,
2434 3428 2497 3482 τὸ
2547 3427 2772 3499 Πνεῦμα
2805 3445 2904 3499 μου
2935 3428 3028 3480 ἐπὶ
3076 3429 3138 3479 τὸ
3189 3426 3410 3496 σπέρμα
3455 3441 3572 3489 σου,

1997 3524 2093 3577 καὶ
2125 3521 2223 3585 τὰς
2255 3518 2504 3588 εὐλογίας
2547 3535 2650 3588 μου
2687 3518 2779 3572 ἐπὶ
2817 3523 2885 3571 τὰ
2912 3519 3081 3571 τέκνα
3111 3534 3226 3585 σου,
3261 3517 3356 3569 καλ⁵
3383 3516 3576 3569 ἀνατε-

1997 3614 2182 3668 λοῦσιν
2216 3612 2290 3676 ὡς
2317 3610 2597 3681 ἀναμέσον
2623 3609 2813 3674 ὓδατος
2842 3610 3056 3681 χόρτος,
3092 3610 3187 3664 καὶ
3225 3607 3301 3671 ὡς
3333 3607 3451 3663 ίτέα
3481 3607 3577 3660 ἐπὶ

1997 3708 2108 3760 πᾶν
2143 3706 2265 3777 ῥέον
2307 3702 2472 3773 ὓδωρ.
2512 3721 2532 3755 ι
2585 3702 2699 3757 Καὶ
2735 3701 2906 3755 ταῦτα
2933 3702 2990 3755 δὲ
3045 3700 3270 3755 Ἡσαΐου
3320 3701 3421 3771 μέν
3466 3700 3576 3753 είσι

1996 3797 2090 3850 καὶ
2132 3797 2235 3867 τῆς
2274 3795 2342 3849 δι’
2388 3793 2555 3849 αὐτοῦ
2586 3793 2962 3865 φθεγγομένης
2996 3792 3091 3846 τοῦ
3128 3789 3265 3848 Θεοῦ
3314 3790 3572 3862 χάριτος,

1998 3885 2198 3957 πολλὴν
2228 3884 2286 3939 δὲ
2329 3884 2427 3938 καὶ
2453 3882 2586 3954 πρὸς
2620 3881 2817 3944 αὐτοὺς
2848 3880 3104 3950 λέγεσθαι
3129 3879 3228 3946 τὴν
3261 3880 3576 3949 οἰκειότητα

1997 3978 2251 4050 φέρονταο
2287 3971 2402 4030 οἷον
2430 3974 2515 4042 τὸ,
2543 3990 2564 4028 ι
2615 3973 2776 4045 Ἐμὸς
2814 3967 2864 4025 εἷ
2901 3972 2986 4040 σὺ,
3028 3973 3124 4028 καὶ
3167 3972 3262 4025 ὲάν
3295 3970 3577 4042 διαϐαίνῃς

1994 4071 2059 4126 δι’
2093 4070 2305 4137 ὓδατος,
2359 4069 2500 4142 μετά
2551 4067 2646 4122 σοῦ
2683 4069 2821 4138 εἰμι·
2864 4085 2883 4119 ι
2933 4066 3029 4121 καὶ
3070 4064 3153 4131 τὸ,
3210 4083 3229 4117 ι
3277 4063 3577 4134 ’Δκουστὴν

1996 4164 2212 4236 ποιήσω
2244 4163 2345 4235 τὴν
2393 4163 2668 4234 σωτηρίαν
2699 4176 2815 4226 σου,
2859 4158 2955 4213 καὶ
2985 4158 3089 4212 ὑπὸ
3121 4156 3219 4230 τὴν
3272 4155 3431 4210 σκιὰν
3476 4156 3574 4225 τῆς

1999 4256 2184 4327 χειρός
2218 4272 2319 4325 μου
2347 4254 2607 4307 σκεπάσω
2643 4269 2723 4306 σε.
2758 4270 2775 4303 ι
2807 4252 2871 4304 Οί
2919 4251 3017 4322 μὲν
3053 4245 3147 4304 οὖν
3173 4249 3360 4312 παῖδες
3390 4248 3458 4300 τά
3485 4262 3577 4299 τε-

1998 4350 2221 4402 λευταῖα
2243 4349 2371 4411 τούς
2391 4348 2726 4418 γεννήτορας
2789 4343 3188 4414 ἀσπασάμενοι,
3218 4341 3297 4411 τῷ
3328 4356 3577 4408 πνευμα-

1999 4442 2167 4505 τικῶς
2195 4440 2624 4510 ἀναγεννήσαντι
2651 4438 2852 4509 μᾶλλον
2875 4438 3111 4501 εἵποντο,
3140 4434 3237 4489 καλ⁸
3264 4435 3361 4489 σὺν
3382 4432 3578 4503 ἐκείνῳ

1996 4534 2097 4604 τὴν
2121 4533 2327 4605 ἔρημον
2356 4530 2711 4597 εἰσελθόντες,
2734 4532 2851 4583 ἐκεῖ
2870 4529 2931 4581 τὸ
2954 4527 3222 4600 μακάριον
3248 4526 3578 4597 ύπέρχονται

1928 4608 1972 4664 Ῑ)
1998 4626 2172 4689 τέλος,
2204 4623 2555 4695 χαρισμάτων
2586 4621 2683 4675 καὶ
2724 4620 2830 4690 πρὸ
2862 4617 2957 4674 τοῦ
2986 4617 3171 4681 τέλους
3207 4616 3367 4671 θείων
3409 4616 3577 4682 ἀξιω-

2002 4717 2208 4783 θέντες,
2244 4714 2606 4787 προρρήσεών
2640 4730 2699 4768 τε
2737 4713 2835 4766 καὶ
2859 4710 3076 4782 δωρεῶν
3107 4708 3286 4765 ἄλλων
3311 4708 3403 4762 τοῦ
3436 4710 3576 4778 ἀγαο

2000 4810 2093 4864 θοῦ
2125 4808 2265 4863 Πνεύ
2275 4825 2462 4879 ματος.
3407 4882 3413 4889 ⁸

2069 4926 2198 4977 AA'.
2239 4922 2300 4976 Ὀ
2326 4922 2383 4975 δέ
2412 4938 2475 4991 γε
2518 4921 2699 4992 πατὴρ
2745 4917 2945 4985 αὐτῶν,
2980 4914 3276 4987 πληρωτὴς
3313 4912 3574 4984 ἀντικρὺς

1999 5016 2094 5070 τοῦ
2139 5014 2473 5084 Εὐαγγελίου
2504 5013 2797 5066 δείκνυται·
2833 5011 2929 5066 καὶ
2973 5008 3198 5079 πέμψας
3231 5006 3329 5061 καὶ
3353 5004 3420 5059 τὰ
3451 5006 3578 5057 ἑαυ-

2000 5107 2093 5160 τοῦ
2124 5107 2380 5177 πωλήσας
2407 5105 2645 5165 ἅπαντα,
2668 5103 2764 5156 καὶ
2787 5101 2982 5173 πένησι
3010 5100 3244 5163 διαδοὺς,
3282 5096 3377 5152 καὶ
3404 5094 3577 5159 οὕτως

2001 5198 2235 5252 εὐτελῶν
2276 5214 2336 5249 τε
2382 5197 2476 5251 καὶ
2533 5196 2781 5266 σμικρῶν
2833 5191 3110 5264 βασιλείαν
3168 5188 3418 5260 οὐρανῶν
3448 5187 3577 5255 ὅλην

2000 5285 2179 5357 ἑαυτῷ
2209 5285 2584 5356 ὠνησάμενος,
2635 5280 2946 5351 ἐλευθερίας
2999 5295 3059 5332 τε
3105 5280 3253 5334 ἅπαν
3303 5274 3468 5329 αὐτοῦ
3517 5274 3578 5327 τὺ

2000 5377 2273 5431 οἰκετικὸν
2303 5376 2563 5441 ἀξιώσας,
2606 5375 2673 5428 δι’
2708 5369 2785 5427 ὧν
2815 5372 3080 5426 ἔσπευσεν
3121 5372 3201 5432 είς
3238 5369 3384 5430 υἱοὺς
3413 5364 3576 5428 αὐτὸς

1995 5468 2341 5541 ἐγγραφῆναι
2358 5466 2720 5538 τοῦρύρανίου
2746 5465 2983 5535 Πατρός,
3012 5457 3132 5515 εἶτα
3154 5460 3250 5514 καὶ
3272 5459 3371 5524 τὴν
3403 5455 3579 5510 σύνοι-

1995 5579 2092 5617 κον
2141 5560 2292 5632 αύτῷ
2330 5560 2425 5613 καὶ
2464 5558 2696 5631 σύμϐιον
2738 5556 3080 5628 ἀληθῶςίκαὶ
3117 5552 3179 5607 τὸ
3207 5550 3267 5605 ἓν
3308 5548 3576 5603 πνέουσαν

1997 5653 2205 5724 γυναιξὶ
2258 5656 2484 5726 σεμναῖς
2523 5653 2618 5708 καὶ
2665 5650 2967 5721 παρθένοις
2990 5650 3257 5710 ὲντάττει,
3292 5640 3439 5699 οὕτω
3479 5639 3576 5693 σὺν

398 5855 417 5887 τ
441 5852 545 5909 lsa.
574 5867 716 5919 κων,
764 5853 819 5908 5.
893 5853 914 5885 ⁸
950 5851 1053 5907 lsa.
1090 5864 1242 5916 SLllt,
1272 5849 1327 5914 2,
1358 5862 1452 5914 LII,
1484 5850 1537 5903 7..
1612 5846 1633 5878 ⁹
1663 5842 1769 5901 lsa.
1806 5858 1880 5909 LI,
1919 5842 2004 5897 l6.
