3828 6474
304 545 444 613 αὐτῇ
479 540 712 612 θελήσας
758 540 839 604 εἰς
894 541 987 594 τὸν
1021 540 1110 594 ἀεὶ
1159 554 1351 614 χρονον
1397 543 1465 612 τῇ
1523 544 1622 613 μιᾷ
1673 543 1886 614 κεφαλῇ

305 636 524 688 πάντων
553 634 776 704 Χριστῳ
805 634 1162 704 συναφθῆναι.

378 723 504 778 AB'.
534 724 696 788 Ἦτις
723 724 819 780 καὶ
845 722 1120 779 πολιτείαν
1151 725 1486 796 μετελθοῦσα
1508 725 1627 780 λίαν
1651 725 1882 798 ὑψηλὴν,

307 819 404 872 καὶ
448 817 649 885 ὀλίγοις
703 816 955 890 βάσιμον,
994 818 1320 889 ἀρραϐῶνας
1352 818 1508 888 ἔσχεν
1535 819 1770 873 ὲνταυθσ,
1786 819 1888 889 τῆς

305 913 441 981 πρὸς
463 910 596 964 Θεὸν
627 909 952 973 οἰκειώσεως
965 911 1060 964 καὶ
1079 910 1176 981 τῆς
1199 910 1557 982 ὲκδεξομένης
1586 910 1752 981 αὐτὴν
1791 914 1884 964 ὲκ-

305 1000 450 1054 εῖθεν
469 1000 890 1070 μακαριότητος,
919 998 1293 1070 δαιμονῶντας
1326 1001 1726 1070 ἰασαμένη,καὶ
1758 1003 1886 1054 πολ-

303 1091 412 1146 λῶν
460 1091 634 1146 ἄλλων
679 1096 1001 1163 νοσημάτων
1047 1093 1179 1162 εὐχῇ
1229 1095 1572 1163 κρατήσασα.
1633 1097 1692 1147 '0
1737 1095 1793 1148 δέ
1822 1112 1885 1164 γε

304 1186 448 1248 θεῖος
473 1184 550 1255 τῷ
580 1185 694 1237 ὄντι
738 1185 834 1237 καὶ
879 1183 1336 1254 θαυμασιώτατος
1364 1187 1576 1258 ἀνδρῶν
1611 1186 1882 1257 Ξενοφῶν,

301 1277 521 1346 τρίχινα
553 1276 807 1341 ὑπενδὺς,
836 1276 1001 1346 πολλῇ
1031 1293 1090 1329 τε
1119 1276 1248 1346 περὶ
1275 1277 1376 1346 τὴν
1405 1276 1616 1330 δίαιταν
1643 1277 1887 1349 εὐτελεέᾳ

303 1372 652 1439 χρησάμενος
697 1369 792 1422 καὶ
841 1368 1204 1439 κακοπαθείᾳ,
1235 1371 1333 1422 καὶ
1379 1371 1544 1422 οἰονεί
1586 1369 1743 1434 δίκας
1786 1370 1884 1440 τὴν

304 1460 686 1531 προλαϐωὖσαν
725 1458 1162 1529 εἰσπραξάμενος
1209 1459 1578 1524 πολυτέλειαν,
1614 1461 1712 1530 τὴν
1751 1477 1885 1512 πανο

304 1554 510 1624 έρημὸν
534 1570 594 1606 τε
633 1550 976 1613 καταλαϐὼν,
1010 1553 1172 1604 κάκεῖ
1195 1551 1286 1605 τὸν
1319 1552 1610 1604 ὑπόλοιπον
1643 1552 1737 1606 τοῦ
1769 1552 1882 1623 βίου

301 1647 494 1716 χρόνον
536 1642 853 1712 διενεγκὼν,
901 1643 1263 1714 προγνώσεών
1303 1661 1364 1696 τε
1420 1646 1518 1698 καὶ
1564 1645 1884 1715 μυστηρίων

303 1738 400 1791 καὶ
471 1735 724 1806 μεγάλων
787 1733 1144 1806 χαρισμάτων
1200 1733 1485 1800 ἀξιωθεὶς,
1551 1735 1735 1799 πολιὸς
1786 1735 1884 1806 τὴν

299 1827 482 1899 τρίχα,
513 1826 703 1897 νεαρὸς
740 1827 840 1897 τὴν
871 1827 1128 1898 σπουδὴν,
1160 1828 1296 1898 πρὸς
1332 1827 1428 1890 τὰς
1470 1829 1682 1880 ἐκεῖθεν
1718 1825 1884 1896 μονὰς

1513 427 1797 491 MENSIS
1845 429 2282 496 JANUARIUS

1989 563 2097 618 que
2142 546 2468 615 committit;
2499 548 2579 605 sic
2605 549 2878 618 cnm'ipsa
2935 546 3156 603 Christo
3188 545 3286 603 uni
3313 549 3563 604 omnium

1989 641 2156 709 capiti
2184 648 2450 696 aeternum
2480 642 2734 696 connecti
2762 638 3108 696 desiderans.

2060 729 2278 785 XXXII.
2301 731 2593 800 Atqueilla
2623 730 2847 801 quidem
2887 729 3110 785 sublimi
3150 728 3311 800 plane
3342 731 3568 800 paucis—

1989 837 2096 892 que
2141 837 2364 878 aceesso
2388 827 2516 878 vita:
2560 839 2758 893 genere
2814 822 2972 885 inito,
3002 822 3170 877 etiam
3201 821 3394 876 arrhas
3423 823 3569 877 obti-

1987 914 2112 968 nuit
2137 930 2237 969 seu
2268 916 2518 970 maximae
2551 918 2640 970 hie
2676 931 2800 969 cum
2828 916 2938 969 Deo
2977 913 3425 977 necessitudinis,
3466 929 3568 969 seu

1989 1009 2262 1061 manentis
2290 1024 2409 1062 eam
2436 1009 2700 1076 deinceps
2733 1007 3036 1070 fclicitatis,
3069 1016 3186 1062 tum
3219 1005 3569 1062 daemonibus

1986 1106 2211 1152 vexatos
2240 1097 2507 1162 liberans,
2539 1108 2652 1154 tum
2696 1101 2801 1153 alia
2837 1098 3006 1152 multa
3058 1097 3440 1152 inﬁruiitatum
3468 1114 3568 1169 ge-

1987 1203 2118 1242 nera
2146 1190 2461 1260 precatione
2487 1191 2788 1261 depellcns.
2815 1191 3045 1245 Divinus
3073 1198 3258 1245 autem
3281 1199 3449 1260 atque
3475 1192 3568 1245 in-

1991 1289 2075 1335 ter
2102 1283 2253 1338 viros
2289 1283 2657 1337 admiratione
2687 1283 3044 1353 dignissimus
3070 1284 3382 1354 Xenophon
3405 1324 3421 1349 ,
3467 1285 3566 1338 de~

1988 1379 2115 1432 trita
2145 1387 2299 1432 veste
2327 1379 2575 1441 indutus,
2609 1395 2924 1448 magnaeque
2966 1379 3142 1433 victus
3187 1379 3563 1449 parcimonia‘,

1985 1471 2437 1539 etasperitatum
2498 1471 2803 1524 tolerantiae
2855 1485 2975 1524 sese
3034 1469 3265 1534 dedens,
3334 1469 3566 1539 perinde

1985 1561 2140 1630 quasi
2177 1561 2423 1630 pristinae
2465 1561 2887 1632 magniﬁcentiae
2913 1577 2944 1615 a
2977 1577 3036 1616 se
3063 1577 3256 1632 poenas
3298 1563 3564 1632 exigeret,

1987 1653 2043 1706 in
2077 1653 2518 1708 desertissimum
2561 1653 2742 1706 locum
2775 1652 3024 1716 secessit,
3061 1653 3156 1706 ubi
3204 1661 3425 1722 peracta
3472 1668 3568 1706 re-

1985 1744 2135 1814 liqua
2169 1746 2302 1810 vita,
2339 1745 2846 1810 vaticinationibus,
2885 1744 3211 1814 arcanisque
3235 1754 3291 1800 et
3311 1744 3569 1799 maximis

1987 1837 2212 1892 dotibus
2251 1838 2501 1908 insignis,
2557 1852 2730 1892 canus
2756 1837 2955 1906 capite,
2995 1837 3277 1906 diligentia
3319 1837 3564 1908 juvenis,

303 1919 752 1990 παραπέμπεται,
799 1916 1092 1984 ἄνθρωπος
1125 1916 1340 1986 ἀληθῶς
1368 1917 1459 1969 τοῦ
1494 1916 1628 1969 Θεοῦ
1661 1918 1883 1985 γενόμε-

1989 1930 2042 1984 in
2077 1931 2391 1985 mansiones
2419 1930 2539 1984 illas
2588 1940 2846 1998 receptus
2881 1937 3001 1984 est:
3045 1929 3128 1984 vir
3173 1929 3404 1984 omnino
3451 1930 3566 1984 Deo

301 2027 413 2073 νος,
462 2009 558 2062 καὶ
599 2008 719 2061 ὅλον
761 2002 908 2060 οἶκον
947 2007 1291 2077 καθιερώσας
1339 2005 1512 2074 αὐτῷ,
1565 2004 1770 2075 σπουδῇ
1821 2020 1881 2057 τε

303 2102 457 2174 πάσῃ
481 2097 831 2170 ,θεραπεύσας
871 2098 1197 2170 πανοικεσίᾳ
1225 2097 1348 2152 κατ’
1378 2097 1722 2168 ἀμφοτέρους
1756 2097 1881 2159 τοὺς

303 2194 454 2256 υἱοὺς
491 2192 759 2263 μακάριος
799 2189 1164 2261 ἀποδειχθεὶς,
1213 2190 1274 2243 τὸ
1317 2189 1634 2244 καινότατόν
1677 2205 1737 2241 τε
1786 2189 1882 2242 καὶ

303 2283 690 2356 χαλεπώτατον
718 2283 1064 2354 σωτηριῶδες
1096 2282 1403 2353 ὑπόδειγμα
1426 2281 1717 2354 γενόμενος
1747 2283 1881 2335 πᾶσι

301 2379 416 2440 τοῖς
450 2375 547 2446 τὴν
586 2373 838 2446 ἁλμυρὰν
877 2375 1010 2444 ἡμῖν
1055 2374 1149 2427 τοῦ
1181 2375 1296 2444 βίου
1344 2375 1566 2431 πλέουσι
1611 2374 1881 2430 θάλατταν

301 2473 399 2525 καὶ
443 2470 713 2534 σώζεσθαι
751 2468 1094 2539 βουλομένοις
1119 2484 1132 2498 ·
1167 2467 1226 2520 ὃν
1253 2471 1302 2521 εἰ
1348 2470 1424 2538 μὴ
1450 2468 1752 2538 θαυμάζειν
1786 2468 1882 2537 μό-

302 2580 415 2629 νον,
440 2561 579 2616 ἀλλά
610 2561 702 2616 καὶ
742 2560 1053 2632 μιμεῖσθαι,
1099 2561 1494 2631 σπουδάζομεν,
1530 2559 1747 2630 μέτοχοι
1775 2558 1882 2612 τῶν

306 2654 573 2725 μενόντων
605 2651 767 2707 αὐτὸν
805 2651 1027 2720 ἀγαθῶν
1053 2651 1308 2723 ἐσόμεθα,
1344 2654 1401 2705 ὲν
1431 2652 1653 2723 Χριστῷ
1707 2649 1880 2721 Ἰησοῦ

302 2746 380 2817 τῷ
409 2744 600 2817 Κυρίῳ
630 2744 809 2816 ἡμῶν,
861 2736 906 2811 ᾧ
949 2744 1152 2814 πρέπει
1184 2745 1335 2797 πᾶσα
1369 2743 1519 2810 δόξα,
1550 2744 1706 2814 τιμὴ,
1746 2745 1883 2814 κρά-

302 2855 415 2904 τος,
451 2836 796 2908 μεγαλοσύνη
837 2837 933 2890 καὶ
966 2836 1434 2908 μεγαλοπρέπεια,
1481 2836 1596 2902 νῦν,
1637 2835 1740 2892 καὶ*
1769 2835 1879 2905 ἀεὶ,

303 2929 398 2984 καὶ
426 2930 508 2994 εἰς
537 2930 668 2994 τοὺς
702 2928 908 2994 αἰῶνας
944 2929 1052 2983 τῶν
1084 2927 1319 2985 αἰώνων.
1387 2927 1582 3000 Ἀμήν.

1987 2021 2229 2088 deditus,
2255 2028 2315 2077 ut
2339 2021 2434 2091 qui
2469 2030 2786 2078 consecrata
2815 2021 2917 2091 ipsi
2945 2021 3110 2076 domo
3137 2031 3270 2084 tota,
3299 2023 3568 2091 omnique

1984 2112 2280 2168 sedulitate
2330 2112 2514 2168 eidem
2561 2118 2811 2168 serviens
2861 2129 2989 2168 cum
3049 2114 3304 2168 universa
3356 2114 3566 2168 familia

1987 2207 2278 2277 utriusque
2308 2206 2433 2261 vitae
2469 2205 2730 2262 felicitate
2762 2207 3092 2275 conspicuus
3123 2206 3372 2263 exstitit:
3400 2205 3569 2260 nimi-

1985 2315 2105 2352 rum
2132 2299 2391 2354 omnibus
2425 2299 2787 2354 salsissimum
2832 2299 2957 2353 vita:
3010 2299 3175 2369 huius
3205 2313 3357 2352 mare
3409 2297 3568 2352 navi-

1987 2391 2266 2461 gantibus,
2296 2393 2599 2461 salutisque
2624 2391 2889 2446 studiosis
2930 2391 3293 2446 novissimum
3327 2406 3394 2445 ac
3423 2389 3567 2444 ditii-

1987 2484 2281 2549 cillimum,
2335 2484 2432 2540 sed
2471 2486 2714 2540 salutare
2758 2484 3067 2553 exemplum
3100 2483 3352 2538 effectus.
3387 2482 3565 2550 Quem

1989 2575 2036 2631 si
2088 2591 2200 2630 non
2246 2575 2513 2630 admirari
2550 2576 2837 2641 duntaxat,
2876 2591 3069 2629 verum
3132 2574 3298 2629 etiam
3358 2575 3565 2628 imitari

1986 2669 2383 2736 studuerimus,
2416 2670 2471 2722 in
2494 2669 2741 2724 eamdem
2773 2685 2898 2723 cum
2951 2669 3073 2736 ipso
3114 2667 3386 2721 bonorum
3417 2682 3568 2721 com-

1987 2762 2306 2818 munionem
2338 2761 2648 2826 veniemus,
2679 2761 2733 2814 in
2781 2759 3002 2814 Christo
3043 2757 3174 2813 Jesu
3217 2767 3272 2813 et
3331 2758 3564 2812 Domino

1986 2865 2200 2921 nostro,
2247 2856 2336 2909 cui
2384 2853 2620 2909 debetur
2644 2852 2825 2907 omnis
2865 2851 3063 2922 gloria,
3115 2851 3316 2914 honor,
3359 2851 3561 2914 virtus,

1988 2943 2246 3013 majestas
2278 2957 2341 2996 ac
2365 2940 2786 3011 magniﬁcentia,
2812 2957 2958 2996 nunc
2982 2949 3040 2996 et
3073 2942 3128 2997 in
3159 2941 3358 2996 smcula
3385 2956 3530 2996 smcu

1989 3035 2191 3091 lorum.
2228 3035 2421 3090 Amen.
