3828 6470
316 434 468 503 10³45

1305 435 1483 496 νιΤΑ
1524 437 1583 497 S.
1622 428 1948 497 JOANNIS
1979 424 2532 488 CERYSOSTOMI.

3416 413 3577 481 ιῦεϐῖ

2596 569 3432 579 W—

1157 751 1517 868 B102
1592 749 1871 862 ΚΑΙ
1948 711 2704 860 ΠΟΛΙΤΕΙΑ
2786 784 2791 789 ι

763 979 994 1066 ΤΟΥ
1068 979 1209 1064 ΕΝ
1284 974 1644 1061 ΑΓΙΟΙΣ
1717 969 2149 1058 ΠΑΤΡΟΣ
2223 966 2549 1057 ΗΜΩΝ
2621 964 3119 1055 ΙΩΑΝΝΟΥ

1000 1153 1724 1212 ΑΡΧΙΕΠΙΣΚΟΠΟΥ
1780 1145 2834 1203 ΚΩΝΣΤΔΝΤΙΝΟΥΠΟΛΕΩΣ

1371 1318 1599 1409 ΤΟΥ
1670 1313 2523 1405 ΧΡΥΣΟΣΤΟΜΟΥ.

1070 1682 1426 1802 VlTA
1502 1680 1681 1794 ET
1762 1669 2789 1795 CONVERSATIO
2878 1786 2883 1791 .

788 1911 851 1972 S.
894 1911 959 1970 P.
1004 1910 1075 1969 N.
1113 1904 1451 1969 JOANNIS
1483 1898 2085 1965 ARCHIEPISCOPI
2125 1895 3107 1973 CONSTANTINOPOLITANI,

1339 2067 1461 2126 QUI
1496 2063 1754 2116 DICTUS
1788 2062 1910 2112 EST
1951 2058 2527 2112 CHRYSOSTOMUS.

1560 2219 1767 2296 (Anno
1799 2215 1942 2276 380.
1982 2217 2121 2277 Jan.
2154 2217 2257 2275 27.
2291 2216 2345 2293 ⁸)

936 2393 1129 2457 (Graece
1151 2389 1279 2454 apud
1308 2385 1547 2439 Savilium
1569 2384 1699 2448 Opp.
1716 2384 2050 2445 Chrysoslomi
2072 2389 2192 2433 tom.
2216 2382 2344 2443 Vlll,
2378 2382 2551 2432 Latine
2575 2381 2704 2444 apud
2722 2382 2963 2444 Surium.)

2484 2534 2519 2544 α’

393 2738 504 2794 Καὶ
525 2738 744 2793 πάντων
785 2736 886 2809 μὲν
913 2736 1023 2789 τῶν
1055 2733 1198 2789 κατὰ
1221 2732 1358 2789 Θεὸν
1407 2728 1894 2797 πολιτευσαμένων

2068 2722 2321 2777 Omnium
2352 2722 2574 2792 quidem
2610 2734 2821 2783 eorum,
2858 2720 2950 2789 qui
2984 2733 3043 2774 se
3077 2734 3145 2774 ex
3176 2720 3291 2774 Deo
3328 2753 3378 2790 δ.

294 2860 297 2865 -
320 2832 353 2885 ὁ
371 2831 484 2901 βίος
502 2831 614 2892 τοῖς
646 2827 930 2882 εὐσεόέσιν
980 2823 1427 2895 ὠφελιμώτατος,
1462 2822 1564 2890 οὐχ
1590 2816 1897 2887 ὑπόδειγμα

2008 2816 2108 2870 vita
2142 2824 2222 2868 est
2249 2814 2356 2884 piis
2380 2814 2668 2869 utilissima
2697 2833 2710 2869 :
2744 2823 2942 2883 utquae
2964 2813 3036 2868 sit
3059 2828 3167 2867 non
3185 2812 3359 2868 solum
3385 2829 3566 2868 exem-

327 2922 488 2993 μόνον
512 2921 606 2973 καὶ
658 2917 852 2984 τύπος,
901 2916 1038 2971 ἀλλὰ
1077 2918 1170 2969 καὶ
1239 2912 1583 2983 παράκλησις
1632 2908 1897 2979 ὑπάρχων

320 3014 459 3084 πρὸς
480 3012 592 3084 [γρ.
628 3010 729 3084 εἰς]
777 3011 1000 3082 ἀρετήν.
1032 3008 1207 3079 Ζήλου
1241 3006 1351 3077 γάρ
1373 3021 1442 3058 ιτι
1492 3003 1720 3074 κέντρον
1752 2998 1909 3071 ἐνιηὲ

326 3122 412 3158 σιν
435 3103 642 3173 ἀγαθοῦ
673 3104 768 3156 καὶ
796 3099 1177 3172 διαθερμαίνει
1206 3100 1306 3169 τὴν
1329 3096 1527 3166 εὐσεσῆ
1558 3093 1738 3164 ψυχὴν
1759 3091 1909 3163 πρὸς

320 3195 424 3262 τὴν
469 3195 721 3265 μίμησινθ
756 3196 784 3247 ὁ
808 3192 866 3246 δέ
892 3209 956 3261 γε
979 3189 1073 3244 τοῦ
1127 3187 1517 3260 Χρυσοστόμου
1556 3185 1769 3257 [ἰατρὸς
1804 3185 1900 3238 καὶ

330 3284 533 3354 μᾶλλον
579 3285 726 3356 ἥπερ
786 3283 893 3337 τῶν
952 3282 1127 3337 ἄλλων
1162 3281 1293 3352 ἡδὺς
1323 3279 1428 3351 μὲν
1443 3278 1695 3341 ἀκοῦσαι,
1725 3278 1904 3349 σωτή-

325 3395 441 3449 ριος
470 3378 530 3434 δὲ
565 3375 909 3450 μιμήσασθαι
952 3377 1046 3430 καὶ
1078 3374 1379 3446 ὠφέλιμος.
1427 3372 1594 3442 Ἀνὴρ
1627 3370 1737 3440 γὰρ
1759 3371 1899 3423 ἐκεῖ·

324 3486 417 3532 νος
440 3469 503 3523 οὐ
534 3468 693 3539 μόνον
724 3464 839 3537 εἶχε
870 3458 1118 3536 γλῶτταν
1147 3464 1403 3535 λυσιτελῆ
1433 3465 1549 3525 τοῖς
1577 3459 1896 3527 ἀκούουσιν,

319 3561 464 3614 ’ἀλλὰ
497 3560 699 3614 καὶτὸν
740 3560 855 3630 βίον
895 3559 1058 3612 πλέον
1084 3563 1196 3622 τοῖς
1230 3557 1587 3628 μιμουμένοις
1615 3552 1897 3622 ὲπωιρελῆ.

322 3654 540 3708 Μᾶλλον
566 3654 717 3718 δὲ,εῐ
750 3653 857 3725 χρὴ
915 3652 1145 3723 τάληθὲς
1192 3652 1390 3717 εἰπεῖν,
1438 3650 1630 3718 ὥσπερ
1682 3645 1901 3716 ἐκείνην

323 3743 482 3813 ἔσχεν
515 3745 574 3797 ὲν
606 3743 684 3812 τῷ
716 3744 895 3811 λέγειν
950 3743 1230 3813 ἀμίμητον
1249 3754 1264 3771 ·
1288 3740 1434 3793 οὕτω
1464 3738 1529 3810 δὴ
1560 3737 1654 3792 καὶ
1711 3734 1902 3790 τοῦτον

323 3836 616 3914 ἀνέφικτον
685 3837 745 3889 ἐν
774 3834 852 3904 τῷ
898 3835 1179 3905 πράττειν.
1232 3832 1380 3904 Πλὴν
1416 3831 1553 3885 ἀλλὰ
1586 3828 1660 3882 τὰ
1689 3827 1900 3881 ἐκείνου

326 3926 423 3980 καὶ
459 3925 746 3998 διηγητέον
776 3926 1017 3991 πάντως,
1051 3926 1145 3979 καὶ
1205 3925 1471 3995 μιμητέον
1515 3924 1595 3986 εἰς
1646 3921 1896 3991 δύναμιν.

1998 2907 2117 2978 plar
2142 2916 2199 2961 et
2239 2906 2435 2972 forma,
2467 2905 2565 2960 sed
2617 2904 2780 2959 etiam
2827 2903 3133 2960 adhortatio
3169 2905 3239 2959 ad
3289 2903 3570 2960 virtutem.

1999 2998 2255 3053 Immittit.
2277 2998 2425 3052 enim
2454 2996 2737 3052 stimulum
2767 2996 2927 3051 bona:
2973 2994 3358 3061 atmulationis,
3390 3002 3448 3049 et
3476 3009 3573 3049 ac-

1999 3090 2187 3145 cendit
2209 3090 2353 3160 piam
2381 3089 2619 3144 animam
2636 3088 2705 3144 ad
2727 3087 3111 3143 imitationem.
3131 3084 3254 3142 Vita
3270 3096 3454 3143 autem
3474 3103 3570 3159 ρας

2004 3183 2102 3237 tris
2122 3183 2297 3237 nostri
2327 3183 2726 3255 Chrysostomi,
2754 3192 2837 3237 est
2863 3182 3051 3237 auditu
3084 3180 3305 3251 quidem
3346 3182 3574 3253 aliisjuo

2001 3275 2256 3341 cundior,
2305 3277 2375 3330 ad
2430 3276 2759 3331 imitandum
2821 3284 3005 3331 autem
3035 3275 3289 3330 salutaris
3318 3284 3375 3332 et
3406 3275 3574 3331 utilis.

2001 3364 2136 3423 Nam
2180 3366 2269 3420 ille
2301 3366 2523 3435 quidem
2554 3366 2639 3420 vir
2693 3381 2805 3421 non
2844 3367 3019 3421 solum
3068 3366 3300 3423 habebat
3333 3368 3575 3440 linguam

2002 3456 2402 3512 conducibilem
2437 3457 2503 3512 iis
2532 3457 2625 3526 qui
2671 3472 2792 3512 eam
2848 3459 3150 3513 imitantur.
3184 3458 3301 3513 lmo
3346 3461 3577 3526 νει-ο,ιεί

2001 3562 2193 3604 verum
2235 3548 2418 3604 dicere
2446 3557 2719 3618 oporteat,
2747 3550 3024 3620 quomodo
3050 3551 3198 3605 illam
3238 3550 3293 3605 in
3347 3552 3581 3608 dicendo

2003 3640 2239 3695 habebat
2300 3640 2678 3696 inimitabilem
2715 3641 2831 3695 :ita
2881 3641 3047 3696 etiam
3102 3642 3266 3709 hanc,
3307 3658 3467 3713 quam
3525 3644 3578 3698 in

2004 3732 2213 3803 agendo
2239 3747 2403 3788 nemo
2433 3741 2615 3803 potest
2641 3734 2881 3804 assequi.
2910 3734 3109 3789 Verum
3158 3736 3304 3790 enim
3334 3751 3464 3792 vero
3493 3752 3584 3793 res

2006 3826 2155 3882 illius
2182 3836 2311 3880 sunt
2341 3828 2566 3883 omnino
2596 3828 2888 3883 narrandae
2916 3838 2973 3883 et
3008 3829 3290 3886 imitandae
3329 3847 3430 3901 pro
3455 3831 3584 3887 viri-

2006 3917 2129 3972 bus.
2162 3916 2297 3972 Nam
2323 3918 2623 3988 pictoribus
2645 3934 2863 3990 quoque
2892 3935 3001 3974 non
3047 3930 3177 3977 sunt
3234 3922 3583 3992 despicienda

338 4014 495 4069 Ἐπεὶ
524 4017 618 4068 καὶ
657 4016 970 4085 ζωγράφοις
997 4015 1069 4069 τὰ
1095 4015 1362 4069 κάλλιστα
1413 4015 1522 4067 τῶν
1574 4013 1902 4085 ἀρχετύπων

2008 4008 2372 4078 pulcherrima
2413 4008 2766 4078 exemplaria,
2787 4019 3198 4080 quatenus'non
3226 4011 3429 4068 habent
3454 4014 3583 4070 faci-

324 4104 389 4157 οὐ
420 4077 727 4176 παροπτέήα,
747 4077 962 4159 ’παθότι
1000 4106 1076 4176 μὴ
1107 4105 1297 4177 ῥᾳδίαν
1333 4102 1448 4174 ἔχει
1499 4077 1625 4170 τὴν.
1646 4077 1902 4174 μίμησιν,

2008 4077 2112 4155 lem
2137 4100 2540 4157 imitationem:
2577 4077 2672 4157 sed
2718 4077 2863 4173 quod
2915 4117 3138 4175 sperent
3176 4105 3315 4171 fore,
3349 4116 3409 4162 ut
3443 4108 3487 4162 si
3519 4127 3583 4164 ea

324 4196 442 4251 ἀλλ’
497 4198 671 4251 ἐλπίδι
723 4197 818 4251 τοῦ
869 4197 1030 4268 μόγις
1081 4195 1215 4250 ποτὲ
1266 4194 1686 4265 κατορθωθέντα
1743 4210 1906 4264 περι-

325 4288 595 4355 ϐλέπτους
653 4290 935 4356 ἀποδεῖξαι
983 4291 1111 4353 τοὺς
1163 4289 1554 4358 μιμουμένους,
1605 4287 1735 4359 περὶ
1792 4284 1904 4359 [ἵσ.

329 4378 490 4452 πρὸς]
536 4380 628 4434 τὸν
650 4381 810 4451 ζῆλον
844 4381 1149 4448 ἀνίστησιν.
1202 4379 1357 4449 Ἐμοὶ
1389 4379 1446 4432 δὲ
1495 4379 1668 4448 μέσην
1697 4381 1726 4432 ὁ
1748 4378 1907 4446 λόγος

326 4469 586 4542 ὥρμηται
633 4470 891 4542 βαδίζειν,
937 4471 1012 4534 ὡς
1052 4471 1187 4542 μήτε
1234 4469 1305 4523 τὰ
1350 4468 1470 4523 κατ’
1518 4470 1682 4522 αὐτὸν
1725 4468 1906 4521 πάντα

326 4562 621 4629 διεξελθεῖν
652 4604 668 4628 ,
738 4566 875 4637 μήτε
927 4565 999 4619 τὰ
1040 4561 1382 4635 καιριώτατα
1431 4560 1683 4632 παριδεῖν
1722 4576 1738 4592 ο
1788 4559 1906 4614 ἀλλ’

329 4658 516 4711 ἐκεῖνα
583 4657 681 4729 μὲν
736 4660 932 4722 εἰπεῖν,
962 4659 1062 4712 ὅσα
1088 4657 1184 4710 καὶ
1208 4653 1474 4726 λεχθέντα
1534 4653 1747 4722 μεγάλα
1780 4654 1907 4717 τοὺς

331 4749 609 4819 ἀκροατὰς
660 4748 958 4821 ὠφελήσει,
1019 4749 1113 4802 καὶ¹
1180 4746 1533 4819 παροφθέντα
1572 4745 1641 4798 τὰ
1671 4746 1905 4816 μέγιστα

330 4838 621 4910 (nituisset:
660 4842 732 4896 τὰ
751 4841 795 4895 δ’
839 4841 979 4895 ἄλλα
1003 4842 1114 4903 τρῖς
1150 4840 1328 4904 ἄλλοις
1350 4838 1692 4894 καταλιπεῖν.

398 5108 482 5164 A'.
532 5100 699 5171 Οὗτος
729 5108 1021 5176 τοιγαροῦν
1046 5109 1074 5160 ὁ
1101 5107 1307 5177 ἀληθὴς
1340 5106 1432 5161 τοῦ
1451 5107 1587 5161 Θεοῦ
1619 5108 1907 5177 ἄνθρωπος

327 5200 424 5252 καὶ
456 5198 674 5269 γνήσιος
715 5199 856 5269 μετὰ
902 5199 995 5252 τὸν
1043 5199 1333 5270 ὁμώνυμον
1394 5198 1506 5271 [γρ.
1564 5200 1905 5273 συνώνυμον]

328 5289 509 5359 κήρυε
532 5289 629 5355 τῆς
656 5292 966 5359 μετανοίας,
997 5292 1025 5343 ὁ
1051 5290 1298 5359 γλῶτταν
1336 5293 1452 5359 ἆμα
1483 5293 1577 5345 καὶ
1606 5294 1789 5362 φωνὴν
1810 5292 1905 5346 καὶ

2007 4192 2228 4249 tandem
2249 4194 2484 4250 assecuti
2512 4194 2893 4261 fuerint,-clari
2913 4206 2968 4251 et
2991 4198 3229 4269 insignes
3251 4201 3583 4256 redduntur:

2009 4283 2062 4338 id
2094 4284 2400 4339 imitatores
2428 4285 2631 4340 excitat
2651 4288 2719 4341 ad
2750 4288 3154 4343 aemulationem
3193 4307 3206 4342 :
3241 4291 3372 4345 mihi
3402 4301 3583 4347 autem

2007 4374 2183 4429 oratio
2210 4376 2387 4430 media
2412 4377 2644 4445 quadam
2669 4378 2752 4432 via
2775 4388 2859 4434 est
2880 4380 3210 4450 ingressura,
3235 4391 3587 4453 utnec-qua:-

2006 4481 2225 4535 cunque
2255 4468 2325 4522 ab
2357 4483 2424 4522 eo
2449 4467 2593 4522 facta
2628 4479 2777 4537 sunt,
2795 4482 3179 4543 persequatur,
3237 4491 3417 4546 neque
3444 4494 3588 4547 pra:-

2007 4558 2273 4612 termittat
2307 4573 2393 4622 ea,
2418 4574 2540 4629 quae
2567 4568 2697 4615 sunt
2719 4562 3012 4632 praecipua.
3038 4563 3173 4618 Nam
3204 4566 3335 4621 illud
3360 4568 3583 4636 quidem

2007 4646 2124 4702 fere
2156 4658 2240 4703 est
2298 4650 2592 4719 ejusmodi,
2636 4660 2695 4705 ut
2724 4651 2839 4707 ﬁeri
2897 4669 3007 4708 non
3049 4656 3221 4724 possit
3253 4675 3265 4710 :
3295 4657 3399 4713 hoc
3454 4676 3584 4717 vero

2008 4756 2117 4796 non
2177 4750 2265 4797 est
2309 4743 2455 4798 utile.
2492 4743 2599 4799 Sed
2643 4744 2732 4799 illa
2774 4746 2993 4815 quidem
3056 4747 3220 4811 dicat.
3251 4764 3371 4820 quae
3415 4751 3581 4820 dicta,

2008 4833 2350 4890 auditoribus
2388 4835 2685 4906 plurimum
2734 4837 2968 4893 atl'erent
3029 4839 3327 4898 utilitatis:
3363 4853 3586 4913 prmer-

2008 4927 2171 4979 missa
2207 4935 2387 4980 autem
2423 4944 2436 4981 :
2468 4927 2651 4982 damni
2697 4929 2992 4998 plurimum
3027 4932 3171 4987 :alia
3225 4948 3357 4989 vero
3417 4936 3588 4991 relin-

2008 5026 2142 5087 quat
2174 5019 2316 5072 aliis.

2082 5110 2120 5163 I.
2146 5109 2244 5164 llic
2266 5126 2396 5182 ergo
2426 5128 2588 5169 verus
2617 5115 2779 5171 homo
2803 5115 2918 5179 Dei,
2948 5126 3001 5171 et
3026 5132 3341 5188 germanus,
3371 5121 3415 5176 si
3443 5121 3581 5178 ullus

2011 5199 2172 5262 alius.
2205 5213 2331 5271 post
2349 5220 2496 5267 eum,
2524 5208 2760 5275 quierat
2807 5210 3055 5279 ejusdem
3112 5212 3354 5266 nominis
3407 5227 3585 5281 praeco

2009 5293 2374 5362 pmniteutire,
2398 5297 2493 5365 qui
2526 5299 2707 5370 lingua
2746 5301 2910 5355 simul
2938 5313 2997 5357 et
3026 5318 3160 5359 voce
3207 5312 3264 5359 et
3314 5319 3409 5358 ore
3439 5313 3494 5358 et
3525 5305 3579 5358 in

329 5379 508 5448 στόμα
537 5384 629 5433 καὶ
658 5380 835 5434 πάντα
862 5380 1120 5452 χρυσοῦς,
1155 5381 1357 5451 μᾶλλον
1390 5380 1448 5434 δὲ
1482 5381 1579 5435 καὶ
1620 5382 1801 5451 πολλῷ
1827 5382 1902 5452 τῷ

2009 5386 2264 5441 omnibus
2318 5404 2540 5455 aureus,
2568 5394 2677 5446 imo
2711 5407 2840 5449 vero
2886 5394 3047 5464 longe
3094 5412 3229 5452 auro
3273 5396 3582 5467 pretiosior,

331 5471 485 5543 μέσῳ
549 5470 640 5525 τοῦ
691 5472 893 5544 χρυσοῦ
949 5473 1390 5544 τιμιώτερος,.ἐξ
1441 5474 1772 5544 Ἀντιοχείας
1803 5475 1902 5546 μὲν

2011 5493 2185 5551 genus
2222 5480 2441 5550 quidem
2503 5483 2739 5540 ducebat
2793 5501 2859 5541 ex
2916 5488 3206 5543 Antiochia
3242 5504 3257 5542 :
3289 5488 3582 5557 Antochia,

400 5652 422 5675 ‘
452 5650 760 5722 Secundum
790 5650 1098 5707 Romanum
1133 5650 1585 5722 Martyrologium,
1607 5652 1731 5707 item
1747 5652 1905 5710 Beda:

328 5732 385 5777 et
410 5721 663 5777 Usuardi.
714 5721 818 5777 Sed
858 5739 967 5778 non
998 5731 1082 5777 est
1116 5723 1204 5778 hic
1236 5721 1571 5790 n’atalis’ejus
1595 5723 1713 5777 dies
1740 5740 1900 5792 quem

331 5800 472 5847 testo
511 5792 859 5849 Exaltationis
898 5792 1167 5862 S.1(3rucis
1197 5793 1395 5847 obiisse
1424 5795 1747 5862 ouiues,qui
1783 5793 1902 5863 ejus

329 5877 419 5917 res
446 5870 623 5933 gestas
652 5864 1020 5930 conscribunt,
1053 5871 1347 5919 testantur:
1382 5864 1475 5917 scd
1511 5864 1900 5929 translationis,

2012 5658 2228 5725 quando
2262 5659 2466 5714 scilicet
2504 5676 2703 5731 corpus
2761 5663 2878 5732 ejus
2918 5679 3062 5732 anno
3100 5664 3200 5718 458
3246 5678 3277 5716 a
3328 5665 3587 5721 Cumanis

2012 5732 2444 5855 :ranlslatum-eit
2472 5729 3019 5805 Couétautinbpolidn
3049 5733 3181 5789 Vide
3205 5732 3327 5792 Bar.
3354 5734 3411 5790 in
3443 5736 3588 5799 Mar-

2037 5815 2127 5855 ΥΓΟ
2156 5840 2168 5853 .
2200 5819 2246 5853 at
2297 5816 2359 5854 ’ΖΛ
2426 5820 2515 5855 illi.

2035 5815 2168 5869 μοι.
2200 5815 2265 5853 au
2297 5815 2362 5854 :u‘
2394 5815 2515 5857 Jun.
