3828 6472
339 385 477 451 1047

1561 380 1844 442 MENSIS
1884 381 2341 445 JANUARIUS.

3438 382 3581 451 1048

328 504 576 572 inquam,
618 513 739 570 qua:
773 494 877 553 sita
910 504 996 552 est
1034 494 1088 551 in
1121 492 1443 571 Caelesyria:
1472 490 1609 547 Cum
1660 501 1768 547 tam
1796 492 1894 548 cla-

2008 486 2153 546 εἷλκε
2185 492 2245 546 τὸ
2282 491 2462 561 γένος.
2510 492 2865 564 ’Δντιοχείας,
2915 494 3039 566 ητις
3084 494 3224 549 κατὰ
3254 495 3355 568 τὴν
3381 495 3581 568 Κοίλην

328 610 442 649 ram
482 601 663 647 autem
705 591 934 645 haberet
967 589 1217 660 patriam,
1250 602 1353 642 nec
1392 595 1653 656 parentes
1681 584 1900 655 quidem

324 681 520 737 habuit
548 680 731 736 minus
756 678 989 734 nobiles.
1022 676 1270 733 Fuerunt
1310 677 1456 733 enim
1486 677 1527 731 ii
1560 691 1777 746 quoque
1811 692 1904 732 su-

324 773 615 844 spiciendi,
648 780 705 828 et
763 768 1050 842 splen-dore
1108 769 1233 826 vita:
1258 769 1448 840 paucis
1499 768 1745 823 secundi.
1775 767 1902 823 Erat

324 863 470 919 enim
503 872 656 934 pater
704 862 814 918 dux
841 861 1134 926 exercitus,
1161 868 1219 914 et
1247 860 1339 930 qui
1372 859 1556 914 multis
1589 858 1901 913 abundabat

322 955 541 1029 opibus.
573 952 781 1008 Nomen
818 963 998 1009 autem
1031 952 1171 1023 patri
1202 952 1278 1022 (1)
1303 951 1524 1021 quidem
1554 950 1902 1005 eratSecun-

324 1054 453 1113 dus,
480 1045 639 1099 matri
665 1061 800 1101 vero
821 1044 1091 1099 Anthusa.
1116 1042 1219 1110 Qui
1235 1043 1476 1114 primum
1504 1041 1722 1111 quidem
1744 1049 1902 1095 erant

320 1137 585 1207 religione
615 1135 869 1208 gentiles,
909 1145 964 1189 et
1003 1136 1334 1190 tenebantur
1354 1133 1638 1205 profundis
1662 1132 1902 1188 tenebris

321 1229 668 1301 ignorantiae,
692 1228 928 1293 etiamsi,
949 1236 1240 1297 postquam
1273 1226 1356 1281 eis
1385 1235 1548 1281 natus
1586 1234 1730 1281 esset
1758 1223 1901 1278 ﬁlius

323 1330 380 1377 et
408 1320 593 1376 divino
624 1320 949 1391 baptismate
974 1325 1345 1389 regeneratus,
1376 1317 1599 1375 fuerant
1623 1316 1661 1371 ii
1682 1330 1899 1389 quoque

321 1414 571 1470 veritatis
628 1414 751 1469 luce
790 1411 1095 1468 illuminati.
1132 1411 1206 1465 Ex
1251 1411 1335 1466 bis
1394 1411 1484 1465 ille
1543 1419 1716 1476 ortus,
1772 1426 1897 1466 cum

322 1518 470 1564 esset
504 1508 682 1563 adhuc
710 1522 846 1577 puer
871 1515 1056 1573 :etate,
1089 1520 1433 1574 nequaquam
1463 1504 1653 1559 habuit
1685 1503 1894 1574 puerile

319 1598 625 1669 ingenium.
650 1596 839 1666 Neque
864 1595 1011 1650 enim
1046 1594 1285 1650 faciebat
1314 1593 1518 1664 aliquid
1550 1593 1893 1659 indecorum,

318 1703 497 1759 neque
527 1696 646 1742 erat
696 1696 994 1758 occupatus
1028 1686 1083 1740 in
1134 1684 1360 1740 ludicris
1417 1691 1475 1739 et
1510 1682 1719 1739 lusibus
1750 1701 1762 1736 :
1799 1684 1895 1739 sed

318 1779 494 1850 qualis
522 1778 825 1850 procedens
880 1777 1061 1833 futura
1090 1784 1237 1832 esset
1265 1776 1468 1847 planta,
1503 1776 1620 1846 ipsa
1670 1777 1893 1831 omnino

2005 586 2184 637 κεῖται
2247 583 2468 648 Συρίαν.
2526 582 2682 638 Οῦτω
2707 584 2763 638 δὲ
2796 585 3052 656 πατρίδος
3098 587 3378 658 ἐπιφανῶς
3416 588 3577 659 ἔχων,

2004 673 2155 726 οὐδὲν
2182 666 2346 744 ἦττον
2395 674 2489 727 καὶ
2515 674 2769 746 πατέρων
2821 675 3059 746 εὐγενῶν
3078 676 3287 748 ἔτυχεν.
3326 679 3584 733 Ἀπόόλε-

2004 781 2128 818 πτοι
2175 764 2285 836 γὰρ
2343 765 2440 818 καὶ
2471 766 2647 831 αὐτοὶ,
2685 769 2780 820 καὶ
2818 771 2885 840 τῇ
2910 770 3050 822 κατά
3076 770 3169 824 τὸν
3236 772 3354 842 βίον
3416 791 3577 846 περι-

2005 857 2201 928 φανείᾳ
2226 857 2300 929 μὴ
2328 857 2540 911 πολλῶν
2600 858 2865 930 δεύτεροι.
2914 862 3225 932 Στρατηγδς
3280 864 3390 935 γὰρ
3432 866 3581 937 αὐτῷ

2002 948 2032 1000 ό
2055 950 2256 1017 πατὴρ,
2295 948 2391 1001 καὶ⁸
2424 948 2602 1019 μυρίῳ
2635 949 2848 1020 πλούτῳ
2883 953 2976 1004 καὶ
3024 952 3311 1025 βαθυτάτῳ
3350 953 3541 1027 κομῶν
3564 974 3583 991 ο

2002 1037 2172 1106 ὄνομα
2205 1039 2259 1091 δὲ
2291 1040 2367 1109 τῷ
2408 1040 2505 1109 μὲν
2546 1041 2653 1093 τῶν
2685 1042 2888 1109 γονέων
2930 1044 3240 1110 Σεκοῦνδος,
3278 1050 3344 1116 τῇ
3377 1048 3435 1100 δὲ
3466 1050 3583 1102 Ἀν-

2003 1129 2170 1183 θοῦσα
2196 1147 2209 1162 ·
2232 1132 2289 1184 τδ
2307 1133 2518 1202 πρῶτον
2536 1133 2799 1203 Ἓλληνες
2819 1135 2954 1205 ὁμοῦ
2968 1139 3031 1207 τῇ
3056 1137 3456 1210 θρησκείᾳ
3483 1140 3583 1210 τηε

2003 1222 2346 1295 θρησκείαν],
2368 1227 2459 1278 καὶ
2479 1226 2556 1296 τῷ
2582 1226 2738 1295 βαθεῖ
2760 1228 2934 1297 σκότῳ
2954 1230 3052 1297 τῆς
3079 1230 3303 1296 ἀγνοίας
3334 1234 3580 1302 κάτοχον

2001 1315 2049 1367 εί
2091 1314 2184 1368 καὶ
2220 1316 2355 1383 μετά
2398 1316 2497 1387 τὴν
2521 1317 2618 1370 τοῦ
2681 1320 2871 1383 παιδος
2922 1320 3197 1390 γέννησιν,
3239 1324 3374 1391 πρὸς
3398 1323 3454 1377 δὲ
3487 1326 3581 1378 καὶ

1998 1406 2097 1476 τὴν
2154 1405 2251 1459 τοῦ
2308 1406 2455 1461 θείου
2508 1408 2883 1480 βαπτίσματος
2910 1412 3268 1480 ἀναγέννησιν
3288 1452 3304 1477 ,
3329 1412 3409 1482 τῷ
3440 1414 3582 1482 φωτὶ

1999 1497 2095 1551 xui.
2123 1492 2269 1551 οὗτοι
2293 1498 2392 1568 τῆς
2420 1499 2678 1570 ἀληθείας
2699 1501 3211 1572 περιελάμφθησαν.
3247 1504 3342 1556 Ἐκ
3374 1505 3580 1559 τούτοιν

1999 1590 2206 1653 ἐκεῖνος
2261 1588 2564 1659 προελθὼν,
2606 1594 2736 1652 παῖς
2762 1590 2836 1643 ῶν
2864 1590 2944 1644 ἔτι
2973 1593 3071 1662 τὴν
3090 1592 3328 1663 ἠλικίαν,
3349 1594 3411 1646 οὺ
3435 1595 3583 1649 κατά

1999 1682 2196 1745 παῖδας
2241 1676 2353 1752 εἶχε
2380 1684 2439 1736 τὸ
2462 1682 2738 1755 φρόνημα.
2789 1684 2926 1738 Οῦτε
2970 1686 3079 1758 γὰρ
3108 1688 3347 1757 ἔπραττέ
3378 1706 3432 1741 τι
3468 1688 3580 1742 τῶν

1997 1773 2274 1844 ἀκόσμων,
2331 1773 2453 1828 οὔτε
2486 1775 2622 1846 πρὸς
2675 1775 2973 1848 ἀθύρματα
3001 1774 3118 1849 εἶχε
3153 1781 3247 1832 καὶ
3306 1779 3530 1843 παιδιάς
3562 1796 3579 1811 ⁸

318 1840 553 1942 seipsam
587 1871 885 1927 indicabat.
927 1870 1135 1926 Deinde
1157 1840 1403 1925 divi-num
1439 1840 1749 1939 assequitur
1791 1868 1892 1923 ba-

1998 1840 2223 1919 dtlldnb
2255 1866 2423 1934 φυτὸν
2480 1840 2664 1932 εῦθὺς,
2734 1840 2920 1922 ὁποῖον
2939 1840 3153 1939 γένοίτο
3188 1871 3398 1940 προϊὸν,
3432 1840 3571 1923 αὐτὸ

317 1967 602 2037 ptisuzum,
661 1978 893 2034 corpore
951 1964 1131 2019 adhuc
1173 1962 1347 2019 'valde
1401 1972 1593 2019 tenero
1635 1971 1686 2016 et
1723 1962 1890 2019 molli.

318 2060 619 2132 Oportebat
655 2061 804 2114 enim
852 2074 1002 2122 eum,
1055 2058 1212 2128 cujus
1246 2057 1356 2111 vita
1388 2055 1457 2110 ad
1488 2055 1769 2110 Christum
1805 2056 1892 2110 in¢

318 2153 574 2218 clittabat,
604 2166 713 2205 non
737 2166 959 2205 manere
989 2150 1220 2219 amplius
1248 2147 1452 2203 Christi
1478 2146 1758 2217 signaculo
1783 2160 1893 2199 non

317 2245 614 2315 signatum.
673 2243 777 2310 Qui
832 2258 958 2297 eum
1013 2249 1199 2297 autem
1247 2240 1521 2309 baptismo
1574 2238 1752 2304 tinxit,
1794 2235 1896 2292 fuit

315 2334 588 2399 Melctius,
607 2334 701 2404 qui
724 2335 929 2404 optime
946 2331 1358 2388 administravit
1384 2331 1570 2385 sedem
1594 2329 1894 2384 Antiorhe-

317 2444 468 2493 nam,
502 2428 633 2484 sede
656 2428 875 2483 virtutis
904 2428 1063 2500 longe
1095 2428 1275 2483 altior.
1307 2425 1500 2481 Postea
1531 2434 1715 2479 autem
1774 2425 1895 2494 ejus

318 2536 537 2592 quoque
562 2529 816 2590 parentes
844 2520 1030 2574 divino
1078 2519 1242 2573 tradit
1269 2519 1510 2572 lavacro.
1537 2516 1722 2587 Neque
1746 2517 1893 2572 enim

320 2628 421 2683 par
457 2619 597 2674 erat,
633 2620 694 2664 ut
722 2625 844 2663 cum
879 2609 945 2664 ad
978 2610 1151 2663 lucem
1168 2611 1353 2677 gratiae
1374 2608 1701 2663 accessisset
1726 2608 1892 2672 lilius,

317 2706 413 2776 qui
446 2705 496 2760 ei
547 2706 727 2759 causa:
786 2704 1004 2758 fuerant
1038 2709 1097 2756 ut
1157 2703 1211 2757 in
1254 2702 1429 2759 lucem
1478 2703 1750 2763 ederetur.
1782 2716 1894 2756 non

317 2796 588 2866 ejusdem,
620 2795 777 2865 cujus
813 2794 976 2853 filius.
1000 2802 1189 2849 essent
1226 2794 1533 2864 splendoris
1579 2793 1893 2864 participes.

316 2887 526 2943 Deinde
554 2887 910 2959 grammatico
941 2886 1193 2951 traditus,
1219 2898 1277 2940 ut
1304 2886 1507 2956 primas
1530 2885 1768 2940 disceret
1785 2885 1897 2940 dis-

319 2981 571 3051 ciplinas,
628 2989 748 3034 erat
798 2978 886 3033 l’ax
943 2978 1143 3048 injecta
1191 2978 1245 3032 in
1293 2978 1720 3049 igncmzneque
1786 2977 1895 3032 ullo

319 3076 548 3129 omnino
568 3088 707 3143 opus
742 3073 978 3127 habebat
1011 3070 1254 3135 stimulo,
1283 3086 1387 3125 nec
1414 3071 1616 3141 aliquo,
1651 3070 1742 3139 qui
1767 3085 1892 3124 eum

1996 1957 2158 2011 ἐαυτδ
2180 1958 2509 2028 παρεδήλου.
2530 1954 2663 2013 Εῐτα
2682 1960 2776 2013 τοῦ
2802 1958 2949 2014 θείου
2987 1960 3337 2026 καταξιοῦται
3382 1962 3585 2033 βαπτίο

1997 2066 2203 2119 σματος
2228 2051 2320 2104 ἐπὶ
2341 2052 2446 2123 νέῳ
2468 2053 2608 2106 πάνυ
2635 2053 2727 2106 καὶ
2746 2053 2938 2124 ἁπαλῷ
2964 2052 3355 2125 σώματι.Ἐδει
3372 2057 3482 2126 γὰρ
3502 2054 3580 2126 τῷ

1999 2140 2099 2213 βίῳ
2151 2142 2287 2213 πρὸς
2352 2143 2589 2212 Χριστὸν
2638 2143 2887 2197 κλίνοντα
2921 2144 2997 2216 μὴ
3031 2146 3125 2197 ἐπὶ
3150 2146 3283 2199 πολὺ
3306 2147 3406 2215 τῆς
3436 2148 3580 2201 κατὰ

1998 2234 2215 2304 πνεῦμα
2266 2235 2553 2288 λείπεσθαι
2604 2235 2967 2306 τελειότητος.
3010 2237 3276 2300 Μελέτιος
3322 2239 3433 2292 δὲό
3484 2238 3582 2310 βα·

1997 2329 2198 2391 πτίσας
2240 2324 2307 2400 ἦν
2335 2346 2348 2359 ο
2380 2327 2437 2392 ὃς
2492 2329 2584 2381 τὸν
2636 2328 2822 2398 θρόνον
2885 2329 3081 2399 ἄριστα
3109 2329 3208 2399 τῆς
3248 2330 3580 2399 Ἀντιοχείας

1998 2422 2242 2491 ἐκόσμει,
2295 2423 2447 2491 παρά
2476 2421 2611 2475 πολὺ
2638 2420 2711 2490 τῷ
2739 2421 2915 2491 θρόνῳ
2944 2422 3045 2492 τῆς
3087 2422 3288 2492 ἀρετῆς
3309 2422 3579 2492 ὑψηλότε-

2000 2532 2113 2585 ρος.
2179 2513 2445 2584 ’Υστερον
2479 2515 2535 2568 δέ
2561 2515 2655 2567 καὶ
2704 2519 2829 2576 τοὺς
2865 2514 3032 2567 αὑτοῦ
3058 2511 3301 2584 πατέρας
3336 2514 3416 2584 τῷ
3447 2514 3579 2586 θείῳ

1995 2605 2207 2675 λουτρῷ
2264 2605 2502 2659 δίδωσιν.
2556 2607 2691 2660 osa:
2747 2607 2857 2677 γὰρ
2900 2603 2968 2678 ἦν
2992 2605 3162 2671 ἄξιον,
3194 2606 3269 2675 τῷ
3306 2608 3447 2676 φωτὶ
3481 2608 3578 2676 τῆς

1997 2699 2217 2769 χάριτος
2245 2699 2337 2751 τοῦ
2372 2699 2559 2762 παιδὸς
2596 2699 3011 2769 προσελθόντος,
3036 2699 3165 2761 τοὺς
3195 2699 3407 2760 αἰτίους
3432 2697 3584 2768 αὐτῷ

1997 2793 2093 2860 τῆς
2119 2792 2197 2852 εἰς
2228 2791 2343 2860 φῶς
2372 2793 2707 2861 προαγωγῆς
2750 2792 3099 2861 γενομένους,
3137 2789 3211 2861 μὴ
3248 2789 3347 2860 τῆς
3378 2790 3580 2859 ὁμοίας

2002 2884 2328 2951 κοινωνῆσαι
2368 2883 2774 2954 λαμπρότητος,
2800 2883 2991 2938 ἔπειτα
3042 2885 3439 2954 γραμματιστῇ
3470 2898 3581 2934 τινι

1999 2974 2323 3044 παραδοθεὶς
2359 3017 2373 3041 ,
2415 2976 2535 3040 ὅλος
2577 2976 2685 3029 τῶν
2742 2976 3082 3046 μαθημάτων
3130 2974 3365 3043 γίνεται.
3414 2974 3581 3027 Φύσει

1996 3066 2055 3119 δὲ
2096 3066 2247 3138 δεξιᾷ
2308 3069 2514 3138 σπουδὴ
2580 3068 2946 3132 συνελθοῦσα,
2996 3067 3065 3123 δι’
3108 3068 3293 3135 ὀλίγου
3348 3068 3581 3121 πλεῖστα

319 3172 470 3218 esset
505 3163 857 3219 incitaturus.
885 3160 1208 3229 Quanquam
1224 3160 1532 3230 disciplina,
1557 3170 1615 3214 et
1635 3161 1891 3216 diuturna

1999 3161 2366 3231 ἐκμανθάνειν
2403 3161 2601 3216 ἐποίει.
2643 3162 2739 3214 Ἐκ
2771 3160 2958 3223 παιδὸς
2984 3161 3082 3231 μὲν
3111 3155 3205 3214 οῦν
3233 3159 3315 3213 ἐτι
3338 3162 3401 3211 τὸ
3432 3159 3581 3213 λιτὸν

315 3257 376 3311 in
407 3271 519 3310 uno
542 3255 662 3310 loco
696 3270 868 3320 mora,
897 3262 953 3311 et
978 3255 1219 3310 assidere
1239 3262 1588 3322 occupatum,
1621 3261 1750 3307 sunt
1778 3266 1896 3307 om-

318 3347 454 3402 nino
474 3346 768 3417 juvenibus
798 3346 1007 3416 ingrata
1033 3355 1087 3401 et
1107 3345 1402 3415 injucunda
1426 3362 1439 3397 :
1464 3343 1738 3414 quomodo
1760 3359 1896 3398 con--

319 3449 405 3494 tra
442 3438 760 3494 saltationes
795 3447 852 3493 et
884 3438 1290 3497 translationes.
1323 3451 1631 3505 cursusque
1659 3444 1717 3490 et
1774 3451 1896 3490 mo-

320 3531 500 3586 tiones
555 3538 684 3585 sunt
744 3529 824 3584 eis
876 3528 1204 3600 gratissima.
1264 3528 1357 3583 ille
1401 3535 1585 3582 autem
1621 3542 1680 3581 se
1720 3535 1893 3579 totum

322 3623 555 3678 dedebat
579 3621 899 3691 disciplinis.
926 3621 1063 3675 Cum
1095 3620 1241 3683 bono
1266 3621 1453 3688 itaque
1486 3619 1706 3689 ingenio
1733 3617 1897 3671 simul

317 3729 657 3769 concurrens
690 3713 950 3777 studium,
987 3713 1169 3767 etiecit
1211 3721 1270 3766 ut
1310 3711 1459 3766 brevi
1511 3710 1740 3781 plurima
1786 3708 1894 3762 dis-

319 3815 491 3861 ceret.
544 3804 680 3860 Cum
729 3815 910 3859 autem
979 3804 1048 3860 ab
1108 3804 1335 3859 ineunte
1381 3811 1538 3856 attate
1575 3801 1893 3855 tenuitatem

319 3905 574 3959 amasset,
598 3904 654 3950 et
675 3910 704 3949 a
729 3895 869 3951 fastu
916 3892 1325 3956 alienationem,
1355 3902 1474 3946 erat
1497 3890 1748 3959 superior
1775 3904 1896 3943 om-

320 3991 485 4045 nibus
510 3988 785 4043 blanditiis
816 3996 871 4043 et
906 3987 1069 4042 rebus
1099 3984 1409 4055 superﬂuis,
1437 3998 1614 4052 neque
1635 3982 1893 4037 comitum

319 4081 724 4138 multitudinem
750 4096 932 4135 secum
962 4078 1171 4134 ducens
1211 4078 1277 4131 ad
1327 4076 1514 4130 ludum
1572 4074 1893 4128 litterarium

318 4188 497 4242 neque
558 4185 700 4241 equo
735 4179 943 4233 vectus,
972 4167 1074 4222 iter
1094 4166 1302 4237 ingredi
1328 4165 1631 4221 sustinens.
1661 4162 1767 4219 Sed
1795 4179 1896 4217 nec

318 4261 466 4318 aliud
492 4261 784 4330 quidquam
819 4259 1110 4314 delicatum
1155 4265 1250 4310 aut
1295 4252 1665 4324 splendidum,
1711 4261 1769 4308 ut
1802 4254 1892 4323 qui

2004 3252 2238 3322 φιλήσας
2271 3253 2365 3305 καλ⁸
2398 3252 2600 3321 ἄωτον
2621 3292 2635 3315 ,
2696 3253 2880 3323 πάσης
2907 3252 3169 3321 ἀπείχετο
3203 3250 3463 3320 βλακείας
3485 3251 3581 3304 καὶ

1997 3344 2402 3413 περιττότητος,
2456 3343 2580 3397 οὔτε
2625 3343 2828 3413 πλῆθος
2863 3342 3174 3396 ἀκολουθῶν
3215 3344 3297 3405 είς
3329 3343 3427 3412 τὴν
3453 3342 3575 3397 δια-

1995 3435 2189 3505 τριϐὴν
2227 3436 2586 3504 ἐπαγόμενος,
2638 3435 2763 3491 οὔτε
2803 3437 2957 3504 ἵππῳ
2990 3437 3089 3503 τὴν
3127 3434 3354 3501 πορείαν
3385 3432 3578 3487 ἁνΰειν

1997 3528 2461 3598 παραδεχόμενος,
2485 3528 2606 3581 οῦτε
2642 3529 2809 3597 ἄλλην
2838 3528 3113 3597 ἁϐρότητα
3141 3529 3235 3580 καὶ
3281 3526 3577 3595 κομψείαν,

1995 3614 2084 3673 οἷα
2115 3621 2264 3683 εἰκὸς
2284 3621 2376 3673 τὸν
2401 3618 2662 3686 τοιοῦτον,
2699 3620 3165 3691 ἐπιδεικνύμενος,
3208 3619 3450 3686 καίτοιγε
3468 3618 3581 3673 τιίν

1995 3713 2201 3781 γονέων
2247 3713 2494 3783 σφοδρῶς
2546 3714 2911 3782 ἐπικειμένων
2978 3713 3073 3768 καὶ
3133 3713 3349 3766 οἰκείων
3415 3710 3579 3781 ὕϐριν

1995 3802 2154 3856 τοῦτο
2195 3801 2585 3871 λογιζομένων,
2636 3804 2736 3858 οὐκ
2785 3803 2965 3857 αὐτῶν
2992 3803 3050 3856 δέ
3082 3803 3265 3873 μόνον,
3298 3801 3434 3857 ἀλλὰ
3481 3803 3578 3856 καὶ

1996 3892 2347 3961 παιδαγωγοῦ
2407 3894 2500 3944 καὶ
2530 3893 2916 3962 συμφοιτητῶν
2944 3896 3011 3948 τὰ
3043 3896 3208 3964 ὅμοια
3249 3894 3576 3960 ποιούντων,

1996 3981 2092 4033 καὶ
2144 3980 2241 4050 τὴν
2295 3982 2495 4052 πολλὴν
2548 3982 2917 4045 ὀνειδιζόντων
2985 3984 3282 4038 εὐτέλειαν.
3351 3984 3577 4050 Ἑκείνῳ

1994 4074 2052 4127 δὲ
2071 4074 2265 4128 πολλοῦ
2292 4075 2395 4128 ἔδει
2422 4078 2535 4139 τοῖς
2559 4077 2764 4130 τούτων
2791 4076 2971 4144 λόγοις
3007 4079 3317 4146 πεισθῆναι.
3348 4079 3442 4131 καὶ
3475 4078 3577 4148 τὴν

1996 4166 2279 4235 ἡλικιῶτιν
2322 4168 2471 4237 αὑτῴ
2507 4169 2600 4222 καὶ
2634 4169 2795 4239 φίλην
2841 4170 3171 4225 ἀπώσασθαι
3221 4171 3573 4241 μετριότητα.

1998 4257 2160 4313 Ὥστε
2212 4261 2305 4313 καὶ
2361 4261 2468 4314 τῶν
2520 4261 2729 4327 γονέων
2789 4262 2938 4333 αὐτῷ
2977 4279 3108 4316 ποτε
3161 4260 3575 4329 κοινολογουμέ-

319 4362 468 4408 esset
493 4369 557 4407 ex
590 4361 740 4407 tanta
779 4350 942 4406 domo
1002 4355 1279 4402 ostentare
1324 4343 1894 4414 contendens.ltaque

1998 4369 2126 4417 νων,
2162 4357 2253 4406 καὶ
2296 4355 2399 4422 τὴν
2454 4353 2655 4421 αἰτίαν,
2704 4354 2773 4408 δι’
2806 4356 2867 4425 ἦν
2917 4354 3060 4409 οὕτω
3107 4355 3175 4407 δι’
3212 4355 3448 4418 ὀνείδους
3476 4356 3575 4409 ati-

317 4463 443 4502 eum
468 4456 721 4516 parentes
748 4443 967 4513 quidem
1006 4440 1160 4495 valde
1203 4439 1490 4501 instarent,
1526 4444 1582 4490 et
1626 4451 1745 4492 eam
1780 4452 1893 4490 rem

1998 4446 2109 4507 τοῖς
2158 4440 2296 4498 εἶναι
2349 4444 2490 4500 θέλοι
2540 4446 2979 4516 πυνθανομένων,
3043 4448 3205 4511 λιτῶς
3236 4447 3380 4518 ἔχων
3429 4448 3573 4501 πάνυ

316 4553 441 4595 esse
469 4538 571 4593 sibi
597 4536 797 4607 probro
826 4536 1110 4597 ducerent,
1140 4547 1242 4587 nec
1261 4533 1296 4586 ii
1317 4531 1439 4594 soli,
1474 4532 1569 4586 sed
1594 4531 1757 4586 etiam
1781 4546 1890 4600 pa:-

1998 4534 2092 4587 καὶ
2164 4534 2470 4601 ἰδιωτικῶς,
2501 4540 2530 4589 ὁ
2560 4537 2720 4605 σοφὸς
2745 4536 2823 4607 τῷ
2848 4536 2960 4590 sm
3024 4539 3119 4589 καὶ
3175 4538 3275 4608 τὴν
3326 4537 3574 4605 γλῶτταν

315 4633 556 4703 dagogus
586 4639 644 4684 et
687 4627 1046 4697 condiscipuli
1080 4626 1269 4680 eadem
1328 4624 1593 4688 lacerent,
1623 4634 1679 4679 et
1708 4623 1756 4678 ei
1794 4638 1892 4678 ex-

313 4724 663 4795 probrarent,
687 4719 832 4791 quod
861 4726 1007 4773 esset
1033 4716 1201 4772 nimis
1227 4715 1351 4770 vilis
1372 4725 1428 4770 et
1451 4714 1722 4782 abiectus,
1754 4713 1895 4768 ntul-

1994 4627 2285 4699 ἁήττητος,
2319 4626 2363 4681 ὣ
2388 4628 2442 4682 τί
2490 4647 2643 4695 ποτε,
2679 4627 2827 4696 εἷπε,
2860 4630 3160 4701 πράγματά
3190 4647 3280 4697 μοι
3319 4630 3572 4702 βούλεσθε

1993 4719 2258 4791 παρέχειν
2319 4721 2619 4793 διακενῆς;
2691 4724 2766 4794 μὴ
2796 4724 3061 4794 κρείττων
3109 4721 3241 4790 ἐγὼ,
3285 4724 3444 4794 φησὶ,
3476 4721 3569 4775 τοῦ

314 4826 432 4869 tum
465 4813 656 4868 aberat
709 4820 768 4866 ut
799 4810 888 4864 ille
921 4807 1353 4879 persuaderetur
1379 4820 1571 4860 eorum
1604 4806 1805 4871 verbis,
1839 4815 1894 4861 et

1998 4812 2212 4883 Δανιὴλ,
2252 4813 2428 4884 ῆτῶν
2475 4814 2644 4883 τριῶν
2694 4815 2901 4868 παίδων
2926 4815 3173 4875 ἐκείνων.
3210 4808 3287 4868 ὧν
3325 4814 3415 4868 διὰ
3467 4815 3569 4884 τὴν
3619 4826 3628 4889 t

314 4908 420 4962 sibi
471 4904 817 4976 congenitam
871 4911 929 4958 et
981 4910 1188 4973 gratam
1221 4898 1514 4969 repelleret
1558 4899 1890 4955 moderatio-

310 5014 459 5053 nem.
488 4996 853 5063 Quamobrem
888 5008 1011 5048 cum
1045 5008 1170 5047 eum
1200 4991 1496 5061 aliquando
1536 4992 1893 5048 convenirent

308 5097 590 5163 parentes,
623 5096 680 5141 et
705 5101 929 5143 causam
961 5093 1237 5155 regarent,
1268 5099 1367 5139 cur
1387 5085 1466 5139 eis
1487 5084 1738 5140 dedecori
1770 5099 1890 5140 esse

309 5183 477 5237 vellet
506 5193 615 5236 tam
650 5180 891 5236 tenuiter
922 5178 1131 5241 vivens,
1160 5185 1215 5233 et
1244 5178 1417 5233 instar
1449 5178 1732 5247 cujusdam
1770 5179 1889 5247 ple-

308 5274 458 5331 beii:
493 5274 582 5327 ille
616 5288 806 5327 revera
835 5272 1073 5342 sapiens,
1109 5280 1165 5327 et
1196 5271 1378 5342 lingua
1421 5273 1582 5344 plane
1622 5272 1884 5339 invictus,

307 5368 354 5424 0
373 5383 470 5423 cur
498 5365 654 5430 mihi,
682 5364 873 5434 inquit,
899 5365 1100 5419 frustra
1120 5364 1284 5419 vultis
1309 5365 1569 5419 exhibere
1584 5364 1887 5434 negotium,

305 5461 532 5533 perinde
555 5474 620 5515 ac
649 5456 695 5512 si
725 5472 828 5512 nos
850 5456 1009 5528 primi
1039 5460 1163 5513 vitae
1189 5458 1507 5513 tenuitatem
1537 5466 1592 5512 et
1631 5458 1883 5514 modera-

377 5605 456 5676 (i)
492 5602 850 5676 Parentes.S.
869 5604 1099 5661 Joannis
1116 5604 1492 5676 Qhrysostomi
1526 5614 1755 5658 matrem
1792 5606 1900 5660 Pu-

498 5674 668 5755 t‘uisse
686 5675 1112 5755 praeterjheod.
1142 5674 1202 5730 L.
1235 5674 1315 5755 in,
1335 5690 1456 5745 cap.
1475 5676 1564 5742 i7,
1594 5676 1894 5755 menolpgia

311 5745 477 5802 etiam
507 5745 815 5801 Graecorum
849 5747 1159 5811 afﬁrmant;
1193 5746 1288 5800 sed
1330 5759 1518 5801 eorum
1555 5745 1833 5799 sententia
1865 5762 1895 5799 a

322 5814 559 5872 Baronio
587 5817 653 5874 ad
683 5833 887 5875 annum
927 5817 1032 5874 562
1070 5817 1377 5873 refellitur:
1408 5817 1515 5873 nisi
1539 5816 1677 5872 forte
1708 5814 1896 5871 Publia

1995 4905 2094 4975 τῆς
2118 4906 2297 4978 ψυχῆς
2329 4908 2619 4979 συντριόὴν
2644 4909 2865 4978 καὶ-τὴν
2884 4907 2979 4961 τοῦ
3007 4908 3325 4977 πνεύματος
3358 4907 3574 4978 μετριό-

1995 5014 2155 5067 τητα,
2188 5001 2216 5051 ό
2252 4999 2353 5068 μὲν
2376 5000 2606 5053 λεόντων
2661 5001 2907 5062 ἐκτεθεὶς
2966 5000 3233 5070 στόμασιν
3279 5001 3574 5072 ἀπρόσιτος

1998 5084 2091 5158 ἦν,
2108 5091 2159 5142 oi
2187 5090 2245 5143 δέ
2277 5091 2494 5162 καμίνῳ
2521 5091 2693 5159 πυρὸς
2716 5090 3030 5154 ἐκδοθέντες
3053 5091 3312 5144 τοσοῦτον
3337 5091 3572 5161 ἀπέσχον

2000 5179 2094 5234 ὑπ’
2144 5181 2310 5235 αὑτοῦ
2364 5182 2647 5254 βλαϐῆναι,
2704 5182 2847 5237 ὥστε
2880 5183 3080 5254 μικροῦ
3108 5184 3221 5237 δεῖν
3240 5184 3337 5237 καὶ
3369 5184 3448 5247 ὡς
3471 5184 3574 5236 ὕπ-

1998 5277 2172 5350 ηρέτῃ
2228 5279 2519 5347 φαίνεσθαι
2565 5279 2645 5350 τῷ
2686 5279 2823 5351 πυρὶ
2875 5278 3217 5351 χρωμένους,
3270 5279 3366 5333 καὶ
3430 5278 3567 5332 κατά

1997 5368 2108 5422 τῶν
2171 5371 2612 5440 περιεστηκότων
2672 5372 2965 5439 ἐπαφιέναι
3016 5373 3113 5423 σὺν
3147 5370 3326 5424 οὐδενὶ
3355 5371 3433 5438 τῷ
3464 5385 3571 5423 κω·

1993 5460 2212 5529 λύοντι;
2259 5462 2321 5514 οὐ
2357 5463 2469 5533 μὴν
2517 5464 2577 5518 δὲ
2634 5463 2770 5519 ἀλλὰ
2816 5464 2910 5517 καὶ
2965 5463 3243 5534 πανταχοῦ
3302 5464 3403 5535 τὴν
3428 5463 3573 5517 θείαν

2008 5609 2256 5682 Antbusa
2317 5608 2469 5682 dicta
2521 5610 2616 5682 sit.
2641 5640 2715 5682 -τ
2752 5610 2829 5667 De
2856 5611 3016 5666 Joan.
3049 5609 3241 5682 Chrys.
3288 5625 3491 5682 genere
3522 5617 3573 5665 et

2003 5678 2367 5759 ςξςιιιείιιὶοῐιεε.Δ
2382 5680 2508 5759 vide
2532 5680 2832 5759 Niceph_.__c.
2862 5682 2919 5748 2,
2954 5683 3008 5747 3,
3048 5681 3140 5759 lib.
3163 5678 3321 5759 ’ξιιιξ
3365 5681 3569 5759 ΤΙιορςί.

2004 5748 2100 5804 lib.
2125 5766 2177 5815 ν,
2218 5765 2269 5806 c.
2298 5750 2390 5805 26.
2418 5751 2486 5806 27
2517 5768 2531 5808 :
2574 5748 2695 5808 Sci.
2734 5752 2827 5807 lib.
2858 5769 2975 5820 vttt,
3003 5769 3052 5808 c.
3087 5754 3141 5821 2,
3174 5752 3245 5818 5;
3282 5749 3438 5808 Sacr.
3482 5753 3571 5807 lib.

2008 5835 2082 5885 vt,
2115 5834 2166 5876 c.
2204 5821 2273 5887 3;
2306 5821 2430 5877 Bar.
2458 5822 2524 5876 ad
2552 5837 2642 5877 an.
2671 5823 2796 5879 582.
