3828 6488
250 395 388 464 ὶθίθ

1252 392 1433 457 VITA
1478 395 1539 457 S.
1581 396 1900 460 iOANNIS
1932 398 2494 467 CHRYSOSTOMI.

3350 405 3495 474 1050

244 511 484 582 εὑρίσκω
530 505 751 579 γραφὴν
779 505 840 560 τὸ
875 505 1135 561 ταπεινὸν
1180 506 1341 561 τοῦτο
1397 508 1492 563 καὶ
1527 510 1657 580 παρ’
1690 511 1820 578 ὑμῖν

1934 512 2128 570 tionem
2155 518 2541 579 statuissemus
2567 518 2771 585 colere,
2795 535 2940 591 aegre
2979 521 3218 577 ferentes
3239 522 3264 577 ?
3288 521 3494 581 Deinde

245 603 526 665 δικασταῖς
559 602 905 654 ἀπόπτυστον
940 601 1068 671 περὶ
1099 599 1296 653 πολλοῦ
1341 602 1693 675 ποιουμένην,
1727 604 1823 657 καὶ

254 696 327 759 ὡς
360 694 512 748 οὐδέν
540 711 592 746 τι
626 692 757 746 ἄλλο
803 691 1049 762 τιμῶσαν
1075 710 1089 726 ο
1118 693 1176 746 τὸ
1194 693 1253 747 δὲ
1283 695 1537 765 περιττὸν
1559 696 1653 749 καὶ
1677 696 1827 764 φιλό-

248 804 406 857 τιμον
456 789 522 839 ὲκ
586 785 787 848 παντὸς
821 785 1254 851 διαϐάλλουσαν,
1304 789 1400 841 καὶ
1458 789 1671 858 μικρῶν
1730 790 1824 843 καὶ

250 878 447 933 ἀθλίων
504 877 691 948 ψυχῶν
744 878 925 946 ἔρωτα
968 879 1194 947 μᾶλλον,
1226 879 1345 949 οὐχὶ
1380 881 1651 949 μεγάλων,
1708 881 1827 934 οὐδὲ

250 971 509 1039 γενναίων
559 971 690 1023 αὐτὸ
740 970 1050 1039 τιθεμένην.
1100 972 1263 1025 Ὥστε
1320 974 1420 1026 οὑκ
1450 973 1684 1042 ἀμαθῶς
1715 973 1827 1041 ἐγὼ

251 1064 366 1125 τοῖς
387 1061 629 1125 πλείονος
652 1061 872 1133 τίθεμαι
890 1064 1054 1130 λόγου
1072 1065 1223 1117 τουτὶ
1244 1063 1303 1116 τὸ
1324 1064 1564 1134 μέτριον⁸
1591 1065 1713 1117 ἐπεὶ
1733 1064 1829 1118 καὶ

251 1155 512 1218 τοιούτοις
531 1155 775 1210 εὐδοκεῖν
805 1156 1064 1226 μανθάνω
1092 1156 1152 1208 τὸ
1184 1155 1355 1217 θεῖον.
1384 1158 1481 1211 καὶ
1510 1157 1671 1228 χάριν
1720 1156 1823 1228 μὲν

251 1248 491 1317 παρέχον
522 1248 635 1310 τοῖς
679 1249 978 1312 ταπεινοῖς,
1002 1249 1116 1310 τοῖς
1148 1247 1193 1299 δ’
1225 1248 1487 1311 ἐναντίως
1517 1247 1702 1319 ἔχουσι
1730 1248 1827 1301 καὶ

254 1339 581 1408 μαχόμενον.
653 1338 841 1393 Ταῦτα
913 1338 1126 1393 ἐκείνου
1155 1339 1437 1409 [λέγοντος
1467 1380 1484 1406 ,
1568 1339 1832 1411 ἔκπληξις

253 1429 525 1496 ἐλάμϐανε
553 1429 678 1492 τοὺς
718 1430 969 1499 πατέρας
1002 1433 1121 1501 [γρ.
1151 1430 1465 1503 τεκόντας].
1514 1431 1829 1485 Ἠκολούθει

252 1521 310 1575 δὲ
353 1522 574 1586 πάντως
626 1523 720 1576 καὶ
748 1524 782 1593 ἠ
824 1523 933 1576 ἀπὸ
957 1526 1065 1578 τῶν
1097 1508 1358 1597 ῥημάτων
1382 1523 1643 1594 ὠφέλεια·
1673 1523 1818 1577 ὥστε

255 1613 449 1684 μισθὸν
478 1615 662 1678 αὐτοῖς
694 1614 937 1670 τοιοῦτον
966 1617 1168 1671 διδόναι
1196 1618 1297 1687 τῆς
1325 1619 1405 1681 είς
1432 1616 1525 1671 τὸν
1561 1617 1676 1688 βίον
1700 1634 1833 1687 προ-

252 1705 397 1771 όδου,
432 1708 528 1759 καὶ
587 1704 718 1774 παρ’
770 1706 995 1761 ἐκείνων
1051 1708 1240 1771 ἁπλῶς
1264 1708 1327 1761 τὸ
1372 1703 1514 1761 εἶναι
1568 1707 1825 1773 λαϐόντα,

253 1795 398 1853 τδςῦ
431 1793 573 1853 εἶναι
620 1800 846 1862 τούτους
901 1798 1212 1871 φιλοτίμως
1263 1798 1609 1870 ἀμείϐεσθαι.
1660 1799 1829 1863 Μόλις

253 1888 312 1943 δὲ
365 1893 482 1954 τοῖς
516 1890 736 1959 γονεῦσι
795 1865 1042 1956 πεισθεὶς
1097 1865 1360 1962 ἦνέσχετο
1390 1891 1453 1944 τὸ
1474 1891 1574 1946 σὺν
1597 1892 1681 1945 ἐνὶ
1705 1891 1817 1946 τῶν
1861 1865 1904 1921 Β

255 1981 465 2036 παίδων
515 1983 737 2036 ἀπιέναι
773 1984 913 2054 πρὸς
962 1983 1063 2052 τὴν
1094 1982 1399 2054 διατριδήν.
1429 1984 1502 2039 Οὐ
1527 1983 1662 2038 πολὺ
1686 1980 1751 2038 rb
1774 1985 1831 2040 ἐν

259 2072 430 2143 μέσῳ,
464 2073 553 2126 καὶ
576 2074 605 2125 ὁ
634 2075 732 2144 μὲν
764 2074 947 2145 πατὴρ
978 2073 1334 2146 ἀπήλλακται
1360 2074 1469 2129 τῶν
1498 2076 1783 2147 παρόντων
1812 2092 1828 2108 ·

260 2167 294 2236 ἡ
330 2167 517 2235 μήτηρ
566 2168 643 2229 δὲ,
702 2162 796 2220 καὶ
855 2168 1108 2239 πρόωρον
1149 2167 1341 2238 ῶσπερ
1368 2166 1480 2241 [Ian
1511 2168 1702 2240 ὥσπερ
1735 2171 1829 2225 καὶ

256 2257 531 2330 πρόωρον]
576 2260 919 2330 ὑπομείνασα
967 2261 1065 2332 τὴν
1111 2262 1361 2331 χηρείαν,
1409 2262 1508 2316 καὶ
1559 2262 1654 2315 ἐπὶ
1682 2263 1834 2317 παιδὶ

258 2349 364 2418 νέῳ
413 2352 505 2403 τὸν
545 2350 660 2421 βίον
713 2351 1035 2418 σαλεύουσα,
1096 2353 1299 2424 μυρίαν
1330 2348 1446 2425 εἶχε
1474 2354 1574 2424 τὴν
1606 2354 1834 2408 ἐπὶτῶν

257 2442 602 2510 πραγμάτων
661 2442 1013 2512 ἀνωμαλίαν,
1072 2444 1166 2497 καὶ
1235 2443 1408 2499 πολλὰ
1458 2443 1529 2498 τά
1597 2443 1833 2516 δυσχερῆ

260 2535 559 2589 συνέπιπτε
603 2536 726 2590 καθ’
770 2535 1028 2604 ἑκάστην,
1077 2533 1166 2589 οἷα
1196 2536 1354 2605 μόναι
1382 2536 1444 2590 αί
1463 2535 1689 2590 τοιαῦτα
1732 2553 1836 2589 πα-

214 2633 220 2639 ’
258 2623 449 2678 θοῦσαι
501 2627 688 2694 σαφῶς
732 2628 1074 2681 ἐπίστανται.
1129 2626 1347 2682 Τούτων
1389 2627 1575 2696 ἐκείνη
1627 2627 1836 2697 βραχὺν

260 2716 462 2787 ἔχουσα
501 2719 677 2787 λόγον,
723 2719 819 2773 δύο
864 2719 971 2773 τῶν
1004 2719 1221 2772 πάντων
1271 2718 1517 2779 πλείονος
1545 2719 1698 2787 ὴξίου
1736 2735 1836 2786 με·

260 2805 460 2877 ρίμνης
490 2809 551 2859 τὸ
583 2808 813 2877 μηδενὸς
874 2808 1014 2878 μετὰ
1070 2808 1169 2875 τὴν
1226 2806 1321 2860 τοῦ
1357 2806 1550 2878 ἀνδρὸς
1572 2806 1834 2876 τελευτὴν

257 2899 448 2970 ἑτέρου
507 2902 794 2971 προσέχειν
818 2901 983 2971 ἔρωτι
1002 2901 1118 2970 (καὶ
1149 2901 1259 2968 γὰρ
1291 2897 1437 2969 εἶχεν
1470 2898 1550 2951 ἔτι
1580 2896 1679 2969 τὴν
1717 2897 1836 2967 ἡλι-

260 2990 388 3044 κίαν
429 2995 546 3054 ταῖς
608 2992 886 3055 τοιαύταις
939 2993 1142 3059 πάγαις
1171 2991 1499 3061 ἁλώσιμον),
1540 2989 1633 3042 καὶ
1660 2990 1720 3041 τὸ
1747 2988 1838 3041 τὸν

262 3082 431 3136 παῖδα
481 3084 626 3137 οὕτω
673 3088 1010 3155 προαγαγεῖν
1038 3082 1152 3156 [πρ.
1181 3080 1528 3153 προσάγειν],
1561 3082 1637 3144 ὡς
1670 3081 1837 3150 μηδε-

259 3173 394 3245 μίαν
450 3176 641 3247 ἑτέραν
690 3177 1002 3230 δείκνυσθαι
1044 3176 1286 3230 τοιούτου
1325 3176 1562 3246 μητέρα.
1606 3174 1757 3227 Ἐπεὶ
1778 3174 1835 3226 δὲ

255 3267 468 3331 ἐκεῖνος
488 3271 891 3339 γραμματικήν
924 3286 980 3321 τε
1013 3271 1110 3322 καὶ
1141 3269 1240 3339 τὴν
1281 3267 1568 3336 ἐγκύκλιον
1617 3266 1837 3320 παίδευ-

257 3375 348 3412 σιν
382 3361 639 3429 ὲκμαθὼν
670 3358 759 3432 ἦν,
794 3357 913 3415 εἶτα
946 3364 1039 3414 καὶ
1071 3361 1367 3432 ῥητορικῆς
1390 3360 1485 3413 καὶ
1516 3357 1839 3429 φιλοσοφίας

255 3453 339 3515 είς
368 3452 538 3525 ἀκρον
572 3456 763 3526 ἥλασε,
797 3455 898 3525 τὴν
926 3456 1024 3526 μὲν
1047 3456 1121 3516 ὡς
1148 3454 1347 3525 ἄριστα
1379 3453 1638 3507 Λιθανίου
1655 3470 1839 3523 παρα-

258 3543 444 3599 λαϐὼν
476 3541 560 3617 (οὗ
615 3549 751 3601 πολὺ
777 3549 838 3601 τὸ
886 3552 966 3611 είς
1028 3547 1329 3619 ῥητορικὴν
1355 3546 1510 3609 κλέος
1541 3546 1702 3613 ἐστὶ),
1740 3546 1839 3618 τὴν

257 3635 316 3688 δὲ
357 3636 517 3691 πάλιν
584 3638 973 3712 Ἀνδραγαθίου
1022 3638 1330 3708 φιλοπόνως
1377 3637 1831 3709 ἀκροασάμενος,

256 3727 310 3779 τί
336 3726 548 3795 γίνεται
574 3747 590 3796 ;

1925 606 2108 662 statim
2155 608 2527 666 adducebatur
2581 612 2636 667 in
2697 613 3005 684 exemplum
3052 608 3239 669 Daniel
3287 626 3344 671 et
3387 626 3495 673 tres

1926 696 2081 764 pueri
2111 697 2152 751 ¹.
2177 697 2259 751 Ex
2290 699 2492 769 quibus
2524 701 2615 756 ille
2639 702 2882 769 quidem,
2919 703 3111 773 inquit.
3144 715 3367 775 prepter
3387 711 3501 760 ani-

1928 801 2031 841 mae
2086 790 2473 846 contritionem
2519 802 2576 848 et
2629 794 2855 864 spiritus
2919 797 3388 856 moderationem.
3429 802 3498 855 ah

1927 892 2024 933 ore
2054 879 2275 935 leonum
2311 882 2447 937 adiri
2482 899 2591 938 non
2622 886 2816 955 poruit.
2852 887 2928 941 illi
2955 898 3136 943 autem
3159 891 3392 959 conjecti
3443 892 3497 946 in

1927 967 2204 1025 fornacem
2259 972 2423 1044 ignis,
2451 983 2663 1030 tantum
2695 977 2871 1031 abfuit
2902 987 2961 1033 ut
2991 980 3062 1034 ab
3085 981 3201 1050 ipso
3221 982 3502 1041 vincereno

1929 1068 2039 1123 tur,
2077 1070 2136 1116 ut
2162 1063 2325 1118 etiam
2354 1067 2747 1135 propemodum
2768 1069 3090 1126 viderentur
3109 1073 3356 1130 ministro
3376 1076 3502 1145 igne

1929 1162 2167 1219 utentes,
2198 1164 2255 1210 et
2289 1156 2344 1211 in
2397 1157 2670 1224 inimicos,
2702 1161 2794 1229 qui
2842 1163 3336 1231 circumsistebant,
3374 1182 3500 1222 eum

1928 1246 2138 1316 absque
2205 1248 2315 1303 ullo
2363 1248 2721 1306 immitterent
2763 1252 3157 1323 impedimento
3188 1258 3229 1311 '.
3284 1258 3502 1327 Alioqui

1928 1344 2113 1392 autem
2135 1337 2337 1409 ubique
2374 1339 2594 1396 invenio
2623 1340 2862 1397 divinam
2914 1343 3276 1415 Scripturam,
3337 1348 3502 1417 hanc,

1928 1444 2051 1498 quae
2076 1429 2220 1500 apud
2244 1446 2364 1494 vos.
2416 1432 2651 1501 iudices,
2684 1434 2919 1489 habetur-
2936 1439 3294 1507 contemptui,
3326 1441 3508 1495 humi-

1931 1520 2139 1577 litatem
2168 1523 2370 1593 ubique
2391 1525 2573 1596 magni
2600 1525 2800 1590 facere,
2823 1539 2880 1583 et
2900 1540 2960 1584 ut
2979 1530 3117 1584 nihil
3135 1533 3327 1602 magis.
3352 1548 3506 1589 com-

1931 1613 2228 1669 mendare;
2256 1602 2458 1669 fastum
2492 1630 2624 1671 vero
2654 1624 2710 1672 et
2748 1618 2973 1673 honoris
3023 1620 3260 1675 studium
3317 1637 3507 1692 repte-

1933 1702 2177 1759 bendere
2211 1723 2226 1759 :
2253 1706 2415 1776 idque
2444 1708 2627 1777 pusilli
2656 1720 2712 1764 et
2740 1710 2938 1780 abiecti
2963 1726 3084 1766 esse
3108 1714 3291 1781 potius
3311 1714 3505 1781 animi,

1934 1811 2097 1865 quam
2151 1798 2352 1853 excelsi
2405 1808 2462 1853 et
2501 1801 2706 1871 magni,
2742 1802 2962 1858 dueere.
2994 1802 3359 1869 Quamobrem
3392 1821 3506 1863 non

1931 1902 2033 1960 ego
2084 1888 2398 1959 ignoranter
2436 1891 2612 1960 pluris
2639 1892 2779 1948 facio
2831 1894 2974 1949 hanc
3023 1895 3504 1953 mediocritatem:

1932 1978 2103 2034 Deum
2129 1980 2274 2035 enim
2305 1981 2471 2037 didici
2508 1982 2593 2038 bis
2646 1983 2903 2039 delectari
2937 1985 3100 2055 (solet
3143 1986 3289 2041 enim
3343 1988 3509 2044 simul

1931 2085 2056 2126 cum
2078 2080 2306 2127 externo
2322 2073 2513 2128 habitu
2536 2072 2678 2128 affici
2702 2073 2930 2142 anima),
2955 2082 3010 2129 et
3033 2076 3259 2144 gratiam
3287 2077 3509 2147 quidem

1932 2163 2178 2233 prmbere
2217 2165 2513 2222 humilibus
2540 2169 2562 2201 ³
2592 2186 2605 2221 :
2640 2168 2706 2223 iis
2733 2178 2940 2234 autem,
2970 2171 3062 2240 qui
3100 2183 3292 2227 contra
3319 2187 3378 2227 se
3405 2172 3509 2227 ha-

1934 2255 2086 2319 bent,
2115 2257 2421 2312 adversari.
2459 2256 2583 2314 Haec
2613 2259 2707 2315 illo
2738 2260 2976 2326 dicente,
3018 2270 3275 2331 parentes
3325 2263 3513 2318 obstu-

1935 2360 2194 2419 puerunt.
2221 2350 2525 2407 Consecuta
2552 2362 2636 2408 est
2675 2364 2857 2409 autem
2896 2355 3140 2421 omnino,
3169 2371 3290 2426 qua
3317 2372 3348 2412 a
3378 2372 3507 2413 ver-

1937 2438 2040 2503 bis,
2076 2450 2134 2494 ut
2157 2442 2339 2510 potius
2364 2457 2485 2512 qua:
2502 2458 2531 2497 a
2557 2444 2715 2499 factis
2737 2446 3066 2515 procedebat
3100 2447 3304 2503 utilitas
3330 2465 3344 2503 :
3367 2448 3506 2505 adeo

1937 2540 1999 2585 ut
2033 2532 2191 2586 talem
2213 2533 2293 2587 eis
2313 2534 2468 2590 daret
2497 2537 2802 2590 mercedem
2854 2552 2968 2594 sua:
3005 2539 3060 2593 in
3097 2540 3262 2593 vitam
3303 2542 3507 2609 produ-

1938 2620 2136 2674 otionis
2167 2640 2179 2674 :
2218 2632 2273 2675 et
2293 2624 2386 2692 qui
2418 2624 2486 2678 ab
2515 2625 2595 2679 eis
2624 2627 2842 2695 quidem
2887 2628 3060 2682 solum
3112 2640 3426 2700 acceperat,
3449 2641 3511 2688 ut

1940 2722 2117 2777 esset;
2152 2721 2212 2765 nt
2232 2714 2370 2770 bene
2398 2726 2563 2783 esset,
2594 2718 2674 2772 eis
2690 2718 2941 2774 muniﬁce
2969 2721 3241 2777 redderet.
3263 2721 3364 2778 Vix
3390 2733 3509 2779 tan-

1937 2802 2060 2857 dem
2084 2812 2265 2858 autem
2289 2820 2319 2860 a
2344 2807 2664 2876 parentibus
2683 2824 2998 2879 persuasus,
3020 2812 3077 2866 in
3098 2812 3204 2869 hoc
3226 2813 3310 2869 eis
3330 2829 3507 2885 paret,

1938 2895 2030 2966 qui
2062 2896 2264 2967 alioqui
2291 2914 2349 2952 se
2407 2900 2464 2954 in
2500 2900 2625 2955 aliis
2670 2903 2950 2973 praebebat
2978 2904 3506 2975 obedientissjmum,

1941 2995 2002 3041 ut
2033 3003 2372 3058 nequaquam
2417 2991 2639 3060 quidem
2672 3008 2797 3049 cum
2849 2995 3116 3065 pluribus,
3145 2999 3238 3054 sed
3292 3014 3402 3054 uno
3438 3014 3508 3055 ex

1939 3077 2159 3136 famulis
2183 3097 2307 3136 eum
2339 3083 2655 3149 comitante,
2685 3086 2787 3141 iret
2831 3089 2897 3141 ad
2935 3088 3121 3142 ludum
3158 3089 3505 3147 litterarium.

1939 3169 2060 3225 Non
2088 3172 2314 3227 multum
2356 3175 2700 3246 interjectum
2758 3188 2841 3234 est
2904 3182 3187 3251 temporis,
3246 3193 3303 3237 et
3357 3194 3512 3254 pater

1940 3260 2159 3331 quidem
2194 3263 2428 3319 excessit
2453 3280 2484 3320 e
2527 3265 2639 3322 vita
2678 3271 2932 3338 praesenti
2964 3288 2977 3323 :
3008 3280 3178 3326 mater
3210 3282 3417 3338 autem,
3451 3284 3509 3330 ut

1938 3367 2060 3423 qua:
2088 3365 2469 3423 praematuram
2521 3359 2784 3415 subiisset
2821 3361 3163 3429 viduitatem,
3194 3372 3252 3419 et
3286 3375 3511 3435 propter

1937 3461 2165 3516 puerum
2191 3448 2371 3503 adhuc
2401 3458 2603 3506 tenerae
2623 3452 2821 3518 aetatis,
2843 3453 2969 3508 vita:
2998 3454 3255 3510 fluctibus
3278 3456 3506 3526 agitata.

1936 3541 2124 3596 multis
2152 3550 2210 3595 et
2239 3542 2402 3597 variis
2441 3544 2687 3611 quotidie
2721 3546 3017 3601 vexabatur
3046 3548 3265 3603 casibus
3296 3558 3352 3603 et
3399 3564 3511 3603 mo-

1936 3632 2130 3698 lestiis,
2169 3649 2307 3704 quas
2333 3650 2412 3690 e'e
2437 3635 2563 3690 solae
2591 3645 2783 3706 aperte
2816 3639 3017 3703 sciunt,
3048 3655 3170 3708 quae
3215 3640 3335 3694 illas
3381 3657 3509 3696 sen-

1943 3722 2358 3794 tiunt.Quorum
2385 3730 2604 3798 quidem
2627 3745 2847 3799 parvam
2870 3732 2956 3785 illa
2982 3731 3188 3787 ducens
3215 3734 3504 3796 rationem,

256 3822 373 3876 duo
394 3836 463 3877 ex
490 3825 746 3881 omnibus
770 3827 1005 3882 maxime
1034 3826 1262 3882 curabat
1295 3842 1531 3898 :nempe
1558 3832 1691 3880 utet
1714 3834 1835 3894 post
1874 3825 1958 3880 sui
1989 3825 2170 3879 mariti
2198 3826 2486 3880 decessum
2547 3826 2752 3880 nullius
2815 3841 3002 3883 amore
3040 3840 3329 3899 caperetur
3382 3834 3508 3908 (po:

256 3922 561 3979 teratenim
591 3921 711 3991 eius
735 3931 865 3978 tetas
884 3924 1064 3980 adhuc
1089 3924 1207 3994 capi
1231 3924 1317 3978 his
1344 3923 1572 3993 laqueis)
1606 3941 1617 3976 :
1648 3930 1703 3977 et
1732 3923 1902 3977 ﬁlium
1930 3923 2009 3978 sic
2032 3923 2290 3977 educeret
2313 3921 2411 3993 (Ξ),
2440 3922 2658 3977 utnulla
2688 3923 2792 3977 alia
2819 3926 3203 3981 ostenderetur
3220 3934 3394 3981 mater
3426 3936 3509 3980 ta-

253 4017 326 4073 lis
352 4015 469 4071 filii.
494 4015 789 4084 Postquam
809 4024 992 4071 autem
1015 4017 1105 4071 ille
1127 4016 1406 4072 didicisset
1426 4016 1832 4085 grammaticam
1872 4024 1928 4070 et
1958 4016 2145 4070 orbem
2188 4015 2622 4084 disciplinarum,
2684 4015 2883 4070 deinde
2931 4018 3094 4072 etiam
3130 4015 3406 4087 pervenit
3443 4019 3509 4074 ad

253 4124 538 4165 summum
564 4107 780 4163 dicendi
811 4107 1087 4163 facultatis
1117 4119 1282 4179 atque
1327 4106 1692 4178 philosophia:
1722 4124 1738 4161 :
1778 4116 1839 4161 ut
1876 4106 1969 4177 qui
2011 4108 2158 4161 illam
2186 4106 2405 4176 quidem
2437 4121 2597 4175 quam
2624 4106 2827 4177 optime
2857 4110 3129 4178 acceperit
3176 4125 3208 4162 a
3260 4106 3487 4163 Libauio

254 4205 419 4278 cujus
448 4213 568 4262 erat
590 4205 819 4277 insignis
849 4204 992 4259 fama
1017 4204 1072 4258 in
1100 4214 1217 4260 arte
1246 4204 1461 4259 dicendi
1489 4222 1501 4258 :
1534 4203 1678 4258 hanc
1708 4211 1892 4257 autem
1931 4203 1999 4258 ab
2050 4202 2422 4273 Andragathio
2476 4200 2768 4272 diligenter
2792 4202 3044 4257 adiverit.
3077 4202 3216 4268 Quid
3241 4203 3345 4257 fit?

325 4298 406 4355 B’.
444 4300 615 4361 Πόθος
641 4298 803 4353 αὑτὸν
835 4298 1086 4360 πλείονος
1135 4298 1386 4361 παιδείας
1416 4298 1511 4351 κοιλ⁵
1544 4297 1627 4360 είς
1669 4297 1832 4365 Ἀθὴ-

2008 4295 2075 4351 ll.
2093 4296 2426 4352 Desiderium
2439 4297 2661 4366 majoris
2675 4296 2998 4351 eruditionis
3017 4296 3089 4366 (in
3105 4295 3351 4365 pluribus
3366 4294 3510 4348 enim

253 4409 360 4458 νας
388 4392 681 4461 ἀφικέσθαι
732 4390 1188 4462 παρασκευάζει·
1227 4392 1391 4444 κάκεῖ
1447 4389 1721 4459 σοφιστῶν
1769 4406 1831 4442 τε

252 4488 357 4541 καὶ
382 4485 689 4554 φιλοσόφων
714 4486 827 4548 τοῖς
852 4484 1099 4554 ἀρίστοις
1128 4483 1190 4536 οὐ
1224 4481 1367 4536 κατά
1391 4482 1670 4553 πάρεργον
1700 4496 1835 4549 συγ-

252 4578 568 4647 γινόμενος,
596 4576 739 4630 οὖτω
760 4577 857 4631 καὶ
879 4576 1006 4630 νοῦν
1034 4575 1342 4641 ὲπλούτισε,
1361 4575 1457 4627 καὶ
1484 4573 1732 4642 γλῶτταν
1755 4573 1836 4637 είς

253 4667 432 4738 ἄκρον
451 4662 718 4737 ήσκησεν,
758 4664 835 4729 ὡς
869 4665 1064 4736 μηδενὶ
1099 4666 1295 4738 ῥαδίως
1313 4665 1408 4718 τοῦ
1444 4665 1560 4718 [σου
1579 4681 1836 4735 παραχω-

256 4761 398 4832 ρεῖν.
439 4758 721 4814 Ἐντεῦθεν
786 4758 1057 4829 ἐπίσημος
1108 4760 1168 4812 ὲν
1202 4758 1392 4829 βραχεί
1437 4761 1540 4810 οὐκ
1582 4758 1837 4827 Ἀθήναις

258 4852 446 4922 μόνον,
508 4852 643 4905 ἀλλὰ
679 4851 774 4904 καὶ
809 4850 1022 4905 Ἐλλάδι
1060 4853 1127 4922 τῇ
1176 4852 1327 4921 πάσῃ
1358 4850 1590 4918 γίνεται,
1626 4852 1722 4903 καὶ
1750 4867 1838 4903 το-

258 4944 475 5007 σοῦτον,
499 4943 576 5007 ὡς
597 4944 692 4997 καὶ
720 4943 870 5014 αὑτῷ
893 4943 959 5013 δὴ
981 4942 1058 5013 τῷ
1085 4942 1315 5012 ὑπάρχῳ
1343 4943 1440 5010 τῆς
1467 4942 1576 4995 τῶν
1591 4940 1834 5012 Ἀθηνῶν

257 5034 491 5101 πόλεως,
529 5037 592 5089 τὸ
613 5036 735 5090 κατ’
761 5036 885 5103 ὄψιν
914 5037 1077 5106 μόνον
1103 5034 1300 5098 ἐλθεῖν,
1334 5036 1565 5105 πρᾶγμα
1584 5034 1843 5104 λογισθῆο

255 5144 349 5183 ναι
378 5128 617 5197 σπουδῆς
664 5129 836 5196 ἀξιον.
870 5130 1027 5183 Κατά
1060 5146 1184 5182 τινα
1216 5128 1346 5196 γοῦν
1379 5127 1570 5194 καιρὸν
1629 5127 1835 5197 ἐκκλη-

259 5219 542 5285 σιάζοντα,
575 5222 671 5273 καὶ
717 5222 844 5284 τοὺς
896 5222 987 5275 ἐπὶ
1018 5219 1146 5293 δόξῃ
1210 5221 1305 5273 καὶ
1349 5221 1491 5290 λόγῳ
1523 5217 1593 5272 τά
1645 5218 1838 5289 πρῶτα

255 5312 526 5381 φέροντας
551 5309 927 5379 συγκαλοῦντα
955 5312 1063 5366 τῶν
1108 5311 1431 5381 Ἀθηναίων,
1472 5309 1635 5370 πόθος
1674 5309 1837 5362 αὑτὸν

254 5401 526 5471 λαμϐάνει
547 5404 798 5469 πλεῖστος
827 5403 1303 5475 μετακαλέσασθαι
1329 5403 1424 5457 καὶ
1444 5402 1535 5455 τὸν
1560 5402 1715 5469 ἆγιον
1740 5402 1838 5454 σὺν

257 5496 431 5568 πολλῇ
454 5498 548 5551 καὶ
572 5498 843 5570 φιλοτίμῳ
865 5500 934 5570 τῇ
960 5496 1251 5569 θεραπείᾳ,
1285 5497 1471 5567 ὅχημά
1500 5512 1560 5548 τε
1585 5493 1839 5564 πέμψαν-

262 5605 347 5651 τα,
384 5590 482 5644 καὶ
508 5591 645 5662 άλλη
682 5593 856 5666 ὁπόση
888 5593 971 5657 τίς
1005 5593 1123 5646 ἑστι
1152 5589 1289 5663 πρὸς
1314 5588 1475 5644 τοῦτο
1514 5588 1833 5659 δορυφορία.

333 5704 351 5735 ί
383 5702 527 5759 Dan.
551 5706 671 5772 νηί
706 5720 858 5777 seqq.

329 5817 403 5889 (2)
435 5818 476 5887 f.
511 5821 784 5877 cducaret.

937 5704 958 5737 ⁸
994 5702 1132 5760 Dan.
1166 5720 1251 5773 ιιι,
1272 5703 1345 5760 24
1365 5717 1519 5774 seqq.

1936 4390 2098 4447 bonis
2119 4390 2472 4460 assequendis
2501 4390 2781 4445 laborabat
2802 4388 3122 4459 cupiditate)
3153 4386 3314 4441 etlieit
3331 4396 3390 4440 ut
3418 4402 3513 4441 ve-

1934 4483 2050 4537 niat
2072 4482 2337 4548 Athenas,
2376 4490 2434 4536 et
2460 4482 2570 4537 illic
2618 4481 2781 4536 simul
2809 4495 3035 4535 versans
3075 4494 3199 4533 cum
3232 4490 3506 4548 prtcstan-

1936 4573 2159 4628 tissimis
2184 4574 2494 4629 rhetoribus
2535 4582 2590 4629 et
2638 4572 2999 4644 philosophis,
3034 4571 3113 4627 sic
3165 4579 3221 4626 et
3274 4579 3510 4626 mentem

1936 4665 2311 4735 locupletavit,
2349 4675 2407 4720 et
2435 4665 2679 4736 linguam
2710 4679 2923 4719 summe
2961 4661 3231 4722 exercuit,
3265 4671 3321 4716 ut
3377 4662 3511 4715 nulli

1937 4753 2095 4808 facile
2138 4756 2484 4820 concederet,
2530 4763 2591 4809 ut
2619 4762 2766 4809 esset
2818 4767 2940 4806 cum
2994 4767 3059 4805 eo
3118 4752 3509 4806 conferendus.

1935 4843 2078 4899 Hinc
2106 4844 2308 4900 factum
2341 4855 2442 4912 est,
2475 4855 2536 4901 ut
2564 4846 2713 4901 brevi
2737 4853 2885 4899 esset
2910 4842 3159 4914 insignis,
3186 4859 3294 4897 non
3335 4844 3511 4899 solum

1936 4938 2192 5003 Athenis,
2221 4939 2315 4993 sed
2351 4939 2516 4993 etiam
2569 4938 2624 4993 in
2683 4938 2939 4993 universa
2991 4934 3198 4991 Graecia
3229 4953 3243 4989 :
3278 4937 3413 4989 adeo
3451 4941 3512 4989 ut

1936 5031 2040 5102 ipsi
2073 5047 2288 5103 quoque
2330 5033 2589 5103 praefecto
2636 5031 2889 5102 praetorio
2948 5042 3033 5084 res
3068 5029 3345 5083 videretur
3388 5042 3511 5082 esse

1937 5126 2099 5195 digna
2129 5141 2327 5196 magno
2358 5125 2565 5188 studio,
2595 5125 2680 5179 vel
2712 5125 2888 5179 solum
2920 5121 3113 5177 venire
3174 5121 3232 5174 in
3277 5133 3513 5187 conspe-

1936 5226 2086 5272 ctum
2110 5218 2469 5272 Athenarum.
2500 5216 2635 5272 Cum
2660 5231 2789 5287 ergo
2810 5215 3042 5285 quodam
3072 5223 3315 5283 tempore
3342 5212 3514 5265 habe-

1939 5315 2023 5362 ret
2039 5308 2384 5372 concionem,
2407 5317 2464 5363 ct
2488 5323 2584 5364 eos
2610 5315 2938 5362 convocaret
2968 5321 3033 5361 ex
3057 5302 3508 5367 Atheniensibus,

1937 5399 2031 5469 qui
2052 5407 2110 5455 et
2144 5399 2311 5468 gloria
2333 5408 2389 5455 et
2411 5400 2628 5456 dicendi
2676 5398 2935 5454 facultate
2998 5398 3260 5452 tenebant
3309 5393 3513 5463 primas

1938 5502 2144 5563 partes,
2171 5493 2221 5548 ei
2262 5508 2407 5548 cura:
2434 5493 2556 5559 fuit,
2615 5501 2676 5548 ut
2716 5501 2967 5548 sanctum
3010 5502 3227 5560 quoque
3262 5484 3512 5566 ‘ofliciose

1939 5595 2161 5640 vocaret
2193 5595 2248 5641 et
2270 5586 2609 5644 honoriﬁce:
2646 5588 2941 5657 statimque
2973 5582 3203 5639 missum
3221 5578 3324 5635 fuit.
3352 5574 3510 5633 vehi-

1595 5701 1617 5733 ⁸
1648 5698 1767 5757 Jac.
1801 5714 1876 5767 tv,
1914 5697 2021 5767 10;
2051 5698 2071 5754 l
2109 5699 2251 5756 Pctr.
2278 5717 2313 5765 ι,
2358 5701 2410 5756 6.
