3828 6498
353 406 487 475 1051

1571 402 1854 465 MENSIS
1888 401 2344 469 IANUARIUS.

3455 404 3592 468 Ιοῦὲ

346 520 554 580 culum,
585 523 641 569 et
666 513 825 575 alius.
856 512 948 582 qui
974 512 1041 568 ad
1072 513 1174 567 hoc
1204 511 1444 583 expedit,
1472 514 1783 573 comitatus.
1808 511 1912 568 Sed

2032 515 2173 570 Ἀλλ’
2216 518 2424 581 ἐκεῖνος
2467 518 2663 584 ταῦτα,
2698 519 2775 583 ὡς
2810 518 3041 590 περιττὰ
3086 518 3177 573 καὶ
3232 518 3466 587 ἀνόνητα
3497 520 3595 569 καὶ

349 610 441 664 ille
472 610 589 662 haec
622 616 878 675 tanquam
903 619 1305 676 supervacanea
1322 612 1379 659 et
1411 604 1624 659 inutilia
1660 616 1718 661 et
1749 605 1913 660 veluti

348 702 510 755 inane
542 696 756 754 itineris
786 698 1161 768 adjumentum
1188 696 1479 767 repellens,
1500 696 1651 751 solus
1670 696 1814 752 viam
1832 705 1918 752 est

347 793 643 863 ingressus,
674 790 792 845 suis
819 798 980 845 utens
1009 789 1260 860 pedibus,
1292 787 1439 860 quod
1457 788 1677 857 quidem
1704 788 1804 843 sibi
1837 788 1917 843 fa-

345 885 601 940 ciendum
631 882 917 939 constituit
944 883 1012 948 is,
1037 883 1131 953 qui
1156 889 1241 938 est
1267 896 1455 947 sanus,
1487 891 1543 935 et
1560 896 1667 936 non
1691 890 1916 951 propter

348 979 717 1049 arrogantiam
768 985 826 1032 et
868 992 1063 1032 vanam
1098 976 1324 1047 gloriam
1354 990 1419 1029 ea
1449 973 1684 1029 sustinet
1712 974 1913 1037 facere,

345 1086 468 1140 qua:
502 1070 713 1142 aegroti.
746 1068 1111 1135 Quamobrem
1142 1067 1313 1135 magis
1345 1074 1630 1136 stupentes
1650 1065 1770 1133 ejus
1796 1080 1914 1119 mo-

345 1161 705 1225 derationem,
738 1169 796 1215 et
826 1175 945 1214 eam
967 1175 1088 1228 qua:
1110 1159 1410 1228 apparebat
1446 1155 1912 1220 constitutionem,

344 1256 610 1309 ducentes
635 1268 758 1308 esse
791 1251 1080 1320 imaginem
1119 1250 1334 1314 animae,
1362 1265 1482 1319 quae
1520 1264 1629 1303 non
1672 1262 1916 1322 appare-

343 1347 461 1410 bat,
491 1345 609 1415 ipse
637 1344 848 1414 primus
869 1341 1128 1413 praetorio
1161 1340 1455 1410 praefectus
1489 1349 1545 1395 et
1570 1340 1663 1410 qui
1691 1354 1816 1395 cum
1849 1354 1916 1394 eo

344 1438 595 1503 aderant,
646 1435 695 1491 ei
728 1434 1005 1490 accedenti
1065 1433 1319 1488 lubenter
1368 1439 1805 1494 assurrexerunt,
1859 1439 1916 1487 et

344 1544 471 1583 eum
495 1535 824 1597 aspexeruut
857 1524 1032 1580 oculis
1076 1524 1385 1578 reverentia
1436 1523 1615 1593 plenis
1651 1533 1708 1578 et
1743 1524 1914 1578 bene-

342 1618 604 1673 volentia.
623 1616 827 1672 Deinde
847 1616 1008 1671 etiam
1027 1615 1080 1669 vi
1096 1615 1431 1669 attrahentes
1448 1614 1912 1685 (resistebatenim

341 1708 566 1780 propter
591 1709 974 1765 vehementem
1020 1722 1260 1762 amorem
1295 1706 1702 1776 moderationis)
1737 1705 1913 1777 primo

340 1802 461 1858 loco
481 1817 607 1857 eum
629 1799 834 1873 dignati
856 1810 1004 1865 sunt,
1028 1800 1351 1870 publiceque
1368 1799 1907 1871 ornarunteloquen-

2017 609 2175 661 κενὸν
2214 606 2328 663 οἷον
2361 611 2587 681 πορείας
2630 612 2906 682 ἐφόλκιον,
2932 612 3294 683 διωσάμενος,
3326 611 3488 682 μόνος
3514 612 3593 664 ετ-

2017 717 2143 771 χετο
2157 701 2256 771 τῆς
2287 702 2429 765 ὀδοῦ,
2472 705 2600 757 ποσὶ
2629 706 2743 769 τοῖς
2779 705 2975 758 ἑαυτοῦ
3017 703 3324 776 χρώμενος.
3371 702 3497 773 Ὑφ’
3526 694 3591 755 οὗ

2016 793 2111 845 καὶ
2142 791 2343 862 μᾶλλον
2370 794 2534 848 αὑτὸν
2561 795 2930 864 ἐκπλαγέντες
2958 796 3060 867 τῆς
3089 796 3465 867 μετριότητος.
3496 794 3592 847 καὶ

2013 886 2114 956 τὴν
2135 889 2467 959 φαινομένην
2493 891 2829 945 κατάστασιν
2862 892 3055 946 είκόνα
3080 893 3180 962 τῆς
3212 889 3457 961 ἀφανοῦς
3481 889 3591 959 ψυ⁶

2015 974 2118 1045 χῆς
2148 978 2529 1048 ποιησάμενοι,
2573 980 2739 1045 αὑτός
2765 997 2825 1033 τε
2888 980 3106 1051 πρῶτος
3135 979 3249 1051 [γρ.
3287 976 3536 1050 πρῶτον]
3559 978 3591 1031 δ

2016 1066 2279 1138 ὕπαρχος,
2303 1071 2396 1122 καὶ
2422 1071 2535 1123 ὅσοι
2567 1070 2631 1141 δὴ
2654 1070 3045 1142 συμπαρῆσαν,
3077 1073 3169 1125 καὶ
3198 1071 3590 1139 ὑπανέστησαν

2015 1161 2316 1231 προσιόντι,
2352 1164 2448 1216 καὶ
2472 1163 2610 1232 πρὸς
2643 1164 2768 1234 βίαν
2796 1164 3264 1233 ἐπισπασάμενοι,
3287 1163 3392 1233 τῆς
3416 1177 3589 1232 προε-

2013 1252 2168 1322 δρίας
2198 1254 2403 1324 ἠξίουν,
2433 1255 2670 1327 δημοσίᾳ
2695 1273 2761 1309 τε
2792 1263 2907 1320 τοῖς
2943 1259 3009 1310 ἐκ
3034 1256 3219 1324 λόγων
3234 1256 3479 1316 ἐπαίνοις
3496 1254 3591 1306 καὶ

2012 1348 2136 1407 ταῖς
2172 1345 2361 1411 ἄλλαις
2389 1348 2797 1419 ἐφιλοτιμοῦντο
2833 1352 3042 1420 τιμαῖς.
3083 1347 3273 1403 Ταῦτα
3305 1346 3363 1400 δὲ
3394 1346 3589 1418 πρᾴως

2011 1435 2105 1489 τὸν
2125 1436 2317 1504 φθόνον
2343 1439 2443 1491 οὐκ
2479 1435 2549 1507 ἦν
2586 1440 2851 1508 ἐνεγκεῖν,
2877 1440 2997 1493 οὐδὲ
3025 1442 3137 1502 τοῖς
3165 1439 3276 1492 τῶν
3298 1438 3591 1517 βασκάνων

2014 1528 2239 1599 ἔμελλεν
2272 1531 2577 1603 ὀφθαλμοῖςΔ
2598 1533 2812 1604 φορητὰ
2838 1533 3096 1602 γενέσθαι
3118 1531 3216 1586 καὶ⁵
3243 1531 3448 1587 ἄλυπα.
3476 1529 3594 1598 Τῆς

2012 1622 2123 1689 γὰρ
2154 1624 2319 1692 κενῆς
2364 1621 2523 1692 δόξης
2554 1624 2803 1693 ἐσχάτως
2829 1624 3292 1694 ἀντιποιούμενοι,
3322 1621 3424 1693 τὴν
3451 1620 3593 1691 πρὸς

2013 1711 2222 1765 ἐκεῖνον
2269 1713 2437 1784 τιμὴν
2468 1715 2568 1784 τῆς
2608 1714 2820 1769 ἑαυτῶν
2856 1716 3051 1785 ὕφεσιν
3100 1715 3351 1785 ἐνόμιζον
3405 1709 3590 1766 εἷναι·

2013 1802 2267 1876 καθάπερ
2310 1805 2375 1876 δὴ
2436 1807 2530 1860 καὶ
2568 1806 2840 1879 ’Δνθεμίῳ
2885 1809 3009 1860 τότε
3063 1805 3404 1867 συνέϐαινεν,
3433 1802 3595 1872 ἀνδρὶ

340 1896 430 1950 tiae
472 1895 728 1950 laudibus
776 1903 832 1949 et
882 1894 1004 1948 aliis
1063 1892 1378 1963 privilegiis.
1408 1891 1548 1947 Fieri
1576 1900 1760 1947 autem
1797 1905 1909 1945 non

2015 1898 2112 1968 τὴν
2147 1896 2246 1967 μὲν
2269 1897 2564 1968 Θρησκείαν
2582 1899 2785 1969 ἓλληνι,
2816 1897 2907 1953 καὶ
2923 1899 3012 1952 διὰ
3046 1898 3147 1969 μὲν
3172 1898 3273 1968 τὴν
3304 1898 3437 1967 περὶ
3463 1896 3594 1957 τοὺς

346 1994 584 2058 poterat,
623 1994 680 2041 ut
713 1985 1018 2041 toleranter
1047 1985 1162 2038 Iure
1193 1984 1356 2038 ferret
1389 1982 1590 2037 invidia
1619 2001 1632 2037 :
1658 1998 1760 2037 nec
1792 1983 1911 2037 sine

344 2079 534 2134 dolore
574 2078 695 2132 haec
732 2076 1043 2146 aSpicerent
1080 2075 1387 2153 invidorum
1413 2074 1555 2128 oculi
1590 2116 1603 2127 .
1628 2074 1761 2128 Nam
1787 2088 1911 2127 eum

340 2183 537 2223 vanam
571 2168 797 2239 gloriam
826 2182 1039 2222 summe
1079 2166 1185 2221 sibi
1230 2166 1611 2230 vindicarent,
1640 2164 1914 2220 existima-

342 2263 476 2316 bant
508 2260 655 2315 illius
683 2259 946 2316 honorem
965 2259 1180 2313 illorum
1209 2259 1403 2313 honori
1427 2259 1738 2313 detrahere.
1762 2258 1914 2324 Quo-

346 2354 509 2410 modo
561 2355 779 2420 accidit,
813 2363 875 2410 ut
922 2363 1038 2411 tum
1074 2369 1289 2426 quoque
1349 2354 1660 2410 afﬁceretur
1700 2354 1914 2409 Anthe-

346 2447 511 2512 mius,
565 2447 659 2517 qui
722 2461 833 2500 non
861 2446 1013 2517 parvi
1038 2447 1260 2516 quidem
1287 2445 1389 2501 fuit
1425 2444 1663 2501 nominis
1691 2454 1914 2516 propter

343 2536 588 2592 studium
624 2535 975 2606 eloquentiae,
1004 2536 1225 2608 gentilis
1262 2544 1446 2591 autem
1480 2544 1598 2591 erat
1627 2535 1910 2606 religione,

342 2638 399 2684 et
423 2628 628 2699 alioqui
656 2629 837 2700 lingua
866 2627 1145 2699 profusus,
1179 2637 1236 2684 et
1262 2628 1453 2684 volens
1474 2629 1525 2683 ei
1563 2627 1796 2683 nimium
1829 2628 1915 2682 in-

338 2723 561 2792 dulgere
590 2739 604 2774 :
636 2721 729 2790 qui
777 2721 951 2776 sancti
987 2721 1241 2777 laudibus
1284 2737 1395 2776 non
1453 2721 1636 2776 minus
1672 2736 1910 2785 morsus,

342 2829 506 2878 quam
529 2814 577 2869 si
605 2813 720 2883 ipse
752 2814 946 2869 fuisset
971 2827 1184 2869 summa
1215 2812 1444 2869 aﬂ‘ectus
1468 2814 1823 2877 contumelia,
1856 2813 1911 2867 in

342 2928 470 2967 eum
506 2910 823 2967 vehementi
881 2911 1076 2981 spiritu
1114 2911 1492 2974 invehebatur,
1537 2918 1592 2967 et
1648 2912 1911 2981 injustum

342 3004 570 3060 vocabat
603 3003 684 3067 id,
708 3002 852 3073 quod
874 3003 1076 3058 factum
1100 3003 1295 3069 fuerat,
1324 3013 1380 3059 et
1416 3004 1632 3060 dicebat
1648 3020 1770 3060 esse
1802 3020 1915 3059 ue-

343 3095 565 3160 larium,
587 3092 859 3163 hospitem
884 3104 938 3147 et
982 3094 1247 3148 advenam
1307 3094 1516 3164 primos
1558 3094 1637 3149 sic
1678 3095 1915 3150 honores

2014 1988 2203 2057 λόγους
2230 1989 2465 2060 σπουδὴν
2490 1989 2751 2054 ὀνόματος
2767 1992 2828 2044 ού
2855 1990 3063 2058 φαύλου
3084 1989 3430 2060 τετυχηκότι,
3455 2002 3596 2055 προ-

2015 2081 2172 2133 πετεί
2197 2077 2257 2132 δὲ
2288 2078 2462 2142 ἄλλως
2482 2079 2619 2147 δντι,
2653 2081 2749 2133 καὶ
2776 2083 2842 2151 τῇ
2876 2079 3091 2150 γλώττῃ
3119 2078 3323 2148 σφόδρα
3360 2075 3592 2146 χαρίζε-

2017 2170 2138 2225 σθαι
2189 2169 2518 2243 βουλομένῳ.
2565 2174 2662 2234 ’ος
2697 2173 2809 2235 τοίς
2857 2172 2997 2241 πρὸς
3028 2173 3122 2223 τὸν
3148 2170 3305 2237 ἅγιον
3336 2168 3589 2228 ἐπαίνοις

2014 2265 2111 2333 οὐχ
2137 2259 2299 2334 ἧττον
2322 2264 2561 2333 δηχθεὶς,
2588 2264 2620 2335 ἢ
2648 2266 2806 2333 εἰπερ
2824 2264 2984 2327 αὐτὸς
3006 2262 3267 2332 ἰτύγχανε
3292 2263 3360 2314 τὰ
3384 2260 3593 2328 ἔσχατα

2016 2357 2313 2426 ὐὸρισθεὶς,
2347 2356 2513 2420 πολῦς
2544 2357 2666 2410 κατ’
2700 2356 2863 2409 αὑτοῦ
2885 2356 3057 2419 ἔπνει,
3084 2356 3266 2410 ἄδικόν
3298 2370 3358 2405 τε
3389 2352 3451 2403 τὸ
3483 2365 3587 2417 γε-

2015 2448 2317 2521 γενημένον
2351 2448 2665 2512 ἀποκαλῶν,
2723 2449 2817 2501 καὶ
2853 2447 2929 2510 ὡς
2962 2448 3022 2499 ού
3072 2445 3295 2516 θεμιτὸν
3335 2444 3447 2511 εἴη,
3498 2441 3593 2492 τὸν

2016 2542 2166 2608 ξένον
2208 2541 2351 2594 οὕτω
2386 2543 2481 2593 καὶ
2515 2542 2709 2611 νέηλυν
2745 2540 2854 2593 τῶν
2887 2537 3118 2609 πρώτων
3171 2535 3459 2603 ἀξιοῦσθαι
3510 2549 3598 2584 τικ-

2018 2634 2153 2705 μῶν,
2185 2635 2280 2687 καὶ
2323 2635 2561 2704 μάλιστα
2594 2634 2721 2706 περὶ
2750 2632 2809 2686 τὸ
2841 2631 3005 2693 σέϐας
3058 2632 3191 2701 ἡμῖν
3226 2630 3378 2697 παρᾶ
3426 2625 3592 2687 πολὺ,

2015 2727 2171 2796 φησὶ,
2193 2726 2600 2780 διαλλάττοντα.
2637 2725 2751 2794 Ἐφ’
2779 2720 2859 2788 οἷς
2883 2725 2976 2778 καὶ
3000 2724 3192 2795 πρῶτα
3208 2721 3587 2789 τδνῦπαρχον,

2013 2819 2068 2872 τί
2111 2819 2166 2871 δὲ
2204 2820 2298 2873 καί
2324 2820 2516 2888 γέγονε
2550 2819 2702 2889 παρά
2754 2818 2847 2872 τὸν
2893 2816 3076 2885 λόγον,
3119 2816 3314 2878 είπεῑν,
3348 2815 3399 2865 εί
3446 2811 3591 2879 ἀνὴρ

2015 2909 2159 2964 οὕτω
2191 2912 2292 2982 μὲν
2336 2913 2529 2979 γένους
2580 2910 2719 2980 ἔχων
2751 2909 2846 2963 καὶ
2895 2908 3164 2972 παιδείας,
3204 2905 3348 2959 οὕτω
3393 2904 3452 2957 δὲ
3508 2901 3591 2970 τῷ

2019 3002 2226 3075 μετρίῳ
2266 3003 2574 3073 προσέχων,
2617 3002 2767 3067 ἄξιος
2801 3002 2931 3072 παρ’
2966 3001 3125 3071 ἡμῶν
3150 2999 3346 3068 ἐκρίθη
3393 2995 3587 3063 τιμῆς.

2016 3094 2150 3147 ὅπου
2188 3109 2250 3161 γε
2278 3094 2371 3146 καὶ
2411 3094 2581 3161 χωρὶς
2608 3092 2721 3145 τῶν
2748 3091 2946 3155 ἄλλων,
2993 3089 3125 3143 αὑτὸ
3164 3088 3224 3141 τὸ
3252 3088 3481 3157 φεύγειν
3505 3102 3590 3173 τι-

342 3185 602 3255 ronsequi
633 3203 647 3239 :
673 3194 729 3241 et
755 3184 1011 3245 maxime.
1039 3183 1239 3251 aiebat,
1271 3200 1395 3240 eum
1428 3185 1519 3257 qui
1550 3201 1581 3240 a
1609 3187 1765 3241 nobis
1796 3187 1912 3257 plu-

2022 3186 2151 3257 μὴν,
2195 3186 2363 3257 τιμὴν
2418 3181 2529 3239 οίδε
2577 3183 2984 3255 περιποιεῖσθαι
3029 3182 3106 3251 τῷ
3153 3182 3237 3251 μὴ
3299 3177 3590 3250 (meum;

343 3278 541 3332 rimum
570 3275 749 3332 differt
776 3275 1054 3348 religione.
1094 3274 1325 3348 Propter
1363 3294 1484 3347 quae
1510 3278 1749 3350 primum
1779 3279 1914 3334 invi-

343 3369 489 3423 diam
515 3382 658 3439 aegre
702 3366 886 3422 ferens
919 3367 1235 3438 praefectus,
1281 3368 1573 3435 Quidnam,
1600 3370 1759 3436 dixit,
1792 3369 1908 3425 fue-

344 3460 417 3515 rit
457 3468 658 3530 praeter
697 3458 987 3525 rationem,
1017 3459 1061 3514 si
1085 3459 1191 3523 vir,
1216 3459 1309 3530 qui
1340 3468 1425 3516 est
1452 3468 1507 3515 et
1562 3460 1654 3515 tali
1712 3474 1911 3532 genere

340 3561 516 3617 ortus,
548 3560 811 3622 tantaque
835 3560 892 3608 et
920 3552 1166 3608 doctrina
1210 3561 1265 3608 et
1314 3553 1579 3609 modestia
1626 3540 1908 3625 praeditus,

341 3646 516 3700 fuerat
543 3645 817 3701 indicatus
844 3660 876 3700 a
904 3645 1065 3701 nobis
1090 3645 1299 3701 honore
1347 3646 1566 3718 dignus,
1594 3661 1717 3702 cum
1747 3644 1909 3701 etiam

341 3748 539 3810 praeter
559 3739 685 3805 alia,
718 3739 894 3810 ipsum
916 3739 1181 3795 honorem
1203 3739 1407 3810 fugere,
1435 3740 1698 3794 honorem
1726 3738 1914 3808 acqui-

342 3840 425 3885 rat
453 3831 597 3902 apud
632 3846 749 3897 eos,
785 3831 878 3907 qui
908 3832 1133 3901 sapiunt
1147 3841 1199 3885 et
1221 3839 1372 3886 recte
1413 3831 1593 3885 sciunt
1621 3830 1913 3900 judicare?

345 3925 552 3981 Deinde
572 3934 756 3979 autem
817 3922 1061 3979 Joannes
1085 3938 1302 3994 quoque
1326 3922 1536 3995 placide
1568 3923 1688 3993 ejus
1706 3938 1914 3979 sermo—

342 4032 467 4073 nem
496 4016 798 4086 excipiens,
822 4016 939 4071 Non
981 4016 1287 4086 oportebat,
1318 4016 1513 4086 inquit,
1568 4033 1603 4072 ο
1630 4015 1910 4081 Anthemi,
1934 4036 1935 4039 η

339 4124 464 4163 eum
495 4109 589 4178 qui
620 4107 725 4163 sibi
756 4107 1014 4162 vindicat
1056 4107 1484 4178 philosophiam,
1544 4108 1618 4163 ita
1666 4109 1911 4180 superari

338 4202 408 4255 ah
433 4201 640 4256 honore
692 4200 1002 4267 hominum,
1062 4208 1117 4256 et
1162 4215 1288 4256 eum
1348 4202 1603 4274 persequi
1655 4211 1909 4274 tanquam

340 4304 458 4344 rem
488 4304 739 4360 magnam
784 4299 842 4346 et
878 4306 1079 4363 magna
1126 4293 1481 4348 contentione
1526 4296 1909 4365 appetendam,

337 4383 433 4452 qui
461 4396 572 4437 non
600 4383 777 4438 solum
810 4383 968 4439 nobis
991 4398 1103 4438 non
1142 4383 1426 4454 prodesse,
1461 4385 1556 4440 sed
1596 4387 1764 4442 etiam
1788 4388 1909 4458 plu-

340 4473 537 4529 rimum
597 4482 778 4545 potest
818 4475 1037 4540 laedere,
1068 4474 1216 4545 quod
1263 4474 1458 4532 attinet
1510 4475 1578 4531 ad
1630 4478 1906 4534 virtutem.

2018 3279 2213 3334 ἔπειτα
2244 3278 2300 3331 δὲ
2329 3278 2424 3332 καὶ
2455 3277 2549 3331 τὸν
2562 3276 2820 3345 Ἰωάννην
2854 3277 3044 3348 πρᾴως
3068 3275 3161 3327 τὸν
3194 3274 3352 3341 λόγον
3381 3271 3591 3324 ὑπολε-

2018 3373 2202 3439 6όντα,
2246 3372 2347 3425 οὐκ
2376 3371 2566 3441 ίχρῆν,
2606 3363 2652 3423 ὦ
2688 3368 2962 3436 ’Δνθέμιε,
3027 3369 3216 3433 φάναι,
3270 3361 3595 3434 φιλοσοφίας

2018 3464 2488 3535 ἀντιποιούμενον,
2522 3464 2689 3532 τιμῆς
2739 3462 2884 3516 οὕτω
2936 3462 3036 3532 τῆς
3074 3460 3221 3533 παρᾶ
3284 3457 3594 3528 ἀνθρώπων

2017 3556 2406 3629 ἀμφισϐητεῖν,
2455 3558 2551 3609 κα)⁸
2580 3555 2656 3618 ὡς
2711 3556 2854 3625 μέγα
2885 3571 2940 3607 τι
2968 3552 3171 3621 ταύτην
3228 3547 3595 3623 μεταδιώκειν

2018 3649 2113 3702 καὶ
2142 3648 2551 3719 ῗπεριμάχητον,
2589 3646 2689 3717 οὐχ
2733 3647 2883 3710 ὅπως
2937 3645 3078 3716 μέγα
3126 3645 3220 3698 καὶ
3282 3641 3590 3709 ἀξιόλογον,

2017 3738 2277 3793 atroces
2308 3739 2503 3809 μικρὸν
2533 3739 2679 3808 ἡμᾶς
2750 3739 2831 3801 είς
2880 3737 2973 3790 τὸν
3022 3737 3121 3806 τῆς
3180 3734 3385 3806 ἀρετῆς
3432 3734 3592 3802 λόγον

2017 3830 2246 3900 ὠφελεῖν
2274 3829 2602 3901 δυναμένην.
2636 3829 2701 3882 Τί
2735 3828 2846 3900 γὰρ
2885 3828 3038 3899 παρὰ
3063 3828 3273 3899 ταύτην
3303 3826 3594 3899 ἄνθρωπος

2018 3921 2214 3975 ἑαυτοῦ
2242 3920 2468 3991 βελτίων
2512 3920 2573 3973 τὸ
2623 3920 2760 3991 πρὸς
2805 3920 3119 3990 ἀλήθειανς-
3162 3922 3246 3973 ὅτι
3295 3918 3355 3972 δέ
3387 3935 3455 3989 με
3496 3920 3594 3971 καὶ

2017 4015 2286 4085 ἀνομοίως
2308 4013 2610 4085 ὑμῖνξέχειν
2643 4013 2774 4085 περί⁸
2806 4013 2871 4066 τδ
2900 4013 3062 4077 σέϐας
3095 4014 3379 4084 είρήκατε,
3433 4012 3593 4067 τοῦτο

2017 4106 2183 4169 αὐτὸς
2206 4106 2306 4160 οὐκ
2338 4106 2674 4178 ἀρνήσομαι,
2706 4104 2905 4159 πολλοῦ
2932 4121 2996 4174 γε
3024 4106 3117 4158 καὶ
3145 4105 3230 4159 δεῖ
3249 4120 3264 4136 ο
3296 4105 3435 4159 ἀλλὰ
3489 4107 3588 4159 καὶ

2019 4196 2136 4263 νῦν,
2168 4198 2329 4269 εἴπερ
2362 4197 2570 4263 ἄλλοτε,
2616 4199 2683 4269 τῇ
2708 4196 2923 4269 γλώττῃ
2978 4197 3209 4269 χάριτας
3243 4197 3372 4262 ἔξω.
3404 4198 3588 4251 διακο.

2018 4295 2179 4362 νῆσαι
2205 4293 2342 4363 πρὸς
2370 4292 2544 4346 ταῦτά
2561 4309 2651 4361 μοι
2669 4291 2965 4365 δυναμένῃ.
2982 4292 3150 4356 Θεοὺς
3170 4292 3277 4363 γὰρ
3295 4292 3421 4346 οὒτε
3448 4288 3589 4358 οῖδα,

2017 4380 2144 4436 οὔτε
2174 4380 2578 4453 δμολογήσαιμι
2635 4381 2737 4454 (μὴ
2780 4382 2923 4437 οὕτω
2951 4381 3136 4445 κακῶς
3167 4382 3278 4450 ἐγὼ
3311 4385 3409 4438 καὶ
3456 4401 3590 4455 φρε-

2018 4474 2124 4527 νῶν
2144 4472 2330 4544 σχοίην
2346 4473 2439 4526 καί⁵
2461 4472 2754 4543 γλώττης),
2777 4474 2893 4527 ἀλλ’
2909 4470 2990 4538 είς
3011 4476 3134 4545 ἐμοὶ
3158 4475 3290 4537 Θεὸς
3307 4476 3336 4528 ό
3356 4477 3591 4548 Χριστὸς

337 4564 480 4630 Quid
509 4564 654 4621 enim
683 4564 850 4620 fuerit
901 4580 1094 4621 revera
1125 4567 1287 4622 homo
1312 4582 1379 4622 ex
1391 4582 1459 4623 eo
1483 4568 1663 4639 seipse
1682 4571 1912 4627 melior?

2018 4569 2077 4620 ὲν
2111 4567 2283 4636 Πατρὶ
2326 4567 2419 4620 καὶ
2450 4566 2731 4637 Πνεῦματι
2761 4566 3161 4638 γνωριζόμενος
3184 4582 3199 4599 ⁸
3229 4568 3288 4631 ὃς
3318 4569 3501 4623 πάντα
3529 4584 3586 4621 τε

337 4654 496 4720 Quod
532 4670 663 4709 vero
694 4654 881 4710 dixisti
912 4672 1001 4711 me
1032 4671 1152 4711 esse
1182 4656 1430 4713 dissimili
1452 4658 1606 4715 vobis
1624 4660 1910 4732 religione,

336 4740 743 4806 erubescerem,
780 4740 826 4795 si
872 4741 1088 4798 viderer
1137 4752 1338 4810 tacere,
1399 4747 1605 4804 ducens
1653 4749 1759 4805 hoc
1789 4766 1914 4809 esse

335 4830 676 4901 pudendum.
706 4829 816 4903 Ego
843 4832 990 4887 enim
1016 4834 1149 4891 deos
1185 4852 1364 4907 neque
1388 4840 1534 4905 novi,
1563 4855 1666 4896 nec
1695 4857 1785 4897 me
1819 4858 1914 4900 eos

339 4935 579 4991 unquam
609 4936 734 4977 esse
782 4923 1160 4995 adoraturum,
1194 4928 1475 4998 professus
1505 4930 1736 5002 fuerim;
1772 4935 1915 4993 absit

337 5021 400 5066 ut
426 5012 567 5068 adeo
596 5013 886 5085 desipiam,
925 5025 982 5073 et
1007 5018 1080 5074 sit
1105 5020 1237 5073 mihi
1256 5020 1438 5092 lingua
1466 5032 1575 5079 tam
1602 5030 1910 5086 temeraria.

340 5104 450 5160 Sed
480 5121 626 5161 unus
657 5107 796 5162 mihi
833 5107 979 5164 Deus
1008 5119 1094 5165 est
1115 5110 1388 5178 Christus,
1416 5114 1508 5184 qui
1568 5120 1914 5189 cognoscitur

337 5198 394 5251 in
418 5198 577 5253 Patre
603 5199 737 5253 etin
776 5198 1008 5270 Spiritu,
1065 5202 1156 5272 qui
1186 5213 1243 5259 et
1284 5207 1467 5261 omnia
1494 5209 1583 5264 Iab
1616 5210 1771 5266 initio
1793 5228 1916 5282 pro-

340 5290 497 5346 duxit
522 5306 587 5346 ex
618 5291 824 5360 nihilo,
845 5302 901 5350 et
932 5310 1080 5351 nunc
1118 5295 1382 5353 ineffabili
1429 5315 1491 5355 ea
1527 5301 1730 5357 virtute
1783 5320 1914 5359 con-

338 5381 497 5447 tinet,
534 5389 593 5435 et
634 5397 850 5438 annuos
906 5385 1063 5442 nobis
1117 5387 1325 5444 fructus
1353 5392 1685 5462 suppeditat,
1720 5402 1775 5448 et
1802 5410 1911 5449 ma-

338 5486 471 5525 num
497 5473 774 5554 aperiens,
800 5489 964 5530 omne
984 5477 1186 5534 animal
1216 5480 1406 5553 implet
1451 5483 1838 5543 benedictione
1862 5489 1907 5541 δ.

334 5562 443 5617 Sed
482 5578 596 5618 non
645 5562 920 5630 Christus,
963 5567 1102 5625 dixit
1160 5571 1511 5644 interpellans
1562 5577 1908 5645 Anthemius,

2012 4662 2340 4731 παρήγαγεν
2372 4661 2438 4712 ὲκ
2473 4659 2549 4731 μὴ
2579 4659 2768 4723 ὄντων,
2801 4661 2897 4714 καὶ
2925 4661 3021 4714 νῦν
3049 4661 3351 4733 ἀπορρήτῳ
3405 4661 3583 4715 σθένει

2011 4751 2313 4823 διακρατεῖ,
2347 4753 2595 4824 καρπούς
2616 4771 2685 4807 τε-
2702 4756 2829 4815 τοὺς
2857 4754 3107 4825 ἐτησίους
3149 4757 3282 4823 ἡμῖν
3336 4757 3582 4826 χορηγεῖ,

2012 4845 2107 4898 καὶ
2170 4845 2403 4912 ἀνοίγων
2430 4847 2613 4898 αὐτοῦ.
2640 4846 2740 4915 τὴν
2774 4850 2954 4917 χεῖρα,
3008 4848 3119 4900 πᾶν
3149 4846 3288 4912 ζῶον
3341 4848 3587 4909 εὐδοκίας

2013 4934 2341 5006 ἀποπληροῖ.
2383 4934 2521 4988 Ἀλλ’
2550 4937 2649 5006 οὐχ
2680 4937 2709 4988 ὁ
2736 4938 2990 5004 Χριστὸς,
3016 4934 3169 4991 εἶπεν
3190 4939 3440 5007 ἐγκύψας
3466 4940 3584 4990 ’Ᾱν-

2014 5028 2219 5097 θέμιος,
2266 5028 2393 5090 τοὺς
2426 5028 2678 5097 ἐτησίους
2731 5028 2953 5092 τούτους
3006 5029 3241 5098 προάγει
3300 5032 3583 5101 καρποὺς,

2012 5119 2079 5171 τὰ
2112 5122 2350 5187 στοιχεῖα
2402 5120 2457 5172 δὲ
2506 5119 2599 5172 τοῦ
2631 5120 2865 5190 κόσμου,
2913 5121 3070 5191 φησὶ,
3102 5123 3320 5189 καιροῖς
3353 5123 3506 5183 ἰδίοις
3524 5125 3583 5187 τῇ

2010 5212 2119 5264 τῶν
2149 5211 2285 5264 θεῶν
2342 5213 2569 5284 προνοίᾳ
2603 5214 2944 5285 τελεσφορεῖ.
2982 5215 3136 5285 ’Ἅμα
3179 5216 3237 5268 δὲ
3284 5214 3366 5284 τῷ
3418 5214 3584 5268 ταῦτα

2012 5305 2209 5371 είπεῖν,
2242 5304 2469 5376 πονηρῷ
2518 5305 2795 5375 πνεύματι
2822 5308 3158 5376 κατάσχετος
3197 5307 3463 5377 γεγονὼς,
3497 5309 3585 5361 καὶ

2014 5398 2080 5464 τῇ
2111 5399 2203 5464 γῇ,
2237 5394 2489 5467 καθάπερ
2534 5395 2668 5467 εἶχε,
2691 5398 3154 5469 προσαρῤαχθεὶς,
3176 5397 3358 5453 ἔκειτο
3376 5400 3585 5472 βρύχων

2016 5490 2110 5541 καὶ
2143 5489 2483 5560 διαστρέφων
2501 5491 2607 5560 μὲν
2623 5492 2957 5561 ὀφθαλμοὺς,
2983 5492 3201 5556 ὀδόντας
3219 5493 3288 5546 δὲ¹
3302 5493 3580 5565 τετριγὼς,

2017 5581 2113 5632 καὶ
2151 5580 2323 5651 ἀφρὸν
2376 5583 2717 5653 παραπτύων
2753 5584 2851 5637 τοῦ
2905 5586 3193 5654 στόματος.
3260 5586 3446 5641 Ταῦτα
3498 5587 3584 5640 τὸν

1895 5673 1907 5727 i
2019 5673 2262 5745 ὕπαρχον
2298 5678 2393 5731 καὶ
2429 5681 2554 5741 τοὺς
2585 5678 2972 5749 συμπαρόντας
3002 5680 3376 5750 (θεασαμένους
3409 5680 3584 5750 θαῦμὰ
