3828 6486
205 418 354 483 2033

1224 424 1394 487 VITA
1434 427 1495 487 S.
1537 426 1855 489 JOANNIS
1887 428 2445 496 CHRYSOSTOMI.

3318 431 3458 497 1054

138 569 146 577 ι
194 551 266 590 τε
300 533 477 605 εἰσῄει
528 534 625 589 καὶ
675 535 958 609 ἔκπληξις,
988 537 1086 591 καὶ⁸
1116 536 1350 608 θορύϐου
1381 534 1521 611 ἦσαν
1557 540 1775 612 μεστοίο

1886 543 1997 599 suis
2023 545 2361 614 temporibus
2419 544 2751 616 producunt,
2801 545 3032 603 deorum
3092 547 3456 618 providentia.

198 627 397 680 ἔπειτα
416 624 496 697 τῷ
527 627 783 700 μακαρίῳ
812 629 1146 700 προσχόντες
1181 628 1357 683 ἱκέται
1388 630 1652 698 γίνονται,
1682 631 1778 684 καὶ

196 718 435 789 ἀμύνειν
462 718 673 783 ἀξιοῦσι
696 719 775 791 τῷ
803 720 990 778 πάθει.
1006 720 1066 775 '0
1095 720 1177 785 δὲ,
1208 723 1325 786 (καὶ
1358 723 1444 783 τίς
1477 723 1585 792 γὰρ
1622 722 1774 775 ἐκεί-

180 829 302 866 ’νου
351 812 920 885 φιλανθρωπότεροςς)
966 817 1062 870 ἀτε
1111 818 1207 869 καὶ
1246 815 1339 869 τοῦ
1392 816 1779 889 φιλανθρώπου

196 905 443 975 Χριστοῦ
485 906 750 978 μιμητὴς,
795 907 1030 979 ᾤκτειρέ
1084 926 1145 962 τε
1200 909 1301 980 τῆς
1347 913 1636 980 συμφορᾶς
1686 910 1779 963 τὸν

196 996 510 1068 ἄνθρωπον,
544 998 638 1050 καὶ
694 998 836 1069 ὑπὲρ
866 1000 1032 1053 αὐτοῦ
1063 999 1276 1071 δεηθεὶς
1317 1000 1414 1053 τοῦ
1460 1001 1620 1070 μόνου
1651 1000 1781 1071 βοη-

199 1085 316 1138 θεῖν
364 1088 695 1156 δυναμένου,
741 1089 937 1158 διπλῆν
994 1090 1071 1160 τῷ
1108 1091 1347 1162 κειμένῳ
1386 1092 1618 1163 παρέχει
1678 1092 1779 1163 τὴν

198 1179 366 1235 τοισιν.
404 1180 560 1233 Ἐπεὶ
597 1180 707 1250 γὰρ
724 1174 882 1244 οὗτος
911 1184 990 1245 είς
1019 1183 1274 1255 αἴσθησιν
1303 1180 1364 1255 ἦ)
1377 1183 1491 1249 θεν,
1525 1180 1583 1238 οἵ
1603 1184 1777 1239 κακοῦ

197 1272 446 1337 γέγονεν,
470 1272 570 1325 οὐκ
603 1273 937 1343 ἀποχρῶσαν
966 1274 1133 1327 αὑτοῦ
1166 1275 1265 1345 τὴν
1321 1276 1619 1347 θεραπείαν
1644 1280 1782 1350 ἡγή-

196 1378 353 1425 σατο,
385 1361 518 1414 ἀλλὰ
546 1365 748 1434 καὶτὴν
770 1364 972 1429 αἰτίαν,
1000 1365 1067 1418 δι’
1092 1366 1162 1436 ῆν
1188 1369 1267 1430 είς
1295 1368 1456 1422 τοῦτο
1488 1371 1780 1438 συμφορᾶς

195 1451 451 1520 ὤλισθεν,
471 1453 636 1507 ἐδεῖτο
656 1455 1076 1527 θεραπευθῆναι.
1097 1460 1200 1512 Τὸν
1215 1459 1271 1512 δὲ
1289 1460 1557 1528 ἐπιδεῖξαί
1573 1479 1633 1515 τε
1647 1479 1785 1532 προ·

196 1544 391 1613 θύμως
417 1547 512 1603 καὶ
550 1546 977 1616 συμϐουλεῦσαι,
1010 1549 1104 1603 τὸν
1137 1551 1403 1623 ίεράρχην
1431 1552 1534 1621 τῆς
1573 1553 1782 1616 πόλεως

197 1635 277 1699 ὡς
301 1636 530 1707 τάχιστα
562 1638 890 1693 καταλαϐεῖν
913 1680 928 1704 ,
954 1642 1083 1712 παρ’
1118 1643 1284 1696 αὐτοῦ
1315 1661 1374 1696 τε
1401 1645 1469 1698 τὰ
1500 1644 1619 1698 θεῖα
1645 1663 1781 1699 κατ-

191 1728 472 1798 ηχηθῆναι
520 1730 793 1801 μυστήρια
831 1772 847 1798 ,
904 1732 1000 1785 καὶ
1055 1732 1149 1787 τοῦ
1206 1736 1306 1805 τῆς
1341 1736 1769 1804 παλιγγενεσίας

198 1819 498 1890 ἀξιωθῆναι
573 1821 821 1892 λουτροῦ,
869 1824 938 1877 δι’
973 1817 1036 1878 οὗ
1080 1825 1178 1877 καὶ
1201 1826 1311 1879 τῶν
1361 1829 1583 1899 ἀφανῶν
1633 1830 1781 1900 αὐτῷ

197 1910 304 1978 τῆς
341 1910 520 1981 ψυχῆς
554 1912 837 1981 μωλώπων
887 1916 1035 1990 ίασις
1067 1916 1245 1982 ἔσται,
1292 1920 1384 1971 καὶ
1410 1892 1509 1990 τῆς
1532 1921 1626 1973 τοῦ
1656 1892 1773 1975 δαίξ
1812 1892 1853 1946 Β

202 2016 370 2070 μονος
412 2002 677 2072 ἐπηρείας
727 1989 1034 2078 ἀποτροπή.
1082 2001 1272 2079 Οῦπερ
1299 1989 1505 2074 ἐκεῖνος
1534 2011 1781 2083 τῷλόγῳ

200 2093 471 2159 πεισθεὶς,
511 2097 576 2165 τῇ
607 2095 874 2168 ἐκκλησίᾳ
938 2100 1326 2171 προσέρχεται,
1355 2103 1453 2155 καὶ
1487 2101 1565 2173 τῷ
1590 2103 1783 2175 Κυρίῳ

201 2185 506 2250 πιστεύσας
522 2187 881 2258 βαπτίζεται,
904 2192 1001 2244 καὶ
1031 2193 1251 2255 πολλοῖς
1283 2194 1591 2264 ὑπόδειγμα
1632 2194 1780 2263 γίνε-

198 2295 296 2331 ται
322 2281 421 2349 τῆς
447 2281 527 2344 είς
557 2281 798 2351 Χριστὸν
860 2283 1118 2347 πίστεως.
1149 2285 1300 2338 Φιλεί
1330 2286 1440 2357 γάρ
1466 2305 1583 2351 πως
1612 2292 1645 2359 ἡ
1672 2289 1783 2347 τῶν

200 2367 486 2436 ἐπιφανῶν
523 2371 619 2424 καὶ
649 2371 899 2440 μεγάλων
929 2373 1025 2427 ἐπὶ
1049 2373 1109 2427 τὸ
1133 2376 1439 2448 κρεῖττονῆ
1469 2378 1563 2430 καὶ
1595 2382 1781 2449 χεῖρον

204 2457 504 2530 μετασολὴ,
563 2461 780 2527 πολλοῖς
837 2463 933 2517 ἐπὶ
953 2464 1015 2517 τὸ
1045 2465 1159 2519 ἴσον
1188 2466 1440 2533 γίνεσθαι
1473 2468 1571 2537 τῆς
1609 2485 1783 2529 μετα-

201 2551 409 2616 θέσεως
448 2554 693 2624 ἀφορμή.
741 2554 1069 2611 Ἐντεῦθενὸ
1093 2558 1195 2628 μὲν
1237 2558 1346 2613 τῶν
1389 2560 1632 2631 Ἀθηνῶν
1666 2562 1785 2616 επί-

205 2659 450 2706 σκοπος,
495 2645 563 2715 ἢν
623 2645 880 2717 Ἰωάννης
914 2647 1064 2718 αὐτῷ
1119 2650 1250 2721 περὶ
1303 2652 1404 2723 τὴν
1445 2652 1780 2725 Ἐκκλησίαν

205 2735 451 2790 ἐπίδοσιν
511 2738 827 2806 εἰργάσατο,
899 2742 1265 2812 θεασάμενος,
1300 2743 1470 2807 πολὺς
1505 2740 1575 2819 ἦν
1603 2743 1783 2814 λόγοις

204 2829 325 2899 ἅμα
370 2830 468 2885 καὶ
519 2832 886 2902 παραινέσεσι
947 2834 1108 2888 τοῦτο
1166 2835 1625 2909 ὑποποιούμενος,
1687 2840 1783 2893 καὶ

204 2921 450 2995 διάδοχον
497 2925 696 2981 ἑαυτοῦ
725 2927 848 2999 (καὶ
873 2928 985 3000 γὰρ
1008 2925 1078 3000 ἦν
1105 2932 1206 3002 ἤδη
1228 2932 1329 2998 τὴν
1355 2933 1574 3004 ἡλικίαν
1606 2937 1778 3006 προή-

206 3018 342 3090 κων)
401 3020 825 3094 ἑτοιμαζόμενος
845 3040 861 3058 ⁸
910 3024 1086 3089 ἄλλως
1112 3026 1169 3080 δὲ
1196 3028 1230 3098 ἡ
1262 3026 1358 3080 τοῦ
1391 3027 1528 3081 Θεοῦ
1557 3029 1782 3098 πρόνοια

204 3111 276 3165 τὰ
308 3111 429 3166 κατ’
485 3114 650 3170 αὐτὸν
705 3117 921 3189 ὑπῆρχε
959 3118 1333 3191 ψηφιζομένη,
1374 3121 1512 3190 πρὸς
1558 3121 1783 3192 μείζονα

1883 635 2135 691 Nondum
2165 636 2327 691 finem
2354 647 2645 708 acceperat
2675 639 2795 707 ejus
2838 654 3039 707 sermo,
3071 654 3193 696 cum
3234 656 3264 695 a
3295 641 3460 696 mali-

1882 741 1988 797 gno
2013 727 2208 796 spiritu
2238 724 2524 798 possessus
2551 738 2605 786 et
2635 738 2794 785 terrae
2821 730 3030 795 allisus,
3069 731 3270 785 misere
3294 731 3457 799 jace-

1881 818 1977 873 bat
2001 820 2244 887 rugiens,
2280 820 2641 890 lacrymarum
2675 833 2730 876 et
2752 822 2961 876 timoris
2997 816 3349 878 simul‘causa
3392 822 3457 877 iis

1882 910 1975 979 qui
2020 910 2285 965 aderant:
2328 920 2646 980 pervertens
2701 913 2919 981 quidem
2970 914 3176 977 oculos,
3218 913 3457 967 stridens

1882 1010 2067 1058 autem
2108 1003 2388 1070 dentibus,
2426 1019 2672 1074 spumam
2706 1020 2838 1058 vero
2868 1020 2935 1059 ex
2987 1020 3082 1059 ore
3144 1006 3458 1075 turpissime

1883 1110 2180 1165 exspuens.
2212 1095 2336 1149 llaec
2363 1111 2486 1149 cum
2519 1094 2820 1165 aSpexisset
2840 1096 3455 1166 prmfectusetquicirra

1884 1186 2035 1241 illum
2060 1196 2236 1253 erant,
2267 1202 2362 1243 eos
2385 1187 2549 1242 subiit
2576 1187 2868 1242 admiratio
2891 1195 2947 1241 et
2971 1196 3183 1254 stupor,
3218 1197 3274 1241 et
3304 1197 3459 1241 erant

1882 1279 2028 1348 pleni
2059 1280 2316 1334 tumultu.
2346 1279 2555 1334 Deinde
2584 1279 2651 1334 ad
2697 1280 2918 1333 beatum
2974 1277 3240 1332 Joannem
3299 1294 3455 1332 acce-

1882 1370 2098 1436 dentes,
2135 1371 2273 1426 ﬁunt
2300 1373 2349 1427 ei
2381 1373 2758 1443 suppiices,et
2792 1378 2987 1443 rogant
3024 1381 3087 1425 ut
3112 1371 3243 1425 velit
3299 1385 3460 1440 opem

1880 1461 2024 1516 ferre
2056 1460 2349 1516 aﬂ'ectioni.
2386 1463 2476 1517 Ille
2517 1471 2698 1516 autem
2745 1462 2888 1531 (quis
2932 1462 3079 1517 enim
3112 1461 3214 1515 fuit
3242 1460 3335 1515 illo
3366 1462 3461 1515 be-

1882 1552 2100 1623 nignior
2119 1554 2247 1623 ?)'ut
2280 1555 2371 1624 qui
2406 1554 2628 1624 benigni
2663 1552 2868 1608 Christi
2910 1563 3057 1609 esset
3095 1554 3355 1618 imitator,
3406 1562 3461 1608 et

1885 1646 2209 1701 calamitatis
2240 1647 2479 1701 hominis
2504 1652 2591 1701 est
2615 1645 2896 1712 misertus,
2927 1655 2983 1701 et
3011 1661 3134 1701 eum
3162 1661 3262 1717 pro
3281 1661 3346 1700 eo
3373 1661 3462 1700 ro-

1884 1748 2064 1810 gasset
2093 1754 2241 1799 eum.
2279 1741 2373 1808 qui
2403 1740 2489 1794 vel
2520 1739 2669 1793 solus
2700 1746 2879 1808 potest
2916 1753 3073 1808 opem
3097 1737 3262 1803 ferre,
3292 1738 3340 1793 ei
3369 1738 3463 1806 qui

1882 1832 2117 1901 iacebat,
2176 1832 2447 1902 duplicem
2504 1833 2663 1887 affert
2719 1832 3079 1888 curationem.
3140 1828 3275 1883 Nam
3334 1844 3459 1883 cum

1882 1923 1985 1978 iste
2018 1925 2282 1980 liberatus
2313 1939 2341 1978 a
2372 1925 2641 1989 daemone,
2683 1926 2948 1980 sensisset
2982 1923 3037 1978 in
3071 1929 3279 1993 quanto
3316 1921 3461 1975 mal‘o

1883 2024 2028 2074 esset
2086 2027 2355 2085 versatus,
2410 2018 2703 2073 arbitratus
2758 2033 2866 2072 non
2925 2016 3290 2071 sufficientem
3338 2030 3457 2068 eam

1882 2126 2003 2166 esse
2056 2111 2413 2173 curationem,
2472 2124 2691 2164 causam
2752 2123 2991 2179 quoque,
3043 2116 3267 2178 propter
3297 2121 3462 2175 quam

1882 2211 2110 2257 venerat
2141 2202 2208 2257 ad
2240 2211 2444 2257 tantam
2475 2200 2862 2265 calamitatem,
2895 2200 3120 2271 rogabat
3164 2198 3366 2262 curari,
3389 2213 3461 2252 ne

1883 2296 2073 2351 eadem
2102 2296 2150 2350 ei
2170 2311 2357 2350 rursus
2378 2294 2678 2349 evenirent.
2713 2294 2807 2348 Ille
2830 2303 3013 2347 autem
3037 2291 3272 2363 (sciebat
3310 2291 3460 2345 enim

1884 2385 1996 2438 veri
2031 2384 2125 2438 Dei
2146 2383 2565 2454 ignorationem,
2590 2383 2711 2453 ejus
2732 2398 2855 2438 esse
2895 2381 3136 2451 causam)
3166 2380 3460 2444 consuluit,

1884 2486 1945 2531 ut
1987 2485 2240 2547 prompto
2285 2483 2340 2530 et
2388 2475 2549 2530 alacri
2589 2475 2775 2530 animo
2829 2472 3232 2544 quamprimum
3286 2471 3464 2526 adiret

1882 2565 2196 2637 pontificem
2254 2564 2519 2630 civitatis,
2553 2574 2609 2620 et
2641 2572 2859 2636 rogaret
2888 2573 2948 2617 ut
2988 2565 3043 2617 in
3076 2561 3277 2618 divinis
3306 2570 3460 2615 cate—

1884 2658 2036 2714 chesi
2072 2657 2140 2713 ab
2166 2672 2233 2712 eo
2255 2656 2568 2713 initiaretur
2599 2674 2612 2711 :
2642 2665 2698 2712 et
2724 2654 3136 2726 quolatentium
3161 2654 3355 2708 anima:
3379 2650 3465 2707 vi-

1883 2749 2066 2803 bicum
2121 2746 2334 2801 veniret
2363 2747 2595 2812 curatio,
2624 2755 2681 2803 et
2711 2761 2742 2800 a
2768 2745 3128 2811 daemonibus,
3154 2758 3290 2814 quos
3312 2741 3459 2797 cole-

1882 2840 1996 2904 bat,
2056 2838 2282 2894 omnino
2340 2838 2684 2899 liberaretur,
2749 2843 3136 2907 assequeretur
3182 2836 3457 2891 lavacrum

1885 2931 2336 3004 regenerationis.
2369 2931 2529 2986 Paret
2552 2930 2673 3001 ejus
2692 2929 2852 2985 dictis
2883 2928 3234 2991 Anthemius,
3267 2936 3324 2982 et
3351 2926 3460 2981 cito

1894 3022 2107 3080 accedit
2137 3022 2204 3077 ad
2244 3021 2534 3078 ecclesiam
2565 3037 2578 3075 :
2613 3029 2670 3076 et
2698 3035 2822 3075 cum
2856 3019 3089 3075 Domino
3112 3015 3458 3077 credidisset.

1884 3116 2213 3187 baptizatur,
2248 3123 2303 3170 et
2336 3113 2397 3169 fit
2427 3114 2613 3171 multis
2659 3113 2989 3184 exemplum,
3025 3120 3087 3167 ut
3137 3109 3365 3167 credant
3405 3108 3461 3162 in

206 3202 428 3267 πάντως
451 3207 544 3259 καὶ
575 3207 921 3280 ὑψηλοτέραν
948 3209 1172 3282 λυχνίαν
1199 3215 1260 3267 τὸ
1281 3214 1425 3284 μέγα
1463 3217 1641 3271 ἐκεῖνο
1665 3216 1781 3285 φῶς

1887 3210 2196 3266 Christum.
2225 3208 2512 3264 Clarorum
2536 3207 2682 3261 enim
2708 3214 2763 3263 et
2785 3220 3110 3277 magnorum
3129 3205 3372 3260 virorum
3407 3201 3460 3256 in

206 3292 399 3364 θήσειν
422 3297 711 3367 μέλλουσα.

1896 3303 2093 3358 melius
2118 3311 2212 3357 aut
2241 3301 2480 3356 deterius
2510 3299 2759 3365 mutatio,
2782 3300 2918 3355 solet
2939 3298 3128 3355 multis
3150 3312 3274 3354 esse
3300 3310 3462 3352 causa

203 3388 274 3443 ad
310 3387 456 3444 idem
486 3391 823 3474 mutationis.
862 3392 1000 3450 Hinc
1028 3395 1232 3449 factum
1290 3405 1395 3456 est.
1463 3406 1526 3453 ut
1574 3399 1913 3453 Athenarum
1962 3397 2275 3467 episcopus,
2326 3408 2451 3447 cum
2505 3392 2812 3475 asperisset
2869 3400 3130 3462 quantam
3194 3389 3315 3461 ejus
3358 3388 3466 3444 Ec-

204 3480 386 3537 clesiae
410 3483 783 3540 accessionem
818 3486 1041 3542 fecisset
1068 3486 1307 3542 Joannes
1331 3489 1422 3544 ille
1456 3504 1679 3556 aureus,
1732 3492 1913 3548 verbis
1945 3499 2001 3546 et
2068 3488 2293 3545 monitis
2342 3489 2540 3543 crebro
2580 3502 2708 3542 eum
2766 3486 2872 3541 sibi
2924 3485 3253 3551 insinuaret,
3306 3491 3363 3539 et
3400 3490 3463 3536 ut

204 3572 311 3630 sibi
342 3587 487 3632 esset
533 3591 818 3636 successor
853 3583 983 3650 (jam
1017 3583 1165 3637 enim
1208 3593 1329 3638 erat
1375 3588 1556 3653 gravis
1593 3587 1776 3657 aetate)
1813 3593 2155 3659 procuraret.
2220 3584 2394 3641 Aliter
2419 3592 2602 3639 autem
2636 3583 2732 3638 Dei
2757 3580 3098 3653 providentia
3128 3581 3196 3659 de
3254 3594 3321 3636 eo
3347 3589 3460 3636 sta-

206 3675 409 3735 tuerat,
444 3670 502 3723 in
537 3671 729 3742 majori
759 3674 983 3730 omnino
1022 3684 1077 3730 et
1124 3676 1413 3732 excelsiori
1454 3656 1784 3734 candelabro
1815 3656 2073 3753 magnam
2106 3678 2251 3733 illam
2276 3678 2454 3733 lucem
2483 3675 2751 3748 positura.
2816 3720 2820 3731 .
3134 3656 3158 3677 ”

278 3783 354 3837 1".
396 3784 553 3839 Ἐπεὶ
580 3788 637 3841 δὲ
664 3788 761 3843 καὶ
799 3789 902 3861 τῆς
930 3790 1040 3844 τῶν
1080 3791 1380 3862 Ἀθηναίων
1407 3795 1658 3859 παιδείας
1689 3796 1783 3849 ἐπὶ

203 3873 462 3929 πλεῖστον
524 3878 804 3947 ἀπώνατο,
870 3882 1200 3954 σπλάγχνων
1281 3883 1439 3949 αὖθις
1496 3887 1784 3958 μητρικῶν

203 3967 302 4018 καὶ
333 3968 591 4039 πατρίδος
641 3971 1115 4043 ὕπεμιμνήσκετο,
1164 3974 1262 4029 καὶ
1305 3977 1386 4040 είς
1451 3977 1783 4048 Ἀντιόχειαν

200 4058 368 4111 πάλιν
399 4059 461 4125 ἐξ
506 4061 748 4134 Ἀθηνῶν
786 4067 1182 4139 ἐπανέρχεται.
1214 4065 1351 4125 Εἶτα
1380 4070 1556 4142 μικρά
1585 4070 1782 4138 ταῦτα,

202 4151 305 4204 καὶ
367 4151 560 4222 λόγους
618 4156 712 4209 καὶ
759 4159 1124 4230 πανηγύρεις,
1188 4162 1285 4216 καὶ
1321 4163 1424 4216 ὅσα
1470 4163 1785 4233 φιλοτιμίας

201 4236 384 4312 ἧπται
436 4243 538 4312 τῆς
594 4246 861 4316 περιττῆς
905 4248 1276 4320 ἡγησάμενος,
1327 4252 1421 4307 τὸν
1454 4254 1782 4323 γάγγελικδν,

203 4331 306 4387 εἴτ’
335 4333 426 4389 οῦν
471 4337 772 4408 ἀσκητικὸν
820 4339 1037 4412 ἔκρινεν
1075 4342 1413 4410 ἀλλάξασθαι
1466 4345 1602 4416 βίον,
1647 4365 1785 4417 συμ⁶

204 4424 384 4496 δούλῳ
434 4428 569 4499 πρὸς
597 4426 755 4483 τοῦτο
798 4430 894 4483 καὶ
923 4433 1167 4503 κοινωνῷ
1199 4433 1294 4489 τοῦ
1326 4435 1531 4489 σκοποῦ
1561 4436 1784 4507 χρώμε-

203 4535 297 4582 νος
332 4518 620 4593 Βασιλείῳ,
660 4521 799 4593 φίλῳ
832 4524 939 4577 τινὶ
969 4526 1066 4579 καὶ
1092 4526 1334 4597 συνήθει,
1368 4527 1463 4583 καὶ
1488 4527 1548 4580 τὸ
1568 4527 1625 4580 ἓν
1654 4529 1785 4597 δμο-

206 4611 399 4682 ψύχως
454 4614 606 4687 αύτῷ
634 4618 729 4670 καὶ
749 4616 1057 4687 ἀδελφικῶς
1080 4619 1397 4675 πνεύσαντι.
1434 4621 1549 4675 Οὐκ
1578 4622 1788 4687 ἐκεῖνος

204 4698 365 4768 οὗτος
394 4706 424 4759 δ
450 4706 546 4761 καὶ
601 4709 836 4781 πατρίδα
882 4711 977 4764 καὶ
1006 4711 1197 4782 θρόνον
1222 4713 1320 4782 τῆς
1351 4712 1460 4767 τῶν
1488 4713 1787 4767 Καππαδο-

207 4793 323 4846 κῶν
364 4798 700 4867 τετιμηκὼς,
729 4799 805 4863 ὡς
837 4796 1044 4855 οἴονταί
1107 4819 1251 4865 τινες
1287 4803 1391 4857 ύπδ
1448 4804 1549 4875 τῆς
1573 4806 1785 4873 ὁμωνυ-

210 4887 343 4955 μίας
386 4888 515 4951 iam;
571 4891 1006 4965 πεπλανημένοι,
1031 4895 1192 4963 εἴπερ
1222 4895 1405 4959 ἱκανὸς
1434 4898 1594 4959 αὐτὸς
1631 4891 1786 4961 οὗτος

207 4979 238 5032 δ
283 4979 520 5050 χρυσοῦς
564 4983 664 5057 τὴν
717 4985 963 5053 γλῶτταν
1014 4988 1093 5051 εἰς
1143 4987 1327 5041 πίστιν
1378 4989 1693 5061 ἀρκούντως
1726 4992 1786 5043 ὲν

1958 3795 2050 3851 lll.
2086 3794 2223 3853 Cum
2249 3810 2381 3851 vero
2429 3795 2484 3850 in
2523 3790 2940 3870 Atheniensium
2989 3787 3239 3845 doctrina
3289 3784 3461 3856 pluri—

1886 3905 2034 3945 mum
2066 3887 2405 3959 profecisset,
2436 3887 2704 3943 viscerum
2742 3893 3115 3943 maternorum
3176 3886 3233 3935 et
3278 3877 3469 3949 patriae

1884 3992 2076 4031 rursus
2103 3985 2189 4031 est
2209 3974 2549 4042 recordatus,
2579 3982 2635 4030 et
2663 3988 2855 4030 rursus
2887 3971 3119 4028 Athenis
3145 3968 3309 4025 rediit
3354 3967 3467 4032 Au-

1885 4069 2166 4125 tiochiam.
2192 4066 2395 4123 Deinde
2454 4067 2570 4122 haec
2603 4081 2771 4138 parva
2825 4079 2948 4123 esse
3000 4071 3223 4135 putans,
3273 4074 3470 4129 nempe

1885 4162 2163 4218 orationes
2209 4170 2265 4217 et
2295 4160 2607 4221 conciones.
2646 4169 2700 4216 et
2754 4173 3094 4230 quaecunque
3156 4156 3227 4212 ad
3280 4169 3470 4225 super—

1887 4270 2181 4309 vacaneam
2247 4253 2525 4324 pertinent
2569 4252 2946 4318 ambitionem,
3017 4250 3315 4323 angelicam
3372 4268 3470 4309 seu

1886 4349 2243 4403 monasticam
2281 4348 2445 4403 vitam
2484 4347 2676 4401 statuit
2716 4346 3020 4415 suscipere,
3048 4345 3134 4402 'ad
3186 4344 3291 4400 hoc
3333 4361 3476 4403 cons

1888 4440 2094 4494 sultore
2124 4448 2180 4493 et
2201 4438 2431 4493 instituti
2455 4436 2618 4505 lsocio
2647 4446 2811 4493 utens
2836 4435 3033 4491 Basilio
3065 4435 3204 4508 (5-4)
3231 4435 3468 4506 quodam

1888 4547 1988 4588 suo
2018 4530 2292 4592 familiari,
2331 4537 2386 4583 et
2408 4528 2500 4599 qui
2532 4535 2651 4583 erat
2696 4527 2862 4583 unius
2935 4525 3131 4581 animae
3158 4532 3214 4580 et
3244 4522 3469 4579 fraterni

1888 4639 2011 4679 cum
2038 4638 2104 4677 eo
2133 4621 2377 4693 spiritus.
2408 4618 2528 4675 Non
2567 4619 2615 4674 is
2644 4627 2826 4674 autem
2864 4625 2984 4672 erat
3030 4615 3141 4682 ille,
3173 4614 3263 4686 qui
3292 4623 3470 4685 et'pa-

1889 4715 2047 4769 triam
2078 4722 2134 4769 et
2164 4712 2350 4769 sedem
2403 4711 2617 4767 ornavit
2679 4707 3087 4781 Cappadocum.
3146 4715 3207 4763 ut
3248 4705 3470 4777 quidam

1889 4807 2225 4873 existimant,
2268 4805 2482 4876 decepti
2521 4820 2551 4858 a
2586 4801 2942 4878 similitudine
2985 4797 3248 4855 nominis.
3286 4797 3470 4868 Siqui-

1888 4901 2011 4955 dem
2040 4899 2107 4954 ad
2130 4899 2288 4954 fidem
2319 4898 2484 4969 hujus
2505 4896 2579 4952 rei
2610 4895 2934 4961 faciendam,
2968 4891 3056 4948 hic
3104 4892 3221 4961 ipse
3269 4890 3467 4947 sufﬁcit

1890 4991 2071 5061 lingua
2099 5007 2319 5053 aureus,
2356 4988 2447 5060 qui
2476 4988 2606 5044 satis
2641 4987 2772 5041 illud
2817 4983 3055 5040 ostendit
3102 4984 3158 5037 in
3210 4983 3362 5039 libris
3398 4983 3468 5038 de
3506 4974 3513 4977 4

208 5072 324 5133 τοῖς
383 5071 511 5147 περὶ
554 5075 654 5147 τῆς
685 5077 989 5150 ἱερωσύνης
1034 5079 1208 5134 ταῦτα
1266 5080 1536 5152 δηλώσας.
1579 5080 1781 5135 Τοῦτον

1894 5081 2223 5137 sacerdotio.
2251 5079 2393 5135 Diett
2438 5079 2583 5135 enim
2616 5092 2740 5132 eum
2807 5091 2929 5131 esse
2983 5075 3163 5146 ipsum
3219 5081 3466 5130 secutum

212 5163 313 5231 μὲν
346 5162 454 5235 γὰρ
490 5166 584 5219 καὶ
621 5167 716 5221 τὸν
776 5168 996 5227 ἃπαντα
1033 5173 1226 5245 χρόνον
1260 5173 1408 5245 αὐτῷ
1437 5174 1784 5244 παρηκολου-

209 5251 440 5322 θηκὲναι
486 5254 658 5326 λέγει,
690 5259 784 5312 καὶ⁵
820 5263 1159 5334 μαθημάτων
1183 5265 1425 5335 ἅψασθαι
1447 5266 1552 5319 τῶν
1582 5268 1784 5337 αὐτῶν,

208 5344 306 5398 καὶ
356 5345 699 5412 διδασκάλοις
736 5353 850 5418 τοῖς
890 5355 1074 5420 αὐτοῖς
1110 5357 1439 5427 χρήσασθαι.
1497 5361 1563 5412 Ὂ
1594 5360 1650 5413 δὲ
1685 5362 1787 5432 μά-

207 5435 369 5489 λιστα
426 5438 644 5495 πάντων
685 5443 941 5516 ἀπείργει
978 5448 1053 5519 μὴ
1072 5447 1263 5502 τοῦτον
1287 5444 1428 5503 εἶναι
1460 5451 1553 5504 τὸν
1586 5452 1783 5524 μέγαν,

204 5529 481 5583 ὃτιαύτδν
531 5532 631 5603 μὲν
681 5537 775 5588 καὶ
821 5537 1081 5609 πατρίδος
1131 5539 1418 5608 ὑποφαίνει
1454 5541 1554 5608 τῆς
1605 5543 1777 5613 αὐτῆς

204 5617 372 5687 εἶναι,
419 5623 600 5681 καὶτὸ
629 5626 784 5695 γένος
846 5629 1108 5705 ὁμότιμον
1136 5628 1251 5706 [γρ.
1278 5632 1373 5686 καὶ
1397 5632 1662 5707 ὁμοτίμου
1682 5636 1777 5688 τοῦ

1888 5182 2291 5243 tototempore,
2351 5180 2406 5227 et
2454 5170 2673 5227 easdem
2733 5168 2974 5238 attigisse
3020 5166 3359 5236 disciplinas,
3413 5173 3470 5221 et

1888 5264 2109 5320 eosdem
2140 5262 2398 5319 habuisse
2429 5268 2815 5333 praceptores.
2839 5258 2993 5325 Qmid
3018 5267 3199 5313 autem
3232 5254 3469 5310 maxime

1886 5357 2129 5412 omnium
2167 5356 2437 5428 prohibet,
2498 5369 2609 5409 non
2646 5353 2789 5408 hunc
2826 5367 2949 5408 esse
3011 5364 3265 5422 magnum
3318 5346 3469 5401 illum

1887 5448 2168 5516 Basilium,
2203 5457 2307 5515 est,
2339 5447 2485 5518 quod
2539 5446 2717 5517 ipsum
2766 5444 2983 5515 quidem
3015 5441 3259 5497 ostendit
3306 5437 3464 5507 ejus-

1885 5543 2007 5598 dem
2041 5543 2251 5613 patriae,
2316 5541 2589 5612 fuisseque
2631 5547 2687 5595 et
2722 5552 2918 5611 genere
2972 5550 3130 5606 pares
3162 5541 3218 5588 et
3242 5528 3472 5588 divitiis.

1889 5631 2176 5701 Quomodo
2206 5647 2335 5689 vero
2374 5642 2583 5688 statues
2615 5630 2732 5686 haec
2790 5644 2911 5684 esse
2962 5639 3158 5696 magno
3223 5630 3277 5679 et
3340 5619 3470 5677 huic

288 5850 432 5924 (3-4)
458 5851 594 5920 Quis
631 5855 721 5911 hic
756 5852 921 5911 fuerit
959 5854 1187 5913 Basilius
1229 5854 1499 5912 incertum
1529 5866 1611 5914 cst
1644 5875 1657 5926 ;
1693 5856 1803 5914 ride
1844 5860 2038 5937 Barpn.
2075 5867 2205 5914 tom.
2234 5858 2303 5916 ιν
2330 5858 2525 5916 Annal.
2560 5857 2625 5913 ad
2650 5870 2850 5909 annum
2881 5852 3004 5907 582.
