3828 6512
350 408 496 476 1055

1575 409 1862 473 MENSIS
1897 408 2361 477 JANUARIUS.

2726 312 2757 339 \

3474 402 3617 471 1056

351 519 594 573 maxime
628 515 961 583 communia,
987 530 1109 588 quae
1133 524 1261 573 sunt
1283 515 1519 574 maxime
1544 516 1803 574 diversa?
1839 513 1927 571 Si-

2051 516 2247 590 rivouc]
2309 517 2405 572 xui.
2466 516 2609 572 κατά
2643 514 2706 570 τὸ
2733 513 2985 570 πλουτεῖν
3025 513 3355 570 ἰσοστάσιον.
3407 514 3521 568 Ποῦ
3554 503 3615 568 δὲ

348 609 566 680 quidem
598 608 891 679 plurimum
926 610 1069 665 inter
1121 624 1181 667 se
1224 609 1485 666 diderunt
1536 607 1827 664 Antiochia
1876 617 1934 665 et

2051 608 2207 663 ταῦτα
2252 608 2440 681 θήσεις
2488 608 2580 662 καὶ
2607 607 2687 679 τῷ
2719 607 2943 679 μεγάλῳ
2964 607 3138 672 κοινὰ,
3192 606 3399 678 μᾶλλον
3425 606 3482 661 δέ
3518 608 3619 660 καὶ

350 701 714 774 Cappadocia.
777 700 919 756 Sunt
961 709 1144 757 autem
1189 702 1359 757 multa
1414 716 1629 773 quoque
1671 701 1776 757 alia
1836 715 1935 772 per

351 809 471 865 qua:
493 794 689 864 conjici
725 802 921 864 potest,
963 809 1076 849 non
1101 808 1224 850 esse
1276 795 1426 850 hunc
1473 810 1729 865 magnum
1783 794 1939 849 Basi-

351 887 508 953 lium,
531 888 625 941 sed
656 887 944 957 quemdam
964 887 1153 952 alium,
1184 894 1365 943 ortum
1412 888 1735 943 Antiochiae.
1763 885 1936 943 Caete-

355 995 475 1033 rum
501 980 569 1034 ab
594 979 698 1034 hoc
732 979 983 1034 instituto
1036 988 1165 1035 tunc
1213 980 1517 1049 sapientem
1558 980 1835 1035 abducunt
1881 986 1939 1034 et

354 1069 567 1133 civitas,
602 1078 655 1125 et
681 1070 853 1124 multo
890 1070 1060 1142 magis
1118 1071 1185 1126 ad
1224 1071 1662 1141 persuadendum
1699 1070 1937 1127 elﬁcacia

356 1167 404 1222 ei
440 1175 751 1236 temperans
780 1167 1144 1238 lacrymarum
1173 1168 1593 1224 medicamenta.
1639 1165 1773 1221 Nam
1802 1165 1936 1222 civi-

356 1268 442 1315 tas
456 1258 699 1329 quidem,
740 1268 998 1330 tanquam
1040 1260 1230 1316 foetum
1258 1260 1535 1330 proprium
1563 1268 1620 1313 et
1648 1274 1675 1312 a
1716 1274 1778 1314 se
1805 1258 1937 1313 edu-

358 1360 563 1415 catum,
594 1365 719 1404 eum
752 1351 1121 1421 amplectitur,
1162 1361 1355 1406 etcum
1405 1359 1673 1421 perpetuo
1721 1350 1938 1406 volebat

359 1439 599 1502 retinere
670 1457 685 1494 :
756 1456 821 1496 ea
883 1440 1026 1496 enim
1086 1440 1241 1495 valde
1293 1440 1611 1496 movebatur
1667 1440 1945 1496 suavitate

359 1533 667 1588 orationum
741 1533 991 1599 Joannis,
1068 1549 1299 1605 quarum
1377 1533 1664 1588 maximam
1730 1541 1938 1604 partem

359 1625 717 1681 consumebat
743 1625 799 1679 in
831 1626 1070 1696 judiciis,
1111 1625 1329 1681 assidue
1377 1625 1506 1680 illuc
1534 1624 1831 1690 ventitans,
1886 1633 1943 1681 et

359 1723 570 1784 partem
611 1714 919 1772 defendens
974 1714 1288 1771 inferiorem
1334 1722 1389 1770 et
1426 1730 1575 1779 eum,
1624 1715 1716 1785 qui
1771 1713 1943 1769 habe-

359 1807 521 1861 batur
548 1808 910 1878 contemptui,
944 1823 1224 1863 recreans.
1256 1806 1428 1862 Mater
1487 1814 1694 1871 autem,
1751 1813 1941 1877 utpote

359 1905 557 1963 mater,
592 1897 761 1969 magis
788 1913 1047 1969 germane
1062 1913 1189 1954 eum
1223 1899 1439 1963 adiens,
1481 1898 1803 1969 doloresque
1820 1912 1945 1968 par-

359 1996 453 2045 tus
480 1995 536 2043 et
572 1988 923 2046 iactationem
959 1990 1007 2045 ei
1065 1989 1122 2045 in
1172 1992 1492 2046 memoriam
1559 2005 1842 2057 revocans,
1888 1998 1947 2045 et

361 2080 505 2135 mala
534 2081 837 2146 viduitatis,
873 2091 931 2138 et
978 2098 1316 2154 quaecunque
1368 2090 1621 2152 poterant
1667 2082 1945 2138 attrahere

362 2171 557 2236 ﬁlium,
593 2182 657 2228 ut
683 2173 870 2229 matris
903 2175 1274 2239 misereretur,
1315 2174 1537 2229 arcebat
1585 2189 1615 2228 a
1641 2174 1941 2244 proposito.

366 2261 476 2317 Sed
495 2264 667 2318 satius
699 2272 804 2329 est,
829 2272 887 2318 ut
908 2265 981 2318 illi
1024 2265 1128 2334 ipsi
1161 2264 1303 2320 hanc
1328 2266 1633 2334 relinquam
1668 2266 1945 2320 narratio-

365 2365 512 2406 nem.
548 2350 732 2421 Neque
758 2353 903 2406 euim
926 2354 1151 2409 omnino
1179 2353 1262 2409 fas
1298 2363 1405 2420 est,
1461 2369 1564 2411 nec
1588 2354 1942 2419 conveniens,

366 2450 428 2496 ut
448 2456 571 2496 cum
599 2443 649 2498 ei
671 2442 943 2498 liceatsua
965 2460 1060 2514 per
1085 2460 1144 2500 se
1172 2446 1378 2511 dicere,
1410 2460 1535 2510 nos,
1578 2447 1689 2502 illis
1713 2446 1938 2513 relictis,

366 2545 434 2586 ex
460 2531 621 2586 nobis
660 2532 792 2602 ipsis
855 2531 1123 2588 faciamus
1176 2535 1571 2589 narrationem.
1610 2534 1751 2590 Dicit
1796 2535 1944 2589 enim

370 2623 492 2695 ipse
538 2624 771 2680 inlibris
802 2626 875 2680 De
929 2626 1233 2682 sacerdotio
1260 2626 1358 2699 (5),
1411 2627 1647 2683 iunuens
1688 2627 1944 2693 amicum,

367 2715 461 2787 qui
488 2732 611 2771 eum
636 2726 755 2772 erat
774 2718 1111 2774 abducturus
1137 2720 1208 2775 ad
1254 2719 1331 2783 id,
1365 2720 1524 2791 cujus
1577 2720 1757 2776 studio
1796 2731 1948 2774 tene-

366 2808 545 2865 batur.
580 2809 786 2865 Deinde
815 2820 1063 2879 matrem,
1099 2827 1220 2881 qua:
1274 2810 1381 2868 hoc
1435 2813 1751 2875 resciverat,
1783 2813 1950 2867 mise-

366 2902 613 2959 rabiliter
644 2905 964 2973 accessisse,
1012 2914 1069 2959 et
1101 2904 1155 2959 id
1191 2905 1557 2975 prohibuisse.
1614 2904 1705 2960 Sic
1762 2912 1977 2959 autem'

370 2991 538 3049 habet
579 3011 593 3048 :
639 2994 935 3065 Postquam
973 2996 1123 3051 enim
1168 2996 1341 3052 sensit
1370 2996 1682 3060 consilium,
1721 2996 1866 3066 quod
1918 3010 1950 3050 a

370 3081 532 3137 nobis
553 3083 891 3152 capiebatur,
930 3099 1019 3138 me
1046 3085 1270 3140 dextera
1304 3093 1553 3155 accepto,
1591 3094 1647 3141 et
1688 3085 1744 3140 in
1784 3087 1948 3141 domo

2035 701 2113 772 τῷ
2153 701 2395 773 μεγίστῳ
2423 701 2678 771 διάφορα,
2740 699 2903 769 είπερ
2956 700 3133 770 δήπου
3181 700 3278 753 καὶ
3308 698 3617 768 Ἀντιόχεια

2035 793 2191 858 πόλις
2218 793 2313 848 καὶ
2350 791 2716 847 Καππαδοκία
2746 790 3161 862 διενηνόχασιν;
3192 790 3308 844 ἐστι
3339 789 3399 842 δέ
3420 805 3488 858 γε
3521 789 3620 843 καὶ

2035 888 2172 944 ἄλλα
2200 886 2371 940 πολλά
2398 886 2465 939 δι’
2488 880 2564 939 ὧν
2597 885 2662 940 ἀν
2690 902 2776 949 τις
2817 885 3163 955 τεκμήραιτο
3194 882 3271 954 μὴ
3304 882 3400 936 τδν
3441 880 3619 952 μέγαν

2037 977 2177 1034 εἶναι
2238 979 2425 1033 τοῦτον
2483 978 2786 1045 Βασίλειον,
2829 976 2968 1032 ἀλλά
3005 993 3131 1030 τινα
3187 976 3396 1047 μᾶλλον
3423 977 3491 1028 ἐκ
3519 974 3621 1043 τῆς

2050 1071 2380 1142 Ἀντιοχείας
2432 1070 2780 1142 ὁρμώμενον.
2845 1068 3006 1125 Ἀλλὰ
3045 1068 3139 1123 τοῦ
3168 1068 3377 1123 σκοποῦ
3419 1064 3619 1121 τούτου

2036 1163 2176 1228 τέως
2204 1165 2239 1235 ή
2294 1181 2355 1217 τε
2410 1163 2567 1226 πόλις
2623 1162 2786 1219 αὐτὸν
2832 1162 3133 1231 ἀπάγουσι,
3185 1162 3285 1215 καὶ
3350 1160 3559 1231 μᾶλλον
3586 1158 3623 1229 ή

2044 1257 2250 1328 μήτηρ,
2302 1254 2452 1310 δεινά
2480 1255 2619 1327 πρὸς
2647 1254 2823 1309 πειθὼ
2850 1255 2919 1310 τά
2957 1257 3023 1309 ἐκ
3045 1255 3154 1309 τῶν
3185 1253 3444 1325 δακρύων
3473 1251 3628 1321 αὐτῷ

2040 1349 2324 1419 κεράσασα
2372 1347 2667 1419 φάρμακα.
2714 1347 2781 1401 Ἦ
2818 1347 2918 1418 μὲν
2970 1347 3081 1419 γὰρ
3130 1345 3287 1408 πόλις
3352 1345 3432 1410 ὡς
3486 1344 3627 1399 ἰδίου

2041 1440 2359 1511 θρέμματος
2377 1439 2711 1511 περιείχετο,
2738 1440 2833 1493 καὶ
2853 1438 3162 1510 διάίπαντδς
3179 1438 3438 1508 κατέχειν
3464 1436 3630 1506 ήδού·

2040 1533 2185 1586 λετο.
2216 1529 2373 1603 Εἶχον
2401 1532 2510 1604 γάρ
2537 1532 2708 1603 αὐτὴν
2749 1531 2988 1603 ίσχυρῶς
3011 1532 3069 1585 αί
3122 1531 3232 1584 τῶν
3281 1531 3497 1584 ἐκείνου
3531 1528 3631 1584 λό-

2042 1642 2156 1695 γων
2186 1626 2465 1696 Σειρῆνες,
2493 1623 2574 1688 εἷς
2593 1623 2719 1696 (sic)
2742 1624 2804 1678 τδ
2830 1623 3077 1678 πλεῖστον
3109 1623 3271 1694 ἔνεμε
3294 1621 3376 1692 τῷ
3402 1622 3627 1694 δικαίῳ,

2042 1722 2155 1783 τοῖς
2186 1719 2560 1792 δικαστηρίοις
2619 1718 2995 1791 ἐνδιατρίσων,
3038 1718 3134 1771 καί⁸
3159 1717 3236 1788 τῷ
3264 1717 3630 1773 καταδεεστέ-

1973 1860 2015 1917 B
2047 1830 2124 1884 ρῳ
2157 1813 2311 1884 μέρει
2354 1811 2663 1883 τιθέμενος.
2704 1810 2769 1864 Ἦ
2800 1809 2860 1864 δὲ
2887 1809 3093 1882 μήτηρ,
3128 1806 3219 1863 οἷα
3253 1808 3466 1880 μήτηρ,
3491 1825 3630 1879 τνη-

2047 1903 2305 1976 σιὼτερον
2342 1903 2491 1973 αὐτῷ
2542 1900 2940 1973 προσελθοῦσα,
2988 1904 3084 1955 καὶ
3137 1900 3346 1955 ὠδίνων
3375 1900 3498 1972 ἃμα
3531 1902 3632 1955 καὶ

2045 1994 2216 2067 θηλῆς
2282 1995 2667 2066 ὑπομνήσασα,
2721 1992 2816 2046 καὶ
2846 1993 2915 2045 τὰ
2938 1994 3003 2046 ἐκ
3035 1991 3133 2060 τῆς
3186 1989 3418 2063 χηρείας
3449 1989 3626 2052 κακὰ,

2043 2087 2141 2143 καὶ
2189 2086 2370 2140 πάντα
2416 2086 2519 2139 ὅσα
2575 2083 2802 2161 δυνατὸν
2834 2078 2905 2154 ἦν
2934 2083 3051 2136 υἱὸν
3103 2079 3419 2151 ἐλκῦσαιτῇ
3456 2080 3633 2151 μητρὶ

2045 2180 2183 2250 πρὸς
2234 2177 2603 2248 συμπάθειαν,
2648 2177 2883 2243 ἀπεῖργε
2910 2174 3005 2229 τοῦ
3052 2172 3453 2245 προκειμένουο
3491 2172 3639 2243 μᾶλα

2047 2271 2140 2325 λον
2166 2271 2223 2324 δὲ
2246 2267 2392 2339 αὐτῷ
2433 2267 2627 2337 ἐκείνῳ
2684 2267 2899 2335 λέγοντι
2946 2265 3078 2336 περὶ
3135 2263 3328 2317 τούτου
3362 2278 3631 2333 παραχω-

2050 2365 2200 2435 ρήσω
2248 2361 2345 2416 τοῦ
2401 2360 2764 2431 διηγήματος.
2803 2357 3017 2412 Μανίαν
3052 2355 3160 2425 7&9
3196 2354 3262 2409 ἂν
3288 2353 3533 2422 ἀληθῶς,
3559 2355 3630 2408 ού

2043 2456 2248 2526 τόλμαν
2307 2451 2560 2525 ᾐτιώμην
2583 2450 2828 2512 δικαίως,
2882 2450 2951 2505 εἱ.
2985 2448 3042 2500 ἐν
3080 2441 3162 2510 οἷς
3189 2446 3259 2500 τὰ
3297 2446 3512 2499 ἐκείνου
3542 2446 3619 2501 δι’

2046 2548 2255 2602 ἐκείνου
2288 2546 2470 2614 λέγειν
2502 2544 2699 2614 παρὸν,
2733 2542 2898 2604 αὐτὸς
2926 2539 3099 2593 ταῦτα
3126 2537 3466 2601 καταλιπὼν,
3494 2537 3635 2607 παρ’

2047 2638 2183 2711 ἐμοῦ
2223 2637 2339 2710 [γρ.
2369 2634 2636 2707 ἐμαυτοῦ]
2672 2633 2770 2703 τὴν
2833 2632 3091 2703 διήγησιν
3122 2629 3448 2700 ἐποιούμην.
3489 2628 3634 2700 Φησὶ

2048 2731 2159 2803 7&9
2184 2728 2355 2791 οὕτως
2385 2730 2444 2782 ἐν
2465 2728 2578 2789 τοῖς
2639 2725 2768 2795 περὶ
2819 2721 3118 2794 ίερωσύνης
3139 2720 3323 2785 αὐτὸς,
3350 2720 3443 2772 τὸν
3473 2718 3634 2787 φίλον

2050 2819 2401 2890 εἰσενεγκὼν,
2466 2817 2698 2881 ἀπάξειν
2754 2815 2848 2868 ἐπὶ
2893 2813 2957 2867 τδ
2989 2812 3432 2882 σπουδαζόμενον
3500 2811 3634 2879 μέλ-

2049 2915 2235 2981 λοντα,
2271 2909 2394 2968 εἶτα
2429 2912 2530 2982 τὴν
2561 2910 2777 2982 μητέρα
2809 2907 3089 2979 μαθοῦσαν
3121 2905 3399 2959 καὶτοῦτο
3423 2904 3632 2959 διακω-

2050 3005 2314 3059 λύσασαν·
2368 3002 2484 3073 ἔχει
2507 3001 2565 3055 δὲ
2594 3000 2795 3063 οὕτως’
2846 2996 3067 3068 Ἐπειδὴ
3092 2997 3202 3067 γὰρ
3231 2995 3435 3068 ᾔσθετο
3450 2994 3635 3050 ταῦτα

2054 3095 2483 3169 βουλευόμενον,
2535 3092 2780 3146 λαϐοῦσά
2833 3109 2898 3161 με
2936 3090 3037 3160 τῆς
3072 3087 3278 3153 δεξιᾶς,
3326 3089 3635 3160 εἰσήγαγεν

369 3173 420 3229 ei
459 3175 721 3230 attributa
758 3176 827 3231 ad
862 3176 1163 3233 sedendum
1196 3178 1463 3233 collocato
1503 3193 1674 3249 prope
1724 3178 1945 3246 lectum,

2051 3187 2130 3249 είς
2162 3185 2251 3239 τὸν
2303 3182 2752 3250 ἀποτεταγμένον
2806 3175 2956 3233 οἰκον
2993 3181 3155 3251 αὐτῇ,
3212 3178 3311 3233 καὶ
3351 3177 3635 3232 καθίσασα

369 3266 426 3323 in
465 3282 575 3339 quo
593 3282 696 3322 nos
724 3278 1031 3339 pepererat,
1062 3268 1343 3324 emittebat
1363 3270 1547 3325 fontes
1566 3271 1946 3342 lacrymarum,

370 3370 428 3416 et
474 3360 804 3431 adiungebat
854 3362 1018 3417 verba
1085 3362 1338 3434 lacrymis
1396 3362 1815 3427 miserabiliora,
1871 3362 1952 3419 sic

371 3451 517 3522 apud
548 3467 649 3506 nos
695 3452 1041 3508 lamentans:
1071 3451 1225 3516 Mihi,
1284 3452 1482 3523 inquit,
1521 3468 1554 3508 ο
1592 3453 1688 3520 ﬁli,
1748 3453 1950 3510 virtute

373 3543 454 3598 tui
487 3545 656 3614 patris
687 3544 777 3598 diu
814 3544 921 3599 frui
953 3561 1062 3600 non
1092 3545 1267 3609 licuit.
1306 3561 1431 3602 cum
1484 3544 1596 3602 Deo
1646 3546 1722 3601 ita
1772 3547 1949 3601 visum

370 3645 539 3690 esset.
566 3636 702 3691 Nam
725 3637 946 3691 dolores
977 3638 1033 3691 in
1066 3648 1229 3708 partu
1290 3648 1515 3709 propter
1575 3647 1629 3693 te
1674 3649 1950 3709 acceptos,

370 3738 521 3780 mors
573 3726 719 3781 illius
746 3736 1063 3794 consecuta,
1103 3730 1199 3784 tibi
1223 3731 1444 3801 quidem
1478 3730 1785 3797 orbitatem,
1816 3729 1951 3785 mihi

376 3824 557 3872 autem
651 3818 971 3874 viduitatem
1058 3822 1242 3876 attulit
1337 3830 1468 3876 ante
1542 3829 1777 3892 tempus,
1896 3831 1951 3876 et

370 3908 513 3964 mala
569 3909 867 3976 viduitatis,
913 3926 1034 3984 quae
1081 3927 1160 3967 ea:
1214 3915 1341 3968 sola:
1405 3914 1647 3977 demum,
1700 3929 1822 3985 qua:
1865 3914 1952 3969 illa

372 4019 544 4074 passa:
559 4013 705 4071 sunt,
742 4005 882 4060 scire
903 4013 1089 4075 aperte
1112 4008 1409 4076 potuerint.
1450 4006 1607 4061 Nulla
1659 4008 1803 4061 enim
1828 4022 1952 4062 ora-

373 4095 452 4151 tio
496 4097 740 4168 potucrit
791 4098 1054 4167 consequi
1091 4106 1470 4168 tempestatem
1500 4100 1646 4153 illam
1672 4109 1728 4154 et
1756 4098 1953 4155 ﬂuctus

372 4187 515 4252 illos,
540 4204 676 4258 quos
730 4189 879 4244 subit
925 4190 1127 4260 puella,
1172 4205 1203 4245 e
1244 4191 1407 4245 domo
1465 4191 1684 4262 quidem
1727 4200 1953 4262 paterna

373 4296 552 4351 nuper
581 4297 822 4353 egressa,
852 4291 909 4336 et
938 4297 1120 4336 rerum
1155 4280 1429 4352 imperita,
1459 4289 1515 4336 et
1562 4281 1657 4352 qui
1709 4279 1953 4336 cohiberi

372 4389 482 4429 non
512 4384 712 4446 potest,
744 4385 970 4445 repente
1015 4374 1166 4429 luctu
1209 4389 1489 4444 oppressa,
1517 4383 1572 4429 et
1596 4389 1821 4429 necesse
1850 4374 1952 4428 ha-

371 4460 512 4520 bens
563 4467 801 4536 majores
843 4466 1122 4534 suscipere
1150 4464 1564 4533 sollicitudines,
1627 4480 1789 4534 quam
1852 4479 1952 4534 pro

377 4565 539 4613 atate
563 4566 619 4613 et
647 4572 806 4612 sexu.
838 4557 1066 4629 Oportet
1092 4559 1239 4612 enim
1280 4566 1341 4611 ut
1369 4558 1603 4613 arbitror
1627 4557 1953 4613 tamulorum
1986 4540 2035 4600 Ι)

373 4649 682 4704 socordiam
712 4648 1153 4705 animadvertere
1182 4658 1239 4703 et
1270 4650 1564 4718 corrigere,
1597 4658 1652 4704 et
1690 4649 1954 4705 maleﬁcia

372 4738 688 4801 observare,
734 4747 1087 4807 cognatorum
1154 4740 1378 4795 insidias
1408 4741 1748 4811 propulsare,
1775 4742 1955 4811 publi-

373 4844 635 4885 canorum
688 4828 917 4900 injurias
972 4839 1023 4885 at
1068 4830 1522 4886 inhumanitatem
1584 4832 1641 4886 in
1680 4832 1956 4902 exigendis

373 4921 733 4993 vectigalibus
766 4938 964 4995 magno
988 4933 1043 4980 et
1074 4925 1290 4981 excelso
1344 4924 1528 4980 animo
1578 4924 1741 5004 ferre.
1800 4924 1955 4991 Quod

373 5014 420 5070 si
446 5014 638 5070 relicto
663 5016 828 5071 etiam
858 5017 1067 5073 infante
1098 5018 1419 5084 decesserit,
1448 5018 1542 5088 qui
1568 5027 1653 5073 est
1682 5028 1950 5085 mortuus,

376 5106 422 5160 si
463 5105 535 5160 sit
559 5107 778 5174 quidem
809 5107 1043 5173 femina.
1075 5098 1575 5180 magnam'quidem
1629 5109 1709 5166 sic
1737 5126 1953 5181 quoque

375 5197 536 5253 matri
568 5199 837 5269 praebebit
884 5200 1339 5265 sollicitudinem,
1372 5216 1402 5255 a
1437 5201 1743 5271 sumptibus
1771 5209 1952 5257 tamen

377 5298 434 5345 et
453 5301 605 5345 metu
631 5291 885 5346 liberam.
927 5292 1098 5347 Filius
1126 5302 1308 5347 autem
1346 5306 1464 5346 eam
1490 5292 1734 5362 quotidie
1766 5291 1956 5362 implet

374 5381 669 5437 timoribus
697 5383 1187 5439 innumerabilibus
1205 5392 1257 5438 et
1281 5382 1529 5454 pluribus
1569 5382 1955 5438 sollicitudini-

375 5477 499 5533 bus.
539 5475 693 5533 Mitto
774 5485 1053 5547 sumptum
1082 5477 1472 5547 pecuniarum,
1517 5490 1679 5547 quem
1732 5490 1957 5533 necesse

377 5570 544 5626 habet
572 5570 754 5626 facere
782 5569 829 5624 si
851 5584 977 5625 eum
1010 5568 1244 5625 educare
1271 5567 1759 5640 cupitliberaliter.
1809 5566 1953 5622 Nihil

379 5663 575 5719 horum
600 5672 783 5718 tamen
808 5662 943 5718 mihi
970 5662 1259 5734 persuasit,
1316 5670 1377 5718 ut
1399 5661 1700 5719 secundum
1759 5660 1952 5716 inirem

451 5846 528 5918 (ὕ)
565 5845 685 5903 Lib.
716 5864 776 5917 ll,
808 5863 926 5919 cap.
952 5849 1005 5904 2.

2052 3277 2280 3348 πλησίον
2320 3274 2413 3327 ἐπὶ
2436 3275 2535 3344 τῆς
2567 3272 2749 3341 εὐνῆς,
2780 3266 2847 3344 ἧς
2871 3273 3020 3343 ἡμᾶς
3050 3270 3227 3337 ὥδινε,
3267 3270 3455 3341 πηγὰς
3486 3268 3636 3340 ἐφίει

2046 3366 2321 3440 δακρύων,
2362 3368 2457 3420 καὶ
2516 3365 2626 3419 τῶν
2651 3364 2902 3436 δακρύων
2923 3364 3263 3434 ἑλεεινότερα
3317 3360 3637 3433 προσετίθει

2053 3464 2295 3533 ῥήματα,
2323 3458 2548 3512 τοιαῦτα
2572 3458 2709 3527 πρὸς
2729 3459 2762 3526 ή
2771 3456 2877 3526 μᾶς
2892 3455 3193 3528 ὀδυρομένη
3217 3453 3333 3527 [γρ.
3360 3453 3640 3525 amen”.

2053 3548 2235 3623 μένη]·
2254 3546 2415 3617 Ἐγὼ,
2432 3549 2586 3619 φησὶ,
2598 3546 2834 3608 παιδίον.
2852 3547 3161 3616 τῆςάρετῆς
3173 3545 3266 3599 τοῦ
3280 3562 3386 3598 πατ
3395 3542 3636 3616 ρδςίτοῦ]

2051 3642 2146 3698 σοῦ
2187 3644 2288 3697 οὐκ
2307 3640 2538 3711 ἀφείθην
2566 3638 2875 3694 ἀπολαῦσαι
2909 3640 3003 3692 ἐπὶ
3028 3638 3162 3692 πολύ
3182 3655 3197 3670 ο
3229 3638 3309 3707 τῷ
3326 3636 3448 3703 Θεῷ
3472 3636 3641 3689 τοῦτο

2048 3734 2260 3789 δοκοῦν.
2314 3733 2425 3796 Τὰς
2476 3730 2584 3801 γὰρ
2620 3730 2816 3792 ὠδίνας
2858 3729 2959 3793 τὰς
3005 3730 3098 3781 ἐπὶ
3129 3728 3211 3782 σοὶ
3239 3728 3638 3797 διαδεξάμενος

2049 3824 2078 3876 ό
2114 3824 2342 3885 θάνατος
2393 3821 2629 3885 ἐκείνου,
2669 3820 2755 3873 σοὶ
2784 3819 2883 3887 μὲν
2918 3820 3207 3889 ὀρφανίαν,
3247 3820 3373 3889 ἐμοὶ
3403 3818 3639 3889 χηρείαν

2052 3916 2356 3985 ἐπέστησεν
2401 3914 2604 3983 ἄωρον,
2631 3913 2726 3966 καὶ
2760 3912 2861 3982 τῆς
2906 3913 3134 3983 χηρείας
3166 3911 3341 3973 δεινὰ,
3399 3909 3436 3965 ἃ
3468 3911 3637 3980 μόναι

2051 4006 2109 4059 αἱ
2134 4005 2401 4059 παθοῦσαι
2463 4004 2697 4057 δύναιντ’
2729 4001 2795 4056 ἂν
2828 4004 3032 4055 εἰδέναι
3081 4001 3290 4070 σαφῶς.
3323 4001 3498 4069 Λόγος
3525 4000 3638 4071 γὰρ

2053 4096 2227 4157 οὕδεὶς
2252 4096 2318 4149 ἂν
2353 4095 2596 4164 ἐφίκοιτο
2619 4094 2713 4147 τοῦ
2745 4093 3018 4165 χειμῶνος
3043 4093 3255 4146 ἐκείνου
3270 4094 3365 4146 καὶ
3386 4091 3482 4146 τοῦ
3508 4092 3641 4145 κλύ-

2052 4189 2238 4250 δωνος,
2261 4188 2319 4241 ὃν
2348 4186 2642 4255 ὑφίσταται
2662 4186 2798 4258 κόρη
2824 4186 2949 4255 ἄρτι
2971 4186 3068 4255 μὲν
3085 4185 3181 4254 τῆς
3210 4186 3388 4248 οἰκίας
3411 4184 3513 4253 τῆς
3530 4200 3641 4236 πα-

2052 4279 2232 4351 τρῴας
2252 4279 2611 4352 προελθοῦσα,
2654 4279 2750 4332 καὶ
2769 4279 3113 4349 πραγμάτων
3128 4278 3354 4347 ἄπειρος
3369 4270 3533 4338 οὖσα,
3554 4274 3641 4339 ἐξ·

2053 4373 2252 4443 αίφνης
2266 4388 2326 4424 τε
2345 4370 2757 4441 πένθειὰσχέτῳ
2776 4369 3078 4440 βαλλομένη
3101 4375 3193 4423 καί
3211 4367 3642 4436 ἀναγκαζομένη

2055 4466 2369 4539 φροντίδων,
2390 4464 2482 4519 καὶ
2504 4464 2605 4535 τῆς
2629 4463 2845 4535 ἡλικίας
2868 4463 2963 4517 καὶ
2978 4464 3075 4530 τῆς
3101 4465 3318 4531 φύσεως
3340 4461 3639 4531 ἀνέχεσθαι

2063 4555 2347 4631 μειζόνων.
2369 4558 2460 4608 Δεῖ
2483 4558 2613 4626 γὰρ,
2638 4551 2813 4627 οἶμαι,
2838 4554 3112 4627 ῥᾳθυμίας
3132 4554 3360 4607 οἰκετῶν
3385 4553 3642 4622 ἐπιστρέ-

2056 4650 2298 4718 φειν,καὶ
2311 4649 2647 4719 κακουργίας
2664 4665 2882 4719 παρατη
2892 4650 3025 4718 ρεῖν,
3044 4646 3320 4717 συγγενῶν
3333 4646 3643 4715 ἀποκρούε-

2057 4740 2181 4795 σθαι
2212 4740 2521 4806 ἐπιϐουλάς,
2546 4742 2655 4793 τῶν
2670 4740 2740 4793 τά
2771 4740 3007 4811 δημόσια
3028 4741 3472 4811 εἰσπραττόντων
3506 4736 3629 4809 [γρ.

2057 4833 2430 4905 πραττόντων]
2484 4833 2581 4895 τὰς
2640 4833 2924 4903 ἐπηρείας,
2962 4834 3059 4885 καὶ
3112 4831 3210 4901 τήν
3265 4831 3536 4901 ἀπήνειαν
3567 4831 3629 4882 ἐν

2056 4928 2177 4989 ταῖς
2201 4925 2308 4978 τῶν
2334 4924 2607 4996 εἰσφορῶν
2640 4923 2968 4988 καταϐολαῖς
2989 4924 3254 4994 γενναίως
3277 4924 3488 4993 φέρειν.
3507 4923 3640 4975 Ἐὰν

2056 5017 2112 5071 δὲ
2147 5018 2243 5070 καὶ
2277 5016 2487 5069 παιδίον
2516 5015 2836 5069 καταλιπὼν
2855 5018 2884 5070 ό
2906 5015 3188 5079 τεθνηκὼς
3216 5013 3469 5078 ἀπέλθοι,
3500 5013 3638 5082 θῆλυ

2063 5110 2163 5181 μὲν
2196 5109 2277 5173 ὂν,
2334 5107 2535 5179 πολλὴν
2587 5107 2683 5162 καί
2710 5108 2857 5163 οὕτω
2915 5106 3141 5177 παρέξει
3202 5109 3269 5177 τῇ
3309 5107 3482 5176 μητρὶ
3538 5105 3637 5175 τὴν

2062 5200 2342 5273 φροντίδα,
2375 5201 2527 5270 ὅμως
2546 5200 2604 5253 δὲ
2630 5200 2726 5255 καὶ
2758 5199 3136 5271 ἀναλωμάτων
3162 5199 3259 5251 καὶ
3279 5197 3433 5260 δέους
3461 5196 3637 5268 ἀπηλ-

2063 5292 2344 5364 λαγμένην
2365 5308 2379 5323 ⁸
2409 5292 2440 5345 ό
2476 5293 2533 5347 δέ
2562 5293 2677 5357 υίὸς
2703 5293 2917 5364 μυρίων
2943 5290 3115 5362 αὐτὴν
3145 5290 3332 5362 φόϐων
3358 5289 3482 5343 καθ’
3511 5288 3639 5343 ἑκάς

2066 5401 2198 5452 στην
2225 5384 2530 5456 ἐμπίπλησι
2546 5383 2648 5455 τήν
2664 5386 2900 5457 ἡμέραν,
2919 5383 3015 5437 καλ⁸
3035 5382 3297 5436 πλειόνων
3317 5381 3636 5452 φροντίδων.

2065 5477 2175 5549 Τὴν
2204 5476 2316 5546 γάρ
2342 5476 2453 5531 τῶν
2481 5477 2779 5548 χρημάτων
2800 5476 2875 5531 ἐῶ
2899 5475 3169 5545 δαπάνην,
3187 5476 3322 5545 ὅσην
3344 5473 3635 5543 ὑπομένειν

2062 5568 2432 5638 ἀναγκάζεται
2450 5568 2940 5644 ἐλευθερίωςαύτδν
2952 5566 3256 5640 ἀναθρέψαι
3273 5564 3632 5636 ἐπιθυμοῦσα.

2075 5663 2218 5718 Ἀλλ’
2242 5664 2392 5736 ὅμως
2420 5663 2573 5718 οὐδέν
2604 5680 2673 5736 με
2694 5663 2899 5720 τούτων
2929 5661 3117 5717 ἔπεισε
3144 5659 3417 5730 δευτέροις
3446 5654 3634 5728 ὁμιλῆ-
