3828 6478
258 305 401 369 1υ57

1287 323 1464 384 VI-TA
1503 324 1564 385 s.
1599 323 1923 388 JOANNIS
1950 315 2509 392 cnnvsos'rom.’

3373 332 3511 400 1058

269 435 362 471 σαι
391 419 737 513 γάμοις,ούδ’
766 422 953 498 ἕτερον
980 427 1365 499 ἐπεισαγαγεῖν
1393 433 1627 503 νυμφίον
1651 436 1717 503 τῇ
1739 432 1834 487 τοῦ

1939 438 2369 505 matrimonium,
2394 454 2574 511 neque
2602 441 2769 497 alium
2795 455 3058 513 Sponsum
3108 443 3510 500 introducerent

260 510 470 581 πατρὸς
509 514 655 586 οἰκίᾳ
692 515 786 569 τοῦ
813 517 906 570 σοῦ
929 534 943 549 ·
974 519 1090 573 ἀλλ’
1117 520 1311 592 ἔμενον
1352 526 1413 579 ἐν
1440 529 1505 597 τῇ
1563 525 1702 600 ζάλῃ
1737 527 1835 580 καὶ

252 601 341 670 τῷ
362 601 597 676 θορύϐῳ,
627 606 723 660 καὶ
755 609 855 679 τὴν
890 610 1115 682 σιδηρᾶν
1143 614 1246 683 τῆς
1275 618 1502 688 χηρείας
1547 619 1649 672 οὐκ
1704 618 1835 687 ἐφυ-

258 709 358 761 γον
387 696 637 766 κάμινον,
661 699 876 770 πρῶτον
900 703 998 772 μὲν
1017 704 1121 757 ὑπὸ
1139 706 1241 776 τῆς
1258 707 1463 762 ἀνωθεν
1494 709 1832 782 βοηθουμένη

261 783 476 853 ροπῆς’
504 784 667 857 ἔφερε
697 787 755 841 δέ
810 807 899 859 μοι
954 795 1314 864 παραμυθίαν
1350 797 1412 851 οὐ
1480 801 1684 870 μικράν
1724 800 1836 855 τῶν

258 874 467 942 δεινῶν,
500 879 597 932 καὶ
627 880 688 933 τὸ
737 884 975 953 συνεχῶς
1000 888 1082 951 είς
1117 887 1217 960 τὴν
1250 888 1350 960 σὴν
1391 889 1515 961 ὄψιν
1558 893 1712 965 ὀρᾷν,
1740 895 1836 949 καὶ

259 968 447 1021 εἰκόνα
500 987 591 1041 μοι
624 973 719 1026 τοῦ
755 976 1205 1050 τετελευτηκότος
1253 983 1622 1051 φυλάσσεσθαι
1653 985 1833 1057 ἔμψυ-

259 1075 378 1127 χον,
411 1062 549 1132 πρὸς
571 1065 778 1118 ἐκεῖνον
801 1065 916 1137 [γρ.
952 1070 1190 1143 ἐκείνην]
1220 1074 1686 1148 ἀπηκριϐωμένην
1709 1103 1713 1107 ν
1734 1095 1837 1133 κα-

257 1149 392 1214 λῶς.
430 1153 529 1206 Διά
554 1155 712 1209 τοῦτο
739 1159 833 1212 καὶ
866 1159 946 1213 ἔτι
985 1162 1180 1231 νήπιος
1209 1161 1306 1231 ὣν,
1337 1168 1437 1220 καὶ
1471 1168 1607 1239 μηδὲ
1660 1171 1832 1241 φθέγ-

256 1245 453 1310 γεσθαί
481 1262 569 1299 πω
621 1248 832 1319 μαθὼν,
871 1253 958 1305 ὅτε
1016 1255 1255 1322 μάλιστα
1302 1258 1565 1330 τέρπουσι
1591 1265 1717 1327 τοὺς
1744 1280 1836 1316 τε-

257 1335 457 1400 κόντας
479 1340 529 1391 οί
558 1341 765 1405 παῖδες,
798 1344 1002 1415 πολλήν
1034 1365 1126 1418 μοι
1150 1353 1410 1421 παρεῖχες
1428 1353 1526 1419 τὴν
1552 1355 1836 1427 παράκλη-

260 1445 373 1486 σιν.
402 1432 510 1486 Καὶ
537 1432 644 1504 μὴν
673 1435 794 1490 οὐδὲ
821 1440 998 1493 ὲκεῖνο
1051 1442 1118 1496 ἂν
1157 1441 1303 1512 ἔχοις
1341 1444 1715 1509 αἰτιάσασθαι,
1751 1449 1834 1503 ὅτι

254 1521 358 1591 τὴν
397 1524 494 1593 μὲν
523 1527 749 1597 χηρείαν
771 1531 1036 1598 γενναίως
1059 1533 1393 1605 ἠνέγκαμεν,
1422 1538 1522 1607 τὴν
1554 1538 1615 1591 δὲ
1646 1538 1835 1593 οὐσίαν

262 1630 350 1668 σοι
375 1615 475 1685 τὴν
503 1620 778 1692 πατρικὴν
806 1622 1205 1694 ὴλαττὼσαμεν
1229 1626 1320 1679 διὰ
1346 1629 1443 1697 τὴν
1472 1631 1572 1698 τῆς
1607 1631 1835 1702 χηρείας

258 1706 531 1779 ἀνάγκην,
560 1713 696 1783 ὅπερ
716 1715 947 1781 πολλοὺς
968 1717 1077 1770 τῶν
1098 1719 1363 1791 ὀρφανίαν
1380 1721 1835 1793 δυστυχησάντων

250 1794 379 1855 οῖδα
417 1803 693 1870 παθόντας
737 1807 870 1869 ἐγώ.
918 1811 1028 1865 Καὶ
1056 1812 1165 1882 γάρ
1190 1813 1287 1866 καὶ⁸
1329 1814 1535 1885 ταύτην
1565 1817 1833 1888 ἀκεραίαν

257 1899 503 1966 ἐφύλαξα
537 1905 737 1970 πᾶσαν,
769 1906 865 1960 καὶ
892 1907 1001 1960 τῶν
1029 1908 1355 1978 ὀφειλόντων
1378 1913 1458 1976 είς
1484 1912 1834 1985 εὐδοκίμησιν

255 1990 639 2066 δαπανηθῆναι
668 1996 767 2069 τὴν
802 1998 901 2069 σὴν
923 2000 1170 2055 ἐνέλιπον
1195 2002 1370 2069 οὐδὲν,
1413 2007 1478 2059 ὲκ
1522 2006 1630 2059 τῶν
1656 2008 1832 2076 ἐμαυ-

257 2083 382 2153 τῆς,
413 2088 503 2140 καὶ
525 2080 600 2141 ὧν
627 2083 791 2159 ἦλθον
811 2092 1021 2145 οίκοθεν
1049 2093 1272 2164 ἔχουσα,
1297 2097 1596 2152 δαπανῶσα
1620 2099 1837 2170 χρημά-

256 2193 392 2232 των.
420 2179 532 2234 Καὶ
565 2182 726 2252 μήτοι
755 2184 987 2256 νομίσῃς
1027 2187 1395 2252 ὀνειδίζουσάν
1424 2207 1492 2259 με
1530 2191 1706 2246 ταῦτα
1741 2191 1836 2247 λέ-

257 2285 382 2338 γειν
400 2270 516 2339 νῦν,
545 2273 661 2328 ἀλλ’
696 2275 817 2330 ἀντὶ
842 2277 1061 2332 πάντων
1096 2296 1154 2333 σε
1180 2280 1383 2335 τούτων
1401 2281 1529 2352 μίαν
1562 2283 1701 2336 αίτῶ
1735 2286 1835 2356 χά-

258 2382 374 2437 ριν,
411 2368 485 2437 μή
515 2385 581 2438 με
604 2369 833 2443 δευτέρᾳ
856 2374 1054 2446 χηρείᾳ
1084 2375 1419 2446 περιϐαλεῖν,
1456 2378 1589 2446 μηδὲ
1616 2378 1674 2432 τὸ
1723 2395 1837 2432 κοι-

168 2488 181 2497 ο
262 2457 437 2530 μηθὲν
460 2461 560 2532 ήδη
584 2461 774 2527 πένθος
803 2464 1004 2535 ἀνάψαι
1033 2467 1217 2531 πάλιν,
1243 2468 1379 2522 ἀλλὰ
1400 2472 1715 2539 περίμεινον
1735 2473 1835 2541 τὴν

259 2551 403 2625 ἐμὴν
428 2553 708 2625 τελευτήν.
739 2557 898 2621 Ἴσως
919 2557 1057 2627 μετά
1085 2561 1277 2629 μικρὸν
1310 2559 1676 2630 ἀπελεύσομαι
1706 2561 1836 2631 χρό-

259 2661 374 2699 νον.
399 2645 538 2711 Τοὺς
571 2648 669 2716 μὲν
698 2649 806 2720 γὰρ
846 2651 1000 2714 νέους
1046 2652 1202 2711 ἐλπὶς
1230 2652 1328 2705 κα)⁸
1359 2652 1441 2716 είς
1482 2653 1660 2722 γῆρας
1685 2653 1834 2724 ἥξειν

267 2737 501 2807 μακρὸν,
532 2740 582 2792 οί
608 2739 663 2793 δὲ
694 2743 1068 2812 γεγηρακότες
1089 2746 1250 2813 ἡμεῖς
1279 2746 1433 2799 οὐδὲν
1467 2746 1655 2816 ἕτερον
1684 2750 1716 2817 ἢ
1745 2747 1836 2815 τὸν

258 2828 491 2885 θάνατον
528 2832 892 2905 ἀναμένομεν.
938 2836 1108 2890 Ὅταν
1149 2833 1242 2892 οὖν
1278 2855 1346 2908 με
1384 2841 1450 2910 τῇ
1481 2842 1550 2910 τῇ
1581 2841 1835 2911 παραδῷς

260 2925 359 2978 καὶ
385 2927 496 2989 τοῖς
525 2925 732 2990 ὀστέοις
766 2927 859 2983 τοῦ
884 2927 1091 3000 πατρὸς
1116 2929 1381 3002 ἀναμίξῃς
1416 2931 1508 2985 τοῦ
1535 2931 1652 2997 σοῦ,
1683 2933 1835 2986 στέλς-
1864 2928 1869 2929 ί

262 3017 357 3070 λου
392 3019 611 3089 μακράς
659 3019 992 3090 ἀποδημίας,
1025 3022 1120 3075 καὶ
1171 3022 1302 3075 πλέε
1335 3022 1631 3086 θάλασσαν,
1660 3024 1727 3095 ἣν
1767 3024 1834 3079 ἂν

1937 529 1991 583 in
2019 530 2239 585 domum
2267 533 2438 602 patris
2466 534 2547 588 tui
2575 553 2589 590 :
2615 536 2710 590 sed
2746 535 2919 592 mansi
2973 535 3027 591 in
3087 546 3412 608 tempestate
3457 547 3515 592 et

1939 622 2194 688 tumultu,
2225 631 2281 677 et
2315 639 2422 679 non
2453 626 2614 697 effugi
2644 627 2877 683 ferream
2903 627 3179 683 fornacem
3209 630 3510 695 viduitatis,

1937 708 2175 778 primum
2214 713 2433 781 quidem
2463 715 2646 785 adjuta
2674 732 2911 788 superno
2966 719 3186 773 auxilio.
3237 720 3515 774 Aﬂerebat

1937 811 2120 857 autem
2152 804 2285 859 mihi
2329 821 2440 860 non
2495 824 2715 877 parvam
2763 812 3027 867 malorum
3084 814 3513 869 consolationem

1937 897 2158 966 etquod
2188 906 2341 953 tuum
2380 901 2589 957 vultum
2622 903 2861 959 viderem
2908 906 3145 970 assidue,
3195 918 3250 961 et
3310 907 3512 960 mortui

1936 988 2230 1044 animatam
2264 1005 2538 1047 servarem
2591 993 2902 1065 imaginem,
2964 997 3030 1051 ad
3085 997 3227 1052 illius
3282 996 3511 1061 efﬁgiem

1936 1088 2191 1134 accurate
2223 1096 2556 1151 expressam.
2620 1083 2913 1154 Propterea
2959 1100 3084 1141 cum
3138 1102 3290 1142 esses
3332 1082 3514 1143 adhuc

1938 1167 2140 1236 infans,
2163 1178 2218 1225 et
2236 1172 2469 1227 necdum
2508 1174 2654 1244 loqui
2685 1175 2991 1241 didicisses,
3022 1178 3239 1246 quando
3259 1187 3514 1248 parentes

1936 1261 2170 1315 maxime
2189 1262 2462 1317 delectant
2492 1265 2669 1333 pueri,
2715 1264 2850 1319 mihi
2915 1281 3165 1336 magnam
3233 1269 3514 1336 praebebas

1938 1354 2391 1413 consolationem.
2420 1356 2583 1426 Atqui
2619 1372 2721 1412 nec
2748 1357 2883 1412 illud
2938 1359 3073 1413 mihi
3105 1361 3346 1430 potueris
3376 1360 3517 1428 objiv

1936 1461 2080 1505 cere.
2105 1447 2251 1516 quod
2278 1446 2599 1503 viduitatem
2637 1448 2859 1519 quidem
2907 1449 3125 1505 fortiter
3182 1450 3511 1507 tulerimus:

1936 1538 2142 1608 patrias
2166 1546 2350 1592 autem
2407 1537 2696 1595 facultates
2749 1540 2846 1596 tibi
2886 1540 3248 1596 minuerimus
3292 1550 3516 1617 propter

1936 1629 2316 1685 necessitatem
2353 1630 2634 1686 viduitatis
2657 1650 2670 1684 :
2690 1632 2833 1702 quod
2865 1632 3084 1703 quidem
3114 1633 3228 1688 scio
3249 1633 3515 1687 accidisse

1937 1720 2144 1786 multis,
2175 1720 2267 1791 qui
2302 1722 2356 1776 in
2380 1722 2664 1776 orbitatem
2705 1722 3032 1779 inciderant.
3059 1723 3192 1777 Nam
3243 1738 3337 1777 eas
3384 1738 3516 1792 quo-

1936 1827 2043 1881 que
2079 1812 2361 1870 universas
2395 1813 2585 1883 reliqui
2616 1813 2947 1883 integras,et
2972 1830 3092 1884 qua:
3118 1814 3389 1868 debebant
3418 1829 3512 1868 ex-

1938 1902 2119 1971 pendi,
2154 1911 2211 1958 ut
2232 1906 2314 1959 vir
2334 1903 2510 1959 bonus
2538 1913 2594 1958 et
2623 1906 2828 1974 probus
2849 1906 3128 1966 evaderes,
3160 1920 3269 1958 non
3304 1904 3515 1959 cessavi

1936 2008 1998 2048 ea
2032 2008 2098 2048 ex
2139 1993 2296 2058 meis,
2326 2000 2383 2048 et
2412 2010 2549 2064 quas
2577 1995 2740 2049 domo
2775 1980 2955 2059 attuli,
3005 1995 3316 2064 expendere
3345 2009 3511 2063 pecu-

1936 2085 2064 2139 niis.
2093 2085 2204 2140 Nec
2242 2087 2522 2142 existimes
2544 2102 2632 2141 me
2658 2087 2778 2143 haec
2814 2086 2911 2141 tibi
2940 2101 3088 2141 nunc
3115 2085 3298 2141 dicere
3318 2100 3512 2155 expro-

1937 2177 2218 2252 brantemﬁ;
2252 2181 2348 2236 sed
2372 2195 2469 2250 pro
2493 2180 2558 2236 iis
2591 2179 2845 2236 omnibus
2867 2195 3029 2234 unam
3080 2195 3111 2233 a
3144 2188 3195 2233 te
3228 2188 3354 2249 peto
3397 2194 3517 2249 gra-

1939 2272 2089 2338 tiam,
2118 2288 2190 2328 ne
2224 2289 2309 2328 me
2338 2274 2393 2327 in
2427 2274 2724 2329 secundam
2775 2274 2989 2343 injicias
3030 2272 3368 2328 viduitatem.
3408 2271 3517 2327 Sed

1938 2374 2199 2434 exspecta
2222 2380 2401 2420 meum
2434 2367 2741 2422 decessum.
2772 2365 3024 2422 Fortasse
3052 2364 3198 2420 brevi
3240 2372 3363 2434 post
3382 2374 3520 2418 tem-

1939 2472 2072 2528 pore
2100 2458 2379 2514 decedam.
2411 2443 2558 2514 Nam.
2574 2474 2699 2529 spes
2729 2458 2952 2528 quidem
2993 2464 3094 2519 est,
3146 2455 3518 2511 adolescentes

1939 2567 2061 2607 esse
2086 2552 2153 2606 ad
2184 2551 2399 2623 longam
2452 2562 2714 2607 venturos
2764 2559 3126 2606 senectutem.
3175 2549 3285 2606 Nos
3336 2556 3518 2602 autem

1938 2644 2031 2715 qui
2053 2644 2462 2707 consenuimus,
2499 2643 2638 2698 nihil
2669 2643 2815 2698 aliud
2851 2657 3015 2713 quam
3061 2651 3289 2696 mortem
3315 2654 3518 2710 exspe-

1937 2745 2168 2791 ctamus.
2205 2734 2433 2802 Quando
2461 2749 2591 2789 vero
2609 2749 2697 2789 me
2733 2745 2889 2789 terrae
2926 2732 3289 2798 mandaveris,
3311 2741 3367 2787 et
3392 2746 3517 2787 cum

1939 2829 2154 2883 ossibus
2183 2828 2353 2898 patris
2400 2826 2479 2881 tui
2508 2826 2816 2891 miscueris,
2866 2826 3058 2896 longas
3098 2824 3318 2894 suscipe
3362 2838 3521 2893 pere-

1939 2921 2292 2993 grinationes,
2326 2927 2384 2974 et
2406 2934 2558 2974 mare
2591 2919 2780 2989 naviga
2829 2918 3196 2988 quodcunque
3249 2914 3516 2970 volueris:

1941 3020 2072 3068 tunc
2100 3013 2281 3067 nullus
2305 3019 2389 3067 est
2413 3012 2811 3082 prohibiturus.
2865 3009 3118 3077 Quandiu
3174 3017 3355 3064 autem
3405 3008 3519 3078 spi-

261 3108 493 3183 ἐθέλῃς·
527 3111 645 3164 τότε
672 3111 701 3164 ὁ
726 3112 986 3165 κωλύσων
1011 3112 1207 3177 οὐδείς.
1241 3114 1384 3177 Ἕως
1418 3114 1463 3168 δ’
1499 3116 1833 3184 ἂνὲμπνέω-

1943 3120 2145 3166 ramus.
2179 3106 2453 3160 sustineas
2468 3104 2751 3160 nobiscum
2795 3103 3085 3159 habitare:
3131 3117 3311 3172 neque
3347 3102 3519 3157 Deum

266 3215 391 3270 μεν,
423 3202 656 3274 ἀνάσχου
708 3205 807 3274 τὴν
840 3205 962 3273 μεθ’
1020 3207 1178 3277 ἡμῶν
1214 3207 1452 3276 οἴκησιν,
1486 3210 1621 3278 μηδὲ
1665 3198 1836 3282 προσο

258 3293 503 3365 κρούσῃς
534 3295 611 3365 τῷ
635 3295 775 3368 Θεῷ,
814 3297 991 3369 μάτην
1019 3299 1113 3351 καὶ
1141 3300 1260 3370 είκῇ
1279 3302 1390 3361 τοῖς
1408 3301 1673 3366 τοιούτοις
1693 3304 1840 3374 ἡμᾶς

262 3379 604 3450 περιϐάλλων
635 3386 831 3446 κακοῖς
876 3385 1207 3455 ἠδικηκότας
1266 3388 1440 3446 οὐδέν.
1485 3391 1545 3443 El
1581 3391 1685 3462 μὲν
1731 3393 1840 3464 γὰρ

267 3468 414 3541 ἔχεις
441 3473 713 3540 ἐγκαλεῖν,
743 3475 825 3528 ὅτι
842 3475 903 3529 σὲ
921 3479 1002 3540 είς
1030 3476 1289 3548 βιωτικὰς
1318 3482 1592 3553 περιέλκω
1619 3487 1841 3555 φροντί-

260 3561 380 3627 δας,
414 3565 509 3619 καὶ
533 3566 643 3619 τῶν
686 3568 1033 3640 πραγμάτων
1063 3572 1363 3640 ἀναγκάζω
1396 3575 1705 3647 φροντίζειν
1731 3579 1841 3634 τῶν

262 3653 439 3724 ἐμῶν,
465 3656 540 3728 μὴ
569 3659 695 3724 τοὺς
726 3659 826 3728 τῆς
855 3659 1072 3729 φύσεως
1096 3662 1321 3731 νόμους,
1373 3667 1448 3737 μὴ
1483 3667 1582 3739 τὴν
1608 3669 1843 3742 ἀνατρο-

266 3746 398 3817 φὴν,
433 3747 507 3819 μὴ
535 3749 634 3820 τὴν
657 3750 970 3822 συνήθειαν,
1033 3756 1157 3827 μηδ’
1182 3756 1311 3812 ἄλλο
1357 3761 1524 3829 μηδὲν
1549 3762 1838 3830 αἰδεσθεὶς,

263 3839 344 3905 ὡς
399 3841 719 3906 ἑπισούλους
768 3844 937 3915 φεῦγε
972 3848 1066 3901 καὶ
1107 3849 1420 3922 πολεμίους.
1458 3854 1521 3907 Εί
1567 3854 1624 3908 δὲ
1664 3857 1841 3910 πάντα

262 3931 602 4005 πράττομεν,
646 3934 788 3991 ὥστε
820 3938 1025 4010 πολλήν
1072 3957 1157 3995 σοι
1201 3945 1617 4014 παρασκευάσαι
1648 3947 1841 4018 σχολὴν

264 4026 347 4089 είς
372 4027 472 4098 τὴν
489 4028 584 4083 τοῦ
608 4028 727 4101 βίου
748 4031 940 4086 τούτου
967 4036 1214 4105 πορείαν,
1239 4038 1288 4091 εί
1317 4036 1411 4091 καὶ
1442 4039 1608 4109 μηδὲν
1628 4039 1839 4109 ἕτερον·

261 4111 420 4183 οὗτος
474 4120 606 4189 γοῦν
671 4122 953 4189 κατεχέτω
1001 4142 1061 4179 σε
1096 4125 1228 4196 παρ’
1267 4127 1423 4198 ήμῶν
1470 4127 1585 4200 lyp.
1629 4130 1784 4204 ἡμῖν]
1814 4134 1842 4187 ὁ

261 4213 484 4285 δεσμός.
507 4216 630 4271 Κᾶν
658 4218 768 4289 γὰρ
821 4218 1051 4290 μυρίους
1098 4235 1158 4271 σε
1201 4218 1367 4292 λέγῃς
1395 4220 1593 4290 φιλεῖν,
1616 4221 1727 4275 οὐδ’
1759 4216 1839 4287 εἷς

267 4304 353 4358 σοὶ
381 4305 608 4376 παρέξει
635 4309 905 4378 τοσαύτης
928 4308 1241 4364 ἀπολαῦσαι
1273 4308 1588 4380 ἐλευθερίας
1609 4329 1624 4344 ·
1651 4313 1840 4383 ἐπειδὴ

270 4397 407 4468 μηδὲ
435 4397 514 4451 ἔτι
534 4417 638 4465 τις,
670 4401 777 4472 ὅτῳ
796 4400 948 4469 μέλει
970 4401 1068 4471 τῆς
1102 4404 1201 4472 σῆς
1224 4401 1627 4472 εύδοκιμήσιως
1656 4402 1841 4472 ὲξὶσης

1942 3190 2210 3257 offendas,
2240 3206 2340 3248 nos
2372 3202 2577 3247 temere
2602 3193 2657 3246 in
2682 3200 2831 3247 tanta
2869 3192 3011 3248 mala
3057 3191 3378 3263 conjiciens,
3400 3205 3523 3261 qua:

1943 3292 1998 3338 te
2026 3284 2169 3338 nulla
2197 3284 2481 3340 aﬂ’eeimus
2518 3285 2739 3355 injuria.
2767 3283 2901 3339 Nam
2927 3285 2971 3340 si
3001 3301 3089 3340 me
3116 3284 3336 3352 quidem
3366 3295 3522 3354 potes

1941 3378 2241 3442 criminari,
2266 3378 2411 3448 quod
2436 3387 2489 3434 te
2526 3380 2746 3433 attrahe
2778 3379 2830 3433 in
2862 3379 3025 3449 hujus
3073 3380 3197 3434 vitae
3252 3378 3522 3434 sollicitu-

1943 3471 2120 3536 dines,
2152 3480 2207 3525 et
2234 3486 2370 3541 cogo
2421 3479 2473 3526 te
2523 3486 2705 3526 rerum
2765 3487 3011 3526 mearum
3059 3485 3246 3526 curam
3292 3484 3517 3538 gerere:

1942 3578 2051 3618 non
2086 3562 2230 3634 leges
2252 3571 2478 3629 naturae,
2510 3579 2621 3618 non
2647 3562 3054 3630 educationem,
3093 3578 3202 3618 non
3238 3561 3522 3616 familiari-

1944 3664 2263 3718 tatem,nec
2302 3655 2503 3724 aliquid
2562 3656 2801 3725 denique
2850 3655 2998 3710 aliud
3048 3654 3356 3720 reveritus.
3393 3653 3520 3723 fuge

1944 3756 2202 3816 tanquam
2235 3746 2419 3801 hostes
2434 3754 2490 3800 et
2524 3745 2894 3800 insidiatores.
2926 3744 2983 3799 Si
3016 3752 3198 3800 autem
3218 3744 3400 3799 omnia
3439 3743 3519 3798 fa-

1942 3838 2138 3905 cimus,
2178 3847 2237 3894 ut
2265 3854 2520 3911 magnum
2562 3838 2661 3893 tibi
2691 3853 2948 3908 paremus
2983 3838 3153 3893 otium
3213 3836 3283 3892 ad
3327 3835 3431 3891 hoc
3460 3843 3520 3891 ut

1942 3933 2049 3989 hoc
2074 3933 2200 3988 vita:
2222 3933 2326 3988 iter
2349 3932 2695 4003 ingrediaris,
2734 3931 2779 3986 si
2808 3932 2941 3986 nihil
2976 3931 3144 3996 aliud,
3181 3931 3286 3986 hoc
3324 3930 3517 3986 saltem

1946 4035 1999 4082 te
2028 4033 2276 4081 nostrum
2341 4024 2573 4081 retineat
2598 4025 2895 4079 vinculum.
2935 4023 3068 4078 Nam
3102 4023 3206 4078 etsi
3269 4023 3418 4079 dicas
3462 4031 3520 4079 te

1942 4116 2111 4172 amari
2144 4115 2212 4170 ab
2243 4113 2750 4177 innumerabilibus.
2780 4127 2942 4168 nemo
2993 4113 3093 4169 tibi
3139 4113 3419 4182 prtebebit,
3458 4120 3520 4168 ut

1944 4217 2092 4263 tanta
2113 4207 2312 4262 fruaris
2341 4207 2611 4261 libertate.
2643 4202 2815 4259 Nemo
2844 4204 2990 4260 enim
3025 4213 3127 4267 est,
3150 4205 3237 4259 cui
3265 4214 3353 4259 tua
3377 4204 3519 4259 bona

1943 4301 2269 4357 existimatio
2309 4300 2378 4355 sit
2407 4315 2559 4370 teque
2591 4282 2735 4354 curae
2764 4306 2927 4368 atque
2960 4309 3043 4354 est
3068 4298 3224 4353 mihi.
3268 4297 3399 4353 llaec
3430 4311 3520 4351 re-

1946 4393 2053 4448 fert
2086 4392 2269 4463 lingua
2292 4390 2381 4444 illa
2411 4389 2648 4460 egregia.
2683 4397 2739 4443 et
2773 4387 3230 4458 quemadmodum
3286 4385 3521 4441 Basilius

266 4489 412 4560 ὲμοί.
446 4491 631 4545 Ταῦτα
662 4495 695 4563 η
727 4492 865 4563 καλὴ
899 4493 1119 4560 διέξεισι
1154 4492 1370 4561 γλῶττα
1389 4509 1405 4525 ο
1431 4494 1526 4547 καὶ
1551 4495 1700 4558 ὅπως
1729 4493 1836 4549 Βα-

1948 4483 2167 4553 quidem
2187 4481 2558 4552 subiitjngnm
2607 4479 2950 4544 diaconatus,
3005 4493 3229 4548 sperans
3269 4477 3407 4540 fore,
3460 4482 3523 4533 ut

269 4581 468 4648 σίλειος
509 4585 614 4653 μὲν
634 4586 715 4649 είς
742 4584 834 4638 τὸν
855 4584 955 4654 τῆς
972 4584 1254 4649 διακονίας
1294 4584 1514 4655 ὑπήχθη
1539 4585 1726 4653 ζυγὸν,
1750 4585 1836 4639 καὶ

1941 4589 2066 4629 eum
2090 4572 2312 4627 haberet
2341 4570 2460 4638 ejus
2478 4570 2683 4625 ordinis
2699 4570 2905 4625 socium
2929 4586 2944 4636 ;
2974 4569 3061 4622 ille
3082 4576 3261 4622 autem
3290 4564 3521 4636 gradum

267 4672 431 4727 αὐτὸν
461 4676 716 4730 κοινωνὸν
741 4676 886 4747 ἔχειν
923 4677 1151 4741 ἐλπίσας
1182 4678 1286 4749 τῆς
1324 4677 1530 4742 τάξεως
1550 4694 1565 4708 ο
1601 4678 1629 4731 ὁ
1657 4677 1714 4730 δὲ
1747 4675 1836 4730 τὸν

1942 4664 2199 4722 dubitans
2227 4661 2524 4733 suscipere,
2562 4662 2787 4733 pulchre
2803 4676 2929 4717 eum
2979 4660 3248 4731 promisso
3268 4658 3518 4749 impellit,

267 4764 475 4836 βαθμὸν
498 4766 757 4837 ὀκνήσας,
782 4768 878 4822 καὶ
896 4768 1191 4838 ὑποσχέσει
1230 4748 1419 4822 τοῦτον
1454 4766 1836 4839 παρακρουσά-

1944 4765 2206 4825 tanquam
2252 4753 2368 4824 ipse
2416 4767 2631 4822 quoque
2664 4752 2775 4822 jam
2819 4751 3040 4806 futurus
3081 4758 3229 4806 esset
3273 4748 3521 4819 ejusdem

269 4873 454 4928 μενος,
495 4857 571 4921 ὡς
594 4859 688 4912 καὶ
716 4851 879 4924 αὐτὸς
904 4860 1118 4931 μέλλων
1142 4859 1236 4914 τοῦ
1271 4861 1390 4914 ίσου
1433 4860 1702 4930 μετέχειν,
1720 4857 1842 4912 τότε
1943 4847 2240 4918 particeps.
2270 4844 2337 4900 Et
2384 4853 2515 4900 tunc
2562 4844 2780 4914 quidem
2822 4849 3044 4900 recusat
3100 4842 3520 4909 ordinationem,

271 4948 371 5019 μὲν
382 4949 464 5015 ὲξί
470 4967 662 5006 σταται
679 4950 776 5022 τὴν
788 4954 1146 5024 χειροτονίαν.
1160 4955 1243 5008 Χα
1251 4957 1542 5025 ρισάμενος
1556 4951 1836 5025 τοιγαροῦν

1943 4946 2123 5002 victus
2149 4957 2181 4996 a
2205 4955 2304 4996 sua
2336 4939 2390 4994 in
2409 4955 2528 4994 eam
2551 4937 2860 4999 reverentia

264 5045 337 5117 τῇ
371 5046 562 5116 μητρὶ,
592 5046 688 5100 καὶ
719 5046 868 5101 ἄκων
903 5046 1003 5119 τὴν
1036 5048 1200 5121 μέχρι
1227 5047 1416 5113 τέλους
1458 5047 1717 5120 παρέχων
1762 5041 2153 5120 γηροκομίαν,.
2199 5035 2390 5105 ἐπειδὴ
2452 5033 2634 5108 ὲκείνη
2660 5033 2752 5089 τὸν
2779 5033 2891 5105 βίον
2910 5032 3170 5101 ἀπέλιπε,
3202 5029 3521 5104 παραυτίκα

269 5138 428 5208 οὗτος
449 5144 518 5198 τά
537 5145 659 5199 ὅσια
685 5143 773 5199 ἐπ’
803 5144 942 5217 αὐτῇ
972 5144 1199 5216 δράσας,
1225 5146 1326 5218 τὴν
1353 5145 1463 5199 τῶν
1492 5145 1695 5213 γονέων
1726 5145 1854 5214 ὃλην
1892 5140 2082 5197 οὐσίαν
2121 5134 2385 5208 περιττὴν
2427 5127 2618 5197 οὖσαν,
2646 5132 2807 5202 τριχῆ
2827 5132 3060 5205 διαιρεῖ·
3087 5131 3181 5186 καὶ
3205 5130 3400 5200 πρῶτα
3422 5129 3521 5200 μὲν

271 5236 523 5306 πενήτων
564 5224 773 5291 ἐνδεὶαν
803 5235 882 5308 τῷ
907 5234 1096 5308 χρυσῷ
1134 5236 1464 5307 θεραπεύει’
1520 5236 1645 5290 ὅσαι
1672 5236 1731 5290 δὲ
1758 5235 1870 5303 τῶν
1910 5229 2217 5300 ἐκκλησιῶν
2281 5227 2576 5297 ἐτύγχανον
2636 5225 3003 5292 σπανίζουσαι
3054 5223 3380 5296 κειμηλίων,
3425 5222 3517 5277 τὸν

270 5332 514 5404 ἄργυρον
543 5332 724 5397 αὐτοῖς
753 5332 1027 5404 διανέμει*
1058 5331 1169 5387 τῶν
1214 5331 1272 5387 δὲ
1304 5332 1580 5401 ἀκινήτων
1633 5331 1715 5385 ὅτι
1744 5346 1852 5402 περ
1889 5324 1981 5399 ἦν,
2010 5324 2090 5396 τῷ
2122 5320 2369 5393 δημοσίῳ
2392 5321 2575 5391 φέρων
2607 5318 2912 5391 ἀποκληροῖ
2934 5358 2951 5385 ,
3018 5321 3120 5391 τὴν
3159 5312 3523 5391 ἀπραγμοσύ-
3556 5404 3557 5407 η

274 5440 376 5493 νην
428 5422 606 5493 ἑαυτῷ
676 5422 1175 5495 περιποιούμενος,
1237 5422 1331 5476 καὶ
1371 5422 1530 5491 ὄχλον
1569 5422 1772 5485 παντὸς
1811 5417 2112 5489 φορολόγου
2169 5412 2587 5483 διαδιδράσκων.
2644 5407 2776 5467 Εἶτα
2829 5413 2923 5466 καὶ
2969 5413 3095 5475 τοὺς
3151 5413 3368 5474 οίκέτας
3422 5409 3523 5478 τῆς

272 5517 523 5581 δουλείας
548 5518 718 5582 ἀνεὶς,
748 5518 844 5572 καὶ
872 5517 974 5581 τάς
1027 5516 1165 5587 πρὸς
1204 5516 1267 5569 τὸ
1288 5513 1389 5583 ζῇν
1410 5514 1666 5586 ἀφορμὰς
1721 5513 2164 5585 παρασχόμενος,
2199 5505 2262 5561 τὸ
2324 5505 2612 5561 κάλλιστον
2673 5506 2892 5561 πάντων
2939 5502 3119 5572 ἑαυτῷ
3158 5504 3514 5573 συνετήρησε,

276 5615 341 5669 τὸ
375 5614 542 5686 μηδὲν
589 5614 754 5686 ἔχειν,
793 5614 890 5668 καὶ
954 5614 1017 5667 τὸ
1056 5612 1287 5681 λυθῆναι
1330 5613 1533 5675 παντὸς
1580 5610 1783 5682 δεσμοῦ
1845 5609 1930 5680 τῷ
1965 5608 2192 5679 παρόντι
2251 5603 2442 5676 κόσμῳ
2484 5602 2865 5669 συνάπτοντος,
2912 5601 3011 5657 καὶ
3039 5597 3175 5653 Θεδν
3228 5597 3352 5654 ἀντὶ
3383 5613 3519 5651 παν-

278 5726 391 5763 των
414 5707 735 5777 πλουτῆσαι,
770 5707 834 5761 τὸ
866 5707 1133 5779 μακάριον
1153 5707 1324 5771 ὄντως
1350 5709 1536 5776 κτῆμα
1562 5707 1656 5759 καὶ
1679 5704 2061 5775 ἀναφαίρετον.
