3828 6538
343 367 486 432 135')

1563 359 1844 424 MENSIS
1881 361 2335 426 JANUARIUS.

3449 355 3608 424 loco
3639 435 3656 446 ο

411 481 501 538 ιν.
524 482 658 538 Cum
691 481 966 552 aliquanto
999 487 1178 536 autem
1228 488 1353 550 post
1393 489 1639 550 tempore
1663 479 1749 534 vix
1785 494 1905 534 sus-

2085 481 2154 532 A'.
2186 481 2340 535 Μετὰ
2366 480 2418 535 δὲ
2459 481 2646 552 χρόνον
2712 498 2856 545 τινα,
2891 477 2991 552 τὴν
3034 477 3385 549 ἀναγνώστου
3432 479 3610 546 τάξιν

339 578 575 647 cepisset
623 574 871 630 ordinem
922 574 1161 638 lectoris,
1191 587 1296 627 non
1350 573 1518 626 libros
1555 571 1910 642 sacroslege-

339 667 814 732 batsolummodo,
873 666 968 721 sed
1021 665 1184 720 etiam
1233 664 1427 735 spiritu
1483 664 1764 733 sapientiae
1813 677 1908 718 eos

339 758 818 828 interpretabatur,
845 768 900 812 et
943 773 1132 828 magna
1167 757 1316 812 verbi
1371 757 1490 811 luce
1519 765 1573 810 et
1625 757 1769 810 bono
1795 756 1910 810 evi-

338 849 536 904 dentiae
579 850 832 904 utebatur
886 848 942 903 in
996 849 1357 918 expositione.
1409 847 1672 914 Quamvis
1725 857 1908 901 autem

339 950 486 994 tanta
511 948 656 996 esset
679 939 849 1010 gratia
907 940 1188 1009 praeditus,
1243 947 1296 993 et
1339 939 1632 993 universus
1678 939 1910 1008 populus

337 1030 600 1101 penderet
631 1029 701 1084 ab
725 1030 845 1098 ejus
871 1029 1072 1098 lingua,
1103 1043 1246 1099 :rgre
1271 1036 1450 1082 tamen
1486 1028 1668 1082 ferens
1713 1020 1911 1081 tumul-

334 1129 446 1186 tus,
478 1127 567 1191 qui
587 1124 814 1176 erantin
837 1121 1078 1185 civitate,
1105 1121 1355 1175 etvitans
1379 1119 1639 1190 quidquid
1668 1119 1800 1174 facit
1841 1118 1910 1173 ad

335 1215 776 1280 ostentationem,
801 1214 1003 1283 utquid
1027 1222 1307 1268 arceretur
1351 1228 1383 1268 a
1417 1211 1712 1273 desiderio,
1763 1211 1910 1282 quod

335 1305 404 1361 ab
427 1306 586 1360 initio
613 1305 798 1360 animo
825 1304 1192 1376 concipiebat,
1225 1305 1370 1376 quod
1401 1313 1524 1360 erat
1553 1305 1656 1360 sub
1690 1302 1802 1359 Deo
1822 1303 1909 1359 vl-

333 1406 544 1460 vere,et
571 1397 623 1452 ei
653 1397 750 1453 soli
781 1397 901 1452 ﬁeri
925 1396 1295 1461 manifestum,
1318 1397 1532 1451 tristitia
1551 1395 1905 1461 adiciebatur,

333 1491 657 1562 angebatur,
699 1489 883 1545 animo
925 1489 1142 1560 plurimi
1186 1489 1420 1544 faciebat
1459 1487 1828 1553 solitudinem,
1853 1497 1908 1544 et

335 1593 589 1654 tanquam
634 1583 746 1639 illic
792 1583 1118 1638 absconsum
1180 1581 1502 1637 inventurus
1567 1582 1906 1648 thesaurum,

333 1676 400 1730 ad
435 1691 552 1730 eam
575 1675 882 1731 festinabat.
917 1675 1052 1729 Cum
1076 1671 1182 1730 hoc
1242 1689 1372 1746 ergo
1425 1674 1610 1730 animo
1644 1680 1907 1738 versaret,

331 1777 640 1838 opportuno
671 1775 916 1836 tempore
951 1767 1264 1832 observato,
1288 1765 1490 1837 jubens
1517 1773 1708 1822 omnes
1725 1765 1908 1820 valere

333 1869 617 1931 cognatos,
690 1859 920 1924 amicos,
989 1858 1304 1924 familiares,
1399 1860 1624 1931 plausus
1697 1859 1906 1923 civiles.

331 1949 748 2016 ostentationes,
787 1949 922 2019 quin
959 1949 1122 2004 etiam
1163 1965 1374 2016 eorum,
1403 1951 1602 2020 quibus
1630 1949 1792 2006 flebat
1821 1952 1910 2006 in-

325 2038 492 2108 juria,
524 2039 877 2095 defensiones
909 2048 1004 2095 :et
1023 2055 1126 2096 nec
1150 2040 1468 2096 viduitatem
1520 2041 1708 2096 matris
1762 2041 1912 2114 ergi-

329 2139 475 2194 tans,
530 2144 633 2184 nec
679 2132 885 2186 sororis
931 2145 1116 2185 curam
1159 2140 1438 2201 reputans.
1505 2149 1625 2202 qua:
1680 2135 1910 2204 juvenili

330 2237 558 2292 corpore
584 2223 823 2278 subierat
853 2225 1042 2296 jugum
1071 2223 1416 2296 virginitatis,
1447 2242 1692 2297 opusque
1738 2227 1908 2283 liabe-

331 2315 443 2378 bat,
472 2314 592 2369 utei
631 2315 921 2386 diligenter
936 2317 1320 2386 provideretur
1348 2327 1549 2388 :atque
1575 2318 1711 2374 adeo
1735 2320 1907 2390 ipsam

329 2421 544 2478 quoque
565 2408 784 2464 domum
805 2423 994 2479 parum
1012 2425 1232 2477 curans,
1252 2410 1435 2467 relicta
1453 2410 1692 2478 civitate,
1711 2411 1910 2468 relictis

329 2499 605 2566 omnibus,
652 2510 766 2557 toto
795 2503 934 2572 pede
977 2503 1044 2558 ad
1077 2503 1240 2558 vitam
1297 2503 1531 2572 quietam
1605 2503 1908 2575 transfugit.

401 2590 610 2648 Deinde
641 2609 764 2648 cum
793 2603 940 2650 esset
963 2604 1096 2650 aetas
1127 2595 1304 2650 adhuc
1325 2593 1602 2665 juvenilis,
1635 2597 1735 2651 etsi
1766 2606 1910 2652 esset

329 2683 380 2740 ei
407 2699 606 2754 corpus
649 2695 837 2741 natura
859 2689 1000 2742 male
1057 2687 1310 2742 affectum
1344 2697 1400 2742 et
1433 2687 1906 2755 valetudinarium,

329 2790 387 2830 se
419 2777 578 2831 tradit
608 2778 982 2844 monasteriis,
1004 2779 1057 2832 in
1097 2778 1300 2848 quibus
1347 2779 1459 2834 vita
1515 2778 1776 2850 agebatur
1820 2793 1910 2834 ac-

328 2869 568 2924 curatior
596 2879 652 2923 et
675 2870 940 2939 aSperior,
967 2886 1130 2939 quam
1163 2870 1216 2924 in
1241 2869 1362 2924 aliis
1397 2886 1410 2922 :
1477 2880 1531 2924 et
1586 2885 1709 2924 cum
1739 2877 1908 2924 totam

327 2969 535 3015 vestem
561 2962 805 3016 exuisset
836 2977 960 3016 cum
985 2962 1252 3032 sapientia
1285 2964 1487 3027 carnis,
1521 2971 1612 3016 aut
1639 2970 1700 3016 ut
1727 2963 1908 3018 verius

330 3052 530 3118 dicam,
584 3053 730 3108 illam
785 3054 940 3125 prius
986 3055 1248 3119 exuisset,
1293 3055 1470 3110 induit
1525 3055 1785 3112 amictum
1841 3072 1907 3112 ex

2013 572 2474 642 καταδεξάμενος,
2529 573 2591 626 οὐ
2619 571 2777 642 μόνον
2814 572 2998 636 ἁπλῶς
3059 570 3276 642 ὑπῆρχε
3304 569 3407 634 τὰς
3439 571 3606 642 ἱεράς

2015 664 2488 732 ύπαναγινὼσκων
2520 665 2761 736 βίϐλους,
2795 665 2930 719 ἀλλὰ
2953 663 3048 719 καὶ
3089 661 3368 734 πνεύματι
3393 663 3605 733 σοφίας

2014 755 2384 826 διερμηνεύων
2443 755 2635 821 αὑτὰς,
2697 755 2788 808 καὶ
2821 756 2998 826 πολλῷ
3029 753 3108 826 τῷ
3137 755 3280 824 φωτὶ
3311 753 3408 810 τοῦ
3429 755 3605 823 λόγου

2014 847 2143 917 περὶ
2169 849 2268 919 τὴν
2285 847 2546 918 ἐξήγησιν
2575 847 2857 920 χρώμενος
2877 867 2892 881 ο
2925 847 3130 916 καίπερ
3154 847 3211 900 δὲ
3255 845 3400 906 οῦτω
3434 848 3610 917 χάρι-

2011 953 2111 1001 τας
2148 938 2308 1008 ἔχων,
2359 939 2453 992 καὶ
2487 939 2578 992 τὸν
2607 940 2736 992 λαὸν
2765 939 2980 994 ἅπαντα
3001 939 3100 1009 τῆς
3140 938 3390 1006 γλώττης
3418 939 3605 1008 dmp-

2013 1029 2272 1099 τημένον,
2306 1027 2444 1084 ἀλλὰ
2481 1030 2605 1094 τοὺς
2625 1033 2684 1084 ἐν
2723 1031 2872 1086 πόλει
2899 1032 3268 1102 δυσχεραίνων
3297 1029 3600 1103 θορύϐους,

2013 1121 2108 1172 καὶ
2145 1119 2206 1173 τὸ
2248 1120 2386 1189 πρὸς
2438 1121 2698 1186 ἐπίδειξιν
2751 1118 2900 1176 ἅπαν
2967 1123 3391 1195 περιϊστάμενος
3426 1164 3444 1190 ,
3497 1124 3604 1176 καὶ

2011 1207 2201 1282 ὥσπερ
2221 1203 2291 1282 ἧς
2333 1207 2394 1276 ἐξ
2435 1212 2610 1283 ἀρχῆς
2661 1209 2854 1266 ὤδινεν
2905 1213 3209 1284 ἐπιθυμίας
3240 1215 3598 1285 είργόμενος,

2011 1303 2133 1374 ἥτις
2161 1299 2230 1374 ἦν
2261 1303 2365 1358 ύπδ
2410 1303 2530 1375 Θεῷ
2560 1302 2690 1375 ζῇνο
2756 1305 2852 1358 καὶ⁵
2891 1304 3068 1376 τούτῳ
3119 1305 3268 1377 μόνῳ
3296 1305 3600 1375 καταφανῆ

2011 1395 2256 1465 γίνεσθαι
2302 1396 2590 1468 ἤσχαλλεν,
2648 1394 2959 1468 ἐδυσφόρει,
3016 1395 3115 1468 τὴν
3143 1397 3380 1469 ἐρημίαν
3403 1391 3604 1468 ἡγεῖτο

2011 1485 2108 1540 τοῦ
2138 1485 2338 1550 παντὸς
2363 1482 2542 1552 ύιξίαν⁸
2575 1485 2669 1540 καὶ¹
2697 1482 2887 1558 ῶσπερ
2921 1487 3038 1541 ἐκεῖ
3077 1487 3450 1564 κεκρυμμένῳ
3480 1487 3602 1540 τινὶ

2015 1577 2224 1650 μέλλων
2267 1581 2582 1650 περιτυχεῖν
2611 1578 2892 1650 Θησαυρῷ,
2928 1579 3064 1650 πρὸς
3093 1581 3267 1651 αὐτὴν
3297 1580 3593 1646 ἔσπευδεν,

2011 1665 2188 1732 οὕτως
2232 1671 2326 1724 ἐπὶ
2365 1668 2491 1725 νοῦν
2521 1667 2680 1742 ἔχων,
2709 1673 2800 1725 τὸν
2829 1672 3137 1745 ἐπιτήδειον
3179 1671 3426 1742 φυλάξας
3463 1689 3600 1726 καιο

2015 1761 2130 1832 ρδν,
2161 1763 2292 1816 πᾶσι
2328 1760 2540 1834 χαίρειν
2583 1759 2976 1835 φθεγξάμενος,
3007 1765 3251 1830 οίκείοις,
3273 1763 3596 1834 συγγενέσι.

2017 1853 2214 1924 φίλοις,
2248 1854 2464 1926 κρότοις
2525 1854 2844 1922 πολιτικοῖς,
2878 1854 3196 1922 ἐπιδείξεσι,
3237 1855 3376 1931 πρὸς
3404 1855 3467 1909 δέ
3495 1855 3599 1908 καὶ

2010 1945 2090 2018 τῷ
2125 1948 2241 2010 τοῖς
2270 1945 2642 2020 ἀδικουμένοις
2678 1949 3024 2019 συνηγορεῖν,
3065 1948 3159 2002 καὶ
3195 1948 3336 2018 μήτε
3379 1947 3599 2020 μητρὸς
3630 2002 3638 2008 .

2007 2037 2238 2110 χηρείαν
2271 2040 2354 2104 είς
2429 2038 2554 2092 νοῦν
2609 2039 2815 2105 λαϐὼν,
2881 2040 3021 2112 μήτε
3089 2037 3196 2112 μὴν
3247 2041 3596 2110 προστασίαν

2009 2130 2248 2201 ἀδελφῆς
2306 2129 2773 2204 ὑπολογισάμενος
2828 2131 2958 2196 νέας
3016 2131 3100 2186 ἐτι
3147 2127 3345 2204 κομιδῇ
3383 2149 3596 2203 τυγχα-

2008 2221 2230 2294 νούσης,
2260 2222 2353 2277 τδν
2396 2223 2498 2300 τῆς
2535 2223 2836 2296 παρθενίας
2860 2238 2921 2278 τε
2953 2224 3119 2293 ζυγὸν
3155 2223 3592 2296 ἀναδεξαμένης,

2008 2315 2105 2370 καὶ
2175 2315 2398 2386 πολλῆς,
2426 2314 2503 2380 ῶς
2525 2315 2695 2382 είκδς,
2755 2315 3018 2390 προνοίας
3073 2315 3328 2382 ἐπιδεοῦς
3389 2315 3590 2386 οὔσης,

2013 2407 2215 2478 μᾶλλον
2235 2404 2292 2462 δὲ
2318 2406 2414 2462 καὶ
2442 2407 2610 2462 αὐτοῦ
2645 2407 2797 2462 οίκου
2827 2409 2926 2479 τὴν
2963 2407 3286 2480 ἐπιμέλειαν
3318 2410 3402 2474 είς
3432 2409 3592 2464 οὐδὲν

2008 2498 2254 2570 θέμενος,
2311 2497 2594 2553 ἀπολιπὼν
2643 2497 2742 2572 τὴν
2789 2497 2966 2567 πόλιν,
3004 2499 3142 2571 πρὸς
3197 2499 3290 2554 τὸν
3357 2499 3592 2572 ἡσύχιον

2010 2589 2325 2660 αὐτομολεῖ.
2359 2583 2494 2644 Elea
2523 2589 2627 2660 τῆς
2678 2590 2896 2663 ἡλικίας
2924 2590 3007 2646 ἔτι
3025 2591 3226 2664 νεαρᾶς
3248 2589 3436 2664 οῦσης,
3467 2590 3592 2644 καί-

2009 2698 2095 2734 τοι
2121 2679 2280 2750 φύσει
2310 2679 2405 2734 τοῦ
2429 2680 2678 2752 σώματος
2714 2670 2968 2753 πονήρως
3008 2679 3103 2734 καὶ
3136 2681 3375 2754 νοσερῶς
3436 2679 3592 2752 έχον-

2008 2789 2121 2838 τος,
2159 2774 2270 2836 τοῖς
2296 2771 2680 2846 μοναστηρίοις
2702 2774 2818 2836 τοῖς
2856 2773 3056 2844 μᾶλλον
3093 2773 3198 2828 τῶν
3220 2772 3398 2828 ἄλλων
3421 2775 3590 2846 ἀκρι-

2009 2861 2162 2926 ϐείας
2197 2861 2625 2934 ἐπειλημμένοις
2650 2863 2840 2918 ἑαυτὸν
2869 2863 3072 2932 δίδωσι,
3124 2865 3218 2918 καὶ
3249 2865 3351 2936 τὴν
3376 2863 3587 2936 ἐσθῆτα

2008 2957 2190 3009 πᾶσαν
2233 2954 2438 3019 ἀποδὺς
2501 2954 2640 3026 μετά
2665 2972 2728 3026 γε
2759 2955 2854 3010 τοῦ
2896 2957 3162 3029 σαρκικοῦ
3209 2959 3585 3028 φρονήματος,

2006 3045 2468 3118 ἢτάληθέστερον
2525 3048 2724 3110 εἰπεῖν.
2783 3048 2962 3102 ἐκεῖνο
3007 3049 3348 3120 προαποδὺς,
3399 3049 3471 3103 τὰ
3514 3050 3580 3104 ἐκ

327 3143 456 3214 pilis
479 3154 814 3210 contextum,
845 3161 1042 3216 corpus
1093 3147 1269 3202 adhuc
1323 3146 1584 3220 afﬂigens,
1627 3157 1683 3203 et
1741 3148 1905 3208 veluti

2011 3141 2269 3212 τριχίνων
2315 3141 2612 3214 ὑφάσματα
2670 3143 3080 3212 περιϐάλλεται,
3141 3141 3360 3216 τρύχων
3403 3144 3488 3198 ἐτι
3523 3142 3589 3198 τὸ

329 3237 620 3306 quamdam
642 3237 845 3292 nubem
874 3246 1183 3305 attenuans,
1209 3249 1264 3294 et
1291 3238 1481 3294 lumini
1507 3239 1707 3294 mentis
1763 3255 1904 3310 pra:-

329 3327 468 3383 hens
483 3327 810 3384 libertatem.
843 3328 1142 3386 Maximum
1175 3340 1358 3384 autem
1392 3330 1630 3400 ponebat
1660 3329 1904 3386 studium

331 3421 388 3476 in
418 3421 662 3492 legendis
721 3422 872 3478 libris
916 3423 1224 3478 divinarum
1281 3424 1707 3496 Scripturarum.
1747 3423 1902 3492 Quod

331 3512 555 3582 quidem
582 3513 814 3570 faciebat
842 3524 952 3570 tam
969 3515 1256 3587 diligenter
1277 3525 1339 3570 ut
1385 3515 1495 3571 vim
1543 3531 1756 3582 eorum,
1784 3532 1906 3586 qua:

331 3603 388 3658 in
410 3603 492 3660 eis
514 3605 722 3672 insunt,
776 3606 1136 3662 nihilominus
1171 3608 1226 3662 in
1283 3617 1468 3663 mente
1521 3607 1901 3679 imprimeret:

332 3695 530 3751 deinde
575 3711 740 3752 manu
765 3698 981 3768 pmpria
1009 3707 1066 3754 et
1087 3699 1273 3754 labore
1287 3699 1575 3770 digitorum
1614 3715 1708 3757 eas
1735 3700 1905 3757 inter-

327 3795 662 3856 pretaretur,
687 3795 746 3840 ut
779 3787 982 3844 dictum
1017 3798 1136 3844 est:
1201 3798 1411 3860 etquae
1464 3799 1594 3845 sunt
1648 3797 1902 3863 compre-

333 3877 508 3934 hensu
534 3879 789 3944 difﬁcilia,
818 3889 1002 3950 aperta
1059 3881 1314 3938 redderet
1337 3884 1628 3938 studiosis:
1661 3895 1716 3940 et
1741 3901 1904 3954 quam

335 3971 662 4028 sententiam
691 3971 805 4040 ipse
833 3972 1126 4043 collegerat
1144 3988 1266 4028 cum
1284 3973 1489 4038 labore;
1519 3975 1786 4044 prxeberet
1813 3976 1900 4042 iis,

333 4060 428 4130 qui
462 4061 737 4124 volebant,
757 4061 1130 4130 accipiendam
1155 4062 1293 4118 citra
1343 4063 1512 4120 ullum
1559 4064 1824 4122 laborem.
1847 4065 1905 4122 Si

333 4165 466 4220 ergo
489 4152 724 4221 propriis
782 4152 1062 4208 laboribus
1101 4169 1298 4224 panem
1332 4156 1596 4226 praebere,
1651 4157 1904 4214 conciliat

333 4238 672 4304 mercedem,
695 4241 998 4298 esurientes
1028 4243 1240 4300 animas
1263 4245 1342 4300 sic
1369 4247 1660 4316 exsatiare,
1687 4257 1904 4319 quanta:

335 4330 679 4388 fueritcausa
714 4335 1172 4392 remunerationis
1190 4337 1216 4391 ἲ
1235 4335 1326 4392 Sic
1351 4352 1481 4408 ergo
1506 4339 1718 4395 divinas
1751 4341 1902 4397 Scri-

334 4431 525 4494 pturas
560 4424 949 4496 interpretans,
973 4428 1169 4486 deinde
1222 4430 1384 4486 etiam
1412 4447 1506 4487 eas
1548 4441 1777 4488 exornat
1814 4450 1900 4500 eo,

2013 3233 2192 3304 σῶμα,
2234 3234 2328 3288 καὶ⁵
2364 3231 2474 3288 οίόν
2505 3249 2559 3289 τι
2599 3235 2756 3305 νέφος
2786 3234 3197 3302 ἁπολεπτύνων,
3254 3235 3352 3288 καὶ
3381 3235 3462 3306 τῷ
3489 3234 3586 3290 τοῦ

2005 3323 2099 3378 νοῦ
2157 3325 2296 3395 φωτὶ
2358 3325 2617 3396 παρέχων
2685 3325 3022 3398 ἐλευθερίαν.
3067 3324 3272 3396 Ἔργον
3321 3325 3380 3380 δέ
3433 3323 3586 3398 αὐτῷ

2007 3416 2448 3484 σπουδαιότατον,
2497 3418 2606 3472 τῶν
2655 3417 2815 3473 θείων
2843 3418 3076 3492 Γραφῶν
3111 3419 3328 3474 ἐπιέναι
3363 3419 3464 3484 τὰς
3497 3418 3584 3490 βί-

2005 3509 2164 3574 ϐλους
2229 3508 2402 3576 οὕτως
2464 3509 2740 3583 ἐμμελῶς,
2766 3512 2844 3575 ὠς
2875 3513 3030 3568 οὐδὲν
3065 3507 3230 3588 ἧττον
3280 3515 3584 3586 ἐγγράφειν

2003 3604 2071 3673 τῇ
2099 3601 2308 3675 διανοίᾳ
2347 3603 2456 3656 τῶν
2496 3604 2836 3674 ἐγκειμένων
2861 3605 2961 3677 τὴν
2991 3606 3242 3678 δύναμιν,
3273 3609 3367 3662 καὶ
3400 3609 3582 3680 οἰκείᾳ

2005 3696 2150 3768 χειρὶ
2175 3695 2272 3749 καὶ
2330 3697 2560 3768 καμάτῳ
2625 3696 2908 3752 δακτύλων
2974 3699 3356 3774 διερμηνεύειν
3386 3702 3580 3766 αὑτάς,

2004 3791 2195 3864 ὥσπερ
2235 3792 2472 3864 εἴρηται,
2507 3792 2601 3846 καὶ
2629 3796 2774 3866 σαφῆ
2813 3793 2883 3848 τά
2913 3793 3200 3868 δύσληπτα
3229 3795 3441 3852 τιθέναι
3471 3799 3582 3861 τοῖς

2007 3884 2331 3955 φιλολόγοις,
2356 3887 2416 3940 ὃν
2445 3901 2503 3940 τε
2529 3887 2693 3952 αὐτὸς
2719 3889 2866 3962 πόνῳ
2921 3888 3175 3956 συνέλεξε
3205 3890 3352 3957 νοῦν,
3392 3891 3580 3946 τοῦτον

2005 3975 2222 4040 ἀπόνως
2279 3975 2550 4048 θηρᾶσθαι
2613 3979 2877 4050 παρέχειν
2915 3982 3028 4044 τοῖς
3097 3979 3470 4052 βουλομένοις.
3517 3982 3577 4034 Εἰ

2004 4067 2098 4122 οῦν
2125 4068 2207 4134 τὸ,
2245 4069 2429 4134 πόνοις
2453 4070 2678 4135 οἰκείοις
2713 4069 2876 4142 ἄρτον
2907 4071 3130 4140 διδόναι,
3160 4072 3354 4145 μισθοῦ
3388 4072 3581 4142 πρόξε⁹

2005 4176 2115 4222 νον,
2161 4160 2222 4212 τδ
2251 4159 2430 4231 ψυχὰς
2483 4160 2628 4216 οῦτω
2679 4161 2931 4234 τρέφειν,
2991 4164 3168 4235 πόσης
3225 4166 3344 4220 ἐστὶ
3407 4165 3575 4238 δήπου

2005 4249 2296 4319 παραίτιον
2352 4249 2814 4319 μισθαποδοσίας;
2873 4253 3044 4326 ταύτῃ
3103 4254 3236 4326 γοῦν
3276 4257 3374 4320 τάς
3433 4257 3576 4320 θείας

2005 4340 2380 4414 διερμηνεύων
2435 4343 2682 4415 Γραφὰς,
2739 4345 2944 4418 καὶτῷ
2997 4347 3175 4418 ἠθικῷ
3238 4348 3400 4403 πάλιν
3456 4350 3576 4404 ἐπι-

2007 4434 2235 4500 κοσμεῖ·
2271 4431 2346 4496 ὡς
2383 4431 2444 4485 τὸ
2475 4433 2572 4503 μὲν
2628 4430 2769 4487 εἶναι
2812 4434 2948 4506 πρὸς
2998 4435 3278 4506 φωτισμὸν
3315 4435 3574 4500 διανοίας.

333 4517 476 4586 quod
501 4517 569 4572 ad
602 4533 782 4574 mores
815 4521 1053 4590 pertinet
1079 4537 1094 4576 :
1155 4531 1215 4578 ut
1255 4523 1384 4580 illud
1415 4525 1634 4596 quidem
1662 4539 1806 4582 esset
1836 4529 1902 4583 ad

2008 4522 2068 4578 τὺ
2100 4523 2157 4578 δὲ
2188 4523 2323 4594 πρὸς
2347 4523 2496 4595 ἠθῶν
2529 4525 2870 4598 ἐπιμέλειαν.
2904 4527 2974 4580 Ἢ
3009 4527 3209 4598 μᾶλλον
3237 4527 3382 4582 οὕτω
3412 4530 3572 4582 ποιεί·

333 4612 533 4668 nientis
563 4613 1034 4682 illum‘nationem,
1072 4615 1176 4670 boc
1200 4625 1377 4673 autem
1401 4619 1466 4672 ad
1481 4633 1692 4673 morum
1721 4636 1904 4675 curam

331 4704 663 4775 gerendam:
697 4715 810 4774 aut,
863 4707 907 4760 si
949 4707 1142 4772 mavis,
1193 4709 1288 4770 illo
1346 4709 1564 4779 quidem
1615 4710 1908 4768 illustraret

332 4796 508 4852 solum
542 4797 760 4853 divitias
785 4799 1028 4869 spiritus,
1059 4817 1179 4870 qua:
1221 4802 1408 4873 jacent
1461 4802 1516 4855 in
1579 4802 1850 4872 profundo
1887 4821 1900 4858 :

333 4888 438 4942 hoc
466 4901 596 4942 vero
620 4891 782 4944 etiam
819 4900 1008 4960 aperte
1041 4892 1355 4960 deduceret,
1397 4901 1456 4948 ut
1474 4893 1596 4963 ejus
1649 4909 1898 4950 essemus

332 4979 644 5050 participes.
687 4982 745 5036 ln
779 4982 880 5039 hae
905 4992 1051 5055 grata
1104 4987 1288 5056 quiete
1347 4986 1628 5042 etsilentio
1679 5001 1902 5058 compo-

332 5081 538 5127 nuntur
559 5073 628 5128 ab
665 5090 731 5130 eo
751 5075 873 5131 libri
903 5077 972 5134 de
991 5079 1296 5135 sacerdotio
1327 5094 1340 5131 :
1372 5079 1430 5134 in
1471 5079 1670 5149 quibus
1699 5089 1902 5150 quanta

331 5163 552 5236 quidem
577 5165 650 5220 sit
676 5166 915 5238 dignitas
940 5169 1250 5236 sacerdotii,
1285 5170 1498 5241 qualem
1544 5179 1724 5226 autem
1783 5185 1904 5226 esse

329 5263 580 5325 oporteat
603 5269 752 5320 eum,
772 5259 864 5328 qui
887 5257 992 5314 hoc
1012 5269 1096 5315 est
1125 5263 1398 5334 dignatus,
1443 5248 1694 5328 accurate
1716 5271 1903 5318 osten-

329 5348 430 5406 dit.
465 5347 618 5407 Tunc
646 5351 808 5406 etiam
823 5353 1012 5410 scribit
1027 5356 1326 5412 orationem
1358 5357 1425 5410 ad
1450 5357 1740 5426 quamdam
1780 5355 1904 5410 illu-

331 5451 498 5498 strem
524 5441 831 5505 mulierem,
863 5460 984 5514 quae
1043 5448 1204 5517 paulo
1231 5455 1356 5503 ante
1418 5447 1633 5504 viderat
1681 5455 1897 5502 noctem

327 5535 630 5602 viduitatis,
670 5543 726 5590 et
744 5551 941 5607 magno
979 5539 1127 5596 luctu
1169 5542 1516 5612 gravabatur,
1563 5555 1682 5596 eam
1709 5539 1900 5595 leniter

327 5639 606 5690 recreans,
639 5633 694 5680 et
767 5627 1065 5684 ostendens
1105 5629 1425 5686 viduitatem
1476 5645 1590 5685 non
1614 5643 1736 5684 esse
1785 5643 1897 5682 rem

326 5716 490 5773 vilem
513 5724 570 5772 et
590 5716 854 5787 abiectam
879 5737 893 5774 :
929 5721 1025 5776 sed
1053 5735 1301 5794 magnam
1323 5732 1378 5778 et
1394 5721 1760 5777 venerandam
1778 5733 1898 5775 esse

325 5805 445 5878 ejus
473 5805 813 5876 dignitatem,
849 5825 1078 5881 eamque
1116 5811 1326 5883 magnis
1356 5811 1610 5868 laudibus
1651 5823 1772 5867 csse
1807 5808 1898 5864 di-

2004 4617 2084 4688 τῷ
2114 4617 2212 4688 μὲν
2237 4617 2549 4686 διαφωτίζει
2585 4619 2746 4688 μόνον
2775 4619 2868 4674 τὸν
2907 4622 3294 4692 κεκρυμμένον
3349 4620 3575 4676 πλοῦτον

2005 4708 2100 4763 τοῦ
2144 4709 2481 4780 πνεύματος,
2526 4710 2603 4780 τῷ
2637 4709 2714 4774 δὲ,
2746 4711 2896 4774 ὅπως
2920 4711 2986 4765 ἂν
3036 4713 3132 4765 καὶ
3194 4712 3568 4784 μετάσχωμεν,

2007 4801 2193 4869 σαφῶς
2256 4800 2586 4857 ἐκδιδάσκει.
2635 4801 2724 4856 Ἐν
2790 4802 2964 4876 ταύτῃ
3005 4805 3072 4875 τῇ
3129 4803 3412 4876 φιλησύχῳ
3465 4805 3572 4858 δια-

2006 4895 2186 4961 γωγῇ,
2235 4893 2330 4946 καὶ
2359 4893 2408 4946 οἱ
2435 4893 2564 4964 περὶ
2591 4893 2690 4963 τῆς
2744 4894 3044 4966 ἱερωσύνης
3074 4895 3224 4965 αύτῷ
3257 4897 3572 4951 συντάττον-

2003 5000 2093 5036 ται
2127 4983 2296 5052 λόγοι·
2330 4984 2388 5037 ἐν
2409 4980 2492 5047 οἷς
2521 4983 2644 5037 ὅσον
2675 4977 2776 5055 μὲν
2797 4984 2858 5038 τὸ
2879 4986 2976 5056 τῆς
3004 4986 3303 5057 ἱερωσύνης
3337 4987 3567 5060 ἀξίωμα,

2003 5077 2184 5128 ὁποῖον
2207 5075 2264 5130 δέ
2291 5074 2373 5130 δεῖ
2393 5072 2532 5130 εἶναι
2565 5077 2658 5130 τδν
2691 5077 3010 5150 ἱερωμένον,
3047 5078 3290 5148 ἀκριϐῶς
3312 5079 3568 5134 δείκνυσι.

2003 5165 2136 5220 Τότε
2166 5168 2263 5220 καὶ
2293 5167 2427 5237 πρός
2457 5183 2578 5220 τινα
2615 5167 2726 5220 τῶν
2773 5168 3088 5238 περιφανῶν
3121 5171 3402 5238 γυναικῶν
3420 5171 3569 5239 λόγον

2005 5260 2332 5328 συγγράφει,
2369 5257 2494 5328 ἄρτι
2529 5260 2756 5330 χηρείας
2793 5259 3010 5313 ἰδοῦσαν
3042 5259 3238 5327 νύκτα,
3269 5261 3365 5315 καὶ
3397 5261 3569 5332 πολλῷ

2001 5349 2079 5420 τῷ
2107 5351 2292 5404 πένθει
2335 5351 2542 5423 ταύτης
2573 5351 2972 5424 βαρυνομένην,
3004 5351 3224 5423 ὁμαλῶς
3251 5354 3570 5425 ἀνακτώμεο

2003 5459 2092 5506 νος
2129 5443 2225 5496 καὶ
2273 5443 2514 5507 δεικνὺς,
2549 5445 2632 5498 ὅτι
2663 5443 2738 5517 μὴ
2765 5445 2908 5500 πάνυ
2943 5443 3131 5512 ἄδοξον
3169 5449 3262 5500 καὶ
3315 5450 3567 5503 ταπεινὸν

2002 5533 2036 5604 ἠ
2087 5534 2300 5604 χηρεία,
2365 5535 2501 5586 ἀλλὰ
2553 5536 2646 5588 καὶ
2685 5537 2832 5606 μέγα
2884 5547 2981 5590 και
3039 5538 3240 5609 σεμνὸν
3302 5540 3472 5610 αὐτῆς
3512 5541 3566 5595 τὸ

1999 5625 2239 5696 ἀξίωμα,
2308 5625 2405 5679 καὶ
2443 5626 2654 5680 πολλῶν
2711 5627 2957 5692 ἀξιοῦται
2985 5629 3095 5685 τῶν
3128 5632 3420 5702 ἐγκωμίων
3449 5633 3483 5702 ἦ
3505 5648 3563 5700 γε

1999 5717 2097 5790 τὴν
2143 5720 2449 5789 συνείδησιν
2509 5720 2798 5791 φυλάξασα
2829 5721 2908 5792 τῷ
2939 5727 3328 5797 κατοιχομένῳ,
3359 5726 3452 5780 καί
3493 5725 3561 5796 μὴ

1999 5807 2276 5879 δευτέροις
2316 5809 2512 5882 γάμοις
2560 5811 2758 5884 ἑαυτήν
2781 5827 2840 5865 τε
2863 5811 3056 5884 ἄτιμον
3111 5816 3286 5883 θεῖσα,
3339 5816 3433 5870 καὶ
3467 5815 3557 5888 τῆς
