3828 6482
267 319 403 385 1061

1250 322 1437 383 'VITA
1478 324 1536 382 S.
1581 317 1900 382 JOANNIS
1947 318 2503 379 CIIRYSOSTOMI.

3379 314 3523 381 1002

267 435 405 504 πρὸς
455 432 546 486 τὸν
598 430 766 502 ἀνδρα
808 430 1046 501 στοργῆς
1072 428 1558 503 καταψευσαμένη.
1582 429 1717 487 Εἶτα
1748 431 1844 485 καὶ

1959 434 2128 502 gnam,
2154 448 2276 503 qua:
2305 447 2459 486 suam
2495 431 2550 485 in
2583 430 2903 487 defunctum
2928 431 3194 503 integram
3224 447 3520 492 conserva-

266 524 400 595 περὶ
440 521 737 592 παρθενίας
768 520 941 584 ἄλλως
966 521 1249 575 συν-τάττει
1284 521 1507 591 βιϐλίον,
1538 520 1828 575 θεσπέσιόν

258 635 322 670 ’τι
348 617 407 670 τὸ
436 615 631 678 κάλλος
684 614 857 684 αὐτῆς
915 614 1009 668 καὶ
1053 614 1291 686 ἄρρητον
1352 614 1443 666 τὸν
1472 612 1676 684 κόσμον
1706 614 1843 666 ἀπο-

266 707 549 761 δεικνύων.
628 706 736 758 Καὶ
797 704 1101 777 Σταγειρίῳ
1153 705 1208 758 δὲ
1274 704 1466 774 λόγους
1532 704 1840 774 συγγράφει

268 801 411 870 φίλῳ
443 799 541 869 μὲν
606 797 761 869 ἀνδρὶ
800 798 892 851 καὶ
928 798 1169 869 συνήθει,
1232 798 1448 868 κατόχῳ
1480 797 1535 850 δέ
1565 796 1841 865 γενομένῳ

270 888 495 959 πονηρῷ
560 886 851 957 πνεύματι.
904 889 977 941 Τὸ
1019 888 1075 940 δέ
1147 886 1352 955 βιϐλίον
1402 885 1676 957 πρόφασιν
1742 884 1842 955 μὲν

271 982 480 1033 ἐκεῖνον
525 978 814 1049 λαμϐάνει,
837 982 1005 1049 χωρεῖ
1030 979 1085 1032 δέ
1131 980 1219 1033 διὰ
1266 979 1445 1048 πάσης
1505 976 1841 1045 φιλοσοφίας·

270 1072 364 1124 καὶ
392 1071 509 1137 ἔστι
541 1071 722 1123 κοινὸν
765 1069 1116 1141 εὐχαριστίας
1149 1070 1243 1124 καὶ
1283 1070 1559 1140 ὑπομονῆς
1590 1067 1844 1121 διδασκά-

268 1166 406 1232 λιον,
426 1166 717 1226 τοσαύταις
747 1164 1072 1235 πιθανότησι
1100 1164 1194 1218 καὶ
1223 1164 1493 1233 ἀνάγκαις
1527 1165 1845 1234 ῥητορικοῖς

273 1256 807 1329 συγκεκροτημένον,
831 1258 864 1326 ἢ
900 1257 1102 1327 μᾶλλον
1133 1256 1307 1321 θείαις
1355 1258 1532 1309 εἰπεῖν
1560 1255 1654 1308 καὶ
1685 1271 1846 1308 πνευ-

277 1350 534 1419 ματικαῖς
562 1350 823 1419 ςχάρισιν,
856 1348 931 1413 ὠς
960 1348 1091 1402 αὐτὸ
1123 1348 1205 1414 τὸ,
1252 1348 1466 1418 δαίμονι
1498 1349 1841 1418 περιπεσεῖν,

275 1441 485 1495 πείθειν
518 1441 799 1512 ἀγαπητὸν
830 1441 1102 1512 ἡγεῖσθαι,
1133 1441 1227 1495 καὶ
1254 1440 1520 1511 ὠφελείας
1581 1439 1845 1511 μεγίστης

258 1532 554 1589 ·’ὗπόθεσιν.
583 1534 659 1587 Ού
716 1533 823 1604 μὴν
873 1533 1010 1587 ἀλλὰ
1071 1535 1164 1588 καὶ
1212 1535 1340 1605 περὶ
1378 1532 1724 1597 κατανύξεως
1753 1530 1846 1585 δύο

157 1694 163 1698 ἢ
257 1625 393 1679 Ἴτότε
422 1625 570 1696 αύτῷ
603 1626 979 1681 συντέθεινται
1027 1627 1212 1695 λόγοι·
1255 1621 1330 1681 ὧν
1365 1628 1393 1681 ὁ
1428 1627 1527 1697 μὲν
1562 1626 1644 1690 είς
1665 1612 1846 1696 Δημήὲ

270 1718 661 1789 τριον,“ἐτερος
689 1717 746 1771 δέ
776 1719 854 1781 είς
911 1716 1189 1790 Στελέχιον
1249 1718 1691 1789 ἐπιγέγραπται,
1764 1716 1845 1779 είς

1949 521 2029 574 vit
2056 521 2473 585 conscientiam,
2508 535 2568 574 se
2615 521 2871 575 secundis
2903 521 3113 592 nuptiis
3146 538 3255 577 non
3286 522 3521 578 reddidit

1948 612 2227 677 infamem,
2260 624 2320 667 ut
2344 629 2464 682 quae
2492 613 2927 668 benevolentiam
2954 614 3179 669 mentita
3198 614 3268 670 sit
3286 615 3340 670 in
3360 616 3521 671 mari-

1904 742 1930 753 ..
1953 712 2087 758 tum.
2111 702 2318 758 Deinde
2354 703 2517 758 etiam
2542 703 2610 758 de
2649 702 2963 773 virginitate
3012 703 3205 759 scribit
3243 705 3408 759 alium
3456 705 3524 759 li-

1951 795 2395 860 brum,divinam
2446 796 2566 865 ejus
2595 794 2895 850 ostendens
2955 794 3418 865 pulchritudinem
3468 804 3523 851 et

1952 874 2205 957 magnum
2224 889 2342 959 ejus
2368 896 2770 954 ornamentum,
2807 886 3041 958 Stagirio
3074 904 3292 960 quoque
3333 888 3525 944 scribit

1950 979 2205 1050 pulchras
2228 980 2502 1033 orationes
2526 988 2581 1034 et
2610 979 2765 1033 valde
2782 979 3091 1049 praeclaras.
3114 982 3217 1036 llic
3240 981 3323 1036 vir
3339 980 3523 1035 ei-atei

1952 1070 2109 1125 valde
2151 1070 2434 1125 familiaris
2465 1089 2479 1125 :
2510 1070 2686 1125 fuerat
2710 1079 2890 1125 autem
2921 1086 3253 1141 possessusa
3288 1072 3524 1142 maligno

1952 1161 2222 1227 daemone,
2260 1162 2440 1232 qualia
2482 1171 2611 1216 sunt
2655 1161 2748 1216 Dei
2785 1162 3191 1232 judicia.Liber
3218 1176 3347 1220 vero
3379 1163 3525 1217 illam

1951 1254 2168 1325 quidem
2203 1253 2400 1323 accipit
2427 1253 2700 1308 scribendi
2743 1254 3085 1309 occasionem
3116 1272 3130 1309 :
3176 1258 3275 1325 per
3301 1255 3526 1309 univer-

1953 1361 2069 1400 sam
2102 1352 2285 1401 autem
2334 1343 2582 1414 procedit
2628 1343 3079 1414 philosophiam:
3143 1359 3269 1399 eum
3324 1344 3528 1400 dixeris

1951 1455 2076 1496 esse
2096 1454 2385 1494 commune
2408 1439 2795 1494 documentum
2835 1438 3055 1494 virtutis
3097 1439 3235 1509 grati
3259 1438 3424 1497 animi
3470 1446 3527 1495 et

1952 1531 2272 1594 tolerantia),
2291 1541 2351 1587 ut
2372 1531 2465 1601 qui
2497 1532 2834 1601 compositus
2882 1532 2954 1586 sit
3001 1542 3149 1587 tanta
3200 1533 3256 1587 in
3294 1531 3526 1590 dicendo

1953 1622 2356 1693 probabilitate,
2390 1630 2502 1676 tam
2530 1623 2825 1693 multisque
2864 1624 3194 1680 necessariis
3224 1625 3526 1680 Rhetorum

1920 1716 1927 1719 ⁷
1955 1716 2311 1787 argumentis,
2340 1722 2452 1780 aut,
2488 1724 2545 1769 ut
2570 1716 2766 1770 melius
2815 1717 3014 1782 dicam,
3059 1716 3258 1772 divinis
3280 1725 3336 1771 et
3368 1716 3531 1785 spiri-

258 1811 500 1881 Ἐσχατον
564 1811 851 1884 ἀκριϐείας
877 1810 969 1864 τὸν
1010 1812 1299 1883 φιλάρετον
1342 1811 1723 1875 ἐκπονοῦντες,
1751 1810 1847 1864 καὶ

1959 1805 2153 1860 talibus
2174 1805 2382 1878 gratiis,
2408 1806 2548 1861 adeo
2571 1815 2632 1861 ut
2661 1807 2765 1863 hoc
2795 1808 2974 1878 ipsum
3002 1809 3147 1879 quod
3194 1808 3446 1864 inciderit
3474 1809 3530 1863 in

258 1900 445 1955 ’δεινόν
510 1900 712 1973 μύωπα
756 1906 1106 1968 κατανύξεως
1138 1906 1258 1967 ταῖς
1299 1902 1571 1972 φιλοθέοις
1609 1902 1847 1966 ἐνιέντες

270 1993 492 2066 ίίιυκαῖςο
535 1994 699 2048 Ἀλλὰ
742 1994 971 2060 τούτους
997 1995 1118 2065 μὲν,
1157 1995 1299 2049 ὥστε
1329 1996 1404 2067 μὴ
1437 1996 1679 2061 πίπτειν,
1743 2013 1849 2067 μη-

273 2088 330 2141 δὲ
381 2089 500 2152 ταῖς
526 2087 638 2141 ’τοῦ
697 2090 938 2161 πονηροῦ
995 2089 1215 2161 τέχναις
1272 2089 1549 2159 ἁλώσιμον
1600 2089 1848 2160 γίνεσθαι

275 2179 366 2232 τὸν
414 2180 659 2249 φιλόθεον
696 2199 709 2213 ’
770 2181 959 2254 ἕτερον
981 2181 1039 2237 δὲ
1065 2182 1354 2237 συντάττει
1412 2184 1549 2257 πρὸς
1603 2183 1695 2237 τὸν
1746 2184 1847 2256 ἤδη

276 2272 512 2327 πεσόντα
550 2313 565 2338 ,
638 2269 736 2347 εἶτ’
791 2268 885 2329 οὖν
964 2274 1244 2347 πληγέντα
1309 2274 1455 2347 βέλει
1510 2274 1612 2346 τῆς
1670 2274 1850 2346 ἀμαρ-

275 2365 395 2430 τίας
438 2365 733 2443 (Θεόδωρος
762 2366 935 2439 ὄνομα
964 2368 1042 2441 τῷ
1068 2367 1333 2439 πεσόντι),
1379 2367 1520 2422 ὥστε
1572 2366 1648 2438 μὴ
1684 2385 1852 2421 κατα-

277 2458 486 2521 πεσεῖν,
522 2457 645 2530 μηδ’
673 2458 984 2527 ἀπογνῶναι
1006 2458 1104 2526 τὴν
1135 2458 1429 2530 σωτηρίαν.
1458 2460 1622 2511 οίονει
1659 2458 1851 2525 φιλάν-

272 2547 494 2620 θρωπον
529 2548 679 2618 αὐτῷ
730 2553 890 2622 χεῖρα
928 2550 1022 2605 τὸν
1053 2551 1211 2621 λόγον
1240 2550 1559 2621 προτείνων,
1617 2550 1710 2602 καὶ
1739 2549 1852 2602 κεί-

276 2658 441 2711 μενον
476 2640 735 2707 ἀνιστὰς,
795 2642 890 2695 καί
939 2643 1015 2713 μὴ
1078 2641 1381 2712 συγχωρῶν
1441 2643 1719 2710 ἐπιμεῖναι
1772 2640 1849 2711 τῷ

274 2731 551 2804 πτώματι.
585 2732 726 2786 Ἀλλ’
769 2732 912 2787 οὓτω
959 2733 1057 2803 μὲν
1090 2733 1177 2786 διὰ
1206 2733 1315 2786 τῶν
1367 2731 1545 2801 λόγων
1578 2733 1849 2796 ἐδίδασκε,

280 2825 415 2878 πολὺ
445 2824 506 2879 τὺ
535 2824 812 2896 ὠφέλιμον
847 2824 985 2895 μετά
1031 2823 1124 2877 τοῦ
1156 2824 1314 2895 ἡδέος
1366 2826 1599 2894 ἐχόντων
1623 2838 1637 2852 ’
1675 2824 1854 2894 πολλῷ

279 2917 335 2970 δέ
369 2917 569 2988 μᾶλλον
602 2919 697 2972 καὶ
729 2919 827 2987 τὴν
849 2917 957 2973 ἀπὸ
988 2918 1096 2972 τῶν
1118 2917 1297 2987 ἔργων
1324 2916 1571 2987 προσῆγε
1595 2916 1851 2971 διδασκα-

278 3012 421 3073 λίαν,
461 3011 601 3082 εὗχῇο
631 3012 727 3082 μὲν
750 3011 1161 3081 προσκείμενος.
1231 3011 1325 3064 καὶ
1387 3012 1587 3081 ἀρετὴν
1634 3011 1855 3065 ἃπασαν

282 3102 508 3175 μετιὼν,
543 3101 733 3172 ὥσπερ
764 3103 1072 3173 ἀρχέτυπον
1124 3104 1235 3164 τοῖς
1263 3100 1446 3164 ἀλλοις
1500 3100 1638 3171 πρὸς
1684 3100 1852 3171 αὐτὴν
1883 3135 1926 3194 C

284 3191 494 3262 μέλλων
526 3189 768 3251 ἔσεσθαι,
821 3188 1331 3261 ταπεινοφροσύνης
1362 3187 1418 3242 δέ
1456 3187 1629 3251 οὓτως
1659 3191 1855 3259 ἐπιμε-

278 3283 528 3355 λόμενος,
576 3280 762 3352 ὥσπερ
791 3282 848 3333 ἐν
874 3280 1050 3352 τούτῳ
1078 3282 1139 3334 τὸ
1174 3282 1443 3352 πρωτεῖον
1473 3279 1619 3350 ἔχειν
1653 3280 1853 3333 ἐθέλων

280 3374 480 3444 τρόπον
511 3373 720 3445 ἕτερον,
751 3374 809 3424 ἐν
835 3372 910 3441 τῷ
936 3373 1138 3443 μηδένα
1167 3370 1360 3425 ἐαυτοῦ
1387 3371 1590 3425 τιθέναι
1636 3374 1763 3443 περὶ
1798 3371 1857 3424 τὸ

283 3467 499 3531 εύτελές
538 3466 811 3534 δεύτερον.
853 3464 1149 3517 ’Δπέταττε
1204 3465 1261 3518 δὲ
1316 3465 1411 3518 καὶ
1462 3463 1625 3535 μέρος
1657 3483 1710 3518 τι
1757 3465 1857 3536 τῆς

283 3558 496 3631 ἡμέρας
517 3555 693 3629 ἐαυτῷ
709 3557 839 3628 πρὸς
866 3557 1153 3626 ἐπίσκεψιν
1178 3557 1287 3611 τῶν
1303 3555 1622 3622 νοσούντων,
1647 3557 1857 3611 οἴκοθεν

287 3654 387 3723 μὲν
404 3650 630 3714 ἐκείνοις
656 3650 831 3704 πάντα
855 3649 1133 3723 παρέχων,
1162 3649 1261 3702 ὅσα
1279 3648 1532 3719 δύναμις,
1559 3650 1652 3702 καὶ
1682 3647 1857 3713 οὕτως

286 3746 484 3807 αὐτοὺς
506 3742 846 3797 ἀνακτᾶσθαι
884 3741 1201 3806 σπουδάζων
1221 3758 1236 3773 ·
1275 3741 1509 3813 μάλιστα
1538 3742 1594 3794 δέ
1629 3742 1724 3795 καὶ
1750 3746 1852 3810 τὴν

285 3837 397 3892 ἀπὸ
451 3837 561 3889 τῶν
610 3835 787 3906 λόγων
817 3834 1144 3907 προσφέρων
1168 3832 1542 3904 παραμυθίαν,
1568 3834 1664 3886 καὶ
1695 3836 1859 3888 παντὶ

287 3930 477 3998 τρόπῳ
529 3928 744 3990 δεικνὺς
774 3930 834 3979 τὸ
861 3924 1264 3996 φιλάνθρωπον.
1299 3925 1363 3977 Τί
1392 3923 1449 3977 δέ
1477 3942 1490 3986 ;
1526 3942 1857 3997 μετριοφροο

288 4021 454 4094 σύνης
516 4020 615 4090 μὲν
665 4019 838 4073 οὐδενὶ
868 4019 928 4072 τὸ
974 4017 1133 4071 πλέον
1159 4017 1363 4083 ἐδίδου,
1422 4017 1647 4086 ἀγνοίας
1697 4016 1774 4081 δὲ,
1825 4017 1857 4087 ἢ

290 4113 641 4185 ἐγκρατείας,
674 4110 900 4187 ἥᾶλλης
947 4109 1053 4163 τῶν
1107 4110 1319 4179 ἀρετῶν
1374 4109 1563 4173 ὁποίας
1585 4149 1600 4175 ,
1638 4108 1788 4162 ἔστιν
1818 4103 1861 4177 ᾧ

288 4206 398 4259 τῶν
414 4203 666 4257 ἁπάντων
692 4200 783 4253 τοῦ
803 4198 1043 4259 πλείονος
1071 4195 1400 4263 ὑπεξίστατο
1420 4212 1435 4264 ;
1453 4197 1547 4250 καὶ
1575 4196 1659 4259 τίς
1689 4196 1861 4260 οὕτως

292 4296 397 4361 ἔξω
446 4290 717 4364 θεσμῶνῆ
750 4287 982 4362 φρενῶν,
1007 4289 1082 4350 ὼς
1108 4287 1399 4341 συνθέσθαι
1431 4286 1510 4357 τῷ
1537 4286 1818 4356 λεγομένῳ
1844 4303 1859 4352 ;

293 4389 434 4459 πλὴν
473 4386 587 4441 ἀλλ’
645 4383 787 4438 οὕτω
830 4380 927 4452 μὲν
960 4378 1130 4449 ἀρετὴ
1162 4378 1309 4432 πᾶσα
1345 4377 1421 4447 τῷ
1452 4378 1608 4449 ἀνδρὶ
1645 4377 1861 4445 κατώρ-

1949 1899 2274 1963 daemonem,
2305 1898 2711 1954 existimaretur
2763 1916 2875 1956 non
2930 1916 3053 1957 esse
3102 1901 3527 1957 abominandum

1950 2005 2051 2046 nec
2076 1990 2462 2056 aversandum,
2494 1998 2556 2045 ut
2602 1991 2749 2061 quod
2796 1991 2964 2047 fuerit
3000 2002 3381 2064 argumentum
3417 2007 3532 2047 ma-

1949 2080 2108 2134 ximae
2132 2079 2403 2134 utilitatis.
2430 2079 2585 2135 Tunc
2606 2080 2770 2135 etiam
2790 2082 3075 2151 compositi
3095 2089 3223 2137 sunt
3250 2082 3319 2136 ab
3335 2095 3402 2137 eo
3418 2081 3527 2136 duo

1950 2172 2073 2228 libri
2096 2173 2638 2242 de‘compunctione:
2671 2188 2903 2243 quorum
2963 2188 3105 2227 unus
3169 2172 3386 2242 quidem
3426 2172 3529 2228 fuit

1952 2266 2248 2335 inscriptus
2264 2264 2333 2318 ad
2349 2263 2704 2330 Demetrium,
2721 2264 2857 2319 alter
2875 2272 3057 2318 autem
3075 2263 3140 2319 ad
3161 2263 3492 2321 Stelechium
3516 2282 3529 2318 :

1953 2372 2101 2423 eum,
2133 2357 2226 2426 qui
2253 2364 2338 2411 est
2365 2355 2641 2411 studiosus
2670 2356 2911 2419 virtutis.
2957 2357 3365 2412 accuratissime
3413 2356 3529 2411 ela-

1954 2450 2233 2514 borantes,
2258 2458 2315 2505 et
2370 2463 2553 2503 acrem
2615 2448 2895 2504 stimulum
2949 2448 3389 2519 compunctionis
3431 2449 3536 2518 piis

1955 2541 2312 2596 immittentes
2340 2540 2560 2595 animis.
2577 2539 2683 2594 Sed
2719 2541 2820 2596 bos
2844 2540 3063 2610 quidem
3089 2540 3310 2611 scripsit
3337 2540 3529 2602 libros,

1955 2650 2025 2688 ne
2064 2633 2323 2687 caderent
2348 2632 2447 2696 illi,
2475 2632 2541 2687 ad
2573 2647 2710 2701 quos
2738 2632 2925 2702 scripti
2958 2632 3194 2695 fuerant,
3218 2647 3396 2702 neque
3425 2648 3538 2687 ma-

1954 2723 2085 2794 ligni
2118 2723 2327 2792 laqueis
2359 2722 2479 2791 pius
2509 2721 2901 2791 implicaretur,
2928 2722 3025 2776 sed
3086 2730 3257 2777 staret
3309 2722 3538 2776 ﬁrmiter

1955 2818 2009 2871 in
2034 2818 2184 2871 bono‘
2221 2815 2530 2885 proﬁciens.
2578 2815 2756 2868 Alium
2817 2825 2999 2868 autem
3054 2813 3243 2869 scribit
3284 2815 3353 2869 ad
3386 2830 3535 2881 eum,

1955 2906 2069 2976 qui,
2104 2906 2239 2974 proh
2269 2904 2441 2970 dolor,
2473 2904 2584 2974 jam
2619 2913 2739 2958 erat
2768 2900 2957 2973 lapsus
2973 2918 3068 2957 seu
3093 2919 3386 2977 percussus
3429 2905 3537 2958 telo

1959 2998 2168 3069 peccati
2195 2996 2284 3070 (ei
2310 3012 2457 3058 vero,
2491 2997 2583 3067 qui
2610 2996 2796 3065 lapsus
2825 3005 2963 3056 erat,
2999 3010 3198 3049 nomen
3232 2994 3336 3049 fuit
3363 2995 3540 3049 Theo-

1958 3089 2182 3160 dorus),
2226 3096 2285 3143 ut
2310 3072 2423 3143 non
2446 3088 2779 3153 concideret,
2814 3100 2994 3155 neque
3026 3086 3343 3155 desperaret
3387 3086 3537 3140 salu-

1959 3190 2089 3247 tem,
2115 3194 2370 3252 tauquam
2402 3180 2691 3251 benignam
2750 3194 2973 3233 manum
3007 3178 3057 3233 ei
3087 3177 3369 3251 porrigens
3418 3194 3542 3233 ora—

1959 3270 2185 3335 tionem,
2209 3280 2263 3325 et
2287 3271 2565 3339 jacentem
2590 3269 2828 3339 erigens,
2846 3266 2908 3324 et
2933 3283 3042 3323 non
3101 3269 3431 3334 concedens,
3481 3279 3540 3323 ut

1958 3364 2182 3418 omnino
2218 3371 2569 3433 permaneret
2624 3363 2680 3415 in
2712 3372 2953 3432 peccato.
3017 3360 3124 3416 Sed
3187 3361 3265 3417 sic
3319 3361 3538 3432 quidem

1959 3467 2076 3514 erat
2095 3459 2213 3530 ejus
2236 3473 2331 3528 per
2352 3458 2518 3510 libros
2537 3456 2809 3519 doctrina,
2833 3471 2955 3510 cum
2985 3454 3261 3524 voluptate
3290 3470 3540 3525 magnam

1960 3553 2169 3608 habens
2212 3551 2523 3607 utilitatem.
2578 3549 2748 3602 Multo
2797 3559 2981 3603 autem
3032 3547 3204 3617 magis
3256 3562 3322 3601 ex
3383 3547 3543 3602 factis

1959 3647 2207 3703 adhibuit
2235 3644 2560 3705 doctrinam,
2590 3650 2651 3696 ut
2688 3641 2782 3710 qui
2815 3648 3080 3710 perpetuo
3107 3638 3329 3711 quidem
3372 3654 3536 3693 vaca-

1960 3746 2045 3794 ret
2070 3736 2324 3800 orationi,
2358 3744 2414 3789 et
2438 3747 2657 3788 omnem
2685 3740 2970 3787 exerceret
3015 3728 3296 3789 virtutem.
3327 3727 3394 3782 ad
3423 3742 3540 3781 eam

1962 3832 2182 3886 futurus
2212 3828 2331 3882 aliis
2359 3837 2615 3896 tanquam
2647 3823 2948 3893 exemplar.
2998 3818 3375 3876 Humilitatem
3410 3832 3542 3872 vero

1963 3926 2035 3980 ita
2065 3930 2185 3979 erat
2209 3919 2512 3989 amplexus,
2549 3926 2805 3986 tanquam
2836 3915 2891 3969 in
2923 3930 2986 3969 ea
3016 3914 3123 3969 alio
3176 3912 3336 3966 modo
3383 3908 3545 3964 vellet

1961 4017 2165 4087 primas
2198 4020 2379 4084 partes
2410 4010 2662 4065 obtinere
2704 4008 2759 4061 in
2796 4022 2883 4073 eo,
2925 4006 3071 4076 quod
3103 4004 3238 4058 nulli
3270 4001 3359 4058 alii
3386 4000 3547 4056 cede-

1963 4118 2046 4164 ret
2072 4116 2376 4162 extremum
2422 4104 2686 4158 omnium.
2745 4099 2961 4155 Partem
3011 4111 3226 4168 quoque
3278 4093 3385 4148 diei
3442 4093 3545 4148 sibi

1964 4200 2256 4272 deputabat
2300 4199 2366 4252 ad
2424 4197 2681 4251 visendos
2726 4200 2977 4264 aegrotos,
3030 4205 3061 4244 e
3126 4190 3288 4242 domo
3327 4184 3544 4255 quidem

1963 4292 2147 4347 omnia
2182 4290 2287 4343 illis
2320 4288 2570 4357 praebens
2599 4300 2694 4357 pro
2714 4285 2942 4349 viri-bus,
2963 4280 3195 4335 maxime
3216 4286 3397 4331 autem
3415 4289 3547 4328 con-

1966 4382 2283 4437 solationem
2319 4378 2398 4432 eis
2420 4378 2659 4431 aﬂerens
2683 4374 2933 4430 oratione
2962 4379 3018 4425 et
3056 4369 3313 4424 omnibus
3368 4363 3548 4420 modis

295 4454 435 4535 θωτο
487 4481 733 4549 κρεῖττον
772 4475 806 4544 ἦ
834 4473 977 4527 κατά
1035 4471 1268 4543 μίμησιν
1302 4486 1314 4499 ·
1366 4469 1536 4523 ταῦτα
1562 4469 1617 4522 δέ
1651 4471 1742 4523 καὶ
1787 4470 1854 4532 ὼς

1967 4474 2047 4528 eis
2072 4470 2365 4526 ostendens
2390 4468 2805 4538 benignitatem.
2839 4463 2981 4529 Quid
3003 4470 3184 4515 autem
3216 4459 3240 4512 ?
3286 4454 3548 4512 Modestia

295 4575 549 4643 ἐξαίρετα
585 4570 757 4638 τούτῳ
775 4568 1022 4637 νέμουσι,
1054 4563 1117 4616 τὸ
1149 4564 1284 4634 μήτε
1331 4562 1493 4616 αὑτὸν
1517 4561 1862 4632 ὀμωμοκέναι

301 4668 438 4738 μετά
467 4663 527 4716 τὸ
550 4661 852 4729 ἀποστῆναι
900 4659 1129 4725 κόσμου,
1207 4650 1336 4723 μήθ’
1382 4652 1555 4722 ἑτέρῳ
1583 4652 1672 4705 τὸν
1706 4654 1868 4721 ὅρκον

298 4757 622 4826 ἐπαγαγεῖν,
650 4753 710 4806 τὸ
740 4750 815 4821 μὴ
872 4749 1125 4818 κατερεῖν
1166 4761 1333 4811 τινος,
1355 4744 1416 4796 τὸ
1448 4743 1522 4813 μὴ
1542 4742 1868 4812 ψεύσασθαι,

297 4853 360 4905 τὸ
398 4850 471 4921 μὴ
497 4841 874 4916 ἐπαράσασθαι
933 4839 1146 4910 μηδενὶ,
1177 4836 1239 4890 τὸ
1270 4838 1459 4891 ἀστεῖα
1521 4837 1656 4905 μήτε
1710 4835 1872 4888 αὐτὸν

303 4939 659 5013 φθέγξασθαι,
715 4936 853 5007 μήτε
882 4931 1044 4986 ἄλλου
1066 4929 1318 4998 λέγοντος
1346 4927 1698 4997 ἀνασχέσθαι.
1735 4928 1873 4980 Φασὶ

301 5039 357 5091 δὲ
377 5034 543 5090 αὐτὸν
571 5033 663 5086 καὶ
695 5027 790 5082 τοῦ
825 5026 994 5079 ὕπνου
1028 5023 1167 5076 κατά
1207 5021 1298 5074 τὸν
1333 5021 1522 5091 καιρὸν
1552 5020 1648 5090 τῆς
1682 5020 1871 5090 χρείας

304 5128 447 5181 οὕτω
473 5124 781 5194 τυγχάνειν.
817 5120 1033 5190 Σχοῖνος
1063 5113 1283 5169 καθεῖτο
1314 5112 1519 5167 ἄνωθεν
1550 5112 1657 5164 τῶν
1687 5110 1872 5180 ἄκρων

304 5219 648 5290 ἐκδεδεμένη,
689 5212 774 5283 ἐφ’
911 5211 1008 5272 τάς
1058 5204 1119 5261 τε
1148 5210 1333 5279 χεῖρας
1370 5206 1464 5260 καὶ
1514 5203 1613 5276 τὴν
1663 5205 1876 5275 ὑπήνην

305 5311 602 5383 ἐπερείδων
645 5307 828 5371 αὐτὸς,
866 5302 1125 5376 βραχείας
1168 5301 1312 5362 τινὸς
1364 5300 1458 5352 καὶ
1515 5300 1576 5351 οὗ
1628 5295 1874 5367 βεϐαίας,

290 5386 420 5461 Δἀλλ’
466 5398 577 5455 οἷον
625 5399 741 5473 [γρ.
775 5396 887 5468 οἵα]
922 5394 1376 5466 παρεψευσμένης
1420 5394 1520 5463 τῆς
1562 5390 1878 5461 καταφορᾶς

312 5516 377 5569 με
386 5494 738 5566 τελάμὸανεν.

1966 4565 2205 4635 quidem,
2240 4572 2299 4616 ut
2328 4561 2589 4619 diximus,
2619 4559 2846 4612 cedebat
2882 4553 3090 4609 nemini
3127 4567 3141 4605 :
3198 4550 3253 4603 in
3300 4547 3550 4602 castitate

1968 4671 2099 4710 vero
2121 4662 2216 4713 aut
2259 4651 2604 4706 continentia
2636 4658 2730 4703 aut
2754 4648 2856 4701 alia
2905 4645 3110 4698 virtute
3140 4651 3223 4695 est
3258 4655 3323 4694 ex
3366 4636 3549 4693 omni-

1969 4748 2073 4803 bus
2095 4730 2313 4815 altquis,
2339 4742 2435 4798 cui'
2451 4743 2671 4798 cederet
2691 4740 2713 4793 ?
2737 4738 2801 4792 Et
2821 4736 2944 4807 quis
2980 4725 3130 4788 illum
3159 4732 3242 4786 vel
3270 4731 3405 4785 adeo
3440 4744 3550 4784 non

1972 4839 2144 4902 novit,
2175 4836 2256 4891 vel
2297 4833 2473 4889 nescit
2517 4846 2638 4886 esse
2689 4845 2872 4893 verax,
2934 4835 2990 4881 ut
3028 4827 3076 4880 ei
3129 4823 3285 4894 quod
3330 4822 3548 4888 dicitur,

1975 4931 2312 4986 asseutiatur
2332 4928 2465 4999 (6)?
2521 4925 2628 4979 Sed
2678 4925 2755 4978 sic
2800 4924 3018 4991 quidem
3092 4918 3180 4973 ille
3212 4932 3272 4972 se
3326 4915 3552 4987 pulchre

1975 5027 2141 5094 gessit
2175 5022 2230 5076 in
2277 5019 2424 5076 omni
2450 5020 2666 5088 virtute,
2698 5015 2892 5072 melius
2923 5027 3086 5082 quam
3137 5022 3196 5065 ιιι
3256 5025 3383 5066 eum
3428 5006 3552 5078 quis

1976 5125 2162 5186 posset
2192 5114 2413 5169 imitari.
2448 5113 2619 5168 Porro
2678 5120 2860 5164 autem
2898 5108 3015 5163 lucc
3071 5120 3286 5176 quoque
3338 5103 3412 5157 illi
3458 5101 3555 5157 tri-

1975 5207 2150 5261 buunt
2185 5215 2439 5275 tanquam
2489 5204 2706 5264 eximia,
2732 5203 2875 5272 quod
2933 5214 3110 5269 neque
3160 5198 3278 5268 ipse
3316 5210 3553 5265 unquam

1975 5298 2262 5369 juraverit,
2288 5307 2573 5367 postquam
2603 5294 2813 5365 aufugit
2842 5310 2871 5347 a
2928 5292 3132 5347 mundo
3165 5306 3179 5343 :
3244 5302 3420 5358 neque
3460 5287 3553 5341 ulli

1974 5389 2356 5460 jusjurandum
2406 5386 2684 5452 detulerit,
2735 5385 2871 5440 nulli
2914 5382 3233 5445 detraxerit,
3277 5392 3552 5446 nunquam

1980 5482 2052 5536 sit
2078 5480 2363 5543 mentitus,
2397 5479 2528 5532 nulli
2554 5479 2625 5534 sit
2659 5479 2796 5533 male
2824 5466 3102 5548 precatus.
3120 5473 3294 5527 faceta
3309 5486 3373 5525 ac
3401 5486 3555 5522 scur-

310 5560 430 5646 rilia
469 5560 647 5659 neque
670 5586 789 5657 ipse
819 5584 889 5642 sit
917 5583 1151 5645 locutus,
1190 5593 1371 5647 neque
1437 5578 1601 5633 alium
1646 5577 1918 5633 dicentem
1959 5572 2303 5630 sustinuerit.
2380 5572 2573 5629 Dicunt
2615 5579 2794 5628 autem
2847 5571 3023 5642 ipsum
3097 5578 3312 5637 quoque
3356 5560 3559 5616 medio-

388 5745 463 5816 (6)
504 5746 579 5800 al.
605 5742 765 5811 Quod
797 5740 1013 5808 dicitur,
1038 5746 1097 5794 ut
1126 5741 1172 5796 ei
1199 5752 1306 5794 non
1338 5742 1448 5793 ass.
1774 5708 1789 5743 ‘
