3828 6536
297 344 438 408 1063

1529 347 1803 409 MENSIS
1847 345 2308 416 JANUARIUS.
2380 399 2386 405 .

3409 354 3555 420 1064

292 480 443 523 orem
466 478 718 521 somnum
749 463 1213 535 sumpsisse,cum
1250 472 1397 520 esset
1422 478 1563 534 opus
1596 483 1611 520 :
1667 466 1747 522 sic
1790 474 1976 522 autem
2041 469 2345 540 sumpsisse
2379 485 2393 524 :
2454 468 2608 525 funis
2640 484 2709 525 ex
2757 470 2869 527 alto
2927 468 3338 540 demittebatur,
3361 472 3557 547 alliga-

293 560 812 615 tusextremiszcui
834 567 889 614 et
914 559 1169 615 manibus
1224 568 1281 615 et
1307 559 1474 615 barba
1536 561 1653 630 ipse
1689 561 1957 628 innitens,
1996 564 2285 630 quemdam
2319 564 2615 632 modicum,
2666 582 2844 637 neque
2908 566 3087 638 ipsum
3150 568 3388 635 ﬁrmum,
3457 571 3557 626 sed

293 652 623 707 imbecillum
658 660 713 706 et
734 652 1055 707 ementitum
1087 654 1359 708 somnium
1384 655 1657 725 gustabat.

364 744 431 801 V.
463 747 598 801 Cum
618 746 696 801 sic
712 748 877 802 vitam
918 757 1123 817 ageret,
1155 749 1308 805 valde
1357 751 1576 821 quidem
1626 749 1879 806 studebat

2055 743 2135 802 E'.
2165 743 2322 799 Οῦτω
2355 747 2595 815 μετιόντι
2617 746 2706 800 τὸν
2738 747 2853 819 βίον
2882 748 3067 803 λαθεῖν
3093 750 3192 820 μὲν
3226 750 3378 822 αῦτῷ
3435 753 3555 807 δια-

292 836 482 903 latere,
508 846 563 892 et
593 838 865 893 neminem
888 838 1108 905 habere,
1136 840 1228 911 qui
1278 849 1423 896 esset
1450 841 1567 911 ejus
1596 843 1869 897 conscius.

295 928 438 983 Nulli
471 929 615 984 enim
649 946 860 996 eorum,
894 932 987 1002 qui
1015 933 1150 987 mala
1191 933 1453 1000 fecerant,
1511 947 1569 989 ut
1622 934 1700 989 illi
1743 951 1874 990 om-

295 1022 427 1076 nino
457 1037 601 1077 curae.
625 1023 725 1078 fuit
748 1025 935 1080 latere.
965 1024 1076 1081 Hoc
1110 1036 1291 1081 autem
1317 1036 1435 1082 erat
1455 1026 1698 1093 difficile,
1746 1044 1873 1083 cum

297 1126 354 1169 et
394 1115 567 1170 virtus
596 1118 675 1172 sic
710 1132 768 1171 se
803 1118 1001 1173 habeat
1027 1128 1243 1184 natura,
1274 1128 1333 1173 ut
1361 1135 1507 1182 eum,
1551 1121 1642 1189 qui
1701 1121 1873 1191 ipsam

297 1216 539 1269 exercet,
570 1208 741 1263 sulcat
775 1208 956 1263 facere
1012 1210 1397 1265 manifestum:
1441 1221 1495 1265 ct
1540 1212 1679 1266 lleus
1737 1227 1874 1282 prse-

299 1305 446 1353 terea
487 1299 899 1354 velitcnltorem
922 1316 1079 1356 suum
1111 1302 1433 1373 glorificare.
1486 1302 1675 1372 Itaque
1725 1303 1873 1357 illum

299 1404 516 1459 quoque
539 1392 619 1445 sic
651 1392 704 1446 in
738 1394 1026 1462 praesentia
1059 1396 1249 1463 aperit.
1300 1393 1395 1448 Vir
1427 1394 1643 1461 quidam
1673 1410 1875 1466 genere

303 1481 492 1554 Syrus,
529 1484 751 1539 nomine
772 1482 1090 1556 Hesychius,
1122 1494 1281 1540 aetate
1324 1487 1543 1557 quidem
1593 1487 1703 1555 jam
1748 1502 1874 1558 pro-

300 1580 515 1637 vectus,
546 1583 791 1643 tempore
825 1584 1009 1631 autem
1051 1575 1166 1630 fere
1218 1592 1436 1646 quoque
1476 1578 1741 1647 aequalem
1775 1578 1875 1632 ha-

300 1663 463 1718 bebat
488 1665 931 1721 exercitationem
966 1685 979 1721 :
1018 1667 1107 1736 qui
1136 1668 1249 1737 ipse
1280 1683 1499 1738 quoque
1556 1679 1675 1723 erat
1732 1684 1875 1725 unus

302 1769 368 1809 ex
401 1755 526 1815 illis,
557 1756 649 1825 qui
676 1757 729 1810 in
760 1772 915 1823 sacro
942 1758 1032 1810 illo
1053 1760 1447 1814 exercebantur
1492 1760 1824 1815 monasterio
1860 1777 1873 1815 :

303 1848 462 1916 cujus
486 1847 726 1918 vestigiis
758 1848 1012 1905 insistere
1058 1851 1308 1919 cupiebat
1334 1867 1560 1922 magnus
1585 1852 1675 1907 ille
1708 1852 1877 1908 Joan-

302 1952 424 2001 nes,
449 1939 577 1993 dum
605 1940 847 1995 nendum
869 1950 1016 1995 esset
1035 1942 1234 1996 virtute
1261 1958 1527 1998 summus.
1565 1943 1623 1997 Ei
1658 1952 1878 1999 noctur-

302 2042 408 2083 nas
450 2044 639 2099 preces
670 2032 776 2086 Deo
806 2031 1060 2086 offerenti
1090 2042 1315 2103 apparet
1346 2035 1600 2105 quiddam
1631 2037 1875 2092 divinum

302 2130 359 2177 et
417 2121 635 2187 fortius,
687 2139 848 2191 quam
910 2134 969 2178 ut
1032 2125 1085 2179 id
1130 2126 1329 2181 intueri
1381 2128 1603 2182 humani
1656 2140 1878 2199 possent
1909 2107 1950 2160 Β

302 2214 633 2284 oculi,quod
656 2225 713 2270 et
740 2226 956 2271 veretur
1004 2218 1186 2287 lingua
1222 2219 1276 2273 in
1311 2220 1552 2275 medium
1586 2222 1875 2288 adducere,

304 2307 524 2376 etquod
556 2316 640 2362 est
686 2308 870 2363 auditu
937 2311 1184 2379 inprimis
1213 2311 1490 2367 horribile.
1517 2313 1622 2368 Sed
1679 2326 1757 2370 est
1786 2315 1881 2368 ad-

306 2397 578 2453 hibendus
600 2400 837 2454 animus.
871 2401 1083 2455 Etenim
1114 2418 1221 2457 non
1270 2404 1450 2458 minus
1498 2417 1665 2471 metu,
1718 2422 1876 2477 quam

303 2491 585 2560 voluptate
645 2494 937 2548 mixta°est
991 2496 1250 2551 narratio.
1289 2494 1403 2549 Viri
1457 2498 1675 2566 quidam
1728 2508 1879 2553 veste

306 2577 545 2643 candidi,
569 2590 791 2649 aspectu
823 2583 1115 2648 terribiles,
1147 2599 1177 2639 e
1209 2586 1348 2641 cmlo
1367 2586 1585 2655 quidem
1617 2586 1719 2641 visi
1751 2595 1880 2642 sunt

306 2667 374 2723 ad
407 2682 531 2723 eum
551 2670 883 2726 descendere
915 2691 928 2727 :
958 2672 1154 2727 Joanni
1181 2691 1311 2730 vero
1356 2676 1537 2747 lingua
1572 2694 1759 2742 aureo,
1785 2679 1879 2749 qui

306 2759 427 2827 ipse
453 2775 671 2831 quoque
710 2774 877 2817 noctu
943 2766 1283 2834 precabatur,
1324 2769 1506 2824 venire
1540 2770 1594 2824 in
1644 2786 1878 2842 conspe-

304 2857 477 2906 ctum.
508 2850 619 2907 Visi
647 2863 775 2908 sunt
796 2868 1000 2921 autem,
1025 2875 1167 2913 unus
1200 2860 1417 2929 quidem
1462 2861 1684 2926 librum,
1742 2864 1880 2918 alter

304 2950 487 2998 autem
509 2944 688 3001 claves
736 2947 935 3003 habere
974 2950 1334 3005 inmanibus.
1385 2953 1586 3009 Deinde
1643 2955 1879 3012 Joannes

304 3050 445 3091 nova
470 3036 558 3092 illa
592 3053 780 3094 eorum
818 3040 989 3107 forma
1047 3042 1479 3112 obstupefactus.
1533 3047 1726 3102 timore
1782 3047 1881 3102 fuit

305 3139 614 3197 correptus.
639 3139 696 3185 et
721 3146 781 3185 se
808 3131 969 3187 simul
991 3134 1138 3187 humi
1170 3133 1384 3204 dejecit.
1410 3135 1488 3190 llli
1530 3146 1709 3193 autem
1753 3153 1878 3193 eum

310 3233 475 3272 manu
502 3221 995 3290 apprehendentes,
1029 3225 1245 3294 erigunt
1275 3235 1331 3280 et
1367 3236 1511 3282 metu
1558 3229 1794 3294 solvunt,
1824 3239 1881 3286 et

306 3308 502 3378 iubent
528 3326 652 3366 eum
688 3328 809 3369 esse
836 3315 981 3371 bono
1010 3319 1212 3374 animo.
1263 3319 1399 3376 Cum
1454 3337 1582 3376 vero
1636 3336 1880 3397 rogasset

311 3415 537 3473 magnus
574 3401 834 3471 Joannes,
896 3408 1120 3478 quinam
1178 3422 1383 3477 essent,
1438 3414 1528 3483 qui
1577 3429 1698 3469 cum
1744 3416 1879 3471 tanti

308 3503 512 3556 essent.
546 3497 613 3551 ad
641 3512 764 3555 eum
793 3500 1046 3556 venirent
1077 3520 1092 3556 :
1121 3504 1217 3559 sed
1249 3520 1316 3560 ne
1353 3506 1566 3572 timeas,
1604 3507 1681 3561 illi
1717 3507 1882 3563 dixe-

310 3595 460 3640 runt.
489 3586 598 3643 Nos
617 3589 763 3643 enim
791 3591 1043 3647 venimus
1076 3594 1142 3649 ad
1181 3602 1253 3654 te.
1288 3596 1438 3650 missi
1465 3611 1494 3650 a
1524 3596 1761 3653 Christo.
1793 3599 1886 3654 Sic

311 3678 590 3741 dixerunt,
629 3694 682 3737 et
708 3684 889 3739 statim
937 3685 1073 3739 alter
1101 3702 1289 3742 eorum
1336 3702 1531 3743 manus
1582 3689 1883 3759 porrigens,

309 3770 446 3827 dicit
473 3788 487 3825 :
516 3772 632 3829 Hoc
668 3776 877 3846 accipe.
908 3776 966 3832 Id
987 3791 1169 3832 autem
1197 3788 1316 3834 erat
1362 3780 1521 3835 liber.
1567 3781 1681 3852 Ego
1713 3783 1884 3847 enim,

311 3864 506 3934 inquit,
527 3882 645 3922 sum
675 3867 935 3935 Joannes,
962 3870 1050 3925 cui
1093 3871 1189 3925 Dei
1249 3871 1516 3941 sapientia
1548 3882 1740 3943 pectus
1798 3875 1886 3930 di-

312 3958 461 4012 misit
489 3967 546 4013 et
564 3960 814 4028 permisit
838 3961 883 4023 ⁸,
934 3970 996 4015 ut
1047 3975 1214 4032 super
1273 3962 1450 4031 ipsum
1513 3964 1886 4018 recumberem

310 4049 451 4104 nihil
474 4052 700 4105 veritus.
733 4050 865 4118 Quae
894 4052 993 4107 tibi
1019 4068 1235 4124 quoque
1262 4069 1359 4123 per
1386 4069 1488 4108 nos
1544 4053 1700 4109 faciet
1740 4055 1884 4110 Ξενία

314 4153 504 4216 pturas
524 4147 926 4216 comprehensa
951 4146 1160 4211 faciles,
1197 4157 1250 4201 et
1274 4148 1509 4202 deducet
1531 4148 1596 4202 ad
1620 4148 1766 4204 illius
1796 4165 1888 4204 co-

312 4239 632 4311 gnltionem.
663 4239 927 4295 Similiter
962 4250 1145 4295 autem
1209 4239 1349 4294 alter
1403 4254 1618 4309 quoque
1666 4256 1887 4296 manum

311 4332 631 4403 porrigens:
665 4333 885 4403 Act-ipe,
906 4333 1059 4398 dicit,
1083 4335 1181 4388 iras
1202 4333 1402 4389 claves.
1435 4333 1518 4388 Me
1546 4346 1728 4389 autem
1748 4334 1889 4391 scias

313 4438 435 4479 esse
462 4423 704 4491 Petrum,
728 4424 817 4479 cui
869 4441 947 4480 eae
968 4425 1186 4480 fuerant
1214 4440 1243 4478 a
1279 4422 1391 4479 Deo
1423 4424 1652 4480 traditae.
1716 4424 1889 4491 Quem

310 4524 461 4565 nunc
488 4528 705 4583 quoque
730 4514 890 4568 crede
915 4529 1014 4585 per
1035 4529 1122 4568 me
1147 4514 1339 4569 eadem
1372 4522 1425 4569 te
1453 4514 1664 4586 dignari
1693 4515 1886 4588 gratia,

311 4604 450 4660 adeo
501 4614 562 4660 ut
607 4612 946 4678 quaecunque
1011 4606 1262 4678 ligaveris
1300 4615 1397 4662 aut
1445 4608 1674 4663 solveris
1728 4623 1891 4679 super

311 4708 531 4766 terram,
566 4701 636 4755 ita
667 4705 830 4757 etiam
856 4717 916 4758 se
942 4701 1174 4757 habeant
1202 4703 1257 4757 in
1296 4703 1471 4759 caelis.
1503 4704 1589 4759 Ad
1616 4704 1733 4759 haec
1764 4719 1889 4760 cum

1979 838 2255 910 φερόντως
2282 834 2407 910 ἧνὴ
2442 840 2671 912 σπουδὴ,
2703 843 2796 894 καὶ
2852 841 3056 911 μηδένα
3107 841 3254 912 ἔχειν
3289 843 3445 897 κάτω
3466 844 3557 899 τὶν

1980 930 2277 984 συνειδότα.
2299 931 2487 984 Οὑδενὶ
2502 931 2610 1004 γὰρ
2642 932 2783 986 οῦτω
2813 931 2921 986 τῶν
2948 932 3018 987 τά
3041 936 3255 1004 πονηρά
3274 934 3555 1004 δρώντων,

1977 1020 2052 1084 ὡς
2102 1022 2294 1092 ἐκείνῳ
2349 1023 2569 1086 πάντως
2628 1024 2865 1093 ἐμέλησε
2915 1023 2976 1077 τὸ
3027 1024 3230 1081 λαθεῖν.
3290 1027 3465 1081 Τοῦτο
3498 1028 3558 1082 ὂὶ

1978 1114 2175 1186 κομιδῇ
2231 1115 2514 1185 δυσχερὲς,
2576 1115 2737 1185 φύσει
2759 1134 2817 1170 τε
2844 1119 2944 1185 τῆς
2968 1117 3171 1187 ἀρετῆς
3203 1115 3377 1179 οὕτως
3400 1118 3559 1187 ἐχούο

1979 1222 2099 1277 σης,
2157 1206 2253 1262 καὶ
2280 1207 2372 1260 τοῦ
2403 1208 2537 1260 Θεοῦ
2571 1207 2813 1272 δοξάζειν
2847 1208 2939 1262 τὸν
2982 1208 3324 1280 θεραπευτὴν
3349 1210 3538 1280 βουλο-

1980 1300 2169 1368 μένου.
2221 1299 2394 1367 Δῆλον
2427 1299 2719 1371 τοιγαροῦν
2754 1300 2962 1353 ἐκεῖνον
2986 1300 3082 1353 καὶ
3115 1301 3253 1363 τέως
3276 1301 3425 1353 τόνδε
3463 1302 3557 1354 τὸν

1976 1388 2177 1459 τρόπον
2223 1391 2389 1442 ποιεῖ.
2451 1389 2617 1461 ’Δνήρ
2656 1407 2741 1453 τις
2773 1390 2848 1459 τῷ
2885 1391 3032 1459 γένει
3060 1389 3254 1462 Σύρος,
3285 1392 3385 1461 τὴν
3423 1390 3560 1462 κλῆ-

1980 1496 2064 1532 σιν
2103 1480 2376 1549 Ἦσύχιος,
2434 1480 2532 1552 τὴν
2564 1481 2782 1552 ἡλικίαν
2841 1482 3224 1555 προϐεϐηκὼς,
3255 1484 3558 1553 σύγχρονον

1979 1572 2162 1641 ὀλίγου
2215 1572 2316 1643 τὴν
2368 1574 2603 1642 ἄςκησιν
2653 1573 2814 1644 ἔχων,
2847 1569 2927 1638 εἷς
2962 1576 3055 1628 καὶ
3088 1575 3250 1636 αὐτὸς
3281 1576 3389 1627 τῶν
3412 1574 3558 1628 κατὰ

1979 1665 2077 1734 τὴν
2123 1664 2276 1735 ίεράν
2316 1664 2536 1735 ἐκείνην
2596 1667 2766 1736 μονὴν
2798 1665 3175 1736 ἀσκουμένων,
3205 1658 3266 1718 οὗ
3296 1667 3393 1719 καὶ
3431 1667 3556 1721 κατ’

1983 1754 2127 1824 ίχνος
2156 1752 2358 1823 βαίνειν
2382 1758 2410 1808 ό
2444 1756 2616 1824 μέγας
2646 1758 2861 1825 ἠγάπα,
2895 1757 3002 1819 ἓως
3046 1754 3201 1809 οὔπω
3222 1756 3320 1827 τὴν
3352 1757 3558 1828 ἀρετὴν

1979 1847 2147 1918 ἄκρος
2169 1843 2256 1919 ἦν.
2286 1847 2470 1919 Τούτῳ
2488 1850 2550 1918 δὴ
2580 1868 2642 1901 νυ
2656 1850 2783 1912 κτὸς
2809 1851 2889 1911 είς
2921 1850 3234 1921 προσευχὴν
3277 1849 3558 1919 ἱσταμένῳ

1980 1941 2234 2009 φαίνεταί
2263 1960 2315 1995 τι
2338 1942 2478 1996 θεῖον
2528 1943 2622 1995 καὶ
2669 1941 2965 2012 ὀφθαλμῶν
3024 1941 3357 2012 ὑψηλότερον
3388 1957 3405 1973 ⁸
3464 1942 3562 1995 καὶ

1982 2032 2170 2105 ὥσπερ
2201 2037 2282 2098 εἰς
2320 2035 2487 2104 μέσον
2523 2034 2656 2088 αύτδ
2702 2034 2876 2086 θεῖναι
2925 2031 3172 2102 γλώττης
3204 2032 3379 2101 ἀγὼν,
3412 2030 3560 2087 οὕτω

1983 2126 2046 2197 δὴ
2076 2127 2169 2179 καὶ
2193 2126 2424 2179 ἀκοῦσαι
2455 2124 2643 2179 καινόν
2662 2143 2715 2177 τι
2747 2127 2840 2176 καὶ
2873 2124 3336 2194 φρικωδέστατον.
3398 2124 3561 2177 Ἀλλὰ

1989 2219 2282 2289 προσέχειν
2341 2217 2459 2269 δέον
2510 2217 2600 2269 τὸν
2640 2215 2782 2269 νοῦν.
2816 2216 2931 2269 Καὶ
2956 2217 3065 2285 γὰρ
3094 2215 3245 2268 οὐδὲν
3266 2209 3432 2284 ἦττον
3461 2214 3558 2268 τοῦ

1982 2310 2148 2381 φόϐου
2178 2311 2269 2362 καὶ
2295 2309 2456 2381 ἡδονῇ
2497 2308 2870 2379 συγκέκραται
2899 2306 2960 2360 τὸ
2989 2306 3260 2376 διήγημα.
3285 2307 3392 2360 Δύο
3413 2307 3559 2371 τινὲς

1981 2402 2171 2473 ἄνδρες
2229 2402 2415 2453 λευκοὶ
2438 2400 2535 2471 τὴν
2565 2401 2782 2468 στολὴν,
2825 2397 3049 2469 φοδεροὶ
3071 2399 3174 2468 τὴν
3204 2398 3353 2467 δψιν,
3388 2398 3558 2470 ούρα-

1980 2493 2132 2546 νόθεν
2162 2491 2350 2558 ἔδοξαν
2379 2491 2527 2560 αὐτῷ
2558 2490 2860 2554 κατελθεῖν,
2894 2489 2988 2544 καὶ
3028 2487 3108 2558 τῷ
3133 2489 3355 2560 μεγάλῳ
3385 2488 3561 2560 τούτῳ

1981 2585 2076 2637 καὶ
2108 2583 2257 2654 αὐτῷ
2311 2582 2716 2654 προσεύχεσθαι
2742 2581 3058 2653 φαινομένῳ
3092 2584 3236 2635 κατὰ
3261 2580 3558 2651 προσώπον

1981 2678 2299 2749 προσελθεῖν
2319 2694 2334 2709 ο
2384 2672 2459 2729 ὧν
2487 2678 2514 2730 ὁ
2554 2677 2654 2747 μὲν
2714 2678 2902 2747 τόμον,
2934 2676 3122 2748 ἔτερος
3155 2677 3211 2731 δὲ
3241 2676 3394 2737 κλεῖς
3426 2692 3557 2729 κατ-

1981 2772 2127 2842 έχειν
2194 2769 2380 2841 ἐῴκει.
2422 2770 2527 2823 Τὸν
2568 2768 2822 2838 Ἰωάννην
2848 2767 2904 2822 δὲ
2933 2767 2995 2820 τὸ
3022 2767 3210 2821 καινὸν
3252 2767 3437 2822 αὐτῶν
3465 2764 3558 2820 τοῦ

1982 2865 2157 2928 εἴδους
2207 2862 2657 2930 καταπλαγέντα,
2713 2860 2864 2931 φόϐῳ
2902 2860 3194 2932 ληφθῆναι,
3230 2859 3329 2914 καὶ
3377 2876 3561 2928 παρα-

1982 2956 2172 3027 χρῆμα
2236 2956 2539 3025 σύπρομον
2598 2952 2791 3006 ἑαυτὸν
2845 2955 2910 3024 τῇ
2951 2955 3022 3023 γῇ
3058 2948 3555 3022 προσκαταόαλεῖν.

1981 3048 2122 3111 Τοὺς
2157 3046 2213 3099 δὲ
2246 3044 2356 3100 τῶν
2414 3045 2614 3116 χειρῶν
2670 3043 3096 3114 ἐπιλαϐομένους
3145 3041 3508 3110 διαναστῆσαι
3538 3082 3556 3109 ,

1980 3139 2130 3194 λύειν
2176 3155 2236 3191 τε
2269 3139 2361 3191 τὸν
2423 3138 2589 3209 φόϐον
2623 3135 2791 3208 αὐτῷ,
2827 3140 2923 3189 καὶ
2954 3135 3179 3207 θαρρεῖν
3210 3133 3559 3203 ’ὲγκελεύειῑ

1982 3233 2074 3304 Τῷ
2108 3230 2421 3301 πυθομένῳ,
2452 3229 2599 3293 τίνες
2626 3230 2692 3284 ἂν
2722 3225 2853 3296 εἶεν,
2899 3228 3017 3296 οῖγε
3044 3225 3389 3298 τηλικαύτης
3405 3224 3564 3296 δόξης

1982 3323 2275 3393 ἠξιωμένοι
2300 3320 2437 3389 πρὸς
2458 3320 2622 3374 αὐτὸν
2652 3317 2965 3391 ἐληλύθασι,
3000 3318 3077 3390 μὴ
3108 3316 3298 3387 φοϐοῦ,
3339 3318 3565 3380 τούτους

1987 3416 2194 3468 εἰπεῖν’
2232 3413 2281 3465 oi
2310 3410 2390 3473 δὲ,
2421 3411 2583 3482 ἡμεῖς
2618 3408 2828 3480 ἥκομέν
2859 3425 2946 3461 σοι
3001 3406 3350 3477 πεμφθέντες
3407 3406 3567 3477 παρὰ

1986 3504 2242 3576 Χριστοῦ.
2269 3499 2401 3557 Εἶτα
2421 3503 2512 3557 τὸν
2536 3503 2634 3574 μὲν
2654 3501 2752 3573 τὴν
2774 3504 2933 3577 χεῖρα
2957 3500 3267 3555 ἐκτείναντα
3294 3500 3386 3554 τδν
3401 3499 3570 3569 τόμον

1987 3596 2305 3661 ἐπιδιδόναι,
2336 3595 2496 3662 Δέξαι
2523 3595 2696 3659 τουτὶ,
2749 3594 3001 3664 λέγοντα,
3045 3592 3108 3646 τὸ
3148 3592 3380 3664 βιϐλίον.
3423 3589 3570 3661 Ἐγὼ

1987 3691 2097 3761 γὰρ
2141 3689 2411 3758 Ἰωάννης,
2462 3679 2616 3758 ᾧπερ
2647 3688 2680 3758 ἡ
2713 3685 2808 3741 τοῦ
2872 3685 3009 3740 Θεοῦ
3064 3684 3229 3756 σοφία
3270 3684 3334 3738 τὸ
3368 3684 3566 3750 στῆθος

1989 3782 2182 3852 ἀνῆκε,
2214 3780 2309 3834 καὶ
2342 3781 2622 3833 ἐπιπεσεῖν
2655 3777 2806 3849 αὐτῷ
2829 3776 3183 3848 παρεδέξατοο
3242 3776 3368 3847 ἥτις
3388 3775 3455 3847 δή
3484 3792 3570 3830 σοι

1990 3876 2083 3929 καὶ
2143 3875 2211 3929 δι’
2255 3873 2414 3945 ἡμῶν
2449 3872 2520 3927 τά
2576 3871 2687 3927 τῶν
2739 3869 2977 3942 Γραφῶν
3004 3869 3206 3926 εὔλυτα
3230 3869 3415 3939 θήσει,
3468 3869 3569 3922 καὶ

1991 3966 2397 4039 χειραγωγήσει
2448 3963 2650 4032 ταύτης
2708 3963 2844 4035 πρὸς
2895 3961 2994 4033 τὴν
3053 3959 3568 4031 ἐπίγνωσινοτδνε

1991 4061 2150 4115 ἄλλον
2198 4058 2293 4112 καὶ
2313 4057 2476 4111 αὑτὸν
2525 4057 2625 4126 τὴν
2668 4056 2829 4126 χεῖρα
2858 4053 3146 4126 ὀρέγοντα,
3174 4052 3345 4118 δέξαι,
3378 4052 3568 4124 φάναι,

1990 4151 2149 4204 τάσδε
2205 4149 2301 4211 τὰς
2372 4148 2543 4211 κλεῖς.
2588 4146 2718 4217 Ἐμὲ
2748 4146 2803 4200 δὲ
2836 4144 3044 4216 Πέτρον
3103 4143 3235 4208 ῖσθι,
3277 4146 3370 4197 τὸν
3415 4144 3569 4214 παρά

1992 4240 2129 4295 Θεοῦ
2179 4240 2382 4303 ταύτας
2430 4236 2865 4308 ὲγχειρισθέντα,
2916 4235 2978 4290 ὃν
3032 4236 3128 4289 καὶ
3174 4236 3271 4289 νῦν
3329 4235 3399 4289 δι’
3430 4234 3567 4305 ἐμοῦ

1993 4333 2213 4388 πίστευε
2252 4333 2350 4402 τῆς
2383 4332 2557 4402 αὐτῆς
2592 4347 2653 4384 σε
2690 4331 2913 4401 χάριτος
2947 4328 3164 4394 ἀξιοῦν·
3189 4327 3332 4384 ὥστε
3375 4329 3475 4383 ὅσα
3500 4327 3567 4384 ἂν

1991 4425 2185 4498 δήσῃς,
2219 4423 2252 4496 ἢ
2281 4423 2452 4495 λύσῃς
2477 4422 2569 4476 ἐπὶ
2603 4422 2704 4494 τῆς
2732 4422 2857 4492 γῆς,
2900 4418 3161 4490 δεδεμένα
3195 4419 3372 4473 ταῦτα
3401 4415 3564 4482 εἶναι,

1992 4517 2025 4589 ἢ
2060 4517 2331 4587 λελυμένα
2360 4515 2454 4570 καὶ
2474 4517 2531 4567 ὲν
2563 4514 2678 4577 τοῖς
2712 4512 2981 4586 οὐρανοῖς.
3007 4510 3151 4581 Πρὸς
3180 4508 3359 4562 ταῦτα
3386 4508 3443 4562 δὲ
3476 4508 3566 4562 τὸν

1998 4612 2274 4683 μακάριον
2339 4604 2780 4676 δυσωπούμενον,
2830 4601 3021 4671 ὥσπερ
3050 4602 3559 4666 καὶῦποπίπτοντα,

1994 4706 2091 4760 καὶ
2114 4702 2355 4768 ἀνάξιον,
2407 4701 2598 4754 ἑαυτὸν
2657 4696 2913 4768 κρίνοντα
2940 4696 3166 4767 χάριτος
3208 4693 3564 4764 τηλικαύτης,

310 4791 502 4846 beatus
524 4792 613 4847 ille
637 4794 1009 4860 erubesceret,
1040 4803 1096 4849 et
1116 4803 1565 4851 consternaretur
1594 4796 1803 4861 animo,
1832 4804 1880 4853 et

1993 4799 2118 4863 τοὺς
2185 4795 2361 4858 θείους
2409 4791 2652 4855 ἐκείνους
2708 4787 2909 4860 ἄνδρας
2957 4785 3404 4858 ἀναλαμϐάνειν,
3476 4786 3568 4840 καὶ

312 4891 461 4938 tanta
485 4886 657 4954 gratia
690 4900 748 4941 se
766 4901 887 4942 esse
911 4886 1184 4942 indicaret
1232 4887 1540 4957 indignum,
1585 4889 1757 4945 divini
1807 4888 1887 4945 illi

1991 4889 2225 4961 θάρσους
2255 4885 2419 4940 αὺτδν
2461 4880 2810 4954 ὲμπιμπλᾷν.
2839 4876 2972 4935 Εἶτα
2992 4880 3091 4954 καὶ
3130 4879 3568 4951 ἐπιχαράξαντας

310 4973 555 5030 virieum
585 4985 839 5032 recreant
860 4986 916 5033 et
935 4977 1163 5049 implent
1187 4978 1436 5033 audacia.
1492 4978 1699 5035 Deinde
1764 4996 1880 5037 cum

1990 4979 2155 5037 αὐτοῦ
2206 4976 2319 5051 [Ion
2363 4974 2539 5048 αὐτῷ]
2556 4973 2652 5027 τοῦ
2686 4971 2922 5043 σταυροῦ
2950 4970 3041 5027 τὸν
3069 4970 3262 5037 τύπον,
3290 4972 3385 5024 καὶ
3410 4970 3567 5040 φιλῆ-

313 5081 439 5122 eum
462 5068 641 5123 crucis
665 5068 836 5140 figura
859 5070 1264 5141 obsignassent,
1288 5076 1341 5123 et
1372 5068 1478 5125 visi
1540 5079 1727 5126 essent
1763 5086 1880 5125 eum

1993 5088 2084 5125 σαι
2115 5068 2404 5141 φανέντας,
2434 5065 2746 5136 ἀναπτῆναι
2770 5064 2933 5118 πάλιν
2962 5065 3041 5127 εἰς
3070 5063 3358 5135 οὐρανούς.
3384 5062 3568 5117 Ταῦτα

315 5159 570 5226 osculari,
598 5162 913 5219 revolarunt
932 5164 987 5218 in
1013 5164 1201 5220 cmlos.
1240 5161 1364 5218 llmc
1398 5179 1523 5220 cum
1554 5165 1785 5221 vidisset
1810 5167 1880 5221 vit

1990 5162 2081 5216 τὸν
2137 5161 2306 5216 πολὺν
2358 5161 2566 5214 ἐκεῖνον
2627 5157 2932 5229 ἑωρακότα,
3006 5156 3208 5228 μεστὸν
3255 5155 3424 5225 φόϐου
3477 5156 3571 5210 καὶ

316 5248 409 5305 ille
439 5249 691 5322 insignis,
723 5252 818 5308 diu
866 5254 1066 5310 mansit
1096 5254 1294 5325 plenus
1336 5262 1487 5311 metu
1538 5262 1592 5309 et
1642 5262 1880 5325 stupore1

1996 5254 2390 5325 καταπλήξεως
2448 5251 2543 5306 ἐπὶ
2586 5251 2835 5304 πλεῖστον
2883 5249 3166 5313 διατελεῖν,
3195 5251 3272 5313 ὡς
3312 5252 3406 5305 καὶ
3446 5252 3573 5311 τοῦς

316 5342 455 5398 adeo
473 5350 534 5397 ut
560 5357 683 5400 cum
706 5347 959 5402 monachi
987 5362 1115 5403 eum
1150 5347 1403 5404 viderent
1428 5349 1510 5404 sic
1532 5347 1808 5412 aﬂectum,
1837 5356 1880 5403 et

2002 5350 2270 5421 μοναχοῦς
2316 5346 2489 5410 οὓτως
2540 5344 2735 5417 ἔχοντα
2768 5342 3097 5415 θεωμένους,
3139 5345 3237 5398 καὶ
3263 5345 3365 5415 τὴν
3393 5344 3572 5398 αἰτίαν

314 5446 572 5510 rogarent
625 5453 873 5510 quasnam
908 5449 1052 5501 esset
1107 5456 1291 5509 causa,
1336 5441 1426 5497 vix
1476 5457 1541 5496 ea
1593 5442 1892 5512 aperuerit,

320 5530 569 5588 indicens
589 5532 670 5588 eis
702 5533 980 5590 silentium
1006 5552 1019 5587 :
1041 5544 1096 5589 et
1122 5544 1182 5590 ut
1210 5534 1327 5590 haec
1346 5536 1617 5591 celaretur
1636 5533 1887 5602 Joannes,

313 5637 384 5679 ne
412 5625 609 5681 demus
634 5626 803 5692 enim,
826 5626 1023 5697 inquit,
1054 5627 1103 5683 ei
1152 5630 1594 5696 occasionem,ut
1634 5629 1762 5684 hinc
1810 5645 1900 5683 re-

384 5787 404 5818 ⁸
428 5787 583 5845 Joan.
600 5751 735 5853 ⁶ιιιι.
775 5788 866 5846 95.

1999 5442 2122 5513 ἥτις
2164 5441 2248 5511 είη
2276 5438 2832 5509 διαπυνθανομένους,
2866 5437 3024 5509 μόλις
3049 5437 3221 5506 αὐτὴν
3241 5436 3567 5506 ἐκκαλύψαι,

2004 5532 2215 5604 σιωπὴν
2271 5531 2472 5604 πολλὴν
2524 5533 2990 5606 παραγγείλαντα,
3034 5528 3250 5585 καὶτοῦ
3282 5530 3573 5601 ἀπόρῤητα

2004 5627 2178 5682 ταῦτα
2233 5624 2449 5680 κεῖσθαι
2475 5625 2555 5698 τῷ
2591 5627 2836 5700 Ἰωάννη,
2872 5625 2951 5699 μὴ
2978 5624 3075 5681 καὶ
3125 5623 3401 5694 πρόφασιν
3424 5620 3572 5692 αὐτῷ
