  <div class='ocr_page' id='page_1' title='image "/cluster/home/n/w/nwhite01/storage/ocr_20150623/114/hvd.32044019208123/566.png"; bbox 0 0 3828 6500; ppageno 0'>
   <div class='ocr_carea' id='block_1_1' title="bbox 172 427 316 494">
    <p class='ocr_par' dir='ltr' id='par_1_1' title="bbox 172 427 316 494">
     <span class='ocr_line' id='line_1_1' title="bbox 172 427 316 494; baseline 0.028 -3"><span class='ocrx_word' id='word_1_1' title='bbox 172 427 316 494; x_wconf 81' lang='grc'><strong>1065</strong></span> 
     </span>
    </p>
   </div>
   <div class='ocr_carea' id='block_1_2' title="bbox 1190 437 2395 509">
    <p class='ocr_par' dir='ltr' id='par_1_2' title="bbox 1190 437 2395 509">
     <span class='ocr_line' id='line_1_2' title="bbox 1190 437 2395 509; baseline 0.006 -10"><span class='ocrx_word' id='word_1_2' title='bbox 1190 437 1367 499; x_wconf 81' lang='lat' dir='ltr'><strong>VITA</strong></span> <span class='ocrx_word' id='word_1_3' title='bbox 1404 441 1462 501; x_wconf 90' lang='lat' dir='ltr'><strong>S.</strong></span> <span class='ocrx_word' id='word_1_4' title='bbox 1506 438 1829 505; x_wconf 84' lang='lat' dir='ltr'><strong>JOANNIS</strong></span> <span class='ocrx_word' id='word_1_5' title='bbox 1864 445 2395 509; x_wconf 75' lang='lat' dir='ltr'><strong>CHRYSOSTOMI</strong></span> 
     </span>
    </p>
   </div>
   <div class='ocr_carea' id='block_1_3' title="bbox 3297 447 3435 515">
    <p class='ocr_par' dir='ltr' id='par_1_3' title="bbox 3297 447 3435 515">
     <span class='ocr_line' id='line_1_3' title="bbox 3297 447 3435 515; baseline 0 -1"><span class='ocrx_word' id='word_1_6' title='bbox 3297 447 3435 515; x_wconf 79' lang='lat'><strong>1066</strong></span> 
     </span>
    </p>
   </div>
   <div class='ocr_carea' id='block_1_4' title="bbox 168 541 1733 633">
    <p class='ocr_par' dir='ltr' id='par_1_4' title="bbox 168 541 1733 633">
     <span class='ocr_line' id='line_1_4' title="bbox 168 541 1733 633; baseline 0.009 -41"><span class='ocrx_word' id='word_1_7' title='bbox 168 541 367 633; x_wconf 74' lang='grc' dir='ltr'><strong>δῶμεν,</strong></span> <span class='ocrx_word' id='word_1_8' title='bbox 390 541 657 610; x_wconf 78' lang='grc' dir='ltr'><strong>φήσαντα,</strong></span> <span class='ocrx_word' id='word_1_9' title='bbox 681 544 777 613; x_wconf 75' lang='grc' dir='ltr'><strong>τῆς</strong></span> <span class='ocrx_word' id='word_1_10' title='bbox 799 542 1051 599; x_wconf 81' lang='grc' dir='ltr'><strong>ἐντεῦθεν</strong></span> <span class='ocrx_word' id='word_1_11' title='bbox 1075 545 1500 620; x_wconf 80' lang='grc' dir='ltr'><strong>ἀναχωρήσεως.</strong></span> <span class='ocrx_word' id='word_1_12' title='bbox 1528 553 1593 606; x_wconf 81' lang='lat' dir='ltr'><strong>Ol</strong></span> <span class='ocrx_word' id='word_1_13' title='bbox 1642 570 1733 624; x_wconf 82' lang='grc' dir='ltr'><strong>μεν</strong></span> 
     </span>
    </p>
   </div>
   <div class='ocr_carea' id='block_1_5' title="bbox 1843 541 3437 633">
    <p class='ocr_par' dir='ltr' id='par_1_5' title="bbox 1844 554 3437 633">
     <span class='ocr_line' id='line_1_5' title="bbox 1844 554 3437 633; baseline 0.004 -22"><span class='ocrx_word' id='word_1_14' title='bbox 1844 554 2024 611; x_wconf 87' lang='lat' dir='ltr'><strong>cedat.</strong></span> <span class='ocrx_word' id='word_1_15' title='bbox 2045 556 2126 611; x_wconf 93' lang='lat' dir='ltr'><strong>Illi</strong></span> <span class='ocrx_word' id='word_1_16' title='bbox 2146 572 2276 628; x_wconf 80' lang='lat' dir='ltr'><strong>ergo</strong></span> <span class='ocrx_word' id='word_1_17' title='bbox 2298 556 2403 621; x_wconf 91' lang='lat' dir='ltr'><strong>his,</strong></span> <span class='ocrx_word' id='word_1_18' title='bbox 2423 569 2545 626; x_wconf 71' lang='lat' dir='ltr'><strong>qua:</strong></span> <span class='ocrx_word' id='word_1_19' title='bbox 2558 554 2701 611; x_wconf 87' lang='lat' dir='ltr'><strong>dicta</strong></span> <span class='ocrx_word' id='word_1_20' title='bbox 2729 562 2879 622; x_wconf 88' lang='lat' dir='ltr'><strong>sunt,</strong></span> <span class='ocrx_word' id='word_1_21' title='bbox 2901 556 3283 633; x_wconf 82' lang='lat' dir='ltr'><strong>obstupefacti,</strong></span> <span class='ocrx_word' id='word_1_22' title='bbox 3304 560 3437 618; x_wconf 84' lang='lat' dir='ltr'><strong>hinc</strong></span> 
     </span>
    </p>
   </div>
   <div class='ocr_carea' id='block_1_6' title="bbox 168 629 1749 715">
    <p class='ocr_par' dir='ltr' id='par_1_6' title="bbox 168 629 1749 715">
     <span class='ocr_line' id='line_1_6' title="bbox 168 629 1749 715; baseline 0.009 -29"><span class='ocrx_word' id='word_1_23' title='bbox 168 629 263 687; x_wconf 83' lang='grc' dir='ltr'><strong>οὖν</strong></span> <span class='ocrx_word' id='word_1_24' title='bbox 299 634 391 687; x_wconf 73' lang='grc' dir='ltr'><strong>ἐπὶ</strong></span> <span class='ocrx_word' id='word_1_25' title='bbox 428 636 540 698; x_wconf 80' lang='grc' dir='ltr'><strong>τοῖς</strong></span> <span class='ocrx_word' id='word_1_26' title='bbox 568 634 839 706; x_wconf 79' lang='grc' dir='ltr'><strong>λεχθεῖσιν</strong></span> <span class='ocrx_word' id='word_1_27' title='bbox 859 637 1230 708; x_wconf 84' lang='grc' dir='ltr'><strong>ἐκπλαγέντες</strong></span> <span class='ocrx_word' id='word_1_28' title='bbox 1255 642 1355 712; x_wconf 84' lang='grc' dir='ltr'><strong>τὴν</strong></span> <span class='ocrx_word' id='word_1_29' title='bbox 1388 643 1581 715; x_wconf 81' lang='grc' dir='ltr'><strong>ἀκοὴν,</strong></span> <span class='ocrx_word' id='word_1_30' title='bbox 1619 662 1749 700; x_wconf 84' lang='grc' dir='ltr'><strong>τεκ-</strong></span> 
     </span>
    </p>
   </div>
   <div class='ocr_carea' id='block_1_7' title="bbox 171 724 1746 808">
    <p class='ocr_par' dir='ltr' id='par_1_7' title="bbox 171 724 1746 808">
     <span class='ocr_line' id='line_1_7' title="bbox 171 724 1746 808; baseline 0.012 -34"><span class='ocrx_word' id='word_1_31' title='bbox 171 724 355 796; x_wconf 83' lang='grc' dir='ltr'><strong>μηρίῳ</strong></span> <span class='ocrx_word' id='word_1_32' title='bbox 408 726 584 798; x_wconf 82' lang='grc' dir='ltr'><strong>τούτῳ</strong></span> <span class='ocrx_word' id='word_1_33' title='bbox 615 729 708 782; x_wconf 74' lang='grc' dir='ltr'><strong>καὶ</strong></span> <span class='ocrx_word' id='word_1_34' title='bbox 735 730 863 801; x_wconf 75' lang='grc' dir='ltr'><strong>περὶ</strong></span> <span class='ocrx_word' id='word_1_35' title='bbox 885 731 947 785; x_wconf 82' lang='grc' dir='ltr'><strong>τὸ</strong></span> <span class='ocrx_word' id='word_1_36' title='bbox 971 731 1161 787; x_wconf 76' lang='grc' dir='ltr'><strong>λοιπὸν</strong></span> <span class='ocrx_word' id='word_1_37' title='bbox 1197 734 1440 806; x_wconf 86' lang='grc' dir='ltr'><strong>ἐχρῶντο</strong></span> <span class='ocrx_word' id='word_1_38' title='bbox 1476 736 1572 791; x_wconf 89' lang='grc' dir='ltr'><strong>τοῦ</strong></span> <span class='ocrx_word' id='word_1_39' title='bbox 1604 737 1746 808; x_wconf 88' lang='grc' dir='ltr'><strong>βίου,</strong></span> 
     </span>
    </p>
   </div>
   <div class='ocr_carea' id='block_1_8' title="bbox 170 817 1735 900">
    <p class='ocr_par' dir='ltr' id='par_1_8' title="bbox 170 817 1735 900">
     <span class='ocr_line' id='line_1_8' title="bbox 170 817 1735 900; baseline 0.008 -30"><span class='ocrx_word' id='word_1_40' title='bbox 170 819 250 870; x_wconf 80' lang='grc' dir='ltr'><strong>ὅτι</strong></span> <span class='ocrx_word' id='word_1_41' title='bbox 275 817 554 888; x_wconf 78' lang='grc' dir='ltr'><strong>παράδοξα</strong></span> <span class='ocrx_word' id='word_1_42' title='bbox 583 821 799 885; x_wconf 89' lang='grc' dir='ltr'><strong>πάντως</strong></span> <span class='ocrx_word' id='word_1_43' title='bbox 825 822 979 878; x_wconf 79' lang='grc' dir='ltr'><strong>ἔσται</strong></span> <span class='ocrx_word' id='word_1_44' title='bbox 999 824 1091 878; x_wconf 69' lang='grc' dir='ltr'><strong>καὶ</strong></span> <span class='ocrx_word' id='word_1_45' title='bbox 1121 826 1383 896; x_wconf 79' lang='grc' dir='ltr'><strong>μεγαλεῖα</strong></span> <span class='ocrx_word' id='word_1_46' title='bbox 1409 828 1735 900; x_wconf 76' lang='grc' dir='ltr'><strong>διαπραττό-</strong></span> 
     </span>
    </p>
   </div>
   <div class='ocr_carea' id='block_1_9' title="bbox 174 911 1746 989">
    <p class='ocr_par' dir='ltr' id='par_1_9' title="bbox 174 911 1746 989">
     <span class='ocr_line' id='line_1_9' title="bbox 174 911 1746 989; baseline 0.008 -27"><span class='ocrx_word' id='word_1_47' title='bbox 174 928 358 981; x_wconf 87' lang='grc' dir='ltr'><strong>μενος.</strong></span> <span class='ocrx_word' id='word_1_48' title='bbox 407 911 517 964; x_wconf 77' lang='grc' dir='ltr'><strong>Καὶ</strong></span> <span class='ocrx_word' id='word_1_49' title='bbox 546 913 739 983; x_wconf 84' lang='grc' dir='ltr'><strong>γέγονε</strong></span> <span class='ocrx_word' id='word_1_50' title='bbox 793 915 894 986; x_wconf 80' lang='grc' dir='ltr'><strong>μὲν</strong></span> <span class='ocrx_word' id='word_1_51' title='bbox 950 916 1188 987; x_wconf 83' lang='grc' dir='ltr'><strong>άληθῶς,</strong></span> <span class='ocrx_word' id='word_1_52' title='bbox 1239 918 1414 989; x_wconf 89' lang='grc' dir='ltr'><strong>μυρία</strong></span> <span class='ocrx_word' id='word_1_53' title='bbox 1470 919 1567 974; x_wconf 87' lang='grc' dir='ltr'><strong>τοῦ</strong></span> <span class='ocrx_word' id='word_1_54' title='bbox 1609 919 1746 975; x_wconf 87' lang='grc' dir='ltr'><strong>Θεοῦ</strong></span> 
     </span>
    </p>
   </div>
   <div class='ocr_carea' id='block_1_10' title="bbox 168 1001 1732 1080">
    <p class='ocr_par' dir='ltr' id='par_1_10' title="bbox 168 1001 1732 1080">
     <span class='ocr_line' id='line_1_10' title="bbox 168 1001 1732 1080; baseline 0.008 -26"><span class='ocrx_word' id='word_1_55' title='bbox 168 1001 356 1056; x_wconf 86' lang='grc' dir='ltr'><strong>τοῦτον</strong></span> <span class='ocrx_word' id='word_1_56' title='bbox 387 1003 479 1057; x_wconf 77' lang='grc' dir='ltr'><strong>ἐπὶ</strong></span> <span class='ocrx_word' id='word_1_57' title='bbox 515 1004 625 1058; x_wconf 87' lang='grc' dir='ltr'><strong>τῶν</strong></span> <span class='ocrx_word' id='word_1_58' title='bbox 662 1006 838 1076; x_wconf 74' lang='grc' dir='ltr'><strong>ἔργων</strong></span> <span class='ocrx_word' id='word_1_59' title='bbox 884 1007 1217 1074; x_wconf 73' lang='grc' dir='ltr'><strong>δοξάζοντος.</strong></span> <span class='ocrx_word' id='word_1_60' title='bbox 1286 1009 1451 1080; x_wconf 82' lang='grc' dir='ltr'><strong>Ἡμῖν</strong></span> <span class='ocrx_word' id='word_1_61' title='bbox 1479 1010 1535 1064; x_wconf 86' lang='grc' dir='ltr'><strong>δέ</strong></span> <span class='ocrx_word' id='word_1_62' title='bbox 1572 1011 1732 1080; x_wconf 86' lang='grc' dir='ltr'><strong>ὀλίγα</strong></span> 
     </span>
    </p>
   </div>
   <div class='ocr_carea' id='block_1_11' title="bbox 170 1091 1742 1172">
    <p class='ocr_par' dir='ltr' id='par_1_11' title="bbox 170 1091 1742 1172">
     <span class='ocr_line' id='line_1_11' title="bbox 170 1091 1742 1172; baseline 0.008 -28"><span class='ocrx_word' id='word_1_63' title='bbox 170 1091 265 1145; x_wconf 78' lang='grc' dir='ltr'><strong>καὶ</strong></span> <span class='ocrx_word' id='word_1_64' title='bbox 293 1091 363 1145; x_wconf 82' lang='grc' dir='ltr'><strong>δι’</strong></span> <span class='ocrx_word' id='word_1_65' title='bbox 391 1091 612 1162; x_wconf 80' lang='grc' dir='ltr'><strong>ὀλίγων,</strong></span> <span class='ocrx_word' id='word_1_66' title='bbox 667 1097 840 1170; x_wconf 83' lang='grc' dir='ltr'><strong>ὁπόση</strong></span> <span class='ocrx_word' id='word_1_67' title='bbox 889 1097 1141 1169; x_wconf 82' lang='grc' dir='ltr'><strong>δύναμις,</strong></span> <span class='ocrx_word' id='word_1_68' title='bbox 1185 1100 1251 1155; x_wconf 71' lang='grc' dir='ltr'><strong>ἐκ</strong></span> <span class='ocrx_word' id='word_1_69' title='bbox 1280 1099 1490 1156; x_wconf 86' lang='grc' dir='ltr'><strong>τούτων</strong></span> <span class='ocrx_word' id='word_1_70' title='bbox 1542 1101 1742 1172; x_wconf 90' lang='grc' dir='ltr'><strong>διηγη-</strong></span> 
     </span>
    </p>
   </div>
   <div class='ocr_carea' id='block_1_12' title="bbox 170 1180 317 1235">
    <p class='ocr_par' dir='ltr' id='par_1_12' title="bbox 170 1180 317 1235">
     <span class='ocr_line' id='line_1_12' title="bbox 170 1180 317 1235; baseline 0.014 -2"><span class='ocrx_word' id='word_1_71' title='bbox 170 1180 317 1235; x_wconf 87' lang='grc' dir='ltr'><strong>τέον.</strong></span> 
     </span>
    </p>
   </div>
   <div class='ocr_carea' id='block_1_13' title="bbox 237 1317 1741 1404">
    <p class='ocr_par' dir='ltr' id='par_1_13' title="bbox 237 1317 1741 1404">
     <span class='ocr_line' id='line_1_13' title="bbox 237 1317 1741 1404; baseline 0.012 -33"><span class='ocrx_word' id='word_1_72' title='bbox 237 1317 330 1387; x_wconf 71' lang='grc' dir='ltr'><strong>ς’.</strong></span> <span class='ocrx_word' id='word_1_73' title='bbox 371 1319 537 1393; x_wconf 84' lang='grc' dir='ltr'><strong>Ἀνήρ</strong></span> <span class='ocrx_word' id='word_1_74' title='bbox 579 1340 665 1386; x_wconf 91' lang='grc' dir='ltr'><strong>τις</strong></span> <span class='ocrx_word' id='word_1_75' title='bbox 719 1325 1055 1395; x_wconf 79' lang='grc' dir='ltr'><strong>Ἀντιοχεῦς,</strong></span> <span class='ocrx_word' id='word_1_76' title='bbox 1095 1327 1156 1382; x_wconf 77' lang='grc' dir='ltr'><strong>τὸ</strong></span> <span class='ocrx_word' id='word_1_77' title='bbox 1208 1327 1369 1398; x_wconf 88' lang='grc' dir='ltr'><strong>γένος</strong></span> <span class='ocrx_word' id='word_1_78' title='bbox 1417 1332 1741 1404; x_wconf 77' lang='grc' dir='ltr'><strong>περιφανὴς,</strong></span> 
     </span>
    </p>
   </div>
   <div class='ocr_carea' id='block_1_14' title="bbox 163 1410 1748 1497">
    <p class='ocr_par' dir='ltr' id='par_1_14' title="bbox 163 1410 1748 1497">
     <span class='ocr_line' id='line_1_14' title="bbox 163 1410 1748 1497; baseline 0.009 -32"><span class='ocrx_word' id='word_1_79' title='bbox 163 1410 259 1466; x_wconf 79' lang='grc' dir='ltr'><strong>τὸν</strong></span> <span class='ocrx_word' id='word_1_80' title='bbox 284 1410 398 1482; x_wconf 79' lang='grc' dir='ltr'><strong>βίον</strong></span> <span class='ocrx_word' id='word_1_81' title='bbox 442 1414 763 1486; x_wconf 78' lang='grc' dir='ltr'><strong>πολυτελὴς,</strong></span> <span class='ocrx_word' id='word_1_82' title='bbox 789 1417 929 1490; x_wconf 86' lang='grc' dir='ltr'><strong>νόσῳ</strong></span> <span class='ocrx_word' id='word_1_83' title='bbox 944 1420 1054 1473; x_wconf 78' lang='grc' dir='ltr'><strong>τινὶ</strong></span> <span class='ocrx_word' id='word_1_84' title='bbox 1087 1421 1391 1494; x_wconf 73' lang='grc' dir='ltr'><strong>περιαλγὴς</strong></span> <span class='ocrx_word' id='word_1_85' title='bbox 1415 1425 1478 1477; x_wconf 82' lang='grc' dir='ltr'><strong>τὸ</strong></span> <span class='ocrx_word' id='word_1_86' title='bbox 1508 1424 1748 1497; x_wconf 77' lang='grc' dir='ltr'><strong>ἡμίκρα-</strong></span> 
     </span>
    </p>
   </div>
   <div class='ocr_carea' id='block_1_15' title="bbox 164 1505 1741 1586">
    <p class='ocr_par' dir='ltr' id='par_1_15' title="bbox 164 1505 1741 1586">
     <span class='ocr_line' id='line_1_15' title="bbox 164 1505 1741 1586; baseline 0.01 -30"><span class='ocrx_word' id='word_1_87' title='bbox 164 1520 254 1557; x_wconf 88' lang='grc' dir='ltr'><strong>νον</strong></span> <span class='ocrx_word' id='word_1_88' title='bbox 275 1505 536 1573; x_wconf 81' lang='grc' dir='ltr'><strong>ἐγεγόνει.</strong></span> <span class='ocrx_word' id='word_1_89' title='bbox 558 1507 807 1578; x_wconf 83' lang='grc' dir='ltr'><strong>Τοσαύτη</strong></span> <span class='ocrx_word' id='word_1_90' title='bbox 828 1508 885 1562; x_wconf 83' lang='grc' dir='ltr'><strong>δὲ</strong></span> <span class='ocrx_word' id='word_1_91' title='bbox 912 1512 944 1580; x_wconf 78' lang='grc' dir='ltr'><strong>ἡ</strong></span> <span class='ocrx_word' id='word_1_92' title='bbox 967 1511 1063 1564; x_wconf 89' lang='grc' dir='ltr'><strong>τοῦ</strong></span> <span class='ocrx_word' id='word_1_93' title='bbox 1082 1512 1289 1577; x_wconf 81' lang='grc' dir='ltr'><strong>πάθους</strong></span> <span class='ocrx_word' id='word_1_94' title='bbox 1310 1514 1463 1586; x_wconf 77' lang='grc' dir='ltr'><strong>ἀκμὴ</strong></span> <span class='ocrx_word' id='word_1_95' title='bbox 1484 1517 1579 1570; x_wconf 71' lang='grc' dir='ltr'><strong>καὶ</strong></span> <span class='ocrx_word' id='word_1_96' title='bbox 1598 1515 1741 1570; x_wconf 74' lang='grc' dir='ltr'><strong>οὕτω</strong></span> 
     </span>
    </p>
   </div>
   <div class='ocr_carea' id='block_1_16' title="bbox 166 1596 1742 1681">
    <p class='ocr_par' dir='ltr' id='par_1_16' title="bbox 166 1596 1742 1681">
     <span class='ocr_line' id='line_1_16' title="bbox 166 1596 1742 1681; baseline 0.01 -33"><span class='ocrx_word' id='word_1_97' title='bbox 166 1596 438 1660; x_wconf 74' lang='grc' dir='ltr'><strong>σύντονος,</strong></span> <span class='ocrx_word' id='word_1_98' title='bbox 471 1597 547 1661; x_wconf 85' lang='grc' dir='ltr'><strong>ὡς</strong></span> <span class='ocrx_word' id='word_1_99' title='bbox 576 1598 665 1652; x_wconf 82' lang='grc' dir='ltr'><strong>τὸν</strong></span> <span class='ocrx_word' id='word_1_100' title='bbox 696 1599 973 1672; x_wconf 77' lang='grc' dir='ltr'><strong>ὀφθαλμὸν</strong></span> <span class='ocrx_word' id='word_1_101' title='bbox 1025 1604 1297 1659; x_wconf 80' lang='grc' dir='ltr'><strong>ἐκστάντα</strong></span> <span class='ocrx_word' id='word_1_102' title='bbox 1326 1607 1423 1677; x_wconf 77' lang='grc' dir='ltr'><strong>τῆς</strong></span> <span class='ocrx_word' id='word_1_103' title='bbox 1471 1607 1637 1680; x_wconf 75' lang='grc' dir='ltr'><strong>ἕδρας</strong></span> <span class='ocrx_word' id='word_1_104' title='bbox 1675 1612 1742 1681; x_wconf 77' lang='grc' dir='ltr'><strong>τῇ</strong></span> 
     </span>
    </p>
   </div>
   <div class='ocr_carea' id='block_1_17' title="bbox 162 1687 1739 1770">
    <p class='ocr_par' dir='ltr' id='par_1_17' title="bbox 162 1687 1739 1770">
     <span class='ocr_line' id='line_1_17' title="bbox 162 1687 1739 1770; baseline 0.008 -29"><span class='ocrx_word' id='word_1_105' title='bbox 162 1687 261 1741; x_wconf 89' lang='grc' dir='ltr'><strong>τοῦ</strong></span> <span class='ocrx_word' id='word_1_106' title='bbox 288 1688 457 1751; x_wconf 86' lang='grc' dir='ltr'><strong>κακοῦ</strong></span> <span class='ocrx_word' id='word_1_107' title='bbox 483 1690 713 1761; x_wconf 84' lang='grc' dir='ltr'><strong>δυνάμει</strong></span> <span class='ocrx_word' id='word_1_108' title='bbox 736 1695 902 1748; x_wconf 78' lang='grc' dir='ltr'><strong>πᾶσιν</strong></span> <span class='ocrx_word' id='word_1_109' title='bbox 931 1696 1163 1766; x_wconf 77' lang='grc' dir='ltr'><strong>ὁρᾶσθαι</strong></span> <span class='ocrx_word' id='word_1_110' title='bbox 1186 1737 1203 1764; x_wconf 90' lang='grc'><strong>,</strong></span> <span class='ocrx_word' id='word_1_111' title='bbox 1231 1700 1464 1770; x_wconf 81' lang='grc' dir='ltr'><strong>πρᾶγμα</strong></span> <span class='ocrx_word' id='word_1_112' title='bbox 1486 1699 1739 1770; x_wconf 80' lang='grc' dir='ltr'><strong>δακρύων</strong></span> 
     </span>
    </p>
   </div>
   <div class='ocr_carea' id='block_1_18' title="bbox 166 1772 1743 1865">
    <p class='ocr_par' dir='ltr' id='par_1_18' title="bbox 166 1772 1743 1865">
     <span class='ocr_line' id='line_1_18' title="bbox 166 1772 1743 1865; baseline 0.004 -28"><span class='ocrx_word' id='word_1_113' title='bbox 166 1782 341 1846; x_wconf 79' lang='grc' dir='ltr'><strong>ἄξιον.</strong></span> <span class='ocrx_word' id='word_1_114' title='bbox 406 1781 608 1838; x_wconf 85' lang='grc' dir='ltr'><strong>Τοῦτον</strong></span> <span class='ocrx_word' id='word_1_115' title='bbox 661 1785 742 1848; x_wconf 88' lang='grc' dir='ltr'><strong>είς</strong></span> <span class='ocrx_word' id='word_1_116' title='bbox 772 1784 872 1857; x_wconf 82' lang='grc' dir='ltr'><strong>τὴν</strong></span> <span class='ocrx_word' id='word_1_117' title='bbox 907 1788 1076 1859; x_wconf 83' lang='grc' dir='ltr'><strong>μονὴν</strong></span> <span class='ocrx_word' id='word_1_118' title='bbox 1106 1790 1464 1862; x_wconf 82' lang='grc' dir='ltr'><strong>ἀφικόμενον,</strong></span> <span class='ocrx_word' id='word_1_119' title='bbox 1495 1792 1552 1844; x_wconf 86' lang='grc' dir='ltr'><strong>ἐν</strong></span> <span class='ocrx_word' id='word_1_120' title='bbox 1626 1772 1629 1775; x_wconf 14' lang='grc' dir='ltr'><strong>θ</strong></span> <span class='ocrx_word' id='word_1_121' title='bbox 1651 1792 1743 1844; x_wconf 84' lang='grc' dir='ltr'><strong>τὸν</strong></span> 
     </span>
    </p>
   </div>
   <div class='ocr_carea' id='block_1_19' title="bbox 1848 647 3434 723">
    <p class='ocr_par' dir='ltr' id='par_1_19' title="bbox 1848 647 3434 723">
     <span class='ocr_line' id='line_1_19' title="bbox 1848 647 3434 723; baseline 0.002 -19"><span class='ocrx_word' id='word_1_122' title='bbox 1848 649 2110 719; x_wconf 82' lang='lat' dir='ltr'><strong>deinceps</strong></span> <span class='ocrx_word' id='word_1_123' title='bbox 2150 649 2393 704; x_wconf 82' lang='lat' dir='ltr'><strong>futuram</strong></span> <span class='ocrx_word' id='word_1_124' title='bbox 2452 649 2573 720; x_wconf 85' lang='lat' dir='ltr'><strong>ejus</strong></span> <span class='ocrx_word' id='word_1_125' title='bbox 2623 647 2789 704; x_wconf 82' lang='lat' dir='ltr'><strong>vitam</strong></span> <span class='ocrx_word' id='word_1_126' title='bbox 2842 648 3231 720; x_wconf 79' lang='lat' dir='ltr'><strong>conjiciebant,</strong></span> <span class='ocrx_word' id='word_1_127' title='bbox 3288 652 3434 723; x_wconf 84' lang='lat' dir='ltr'><strong>quod</strong></span> 
     </span>
    </p>
   </div>
   <div class='ocr_carea' id='block_1_20' title="bbox 1849 741 3435 817">
    <p class='ocr_par' dir='ltr' id='par_1_20' title="bbox 1849 741 3435 817">
     <span class='ocr_line' id='line_1_20' title="bbox 1849 741 3435 817; baseline 0.003 -21"><span class='ocrx_word' id='word_1_128' title='bbox 1849 741 2059 797; x_wconf 91' lang='lat' dir='ltr'><strong>scilicet</strong></span> <span class='ocrx_word' id='word_1_129' title='bbox 2103 752 2251 798; x_wconf 92' lang='lat' dir='ltr'><strong>esset</strong></span> <span class='ocrx_word' id='word_1_130' title='bbox 2292 742 2539 799; x_wconf 82' lang='lat' dir='ltr'><strong>facturus</strong></span> <span class='ocrx_word' id='word_1_131' title='bbox 2591 759 2785 817; x_wconf 81' lang='lat' dir='ltr'><strong>magna</strong></span> <span class='ocrx_word' id='word_1_132' title='bbox 2847 754 2901 800; x_wconf 85' lang='lat' dir='ltr'><strong>et</strong></span> <span class='ocrx_word' id='word_1_133' title='bbox 2955 745 3316 801; x_wconf 82' lang='lat' dir='ltr'><strong>admirabilia.</strong></span> <span class='ocrx_word' id='word_1_134' title='bbox 3367 745 3435 802; x_wconf 85' lang='lat' dir='ltr'><strong>Et</strong></span> 
     </span>
    </p>
   </div>
   <div class='ocr_carea' id='block_1_21' title="bbox 1848 833 3432 911">
    <p class='ocr_par' dir='ltr' id='par_1_21' title="bbox 1848 833 3432 911">
     <span class='ocr_line' id='line_1_21' title="bbox 1848 833 3432 911; baseline 0.003 -23"><span class='ocrx_word' id='word_1_135' title='bbox 1848 833 1990 889; x_wconf 81' lang='lat' dir='ltr'><strong>facta</strong></span> <span class='ocrx_word' id='word_1_136' title='bbox 2021 834 2386 905; x_wconf 67' lang='lat' dir='ltr'><strong>quiilemsunt</strong></span> <span class='ocrx_word' id='word_1_137' title='bbox 2415 852 2605 891; x_wconf 82' lang='lat' dir='ltr'><strong>revera</strong></span> <span class='ocrx_word' id='word_1_138' title='bbox 2665 837 3106 901; x_wconf 81' lang='lat' dir='ltr'><strong>innumerabilia,</strong></span> <span class='ocrx_word' id='word_1_139' title='bbox 3155 837 3264 894; x_wconf 90' lang='lat' dir='ltr'><strong>Deo</strong></span> <span class='ocrx_word' id='word_1_140' title='bbox 3316 839 3432 911; x_wconf 82' lang='lat' dir='ltr'><strong>glu-</strong></span> 
     </span>
    </p>
   </div>
   <div class='ocr_carea' id='block_1_22' title="bbox 1850 927 3485 1001">
    <p class='ocr_par' dir='ltr' id='par_1_22' title="bbox 1850 927 3485 1001">
     <span class='ocr_line' id='line_1_22' title="bbox 1850 927 3485 1001; baseline 0.001 -18"><span class='ocrx_word' id='word_1_141' title='bbox 1850 927 2098 984; x_wconf 82' lang='lat' dir='ltr'><strong>riticante</strong></span> <span class='ocrx_word' id='word_1_142' title='bbox 2121 944 2377 1001; x_wconf 83' lang='lat' dir='ltr'><strong>magnum</strong></span> <span class='ocrx_word' id='word_1_143' title='bbox 2403 928 2553 984; x_wconf 88' lang='lat' dir='ltr'><strong>illum</strong></span> <span class='ocrx_word' id='word_1_144' title='bbox 2594 929 2651 983; x_wconf 91' lang='lat' dir='ltr'><strong>in</strong></span> <span class='ocrx_word' id='word_1_145' title='bbox 2698 929 2979 1000; x_wconf 77' lang='lat' dir='ltr'><strong>operibus.</strong></span> <span class='ocrx_word' id='word_1_146' title='bbox 3029 928 3198 986; x_wconf 86' lang='lat' dir='ltr'><strong>Nobis</strong></span> <span class='ocrx_word' id='word_1_147' title='bbox 3248 940 3430 987; x_wconf 88' lang='lat' dir='ltr'><strong>autem</strong></span> <span class='ocrx_word' id='word_1_148' title='bbox 3482 931 3485 934; x_wconf 77' lang='grc'><em>’</em></span> 
     </span>
    </p>
   </div>
   <div class='ocr_carea' id='block_1_23' title="bbox 1850 1020 3143 1092">
    <p class='ocr_par' dir='ltr' id='par_1_23' title="bbox 1850 1020 3143 1092">
     <span class='ocr_line' id='line_1_23' title="bbox 1850 1020 3143 1092; baseline 0.002 -16"><span class='ocrx_word' id='word_1_149' title='bbox 1850 1036 2023 1091; x_wconf 88' lang='lat' dir='ltr'><strong>pauca</strong></span> <span class='ocrx_word' id='word_1_150' title='bbox 2048 1029 2106 1075; x_wconf 92' lang='lat' dir='ltr'><strong>et</strong></span> <span class='ocrx_word' id='word_1_151' title='bbox 2135 1020 2323 1092; x_wconf 82' lang='lat' dir='ltr'><strong>paucis</strong></span> <span class='ocrx_word' id='word_1_152' title='bbox 2343 1029 2473 1075; x_wconf 90' lang='lat' dir='ltr'><strong>sunt</strong></span> <span class='ocrx_word' id='word_1_153' title='bbox 2491 1022 2760 1076; x_wconf 82' lang='lat' dir='ltr'><strong>narranda</strong></span> <span class='ocrx_word' id='word_1_154' title='bbox 2794 1036 2892 1092; x_wconf 90' lang='lat' dir='ltr'><strong>pro</strong></span> <span class='ocrx_word' id='word_1_155' title='bbox 2915 1022 3143 1079; x_wconf 89' lang='lat' dir='ltr'><strong>viribus.</strong></span> 
     </span>
    </p>
   </div>
   <div class='ocr_carea' id='block_1_24' title="bbox 1920 1332 3423 1407">
    <p class='ocr_par' dir='ltr' id='par_1_24' title="bbox 1920 1332 3423 1407">
     <span class='ocr_line' id='line_1_24' title="bbox 1920 1332 3423 1407; baseline 0 -17"><span class='ocrx_word' id='word_1_156' title='bbox 1920 1336 2005 1394; x_wconf 77' lang='lat' dir='ltr'><strong>Vl.</strong></span> <span class='ocrx_word' id='word_1_157' title='bbox 2048 1332 2145 1390; x_wconf 84' lang='lat' dir='ltr'><strong>Vir</strong></span> <span class='ocrx_word' id='word_1_158' title='bbox 2198 1336 2416 1407; x_wconf 86' lang='lat' dir='ltr'><strong>quidam</strong></span> <span class='ocrx_word' id='word_1_159' title='bbox 2464 1337 2860 1403; x_wconf 81' lang='lat' dir='ltr'><strong>Autiocltenus,</strong></span> <span class='ocrx_word' id='word_1_160' title='bbox 2918 1336 3148 1393; x_wconf 77' lang='lat' dir='ltr'><strong>illustris</strong></span> <span class='ocrx_word' id='word_1_161' title='bbox 3196 1348 3423 1407; x_wconf 77' lang='lat' dir='ltr'><strong>genere.</strong></span> 
     </span>
    </p>
   </div>
   <div class='ocr_carea' id='block_1_25' title="bbox 1849 1427 3430 1500">
    <p class='ocr_par' dir='ltr' id='par_1_25' title="bbox 1849 1427 3430 1500">
     <span class='ocr_line' id='line_1_25' title="bbox 1849 1427 3430 1500; baseline 0.001 -20"><span class='ocrx_word' id='word_1_162' title='bbox 1849 1428 1957 1483; x_wconf 79' lang='lat' dir='ltr'><strong>vita</strong></span> <span class='ocrx_word' id='word_1_163' title='bbox 2013 1427 2333 1500; x_wconf 89' lang='lat' dir='ltr'><strong>splendidus</strong></span> <span class='ocrx_word' id='word_1_164' title='bbox 2358 1435 2415 1484; x_wconf 90' lang='lat' dir='ltr'><strong>et</strong></span> <span class='ocrx_word' id='word_1_165' title='bbox 2441 1427 2787 1499; x_wconf 76' lang='lat' dir='ltr'><strong>magnificus,</strong></span> <span class='ocrx_word' id='word_1_166' title='bbox 2821 1428 3015 1484; x_wconf 88' lang='lat' dir='ltr'><strong>morbo</strong></span> <span class='ocrx_word' id='word_1_167' title='bbox 3039 1427 3275 1498; x_wconf 91' lang='lat' dir='ltr'><strong>quodam</strong></span> <span class='ocrx_word' id='word_1_168' title='bbox 3309 1440 3430 1481; x_wconf 86' lang='lat' dir='ltr'><strong>ma-</strong></span> 
     </span>
    </p>
   </div>
   <div class='ocr_carea' id='block_1_26' title="bbox 1846 1516 3427 1591">
    <p class='ocr_par' dir='ltr' id='par_1_26' title="bbox 1846 1516 3427 1591">
     <span class='ocr_line' id='line_1_26' title="bbox 1846 1516 3427 1591; baseline -0.002 -17"><span class='ocrx_word' id='word_1_169' title='bbox 1846 1536 2013 1591; x_wconf 78' lang='lat' dir='ltr'><strong>gnum</strong></span> <span class='ocrx_word' id='word_1_170' title='bbox 2076 1519 2349 1575; x_wconf 76' lang='lat' dir='ltr'><strong>sentiebat</strong></span> <span class='ocrx_word' id='word_1_171' title='bbox 2406 1520 2651 1576; x_wconf 84' lang='lat' dir='ltr'><strong>dolorem</strong></span> <span class='ocrx_word' id='word_1_172' title='bbox 2702 1520 2758 1574; x_wconf 92' lang='lat' dir='ltr'><strong>in</strong></span> <span class='ocrx_word' id='word_1_173' title='bbox 2807 1519 2985 1575; x_wconf 89' lang='lat' dir='ltr'><strong>media</strong></span> <span class='ocrx_word' id='word_1_174' title='bbox 3029 1527 3179 1590; x_wconf 90' lang='lat' dir='ltr'><strong>parte</strong></span> <span class='ocrx_word' id='word_1_175' title='bbox 3231 1516 3427 1573; x_wconf 88' lang='lat' dir='ltr'><strong>cranii.</strong></span> 
     </span>
    </p>
   </div>
   <div class='ocr_carea' id='block_1_27' title="bbox 1848 1607 3435 1674">
    <p class='ocr_par' dir='ltr' id='par_1_27' title="bbox 1848 1607 3435 1674">
     <span class='ocr_line' id='line_1_27' title="bbox 1848 1607 3435 1674; baseline 0 -13"><span class='ocrx_word' id='word_1_176' title='bbox 1848 1608 2023 1662; x_wconf 88' lang='lat' dir='ltr'><strong>Tanta</strong></span> <span class='ocrx_word' id='word_1_177' title='bbox 2081 1617 2265 1663; x_wconf 90' lang='lat' dir='ltr'><strong>autem</strong></span> <span class='ocrx_word' id='word_1_178' title='bbox 2319 1616 2438 1663; x_wconf 86' lang='lat' dir='ltr'><strong>erat</strong></span> <span class='ocrx_word' id='word_1_179' title='bbox 2490 1608 2573 1663; x_wconf 86' lang='lat' dir='ltr'><strong>vis</strong></span> <span class='ocrx_word' id='word_1_180' title='bbox 2604 1609 2778 1664; x_wconf 81' lang='lat' dir='ltr'><strong>morbi</strong></span> <span class='ocrx_word' id='word_1_181' title='bbox 2810 1618 2867 1665; x_wconf 91' lang='lat' dir='ltr'><strong>et</strong></span> <span class='ocrx_word' id='word_1_182' title='bbox 2920 1609 3060 1665; x_wconf 90' lang='lat' dir='ltr'><strong>adeo</strong></span> <span class='ocrx_word' id='word_1_183' title='bbox 3100 1607 3337 1674; x_wconf 89' lang='lat' dir='ltr'><strong>intensa,</strong></span> <span class='ocrx_word' id='word_1_184' title='bbox 3371 1613 3435 1662; x_wconf 89' lang='lat' dir='ltr'><strong>ut</strong></span> 
     </span>
    </p>
   </div>
   <div class='ocr_carea' id='block_1_28' title="bbox 1846 1699 3434 1771">
    <p class='ocr_par' dir='ltr' id='par_1_28' title="bbox 1846 1699 3434 1771">
     <span class='ocr_line' id='line_1_28' title="bbox 1846 1699 3434 1771; baseline -0.001 -17"><span class='ocrx_word' id='word_1_185' title='bbox 1846 1699 2039 1754; x_wconf 90' lang='lat' dir='ltr'><strong>oculus</strong></span> <span class='ocrx_word' id='word_1_186' title='bbox 2069 1699 2200 1755; x_wconf 90' lang='lat' dir='ltr'><strong>sede</strong></span> <span class='ocrx_word' id='word_1_187' title='bbox 2239 1709 2387 1756; x_wconf 87' lang='lat' dir='ltr'><strong>esset</strong></span> <span class='ocrx_word' id='word_1_188' title='bbox 2415 1709 2650 1763; x_wconf 90' lang='lat' dir='ltr'><strong>emotus,</strong></span> <span class='ocrx_word' id='word_1_189' title='bbox 2680 1708 2739 1755; x_wconf 90' lang='lat' dir='ltr'><strong>ut</strong></span> <span class='ocrx_word' id='word_1_190' title='bbox 2771 1700 2864 1771; x_wconf 85' lang='lat' dir='ltr'><strong>qui</strong></span> <span class='ocrx_word' id='word_1_191' title='bbox 2912 1701 2965 1757; x_wconf 92' lang='lat' dir='ltr'><strong>vi</strong></span> <span class='ocrx_word' id='word_1_192' title='bbox 3004 1700 3132 1756; x_wconf 86' lang='lat' dir='ltr'><strong>mali</strong></span> <span class='ocrx_word' id='word_1_193' title='bbox 3176 1716 3285 1754; x_wconf 93' lang='lat' dir='ltr'><strong>nou</strong></span> <span class='ocrx_word' id='word_1_194' title='bbox 3332 1714 3434 1769; x_wconf 84' lang='lat' dir='ltr'><strong>po-</strong></span> 
     </span>
    </p>
   </div>
   <div class='ocr_carea' id='block_1_29' title="bbox 1851 1789 3432 1847">
    <p class='ocr_par' dir='ltr' id='par_1_29' title="bbox 1851 1789 3432 1847">
     <span class='ocr_line' id='line_1_29' title="bbox 1851 1789 3432 1847; baseline -0.003 -2"><span class='ocrx_word' id='word_1_195' title='bbox 1851 1791 2046 1847; x_wconf 88' lang='lat' dir='ltr'><strong>tuisset</strong></span> <span class='ocrx_word' id='word_1_196' title='bbox 2108 1791 2361 1847; x_wconf 85' lang='lat' dir='ltr'><strong>resistere</strong></span> <span class='ocrx_word' id='word_1_197' title='bbox 2400 1807 2413 1845; x_wconf 90' lang='lat'><strong>:</strong></span> <span class='ocrx_word' id='word_1_198' title='bbox 2444 1799 2501 1846; x_wconf 85' lang='lat' dir='ltr'><strong>et</strong></span> <span class='ocrx_word' id='word_1_199' title='bbox 2531 1791 2604 1846; x_wconf 91' lang='lat' dir='ltr'><strong>ita</strong></span> <span class='ocrx_word' id='word_1_200' title='bbox 2633 1791 2915 1846; x_wconf 77' lang='lat' dir='ltr'><strong>videretur</strong></span> <span class='ocrx_word' id='word_1_201' title='bbox 2945 1790 3321 1847; x_wconf 84' lang='lat' dir='ltr'><strong>omnibus-res</strong></span> <span class='ocrx_word' id='word_1_202' title='bbox 3350 1789 3432 1842; x_wconf 79' lang='lat' dir='ltr'><strong>la-</strong></span> 
     </span>
    </p>
   </div>
   <div class='ocr_carea' id='block_1_30' title="bbox 167 1874 1733 1962">
    <p class='ocr_par' dir='ltr' id='par_1_30' title="bbox 167 1874 1733 1953">
     <span class='ocr_line' id='line_1_30' title="bbox 167 1874 1733 1953; baseline 0.006 -26"><span class='ocrx_word' id='word_1_203' title='bbox 167 1875 343 1946; x_wconf 83' lang='grc' dir='ltr'><strong>μέγαν</strong></span> <span class='ocrx_word' id='word_1_204' title='bbox 393 1876 658 1930; x_wconf 79' lang='grc' dir='ltr'><strong>διατελεῖν</strong></span> <span class='ocrx_word' id='word_1_205' title='bbox 682 1874 774 1949; x_wconf 77' lang='grc' dir='ltr'><strong>ἦν,</strong></span> <span class='ocrx_word' id='word_1_206' title='bbox 804 1879 977 1935; x_wconf 73' lang='grc' dir='ltr'><strong>πολλὰ</strong></span> <span class='ocrx_word' id='word_1_207' title='bbox 1035 1881 1135 1953; x_wconf 84' lang='grc' dir='ltr'><strong>μὲν</strong></span> <span class='ocrx_word' id='word_1_208' title='bbox 1188 1884 1418 1951; x_wconf 84' lang='grc' dir='ltr'><strong>δεῖσθαι,</strong></span> <span class='ocrx_word' id='word_1_209' title='bbox 1463 1884 1662 1948; x_wconf 76' lang='grc' dir='ltr'><strong>πολλάς</strong></span> <span class='ocrx_word' id='word_1_210' title='bbox 1684 1883 1733 1937; x_wconf 79' lang='grc' dir='ltr'><strong>δὲ</strong></span> 
     </span>
    </p>
   </div>
   <div class='ocr_carea' id='block_1_31' title="bbox 1843 1874 3459 1962">
    <p class='ocr_par' dir='ltr' id='par_1_31' title="bbox 1845 1880 3459 1955">
     <span class='ocr_line' id='line_1_31' title="bbox 1845 1880 3459 1955; baseline -0.002 -17"><span class='ocrx_word' id='word_1_211' title='bbox 1845 1882 2174 1955; x_wconf 85' lang='lat' dir='ltr'><strong>crymahilis.</strong></span> <span class='ocrx_word' id='word_1_212' title='bbox 2230 1883 2283 1938; x_wconf 94' lang='lat' dir='ltr'><strong>Is</strong></span> <span class='ocrx_word' id='word_1_213' title='bbox 2322 1897 2446 1937; x_wconf 89' lang='lat' dir='ltr'><strong>cum</strong></span> <span class='ocrx_word' id='word_1_214' title='bbox 2499 1882 2742 1937; x_wconf 86' lang='lat' dir='ltr'><strong>venisset</strong></span> <span class='ocrx_word' id='word_1_215' title='bbox 2803 1881 2871 1937; x_wconf 89' lang='lat' dir='ltr'><strong>ad</strong></span> <span class='ocrx_word' id='word_1_216' title='bbox 2914 1881 3330 1944; x_wconf 82' lang='lat' dir='ltr'><strong>monaSterium,</strong></span> <span class='ocrx_word' id='word_1_217' title='bbox 3374 1880 3459 1953; x_wconf 45' lang='lat' dir='ltr'><strong>in;</strong></span> 
     </span>
    </p>
   </div>
   <div class='ocr_carea' id='block_1_32' title="bbox 165 1964 1743 2047">
    <p class='ocr_par' dir='ltr' id='par_1_32' title="bbox 165 1964 1743 2047">
     <span class='ocr_line' id='line_1_32' title="bbox 165 1964 1743 2047; baseline 0.007 -29"><span class='ocrx_word' id='word_1_218' title='bbox 165 1965 305 2036; x_wconf 78' lang='grc' dir='ltr'><strong>πρὸς</strong></span> <span class='ocrx_word' id='word_1_219' title='bbox 332 1964 480 2020; x_wconf 73' lang='grc' dir='ltr'><strong>ἔλεον</strong></span> <span class='ocrx_word' id='word_1_220' title='bbox 527 1966 751 2037; x_wconf 80' lang='grc' dir='ltr'><strong>ἀφιέναι</strong></span> <span class='ocrx_word' id='word_1_221' title='bbox 779 1970 999 2039; x_wconf 78' lang='grc' dir='ltr'><strong>φωνὰς..</strong></span> <span class='ocrx_word' id='word_1_222' title='bbox 1024 1972 1123 2045; x_wconf 81' lang='grc' dir='ltr'><strong>τὴν</strong></span> <span class='ocrx_word' id='word_1_223' title='bbox 1150 1972 1450 2046; x_wconf 75' lang='grc' dir='ltr'><strong>θεραπείαν</strong></span> <span class='ocrx_word' id='word_1_224' title='bbox 1485 1974 1743 2047; x_wconf 75' lang='grc' dir='ltr'><strong>αἰτούμεο</strong></span> 
     </span>
    </p>
   </div>
   <div class='ocr_carea' id='block_1_33' title="bbox 162 2059 1745 2143">
    <p class='ocr_par' dir='ltr' id='par_1_33' title="bbox 162 2059 1745 2143">
     <span class='ocr_line' id='line_1_33' title="bbox 162 2059 1745 2143; baseline 0.011 -35"><span class='ocrx_word' id='word_1_225' title='bbox 162 2074 276 2111; x_wconf 87' lang='grc' dir='ltr'><strong>νον·</strong></span> <span class='ocrx_word' id='word_1_226' title='bbox 332 2060 424 2112; x_wconf 81' lang='grc' dir='ltr'><strong>τὸν</strong></span> <span class='ocrx_word' id='word_1_227' title='bbox 444 2059 499 2114; x_wconf 83' lang='grc' dir='ltr'><strong>δὲ</strong></span> <span class='ocrx_word' id='word_1_228' title='bbox 529 2061 620 2114; x_wconf 75' lang='grc' dir='ltr'><strong>καὶ</strong></span> <span class='ocrx_word' id='word_1_229' title='bbox 683 2064 1039 2134; x_wconf 72' lang='grc' dir='ltr'><strong>ωμπαθῆσαι</strong></span> <span class='ocrx_word' id='word_1_230' title='bbox 1074 2068 1174 2138; x_wconf 77' lang='grc' dir='ltr'><strong>μὲν</strong></span> <span class='ocrx_word' id='word_1_231' title='bbox 1206 2061 1345 2137; x_wconf 74' lang='grc' dir='ltr'><strong>(πῶς</strong></span> <span class='ocrx_word' id='word_1_232' title='bbox 1368 2069 1478 2143; x_wconf 82' lang='grc' dir='ltr'><strong>γὰρ</strong></span> <span class='ocrx_word' id='word_1_233' title='bbox 1515 2071 1576 2124; x_wconf 84' lang='grc' dir='ltr'><strong>οὐ</strong></span> <span class='ocrx_word' id='word_1_234' title='bbox 1606 2071 1745 2125; x_wconf 85' lang='grc' dir='ltr'><strong>πάν-</strong></span> 
     </span>
    </p>
   </div>
   <div class='ocr_carea' id='block_1_34' title="bbox 162 2150 1741 2236">
    <p class='ocr_par' dir='ltr' id='par_1_34' title="bbox 162 2150 1741 2236">
     <span class='ocr_line' id='line_1_34' title="bbox 162 2150 1741 2236; baseline 0.012 -34"><span class='ocrx_word' id='word_1_235' title='bbox 162 2166 275 2204; x_wconf 87' lang='grc' dir='ltr'><strong>των</strong></span> <span class='ocrx_word' id='word_1_236' title='bbox 300 2150 429 2205; x_wconf 73' lang='grc' dir='ltr'><strong>ὄντα</strong></span> <span class='ocrx_word' id='word_1_237' title='bbox 477 2153 1033 2236; x_wconf 73' lang='grc' dir='ltr'><strong>φιλάνθρωπότατονς</strong></span> <span class='ocrx_word' id='word_1_238' title='bbox 1066 2159 1084 2228; x_wconf 94' lang='grc'><strong>)</strong></span> <span class='ocrx_word' id='word_1_239' title='bbox 1125 2161 1406 2232; x_wconf 77' lang='grc' dir='ltr'><strong>εἰρηκέναι</strong></span> <span class='ocrx_word' id='word_1_240' title='bbox 1422 2164 1481 2218; x_wconf 83' lang='grc' dir='ltr'><strong>δὲ</strong></span> <span class='ocrx_word' id='word_1_241' title='bbox 1534 2165 1741 2236; x_wconf 87' lang='grc' dir='ltr'><strong>μοχθη-</strong></span> 
     </span>
    </p>
   </div>
   <div class='ocr_carea' id='block_1_35' title="bbox 163 2235 1742 2324">
    <p class='ocr_par' dir='ltr' id='par_1_35' title="bbox 163 2235 1742 2324">
     <span class='ocr_line' id='line_1_35' title="bbox 163 2235 1742 2324; baseline 0.013 -33"><span class='ocrx_word' id='word_1_242' title='bbox 163 2239 276 2309; x_wconf 87' lang='grc' dir='ltr'><strong>ρῶν</strong></span> <span class='ocrx_word' id='word_1_243' title='bbox 304 2240 483 2311; x_wconf 80' lang='grc' dir='ltr'><strong>ἔργων</strong></span> <span class='ocrx_word' id='word_1_244' title='bbox 513 2235 654 2297; x_wconf 80' lang='grc' dir='ltr'><strong>εἶναι</strong></span> <span class='ocrx_word' id='word_1_245' title='bbox 679 2243 855 2300; x_wconf 87' lang='grc' dir='ltr'><strong>ταῦτα</strong></span> <span class='ocrx_word' id='word_1_246' title='bbox 882 2248 976 2301; x_wconf 75' lang='grc' dir='ltr'><strong>καὶ</strong></span> <span class='ocrx_word' id='word_1_247' title='bbox 1005 2249 1104 2320; x_wconf 82' lang='grc' dir='ltr'><strong>τῆς</strong></span> <span class='ocrx_word' id='word_1_248' title='bbox 1132 2252 1212 2315; x_wconf 89' lang='grc' dir='ltr'><strong>εἰς</strong></span> <span class='ocrx_word' id='word_1_249' title='bbox 1227 2252 1463 2324; x_wconf 80' lang='grc' dir='ltr'><strong>Χριστὸν</strong></span> <span class='ocrx_word' id='word_1_250' title='bbox 1485 2235 1742 2321; x_wconf 77' lang='grc' dir='ltr'><strong>ἀπιστίας</strong></span> 
     </span>
    </p>
   </div>
   <div class='ocr_carea' id='block_1_36' title="bbox 160 2332 1741 2418">
    <p class='ocr_par' dir='ltr' id='par_1_36' title="bbox 160 2332 1741 2418">
     <span class='ocr_line' id='line_1_36' title="bbox 160 2332 1741 2418; baseline 0.013 -35"><span class='ocrx_word' id='word_1_251' title='bbox 160 2332 439 2405; x_wconf 75' lang='grc' dir='ltr'><strong>ἐπίχειρα.</strong></span> <span class='ocrx_word' id='word_1_252' title='bbox 478 2334 541 2388; x_wconf 83' lang='lat' dir='ltr'><strong>El</strong></span> <span class='ocrx_word' id='word_1_253' title='bbox 581 2335 676 2389; x_wconf 86' lang='grc' dir='ltr'><strong>οῦν</strong></span> <span class='ocrx_word' id='word_1_254' title='bbox 722 2339 823 2413; x_wconf 77' lang='grc' dir='ltr'><strong>ὅλῃ</strong></span> <span class='ocrx_word' id='word_1_255' title='bbox 866 2342 931 2411; x_wconf 82' lang='grc' dir='ltr'><strong>τῇ</strong></span> <span class='ocrx_word' id='word_1_256' title='bbox 982 2341 1131 2414; x_wconf 79' lang='grc' dir='ltr'><strong>ψυχῇ</strong></span> <span class='ocrx_word' id='word_1_257' title='bbox 1160 2344 1336 2415; x_wconf 88' lang='grc' dir='ltr'><strong>τούτῳ</strong></span> <span class='ocrx_word' id='word_1_258' title='bbox 1401 2347 1741 2418; x_wconf 81' lang='grc' dir='ltr'><strong>προσέλθοις,</strong></span> 
     </span>
    </p>
   </div>
   <div class='ocr_carea' id='block_1_37' title="bbox 160 2426 1738 2510">
    <p class='ocr_par' dir='ltr' id='par_1_37' title="bbox 160 2426 1738 2510">
     <span class='ocr_line' id='line_1_37' title="bbox 160 2426 1738 2510; baseline 0.011 -34"><span class='ocrx_word' id='word_1_259' title='bbox 160 2426 258 2477; x_wconf 76' lang='grc' dir='ltr'><strong>καὶ</strong></span> <span class='ocrx_word' id='word_1_260' title='bbox 324 2426 433 2480; x_wconf 87' lang='grc' dir='ltr'><strong>τῶν</strong></span> <span class='ocrx_word' id='word_1_261' title='bbox 488 2431 773 2503; x_wconf 84' lang='grc' dir='ltr'><strong>προτέρων</strong></span> <span class='ocrx_word' id='word_1_262' title='bbox 818 2434 1196 2505; x_wconf 79' lang='grc' dir='ltr'><strong>ἀποσχόμενος</strong></span> <span class='ocrx_word' id='word_1_263' title='bbox 1252 2438 1738 2510; x_wconf 78' lang='grc' dir='ltr'><strong>ἐπιτηδευμάτων,</strong></span> 
     </span>
    </p>
   </div>
   <div class='ocr_carea' id='block_1_38' title="bbox 160 2517 1738 2598">
    <p class='ocr_par' dir='ltr' id='par_1_38' title="bbox 160 2517 1738 2598">
     <span class='ocr_line' id='line_1_38' title="bbox 160 2517 1738 2598; baseline 0.01 -30"><span class='ocrx_word' id='word_1_264' title='bbox 160 2517 388 2587; x_wconf 82' lang='grc' dir='ltr'><strong>ἀγωγὴν</strong></span> <span class='ocrx_word' id='word_1_265' title='bbox 419 2519 683 2594; x_wconf 81' lang='grc' dir='ltr'><strong>μετέλθῃς</strong></span> <span class='ocrx_word' id='word_1_266' title='bbox 700 2522 861 2591; x_wconf 83' lang='grc' dir='ltr'><strong>φίλην</strong></span> <span class='ocrx_word' id='word_1_267' title='bbox 895 2524 1046 2594; x_wconf 79' lang='grc' dir='ltr'><strong>αὐτῷ</strong></span> <span class='ocrx_word' id='word_1_268' title='bbox 1070 2527 1163 2580; x_wconf 72' lang='grc' dir='ltr'><strong>καὶ</strong></span> <span class='ocrx_word' id='word_1_269' title='bbox 1191 2528 1553 2598; x_wconf 86' lang='grc' dir='ltr'><strong>ἀρέσκουσαν,</strong></span> <span class='ocrx_word' id='word_1_270' title='bbox 1582 2532 1738 2586; x_wconf 81' lang='grc' dir='ltr'><strong>οὐδὲν</strong></span> 
     </span>
    </p>
   </div>
   <div class='ocr_carea' id='block_1_39' title="bbox 158 2608 1741 2688">
    <p class='ocr_par' dir='ltr' id='par_1_39' title="bbox 158 2608 1741 2688">
     <span class='ocr_line' id='line_1_39' title="bbox 158 2608 1741 2688; baseline 0.011 -28"><span class='ocrx_word' id='word_1_271' title='bbox 158 2609 219 2661; x_wconf 76' lang='grc' dir='ltr'><strong>τὸ</strong></span> <span class='ocrx_word' id='word_1_272' title='bbox 249 2608 457 2664; x_wconf 89' lang='grc' dir='ltr'><strong>κωλύον</strong></span> <span class='ocrx_word' id='word_1_273' title='bbox 505 2612 657 2666; x_wconf 76' lang='grc' dir='ltr'><strong>ἔσται</strong></span> <span class='ocrx_word' id='word_1_274' title='bbox 715 2615 811 2668; x_wconf 77' lang='grc' dir='ltr'><strong>καὶ</strong></span> <span class='ocrx_word' id='word_1_275' title='bbox 854 2616 952 2688; x_wconf 84' lang='grc' dir='ltr'><strong>τὴν</strong></span> <span class='ocrx_word' id='word_1_276' title='bbox 1007 2617 1104 2671; x_wconf 87' lang='grc' dir='ltr'><strong>τοῦ</strong></span> <span class='ocrx_word' id='word_1_277' title='bbox 1170 2618 1469 2683; x_wconf 80' lang='grc' dir='ltr'><strong>λυποῦντος</strong></span> <span class='ocrx_word' id='word_1_278' title='bbox 1513 2618 1741 2687; x_wconf 67' lang='grc' dir='ltr'><strong>ἕψεσθαι</strong></span> 
     </span>
    </p>
   </div>
   <div class='ocr_carea' id='block_1_40' title="bbox 161 2697 1742 2782">
    <p class='ocr_par' dir='ltr' id='par_1_40' title="bbox 161 2697 1742 2782">
     <span class='ocr_line' id='line_1_40' title="bbox 161 2697 1742 2782; baseline 0.012 -31"><span class='ocrx_word' id='word_1_279' title='bbox 161 2697 487 2771; x_wconf 83' lang='grc' dir='ltr'><strong>θεραπείαν.</strong></span> <span class='ocrx_word' id='word_1_280' title='bbox 540 2703 646 2757; x_wconf 89' lang='grc' dir='ltr'><strong>Τοῦ</strong></span> <span class='ocrx_word' id='word_1_281' title='bbox 687 2705 743 2758; x_wconf 83' lang='grc' dir='ltr'><strong>δὲ</strong></span> <span class='ocrx_word' id='word_1_282' title='bbox 767 2708 863 2761; x_wconf 71' lang='grc' dir='ltr'><strong>καὶ</strong></span> <span class='ocrx_word' id='word_1_283' title='bbox 894 2709 1181 2763; x_wconf 82' lang='grc' dir='ltr'><strong>πιστεύειν</strong></span> <span class='ocrx_word' id='word_1_284' title='bbox 1216 2711 1629 2782; x_wconf 86' lang='grc' dir='ltr'><strong>ὁμολογοῦντος,</strong></span> <span class='ocrx_word' id='word_1_285' title='bbox 1649 2716 1742 2771; x_wconf 73' lang='grc' dir='ltr'><strong>καὶ</strong></span> 
     </span>
    </p>
   </div>
   <div class='ocr_carea' id='block_1_41' title="bbox 160 2792 1742 2877">
    <p class='ocr_par' dir='ltr' id='par_1_41' title="bbox 160 2792 1742 2877">
     <span class='ocr_line' id='line_1_41' title="bbox 160 2792 1742 2877; baseline 0.011 -34"><span class='ocrx_word' id='word_1_286' title='bbox 160 2792 374 2860; x_wconf 83' lang='grc' dir='ltr'><strong>ἀμείνω</strong></span> <span class='ocrx_word' id='word_1_287' title='bbox 409 2794 563 2864; x_wconf 82' lang='grc' dir='ltr'><strong>θήσει</strong></span> <span class='ocrx_word' id='word_1_288' title='bbox 592 2796 685 2849; x_wconf 67' lang='grc' dir='ltr'><strong>τὸν</strong></span> <span class='ocrx_word' id='word_1_289' title='bbox 740 2799 855 2868; x_wconf 83' lang='grc' dir='ltr'><strong>βίον</strong></span> <span class='ocrx_word' id='word_1_290' title='bbox 894 2800 1357 2873; x_wconf 82' lang='grc' dir='ltr'><strong>ὑπισχνουμένου,</strong></span> <span class='ocrx_word' id='word_1_291' title='bbox 1391 2805 1528 2877; x_wconf 80' lang='grc' dir='ltr'><strong>πρὸς</strong></span> <span class='ocrx_word' id='word_1_292' title='bbox 1557 2806 1616 2861; x_wconf 85' lang='grc' dir='ltr'><strong>δέ</strong></span> <span class='ocrx_word' id='word_1_293' title='bbox 1646 2807 1742 2861; x_wconf 75' lang='grc' dir='ltr'><strong>καὶ</strong></span> 
     </span>
    </p>
   </div>
   <div class='ocr_carea' id='block_1_42' title="bbox 159 2881 1740 2967">
    <p class='ocr_par' dir='ltr' id='par_1_42' title="bbox 159 2881 1740 2967">
     <span class='ocr_line' id='line_1_42' title="bbox 159 2881 1740 2967; baseline 0.012 -33"><span class='ocrx_word' id='word_1_294' title='bbox 159 2881 260 2945; x_wconf 79' lang='grc' dir='ltr'><strong>τὰς</strong></span> <span class='ocrx_word' id='word_1_295' title='bbox 318 2883 478 2952; x_wconf 81' lang='grc' dir='ltr'><strong>ἁγίας</strong></span> <span class='ocrx_word' id='word_1_296' title='bbox 522 2887 741 2952; x_wconf 84' lang='grc' dir='ltr'><strong>ἐκείνας</strong></span> <span class='ocrx_word' id='word_1_297' title='bbox 800 2891 1230 2961; x_wconf 79' lang='grc' dir='ltr'><strong>καταφιλοῦντος</strong></span> <span class='ocrx_word' id='word_1_298' title='bbox 1279 2895 1492 2967; x_wconf 77' lang='grc' dir='ltr'><strong>χεῖρας,</strong></span> <span class='ocrx_word' id='word_1_299' title='bbox 1562 2898 1740 2953; x_wconf 80' lang='grc' dir='ltr'><strong>καὶτὸ</strong></span> 
     </span>
    </p>
   </div>
   <div class='ocr_carea' id='block_1_43' title="bbox 161 2975 1741 3062">
    <p class='ocr_par' dir='ltr' id='par_1_43' title="bbox 161 2975 1741 3062">
     <span class='ocr_line' id='line_1_43' title="bbox 161 2975 1741 3062; baseline 0.012 -36"><span class='ocrx_word' id='word_1_300' title='bbox 161 2975 380 3045; x_wconf 78' lang='grc' dir='ltr'><strong>ἱμάτιον</strong></span> <span class='ocrx_word' id='word_1_301' title='bbox 406 2978 481 3049; x_wconf 82' lang='grc' dir='ltr'><strong>τῷ</strong></span> <span class='ocrx_word' id='word_1_302' title='bbox 521 2980 776 3049; x_wconf 74' lang='grc' dir='ltr'><strong>ἀλγοῦντι</strong></span> <span class='ocrx_word' id='word_1_303' title='bbox 810 2982 968 3055; x_wconf 85' lang='grc' dir='ltr'><strong>μέρει</strong></span> <span class='ocrx_word' id='word_1_304' title='bbox 999 2988 1429 3056; x_wconf 85' lang='grc' dir='ltr'><strong>προσάπτοντος.</strong></span> <span class='ocrx_word' id='word_1_305' title='bbox 1458 2990 1556 3062; x_wconf 83' lang='grc' dir='ltr'><strong>οὐχ</strong></span> <span class='ocrx_word' id='word_1_306' title='bbox 1589 2992 1623 3060; x_wconf 81' lang='grc' dir='ltr'><strong>ἠ</strong></span> <span class='ocrx_word' id='word_1_307' title='bbox 1653 3007 1741 3044; x_wconf 63' lang='grc' dir='ltr'><strong>κει</strong></span> 
     </span>
    </p>
   </div>
   <div class='ocr_carea' id='block_1_44' title="bbox 160 3069 1738 3157">
    <p class='ocr_par' dir='ltr' id='par_1_44' title="bbox 160 3069 1738 3157">
     <span class='ocr_line' id='line_1_44' title="bbox 160 3069 1738 3157; baseline 0.011 -35"><span class='ocrx_word' id='word_1_308' title='bbox 160 3069 309 3140; x_wconf 80' lang='grc' dir='ltr'><strong>φαλὴ</strong></span> <span class='ocrx_word' id='word_1_309' title='bbox 355 3072 489 3141; x_wconf 88' lang='grc' dir='ltr'><strong>μόνη</strong></span> <span class='ocrx_word' id='word_1_310' title='bbox 530 3078 627 3144; x_wconf 80' lang='grc' dir='ltr'><strong>τῆς</strong></span> <span class='ocrx_word' id='word_1_311' title='bbox 672 3073 867 3146; x_wconf 83' lang='grc' dir='ltr'><strong>ὀδύνης</strong></span> <span class='ocrx_word' id='word_1_312' title='bbox 922 3078 1263 3148; x_wconf 74' lang='grc' dir='ltr'><strong>ἀπήλλακτο,</strong></span> <span class='ocrx_word' id='word_1_313' title='bbox 1321 3082 1457 3138; x_wconf 72' lang='grc' dir='ltr'><strong>ἀλλὰ</strong></span> <span class='ocrx_word' id='word_1_314' title='bbox 1492 3084 1640 3139; x_wconf 78' lang='grc' dir='ltr'><strong>καὶὸ</strong></span> <span class='ocrx_word' id='word_1_315' title='bbox 1671 3086 1738 3157; x_wconf 78' lang='grc' dir='ltr'><strong>τῇ</strong></span> 
     </span>
    </p>
   </div>
   <div class='ocr_carea' id='block_1_45' title="bbox 161 3161 1740 3249">
    <p class='ocr_par' dir='ltr' id='par_1_45' title="bbox 161 3161 1740 3249">
     <span class='ocr_line' id='line_1_45' title="bbox 161 3161 1740 3249; baseline 0.013 -36"><span class='ocrx_word' id='word_1_316' title='bbox 161 3161 255 3233; x_wconf 78' lang='grc' dir='ltr'><strong>βίᾳ</strong></span> <span class='ocrx_word' id='word_1_317' title='bbox 287 3162 490 3235; x_wconf 88' lang='grc' dir='ltr'><strong>ταύτης</strong></span> <span class='ocrx_word' id='word_1_318' title='bbox 541 3167 896 3239; x_wconf 75' lang='grc' dir='ltr'><strong>ἐκκρουσθεὶς</strong></span> <span class='ocrx_word' id='word_1_319' title='bbox 915 3171 1217 3243; x_wconf 72' lang='grc' dir='ltr'><strong>ὀφθαλμὸς,</strong></span> <span class='ocrx_word' id='word_1_320' title='bbox 1252 3174 1443 3246; x_wconf 81' lang='grc' dir='ltr'><strong>ὥσπερ</strong></span> <span class='ocrx_word' id='word_1_321' title='bbox 1470 3177 1740 3249; x_wconf 84' lang='grc' dir='ltr'><strong>πρότερον</strong></span> 
     </span>
    </p>
   </div>
   <div class='ocr_carea' id='block_1_46' title="bbox 158 3253 1806 3342">
    <p class='ocr_par' dir='ltr' id='par_1_46' title="bbox 158 3253 1806 3342">
     <span class='ocr_line' id='line_1_46' title="bbox 158 3253 1806 3342; baseline 0.012 -35"><span class='ocrx_word' id='word_1_322' title='bbox 158 3254 306 3309; x_wconf 69' lang='grc' dir='ltr'><strong>κατὰ</strong></span> <span class='ocrx_word' id='word_1_323' title='bbox 368 3256 548 3327; x_wconf 81' lang='grc' dir='ltr'><strong>χώραν</strong></span> <span class='ocrx_word' id='word_1_324' title='bbox 572 3253 665 3330; x_wconf 80' lang='grc' dir='ltr'><strong>ἦν.</strong></span> <span class='ocrx_word' id='word_1_325' title='bbox 701 3262 903 3331; x_wconf 85' lang='grc' dir='ltr'><strong>Ἤρκει</strong></span> <span class='ocrx_word' id='word_1_326' title='bbox 951 3265 1112 3318; x_wconf 89' lang='grc' dir='ltr'><strong>τοῦτο</strong></span> <span class='ocrx_word' id='word_1_327' title='bbox 1138 3266 1351 3338; x_wconf 82' lang='grc' dir='ltr'><strong>λεχθὲν,</strong></span> <span class='ocrx_word' id='word_1_328' title='bbox 1377 3269 1474 3325; x_wconf 77' lang='grc' dir='ltr'><strong>καὶ</strong></span> <span class='ocrx_word' id='word_1_329' title='bbox 1504 3272 1605 3342; x_wconf 83' lang='grc' dir='ltr'><strong>τῆς</strong></span> <span class='ocrx_word' id='word_1_330' title='bbox 1638 3271 1734 3326; x_wconf 86' lang='grc' dir='ltr'><strong>τοῦ</strong></span> <span class='ocrx_word' id='word_1_331' title='bbox 1770 3268 1806 3318; x_wconf 79' lang='lat' dir='ltr'><strong>C</strong></span> 
     </span>
    </p>
   </div>
   <div class='ocr_carea' id='block_1_47' title="bbox 156 3345 1735 3434">
    <p class='ocr_par' dir='ltr' id='par_1_47' title="bbox 156 3345 1735 3434">
     <span class='ocr_line' id='line_1_47' title="bbox 156 3345 1735 3434; baseline 0.01 -37"><span class='ocrx_word' id='word_1_332' title='bbox 156 3345 320 3412; x_wconf 80' lang='grc' dir='ltr'><strong>ἁγίου</strong></span> <span class='ocrx_word' id='word_1_333' title='bbox 362 3348 597 3412; x_wconf 89' lang='grc' dir='ltr'><strong>πίστεως</strong></span> <span class='ocrx_word' id='word_1_334' title='bbox 650 3350 922 3422; x_wconf 88' lang='grc' dir='ltr'><strong>σύμϐολον</strong></span> <span class='ocrx_word' id='word_1_335' title='bbox 982 3356 1239 3423; x_wconf 89' lang='grc' dir='ltr'><strong>γενέσθαι</strong></span> <span class='ocrx_word' id='word_1_336' title='bbox 1300 3360 1493 3431; x_wconf 84' lang='grc' dir='ltr'><strong>σαφὲς,</strong></span> <span class='ocrx_word' id='word_1_337' title='bbox 1550 3365 1646 3416; x_wconf 72' lang='grc' dir='ltr'><strong>καὶ</strong></span> <span class='ocrx_word' id='word_1_338' title='bbox 1666 3362 1735 3434; x_wconf 77' lang='grc' dir='ltr'><strong>ἦν</strong></span> 
     </span>
    </p>
   </div>
   <div class='ocr_carea' id='block_1_48' title="bbox 154 3435 1606 3528">
    <p class='ocr_par' dir='ltr' id='par_1_48' title="bbox 154 3435 1606 3528">
     <span class='ocr_line' id='line_1_48' title="bbox 154 3435 1606 3528; baseline 0.011 -33"><span class='ocrx_word' id='word_1_339' title='bbox 154 3435 314 3508; x_wconf 77' lang='grc' dir='ltr'><strong>οὗτος</strong></span> <span class='ocrx_word' id='word_1_340' title='bbox 337 3442 594 3499; x_wconf 74' lang='grc' dir='ltr'><strong>ἐπλούτει</strong></span> <span class='ocrx_word' id='word_1_341' title='bbox 628 3450 781 3518; x_wconf 78' lang='grc' dir='ltr'><strong>παρὰ</strong></span> <span class='ocrx_word' id='word_1_342' title='bbox 806 3448 901 3502; x_wconf 84' lang='grc' dir='ltr'><strong>τοῦ</strong></span> <span class='ocrx_word' id='word_1_343' title='bbox 928 3448 1087 3517; x_wconf 86' lang='grc' dir='ltr'><strong>Θεοῦ,</strong></span> <span class='ocrx_word' id='word_1_344' title='bbox 1112 3453 1381 3524; x_wconf 77' lang='grc' dir='ltr'><strong>γνωρίσαι</strong></span> <span class='ocrx_word' id='word_1_345' title='bbox 1413 3457 1606 3528; x_wconf 80' lang='grc' dir='ltr'><strong>ῥοπήν.</strong></span> 
     </span>
    </p>
   </div>
   <div class='ocr_carea' id='block_1_49' title="bbox 222 3725 1734 3808">
    <p class='ocr_par' dir='ltr' id='par_1_49' title="bbox 222 3725 1734 3808">
     <span class='ocr_line' id='line_1_49' title="bbox 222 3725 1734 3808; baseline 0.005 -25"><span class='ocrx_word' id='word_1_346' title='bbox 222 3725 299 3783; x_wconf 90' lang='lat' dir='ltr'><strong>Z&#39;.</strong></span> <span class='ocrx_word' id='word_1_347' title='bbox 355 3727 415 3781; x_wconf 88' lang='grc' dir='ltr'>Ὀ</span> <span class='ocrx_word' id='word_1_348' title='bbox 443 3727 500 3781; x_wconf 86' lang='grc' dir='ltr'><strong>δὲ</strong></span> <span class='ocrx_word' id='word_1_349' title='bbox 529 3728 686 3797; x_wconf 85' lang='grc' dir='ltr'><strong>λόγος</strong></span> <span class='ocrx_word' id='word_1_350' title='bbox 714 3730 811 3786; x_wconf 69' lang='grc' dir='ltr'><strong>καὶ</strong></span> <span class='ocrx_word' id='word_1_351' title='bbox 830 3729 1016 3805; x_wconf 73' lang='grc' dir='ltr'><strong>ἕτερον</strong></span> <span class='ocrx_word' id='word_1_352' title='bbox 1042 3732 1136 3787; x_wconf 74' lang='grc' dir='ltr'><strong>ἐπὶ</strong></span> <span class='ocrx_word' id='word_1_353' title='bbox 1152 3733 1326 3806; x_wconf 85' lang='grc' dir='ltr'><strong>τούτῳ</strong></span> <span class='ocrx_word' id='word_1_354' title='bbox 1350 3735 1581 3794; x_wconf 76' lang='grc' dir='ltr'><strong>διελθεῖν</strong></span> <span class='ocrx_word' id='word_1_355' title='bbox 1604 3736 1734 3808; x_wconf 85' lang='grc' dir='ltr'><strong>βού-</strong></span> 
     </span>
    </p>
   </div>
   <div class='ocr_carea' id='block_1_50' title="bbox 150 3814 1732 3893">
    <p class='ocr_par' dir='ltr' id='par_1_50' title="bbox 150 3814 1732 3893">
     <span class='ocr_line' id='line_1_50' title="bbox 150 3814 1732 3893; baseline 0.007 -24"><span class='ocrx_word' id='word_1_356' title='bbox 150 3816 329 3881; x_wconf 88' lang='grc' dir='ltr'><strong>λεται,</strong></span> <span class='ocrx_word' id='word_1_357' title='bbox 369 3816 521 3871; x_wconf 80' lang='grc' dir='ltr'><strong>οὐδὲν</strong></span> <span class='ocrx_word' id='word_1_358' title='bbox 575 3814 743 3893; x_wconf 80' lang='grc' dir='ltr'><strong>ἦττον</strong></span> <span class='ocrx_word' id='word_1_359' title='bbox 799 3820 893 3875; x_wconf 91' lang='grc' dir='ltr'><strong>τοῦ</strong></span> <span class='ocrx_word' id='word_1_360' title='bbox 937 3821 1303 3893; x_wconf 87' lang='grc' dir='ltr'><strong>προλαϐόντος</strong></span> <span class='ocrx_word' id='word_1_361' title='bbox 1329 3825 1392 3879; x_wconf 75' lang='grc' dir='ltr'><strong>τὸ</strong></span> <span class='ocrx_word' id='word_1_362' title='bbox 1421 3826 1732 3881; x_wconf 82' lang='grc' dir='ltr'><strong>σιωπᾶσθαι</strong></span> 
     </span>
    </p>
   </div>
   <div class='ocr_carea' id='block_1_51' title="bbox 153 3908 1731 3988">
    <p class='ocr_par' dir='ltr' id='par_1_51' title="bbox 153 3908 1731 3988">
     <span class='ocr_line' id='line_1_51' title="bbox 153 3908 1731 3988; baseline 0.007 -25"><span class='ocrx_word' id='word_1_363' title='bbox 153 3908 230 3980; x_wconf 83' lang='grc' dir='ltr'><strong>μὴ</strong></span> <span class='ocrx_word' id='word_1_364' title='bbox 289 3910 641 3980; x_wconf 87' lang='grc' dir='ltr'><strong>ἀνεχόμενον.</strong></span> <span class='ocrx_word' id='word_1_365' title='bbox 707 3913 803 3980; x_wconf 82' lang='grc' dir='ltr'><strong>Τὸ,</strong></span> <span class='ocrx_word' id='word_1_366' title='bbox 857 3915 1000 3969; x_wconf 83' lang='grc' dir='ltr'><strong>κατὰ</strong></span> <span class='ocrx_word' id='word_1_367' title='bbox 1025 3915 1116 3969; x_wconf 83' lang='grc' dir='ltr'><strong>τὸν</strong></span> <span class='ocrx_word' id='word_1_368' title='bbox 1177 3916 1471 3988; x_wconf 82' lang='grc' dir='ltr'><strong>’Δρχέλαον</strong></span> <span class='ocrx_word' id='word_1_369' title='bbox 1511 3919 1731 3984; x_wconf 87' lang='grc' dir='ltr'><strong>πάντως</strong></span> 
     </span>
    </p>
   </div>
   <div class='ocr_carea' id='block_1_52' title="bbox 147 4000 1729 4082">
    <p class='ocr_par' dir='ltr' id='par_1_52' title="bbox 147 4000 1729 4082">
     <span class='ocr_line' id='line_1_52' title="bbox 147 4000 1729 4082; baseline 0.008 -28"><span class='ocrx_word' id='word_1_370' title='bbox 147 4002 316 4075; x_wconf 75' lang='grc' dir='ltr'><strong>φημὶ,</strong></span> <span class='ocrx_word' id='word_1_371' title='bbox 372 4004 467 4057; x_wconf 65' lang='grc' dir='ltr'><strong>καλ⁵</strong></span> <span class='ocrx_word' id='word_1_372' title='bbox 512 4000 581 4077; x_wconf 78' lang='grc' dir='ltr'><strong>ἧς</strong></span> <span class='ocrx_word' id='word_1_373' title='bbox 648 4003 838 4078; x_wconf 76' lang='grc' dir='ltr'><strong>ἔτυχεν</strong></span> <span class='ocrx_word' id='word_1_374' title='bbox 892 4009 1099 4072; x_wconf 86' lang='grc' dir='ltr'><strong>ἐκεῖνος</strong></span> <span class='ocrx_word' id='word_1_375' title='bbox 1167 4009 1631 4082; x_wconf 74' lang='grc' dir='ltr'><strong>θαυματουργίαςο</strong></span> <span class='ocrx_word' id='word_1_376' title='bbox 1666 4013 1729 4078; x_wconf 83' lang='grc' dir='ltr'><strong>ὃς</strong></span> 
     </span>
    </p>
   </div>
   <div class='ocr_carea' id='block_1_53' title="bbox 157 4097 1730 4177">
    <p class='ocr_par' dir='ltr' id='par_1_53' title="bbox 157 4097 1730 4177">
     <span class='ocr_line' id='line_1_53' title="bbox 157 4097 1730 4177; baseline 0.006 -25"><span class='ocrx_word' id='word_1_377' title='bbox 157 4097 497 4166; x_wconf 79' lang='grc' dir='ltr'><strong>Ἀντιοχείας</strong></span> <span class='ocrx_word' id='word_1_378' title='bbox 523 4098 621 4168; x_wconf 83' lang='grc' dir='ltr'><strong>μὲν</strong></span> <span class='ocrx_word' id='word_1_379' title='bbox 645 4098 829 4171; x_wconf 81' lang='grc' dir='ltr'><strong>ἄρχων</strong></span> <span class='ocrx_word' id='word_1_380' title='bbox 858 4100 1156 4172; x_wconf 75' lang='grc' dir='ltr'><strong>ἐτύγχανεν</strong></span> <span class='ocrx_word' id='word_1_381' title='bbox 1186 4101 1282 4166; x_wconf 85' lang='grc' dir='ltr'><strong>ῶν,</strong></span> <span class='ocrx_word' id='word_1_382' title='bbox 1315 4104 1409 4158; x_wconf 81' lang='grc' dir='ltr'><strong>καὶ</strong></span> <span class='ocrx_word' id='word_1_383' title='bbox 1436 4104 1506 4159; x_wconf 80' lang='grc' dir='ltr'><strong>τὰ</strong></span> <span class='ocrx_word' id='word_1_384' title='bbox 1534 4105 1730 4177; x_wconf 77' lang='grc' dir='ltr'><strong>πρῶτα</strong></span> 
     </span>
    </p>
   </div>
   <div class='ocr_carea' id='block_1_54' title="bbox 145 4190 1727 4269">
    <p class='ocr_par' dir='ltr' id='par_1_54' title="bbox 145 4190 1727 4269">
     <span class='ocr_line' id='line_1_54' title="bbox 145 4190 1727 4269; baseline 0.007 -27"><span class='ocrx_word' id='word_1_385' title='bbox 145 4192 338 4261; x_wconf 82' lang='grc' dir='ltr'><strong>φέρων</strong></span> <span class='ocrx_word' id='word_1_386' title='bbox 389 4190 489 4259; x_wconf 82' lang='grc' dir='ltr'><strong>τῆς</strong></span> <span class='ocrx_word' id='word_1_387' title='bbox 517 4190 746 4255; x_wconf 82' lang='grc' dir='ltr'><strong>πόλεως’</strong></span> <span class='ocrx_word' id='word_1_388' title='bbox 779 4192 844 4246; x_wconf 84' lang='grc' dir='ltr'><strong>ἐκ</strong></span> <span class='ocrx_word' id='word_1_389' title='bbox 863 4210 1011 4257; x_wconf 84' lang='grc' dir='ltr'><strong>τινος</strong></span> <span class='ocrx_word' id='word_1_390' title='bbox 1037 4195 1097 4249; x_wconf 80' lang='grc' dir='ltr'><strong>δὲ</strong></span> <span class='ocrx_word' id='word_1_391' title='bbox 1129 4196 1280 4268; x_wconf 86' lang='grc' dir='ltr'><strong>αὑτῷ</strong></span> <span class='ocrx_word' id='word_1_392' title='bbox 1312 4197 1727 4269; x_wconf 83' lang='grc' dir='ltr'><strong>συμπτώματος</strong></span> 
     </span>
    </p>
   </div>
   <div class='ocr_carea' id='block_1_55' title="bbox 144 4281 1728 4361">
    <p class='ocr_par' dir='ltr' id='par_1_55' title="bbox 144 4281 1728 4361">
     <span class='ocr_line' id='line_1_55' title="bbox 144 4281 1728 4361; baseline 0.005 -26"><span class='ocrx_word' id='word_1_393' title='bbox 144 4282 466 4354; x_wconf 74' lang='grc' dir='ltr'><strong>ἀπορρήτου</strong></span> <span class='ocrx_word' id='word_1_394' title='bbox 489 4281 665 4354; x_wconf 87' lang='grc' dir='ltr'><strong>λέπρα</strong></span> <span class='ocrx_word' id='word_1_395' title='bbox 694 4283 771 4356; x_wconf 81' lang='grc' dir='ltr'><strong>τῷ</strong></span> <span class='ocrx_word' id='word_1_396' title='bbox 814 4284 1051 4357; x_wconf 81' lang='grc' dir='ltr'><strong>μετώπῳ</strong></span> <span class='ocrx_word' id='word_1_397' title='bbox 1076 4304 1159 4350; x_wconf 85' lang='grc' dir='ltr'><strong>τις</strong></span> <span class='ocrx_word' id='word_1_398' title='bbox 1191 4288 1556 4358; x_wconf 79' lang='grc' dir='ltr'><strong>ἐπανθήσαοα</strong></span> <span class='ocrx_word' id='word_1_399' title='bbox 1597 4291 1728 4361; x_wconf 80' lang='grc' dir='ltr'><strong>σφό-</strong></span> 
     </span>
    </p>
   </div>
   <div class='ocr_carea' id='block_1_56' title="bbox 143 4373 1725 4451">
    <p class='ocr_par' dir='ltr' id='par_1_56' title="bbox 143 4373 1725 4451">
     <span class='ocr_line' id='line_1_56' title="bbox 143 4373 1725 4451; baseline 0.008 -25"><span class='ocrx_word' id='word_1_400' title='bbox 143 4373 250 4446; x_wconf 89' lang='grc' dir='ltr'><strong>δρα</strong></span> <span class='ocrx_word' id='word_1_401' title='bbox 298 4374 515 4442; x_wconf 80' lang='grc' dir='ltr'><strong>ἐλύπει,</strong></span> <span class='ocrx_word' id='word_1_402' title='bbox 548 4375 617 4431; x_wconf 84' lang='grc' dir='ltr'><strong>δι’</strong></span> <span class='ocrx_word' id='word_1_403' title='bbox 641 4377 905 4450; x_wconf 81' lang='grc' dir='ltr'><strong>αἰσχύνης</strong></span> <span class='ocrx_word' id='word_1_404' title='bbox 937 4377 998 4434; x_wconf 73' lang='grc' dir='ltr'><strong>τὸ</strong></span> <span class='ocrx_word' id='word_1_405' title='bbox 1051 4378 1224 4444; x_wconf 81' lang='grc' dir='ltr'><strong>πάθος</strong></span> <span class='ocrx_word' id='word_1_406' title='bbox 1266 4380 1578 4451; x_wconf 65' lang='grc' dir='ltr'><strong>τιθέμενα),</strong></span> <span class='ocrx_word' id='word_1_407' title='bbox 1629 4382 1725 4438; x_wconf 75' lang='grc' dir='ltr'><strong>καὶ</strong></span> 
     </span>
    </p>
   </div>
   <div class='ocr_carea' id='block_1_57' title="bbox 146 4467 1725 4545">
    <p class='ocr_par' dir='ltr' id='par_1_57' title="bbox 146 4467 1725 4545">
     <span class='ocr_line' id='line_1_57' title="bbox 146 4467 1725 4545; baseline 0.004 -27"><span class='ocrx_word' id='word_1_408' title='bbox 146 4467 342 4535; x_wconf 80' lang='grc' dir='ltr'><strong>σχεδὸν</strong></span> <span class='ocrx_word' id='word_1_409' title='bbox 380 4469 599 4523; x_wconf 80' lang='grc' dir='ltr'><strong>ἃπασαν</strong></span> <span class='ocrx_word' id='word_1_410' title='bbox 655 4471 1058 4540; x_wconf 85' lang='grc' dir='ltr'><strong>ἐκτρεπόμενον</strong></span> <span class='ocrx_word' id='word_1_411' title='bbox 1105 4471 1249 4541; x_wconf 75' lang='grc' dir='ltr'><strong>ὄψιν.</strong></span> <span class='ocrx_word' id='word_1_412' title='bbox 1282 4472 1463 4528; x_wconf 82' lang='grc' dir='ltr'><strong>Πολλά</strong></span> <span class='ocrx_word' id='word_1_413' title='bbox 1502 4473 1603 4545; x_wconf 83' lang='grc' dir='ltr'><strong>μὲν</strong></span> <span class='ocrx_word' id='word_1_414' title='bbox 1631 4474 1725 4529; x_wconf 85' lang='grc' dir='ltr'><strong>οῦν</strong></span> 
     </span>
    </p>
   </div>
   <div class='ocr_carea' id='block_1_58' title="bbox 147 4559 1727 4636">
    <p class='ocr_par' dir='ltr' id='par_1_58' title="bbox 147 4559 1727 4636">
     <span class='ocr_line' id='line_1_58' title="bbox 147 4559 1727 4636; baseline 0.008 -25"><span class='ocrx_word' id='word_1_415' title='bbox 147 4559 357 4630; x_wconf 82' lang='grc' dir='ltr'><strong>ἰατρῶν</strong></span> <span class='ocrx_word' id='word_1_416' title='bbox 403 4559 568 4636; x_wconf 76' lang='grc' dir='ltr'><strong>τέχνῃ</strong></span> <span class='ocrx_word' id='word_1_417' title='bbox 622 4561 802 4636; x_wconf 82' lang='grc' dir='ltr'><strong>βοηθῷ</strong></span> <span class='ocrx_word' id='word_1_418' title='bbox 855 4564 1223 4635; x_wconf 87' lang='grc' dir='ltr'><strong>χρησάμενος,</strong></span> <span class='ocrx_word' id='word_1_419' title='bbox 1272 4565 1426 4620; x_wconf 82' lang='grc' dir='ltr'><strong>οὐδὲν</strong></span> <span class='ocrx_word' id='word_1_420' title='bbox 1469 4568 1727 4623; x_wconf 80' lang='grc' dir='ltr'><strong>ἀπώνατο</strong></span> 
     </span>
    </p>
   </div>
   <div class='ocr_carea' id='block_1_59' title="bbox 141 4651 1728 4726">
    <p class='ocr_par' dir='ltr' id='par_1_59' title="bbox 141 4651 1728 4726">
     <span class='ocr_line' id='line_1_59' title="bbox 141 4651 1728 4726; baseline 0.006 -22"><span class='ocrx_word' id='word_1_421' title='bbox 141 4651 333 4715; x_wconf 86' lang='grc' dir='ltr'><strong>πλέον,</strong></span> <span class='ocrx_word' id='word_1_422' title='bbox 368 4652 403 4722; x_wconf 78' lang='grc' dir='ltr'><strong>ἢ</strong></span> <span class='ocrx_word' id='word_1_423' title='bbox 455 4653 535 4724; x_wconf 83' lang='grc' dir='ltr'><strong>τῷ</strong></span> <span class='ocrx_word' id='word_1_424' title='bbox 577 4654 741 4725; x_wconf 84' lang='grc' dir='ltr'><strong>λίχνῳ</strong></span> <span class='ocrx_word' id='word_1_425' title='bbox 788 4655 1082 4720; x_wconf 74' lang='grc' dir='ltr'><strong>παίζεσθαι</strong></span> <span class='ocrx_word' id='word_1_426' title='bbox 1126 4658 1235 4711; x_wconf 84' lang='grc' dir='ltr'><strong>τῶν</strong></span> <span class='ocrx_word' id='word_1_427' title='bbox 1295 4658 1550 4726; x_wconf 80' lang='grc' dir='ltr'><strong>ἐλπίδων,</strong></span> <span class='ocrx_word' id='word_1_428' title='bbox 1621 4659 1728 4725; x_wconf 79' lang='grc' dir='ltr'><strong>ἓως</strong></span> 
     </span>
    </p>
   </div>
   <div class='ocr_carea' id='block_1_60' title="bbox 134 4744 1733 4823">
    <p class='ocr_par' dir='ltr' id='par_1_60' title="bbox 134 4744 1733 4823">
     <span class='ocr_line' id='line_1_60' title="bbox 134 4744 1733 4823; baseline 0.006 -25"><span class='ocrx_word' id='word_1_429' title='bbox 134 4744 514 4816; x_wconf 68' lang='grc' dir='ltr'><strong>ἠλέγχθησάν.</strong></span> <span class='ocrx_word' id='word_1_430' title='bbox 564 4747 691 4818; x_wconf 72' lang='grc' dir='ltr'><strong>Ὀψὲ</strong></span> <span class='ocrx_word' id='word_1_431' title='bbox 710 4747 841 4817; x_wconf 86' lang='grc' dir='ltr'><strong>γοῦν</strong></span> <span class='ocrx_word' id='word_1_432' title='bbox 872 4750 967 4803; x_wconf 65' lang='grc' dir='ltr'><strong>καλ⁵</strong></span> <span class='ocrx_word' id='word_1_433' title='bbox 1000 4750 1152 4820; x_wconf 82' lang='grc' dir='ltr'><strong>μόλις</strong></span> <span class='ocrx_word' id='word_1_434' title='bbox 1180 4750 1273 4806; x_wconf 79' lang='grc' dir='ltr'><strong>τὸν</strong></span> <span class='ocrx_word' id='word_1_435' title='bbox 1303 4753 1459 4823; x_wconf 78' lang='grc' dir='ltr'><strong>ἅγιον</strong></span> <span class='ocrx_word' id='word_1_436' title='bbox 1490 4754 1572 4818; x_wconf 87' lang='grc' dir='ltr'><strong>είς</strong></span> <span class='ocrx_word' id='word_1_437' title='bbox 1604 4753 1733 4809; x_wconf 89' lang='grc' dir='ltr'><strong>νοῦν</strong></span> 
     </span>
    </p>
   </div>
   <div class='ocr_carea' id='block_1_61' title="bbox 139 4837 1724 4918">
    <p class='ocr_par' dir='ltr' id='par_1_61' title="bbox 139 4837 1724 4918">
     <span class='ocr_line' id='line_1_61' title="bbox 139 4837 1724 4918; baseline 0.008 -29"><span class='ocrx_word' id='word_1_438' title='bbox 139 4837 501 4908; x_wconf 83' lang='grc' dir='ltr'><strong>βαλλόμενος,</strong></span> <span class='ocrx_word' id='word_1_439' title='bbox 556 4843 651 4893; x_wconf 71' lang='grc' dir='ltr'><strong>καὶ</strong></span> <span class='ocrx_word' id='word_1_440' title='bbox 711 4841 1029 4914; x_wconf 84' lang='grc' dir='ltr'><strong>θερμοτέρῳ</strong></span> <span class='ocrx_word' id='word_1_441' title='bbox 1076 4843 1348 4911; x_wconf 88' lang='grc' dir='ltr'><strong>πνεύματι</strong></span> <span class='ocrx_word' id='word_1_442' title='bbox 1388 4845 1527 4918; x_wconf 79' lang='grc' dir='ltr'><strong>πρὸς</strong></span> <span class='ocrx_word' id='word_1_443' title='bbox 1555 4846 1724 4902; x_wconf 77' lang='grc' dir='ltr'><strong>αὐτὸν</strong></span> 
     </span>
    </p>
   </div>
   <div class='ocr_carea' id='block_1_62' title="bbox 136 4928 1731 5008">
    <p class='ocr_par' dir='ltr' id='par_1_62' title="bbox 136 4928 1731 5008">
     <span class='ocr_line' id='line_1_62' title="bbox 136 4928 1731 5008; baseline 0.008 -25"><span class='ocrx_word' id='word_1_444' title='bbox 136 4928 504 5000; x_wconf 77' lang='grc' dir='ltr'><strong>ἀφικόμενος,</strong></span> <span class='ocrx_word' id='word_1_445' title='bbox 549 4930 726 4986; x_wconf 84' lang='grc' dir='ltr'><strong>ποδῶν</strong></span> <span class='ocrx_word' id='word_1_446' title='bbox 746 4949 806 4986; x_wconf 90' lang='grc' dir='ltr'><strong>τε</strong></span> <span class='ocrx_word' id='word_1_447' title='bbox 860 4934 1067 5003; x_wconf 79' lang='grc' dir='ltr'><strong>ἥπτετο</strong></span> <span class='ocrx_word' id='word_1_448' title='bbox 1122 4937 1233 4991; x_wconf 87' lang='grc' dir='ltr'><strong>τῶν</strong></span> <span class='ocrx_word' id='word_1_449' title='bbox 1287 4938 1483 5008; x_wconf 82' lang='grc' dir='ltr'><strong>ἁγίων,</strong></span> <span class='ocrx_word' id='word_1_450' title='bbox 1530 4941 1627 4994; x_wconf 79' lang='grc' dir='ltr'><strong>καὶ</strong></span> <span class='ocrx_word' id='word_1_451' title='bbox 1668 4946 1731 4995; x_wconf 81' lang='grc' dir='ltr'><strong>τὸ</strong></span> 
     </span>
    </p>
   </div>
   <div class='ocr_carea' id='block_1_63' title="bbox 138 5022 1731 5104">
    <p class='ocr_par' dir='ltr' id='par_1_63' title="bbox 138 5022 1731 5104">
     <span class='ocr_line' id='line_1_63' title="bbox 138 5022 1731 5104; baseline 0.008 -30"><span class='ocrx_word' id='word_1_452' title='bbox 138 5022 326 5085; x_wconf 81' lang='grc' dir='ltr'><strong>πάθος</strong></span> <span class='ocrx_word' id='word_1_453' title='bbox 366 5022 601 5086; x_wconf 84' lang='grc' dir='ltr'><strong>ἐδείκνυ,</strong></span> <span class='ocrx_word' id='word_1_454' title='bbox 635 5024 735 5080; x_wconf 74' lang='grc' dir='ltr'><strong>καὶ</strong></span> <span class='ocrx_word' id='word_1_455' title='bbox 765 5026 1064 5097; x_wconf 87' lang='grc' dir='ltr'><strong>θεραπείαν</strong></span> <span class='ocrx_word' id='word_1_456' title='bbox 1097 5028 1192 5082; x_wconf 87' lang='grc' dir='ltr'><strong>τοῦ</strong></span> <span class='ocrx_word' id='word_1_457' title='bbox 1222 5029 1520 5096; x_wconf 76' lang='grc' dir='ltr'><strong>λυποῦντος</strong></span> <span class='ocrx_word' id='word_1_458' title='bbox 1547 5033 1731 5104; x_wconf 72' lang='grc' dir='ltr'><strong>ᾐτεῖτο</strong></span> 
     </span>
    </p>
   </div>
   <div class='ocr_carea' id='block_1_64' title="bbox 135 5113 1728 5192">
    <p class='ocr_par' dir='ltr' id='par_1_64' title="bbox 135 5113 1728 5192">
     <span class='ocr_line' id='line_1_64' title="bbox 135 5113 1728 5192; baseline 0.007 -25"><span class='ocrx_word' id='word_1_459' title='bbox 135 5113 356 5167; x_wconf 82' lang='grc' dir='ltr'><strong>λαϐεῖν’</strong></span> <span class='ocrx_word' id='word_1_460' title='bbox 384 5115 476 5167; x_wconf 87' lang='grc' dir='ltr'><strong>τὸν</strong></span> <span class='ocrx_word' id='word_1_461' title='bbox 503 5114 559 5169; x_wconf 86' lang='grc' dir='ltr'><strong>δέ</strong></span> <span class='ocrx_word' id='word_1_462' title='bbox 586 5116 682 5169; x_wconf 69' lang='grc' dir='ltr'><strong>καὶ</strong></span> <span class='ocrx_word' id='word_1_463' title='bbox 737 5115 958 5186; x_wconf 81' lang='grc' dir='ltr'><strong>ἐλεῆσαι</strong></span> <span class='ocrx_word' id='word_1_464' title='bbox 994 5117 1094 5189; x_wconf 84' lang='grc' dir='ltr'><strong>τὴν</strong></span> <span class='ocrx_word' id='word_1_465' title='bbox 1137 5122 1448 5192; x_wconf 82' lang='grc' dir='ltr'><strong>συμφορὰν,</strong></span> <span class='ocrx_word' id='word_1_466' title='bbox 1492 5123 1587 5177; x_wconf 81' lang='grc' dir='ltr'><strong>καὶ</strong></span> <span class='ocrx_word' id='word_1_467' title='bbox 1611 5126 1728 5188; x_wconf 86' lang='grc' dir='ltr'><strong>ταῖς</strong></span> 
     </span>
    </p>
   </div>
   <div class='ocr_carea' id='block_1_65' title="bbox 133 5204 1729 5287">
    <p class='ocr_par' dir='ltr' id='par_1_65' title="bbox 133 5204 1729 5287">
     <span class='ocr_line' id='line_1_65' title="bbox 133 5204 1729 5287; baseline 0.009 -29"><span class='ocrx_word' id='word_1_468' title='bbox 133 5204 234 5259; x_wconf 89' lang='grc' dir='ltr'><strong>τοῦ</strong></span> <span class='ocrx_word' id='word_1_469' title='bbox 276 5204 563 5274; x_wconf 77' lang='grc' dir='ltr'><strong>δεηθέντος</strong></span> <span class='ocrx_word' id='word_1_470' title='bbox 594 5209 1010 5279; x_wconf 85' lang='grc' dir='ltr'><strong>ἐπικαμφθῆναι</strong></span> <span class='ocrx_word' id='word_1_471' title='bbox 1038 5214 1261 5279; x_wconf 84' lang='grc' dir='ltr'><strong>φωναῖς.</strong></span> <span class='ocrx_word' id='word_1_472' title='bbox 1287 5210 1419 5269; x_wconf 76' lang='grc' dir='ltr'><strong>Εἶτα</strong></span> <span class='ocrx_word' id='word_1_473' title='bbox 1436 5217 1729 5287; x_wconf 85' lang='grc' dir='ltr'><strong>ὁμολογίαν</strong></span> 
     </span>
    </p>
   </div>
   <div class='ocr_carea' id='block_1_66' title="bbox 132 5297 1724 5377">
    <p class='ocr_par' dir='ltr' id='par_1_66' title="bbox 132 5297 1724 5377">
     <span class='ocr_line' id='line_1_66' title="bbox 132 5297 1724 5377; baseline 0.009 -27"><span class='ocrx_word' id='word_1_474' title='bbox 132 5297 307 5350; x_wconf 73' lang='grc' dir='ltr'><strong>αὑτὸν</strong></span> <span class='ocrx_word' id='word_1_475' title='bbox 361 5297 665 5368; x_wconf 81' lang='grc' dir='ltr'><strong>ἀπαιτῆσαι</strong></span> <span class='ocrx_word' id='word_1_476' title='bbox 722 5301 975 5374; x_wconf 80' lang='grc' dir='ltr'><strong>πονηρῶν</strong></span> <span class='ocrx_word' id='word_1_477' title='bbox 1009 5304 1090 5366; x_wconf 90' lang='grc' dir='ltr'><strong>εἰς</strong></span> <span class='ocrx_word' id='word_1_478' title='bbox 1117 5303 1177 5357; x_wconf 81' lang='grc' dir='ltr'><strong>τὸ</strong></span> <span class='ocrx_word' id='word_1_479' title='bbox 1205 5304 1333 5376; x_wconf 75' lang='grc' dir='ltr'><strong>ἑξῆς</strong></span> <span class='ocrx_word' id='word_1_480' title='bbox 1364 5307 1542 5377; x_wconf 74' lang='grc' dir='ltr'><strong>ἔργων</strong></span> <span class='ocrx_word' id='word_1_481' title='bbox 1585 5311 1724 5364; x_wconf 84' lang='grc' dir='ltr'><strong>ἀπο-</strong></span> 
     </span>
    </p>
   </div>
   <div class='ocr_carea' id='block_1_67' title="bbox 130 5385 1724 5472">
    <p class='ocr_par' dir='ltr' id='par_1_67' title="bbox 130 5385 1724 5472">
     <span class='ocr_line' id='line_1_67' title="bbox 130 5385 1724 5472; baseline 0.01 -34"><span class='ocrx_word' id='word_1_482' title='bbox 130 5385 375 5457; x_wconf 77' lang='grc' dir='ltr'><strong>τροπῆς,</strong></span> <span class='ocrx_word' id='word_1_483' title='bbox 435 5386 531 5440; x_wconf 78' lang='grc' dir='ltr'><strong>καὶ</strong></span> <span class='ocrx_word' id='word_1_484' title='bbox 582 5388 681 5459; x_wconf 85' lang='grc' dir='ltr'><strong>τῆς</strong></span> <span class='ocrx_word' id='word_1_485' title='bbox 710 5390 820 5442; x_wconf 88' lang='grc' dir='ltr'><strong>τῶν</strong></span> <span class='ocrx_word' id='word_1_486' title='bbox 849 5395 1374 5464; x_wconf 80' lang='grc' dir='ltr'><strong>προημαρτημένων</strong></span> <span class='ocrx_word' id='word_1_487' title='bbox 1404 5398 1553 5469; x_wconf 84' lang='grc' dir='ltr'><strong>αὐτῷ</strong></span> <span class='ocrx_word' id='word_1_488' title='bbox 1579 5400 1724 5472; x_wconf 74' lang='grc' dir='ltr'><strong>διορο</strong></span> 
     </span>
    </p>
   </div>
   <div class='ocr_carea' id='block_1_68' title="bbox 132 5478 1718 5560">
    <p class='ocr_par' dir='ltr' id='par_1_68' title="bbox 132 5478 1718 5560">
     <span class='ocr_line' id='line_1_68' title="bbox 132 5478 1718 5560; baseline 0.01 -30"><span class='ocrx_word' id='word_1_489' title='bbox 132 5478 386 5541; x_wconf 82' lang='grc' dir='ltr'><strong>θῶσεως.</strong></span> <span class='ocrx_word' id='word_1_490' title='bbox 438 5479 523 5542; x_wconf 88' lang='grc' dir='ltr'><strong>Ὠς</strong></span> <span class='ocrx_word' id='word_1_491' title='bbox 562 5480 617 5533; x_wconf 80' lang='grc' dir='ltr'><strong>δὲ</strong></span> <span class='ocrx_word' id='word_1_492' title='bbox 648 5482 856 5543; x_wconf 83' lang='grc' dir='ltr'><strong>ἐκεῖνος</strong></span> <span class='ocrx_word' id='word_1_493' title='bbox 915 5486 1097 5538; x_wconf 87' lang='grc' dir='ltr'><strong>πάντα</strong></span> <span class='ocrx_word' id='word_1_494' title='bbox 1126 5489 1299 5539; x_wconf 87' lang='grc' dir='ltr'><strong>ποιεῖν</strong></span> <span class='ocrx_word' id='word_1_495' title='bbox 1328 5488 1718 5560; x_wconf 82' lang='grc' dir='ltr'><strong>ἐπηγγέλλετο,</strong></span> 
     </span>
    </p>
   </div>
   <div class='ocr_carea' id='block_1_69' title="bbox 129 5569 1720 5649">
    <p class='ocr_par' dir='ltr' id='par_1_69' title="bbox 129 5569 1720 5649">
     <span class='ocr_line' id='line_1_69' title="bbox 129 5569 1720 5649; baseline 0.008 -25"><span class='ocrx_word' id='word_1_496' title='bbox 129 5570 233 5624; x_wconf 78' lang='grc' dir='ltr'><strong>καὶ</strong></span> <span class='ocrx_word' id='word_1_497' title='bbox 268 5572 374 5641; x_wconf 79' lang='grc' dir='ltr'><strong>τὴν</strong></span> <span class='ocrx_word' id='word_1_498' title='bbox 425 5569 724 5642; x_wconf 88' lang='grc' dir='ltr'><strong>θεραπείαν</strong></span> <span class='ocrx_word' id='word_1_499' title='bbox 752 5574 1026 5644; x_wconf 85' lang='grc' dir='ltr'><strong>ἐπιμελῶς</strong></span> <span class='ocrx_word' id='word_1_500' title='bbox 1055 5577 1479 5649; x_wconf 82' lang='grc' dir='ltr'><strong>ἀντεπράττετο,</strong></span> <span class='ocrx_word' id='word_1_501' title='bbox 1535 5582 1720 5638; x_wconf 88' lang='grc' dir='ltr'><strong>λαϐεῖν</strong></span> 
     </span>
    </p>
   </div>
   <div class='ocr_carea' id='block_1_70' title="bbox 128 5661 1721 5746">
    <p class='ocr_par' dir='ltr' id='par_1_70' title="bbox 128 5661 1721 5746">
     <span class='ocr_line' id='line_1_70' title="bbox 128 5661 1721 5746; baseline 0.012 -34"><span class='ocrx_word' id='word_1_502' title='bbox 128 5661 306 5714; x_wconf 77' lang='grc' dir='ltr'><strong>αὐτὸν</strong></span> <span class='ocrx_word' id='word_1_503' title='bbox 340 5663 684 5734; x_wconf 81' lang='grc' dir='ltr'><strong>παραχρῆμα</strong></span> <span class='ocrx_word' id='word_1_504' title='bbox 713 5666 947 5728; x_wconf 84' lang='grc' dir='ltr'><strong>κελεύει.</strong></span> <span class='ocrx_word' id='word_1_505' title='bbox 968 5670 1064 5721; x_wconf 77' lang='grc' dir='ltr'><strong>καὶ</strong></span> <span class='ocrx_word' id='word_1_506' title='bbox 1094 5668 1181 5721; x_wconf 88' lang='grc' dir='ltr'><strong>ἐπ’</strong></span> <span class='ocrx_word' id='word_1_507' title='bbox 1204 5671 1427 5742; x_wconf 84' lang='grc' dir='ltr'><strong>ὀνόματι</strong></span> <span class='ocrx_word' id='word_1_508' title='bbox 1449 5673 1545 5729; x_wconf 88' lang='grc' dir='ltr'><strong>τοῦ</strong></span> <span class='ocrx_word' id='word_1_509' title='bbox 1585 5677 1721 5746; x_wconf 86' lang='grc' dir='ltr'><strong>Χρι-</strong></span> 
     </span>
    </p>
   </div>
   <div class='ocr_carea' id='block_1_71' title="bbox 129 5751 1717 5833">
    <p class='ocr_par' dir='ltr' id='par_1_71' title="bbox 129 5751 1717 5833">
     <span class='ocr_line' id='line_1_71' title="bbox 129 5751 1717 5833; baseline 0.011 -29"><span class='ocrx_word' id='word_1_510' title='bbox 129 5751 268 5805; x_wconf 86' lang='grc' dir='ltr'><strong>στοῦ</strong></span> <span class='ocrx_word' id='word_1_511' title='bbox 304 5752 494 5807; x_wconf 87' lang='grc' dir='ltr'><strong>λοῦσαι</strong></span> <span class='ocrx_word' id='word_1_512' title='bbox 526 5755 605 5824; x_wconf 79' lang='grc' dir='ltr'><strong>τῷ</strong></span> <span class='ocrx_word' id='word_1_513' title='bbox 635 5754 811 5823; x_wconf 74' lang='grc' dir='ltr'><strong>ὕδατι,</strong></span> <span class='ocrx_word' id='word_1_514' title='bbox 840 5759 932 5827; x_wconf 68' lang='grc' dir='ltr'><strong>ἀφ’</strong></span> <span class='ocrx_word' id='word_1_515' title='bbox 964 5752 1135 5830; x_wconf 79' lang='grc' dir='ltr'><strong>οὗπερ</strong></span> <span class='ocrx_word' id='word_1_516' title='bbox 1182 5760 1304 5825; x_wconf 83' lang='grc' dir='ltr'><strong>ἔθος</strong></span> <span class='ocrx_word' id='word_1_517' title='bbox 1362 5764 1540 5819; x_wconf 88' lang='grc' dir='ltr'><strong>πίνειν</strong></span> <span class='ocrx_word' id='word_1_518' title='bbox 1589 5769 1717 5833; x_wconf 86' lang='grc' dir='ltr'><strong>τοὺς</strong></span> 
     </span>
    </p>
   </div>
   <div class='ocr_carea' id='block_1_72' title="bbox 124 5843 1715 5932">
    <p class='ocr_par' dir='ltr' id='par_1_72' title="bbox 124 5843 1715 5932">
     <span class='ocr_line' id='line_1_72' title="bbox 124 5843 1715 5932; baseline 0.015 -39"><span class='ocrx_word' id='word_1_519' title='bbox 124 5843 430 5915; x_wconf 72' lang='grc' dir='ltr'><strong>ὀδελφούς.</strong></span> <span class='ocrx_word' id='word_1_520' title='bbox 463 5845 667 5900; x_wconf 83' lang='grc' dir='ltr'><strong>Τούτου</strong></span> <span class='ocrx_word' id='word_1_521' title='bbox 699 5848 754 5901; x_wconf 85' lang='grc' dir='ltr'><strong>δὲ</strong></span> <span class='ocrx_word' id='word_1_522' title='bbox 792 5851 1107 5920; x_wconf 86' lang='grc' dir='ltr'><strong>γενομένου,</strong></span> <span class='ocrx_word' id='word_1_523' title='bbox 1145 5852 1415 5926; x_wconf 84' lang='grc' dir='ltr'><strong>κάθαρσις</strong></span> <span class='ocrx_word' id='word_1_524' title='bbox 1438 5852 1587 5932; x_wconf 80' lang='grc' dir='ltr'><strong>αὖτῷ</strong></span> <span class='ocrx_word' id='word_1_525' title='bbox 1616 5861 1715 5932; x_wconf 84' lang='grc' dir='ltr'><strong>τῆς</strong></span> 
     </span>
    </p>
   </div>
   <div class='ocr_carea' id='block_1_73' title="bbox 465 5944 1146 6015">
    <p class='ocr_par' dir='ltr' id='par_1_73' title="bbox 465 5944 1146 6015">
     <span class='ocr_line' id='line_1_73' title="bbox 465 5944 1146 6015; baseline 0.016 -11"><span class='ocrx_word' id='word_1_526' title='bbox 465 5944 734 6007; x_wconf 71' lang='grc' dir='ltr'><strong>ΡΔτιιοι.</strong></span> <span class='ocrx_word' id='word_1_527' title='bbox 778 5949 894 6009; x_wconf 83' lang='lat' dir='ltr'><strong>Gn.</strong></span> <span class='ocrx_word' id='word_1_528' title='bbox 933 5949 1146 6015; x_wconf 75' lang='lat' dir='ltr'><strong>CXIV.</strong></span> 
     </span>
    </p>
   </div>
   <div class='ocr_carea' id='block_1_74' title="bbox 1754 4617 1808 4677">
    <p class='ocr_par' dir='ltr' id='par_1_74' title="bbox 1754 4617 1808 4677">
     <span class='ocr_line' id='line_1_74' title="bbox 1754 4617 1808 4677; baseline 0 0"><span class='ocrx_word' id='word_1_529' title='bbox 1754 4617 1808 4677; x_wconf 90' lang='lat' dir='ltr'><strong>D</strong></span> 
     </span>
    </p>
   </div>
   <div class='ocr_carea' id='block_1_75' title="bbox 1781 4750 3417 4827">
    <p class='ocr_par' dir='ltr' id='par_1_75' title="bbox 1781 4750 3417 4827">
     <span class='ocr_line' id='line_1_75' title="bbox 1781 4750 3417 4827; baseline -0.009 -9"><span class='ocrx_word' id='word_1_530' title='bbox 1781 4756 1788 4765; x_wconf 85' lang='grc'><em>’</em></span> <span class='ocrx_word' id='word_1_531' title='bbox 1837 4763 1982 4818; x_wconf 84' lang='lat' dir='ltr'><strong>aliud</strong></span> <span class='ocrx_word' id='word_1_532' title='bbox 2032 4760 2243 4816; x_wconf 81' lang='lat' dir='ltr'><strong>fructus</strong></span> <span class='ocrx_word' id='word_1_533' title='bbox 2273 4774 2338 4814; x_wconf 80' lang='lat' dir='ltr'><strong>ex</strong></span> <span class='ocrx_word' id='word_1_534' title='bbox 2375 4774 2440 4814; x_wconf 88' lang='lat' dir='ltr'><strong>ea</strong></span> <span class='ocrx_word' id='word_1_535' title='bbox 2487 4756 2736 4827; x_wconf 87' lang='lat' dir='ltr'><strong>accepit,</strong></span> <span class='ocrx_word' id='word_1_536' title='bbox 2768 4768 2930 4826; x_wconf 90' lang='lat' dir='ltr'><strong>quam</strong></span> <span class='ocrx_word' id='word_1_537' title='bbox 2981 4761 3041 4808; x_wconf 92' lang='lat' dir='ltr'><strong>ut</strong></span> <span class='ocrx_word' id='word_1_538' title='bbox 3091 4767 3191 4824; x_wconf 85' lang='lat' dir='ltr'><strong>spe</strong></span> <span class='ocrx_word' id='word_1_539' title='bbox 3219 4750 3417 4805; x_wconf 90' lang='lat' dir='ltr'><strong>blanda</strong></span> 
     </span>
    </p>
   </div>
   <div class='ocr_carea' id='block_1_76' title="bbox 1847 1970 3429 2045">
    <p class='ocr_par' dir='ltr' id='par_1_76' title="bbox 1847 1970 3429 2045">
     <span class='ocr_line' id='line_1_76' title="bbox 1847 1970 3429 2045; baseline -0.002 -18"><span class='ocrx_word' id='word_1_540' title='bbox 1847 1989 1956 2044; x_wconf 90' lang='lat' dir='ltr'><strong>quo</strong></span> <span class='ocrx_word' id='word_1_541' title='bbox 1984 1974 2217 2045; x_wconf 71' lang='lat' dir='ltr'><strong>degebat</strong></span> <span class='ocrx_word' id='word_1_542' title='bbox 2242 1988 2473 2045; x_wconf 77' lang='lat' dir='ltr'><strong>magnus</strong></span> <span class='ocrx_word' id='word_1_543' title='bbox 2498 1972 2760 2037; x_wconf 83' lang='lat' dir='ltr'><strong>Joannes,</strong></span> <span class='ocrx_word' id='word_1_544' title='bbox 2812 1972 3045 2027; x_wconf 90' lang='lat' dir='ltr'><strong>multum</strong></span> <span class='ocrx_word' id='word_1_545' title='bbox 3074 1970 3295 2043; x_wconf 87' lang='lat' dir='ltr'><strong>quidem</strong></span> <span class='ocrx_word' id='word_1_546' title='bbox 3335 1986 3429 2025; x_wconf 92' lang='lat' dir='ltr'><strong>ro-</strong></span> 
     </span>
    </p>
   </div>
   <div class='ocr_carea' id='block_1_77' title="bbox 1847 2062 3430 2138">
    <p class='ocr_par' dir='ltr' id='par_1_77' title="bbox 1847 2062 3430 2138">
     <span class='ocr_line' id='line_1_77' title="bbox 1847 2062 3430 2138; baseline -0.005 -16"><span class='ocrx_word' id='word_1_547' title='bbox 1847 2067 2007 2138; x_wconf 78' lang='lat' dir='ltr'><strong>gabat</strong></span> <span class='ocrx_word' id='word_1_548' title='bbox 2039 2086 2051 2119; x_wconf 86' lang='lat'><strong>:</strong></span> <span class='ocrx_word' id='word_1_549' title='bbox 2088 2065 2288 2121; x_wconf 89' lang='lat' dir='ltr'><strong>multas</strong></span> <span class='ocrx_word' id='word_1_550' title='bbox 2309 2074 2494 2121; x_wconf 89' lang='lat' dir='ltr'><strong>autem</strong></span> <span class='ocrx_word' id='word_1_551' title='bbox 2522 2064 2807 2120; x_wconf 87' lang='lat' dir='ltr'><strong>emittebat</strong></span> <span class='ocrx_word' id='word_1_552' title='bbox 2824 2079 2987 2120; x_wconf 89' lang='lat' dir='ltr'><strong>voces</strong></span> <span class='ocrx_word' id='word_1_553' title='bbox 3017 2063 3084 2119; x_wconf 90' lang='lat' dir='ltr'><strong>ad</strong></span> <span class='ocrx_word' id='word_1_554' title='bbox 3108 2062 3430 2118; x_wconf 83' lang='lat' dir='ltr'><strong>movendam</strong></span> 
     </span>
    </p>
   </div>
   <div class='ocr_carea' id='block_1_78' title="bbox 1851 2152 3434 2225">
    <p class='ocr_par' dir='ltr' id='par_1_78' title="bbox 1851 2152 3434 2225">
     <span class='ocr_line' id='line_1_78' title="bbox 1851 2152 3434 2225; baseline 0.001 -17"><span class='ocrx_word' id='word_1_555' title='bbox 1851 2156 2302 2220; x_wconf 87' lang='lat' dir='ltr'><strong>misericordiam,</strong></span> <span class='ocrx_word' id='word_1_556' title='bbox 2356 2165 2551 2225; x_wconf 84' lang='lat' dir='ltr'><strong>petens</strong></span> <span class='ocrx_word' id='word_1_557' title='bbox 2595 2155 2958 2211; x_wconf 85' lang='lat' dir='ltr'><strong>curationem.</strong></span> <span class='ocrx_word' id='word_1_558' title='bbox 3020 2152 3071 2209; x_wconf 89' lang='lat' dir='ltr'><strong>Is</strong></span> <span class='ocrx_word' id='word_1_559' title='bbox 3131 2168 3264 2209; x_wconf 88' lang='lat' dir='ltr'><strong>vero</strong></span> <span class='ocrx_word' id='word_1_560' title='bbox 3327 2152 3434 2209; x_wconf 80' lang='lat' dir='ltr'><strong>fuit</strong></span> 
     </span>
    </p>
   </div>
   <div class='ocr_carea' id='block_1_79' title="bbox 1846 2245 3429 2317">
    <p class='ocr_par' dir='ltr' id='par_1_79' title="bbox 1846 2245 3429 2317">
     <span class='ocr_line' id='line_1_79' title="bbox 1846 2245 3429 2317; baseline 0 -16"><span class='ocrx_word' id='word_1_561' title='bbox 1846 2248 2065 2317; x_wconf 87' lang='lat' dir='ltr'><strong>quidem</strong></span> <span class='ocrx_word' id='word_1_562' title='bbox 2098 2250 2378 2302; x_wconf 87' lang='lat' dir='ltr'><strong>misertus.</strong></span> <span class='ocrx_word' id='word_1_563' title='bbox 2414 2246 2614 2312; x_wconf 85' lang='lat' dir='ltr'><strong>Quidni</strong></span> <span class='ocrx_word' id='word_1_564' title='bbox 2650 2246 2816 2310; x_wconf 85' lang='lat' dir='ltr'><strong>enim,</strong></span> <span class='ocrx_word' id='word_1_565' title='bbox 2850 2263 2973 2301; x_wconf 89' lang='lat' dir='ltr'><strong>cum</strong></span> <span class='ocrx_word' id='word_1_566' title='bbox 3002 2255 3149 2302; x_wconf 83' lang='lat' dir='ltr'><strong>esset</strong></span> <span class='ocrx_word' id='word_1_567' title='bbox 3184 2245 3429 2301; x_wconf 87' lang='lat' dir='ltr'><strong>omnium</strong></span> 
     </span>
    </p>
   </div>
   <div class='ocr_carea' id='block_1_80' title="bbox 1852 2332 3433 2404">
    <p class='ocr_par' dir='ltr' id='par_1_80' title="bbox 1852 2332 3433 2404">
     <span class='ocr_line' id='line_1_80' title="bbox 1852 2332 3433 2404; baseline -0.001 -9"><span class='ocrx_word' id='word_1_568' title='bbox 1852 2332 2136 2395; x_wconf 84' lang='lat' dir='ltr'><strong>hominum</strong></span> <span class='ocrx_word' id='word_1_569' title='bbox 2184 2339 2683 2396; x_wconf 86' lang='lat' dir='ltr'><strong>clementissimus?</strong></span> <span class='ocrx_word' id='word_1_570' title='bbox 2713 2338 2852 2395; x_wconf 82' lang='lat' dir='ltr'><strong>Dixit</strong></span> <span class='ocrx_word' id='word_1_571' title='bbox 2893 2349 3099 2404; x_wconf 85' lang='lat' dir='ltr'><strong>autem,</strong></span> <span class='ocrx_word' id='word_1_572' title='bbox 3156 2341 3271 2394; x_wconf 84' lang='lat' dir='ltr'><strong>ha-c</strong></span> <span class='ocrx_word' id='word_1_573' title='bbox 3309 2353 3433 2393; x_wconf 81' lang='lat' dir='ltr'><strong>esse</strong></span> 
     </span>
    </p>
   </div>
   <div class='ocr_carea' id='block_1_81' title="bbox 1847 2420 3497 2505">
    <p class='ocr_par' dir='ltr' id='par_1_81' title="bbox 1847 2420 3497 2505">
     <span class='ocr_line' id='line_1_81' title="bbox 1847 2420 3497 2505; baseline -0.002 -18"><span class='ocrx_word' id='word_1_574' title='bbox 1847 2435 2077 2505; x_wconf 61' lang='lat' dir='ltr'><strong>praemia</strong></span> <span class='ocrx_word' id='word_1_575' title='bbox 2113 2434 2505 2490; x_wconf 75' lang='lat' dir='ltr'><strong>sceleratorum</strong></span> <span class='ocrx_word' id='word_1_576' title='bbox 2536 2430 2826 2497; x_wconf 78' lang='lat' dir='ltr'><strong>factorum,</strong></span> <span class='ocrx_word' id='word_1_577' title='bbox 2855 2442 2910 2487; x_wconf 91' lang='lat' dir='ltr'><strong>et</strong></span> <span class='ocrx_word' id='word_1_578' title='bbox 2936 2432 2990 2486; x_wconf 92' lang='lat' dir='ltr'><strong>iu</strong></span> <span class='ocrx_word' id='word_1_579' title='bbox 3022 2432 3301 2488; x_wconf 87' lang='lat' dir='ltr'><strong>Christum</strong></span> <span class='ocrx_word' id='word_1_580' title='bbox 3343 2431 3429 2486; x_wconf 81' lang='lat' dir='ltr'><strong>in-</strong></span> <span class='ocrx_word' id='word_1_581' title='bbox 3492 2420 3497 2426; x_wconf 72' lang='grc'><em>’</em></span> 
     </span>
    </p>
   </div>
   <div class='ocr_carea' id='block_1_82' title="bbox 1846 2523 3430 2597">
    <p class='ocr_par' dir='ltr' id='par_1_82' title="bbox 1846 2523 3430 2597">
     <span class='ocr_line' id='line_1_82' title="bbox 1846 2523 3430 2597; baseline -0.003 -16"><span class='ocrx_word' id='word_1_582' title='bbox 1846 2525 2210 2581; x_wconf 83' lang='lat' dir='ltr'><strong>credulitatis.</strong></span> <span class='ocrx_word' id='word_1_583' title='bbox 2279 2525 2337 2579; x_wconf 87' lang='lat' dir='ltr'><strong>Si</strong></span> <span class='ocrx_word' id='word_1_584' title='bbox 2366 2539 2519 2595; x_wconf 81' lang='lat' dir='ltr'><strong>ergo,</strong></span> <span class='ocrx_word' id='word_1_585' title='bbox 2573 2524 2776 2597; x_wconf 71' lang='lat' dir='ltr'><strong>aiebat,</strong></span> <span class='ocrx_word' id='word_1_586' title='bbox 2816 2532 2929 2580; x_wconf 92' lang='lat' dir='ltr'><strong>toto</strong></span> <span class='ocrx_word' id='word_1_587' title='bbox 2974 2524 3158 2579; x_wconf 88' lang='lat' dir='ltr'><strong>animo</strong></span> <span class='ocrx_word' id='word_1_588' title='bbox 3195 2523 3263 2579; x_wconf 92' lang='lat' dir='ltr'><strong>ad</strong></span> <span class='ocrx_word' id='word_1_589' title='bbox 3302 2538 3430 2578; x_wconf 64' lang='lat' dir='ltr'><strong>eam</strong></span> 
     </span>
    </p>
   </div>
   <div class='ocr_carea' id='block_1_83' title="bbox 1845 2612 3430 2684">
    <p class='ocr_par' dir='ltr' id='par_1_83' title="bbox 1845 2612 3430 2684">
     <span class='ocr_line' id='line_1_83' title="bbox 1845 2612 3430 2684; baseline -0.002 -13"><span class='ocrx_word' id='word_1_590' title='bbox 1845 2616 2168 2679; x_wconf 88' lang='lat' dir='ltr'><strong>accesseris,</strong></span> <span class='ocrx_word' id='word_1_591' title='bbox 2193 2624 2250 2671; x_wconf 91' lang='lat' dir='ltr'><strong>et</strong></span> <span class='ocrx_word' id='word_1_592' title='bbox 2279 2615 2477 2671; x_wconf 91' lang='lat' dir='ltr'><strong>deinde</strong></span> <span class='ocrx_word' id='word_1_593' title='bbox 2510 2613 2785 2684; x_wconf 87' lang='lat' dir='ltr'><strong>prioribus</strong></span> <span class='ocrx_word' id='word_1_594' title='bbox 2819 2613 3025 2669; x_wconf 89' lang='lat' dir='ltr'><strong>relictis</strong></span> <span class='ocrx_word' id='word_1_595' title='bbox 3055 2612 3273 2673; x_wconf 89' lang='lat' dir='ltr'><strong>studiis,</strong></span> <span class='ocrx_word' id='word_1_596' title='bbox 3304 2612 3430 2668; x_wconf 74' lang='lat' dir='ltr'><strong>vita:</strong></span> 
     </span>
    </p>
   </div>
   <div class='ocr_carea' id='block_1_84' title="bbox 1846 2704 3427 2779">
    <p class='ocr_par' dir='ltr' id='par_1_84' title="bbox 1846 2704 3427 2779">
     <span class='ocr_line' id='line_1_84' title="bbox 1846 2704 3427 2779; baseline -0.001 -18"><span class='ocrx_word' id='word_1_597' title='bbox 1846 2707 2113 2763; x_wconf 88' lang='lat' dir='ltr'><strong>rationem</strong></span> <span class='ocrx_word' id='word_1_598' title='bbox 2156 2713 2443 2779; x_wconf 70' lang='lat' dir='ltr'><strong>aggressus</strong></span> <span class='ocrx_word' id='word_1_599' title='bbox 2490 2705 2663 2761; x_wconf 89' lang='lat' dir='ltr'><strong>fueris</strong></span> <span class='ocrx_word' id='word_1_600' title='bbox 2709 2705 2757 2761; x_wconf 93' lang='lat' dir='ltr'><strong>ei</strong></span> <span class='ocrx_word' id='word_1_601' title='bbox 2800 2714 3007 2776; x_wconf 80' lang='lat' dir='ltr'><strong>gratam</strong></span> <span class='ocrx_word' id='word_1_602' title='bbox 3059 2713 3115 2761; x_wconf 93' lang='lat' dir='ltr'><strong>et</strong></span> <span class='ocrx_word' id='word_1_603' title='bbox 3146 2704 3427 2769; x_wconf 80' lang='lat' dir='ltr'><strong>mundam,</strong></span> 
     </span>
    </p>
   </div>
   <div class='ocr_carea' id='block_1_85' title="bbox 1846 2791 3491 2868">
    <p class='ocr_par' dir='ltr' id='par_1_85' title="bbox 1846 2791 3491 2868">
     <span class='ocr_line' id='line_1_85' title="bbox 1846 2791 3491 2868; baseline -0.004 -15"><span class='ocrx_word' id='word_1_604' title='bbox 1846 2799 1985 2854; x_wconf 88' lang='lat' dir='ltr'><strong>nihil</strong></span> <span class='ocrx_word' id='word_1_605' title='bbox 2013 2798 2119 2855; x_wconf 89' lang='lat' dir='ltr'><strong>erit</strong></span> <span class='ocrx_word' id='word_1_606' title='bbox 2140 2798 2283 2868; x_wconf 92' lang='lat' dir='ltr'><strong>quod</strong></span> <span class='ocrx_word' id='word_1_607' title='bbox 2313 2798 2512 2863; x_wconf 83' lang='lat' dir='ltr'><strong>obstet,</strong></span> <span class='ocrx_word' id='word_1_608' title='bbox 2548 2812 2656 2868; x_wconf 91' lang='lat' dir='ltr'><strong>quo</strong></span> <span class='ocrx_word' id='word_1_609' title='bbox 2703 2797 2884 2852; x_wconf 88' lang='lat' dir='ltr'><strong>minus</strong></span> <span class='ocrx_word' id='word_1_610' title='bbox 2914 2804 3177 2867; x_wconf 85' lang='lat' dir='ltr'><strong>sequatur</strong></span> <span class='ocrx_word' id='word_1_611' title='bbox 3215 2796 3428 2850; x_wconf 75' lang='lat' dir='ltr'><strong>curatio</strong></span> <span class='ocrx_word' id='word_1_612' title='bbox 3488 2791 3491 2794; x_wconf 48' lang='grc'><em>⁴</em></span> 
     </span>
    </p>
   </div>
   <div class='ocr_carea' id='block_1_86' title="bbox 1851 2888 3430 2963">
    <p class='ocr_par' dir='ltr' id='par_1_86' title="bbox 1851 2888 3430 2963">
     <span class='ocr_line' id='line_1_86' title="bbox 1851 2888 3430 2963; baseline -0.003 -16"><span class='ocrx_word' id='word_1_613' title='bbox 1851 2892 1993 2963; x_wconf 87' lang='lat' dir='ltr'><strong>ejus,</strong></span> <span class='ocrx_word' id='word_1_614' title='bbox 2031 2893 2175 2962; x_wconf 89' lang='lat' dir='ltr'><strong>quod</strong></span> <span class='ocrx_word' id='word_1_615' title='bbox 2207 2900 2258 2947; x_wconf 89' lang='lat' dir='ltr'><strong>te</strong></span> <span class='ocrx_word' id='word_1_616' title='bbox 2285 2890 2517 2947; x_wconf 84' lang='lat' dir='ltr'><strong>cruciat.</strong></span> <span class='ocrx_word' id='word_1_617' title='bbox 2546 2890 2680 2946; x_wconf 88' lang='lat' dir='ltr'><strong>Cum</strong></span> <span class='ocrx_word' id='word_1_618' title='bbox 2710 2889 2756 2945; x_wconf 93' lang='lat' dir='ltr'><strong>is</strong></span> <span class='ocrx_word' id='word_1_619' title='bbox 2776 2897 2959 2945; x_wconf 89' lang='lat' dir='ltr'><strong>autem</strong></span> <span class='ocrx_word' id='word_1_620' title='bbox 2990 2899 3045 2946; x_wconf 90' lang='lat' dir='ltr'><strong>et</strong></span> <span class='ocrx_word' id='word_1_621' title='bbox 3072 2903 3133 2945; x_wconf 85' lang='lat' dir='ltr'><strong>se</strong></span> <span class='ocrx_word' id='word_1_622' title='bbox 3165 2888 3430 2952; x_wconf 81' lang='lat' dir='ltr'><strong>fateretur</strong></span> 
     </span>
    </p>
   </div>
   <div class='ocr_carea' id='block_1_87' title="bbox 1845 2981 3428 3055">
    <p class='ocr_par' dir='ltr' id='par_1_87' title="bbox 1845 2981 3428 3055">
     <span class='ocr_line' id='line_1_87' title="bbox 1845 2981 3428 3055; baseline -0.003 -15"><span class='ocrx_word' id='word_1_623' title='bbox 1845 2985 2094 3050; x_wconf 89' lang='lat' dir='ltr'><strong>credere,</strong></span> <span class='ocrx_word' id='word_1_624' title='bbox 2126 2993 2182 3039; x_wconf 91' lang='lat' dir='ltr'><strong>et</strong></span> <span class='ocrx_word' id='word_1_625' title='bbox 2219 2983 2569 3055; x_wconf 86' lang='lat' dir='ltr'><strong>polliceretur</strong></span> <span class='ocrx_word' id='word_1_626' title='bbox 2594 2983 2760 3038; x_wconf 85' lang='lat' dir='ltr'><strong>vitam</strong></span> <span class='ocrx_word' id='word_1_627' title='bbox 2789 2996 3001 3038; x_wconf 89' lang='lat' dir='ltr'><strong>mutare</strong></span> <span class='ocrx_word' id='word_1_628' title='bbox 3026 2981 3080 3036; x_wconf 91' lang='lat' dir='ltr'><strong>in</strong></span> <span class='ocrx_word' id='word_1_629' title='bbox 3112 2983 3327 3047; x_wconf 91' lang='lat' dir='ltr'><strong>melius,</strong></span> <span class='ocrx_word' id='word_1_630' title='bbox 3368 2992 3428 3036; x_wconf 88' lang='lat' dir='ltr'><strong>et</strong></span> 
     </span>
    </p>
   </div>
   <div class='ocr_carea' id='block_1_88' title="bbox 1846 3071 3427 3139">
    <p class='ocr_par' dir='ltr' id='par_1_88' title="bbox 1846 3071 3427 3139">
     <span class='ocr_line' id='line_1_88' title="bbox 1846 3071 3427 3139; baseline -0.003 -6"><span class='ocrx_word' id='word_1_631' title='bbox 1846 3076 1995 3135; x_wconf 89' lang='lat' dir='ltr'><strong>illius</strong></span> <span class='ocrx_word' id='word_1_632' title='bbox 2035 3075 2371 3131; x_wconf 87' lang='lat' dir='ltr'><strong>castissimas</strong></span> <span class='ocrx_word' id='word_1_633' title='bbox 2427 3090 2622 3130; x_wconf 90' lang='lat' dir='ltr'><strong>manus</strong></span> <span class='ocrx_word' id='word_1_634' title='bbox 2651 3073 3077 3139; x_wconf 86' lang='lat' dir='ltr'><strong>deoscularetur,</strong></span> <span class='ocrx_word' id='word_1_635' title='bbox 3129 3082 3185 3128; x_wconf 90' lang='lat' dir='ltr'><strong>et</strong></span> <span class='ocrx_word' id='word_1_636' title='bbox 3219 3071 3427 3129; x_wconf 78' lang='lat' dir='ltr'><strong>dolenti</strong></span> 
     </span>
    </p>
   </div>
   <div class='ocr_carea' id='block_1_89' title="bbox 1844 3165 3429 3241">
    <p class='ocr_par' dir='ltr' id='par_1_89' title="bbox 1844 3165 3429 3241">
     <span class='ocr_line' id='line_1_89' title="bbox 1844 3165 3429 3241; baseline -0.002 -17"><span class='ocrx_word' id='word_1_637' title='bbox 1844 3170 1982 3241; x_wconf 91' lang='lat' dir='ltr'><strong>parti</strong></span> <span class='ocrx_word' id='word_1_638' title='bbox 2016 3178 2219 3225; x_wconf 79' lang='lat' dir='ltr'><strong>vestem</strong></span> <span class='ocrx_word' id='word_1_639' title='bbox 2246 3170 2584 3233; x_wconf 74' lang='lat' dir='ltr'><strong>admoveret,</strong></span> <span class='ocrx_word' id='word_1_640' title='bbox 2617 3182 2724 3222; x_wconf 85' lang='lat' dir='ltr'><strong>neu</strong></span> <span class='ocrx_word' id='word_1_641' title='bbox 2753 3166 2929 3222; x_wconf 89' lang='lat' dir='ltr'><strong>solum</strong></span> <span class='ocrx_word' id='word_1_642' title='bbox 2960 3165 3065 3221; x_wconf 84' lang='lat' dir='ltr'><strong>fuit</strong></span> <span class='ocrx_word' id='word_1_643' title='bbox 3092 3173 3253 3235; x_wconf 89' lang='lat' dir='ltr'><strong>caput</strong></span> <span class='ocrx_word' id='word_1_644' title='bbox 3292 3165 3429 3221; x_wconf 86' lang='lat' dir='ltr'><strong>libe-</strong></span> 
     </span>
    </p>
   </div>
   <div class='ocr_carea' id='block_1_90' title="bbox 1848 3257 3425 3328">
    <p class='ocr_par' dir='ltr' id='par_1_90' title="bbox 1848 3257 3425 3328">
     <span class='ocr_line' id='line_1_90' title="bbox 1848 3257 3425 3328; baseline -0.002 -12"><span class='ocrx_word' id='word_1_645' title='bbox 1848 3270 2022 3319; x_wconf 87' lang='lat' dir='ltr'><strong>ratum</strong></span> <span class='ocrx_word' id='word_1_646' title='bbox 2078 3278 2109 3317; x_wconf 90' lang='lat' dir='ltr'><strong>a</strong></span> <span class='ocrx_word' id='word_1_647' title='bbox 2164 3262 2372 3324; x_wconf 86' lang='lat' dir='ltr'><strong>dolore,</strong></span> <span class='ocrx_word' id='word_1_648' title='bbox 2409 3260 2504 3315; x_wconf 88' lang='lat' dir='ltr'><strong>sed</strong></span> <span class='ocrx_word' id='word_1_649' title='bbox 2549 3259 2716 3315; x_wconf 89' lang='lat' dir='ltr'><strong>etiam</strong></span> <span class='ocrx_word' id='word_1_650' title='bbox 2771 3258 2983 3322; x_wconf 89' lang='lat' dir='ltr'><strong>oculus,</strong></span> <span class='ocrx_word' id='word_1_651' title='bbox 3043 3258 3135 3328; x_wconf 90' lang='lat' dir='ltr'><strong>qui</strong></span> <span class='ocrx_word' id='word_1_652' title='bbox 3173 3258 3224 3313; x_wconf 91' lang='lat' dir='ltr'><strong>vi</strong></span> <span class='ocrx_word' id='word_1_653' title='bbox 3255 3257 3323 3313; x_wconf 91' lang='lat' dir='ltr'><strong>ab</strong></span> <span class='ocrx_word' id='word_1_654' title='bbox 3356 3273 3425 3313; x_wconf 90' lang='lat' dir='ltr'><strong>eo</strong></span> 
     </span>
    </p>
   </div>
   <div class='ocr_carea' id='block_1_91' title="bbox 1841 3350 3423 3421">
    <p class='ocr_par' dir='ltr' id='par_1_91' title="bbox 1841 3350 3423 3421">
     <span class='ocr_line' id='line_1_91' title="bbox 1841 3350 3423 3421; baseline -0.003 -12"><span class='ocrx_word' id='word_1_655' title='bbox 1841 3355 2023 3409; x_wconf 82' lang='lat' dir='ltr'><strong>fuerat</strong></span> <span class='ocrx_word' id='word_1_656' title='bbox 2059 3353 2402 3415; x_wconf 78' lang='lat' dir='ltr'><strong>exturbatus,</strong></span> <span class='ocrx_word' id='word_1_657' title='bbox 2430 3350 2535 3406; x_wconf 80' lang='lat' dir='ltr'><strong>fuit</strong></span> <span class='ocrx_word' id='word_1_658' title='bbox 2570 3351 2689 3405; x_wconf 91' lang='lat' dir='ltr'><strong>loco</strong></span> <span class='ocrx_word' id='word_1_659' title='bbox 2721 3350 2887 3421; x_wconf 89' lang='lat' dir='ltr'><strong>priori</strong></span> <span class='ocrx_word' id='word_1_660' title='bbox 2930 3350 3235 3405; x_wconf 86' lang='lat' dir='ltr'><strong>restitutus.</strong></span> <span class='ocrx_word' id='word_1_661' title='bbox 3279 3350 3423 3406; x_wconf 88' lang='lat' dir='ltr'><strong>Satis</strong></span> 
     </span>
    </p>
   </div>
   <div class='ocr_carea' id='block_1_92' title="bbox 1841 3442 3420 3514">
    <p class='ocr_par' dir='ltr' id='par_1_92' title="bbox 1841 3442 3420 3514">
     <span class='ocr_line' id='line_1_92' title="bbox 1841 3442 3420 3514; baseline -0.005 -12"><span class='ocrx_word' id='word_1_662' title='bbox 1841 3454 1960 3502; x_wconf 89' lang='lat' dir='ltr'><strong>erat</strong></span> <span class='ocrx_word' id='word_1_663' title='bbox 1986 3447 2111 3511; x_wconf 90' lang='lat' dir='ltr'><strong>hoc,</strong></span> <span class='ocrx_word' id='word_1_664' title='bbox 2133 3445 2279 3514; x_wconf 90' lang='lat' dir='ltr'><strong>quod</strong></span> <span class='ocrx_word' id='word_1_665' title='bbox 2309 3444 2513 3500; x_wconf 89' lang='lat' dir='ltr'><strong>dictum</strong></span> <span class='ocrx_word' id='word_1_666' title='bbox 2542 3451 2649 3508; x_wconf 89' lang='lat' dir='ltr'><strong>est,</strong></span> <span class='ocrx_word' id='word_1_667' title='bbox 2682 3450 2742 3497; x_wconf 88' lang='lat' dir='ltr'><strong>ut</strong></span> <span class='ocrx_word' id='word_1_668' title='bbox 2769 3449 2916 3497; x_wconf 87' lang='lat' dir='ltr'><strong>esset</strong></span> <span class='ocrx_word' id='word_1_669' title='bbox 2938 3444 3152 3513; x_wconf 79' lang='lat' dir='ltr'><strong>signum</strong></span> <span class='ocrx_word' id='word_1_670' title='bbox 3192 3442 3420 3497; x_wconf 81' lang='lat' dir='ltr'><strong>evidens</strong></span> 
     </span>
    </p>
   </div>
   <div class='ocr_carea' id='block_1_93' title="bbox 1840 3533 3424 3608">
    <p class='ocr_par' dir='ltr' id='par_1_93' title="bbox 1840 3533 3424 3608">
     <span class='ocr_line' id='line_1_93' title="bbox 1840 3533 3424 3608; baseline -0.003 -15"><span class='ocrx_word' id='word_1_671' title='bbox 1840 3537 1966 3593; x_wconf 85' lang='lat' dir='ltr'><strong>ﬁdei</strong></span> <span class='ocrx_word' id='word_1_672' title='bbox 2022 3538 2228 3603; x_wconf 89' lang='lat' dir='ltr'><strong>sancti,</strong></span> <span class='ocrx_word' id='word_1_673' title='bbox 2287 3546 2344 3592; x_wconf 91' lang='lat' dir='ltr'><strong>et</strong></span> <span class='ocrx_word' id='word_1_674' title='bbox 2404 3545 2466 3592; x_wconf 90' lang='lat' dir='ltr'><strong>ut</strong></span> <span class='ocrx_word' id='word_1_675' title='bbox 2515 3535 2846 3608; x_wconf 78' lang='lat' dir='ltr'><strong>signiﬁcaret</strong></span> <span class='ocrx_word' id='word_1_676' title='bbox 2917 3549 3173 3605; x_wconf 82' lang='lat' dir='ltr'><strong>magnum</strong></span> <span class='ocrx_word' id='word_1_677' title='bbox 3234 3533 3424 3604; x_wconf 75' lang='lat' dir='ltr'><strong>gratia:</strong></span> 
     </span>
    </p>
   </div>
   <div class='ocr_carea' id='block_1_94' title="bbox 1839 3617 3425 3701">
    <p class='ocr_par' dir='ltr' id='par_1_94' title="bbox 1839 3617 3425 3701">
     <span class='ocr_line' id='line_1_94' title="bbox 1839 3617 3425 3701; baseline -0.004 -16"><span class='ocrx_word' id='word_1_678' title='bbox 1839 3629 2238 3701; x_wconf 72' lang='lat' dir='ltr'><strong>adiumentum,</strong></span> <span class='ocrx_word' id='word_1_679' title='bbox 2262 3629 2407 3699; x_wconf 91' lang='lat' dir='ltr'><strong>quod</strong></span> <span class='ocrx_word' id='word_1_680' title='bbox 2436 3644 2466 3683; x_wconf 91' lang='lat' dir='ltr'><strong>a</strong></span> <span class='ocrx_word' id='word_1_681' title='bbox 2499 3627 2611 3683; x_wconf 89' lang='lat' dir='ltr'><strong>Deo</strong></span> <span class='ocrx_word' id='word_1_682' title='bbox 2661 3635 2779 3683; x_wconf 86' lang='lat' dir='ltr'><strong>erat</strong></span> <span class='ocrx_word' id='word_1_683' title='bbox 2805 3617 3011 3681; x_wconf 75' lang='lat' dir='ltr'><strong>eﬂ&#39;atim</strong></span> <span class='ocrx_word' id='word_1_684' title='bbox 3066 3632 3425 3680; x_wconf 80' lang='lat' dir='ltr'><strong>consecutus.</strong></span> 
     </span>
    </p>
   </div>
   <div class='ocr_carea' id='block_1_95' title="bbox 1908 3738 3418 3813">
    <p class='ocr_par' dir='ltr' id='par_1_95' title="bbox 1908 3738 3418 3813">
     <span class='ocr_line' id='line_1_95' title="bbox 1908 3738 3418 3813; baseline -0.003 -16"><span class='ocrx_word' id='word_1_685' title='bbox 1908 3742 2021 3798; x_wconf 79' lang='lat' dir='ltr'><strong>VII.</strong></span> <span class='ocrx_word' id='word_1_686' title='bbox 2046 3740 2175 3797; x_wconf 83' lang='lat' dir='ltr'><strong>Vult</strong></span> <span class='ocrx_word' id='word_1_687' title='bbox 2212 3751 2396 3798; x_wconf 90' lang='lat' dir='ltr'><strong>autem</strong></span> <span class='ocrx_word' id='word_1_688' title='bbox 2418 3743 2594 3797; x_wconf 88' lang='lat' dir='ltr'><strong>oratio</strong></span> <span class='ocrx_word' id='word_1_689' title='bbox 2626 3742 2860 3798; x_wconf 87' lang='lat' dir='ltr'><strong>alterum</strong></span> <span class='ocrx_word' id='word_1_690' title='bbox 2887 3756 3107 3813; x_wconf 86' lang='lat' dir='ltr'><strong>quoque</strong></span> <span class='ocrx_word' id='word_1_691' title='bbox 3156 3738 3418 3807; x_wconf 83' lang='lat' dir='ltr'><strong>adjicere,</strong></span> 
     </span>
    </p>
   </div>
   <div class='ocr_carea' id='block_1_96' title="bbox 1837 3835 3424 3905">
    <p class='ocr_par' dir='ltr' id='par_1_96' title="bbox 1837 3835 3424 3905">
     <span class='ocr_line' id='line_1_96' title="bbox 1837 3835 3424 3905; baseline -0.005 -12"><span class='ocrx_word' id='word_1_692' title='bbox 1837 3837 2192 3893; x_wconf 84' lang='lat' dir='ltr'><strong>nihilominus</strong></span> <span class='ocrx_word' id='word_1_693' title='bbox 2251 3835 2617 3904; x_wconf 66' lang='lat' dir='ltr'><strong>praecedente,</strong></span> <span class='ocrx_word' id='word_1_694' title='bbox 2660 3835 2806 3905; x_wconf 86' lang='lat' dir='ltr'><strong>quod</strong></span> <span class='ocrx_word' id='word_1_695' title='bbox 2856 3847 3193 3904; x_wconf 84' lang='lat' dir='ltr'><strong>nequaquam</strong></span> <span class='ocrx_word' id='word_1_696' title='bbox 3223 3846 3284 3887; x_wconf 90' lang='lat' dir='ltr'><strong>se</strong></span> <span class='ocrx_word' id='word_1_697' title='bbox 3322 3845 3424 3901; x_wconf 87' lang='lat' dir='ltr'><strong>pa-</strong></span> 
     </span>
    </p>
   </div>
   <div class='ocr_carea' id='block_1_97' title="bbox 1841 3930 3420 4005">
    <p class='ocr_par' dir='ltr' id='par_1_97' title="bbox 1841 3930 3420 4005">
     <span class='ocr_line' id='line_1_97' title="bbox 1841 3930 3420 4005; baseline -0.003 -13"><span class='ocrx_word' id='word_1_698' title='bbox 1841 3938 1977 3993; x_wconf 88' lang='lat' dir='ltr'><strong>titur</strong></span> <span class='ocrx_word' id='word_1_699' title='bbox 2026 3935 2274 3992; x_wconf 90' lang='lat' dir='ltr'><strong>mandari</strong></span> <span class='ocrx_word' id='word_1_700' title='bbox 2327 3935 2566 3991; x_wconf 88' lang='lat' dir='ltr'><strong>silentio.</strong></span> <span class='ocrx_word' id='word_1_701' title='bbox 2604 3932 2921 4005; x_wconf 87' lang='lat' dir='ltr'><strong>Cujusmodi</strong></span> <span class='ocrx_word' id='word_1_702' title='bbox 2956 3933 3101 3988; x_wconf 85' lang='lat' dir='ltr'><strong>enim</strong></span> <span class='ocrx_word' id='word_1_703' title='bbox 3130 3932 3295 3989; x_wconf 83' lang='lat' dir='ltr'><strong>fuerit</strong></span> <span class='ocrx_word' id='word_1_704' title='bbox 3340 3930 3420 3992; x_wconf 80' lang='lat' dir='ltr'><strong>id.</strong></span> 
     </span>
    </p>
   </div>
   <div class='ocr_carea' id='block_1_98' title="bbox 1839 4024 3432 4102">
    <p class='ocr_par' dir='ltr' id='par_1_98' title="bbox 1839 4024 3432 4102">
     <span class='ocr_line' id='line_1_98' title="bbox 1839 4024 3432 4102; baseline -0.005 -16"><span class='ocrx_word' id='word_1_705' title='bbox 1839 4030 1987 4102; x_wconf 89' lang='lat' dir='ltr'><strong>quod</strong></span> <span class='ocrx_word' id='word_1_706' title='bbox 2010 4029 2276 4084; x_wconf 81' lang='lat' dir='ltr'><strong>Archelao</strong></span> <span class='ocrx_word' id='word_1_707' title='bbox 2298 4028 2580 4088; x_wconf 81' lang='lat' dir='ltr'><strong>acciderit.</strong></span> <span class='ocrx_word' id='word_1_708' title='bbox 2620 4028 2775 4084; x_wconf 76' lang='lat' dir='ltr'><strong>scitis</strong></span> <span class='ocrx_word' id='word_1_709' title='bbox 2803 4027 3012 4096; x_wconf 89' lang='lat' dir='ltr'><strong>utique,</strong></span> <span class='ocrx_word' id='word_1_710' title='bbox 3043 4033 3099 4080; x_wconf 92' lang='lat' dir='ltr'><strong>et</strong></span> <span class='ocrx_word' id='word_1_711' title='bbox 3138 4024 3432 4095; x_wconf 87' lang='lat' dir='ltr'><strong>quodnam‘</strong></span> 
     </span>
    </p>
   </div>
   <div class='ocr_carea' id='block_1_99' title="bbox 1836 4117 3418 4189">
    <p class='ocr_par' dir='ltr' id='par_1_99' title="bbox 1836 4117 3418 4189">
     <span class='ocr_line' id='line_1_99' title="bbox 1836 4117 3418 4189; baseline -0.006 -10"><span class='ocrx_word' id='word_1_712' title='bbox 1836 4124 1894 4179; x_wconf 92' lang='lat' dir='ltr'><strong>in</strong></span> <span class='ocrx_word' id='word_1_713' title='bbox 1919 4138 2043 4178; x_wconf 90' lang='lat' dir='ltr'><strong>eum</strong></span> <span class='ocrx_word' id='word_1_714' title='bbox 2077 4122 2280 4177; x_wconf 79' lang='lat' dir='ltr'><strong>factum</strong></span> <span class='ocrx_word' id='word_1_715' title='bbox 2311 4120 2478 4176; x_wconf 78' lang='lat' dir='ltr'><strong>fuerit</strong></span> <span class='ocrx_word' id='word_1_716' title='bbox 2520 4120 2843 4175; x_wconf 90' lang='lat' dir='ltr'><strong>miraculum</strong></span> <span class='ocrx_word' id='word_1_717' title='bbox 2875 4137 2888 4175; x_wconf 88' lang='lat'><strong>:</strong></span> <span class='ocrx_word' id='word_1_718' title='bbox 2921 4118 3014 4189; x_wconf 91' lang='lat' dir='ltr'><strong>qui</strong></span> <span class='ocrx_word' id='word_1_719' title='bbox 3046 4125 3162 4172; x_wconf 86' lang='lat' dir='ltr'><strong>erat</strong></span> <span class='ocrx_word' id='word_1_720' title='bbox 3199 4117 3418 4187; x_wconf 83' lang='lat' dir='ltr'><strong>quidem</strong></span> 
     </span>
    </p>
   </div>
   <div class='ocr_carea' id='block_1_100' title="bbox 1834 4205 3421 4283">
    <p class='ocr_par' dir='ltr' id='par_1_100' title="bbox 1834 4205 3421 4283">
     <span class='ocr_line' id='line_1_100' title="bbox 1834 4205 3421 4283; baseline -0.004 -16"><span class='ocrx_word' id='word_1_721' title='bbox 1834 4227 2038 4283; x_wconf 77' lang='lat' dir='ltr'><strong>praeses</strong></span> <span class='ocrx_word' id='word_1_722' title='bbox 2076 4209 2420 4269; x_wconf 64' lang='lat' dir='ltr'><strong>Antioizhice,</strong></span> <span class='ocrx_word' id='word_1_723' title='bbox 2473 4218 2529 4265; x_wconf 87' lang='lat' dir='ltr'><strong>et</strong></span> <span class='ocrx_word' id='word_1_724' title='bbox 2575 4209 2857 4264; x_wconf 89' lang='lat' dir='ltr'><strong>obtinebat</strong></span> <span class='ocrx_word' id='word_1_725' title='bbox 2897 4210 3103 4283; x_wconf 86' lang='lat' dir='ltr'><strong>primas</strong></span> <span class='ocrx_word' id='word_1_726' title='bbox 3137 4214 3325 4276; x_wconf 84' lang='lat' dir='ltr'><strong>partes</strong></span> <span class='ocrx_word' id='word_1_727' title='bbox 3366 4205 3421 4260; x_wconf 93' lang='lat' dir='ltr'><strong>in</strong></span> 
     </span>
    </p>
   </div>
   <div class='ocr_carea' id='block_1_101' title="bbox 1832 4294 3420 4368">
    <p class='ocr_par' dir='ltr' id='par_1_101' title="bbox 1832 4294 3420 4368">
     <span class='ocr_line' id='line_1_101' title="bbox 1832 4294 3420 4368; baseline -0.008 -9"><span class='ocrx_word' id='word_1_728' title='bbox 1832 4302 2057 4359; x_wconf 87' lang='lat' dir='ltr'><strong>civitate</strong></span> <span class='ocrx_word' id='word_1_729' title='bbox 2083 4317 2099 4354; x_wconf 88' lang='lat'><strong>:</strong></span> <span class='ocrx_word' id='word_1_730' title='bbox 2141 4316 2341 4356; x_wconf 88' lang='lat' dir='ltr'><strong>arcano</strong></span> <span class='ocrx_word' id='word_1_731' title='bbox 2370 4308 2552 4354; x_wconf 88' lang='lat' dir='ltr'><strong>autem</strong></span> <span class='ocrx_word' id='word_1_732' title='bbox 2579 4315 2706 4356; x_wconf 90' lang='lat' dir='ltr'><strong>casu</strong></span> <span class='ocrx_word' id='word_1_733' title='bbox 2731 4300 2879 4368; x_wconf 92' lang='lat' dir='ltr'><strong>lepra</strong></span> <span class='ocrx_word' id='word_1_734' title='bbox 2908 4297 3176 4368; x_wconf 67' lang='lat' dir='ltr'><strong>quaedam,</strong></span> <span class='ocrx_word' id='word_1_735' title='bbox 3204 4310 3326 4365; x_wconf 75' lang='lat' dir='ltr'><strong>quae</strong></span> <span class='ocrx_word' id='word_1_736' title='bbox 3364 4294 3420 4347; x_wconf 83' lang='lat' dir='ltr'><strong>in</strong></span> 
     </span>
    </p>
   </div>
   <div class='ocr_carea' id='block_1_102' title="bbox 1833 4383 3420 4465">
    <p class='ocr_par' dir='ltr' id='par_1_102' title="bbox 1833 4383 3420 4465">
     <span class='ocr_line' id='line_1_102' title="bbox 1833 4383 3420 4465; baseline -0.008 -15"><span class='ocrx_word' id='word_1_737' title='bbox 1833 4394 1953 4465; x_wconf 83' lang='lat' dir='ltr'><strong>ejus</strong></span> <span class='ocrx_word' id='word_1_738' title='bbox 1995 4390 2526 4454; x_wconf 79' lang='lat' dir='ltr'><strong>fronteeﬂioruerat,</strong></span> <span class='ocrx_word' id='word_1_739' title='bbox 2565 4404 2690 4445; x_wconf 89' lang='lat' dir='ltr'><strong>eum</strong></span> <span class='ocrx_word' id='word_1_740' title='bbox 2729 4403 2923 4458; x_wconf 68' lang='lat' dir='ltr'><strong>magna</strong></span> <span class='ocrx_word' id='word_1_741' title='bbox 2945 4386 3211 4442; x_wconf 77' lang='lat' dir='ltr'><strong>alliciebat</strong></span> <span class='ocrx_word' id='word_1_742' title='bbox 3245 4383 3420 4439; x_wconf 90' lang='lat' dir='ltr'><strong>mole-</strong></span> 
     </span>
    </p>
   </div>
   <div class='ocr_carea' id='block_1_103' title="bbox 1832 4475 3422 4555">
    <p class='ocr_par' dir='ltr' id='par_1_103' title="bbox 1832 4475 3422 4555">
     <span class='ocr_line' id='line_1_103' title="bbox 1832 4475 3422 4555; baseline -0.009 -14"><span class='ocrx_word' id='word_1_743' title='bbox 1832 4486 1958 4550; x_wconf 87' lang='lat' dir='ltr'><strong>stia,</strong></span> <span class='ocrx_word' id='word_1_744' title='bbox 1988 4494 2050 4539; x_wconf 93' lang='lat' dir='ltr'><strong>ut</strong></span> <span class='ocrx_word' id='word_1_745' title='bbox 2073 4499 2195 4555; x_wconf 84' lang='lat' dir='ltr'><strong>quae</strong></span> <span class='ocrx_word' id='word_1_746' title='bbox 2224 4498 2350 4538; x_wconf 90' lang='lat' dir='ltr'><strong>eum</strong></span> <span class='ocrx_word' id='word_1_747' title='bbox 2408 4480 2619 4552; x_wconf 89' lang='lat' dir='ltr'><strong>pudore</strong></span> <span class='ocrx_word' id='word_1_748' title='bbox 2649 4477 2921 4540; x_wconf 78' lang='lat' dir='ltr'><strong>alliceret,</strong></span> <span class='ocrx_word' id='word_1_749' title='bbox 2953 4487 3010 4533; x_wconf 91' lang='lat' dir='ltr'><strong>et</strong></span> <span class='ocrx_word' id='word_1_750' title='bbox 3052 4475 3311 4533; x_wconf 82' lang='lat' dir='ltr'><strong>eﬂiceret.</strong></span> <span class='ocrx_word' id='word_1_751' title='bbox 3360 4480 3422 4526; x_wconf 83' lang='lat' dir='ltr'><strong>ut</strong></span> 
     </span>
    </p>
   </div>
   <div class='ocr_carea' id='block_1_104' title="bbox 1834 4568 3419 4641">
    <p class='ocr_par' dir='ltr' id='par_1_104' title="bbox 1834 4568 3419 4641">
     <span class='ocr_line' id='line_1_104' title="bbox 1834 4568 3419 4641; baseline -0.007 -9"><span class='ocrx_word' id='word_1_752' title='bbox 1834 4576 2082 4632; x_wconf 89' lang='lat' dir='ltr'><strong>omnium</strong></span> <span class='ocrx_word' id='word_1_753' title='bbox 2124 4575 2320 4630; x_wconf 85' lang='lat' dir='ltr'><strong>vitaret</strong></span> <span class='ocrx_word' id='word_1_754' title='bbox 2348 4573 2558 4628; x_wconf 80' lang='lat' dir='ltr'><strong>oeulos.</strong></span> <span class='ocrx_word' id='word_1_755' title='bbox 2600 4573 2736 4628; x_wconf 89' lang='lat' dir='ltr'><strong>Cum</strong></span> <span class='ocrx_word' id='word_1_756' title='bbox 2779 4571 2966 4641; x_wconf 85' lang='lat' dir='ltr'><strong>itaque</strong></span> <span class='ocrx_word' id='word_1_757' title='bbox 3012 4568 3243 4624; x_wconf 89' lang='lat' dir='ltr'><strong>multum</strong></span> <span class='ocrx_word' id='word_1_758' title='bbox 3285 4580 3419 4621; x_wconf 83' lang='lat' dir='ltr'><strong>usus</strong></span> 
     </span>
    </p>
   </div>
   <div class='ocr_carea' id='block_1_105' title="bbox 1838 4657 3417 4737">
    <p class='ocr_par' dir='ltr' id='par_1_105' title="bbox 1838 4657 3417 4737">
     <span class='ocr_line' id='line_1_105' title="bbox 1838 4657 3417 4737; baseline -0.011 -11"><span class='ocrx_word' id='word_1_759' title='bbox 1838 4677 1985 4726; x_wconf 86' lang='lat' dir='ltr'><strong>esset</strong></span> <span class='ocrx_word' id='word_1_760' title='bbox 2017 4667 2310 4733; x_wconf 84' lang='lat' dir='ltr'><strong>medicina,</strong></span> <span class='ocrx_word' id='word_1_761' title='bbox 2340 4674 2400 4722; x_wconf 89' lang='lat' dir='ltr'><strong>ut</strong></span> <span class='ocrx_word' id='word_1_762' title='bbox 2432 4681 2554 4737; x_wconf 67' lang='lat' dir='ltr'><strong>quae</strong></span> <span class='ocrx_word' id='word_1_763' title='bbox 2588 4672 2775 4736; x_wconf 88' lang='lat' dir='ltr'><strong>posset</strong></span> <span class='ocrx_word' id='word_1_764' title='bbox 2799 4662 2848 4718; x_wconf 90' lang='lat' dir='ltr'><strong>ei</strong></span> <span class='ocrx_word' id='word_1_765' title='bbox 2881 4676 3041 4732; x_wconf 87' lang='lat' dir='ltr'><strong>opem</strong></span> <span class='ocrx_word' id='word_1_766' title='bbox 3072 4660 3234 4724; x_wconf 80' lang='lat' dir='ltr'><strong>ferre,</strong></span> <span class='ocrx_word' id='word_1_767' title='bbox 3277 4657 3417 4712; x_wconf 86' lang='lat' dir='ltr'><strong>nihil</strong></span> 
     </span>
    </p>
   </div>
   <div class='ocr_carea' id='block_1_106' title="bbox 1837 4845 3417 4917">
    <p class='ocr_par' dir='ltr' id='par_1_106' title="bbox 1837 4845 3417 4917">
     <span class='ocr_line' id='line_1_106' title="bbox 1837 4845 3417 4917; baseline -0.008 -7"><span class='ocrx_word' id='word_1_768' title='bbox 1837 4855 2176 4917; x_wconf 90' lang='lat' dir='ltr'><strong>illuderetur,</strong></span> <span class='ocrx_word' id='word_1_769' title='bbox 2207 4853 2384 4908; x_wconf 86' lang='lat' dir='ltr'><strong>donec</strong></span> <span class='ocrx_word' id='word_1_770' title='bbox 2409 4850 2655 4907; x_wconf 87' lang='lat' dir='ltr'><strong>constitit</strong></span> <span class='ocrx_word' id='word_1_771' title='bbox 2680 4864 2799 4905; x_wconf 88' lang='lat' dir='ltr'><strong>eam</strong></span> <span class='ocrx_word' id='word_1_772' title='bbox 2824 4862 2945 4903; x_wconf 89' lang='lat' dir='ltr'><strong>esse</strong></span> <span class='ocrx_word' id='word_1_773' title='bbox 2975 4846 3243 4902; x_wconf 78' lang='lat' dir='ltr'><strong>fallacem.</strong></span> <span class='ocrx_word' id='word_1_774' title='bbox 3279 4845 3417 4899; x_wconf 88' lang='lat' dir='ltr'><strong>Cum</strong></span> 
     </span>
    </p>
   </div>
   <div class='ocr_carea' id='block_1_107' title="bbox 1835 4940 3415 5003">
    <p class='ocr_par' dir='ltr' id='par_1_107' title="bbox 1835 4940 3415 5003">
     <span class='ocr_line' id='line_1_107' title="bbox 1835 4940 3415 5003; baseline -0.008 0"><span class='ocrx_word' id='word_1_775' title='bbox 1835 4958 2019 5003; x_wconf 89' lang='lat' dir='ltr'><strong>autem</strong></span> <span class='ocrx_word' id='word_1_776' title='bbox 2050 4955 2273 5002; x_wconf 91' lang='lat' dir='ltr'><strong>sanctus</strong></span> <span class='ocrx_word' id='word_1_777' title='bbox 2303 4945 2391 4999; x_wconf 77' lang='lat' dir='ltr'><strong>vix</strong></span> <span class='ocrx_word' id='word_1_778' title='bbox 2425 4944 2646 4999; x_wconf 86' lang='lat' dir='ltr'><strong>tandem</strong></span> <span class='ocrx_word' id='word_1_779' title='bbox 2675 4943 2727 4998; x_wconf 92' lang='lat' dir='ltr'><strong>ei</strong></span> <span class='ocrx_word' id='word_1_780' title='bbox 2753 4941 2995 4997; x_wconf 90' lang='lat' dir='ltr'><strong>venisset</strong></span> <span class='ocrx_word' id='word_1_781' title='bbox 3042 4940 3096 4993; x_wconf 93' lang='lat' dir='ltr'><strong>in</strong></span> <span class='ocrx_word' id='word_1_782' title='bbox 3145 4943 3415 5002; x_wconf 87' lang='lat' dir='ltr'><strong>mentem,</strong></span> 
     </span>
    </p>
   </div>
   <div class='ocr_carea' id='block_1_108' title="bbox 1833 5031 3418 5104">
    <p class='ocr_par' dir='ltr' id='par_1_108' title="bbox 1833 5031 3418 5104">
     <span class='ocr_line' id='line_1_108' title="bbox 1833 5031 3418 5104; baseline -0.008 -10"><span class='ocrx_word' id='word_1_783' title='bbox 1833 5047 1890 5094; x_wconf 89' lang='lat' dir='ltr'><strong>ct</strong></span> <span class='ocrx_word' id='word_1_784' title='bbox 1911 5038 1980 5093; x_wconf 89' lang='lat' dir='ltr'><strong>ad</strong></span> <span class='ocrx_word' id='word_1_785' title='bbox 2008 5053 2133 5093; x_wconf 85' lang='lat' dir='ltr'><strong>eum</strong></span> <span class='ocrx_word' id='word_1_786' title='bbox 2165 5039 2399 5092; x_wconf 87' lang='lat' dir='ltr'><strong>venisset</strong></span> <span class='ocrx_word' id='word_1_787' title='bbox 2422 5034 2737 5089; x_wconf 80' lang='lat' dir='ltr'><strong>ferventiori</strong></span> <span class='ocrx_word' id='word_1_788' title='bbox 2756 5033 2970 5104; x_wconf 90' lang='lat' dir='ltr'><strong>spiritu,</strong></span> <span class='ocrx_word' id='word_1_789' title='bbox 2991 5031 3167 5104; x_wconf 81' lang='lat' dir='ltr'><strong>tetigit</strong></span> <span class='ocrx_word' id='word_1_790' title='bbox 3196 5040 3418 5087; x_wconf 65' lang='lat' dir='ltr'><strong>sanctos</strong></span> 
     </span>
    </p>
   </div>
   <div class='ocr_carea' id='block_1_109' title="bbox 1833 5126 3423 5201">
    <p class='ocr_par' dir='ltr' id='par_1_109' title="bbox 1833 5126 3423 5201">
     <span class='ocr_line' id='line_1_109' title="bbox 1833 5126 3423 5201; baseline -0.004 -16"><span class='ocrx_word' id='word_1_791' title='bbox 1833 5130 1956 5186; x_wconf 90' lang='lat' dir='ltr'><strong>illos</strong></span> <span class='ocrx_word' id='word_1_792' title='bbox 1989 5130 2177 5201; x_wconf 89' lang='lat' dir='ltr'><strong>pedes,</strong></span> <span class='ocrx_word' id='word_1_793' title='bbox 2209 5138 2264 5184; x_wconf 90' lang='lat' dir='ltr'><strong>et</strong></span> <span class='ocrx_word' id='word_1_794' title='bbox 2288 5128 2537 5183; x_wconf 86' lang='lat' dir='ltr'><strong>morbum</strong></span> <span class='ocrx_word' id='word_1_795' title='bbox 2567 5127 2827 5191; x_wconf 90' lang='lat' dir='ltr'><strong>ostendit,</strong></span> <span class='ocrx_word' id='word_1_796' title='bbox 2855 5135 2912 5181; x_wconf 88' lang='lat' dir='ltr'><strong>et</strong></span> <span class='ocrx_word' id='word_1_797' title='bbox 2941 5126 3099 5196; x_wconf 89' lang='lat' dir='ltr'><strong>petiit</strong></span> <span class='ocrx_word' id='word_1_798' title='bbox 3133 5134 3195 5180; x_wconf 92' lang='lat' dir='ltr'><strong>ut</strong></span> <span class='ocrx_word' id='word_1_799' title='bbox 3222 5138 3423 5180; x_wconf 45' lang='lat' dir='ltr'><strong>cense-</strong></span> 
     </span>
    </p>
   </div>
   <div class='ocr_carea' id='block_1_110' title="bbox 1829 5216 3411 5292">
    <p class='ocr_par' dir='ltr' id='par_1_110' title="bbox 1829 5216 3411 5292">
     <span class='ocr_line' id='line_1_110' title="bbox 1829 5216 3411 5292; baseline -0.003 -16"><span class='ocrx_word' id='word_1_800' title='bbox 1829 5232 2091 5292; x_wconf 86' lang='lat' dir='ltr'><strong>queretur</strong></span> <span class='ocrx_word' id='word_1_801' title='bbox 2116 5219 2455 5275; x_wconf 90' lang='lat' dir='ltr'><strong>curationem</strong></span> <span class='ocrx_word' id='word_1_802' title='bbox 2477 5219 2616 5288; x_wconf 86' lang='lat' dir='ltr'><strong>ejus,</strong></span> <span class='ocrx_word' id='word_1_803' title='bbox 2638 5218 2785 5288; x_wconf 91' lang='lat' dir='ltr'><strong>quod</strong></span> <span class='ocrx_word' id='word_1_804' title='bbox 2813 5218 2963 5272; x_wconf 90' lang='lat' dir='ltr'><strong>illum</strong></span> <span class='ocrx_word' id='word_1_805' title='bbox 2993 5218 3131 5272; x_wconf 91' lang='lat' dir='ltr'><strong>male</strong></span> <span class='ocrx_word' id='word_1_806' title='bbox 3156 5216 3411 5271; x_wconf 85' lang='lat' dir='ltr'><strong>habebat.</strong></span> 
     </span>
    </p>
   </div>
   <div class='ocr_carea' id='block_1_111' title="bbox 1831 5308 3411 5380">
    <p class='ocr_par' dir='ltr' id='par_1_111' title="bbox 1831 5308 3411 5380">
     <span class='ocr_line' id='line_1_111' title="bbox 1831 5308 3411 5380; baseline -0.004 -11"><span class='ocrx_word' id='word_1_807' title='bbox 1831 5315 1883 5369; x_wconf 91' lang='lat' dir='ltr'><strong>Is</strong></span> <span class='ocrx_word' id='word_1_808' title='bbox 1910 5322 2092 5369; x_wconf 88' lang='lat' dir='ltr'><strong>autem</strong></span> <span class='ocrx_word' id='word_1_809' title='bbox 2131 5320 2189 5367; x_wconf 88' lang='lat' dir='ltr'><strong>et</strong></span> <span class='ocrx_word' id='word_1_810' title='bbox 2216 5310 2476 5367; x_wconf 91' lang='lat' dir='ltr'><strong>misertus</strong></span> <span class='ocrx_word' id='word_1_811' title='bbox 2519 5309 2860 5375; x_wconf 86' lang='lat' dir='ltr'><strong>calamitatis,</strong></span> <span class='ocrx_word' id='word_1_812' title='bbox 2916 5318 2976 5364; x_wconf 87' lang='lat' dir='ltr'><strong>ut</strong></span> <span class='ocrx_word' id='word_1_813' title='bbox 3005 5310 3098 5380; x_wconf 89' lang='lat' dir='ltr'><strong>qui</strong></span> <span class='ocrx_word' id='word_1_814' title='bbox 3125 5320 3275 5365; x_wconf 90' lang='lat' dir='ltr'><strong>esset</strong></span> <span class='ocrx_word' id='word_1_815' title='bbox 3298 5308 3411 5364; x_wconf 91' lang='lat' dir='ltr'><strong>cle-</strong></span> 
     </span>
    </p>
   </div>
   <div class='ocr_carea' id='block_1_112' title="bbox 1827 5398 3408 5471">
    <p class='ocr_par' dir='ltr' id='par_1_112' title="bbox 1827 5398 3408 5471">
     <span class='ocr_line' id='line_1_112' title="bbox 1827 5398 3408 5471; baseline -0.004 -11"><span class='ocrx_word' id='word_1_816' title='bbox 1827 5404 2222 5466; x_wconf 76' lang='lat' dir='ltr'><strong>mentissnmus,</strong></span> <span class='ocrx_word' id='word_1_817' title='bbox 2272 5412 2329 5456; x_wconf 90' lang='lat' dir='ltr'><strong>et</strong></span> <span class='ocrx_word' id='word_1_818' title='bbox 2367 5400 2542 5456; x_wconf 82' lang='lat' dir='ltr'><strong>ﬂexus</strong></span> <span class='ocrx_word' id='word_1_819' title='bbox 2571 5398 2676 5455; x_wconf 79' lang='lat' dir='ltr'><strong>fuit</strong></span> <span class='ocrx_word' id='word_1_820' title='bbox 2701 5401 2975 5471; x_wconf 90' lang='lat' dir='ltr'><strong>precantis</strong></span> <span class='ocrx_word' id='word_1_821' title='bbox 3005 5401 3247 5458; x_wconf 73' lang='lat' dir='ltr'><strong>vocibus.</strong></span> <span class='ocrx_word' id='word_1_822' title='bbox 3298 5399 3408 5453; x_wconf 87' lang='lat' dir='ltr'><strong>De-</strong></span> 
     </span>
    </p>
   </div>
   <div class='ocr_carea' id='block_1_113' title="bbox 1828 5494 3405 5566">
    <p class='ocr_par' dir='ltr' id='par_1_113' title="bbox 1828 5494 3405 5566">
     <span class='ocr_line' id='line_1_113' title="bbox 1828 5494 3405 5566; baseline -0.001 -15"><span class='ocrx_word' id='word_1_823' title='bbox 1828 5498 1956 5552; x_wconf 72' lang='lat' dir='ltr'><strong>intle</strong></span> <span class='ocrx_word' id='word_1_824' title='bbox 1981 5511 2107 5553; x_wconf 90' lang='lat' dir='ltr'><strong>cum</strong></span> <span class='ocrx_word' id='word_1_825' title='bbox 2130 5510 2197 5549; x_wconf 92' lang='lat' dir='ltr'><strong>eo</strong></span> <span class='ocrx_word' id='word_1_826' title='bbox 2222 5502 2417 5566; x_wconf 88' lang='lat' dir='ltr'><strong>pactus</strong></span> <span class='ocrx_word' id='word_1_827' title='bbox 2443 5501 2548 5562; x_wconf 87' lang='lat' dir='ltr'><strong>est,</strong></span> <span class='ocrx_word' id='word_1_828' title='bbox 2592 5494 2654 5550; x_wconf 85' lang='lat' dir='ltr'><strong>tit</strong></span> <span class='ocrx_word' id='word_1_829' title='bbox 2694 5510 2726 5550; x_wconf 87' lang='lat' dir='ltr'><strong>a</strong></span> <span class='ocrx_word' id='word_1_830' title='bbox 2757 5496 2914 5553; x_wconf 90' lang='lat' dir='ltr'><strong>malis</strong></span> <span class='ocrx_word' id='word_1_831' title='bbox 2940 5496 3238 5552; x_wconf 88' lang='lat' dir='ltr'><strong>declinaret</strong></span> <span class='ocrx_word' id='word_1_832' title='bbox 3269 5508 3405 5563; x_wconf 88' lang='lat' dir='ltr'><strong>ope-</strong></span> 
     </span>
    </p>
   </div>
   <div class='ocr_carea' id='block_1_114' title="bbox 1827 5588 3413 5661">
    <p class='ocr_par' dir='ltr' id='par_1_114' title="bbox 1827 5588 3413 5661">
     <span class='ocr_line' id='line_1_114' title="bbox 1827 5588 3413 5661; baseline -0.002 -19"><span class='ocrx_word' id='word_1_833' title='bbox 1827 5589 1980 5644; x_wconf 91' lang='lat' dir='ltr'><strong>ribus</strong></span> <span class='ocrx_word' id='word_1_834' title='bbox 2011 5588 2081 5645; x_wconf 89' lang='lat' dir='ltr'><strong>de</strong></span> <span class='ocrx_word' id='word_1_835' title='bbox 2124 5596 2344 5653; x_wconf 74' lang='lat' dir='ltr'><strong>caetero,</strong></span> <span class='ocrx_word' id='word_1_836' title='bbox 2396 5598 2592 5660; x_wconf 89' lang='lat' dir='ltr'><strong>petens</strong></span> <span class='ocrx_word' id='word_1_837' title='bbox 2618 5588 2803 5656; x_wconf 89' lang='lat' dir='ltr'><strong>etiam,</strong></span> <span class='ocrx_word' id='word_1_838' title='bbox 2854 5598 2914 5645; x_wconf 93' lang='lat' dir='ltr'><strong>ut</strong></span> <span class='ocrx_word' id='word_1_839' title='bbox 2961 5589 3142 5661; x_wconf 90' lang='lat' dir='ltr'><strong>priora</strong></span> <span class='ocrx_word' id='word_1_840' title='bbox 3180 5593 3413 5657; x_wconf 83' lang='lat' dir='ltr'><strong>peccata-</strong></span> 
     </span>
    </p>
   </div>
   <div class='ocr_carea' id='block_1_115' title="bbox 1825 5679 3401 5751">
    <p class='ocr_par' dir='ltr' id='par_1_115' title="bbox 1825 5679 3401 5751">
     <span class='ocr_line' id='line_1_115' title="bbox 1825 5679 3401 5751; baseline -0.001 -17"><span class='ocrx_word' id='word_1_841' title='bbox 1825 5679 2148 5751; x_wconf 74' lang='lat' dir='ltr'><strong>corrigeret.</strong></span> <span class='ocrx_word' id='word_1_842' title='bbox 2178 5679 2334 5746; x_wconf 86' lang='lat' dir='ltr'><strong>Quod</strong></span> <span class='ocrx_word' id='word_1_843' title='bbox 2357 5680 2576 5750; x_wconf 82' lang='lat' dir='ltr'><strong>quidem</strong></span> <span class='ocrx_word' id='word_1_844' title='bbox 2604 5697 2729 5735; x_wconf 92' lang='lat' dir='ltr'><strong>cum</strong></span> <span class='ocrx_word' id='word_1_845' title='bbox 2764 5688 2911 5736; x_wconf 88' lang='lat' dir='ltr'><strong>esset</strong></span> <span class='ocrx_word' id='word_1_846' title='bbox 2932 5680 3223 5750; x_wconf 80' lang='lat' dir='ltr'><strong>pollicitus,</strong></span> <span class='ocrx_word' id='word_1_847' title='bbox 3256 5691 3401 5747; x_wconf 62' lang='lat' dir='ltr'><strong>prm-</strong></span> 
     </span>
    </p>
   </div>
   <div class='ocr_carea' id='block_1_116' title="bbox 1826 5770 3398 5828">
    <p class='ocr_par' dir='ltr' id='par_1_116' title="bbox 1826 5770 3398 5828">
     <span class='ocr_line' id='line_1_116' title="bbox 1826 5770 3398 5828; baseline -0.003 -1"><span class='ocrx_word' id='word_1_848' title='bbox 1826 5772 1946 5827; x_wconf 87' lang='lat' dir='ltr'><strong>buit</strong></span> <span class='ocrx_word' id='word_1_849' title='bbox 1976 5772 2026 5827; x_wconf 91' lang='lat' dir='ltr'><strong>ei</strong></span> <span class='ocrx_word' id='word_1_850' title='bbox 2050 5772 2422 5828; x_wconf 90' lang='lat' dir='ltr'><strong>curationem:</strong></span> <span class='ocrx_word' id='word_1_851' title='bbox 2457 5772 2644 5827; x_wconf 89' lang='lat' dir='ltr'><strong>dicens</strong></span> <span class='ocrx_word' id='word_1_852' title='bbox 2682 5772 2737 5826; x_wconf 92' lang='lat' dir='ltr'><strong>in</strong></span> <span class='ocrx_word' id='word_1_853' title='bbox 2766 5771 2985 5826; x_wconf 81' lang='lat' dir='ltr'><strong>nomine</strong></span> <span class='ocrx_word' id='word_1_854' title='bbox 3010 5770 3211 5825; x_wconf 82' lang='lat' dir='ltr'><strong>Christi</strong></span> <span class='ocrx_word' id='word_1_855' title='bbox 3279 5770 3398 5823; x_wconf 87' lang='lat' dir='ltr'><strong>lava</strong></span> 
     </span>
    </p>
   </div>
   <div class='ocr_carea' id='block_1_117' title="bbox 1826 5859 3396 5939">
    <p class='ocr_par' dir='ltr' id='par_1_117' title="bbox 1826 5859 3396 5939">
     <span class='ocr_line' id='line_1_117' title="bbox 1826 5859 3396 5939; baseline -0.006 -15"><span class='ocrx_word' id='word_1_856' title='bbox 1826 5876 1877 5924; x_wconf 88' lang='lat' dir='ltr'><strong>te</strong></span> <span class='ocrx_word' id='word_1_857' title='bbox 1901 5882 2059 5939; x_wconf 89' lang='lat' dir='ltr'><strong>aqua,</strong></span> <span class='ocrx_word' id='word_1_858' title='bbox 2084 5865 2180 5923; x_wconf 85' lang='lat' dir='ltr'><strong>ubi</strong></span> <span class='ocrx_word' id='word_1_859' title='bbox 2209 5864 2405 5923; x_wconf 84' lang='lat' dir='ltr'><strong>fratres</strong></span> <span class='ocrx_word' id='word_1_860' title='bbox 2425 5864 2602 5922; x_wconf 90' lang='lat' dir='ltr'><strong>solent</strong></span> <span class='ocrx_word' id='word_1_861' title='bbox 2628 5864 2834 5920; x_wconf 87' lang='lat' dir='ltr'><strong>bibere.</strong></span> <span class='ocrx_word' id='word_1_862' title='bbox 2862 5860 3014 5929; x_wconf 85' lang='lat' dir='ltr'><strong>Quod</strong></span> <span class='ocrx_word' id='word_1_863' title='bbox 3045 5875 3167 5917; x_wconf 89' lang='lat' dir='ltr'><strong>cum</strong></span> <span class='ocrx_word' id='word_1_864' title='bbox 3194 5859 3396 5915; x_wconf 79' lang='lat' dir='ltr'><strong>factum</strong></span> 
     </span>
    </p>
   </div>
   <div class='ocr_carea' id='block_1_118' title="bbox 2969 5958 3046 6021">
    <p class='ocr_par' dir='ltr' id='par_1_118' title="bbox 2969 5958 3046 6021">
     <span class='ocr_line' id='line_1_118' title="bbox 2969 5958 3046 6021; baseline 0.013 -1"><span class='ocrx_word' id='word_1_865' title='bbox 2969 5958 3046 6021; x_wconf 65' lang='grc'><strong>34</strong></span> 
     </span>
    </p>
   </div>
  </div>
