3828 6492
320 409 453 478 1051

1539 404 1821 467 MENSIS
1856 403 2311 470 IANUARIUS.

3425 404 3568 469 10:72

313 523 521 583 culum,
552 526 608 571 et
634 515 792 577 alios.
823 514 915 585 qui
941 514 1009 570 ad
1038 516 1141 570 hoc
1171 513 1411 585 expedit,
1440 515 1750 575 comitatus.
1775 512 1881 570 Sed

2000 517 2140 573 Ἀλλ’
2183 519 2391 583 ἐκεῖνος
2435 519 2630 586 ταῦτα,
2666 520 2742 584 ὡς
2777 518 3009 590 περιττὰ
3054 518 3145 573 καὶ
3200 519 3435 588 ἀνόνητα
3468 520 3569 570 καὶ

316 612 409 667 ille
438 613 556 665 hac
590 618 846 677 tanquam
870 622 1272 679 supervacanea
1289 615 1346 662 et
1379 606 1592 661 inutilia
1628 618 1684 663 et
1717 607 1881 661 veluti

315 704 477 758 inane
510 699 722 756 itineris
753 700 1127 770 adjumentum
1156 698 1447 769 repellens,
1468 698 1618 753 solus
1638 698 1781 754 viam
1799 708 1885 753 est

314 796 610 865 ingressus,
642 792 759 848 suis
786 800 947 848 utens
976 791 1227 863 pedibus,
1260 789 1407 862 quod
1424 790 1644 859 quidem
1671 790 1770 845 sibi
1805 790 1884 844 fa-

313 887 569 944 ciendum
599 884 884 942 constituit
910 886 979 951 is,
1004 885 1097 955 qui
1124 891 1209 940 est
1235 898 1422 949 sanus,
1455 891 1635 937 etnon
1658 891 1883 953 propter

315 982 685 1052 arrogantiam
736 987 794 1034 et
835 994 1030 1033 vanam
1065 978 1292 1049 gloriam
1322 991 1386 1030 ea
1416 974 1652 1031 sustinet
1680 976 1880 1039 facere,

313 1088 435 1143 qua:
470 1073 680 1145 aegroti.
714 1071 1079 1137 Quamobrem
1110 1068 1281 1137 magis
1313 1076 1598 1138 stupentes
1617 1066 1736 1135 ejus
1764 1081 1882 1120 mo-

312 1164 673 1228 derationem,
706 1171 763 1217 et
794 1177 912 1217 eam
935 1177 1056 1230 qua:
1077 1160 1377 1231 apparebat
1413 1157 1879 1221 constitutionem,

312 1259 578 1312 ducentes
602 1270 726 1310 esse
758 1253 1048 1322 imaginem
1086 1252 1302 1316 animm,
1330 1267 1450 1321 qua:
1487 1266 1597 1305 non
1640 1264 1884 1323 appare-

311 1350 429 1413 bat,
459 1348 576 1417 ipse
605 1346 816 1417 primus
836 1343 1094 1415 praetorio
1130 1341 1423 1412 prml‘eetus
1456 1350 1513 1397 et
1538 1342 1631 1411 qui
1659 1356 1784 1397 cum
1817 1355 1883 1396 eo

312 1441 562 1506 aderant,
615 1438 664 1493 ei
695 1436 973 1492 accedenti
1032 1435 1286 1490 lubenter
1336 1441 1772 1496 assurrexerunt,
1827 1440 1883 1488 et

312 1546 439 1586 cum
462 1537 792 1600 aspexerunt
825 1526 1000 1582 oculis
1042 1525 1353 1581 reverentia
1403 1525 1582 1595 plenis
1619 1534 1676 1579 et
1711 1525 1881 1580 bene-

310 1621 571 1675 volentia.
591 1618 795 1675 Deinde
815 1618 975 1673 etiam
996 1617 1047 1672 vi
1064 1617 1398 1671 attrahentes
1416 1615 1879 1687 (resistebatenim

310 1711 535 1783 propter
558 1711 941 1767 vehementem
989 1724 1228 1764 amorem
1263 1707 1671 1777 moderationis)
1705 1706 1881 1778 primo

308 1805 430 1861 loco
450 1820 575 1860 eum
597 1801 802 1875 dignati
825 1811 972 1868 sunt,
996 1802 1319 1872 publiceque
1335 1800 1875 1873 ornarunteloquen-

1984 610 2142 663 κενὸν
2182 607 2295 664 οἷον
2329 612 2555 682 πορείας
2597 612 2873 683 ἐφόλκιον,
2900 612 3261 683 διωσάμενος,
3295 611 3458 682 μόνος
3485 612 3566 664 ει-

1984 718 2109 773 χετο
2125 702 2223 773 τῆς
2254 703 2397 766 ὁδοῦ,
2440 706 2567 759 ποσὶ
2596 706 2711 769 τοῖς
2747 705 2943 758 ἑαυτοῦ
2984 703 3293 777 χρώμενος.
3340 702 3466 773 Ὑφ’
3499 695 3565 755 οὗ

1983 794 2078 847 καὶ
2109 792 2309 863 μᾶλλον
2337 795 2501 849 αὑτὸν
2529 795 2898 865 ἐκπλαγέντες
2926 796 3028 867 τῆς
3057 797 3432 867 μετριότητος,
3465 794 3566 847 καὶ

1981 888 2081 957 τὴν
2103 889 2434 960 φαινομένην
2461 891 2796 946 κατάστασιν
2830 893 3024 947 εἰκόνα.
3048 894 3147 962 τῆς
3180 889 3425 961 ἀφανοῦς
3449 890 3565 959 ψυ-

1982 976 2085 1047 χῆς
2116 979 2496 1049 ποιησάμενοι,
2541 980 2706 1045 αὑτός
2733 997 2792 1034 τε
2856 980 3074 1052 πρῶτος
3103 979 3217 1052 [γρ.
3254 977 3507 1051 πρῶτον]
3532 978 3563 1032 δ

1983 1067 2246 1139 ὕπαρχος,
2270 1071 2364 1123 καὶ
2389 1072 2502 1124 ὅσοι
2535 1070 2599 1141 δὴ
2621 1071 3013 1143 συμπαρῆσαν,
3045 1074 3137 1125 καὶ
3167 1071 3564 1140 ὑπανέστησαν

1984 1162 2284 1233 προσιόντι,
2320 1164 2415 1217 καὶ
2439 1164 2577 1233 πρὸς
2611 1165 2735 1235 βίαν
2764 1164 3232 1234 ἐπισπασάμενοι,
3256 1164 3360 1233 τῆς
3384 1178 3562 1233 προε-

1981 1253 2135 1323 δρίας
2165 1254 2373 1325 ἠξίουν,
2401 1256 2463 1326 δη
2474 1257 2638 1327 μοσία
2663 1274 2729 1310 τε
2760 1264 2874 1321 τοῖς
2912 1259 2977 1310 ἐκ
3003 1256 3187 1325 λόγων
3202 1256 3446 1317 ἐπαίνοις
3464 1256 3565 1307 καὶ

1980 1348 2103 1408 ταῖς
2140 1346 2328 1411 ἄλλαις
2357 1348 2764 1420 ἐφιλοτιμοῦντο
2801 1353 3010 1421 τιμαῖς.
3053 1347 3241 1403 Ταῦτα
3273 1347 3332 1400 δέ
3362 1347 3562 1418 πρᾴως

1978 1436 2073 1491 τὸν
2093 1436 2285 1505 φθόνον
2311 1439 2411 1492 οὐκ
2447 1436 2516 1508 ἦν
2555 1440 2819 1509 ἐνεγκεῖν,
2846 1440 2965 1493 οὐδὲ
2994 1442 3105 1502 τοῖς
3135 1440 3244 1493 τῶν
3266 1438 3563 1509 βασκάνων

1981 1529 2206 1600 ἔμελλεν
2241 1531 2545 1603 ὀφθαλμοῖς.
2566 1533 2779 1604 φορητά
2806 1534 3064 1603 γενέσθαι
3087 1532 3184 1586 καὶ
3211 1531 3418 1587 ἄλυπα.
3444 1529 3567 1599 Τῆς

1979 1622 2090 1690 γάρ
2122 1624 2287 1693 κενῆς
2332 1622 2492 1693 δόξης
2522 1624 2770 1693 ἐσχάτως
2795 1624 3261 1695 ἀντιποιούμενοι,
3292 1621 3394 1694 τὴν
3421 1620 3564 1691 πρὸς

1980 1712 2189 1767 ἐκεῖνον
2237 1713 2405 1785 τιμὴν
2437 1716 2536 1785 τῆς
2576 1715 2788 1769 ἑαυτῶν
2823 1716 3020 1786 ὕφεσιν
3069 1715 3320 1785 ἐνόμιζον
3375 1709 3562 1766 εἷναν

1980 1802 2235 1877 καθάπερ
2278 1805 2343 1878 δὴ
2404 1807 2498 1861 καὶ
2536 1806 2808 1879 ’Ᾱνθεμίῳ
2853 1809 2977 1861 τότε
3032 1806 3373 1868 συνέϐαινεν,
3402 1802 3567 1873 ἀνδρὶ

309 1899 398 1953 tia:
442 1897 697 1953 laudibus
744 1905 800 1951 et
850 1895 972 1950 aliis
1031 1894 1346 1965 privilegiis.
1376 1893 1516 1948 Fieri
1544 1900 1727 1948 autem
1765 1906 1877 1947 non

1984 1899 2079 1969 τὴν
2116 1897 2214 1968 μὲν
2237 1898 2532 1969 θρησκείαν
2550 1899 2753 1969 ἐλληνι,
2784 1898 2876 1953 καὶ
2891 1899 2980 1952 διὰ
3014 1898 3116 1970 μὲν
3142 1898 3242 1969 τὴν
3273 1897 3406 1968 περὶ
3432 1896 3565 1957 τοὺς

314 1996 552 2061 poterat,
591 1996 648 2043 ut
681 1988 987 2043 toleranter
1015 1986 1129 2040 hare
1161 1985 1324 2040 ferret
1357 1984 1557 2039 invidia
1587 2002 1600 2037 :
1625 1999 1729 2039 nec
1761 1984 1879 2039 sine

313 2082 502 2136 dolore
542 2080 662 2135 haec
700 2078 1011 2148 aspicerent
1048 2076 1355 2131 invidorum
1381 2076 1523 2129 oculi
1558 2116 1571 2129 .
1596 2075 1879 2149 Namcum

309 2186 505 2226 vanam
539 2170 765 2241 gloriam
795 2183 1007 2224 summe
1047 2168 1152 2223 sibi
1199 2150 1544 2222 vindicarent
1564 2208 1578 2231 ,
1608 2165 1882 2221 existima-

311 2266 444 2318 bant
476 2262 622 2317 illius
650 2261 914 2317 honorem
932 2261 1148 2315 illorum
1176 2260 1370 2315 honori
1395 2260 1705 2315 detrahere.
1730 2259 1882 2325 Quo-

314 2357 477 2412 modo
529 2357 748 2423 accidit,
781 2365 843 2412 ut
889 2365 1006 2412 tum
1042 2371 1257 2427 quoque
1317 2354 1628 2410 afﬁceretur
1668 2355 1881 2410 Anthe-

314 2450 479 2515 mius,
534 2449 627 2519 qui
690 2463 801 2503 non
829 2448 981 2518 parvi
1007 2448 1228 2518 quidem
1255 2446 1357 2502 fuit
1393 2446 1632 2502 nominis
1659 2454 1882 2517 propter

312 2538 558 2595 studium
592 2536 944 2608 eloquentiae,
972 2538 1194 2610 gentilis
1231 2544 1415 2592 autem
1449 2545 1567 2591 erat
1595 2536 1878 2607 religione,

310 2641 367 2687 et
391 2631 596 2701 alioqui
624 2630 807 2702 lingua
834 2628 1113 2701 profusus,
1148 2639 1204 2685 et
1231 2629 1421 2685 volens
1443 2630 1494 2684 ei
1532 2628 1764 2684 nimium
1798 2628 1883 2683 in-

307 2725 529 2794 dulgere
559 2741 572 2776 :
605 2723 697 2793 qui
745 2722 920 2778 sancti
956 2722 1209 2778 laudibus
1252 2738 1364 2777 non
1422 2722 1604 2777 minus
1640 2736 1879 2786 morsus,

311 2832 475 2880 quam
496 2816 545 2872 si
574 2815 688 2885 ipse
721 2816 915 2871 fuisset
940 2829 1153 2871 summa
1184 2813 1413 2871 aﬂ‘ectus
1437 2815 1792 2878 contumelia,
1825 2814 1880 2868 in

312 2930 439 2970 eum
475 2912 791 2970 vehementi
850 2913 1045 2983 Spiritu
1082 2912 1461 2977 invehebatur.
1505 2896 1561 2968 et
1617 2913 1881 2983 injustam

304 3006 539 3063 vocabat
571 3005 652 3070 id,
677 3006 820 3076 quod
842 3005 1045 3060 factum
1068 3005 1265 3070 fuerat,
1293 3014 1349 3061 et
1385 3006 1601 3061 dicebat
1617 3022 1739 3061 esse
1770 3021 1884 3060 ne-

312 3097 534 3162 farium,
556 3095 827 3166 hospitem
853 3105 907 3149 et
951 3095 1215 3150 advenam
1276 3096 1485 3166 primos
1527 3095 1606 3151 sic
1646 3096 1885 3152 honores

1982 1988 2171 2058 λόγους
2198 1990 2433 2061 σπουδὴν
2458 1990 2720 2055 ὀνόματος
2736 1992 2796 2044 ού
2823 1990 3031 2059 φαύλου
3053 1988 3399 2060 τετυχηκότι,
3424 2002 3568 2055 προ-

1983 2082 2140 2133 πατεῖ
2167 2079 2225 2132 δὲ
2257 2080 2430 2143 άλλως
2450 2079 2587 2148 ὄντι,
2622 2082 2718 2133 καὶ
2744 2083 2810 2151 τῇ
2844 2079 3060 2150 γλώττῃ
3087 2079 3293 2149 σφόδρα
3331 2075 3563 2146 χαρίζε-

1985 2171 2106 2226 σθαι
2157 2171 2486 2243 βουλομένῳ.
2533 2174 2630 2235 Ὃς
2665 2174 2777 2236 τοϊς
2826 2172 2965 2242 πρὸς
2997 2173 3090 2224 τὸν
3117 2171 3275 2239 ἅγιον
3306 2168 3560 2228 ἐπαίνοις

1982 2266 2079 2334 οὐχ
2105 2260 2266 2335 ἧττον
2290 2264 2528 2334 δηχθεὶς,
2556 2264 2588 2335 ἦ
2616 2267 2735 2318 εῑπε
2742 2284 2774 2334 ρ
2793 2265 2952 2327 αὐτὸς
2974 2263 3237 2333 ἐτύγχανε
3262 2264 3329 2315 τά
3352 2260 3564 2329 ἔσχατα

1985 2357 2281 2427 ὑϐρισθεὶς,
2315 2357 2481 2421 πολὺς
2512 2358 2634 2410 κατ’
2669 2356 2831 2410 αὐτοῦ
2854 2357 3026 2419 ἔπνει,
3054 2357 3236 2410 ἄδικόν
3267 2371 3327 2405 τε
3357 2352 3420 2404 τὸ
3450 2366 3559 2417 γε·-

1983 2449 2286 2522 γενημένον
2319 2448 2633 2513 ἀποκαλῶν,
2691 2450 2785 2502 καὶ
2822 2448 2897 2511 ὼς
2931 2448 2991 2500 οὐ
3041 2446 3264 2517 θεμιτὸν
3304 2443 3416 2512 εἴη,
3466 2441 3565 2493 τὸν

1985 2542 2135 2609 ξένον
2176 2542 2320 2594 οὕτω
2355 2544 2449 2594 καὶ
2484 2542 2678 2612 νέηλυν
2713 2542 2822 2594 τῶν
2855 2538 3087 2610 πρώτων
3141 2535 3428 2604 ἀξιοῦσθαι
3477 2550 3569 2584 τι.-

1988 2635 2122 2707 μῶν,
2154 2636 2249 2688 καὶ
2291 2635 2529 2704 μάλιστα
2562 2634 2689 2706 περὶ
2719 2633 2778 2687 τὸ
2809 2633 2973 2695 σέϐας
3027 2633 3160 2702 ἡμῖν
3195 2631 3347 2698 παρὰ
3395 2626 3563 2689 πολὺ,

1984 2728 2140 2797 φησι,
2162 2727 2569 2781 διαλλάττοντα.
2605 2726 2719 2795 Ἐφ’
2747 2721 2827 2788 οἷς
2851 2726 2944 2778 καὶ
2969 2724 3161 2795 πρῶτα
3178 2721 3559 2789 τδνῦπαρχον,

1983 2820 2037 2873 τί
2080 2820 2135 2872 δὲ
2173 2821 2266 2874 καὶ
2293 2820 2484 2889 γέγονε
2519 2818 2671 2890 παρά
2722 2818 2816 2873 τὸν
2863 2817 3045 2886 λόγον,
3088 2818 3283 2879 εἰπεῖν,
3318 2816 3367 2867 εί
3415 2812 3563 2880 ἀνὴρ

1984 2910 2128 2966 οὔτω
2160 2912 2260 2983 μὲν
2305 2914 2497 2980 γένους
2548 2910 2687 2981 ἔχων
2719 2910 2815 2965 καὶ
2864 2909 3134 2974 παιδείας,
3174 2906 3317 2960 οὕτω
3361 2905 3422 2959 δὲ
3476 2902 3564 2972 τῷ

1988 3003 2194 3075 μετρίῳ
2234 3004 2543 3074 προσέχων,
2586 3003 2737 3068 ἄξιος
2770 3002 2901 3073 παρ’
2935 3002 3093 3073 ἡμῶν
3120 3000 3315 3069 ἐκρίθη
3362 2996 3561 3065 τιμῆς.

1986 3095 2119 3148 ὅπου
2157 3109 2219 3162 γε
2247 3096 2340 3147 καὶ
2379 3095 2550 3163 χωρὶς
2577 3093 2689 3146 τῶν
2717 3092 2915 3156 ἄλλων,
2962 3090 3095 3145 αὐτὸ
3133 3090 3194 3142 τὸ
3220 3089 3451 3158 φεύγειν
3471 3104 3564 3139 τι·

310 3187 571 3258 ronsequi
601 3206 615 3242 :
641 3196 698 3242 et
724 3186 979 3247 maxime.
1007 3185 1207 3253 aiebat,
1239 3201 1364 3242 eum
1396 3186 1488 3258 qui
1519 3203 1549 3241 a
1578 3188 1734 3242 nobis
1764 3188 1881 3258 plur.

1991 3187 2120 3259 μὴν,
2164 3187 2332 3257 τιμὴν
2387 3182 2497 3240 οἶδε
2546 3183 2952 3256 περιποιεῖσθαι
2998 3183 3076 3252 τῷ
3123 3182 3207 3253 μὴ
3268 3178 3565 3251 ζητοῦντις

312 3281 509 3335 r-imum
538 3277 718 3334 diﬂ‘ert
744 3277 1023 3350 religione.
1062 3277 1294 3350 Propter
1332 3295 1453 3349 qua:
1480 3280 1718 3351 primum
1748 3281 1883 3336 invi-

312 3371 458 3425 diam
483 3385 627 3442 aegre
671 3368 855 3424 ferens
887 3368 1205 3440 prtefectus,
1250 3369 1542 3437 Quidnam,
1569 3371 1728 3438 dixit,
1762 3371 1877 3427 fue-

314 3463 385 3517 rit
427 3470 626 3532 prteter
666 3460 957 3527 rationem,
987 3461 1030 3516 si
1054 3461 1161 3525 vir,
1185 3460 1278 3532 qui
1310 3469 1395 3518 est
1422 3470 1477 3517 et
1531 3461 1624 3516 tali
1682 3476 1880 3533 genere

310 3563 484 3619 ortus,
517 3562 780 3623 tantaque
805 3562 862 3609 et
889 3553 1136 3609 doctrina
1179 3562 1235 3609 et
1284 3554 1548 3610 modestia
1594 3540 1877 3626 ‘prmditus,

310 3648 334 3725 f
336 3654 485 3702 uerat
513 3646 787 3703 indicatus
815 3662 846 3701 a
875 3646 1035 3702 nobis
1060 3646 1269 3703 honore
1318 3647 1535 3719 dignus,
1563 3662 1687 3703 cum
1717 3646 1878 3703 etiam

311 3749 509 3812 praeter
529 3741 655 3806 alia,
688 3740 865 3811 ipsum
887 3739 1151 3796 honorem
1173 3741 1377 3812 fugere,
1405 3741 1668 3796 honorem
1696 3739 1883 3810 aequi-

312 3842 394 3887 rat
422 3832 568 3903 apud
602 3848 719 3899 eos,
755 3832 1169 3907 qui-sapiuntet
1192 3841 1341 3887 recte
1383 3833 1562 3887 sciunt
1591 3831 1883 3902 judicare?

316 3926 523 3982 Deinde
541 3936 726 3980 autem
787 3923 1031 3981 Joannes
1056 3939 1272 3996 quoque
1296 3924 1505 3996 placide
1538 3924 1657 3995 ejus
1676 3939 1883 3980 sermo-

314 4032 438 4074 nem
467 4017 768 4088 excipiens,
791 4018 908 4074 Non
950 4019 1256 4089 oportebat,
1289 4017 1482 4087 inquit,
1538 4034 1573 4073 ο
1600 4016 1879 4082 Anthemi,

310 4124 435 4163 eum
466 4110 559 4179 qui
591 4109 696 4165 sibi
724 4110 984 4166 vindicat
1027 4109 1454 4180 philosophiam,
1514 4109 1587 4164 ita
1636 4110 1881 4181 superari

308 4203 379 4256 ali
404 4202 610 4258 honore
662 4203 972 4269 hominum,
1032 4211 1087 4258 et
1132 4218 1257 4259 eum
1317 4204 1573 4275 persequi
1626 4212 1880 4274 tanquam

311 4306 427 4346 rem
457 4306 709 4363 magnam
755 4301 812 4348 et
850 4308 1049 4364 magna
1096 4295 1451 4349 contentione
1496 4296 1879 4366 appetendam,

307 4385 403 4454 qui
431 4399 542 4439 non
571 4385 748 4440 solum
780 4384 940 4440 nobis
962 4399 1075 4439 non
1112 4384 1395 4456 prodesse,
1431 4385 1526 4441 sed
1567 4387 1735 4443 etiam
1759 4389 1880 4459 plu-

310 4475 507 4531 rimum
567 4484 748 4546 potest
789 4475 1009 4541 laedere,
1040 4476 1186 4546 quod
1232 4475 1428 4532 attinet
1481 4476 1548 4533 ad
1601 4478 1877 4535 virtutem.

1988 3280 2182 3334 ἔπειτα
2213 3279 2269 3332 δέ
2298 3279 2393 3332 καὶ
2424 3278 2517 3332 τὸν
2531 3278 2789 3347 Ἰωάννην
2824 3278 3013 3349 πρᾴως
3038 3276 3130 3328 τὸν
3164 3275 3322 3342 λόγον
3352 3272 3565 3326 ὑπολαο

1987 3374 2171 3439 δόντα,
2215 3372 2317 3426 ούκ
2345 3372 2536 3443 ἐχρῆν,
2575 3365 2621 3424 ὦ
2658 3369 2931 3437 Ἀνθέμιε,
2997 3370 3185 3435 φάναι,
3240 3363 3570 3435 φιλοσοφίας

1988 3465 2458 3537 ἀντιποιούμενον,
2491 3464 2658 3533 τιμῆς
2709 3463 2853 3517 οὕτω
2906 3464 3005 3533 τῆς
3043 3461 3190 3535 παρά
3254 3458 3569 3530 ἀνθρώπων

1987 3558 2375 3631 ἀμφισϐητεῖν,
2425 3558 2521 3611 καὶ
2549 3556 2626 3619 ώς
2681 3557 2823 3626 μέγα
2854 3572 2910 3609 τι
2938 3554 3140 3623 ταύτην
3198 3549 3571 3625 μεταδιώκειν

1987 3650 2081 3703 καὶ
2111 3649 2521 3720 ἠπεριμάχητον,
2559 3648 2658 3719 οὐχ
2702 3648 2853 3712 ὅπως
2906 3646 3049 3717 μέγα
3096 3646 3189 3699 καὶ⁸
3252 3643 3565 3712 ἀξιόλογον,

1987 3740 2103 3794 ἀλλ’
2127 3739 2247 3793 οὐδὲ
2279 3739 2473 3810 μικρδν
2503 3740 2649 3809 ἡμᾶς
2719 3740 2801 3802 είς
2850 3738 2943 3791 τὸν
2992 3738 3091 3809 τῆς
3150 3736 3355 3807 ἀρετῆς
3402 3736 3566 3804 λόγον

1987 3831 2216 3901 ὠφελεῖν
2244 3830 2572 3902 δυναμένην.
2606 3830 2671 3883 Τί
2706 3829 2816 3901 γάρ
2854 3829 3008 3901 παρὰ
3033 3830 3243 3901 ταύτην
3273 3828 3569 3900 ἄνθρωπος

1987 3922 2184 3975 ἑαυτοῦ
2212 3921 2438 3992 βελτίων
2482 3921 2542 3974 τὸ
2594 3921 2730 3992 πρὸς
2775 3920 3089 3992 ἀλήθειανςν
3132 3923 3217 3975 ὃτι
3266 3920 3325 3974 δέ
3358 3937 3425 3991 με
3465 3922 3568 3973 καὶ

1987 4015 2256 4086 ἀνομοίως
2278 4014 2581 4085 ύμῖνέχειν
2613 4014 2744 4087 περὶ
2777 4015 2841 4067 τὸ
2871 4014 3032 4079 σέΰας
3065 4015 3350 4086 εἰρήκατε,
3392 4015 3567 4069 τοῦτο

1987 4106 2153 4170 αὐτὸς
2176 4106 2277 4159 οὐκ
2308 4107 2645 4178 ἀρνήσομαι,
2676 4105 2876 4160 πολλοῦ
2902 4121 2967 4175 γε
2995 4107 3087 4159 καί¹
3116 4106 3200 4160 δεῖ
3218 4121 3234 4138 ο
3266 4107 3406 4160 ἀλλὰ
3460 4110 3563 4161 καὶ

1989 4197 2106 4264 νῦν,
2139 4197 2299 4269 εἴπερ
2332 4198 2540 4263 ἄλλοτε,
2587 4201 2653 4270 τῇ
2679 4197 2893 4270 γλώττῃ
2948 4198 3180 4270 χάριτας
3213 4199 3342 4264 ἐξω.
3374 4199 3564 4253 διακο.

1988 4296 2150 4363 νῆσαι
2176 4293 2312 4364 πρὸς
2340 4292 2515 4347 ταῦτά
2532 4310 2622 4362 μοι
2640 4292 2937 4366 δυναμένῃ.
2953 4294 3121 4357 Θεοίις
3141 4294 3248 4365 γάρ
3266 4294 3391 4348 οὔτε
3419 4291 3565 4360 οῖδα,

1988 4382 2114 4437 οὔτε
2144 4381 2549 4454 ὁμολογήσαιμι
2606 4381 2708 4455 (μὴ
2751 4382 2894 4438 οὕτω
2922 4383 3106 4446 κακῶς
3136 4384 3249 4452 ἐγὼ
3282 4387 3380 4439 καὶ
3427 4404 3567 4457 φρε-

1989 4475 2094 4528 νῶν
2114 4473 2301 4546 σχοίην
2316 4474 2410 4528 καὶ
2431 4472 2725 4544 γλώττης),
2748 4475 2864 4528 ἀλλ’
2880 4470 2962 4539 εἷς
2982 4477 3105 4547 ἐμοὶ
3128 4476 3261 4539 Θεὸς
3278 4478 3306 4530 ὁ
3327 4479 3569 4550 Χριστὸς

308 4567 449 4632 Quid
479 4566 624 4623 enim
654 4566 821 4621 fuerit
872 4581 1065 4622 revera
1096 4568 1257 4623 homo
1283 4583 1429 4624 exeo
1454 4569 1635 4641 seipse
1653 4572 1881 4628 melior?

1989 4569 2047 4621 ἐν
2082 4568 2254 4637 Πατρὶ
2297 4569 2389 4621 καὶ
2421 4567 2702 4637 [Ινεύματι
2731 4567 3133 4640 γνωριζόμενος
3155 4585 3170 4601 ο
3200 4570 3260 4633 ὃς
3290 4570 3472 4624 πάντα
3498 4588 3565 4624 τε

308 4656 466 4723 Quod
503 4672 633 4711 vero
665 4656 852 4711 dixisti
884 4672 973 4712 me
1003 4672 1124 4712 esse
1153 4657 1400 4715 dissimili
1422 4660 1577 4717 vobis
1595 4662 1881 4734 religione,

308 4742 713 4807 erubescerem,
751 4742 798 4797 si
843 4742 1058 4800 viderer
1109 4754 1308 4811 tacere,
1370 4748 1576 4805 ducens
1625 4751 1730 4806 hoc
1760 4767 1885 4810 esse

307 4833 646 4903 pudendum.
676 4832 787 4904 Ego
815 4834 961 4888 enim
987 4835 1120 4893 deos
1154 4854 1334 4910 neque
1359 4841 1506 4908 novi,
1535 4857 1638 4897 nec
1667 4858 1755 4899 me
1790 4859 1885 4901 eos

311 4937 550 4993 unquam
581 4938 705 4978 esse
752 4925 1132 4998 adoraturum,
1165 4930 1446 5001 professus
1476 4933 1707 5003 fuerim;
1743 4937 1885 4994 absit

309 5022 372 5068 ut
398 5013 537 5069 adeo
567 5015 857 5086 desipiam,
897 5027 952 5074 et
979 5020 1051 5076 sit
1076 5022 1208 5076 mihi
1228 5022 1410 5095 lingua
1437 5034 1546 5081 tam
1572 5031 1881 5087 temeraria.

313 5106 423 5162 Sed
452 5122 597 5163 unus
629 5109 766 5164 mihi
804 5109 950 5167 Deus
980 5121 1065 5168 est
1087 5112 1360 5180 Christus,
1388 5117 1478 5186 qui
1540 5122 1885 5191 cognoscitur

311 5199 367 5252 in
389 5200 549 5254 Patre
575 5210 631 5255 et
654 5200 708 5254 in
747 5200 979 5273 Spiritu,
1037 5204 1128 5274 qui
1158 5215 1215 5262 et
1256 5209 1438 5263 omnia
1465 5211 1555 5266 Iah
1587 5212 1743 5268 initio
1764 5230 1887 5284 pro-

312 5291 468 5347 duxit
494 5308 559 5348 ex
590 5292 796 5362 nihilo,
817 5304 873 5352 et
903 5312 1053 5353 nunc
1090 5298 1354 5355 ineffabili
1401 5318 1463 5357 ea
1498 5303 1702 5359 virtute
1755 5322 1885 5362 con-

310 5382 468 5448 tinet,
500 5391 565 5437 et
606 5398 821 5440 annuos
878 5387 1035 5443 nobis
1089 5389 1297 5446 fructus
1326 5394 1656 5464 suppeditat,
1692 5404 1745 5450 et
1773 5413 1883 5452 ma-

309 5488 442 5527 num
469 5475 745 5545 aperiens,
771 5491 936 5533 omne
957 5479 1159 5535 animal
1188 5483 1378 5554 implet
1424 5486 1809 5545 benedictione
1834 5491 1878 5544 δ.

306 5563 414 5620 Sed
456 5580 567 5621 non
617 5566 892 5634 Christus,
935 5570 1075 5627 dixit
1132 5573 1484 5647 interpellans
1534 5580 1879 5647 Anthemius,

308 5656 559 5725 producit
587 5657 689 5714 hos
714 5658 925 5717 fructus
976 5678 1206 5735 annuos,
1265 5668 1361 5726 sed
1390 5668 1658 5729 elementa
1693 5675 1879 5731 mundi

381 5834 402 5866 ⁸
428 5833 570 5891 Psal.
595 5853 771 5906 cxttv,
806 5840 892 5896 l6.

1982 4662 2311 4732 παρήγαγεν
2343 4662 2409 4713 ἐκ
2444 4660 2519 4733 μὴ
2550 4660 2739 4724 ὄντων,
2772 4662 2868 4715 καὶ
2896 4662 2992 4716 νῦν
3021 4663 3321 4734 ἀπορρήτῳ
3377 4663 3563 4717 σθένει

1981 4753 2284 4824 διακρατεῖ,
2319 4754 2565 4825 καρπούς
2587 4772 2647 4808 τε
2672 4757 2801 4817 τοὺς
2827 4756 3078 4828 ἐτησίους
3121 4758 3254 4825 ἡμῖν
3306 4760 3561 4829 χορηγεῖ,

1982 4846 2078 4899 atat
2140 4846 2374 4913 ἀνοίγων
2402 4848 2583 4900 αὑτοῦ.
2610 4848 2711 4916 τὴν
2745 4852 2925 4919 χεῖρα,
2979 4850 3090 4902 πᾶν
3120 4849 3260 4914 ζῶον
3311 4850 3567 4913 εὐδοκίας

1983 4936 2311 5008 ἀποπληροῖ.
2354 4936 2492 4990 Ἀλλ’
2522 4938 2620 5008 οὐχ
2651 4938 2680 4989 ὁ
2706 4940 2961 5006 Χριστὸς,
2988 4936 3141 4993 εἶπεν
3163 4941 3410 5009 ἐγκύψας
3439 4942 3566 4993 Ἀν-

1984 5029 2190 5099 οέμιος,
2238 5029 2365 5092 τοὺς
2398 5030 2649 5099 ἐτησίους
2702 5030 2925 5095 τούτους
2978 5032 3212 5101 προάγει
3270 5034 3564 5103 καρποὺς,

1983 5121 2050 5173 τὰ
2082 5123 2322 5189 στοιχεῖα
2374 5122 2429 5174 δὲ
2478 5121 2570 5174 τοῦ
2602 5122 2836 5192 κόσμου,
2884 5123 3042 5194 φησὶ,
3074 5126 3291 5192 καιροῖς
3322 5125 3477 5186 ἰδίοις
3496 5129 3563 5193 τῇ

1981 5214 2089 5266 τῶν
2119 5214 2256 5267 θεῶν
2314 5216 2541 5286 προνοίᾳ
2574 5216 2916 5288 τελεσφορεῖ.
2954 5218 3108 5288 ’Ἅμα
3152 5219 3209 5271 δὲ
3256 5217 3335 5286 τῷ
3388 5217 3564 5271 ταῦτα

1983 5307 2180 5373 εἰπεῖν,
2214 5306 2441 5378 πονηρῷ
2489 5308 2767 5378 πνεύματι
2793 5310 3129 5379 κατάσχετος
3169 5310 3433 5379 γεγονὼς,
3469 5314 3566 5366 καὶ

1986 5399 2051 5466 τῇ
2082 5400 2175 5466 γῇ,
2209 5396 2460 5469 καθάπερ
2505 5397 2639 5469 εἶχε,
2663 5402 3126 5472 προσαῤῥαχθεὶς,
3148 5400 3328 5456 ἔκειτο
3347 5402 3565 5475 βρύχιον

1987 5491 2081 5543 καὶ
2114 5491 2454 5562 διαστρέφων
2474 5493 2579 5563 μὲν
2595 5494 2929 5564 ὀφθαλμοὺς,
2955 5495 3172 5560 ὀδόντας
3191 5496 3258 5550 δὲ’
3273 5497 3560 5569 τετριγὼς,

1989 5583 2084 5635 καὶ
2123 5583 2294 5654 ἀφρὸν
2348 5585 2688 5655 παραπτύων
2725 5587 2823 5640 τοῦ
2877 5588 3164 5659 στόματος.
3231 5590 3416 5644 Ταῦτα
3470 5590 3564 5644 τὸν

1991 5675 2233 5748 ὕπαρχον
2270 5680 2365 5732 καὶ
2401 5683 2525 5744 τοὺς
2557 5682 2944 5751 συμπαρόντας
2975 5683 3347 5753 θεασαμένους
3381 5683 3563 5754 θαῦμά
