3828 6480
209 424 354 489 1033

1224 430 1395 492 VITA
1434 432 1495 492 S.
1537 431 1855 494 JOANNIS
1886 431 2446 500 CHRYSOSTOMI".

3319 434 3459 500 1054

144 576 151 584 .
198 558 267 597 τε
300 539 477 611 εἰσῄει
528 540 625 595 κα)⁸
675 541 958 615 ἔκπληξις,
988 542 1086 597 καὶ
1116 541 1350 613 θορύϐου
1381 539 1521 616 ἦσαν
1557 544 1774 616 μεστοίο

1888 547 1997 603 suis
2023 548 2362 619 temporibus
2419 548 2752 620 producunt,
2802 549 3032 606 deorum
3092 551 3457 622 providentia.

201 634 397 686 ἔπειτα
416 631 495 703 τῷ
527 633 783 705 μακαρίῳ
812 634 1146 705 προσχόντες
1181 633 1357 688 ἱκέται
1387 635 1653 703 γίνονται,
1682 635 1778 689 καὶ

198 724 437 795 ἀμύνειν
462 723 673 789 ἀξιοῦσι
696 724 775 796 τῷ
803 725 1066 783 πάθει.’0
1096 725 1178 790 δὲ,
1207 728 1325 791 (καὶ
1357 728 1444 789 τίς
1477 728 1585 797 γὰρ
1623 727 1774 781 ἐκεί-

182 836 301 873 σνου
351 818 921 891 φιλανθρωπότεροςς)
967 822 1062 875 durs
1112 823 1206 874 καὶ
1246 820 1340 874 τοῦ
1393 821 1779 893 φιλανθρώπου

198 911 443 981 Χριστοῦ
484 911 750 984 μιμητὴς,
795 912 1031 985 ᾤκτειρέ
1084 931 1145 967 τε
1201 915 1301 985 τῆς
1347 917 1636 985 συμφορᾶς
1686 915 1779 968 τὸν

198 1002 510 1074 ἄνθρωπον,
545 1004 638 1056 καὶ
693 1004 836 1075 ὑπὲρ
867 1005 1032 1059 αὑτοῦ
1064 1004 1277 1077 δεηθεὶς
1318 1005 1414 1058 τοῦ
1461 1006 1620 1075 μόνου
1652 1005 1782 1076 βοη-

201 1091 316 1144 θεῖν
365 1093 695 1161 δυναμένου,
741 1094 938 1164 διπλῆν
995 1095 1072 1166 τῷ
1109 1096 1348 1167 κειμένῳ
1386 1097 1618 1168 παρέχει
1678 1097 1779 1168 τὴν

200 1185 367 1242 ἴασιν.
406 1185 561 1239 Ἐπεὶ
597 1186 708 1255 γὰρ
724 1180 882 1251 οὗτος
912 1190 990 1251 εἰς
1020 1188 1274 1260 αἴσθησιν
1304 1185 1491 1261 ἦλθεν,
1526 1186 1583 1244 οἵ
1603 1189 1778 1244 κακοῦ

198 1278 446 1344 γέγονεν,
470 1277 570 1330 ούκ
603 1278 937 1349 ἀποχρῶσαν
967 1280 1133 1333 αὑτοῦ
1166 1281 1266 1351 τὴν
1321 1282 1619 1352 θεραπείαν
1645 1285 1782 1354 ἡγή-

198 1384 352 1431 σατο,
385 1368 518 1420 ἀλλά
546 1370 748 1439 καὶτὴν
771 1369 974 1434 αίτίαν,
1001 1371 1067 1423 δι’
1093 1372 1163 1442 ἢν
1188 1374 1268 1436 εἰς
1296 1373 1457 1427 τοῦτο
1489 1376 1781 1444 συμφορᾶς

198 1458 452 1527 ὤλισθεν,
471 1459 637 1514 ἐδεῖτο
657 1460 1078 1533 Θεραπευθῆναι.
1098 1465 1202 1517 Τὸν
1216 1465 1272 1517 δὲ
1290 1466 1558 1533 ἐπιδεῖξαί
1574 1484 1634 1520 τε
1648 1484 1786 1537 προ-

199 1550 392 1619 θύμως
418 1553 512 1609 καὶ
550 1552 978 1622 συμϐουλεῦσαι,
1011 1555 1105 1609 τὸν
1138 1557 1404 1629 ἱεράρχην
1432 1557 1534 1626 τῆς
1572 1559 1783 1621 πόλεως

200 1641 277 1705 ὡς
302 1643 530 1713 τάχιστα
562 1645 891 1698 καταλαϐεῖν
915 1686 929 1710 ,
956 1648 1084 1718 παρ’
1120 1648 1285 1701 αὐτοῦ
1316 1666 1376 1702 τε
1402 1649 1470 1703 τὰ
1502 1649 1621 1703 θεῖα
1647 1668 1781 1704 κατ-

195 1734 473 1805 ηχηθῆναι
521 1737 794 1807 μυστήρια
832 1778 848 1805 ,
905 1739 1002 1791 καὶ
1056 1738 1151 1792 τοῦ
1207 1742 1308 1810 τῆς
1342 1741 1770 1809 παλιγγενεσίας

200 1825 499 1896 ἀξιωθῆναι
574 1827 823 1898 λουτροῦ,
871 1829 940 1883 δι’
975 1823 1037 1883 οὗ
1081 1831 1179 1883 καὶ
1203 1832 1312 1884 τῶν
1362 1834 1584 1903 ἀφανῶν
1634 1835 1782 1904 αύτῷ

200 1917 304 1985 τῆς
341 1917 521 1987 ψυχῆς
555 1896 840 1987 μωλώπων
889 1922 1036 1995 ῐασις
1069 1922 1245 1986 ἔσται,
1293 1925 1385 1976 καὶ
1411 1896 1510 1995 τῆς
1533 1926 1628 1978 τοῦ
1657 1896 1774 1979 dati;
1813 1896 1855 1951 Β

204 2022 372 2076 μονος
413 2008 678 2078 ἐπηρείας
729 1994 1036 2083 ἀποτροπή.
1084 2006 1273 2084 Οῦπερ
1300 2016 1506 2079 ἐκεῖνος
1536 2015 1782 2088 τῷλόγῳ

203 2099 472 2166 πεισθεὶς,
512 2104 578 2171 τῇ
608 2102 876 2174 ἐκκλησίᾳ
940 2106 1327 2176 προσέρχεται,
1356 2108 1455 2160 καὶ
1488 2106 1566 2178 τῷ
1592 2108 1784 2179 Κυρίῳ

204 2192 508 2256 πιστεύσας
524 2194 884 2265 βαπτίζεται,
907 2197 1003 2250 καὶ
1033 2198 1252 2260 πολλοῖς
1285 2199 1592 2269 ὑπόδειγμα
1634 2199 1782 2268 γίνε-

202 2301 297 2338 ται
323 2287 422 2355 τῆς
448 2287 528 2350 είς
558 2288 799 2357 Χριστὸν
862 2288 1121 2353 πίστεως.
1150 2291 1301 2344 Φιλεί
1331 2292 1441 2363 γάρ
1468 2311 1585 2356 πως
1615 2297 1647 2364 ὴ
1673 2294 1785 2352 τῶν

203 2374 488 2443 ἐπιφανῶν
524 2377 621 2429 καὶ
650 2377 901 2446 μεγάλων
931 2378 1027 2433 ἐπὶ
1050 2379 1111 2432 τὸ
1135 2381 1440 2454 κρεῖττονῆ
1470 2384 1564 2435 καὶ
1596 2387 1782 2454 χεῖρον

206 2464 506 2535 μεταϐολὴ,
565 2467 782 2532 πολλοῖς
839 2468 934 2523 ἐπὶ
955 2469 1017 2523 τὸ
1048 2470 1161 2524 ἴσον
1191 2471 1442 2538 γίνεσθαι
1475 2473 1573 2543 τῆς
1612 2490 1785 2535 μετα-

204 2557 411 2621 θέσεως
450 2559 695 2630 ἀφορμή.
744 2560 1071 2616 Ἐντεῦθενὸ
1095 2563 1197 2634 μὲν
1239 2564 1348 2618 τῶν
1391 2566 1633 2636 Ἀθηνῶν
1668 2567 1787 2620 ἐπί-

206 2664 452 2712 σκοπος,
497 2650 564 2720 ἢν
625 2651 882 2723 Ἰωάννης
917 2652 1067 2723 αύτῷ
1122 2655 1253 2726 περὶ
1306 2657 1406 2728 τὴν
1448 2657 1782 2730 Ἐκκλησίαν

207 2740 454 2796 ἐπίδοσιν
513 2744 829 2812 εἰργάσατο,
901 2748 1267 2817 θεασάμενος,
1302 2747 1473 2812 πολὺς
1507 2745 1577 2823 ἦν
1604 2749 1785 2818 λόγοις

207 2834 328 2905 ἅμα
373 2836 471 2890 καὶ
522 2838 889 2908 παραινέσεσι
950 2839 1110 2893 τοῦτο
1168 2841 1626 2913 ὑποποιούμενος,
1689 2845 1785 2898 καὶ

206 2928 452 3000 διάδοχον
500 2931 698 2987 ἑαυτοῦ
728 2933 851 3004 (καὶ
876 2933 987 3005 γὰρ
1010 2930 1080 3005 ἦν
1107 2937 1209 3007 ἤδη
1230 2936 1332 3003 τὴν
1358 2938 1576 3009 ἡλικίαν
1608 2942 1781 3011 προή-

209 3025 345 3096 κων)
404 3027 864 3100 ἑτοιμαζόμενοςο
912 3029 1088 3094 ἄλλως
1115 3031 1171 3085 δὲ
1199 3033 1232 3102 ἡ
1265 3031 1361 3085 τοῦ
1393 3032 1530 3086 Θεοῦ
1559 3033 1785 3103 πρόνοια

206 3117 278 3171 τὰ
310 3117 431 3172 κατ’
488 3120 653 3175 αὐτὸν
708 3123 924 3194 ὑπῆρχε
961 3123 1335 3196 ψηφιζομένη,
1377 3125 1514 3195 πρὸς
1560 3126 1784 3196 μείζονα

1883 639 2136 695 Nondum
2164 640 2327 695 finem
2354 650 2645 712 acceperat
2676 642 2796 711 ejus
2838 657 3040 710 sermo,
3072 658 3194 699 cum
3235 660 3264 699 a
3295 644 3460 699 mali~

1882 745 1988 802 gno
2013 732 2209 801 spiritu
2238 728 2524 802 possessus
2551 742 2606 789 et
2637 742 2794 789 terrae
2821 733 3031 798 allisus,
3069 734 3270 789 misere
3294 735 3458 803 jace—

1882 823 1977 877 bat
2002 824 2245 892 rugiens,
2280 824 2642 895 lacrymarum
2675 836 2731 897 et
2753 825 2962 880 timoris
2997 818 3349 881 simul'causa
3393 826 3458 881 iis

1881 915 1976 984 qui
2020 914 2286 969 aderant:
2328 923 2647 984 pervertens
2702 916 2920 984 quidem
2971 917 3177 979 oculos,
3220 917 3458 970 stridens

1883 1016 2067 1062 autem
2108 1007 2389 1073 dentibus,
2427 1023 2672 1077 spumam
2708 1023 2839 1062 vero
2869 1023 2936 1063 ex
2989 1023 3084 1063 ore
3145 1009 3459 1078 turpissime

1883 1114 2180 1170 exspuens.
2212 1099 2337 1154 lla'c
2365 1115 2487 1153 cum
2520 1098 2821 1169 aspexisset
2841 1099 3128 1168 praefectus
3142 1100 3455 1169 etqnicirra

1884 1191 2035 1245 illum
2060 1201 2237 1257 erant,
2268 1206 2363 1247 eos
2387 1191 2550 1246 subiit
2577 1191 2869 1246 admiratio
2893 1200 2948 1245 et
2972 1200 3184 1257 stupor,
3219 1201 3275 1245 et
3305 1201 3459 1245 erant

1882 1283 2028 1353 pleni
2060 1283 2317 1338 tumultu.
2348 1283 2556 1338 Deinde
2586 1284 2652 1337 ad
2698 1283 2920 1337 beatum
2976 1281 3241 1335 Joannem
3299 1298 3454 1335 acre-

1882 1376 2098 1440 dentes,
2135 1375 2273 1430 fiunt
2300 1377 2350 1431 ei
2383 1377 2684 1446 supplices,
2705 1383 2759 1430 et
2794 1382 2989 1446 rogant
3027 1385 3088 1429 ut
3114 1374 3244 1429 velit
3300 1389 3460 1443 opem

1881 1466 2024 1521 ferre
2057 1465 2349 1520 aﬂ'ectioni.
2387 1467 2478 1521 Ille
2518 1476 2699 1520 autem
2747 1466 2890 1535 (quis
2934 1465 3081 1520 enim
3114 1464 3216 1519 fuit
3244 1463 3337 1518 illo
3368 1465 3461 1518 be-

1883 1557 2100 1628 nignior
2119 1559 2164 1627 ?)
2193 1567 2247 1613 ut
2282 1559 2372 1628 qui
2407 1558 2629 1628 benigni
2665 1556 2870 1612 Christi
2912 1565 3059 1612 esset
3097 1557 3356 1621 imitator,
3408 1565 3463 1610 ct

1886 1650 2209 1706 calamitatis
2240 1651 2480 1706 hominis
2506 1656 2594 1705 'est
2617 1650 2897 1716 misertus,
2929 1658 2985 1705 et
3013 1664 3136 1705 cum
3164 1664 3264 1719 pro
3283 1664 3347 1702 eo
3374 1664 3463 1703 ro-

1885 1753 2064 1814 gasset
2094 1759 2242 1803 eum.
2280 1745 2373 1812 qui
2404 1744 2491 1798 vel
2522 1742 2670 1797 solus
2703 1749 2882 1811 potest
2918 1757 3075 1811 opem
3099 1741 3264 1805 ferre,
3294 1740 3342 1795 ei
3370 1740 3463 1808 qui

1884 1836 2118 1906 iacebat,
2177 1836 2449 1905 duplicem
2507 1836 2666 1890 aﬂ‘ert
2722 1836 3081 1890 curationem.
3141 1831 3276 1886 Nam
3335 1846 3461 1885 cum

1883 1928 1986 1983 istc
2019 1929 2283 1984 liberatus
2314 1943 2342 1983 a
2372 1929 2643 1992 dmmone,
2685 1928 2951 1983 sensisset
2984 1926 3038 1980 in
3072 1932 3280 1995 quanto
3317 1924 3462 1977 malo

1885 2028 2029 2079 esset
2086 2030 2355 2089 versatus,
2411 2022 2706 2077 arbitratus
2760 2036 2868 2075 non
2927 2018 3291 2074 sufficientem
3339 2031 3459 2070 eam

1883 2131 2004 2171 esse
2057 2116 2414 2177 curationem,
2473 2129 2693 2169 causam
2753 2126 2993 2182 quoque,
3045 2118 3463 2181 propterquam

1883 2216 2111 2262 venerat
2143 2207 2209 2262 ad
2242 2216 2445 2261 tantam
2477 2205 2864 2269 calamitatem,
2896 2203 3121 2274 rogabat
3166 2200 3367 2265 curari,
3390 2215 3463 2254 ne

1884 2300 2074 2355 eadem
2103 2301 2152 2355 ei
2171 2315 2358 2355 rursus
2380 2299 2680 2355 evenirent.
2714 2298 2808 2352 llle
2832 2306 3015 2351 autem
3038 2293 3274 2365 (sciebat
3312 2293 3461 2348 enim

1885 2389 1997 2443 veri
2033 2388 2127 2443 Dei
2148 2388 2566 2459 ignorationem,
2592 2387 2713 2457 ejus
2734 2401 2856 2442 esse
2897 2384 3138 2455 causam)
3167 2383 3462 2447 consuluit,

1885 2490 1946 2536 ut
1989 2490 2242 2551 prompto
2287 2488 2341 2534 et
2390 2479 2551 2534 alacri
2591 2478 2776 2533 animo
2831 2476 3234 2548 quamprimum
3288 2473 3466 2529 adiret

1884 2570 2197 2641 pontificem
2256 2569 2520 2634 civitatis,
2556 2578 2611 2624 et
2642 2575 2861 2639 rogaret
2889 2576 2950 2621 ut
2990 2569 3044 2621 in
3077 2565 3278 2621 divinis
3308 2573 3462 2619 cate-

1886 2662 2039 2718 chesi
2075 2662 2142 2717 ab
2169 2676 2235 2716 co
2257 2660 2570 2716 initiaretur
2601 2678 2615 2715 ι
2644 2669 2700 2715 et
2726 2658 3138 2729 quolatentium
3163 2657 3357 2711 anima:
3382 2653 3467 2709 vi-

1885 2753 2068 2808 bicum
2122 2751 2336 2806 veniret
2365 2751 2597 2816 curatio,
2626 2759 2682 2807 et
2713 2765 2744 2804 a
2771 2748 3130 2815 daemonibus,
3155 2760 3293 2817 quos
3313 2744 3462 2800 cole-

1885 2844 1998 2908 bat,
2059 2842 2284 2898 omnino
2342 2842 2686 2902 liberaretur,
2751 2847 3138 2910 assequeretur
3184 2839 3460 2893 lavacrum

1888 2935 2338 3008 regenerationis.
2371 2935 2532 2990 Paret
2555 2934 2675 3004 ejus
2694 2933 2854 2989 dictis
2886 2932 3235 2995 Anthemius,
3269 2939 3326 2986 et
3353 2929 3462 2984 cito

1897 3027 2109 3084 accedit
2139 3026 2207 3082 ad
2246 3025 2537 3082 ecclesiam
2568 3041 2581 3078 :
2615 3033 2672 3080 et
2701 3039 2825 3079 cum
2858 3021 3091 3079 Domino
3114 3019 3461 3081 credidisset,

1886 3120 2215 3191 baptizatur,
2249 3127 2305 3175 et
2338 3118 2399 3172 lit
2429 3117 2615 3174 multis
2661 3117 2991 3188 exemplum,
3027 3123 3089 3170 ut
3140 3112 3367 3170 credant
3408 3111 3463 3165 in

208 3208 431 3273 πάντως
454 3212 547 3265 καὶ
578 3213 923 3285 ὑψηλοτέραν
951 3214 1174 3286 λυχνίαν
1201 3219 1262 3271 τὺ
1284 3218 1428 3289 μέγα
1465 3221 1643 3274 ἐκεῖνο
1668 3220 1784 3289 φῶς

1890 3214 2198 3270 Christum.
2227 3213 2514 3268 Clarorum
2538 3211 2684 3266 enim
2710 3219 2765 3266 et
2789 3224 3112 3281 magnorum
3131 3209 3375 3263 virorum
3408 3204 3463 3259 in

208 3298 401 3371 θήσειν
424 3303 714 3373 μέλλουσα.

1899 3307 2095 3362 melius
2120 3315 2215 3361 aut
2243 3305 2483 3361 deterius
2513 3303 2762 3369 mutatio,
2785 3303 2921 3359 solet
2942 3302 3130 3358 multis
3152 3315 3276 3357 esse
3301 3313 3463 3356 causa

206 3395 277 3448 ad
313 3394 457 3451 idem
488 3396 826 3480 mutationis.
864 3396 1002 3455 Hine
1031 3400 1234 3454 factum
1292 3410 1398 3461 est.
1467 3410 1529 3457 ut
1577 3403 1916 3457 Athenarum
1965 3400 2278 3471 cpiscopus,
2329 3411 2453 3452 cum
2508 3396 2815 3481 asperisset
2872 3402 3133 3466 quantam
3196 3392 3318 3464 ejus
3360 3391 3468 3447 Ec-

207 3486 388 3543 clesia
412 3489 786 3545 accessionem
820 3491 1044 3547 fecisset
1071 3491 1310 3547 Joannes
1334 3494 1425 3548 ille
1459 3509 1682 3560 aureus,
1735 3495 1916 3551 verbis
1948 3504 2004 3550 et
2071 3493 2296 3549 monitis
2345 3492 2542 3547 crebro
2583 3506 2709 3546 eum
2768 3489 2875 3545 sibi
2927 3489 3256 3554 insinuaret,
3309 3494 3366 3542 et
3403 3494 3467 3539 ut

207 3579 314 3637 sibi
344 3593 490 3638 esset
535 3597 821 3641 successor
856 3587 985 3655 (jam
1019 3588 1168 3642 enim
1212 3598 1333 3643 erat
1378 3594 1559 3658 gravis
1596 3591 1779 3662 aetate)
1816 3597 2159 3664 procuraret.
2224 3588 2396 3645 Aliter
2422 3595 2605 3644 autem
2638 3586 2734 3641 Dei
2759 3583 3101 3657 providentia
3131 3584 3198 3664 de
3256 3597 3324 3639 eo
3351 3591 3465 3639 sta-

208 3682 411 3742 tuerat,
447 3676 504 3730 in
539 3678 732 3748 majori
761 3679 986 3735 omnino
1025 3689 1080 3734 et
1127 3681 1416 3737 excelsiori
1457 3684 1788 3739 candelabro
1826 3700 2076 3757 magnam
2108 3682 2254 3737 illam
2279 3683 2457 3737 lucem
2486 3679 2754 3752 positura.
2818 3724 2823 3735 .
3138 3659 3159 3679 ί

279 3789 357 3844 Γ’.
398 3790 555 3845 Ἐπεὶ
583 3793 640 3847 δὲ
667 3793 765 3849 καὶ
803 3794 906 3866 τῆς
932 3795 1043 3849 τῶν
1082 3796 1383 3868 Ἀθηναίων
1410 3799 1661 3864 παιδείας
1692 3801 1787 3854 ἐπὶ

208 3880 464 3936 πλεῖστον
527 3883 807 3952 ἀπώνατο,
874 3887 1203 3960 σπλάγχνων
1284 3889 1443 3955 αὖθις
1499 3891 1788 3963 μητρικῶν

207 3972 304 4025 καὶ
336 3974 594 4045 πατρίδος
644 3977 1119 4049 ύπεμιμνήσκετο,
1168 3980 1266 4034 καὶ⁸
1309 3982 1389 4046 είς
1455 3982 1787 4053 Ἀντιόχειαν

206 4065 371 4118 πάλιν
402 4065 463 4132 ἐξ
509 4066 751 4140 Ἀθηνῶν
790 4072 1185 4144 ἐπανέρχεται.
1218 4070 1355 4130 Εἶτα
1384 4076 1560 4148 μικρὰ
1589 4075 1785 4143 ταῦτα,

207 4158 307 4211 καὶ
370 4158 563 4228 λόγους
622 4163 716 4215 καὶ
763 4165 1127 4235 πανηγύρεις,
1191 4166 1289 4221 καὶ
1324 4168 1427 4222 ὅσα
1473 4168 1788 4239 φιλοτιμίας

206 4243 387 4318 ἧπται
438 4249 542 4318 τῆς
597 4252 864 4322 περιττῆς
908 4254 1280 4326 ἡγησάμενος,
1331 4257 1425 4312 τὸν
1457 4259 1785 4328 νάγγελικὸν,

208 4337 309 4395 εἴτ’
338 4340 430 4395 οὖν
474 4343 776 4415 ἀσκητικὸν
824 4345 1040 4418 ἔκρινεν
1078 4347 1417 4415 ἀλλάξασθαι
1470 4349 1606 4421 βίον,
1651 4369 1789 4422 συμ-

209 4431 387 4503 ϐούλῳ
437 4434 574 4505 πρὸς
600 4433 759 4489 τοῦτο
803 4437 897 4490 καὶ
926 4438 1171 4508 κοινωνῷ
1202 4438 1297 4494 τοῦ
1330 4440 1534 4494 σκοποῦ
1564 4441 1788 4513 χρώμε-

208 4542 300 4589 νος
335 4525 625 4600 Βασιλείῳ,
664 4528 803 4599 φίλῳ
836 4531 942 4584 τινὶ
973 4532 1070 4585 καὶ
1096 4532 1338 4602 συνήθει,
1372 4532 1466 4587 καὶ
1492 4533 1552 4586 τὸ
1572 4532 1630 4586 ἓν
1658 4536 1789 4603 ὁμο-

210 4618 403 4689 ψύχως
458 4620 611 4693 αύτῷ
639 4624 733 4676 καὶ
753 4622 1060 4693 ἀδελφικῶς
1084 4625 1401 4680 πνεύσαντι.
1438 4626 1553 4681 Οὐκ
1582 4628 1792 4693 ἐκεῖνος

208 4705 369 4775 οὗτος
398 4712 428 4765 δ
454 4712 550 4767 καὶ
606 4715 840 4786 πατρίδα
886 4717 981 4769 καὶ
1011 4716 1201 4787 θρόνον
1226 4718 1323 4788 τῆς
1355 4717 1464 4773 τῶν
1493 4719 1792 4773 Καππαδο-

210 4801 327 4853 κῶν
368 4804 705 4874 τετιμηκώς,
734 4804 810 4868 ώς
842 4802 1048 4860 οἴονταί
1111 4824 1255 4871 τινες
1291 4808 1395 4862 ὑπὸ
1453 4809 1554 4880 τῆς
1578 4811 1791 4878 ὁμωνυ-

213 4894 347 4962 μίας
390 4894 520 4957 ἴσως
575 4896 1011 4971 πεπλανημένοι,
1035 4901 1196 4969 εἴπερ
1226 4901 1410 4965 ἱκανὸς
1438 4903 1599 4965 αὐτὸς
1636 4897 1792 4967 οὗτος

211 4986 242 5038 δ
287 4986 525 5057 χρυσοῦς
569 4989 669 5064 τὴν
722 4991 968 5059 γλῶτταν
1018 4993 1098 5057 είς
1147 4993 1332 5047 πίστιν
1383 4995 1698 5066 ἀρκούντως
1731 4997 1791 5049 ὲν

1962 3800 2054 3855 lll.
2089 3798 2226 3857 Cum
2253 3815 2384 3855 vero
2432 3799 2489 3854 in
2525 3793 2943 3853 Atheniensium
2992 3791 3241 3849 doctrina
3291 3788 3465 3861 pluri-

1889 3910 2037 3950 mum
2070 3891 2408 3964 profecisset,
2440 3891 2708 3947 viscerum
2745 3896 3118 3947 maternorum
3178 3891 3236 3939 et
3280 3882 3472 3953 patriar.

1888 3997 2079 4037 rursus
2107 3989 2192 4036 est
2213 3978 2552 4046 recordatus,
2582 3986 2638 4034 et
2666 3992 2858 4033 rursus
2891 3974 3122 4032 Athenis
3148 3972 3311 4029 rediit
3356 3971 3470 4036 An-

1889 4073 2170 4129 tiochiam.
2195 4071 2399 4127 Deinde
2457 4071 2574 4127 haec
2607 4085 2773 4142 parva
2828 4083 2951 4127 esse
3003 4074 3226 4139 putans,
3276 4077 3473 4133 nempe

1889 4166 2167 4222 orationes
2212 4174 2268 4221 et
2298 4165 2610 4225 conciones.
2649 4173 2704 4220 et
2757 4176 3097 4234 quacunque
3159 4159 3230 4216 ad
3283 4172 3473 4228 super-

1891 4274 2184 4314 vacaneam
2251 4257 2529 4328 pertinent
2573 4257 2949 4322 ambitionem,
3020 4254 3318 4327 angelicam
3375 4271 3475 4312 seu

1891 4354 2246 4408 monasticam
2285 4352 2449 4407 vitam
2489 4351 2680 4405 statuit
2720 4350 3023 4419 suscipere,
3050 4349 3136 4406 'ad
3190 4348 3295 4404 hoc
3336 4365 3480 4407 cons

1893 4445 2098 4500 sultore
2128 4453 2184 4498 et
2205 4442 2434 4498 instituti
2458 4441 2624 4510 lsocio
2652 4450 2815 4497 utens
2840 4440 3036 4495 Basilio
3068 4439 3207 4513 (5-4)
3235 4439 3473 4509 quodam

1892 4552 1992 4594 suo
2023 4534 2296 4598 familiari,
2335 4542 2391 4588 et
2412 4533 2504 4604 qui
2536 4539 2655 4588 erat
2701 4531 2866 4586 unius
2938 4530 3134 4585 animae
3161 4535 3218 4584 et
3248 4526 3473 4583 fraterni

1892 4644 2016 4685 cum
2042 4644 2109 4684 eo
2138 4627 2381 4698 spiritus.
2412 4623 2532 4680 Non
2572 4624 2619 4678 is
2649 4631 2831 4678 autem
2868 4628 2987 4676 erat
3032 4619 3144 4686 ille,
3177 4618 3267 4690 qui
3296 4626 3475 4688 et°pa-

1894 4721 2052 4775 triam
2082 4728 2138 4775 et
2168 4718 2354 4774 sedem
2407 4716 2621 4771 ornavit
2683 4711 3090 4784 Cappadocum.
3150 4719 3211 4767 ut
3252 4709 3473 4780 quidam

1894 4813 2230 4878 existimant,
2272 4810 2487 4880 decepti
2525 4824 2556 4863 a
2590 4805 2946 4883 similitudine
2989 4802 3252 4859 nominis.
3290 4801 3474 4872 Siqui-

1893 4906 2015 4960 dem
2045 4904 2110 4960 ad
2134 4903 2489 4973 fidem-hujus
2510 4900 2583 4957 rei
2615 4899 2939 4965 faciendam,
2972 4895 3060 4952 hic
3108 4896 3225 4965 ipse
3272 4894 3472 4951 sufficit

1895 4997 2075 5066 lingua
2103 5010 2323 5058 aureus,
2360 4993 2451 5065 qui
2481 4991 2613 5048 satis
2646 4991 2776 5046 illud
2822 4987 3059 5044 ostendit
3106 4988 3162 5042 in
3214 4987 3366 5043 libris
3401 4987 3471 5042 de
3514 4976 3521 4979 ’

212 5079 328 5139 τοῖς
387 5078 516 5153 περὶ
559 5082 659 5153 τῆς
690 5083 994 5155 ἱερωσύνης
1039 5084 1213 5139 ταῦτα
1271 5086 1542 5158 δηλώσας.
1584 5086 1784 5141 Τοῦτον

1899 5086 2228 5142 sacerdotio.
2256 5083 2397 5139 Dicrt
2442 5084 2588 5138 enim
2621 5097 2745 5137 eum
2812 5094 2934 5135 esse
2988 5079 3168 5150 ipsum
3223 5086 3470 5134 secutum

217 5169 318 5237 μὲν
350 5170 459 5242 γὰρ
494 5173 589 5225 καὶ
626 5173 721 5227 τὸν
781 5174 1001 5232 ἅπαντα
1037 5178 1230 5250 χρόνον
1265 5179 1413 5250 αὐτῷ
1442 5179 1789 5250 παρηκολου-

214 5257 445 5329 θηκέναι
490 5260 663 5332 λέγει,
694 5265 789 5318 καὶ
825 5268 1163 5339 μαθημάτων
1189 5270 1430 5341 ἅψασθαι
1451 5271 1557 5326 τῶν
1588 5273 1790 5341 αὐτῶν,

213 5350 311 5405 καὶ
361 5351 704 5418 διδασκάλοις
742 5360 855 5424 τοῖς
895 5361 1079 5425 αὐτοῖς
1116 5362 1445 5432 χρήσασθαι.
1503 5366 1569 5418 Ὃ
1599 5366 1656 5419 δὲ
1690 5367 1792 5438 μά-

212 5442 374 5497 λιστα
430 5445 649 5502 πάντων
690 5449 947 5522 ἀπείργει
984 5454 1058 5524 μὴ
1078 5453 1268 5508 τοῦτον
1292 5450 1433 5509 εἶναι
1465 5457 1558 5510 τὸν
1591 5458 1788 5529 μέγαν,

212 5536 487 5590 ὃτιαύτδν
535 5539 635 5610 μὲν
686 5542 780 5595 καὶ
826 5542 1086 5615 πατρίδος
1137 5545 1424 5614 ὑποφαίνει
1459 5548 1559 5613 τῆς
1610 5549 1782 5618 αὐτῆς

213 5624 377 5694 εἶναι,
424 5630 604 5688 καὶτὸ
634 5632 789 5702 γένος
850 5635 1114 5713 ὁμότιμον
1142 5633 1257 5711 [γρ.
1284 5638 1378 5691 καὶ
1403 5638 1667 5713 ὁμοτίμου
1687 5641 1782 5693 τοῦ

1892 5188 2006 5233 ιοῑο
2031 5187 2296 5248 tempore,
2355 5184 2410 5231 et
2459 5175 2678 5231 easdem
2737 5173 2979 5242 attigisse
3024 5170 3363 5241 disciplinas,
3417 5177 3474 5225 et

1893 5269 2114 5324 eosdem
2145 5266 2404 5323 habuisse
2434 5273 2819 5337 prwceptores.
2843 5262 2999 5329 QUod
3024 5271 3204 5316 autem
3237 5258 3473 5313 maxime

1891 5361 2133 5416 omnium
2172 5360 2442 5432 prohibet,
2503 5374 2614 5413 non
2651 5358 2794 5412 hunc
2830 5371 2955 5412 esse
3017 5368 3269 5426 magnum
3321 5351 3473 5405 illum

1891 5452 2173 5519 Basilium,
2208 5462 2313 5519 est,
2344 5451 2491 5522 quod
2544 5451 2722 5522 ipsum
2770 5448 2989 5519 quidem
3020 5445 3264 5501 ostendit
3310 5441 3469 5511 ejus-

1890 5547 2012 5603 dem
2047 5547 2257 5617 patriae,
2322 5545 2595 5616 fuisseque
2636 5550 2691 5599 et
2727 5556 2923 5615 genere
2977 5553 3136 5610 pares
3168 5544 3223 5591 et
3247 5532 3477 5591 divitiis.

1894 5636 2182 5705 Quomodo
2212 5652 2340 5694 vero
2380 5646 2587 5692 statues
2620 5634 2737 5691 haec
2795 5647 2916 5688 esse
2966 5644 3163 5700 magno
3227 5634 3282 5683 et
3344 5622 3474 5680 huic

294 5857 437 5932 (54)
462 5858 599 5927 Quis
636 5861 726 5918 hic
762 5858 926 5919 fuerit
965 5860 1193 5919 Basilius
1234 5861 1504 5917 incertum
1534 5872 1616 5921 cst
1649 5881 1663 5932 ;
1698 5862 1809 5920 ride
1848 5865 2043 5941 Barpn.
2081 5871 2209 5919 tom.
2240 5863 2309 5920 IV
2335 5862 2531 5919 Annal.
2566 5861 2630 5917 ad
2655 5874 2855 5914 annum
2886 5855 3010 5910 582.
