3828 6526
332 418 478 486 10ὖῦ

1557 417 1843 481 MENSIS
1879 418 1914 481 J
1920 417 2020 482 AN
2025 418 2342 485 UARIUS.

2710 322 2739 347 \

3458 409 3618 479 1056

333 528 575 582 maximo
610 524 943 592 communia,
969 539 1091 597 quae
1115 533 1243 582 sunt
1264 525 1501 582 maxime
1527 524 1785 583 diversa?
1821 522 1909 580 Si-

2036 524 2229 599 rivouc]
2290 526 2387 581 καὶ
2447 524 2592 581 κατά
2625 522 2689 578 τὸ
2714 521 2966 579 πλουτεῖν
3007 520 3336 578 ἰσοστάσιον.
3388 521 3508 577 Ποῦ
3544 511 3615 577 δδ

330 618 548 689 quidem
579 617 873 688 plurimum
908 619 1051 673 inter
1101 634 1162 676 se
1205 618 1466 675 dillerunt
1517 616 1809 674 Antiochia
1858 626 1917 674 et

2036 616 2189 673 ταῦτα
2234 617 2422 690 θήσεις
2469 617 2562 671 καὶ
2590 616 2669 687 τῷ
2701 615 2925 688 μεγάλῳ
2945 615 3119 680 κοινὰ,
3173 614 3379 686 μᾶλλον
3405 614 3466 669 δέ
3506 615 3615 668 καὶ

332 710 696 783 Cappadocia.
759 709 901 765 Sunt
942 718 1126 766 autem
1170 711 1341 766 multa
1395 724 1611 782 quoque
1653 710 1759 765 alia
1819 724 1917 780 per

333 818 453 873 qua:
476 803 671 873 conjici
707 811 903 873 potest,
946 818 1057 858 non
1083 817 1204 859 esse
1259 804 1407 859 hunc
1454 818 1711 874 magnum
1765 803 1921 858 Basi-

332 896 490 962 lium,
513 897 606 950 sed
639 896 927 966 quemdam
946 896 1135 960 alium,
1165 905 1346 952 ortum
1393 897 1716 952 Antiochiae.
1745 895 1919 952 Caete-

336 1004 457 1042 rum
483 989 551 1043 ab
575 988 680 1042 hoc
714 988 965 1043 instituto
1018 997 1146 1045 tunc
1194 989 1499 1058 sapientem
1540 989 1817 1044 abducunt
1862 996 1921 1044 et

336 1078 550 1142 civitas,
584 1087 637 1134 et
663 1080 835 1133 multo
872 1078 1042 1150 magis
1100 1079 1167 1134 ad
1205 1080 1644 1150 persuadendum
1681 1078 1919 1136 ellicacia

338 1176 386 1231 ei
422 1184 733 1245 temperans
763 1176 1125 1246 lacrymarum
1155 1177 1574 1233 medicamenta.
1621 1174 1754 1230 Nam
1783 1175 1918 1231 civi-

338 1267 681 1337 tasquirlem,
722 1277 980 1338 tanquam
1022 1269 1212 1324 fretum
1240 1269 1517 1339 proprium
1545 1277 1600 1322 et
1630 1283 1657 1322 a
1697 1283 1759 1324 se
1786 1267 1919 1323 edu-

340 1368 544 1424 catum,
576 1374 700 1413 cum
734 1360 1102 1429 amplectitur,
1143 1369 1336 1415 etcum
1388 1369 1655 1430 perpetuo
1702 1359 1920 1415 volebat

340 1448 581 1511 retinere
652 1465 667 1503 :
738 1464 803 1503 ea
866 1449 1009 1504 enim
1068 1449 1223 1504 valde
1274 1449 1594 1505 movebatur
1649 1449 1927 1505 suavitate

341 1542 649 1597 orationum
722 1542 973 1607 Joannis,
1051 1558 1281 1613 quarum
1359 1542 1646 1597 maximam
1712 1550 1919 1613 partem

340 1634 698 1690 consumebat
726 1634 781 1688 in
813 1634 1052 1704 judiciis,
1093 1634 1312 1689 assidue
1358 1634 1487 1689 illuc
1516 1632 1813 1698 ventitans,
1868 1641 1924 1689 et

340 1731 552 1793 partem
593 1722 902 1781 defendens
956 1722 1270 1779 inferiorem
1316 1731 1371 1779 et
1407 1738 1556 1788 eum,
1605 1723 1698 1793 qui
1753 1721 1925 1778 habe-

340 1816 503 1871 batur
530 1816 893 1886 contemptui,
926 1831 1209 1872 recreans.
1238 1815 1410 1871 Mater
1468 1822 1676 1879 autem,
1732 1820 1922 1885 utpote

341 1914 539 1971 mater,
574 1906 744 1977 magis
771 1922 1029 1978 germane
1044 1922 1171 1962 eum
1206 1907 1420 1971 adiens,
1462 1906 1785 1977 doloresque
1801 1921 1926 1976 par-

341 2005 435 2053 tus
462 2005 518 2052 et
554 1997 905 2054 lactationern
941 1999 990 2054 ei
1047 1997 1103 2054 in
1155 2000 1473 2055 memoriam
1540 2014 1824 2065 revocans,
1870 2005 1929 2053 et

343 2089 487 2143 mala
516 2089 820 2154 viduitatis,
855 2100 914 2146 et
959 2107 1298 2162 quaecunque
1348 2098 1603 2161 poterant
1648 2091 1927 2146 attrahere

344 2180 539 2245 lilium,
575 2190 639 2236 ut
665 2182 852 2237 matris
885 2183 1256 2246 misereretur,
1297 2182 1518 2237 arcebat
1566 2197 1596 2235 a
1622 2181 1923 2252 proposito.

348 2270 458 2326 Sed
476 2273 649 2326 satius
682 2280 786 2337 est,
811 2280 869 2326 ut
890 2272 963 2325 illi
1006 2273 1110 2342 ipsi
1143 2272 1284 2328 hanc
1310 2274 1614 2341 relinquam
1648 2274 1927 2328 narratio-

347 2374 494 2414 nem.
528 2358 714 2429 Neque
740 2361 885 2415 enim
908 2361 1132 2416 omnino
1161 2361 1244 2416 fas
1280 2370 1386 2428 est,
1442 2377 1546 2418 nec
1570 2362 1924 2427 conveniens,

348 2458 410 2505 ut
430 2464 552 2505 cum
581 2451 631 2506 ei
653 2450 924 2506 liceatsua
947 2468 1041 2522 per
1066 2468 1125 2508 se
1154 2453 1359 2517 dicere,
1393 2468 1516 2518 nos,
1559 2454 1670 2509 illis
1695 2454 1920 2521 relictis,

347 2553 416 2594 ex
441 2539 602 2594 nobis
643 2540 774 2610 ipsis
838 2538 1105 2596 faciamus
1158 2543 1552 2597 narrationem.
1593 2542 1733 2598 Dicit
1778 2543 1927 2598 enim

353 2632 474 2703 ipse
520 2632 576 2687 in
598 2633 753 2688 libris
784 2634 856 2688 De
912 2634 1215 2691 sacerdotio
1242 2634 1339 2707 (5),
1392 2635 1628 2692 innuens
1670 2635 1926 2702 amicum,

349 2723 443 2796 qui
470 2740 592 2780 eum
619 2734 737 2780 erat
757 2726 1093 2782 abducturus
1119 2728 1189 2783 ad
1236 2727 1312 2792 id,
1348 2729 1506 2799 cujus
1558 2729 1739 2785 studio
1778 2740 1930 2782 tene-

348 2817 527 2873 batur.
562 2817 768 2874 Deinde
798 2828 1045 2888 matrem,
1081 2836 1203 2890 qua:
1256 2819 1363 2876 hoc
1418 2822 1733 2885 resciverat,
1764 2821 1932 2875 mise-

348 2910 595 2968 rabiliter
626 2913 947 2981 accessisse,
994 2922 1051 2968 et
1083 2913 1138 2967 id
1173 2913 1540 2983 prohibuisse.
1597 2913 1687 2968 Sic
1745 2920 1959 2967 autem‘

352 3000 520 3058 habet
561 3019 575 3057 :
621 3002 918 3074 Postquam
957 3004 1105 3059 enim
1150 3004 1323 3059 sensit
1352 3004 1664 3068 consilium,
1702 3004 1848 3074 quod
1900 3017 1931 3058 a

352 3090 515 3145 nobis
535 3092 873 3161 capiebatur,
913 3108 1001 3147 me
1028 3092 1253 3148 dextera
1286 3101 1535 3163 accepto,
1573 3101 1630 3149 et
1670 3093 1727 3148 in
1766 3095 1930 3150 domo

2017 710 2094 781 τῷ
2136 710 2377 782 μεγίστῳ
2405 710 2660 779 διάφορα,
2722 707 2885 777 είπερ
2937 708 3115 778 δήπου
3162 708 3258 761 καὶ
3289 706 3614 776 Ἀντιόχεια

2016 802 2173 867 πόλις
2200 803 2295 857 καὶ
2332 799 2698 856 Καππαδοκία
2728 799 3104 871 διενηνόχασιν
3128 815 3143 865 ;
3173 798 3290 852 ἐστι
3320 798 3381 850 δέ
3402 813 3473 867 γε
3507 797 3617 851 καὶ

2017 896 2153 952 ἄλλα
2182 894 2353 949 πολλά
2379 894 2447 948 δι’
2470 888 2546 948 ὧν
2578 894 2644 948 ἀν
2672 910 2757 957 τις
2799 893 3145 963 τεκμήραιτο
3176 890 3251 962 μὴ
3284 890 3382 945 τὸν
3423 889 3616 960 μέγαν

2019 985 2159 1043 εἶναι
2220 988 2406 1042 τοῦτον
2464 987 2768 1054 Βασίλειον,
2811 985 2950 1041 ἀλλά
2988 1001 3112 1039 τινα
3168 984 3377 1055 μᾶλλον
3405 985 3474 1036 ἐκ
3505 982 3617 1052 τῆς

2032 1079 2362 1151 ⁹Αντιοχείας
2414 1078 2762 1151 ὁρμώμενον.
2827 1077 2988 1133 Ἀλλὰ
3027 1076 3121 1131 τοῦ
3149 1076 3358 1131 σκοποῦ
3402 1073 3615 1130 τούτου

2019 1172 2157 1237 τέως
2187 1174 2221 1244 ἥ
2275 1189 2337 1226 τε
2391 1171 2548 1235 πόλις
2604 1171 2768 1227 αὐτὸν
2814 1171 3114 1239 ἀπάγουσι,
3167 1170 3266 1223 καὶ
3331 1167 3548 1239 μᾶλλον
3575 1167 3616 1237 ἠ

2025 1266 2232 1337 μήτηρ,
2283 1263 2434 1319 δεινὰ
2461 1263 2601 1335 πρὸς
2628 1263 2805 1317 πειθὼ
2832 1264 2901 1318 τὰ
2939 1265 3005 1318 ἐκ
3026 1263 3136 1317 τῶν
3167 1260 3426 1332 δακρύων
3455 1259 3623 1329 αὐτῷ

2021 1358 2306 1428 κεράσασα
2354 1355 2649 1428 φάρμακα.
2697 1355 2762 1410 Ἦ
2800 1355 2900 1427 μὲν
2952 1355 3063 1427 γὰρ
3112 1353 3269 1416 πόλις
3334 1353 3415 1417 ὡς
3470 1352 3622 1407 ίδίου

2023 1448 2340 1520 θρέμματος
2359 1448 2693 1520 περιείχετο,
2720 1449 2814 1501 καί⁵
2835 1446 3144 1518 διάίπαντδς
3161 1445 3421 1516 κατέχειν
3446 1444 3623 1515 ἠϐού-

2022 1542 2169 1595 λετο.
2197 1538 2355 1611 Εἶχον
2383 1541 2492 1613 γὰρ
2520 1540 2690 1612 αὐτὴν
2731 1539 2971 1611 ίσχυρῶς
2993 1539 3051 1593 αί
3104 1539 3214 1592 τῶν
3263 1539 3481 1592 ἐκείνου
3518 1537 3621 1592 λόο

2024 1651 2138 1703 γων
2167 1635 2446 1705 Σειρῆνες,
2474 1631 2556 1697 εἷς
2574 1631 2701 1704 (sic)
2724 1633 2786 1686 τδ
2811 1632 3060 1686 πλεῖστον
3090 1631 3176 1685 ἐνε
3185 1649 3253 1703 με
3277 1628 3358 1700 τῷ
3384 1629 3617 1702 δικαίῳ,

2023 1731 2137 1792 τοῖς
2168 1728 2541 1800 δικαστηρίοις
2601 1726 2977 1799 ἐνδιατρίϐων,
3020 1726 3115 1780 καὶ
3141 1725 3218 1796 τῷ
3246 1725 3619 1780 καταδεεστέο

1954 1868 1996 1925 Β
2028 1838 2105 1892 ρῳ
2139 1821 2294 1892 μέρει
2336 1820 2644 1892 τιθέμενος.
2687 1818 2752 1873 Ἢ
2782 1818 2842 1872 δέ
2870 1818 3075 1890 μήτηρ,
3110 1814 3200 1871 οἷα
3236 1817 3447 1888 μήτηρ,
3475 1833 3619 1887 γνη-

2028 1912 2287 1985 σιώτερον
2323 1911 2473 1981 αὑτῷ
2524 1908 2922 1982 προσελθοῦσα,
2970 1912 3066 1963 καὶ
3118 1908 3329 1963 ὠδίνων
3358 1908 3481 1979 ἃμα
3517 1910 3621 1963 καὶ

2026 2003 2198 2075 θηλῆς
2264 2003 2649 2074 ὑπομνήσασα,
2703 2000 2798 2054 καὶ
2828 2001 2897 2053 τὰ
2921 2002 2986 2054 ἐκ
3018 1999 3115 2069 τῆς
3168 1998 3401 2070 χηρείας
3432 1997 3614 2060 κακὰ,

2025 2096 2122 2152 καὶ
2171 2095 2352 2148 πάντα
2398 2094 2501 2147 ὅσα
2556 2091 2784 2169 δυνατὴν
2816 2085 2887 2161 ἦν
2916 2091 3033 2144 υίὸν
3085 2087 3403 2159 ἐλκῦσαιτῇ
3439 2088 3619 2159 μητρὶ

2027 2188 2165 2258 πρὸς
2216 2186 2585 2256 συμπάθειαν,
2629 2186 2865 2251 ἀπεῖργε
2893 2182 2988 2237 τοῦ
3035 2180 3435 2252 προκειμένθυ’
3474 2179 3627 2251 μαλ’

2029 2280 2123 2333 λον
2148 2279 2204 2332 δέ
2227 2275 2374 2347 αὑτῷ
2415 2275 2609 2345 ἐκείνῳ
2666 2274 2882 2342 λέγοντι
2929 2273 3061 2344 περὶ
3117 2270 3311 2325 τούτου
3344 2287 3617 2342 παραχω·

2033 2373 2181 2443 ρήσω
2230 2368 2326 2423 τοῦ
2383 2368 2746 2440 διηγήματος.
2785 2364 2999 2419 Μανίαν
3034 2363 3142 2433 γὰρ
3178 2362 3245 2417 ἂν
3270 2361 3518 2431 ἀληθῶς,
3546 2363 3617 2416 οῦ

2025 2464 2229 2533 τόλμαν
2290 2459 2541 2533 ᾐτιώμην
2564 2458 2811 2520 δικαίως,
2865 2458 2933 2513 εἰ,
2967 2456 3025 2507 ἐν
3062 2449 3145 2517 οἷς
3171 2454 3240 2508 τὰ
3280 2454 3495 2507 ἐκείνου
3528 2454 3603 2509 δι’

2028 2556 2236 2609 ἐκείνου
2270 2554 2451 2622 λέγειν
2485 2552 2682 2622 παρὸν,
2715 2549 2881 2612 αὐτὸς
2909 2547 3082 2601 ταῦτα
3108 2545 3448 2609 καταλιπὼν,
3476 2545 3620 2614 παρ’

2029 2646 2165 2719 ἐμοῦ
2205 2645 2321 2718 [γρ.
2350 2642 2619 2715 ἐμαυτοῦ]
2654 2641 2753 2711 τὴν
2816 2640 3073 2711 διήγησιν
3105 2636 3432 2708 ἐποιούμην.
3471 2636 3620 2708 Φησὶ

2030 2738 2141 2811 γάρ
2166 2736 2337 2799 οὕτως
2367 2738 2425 2790 ἐν
2447 2736 2560 2797 τοῖς
2622 2732 2749 2803 περὶ
2801 2728 3101 2801 ίερωσύνης
3122 2729 3307 2793 αὐτὸς,
3334 2728 3428 2781 τὸν
3456 2726 3618 2796 φίλον

2032 2827 2383 2897 εἰσενεγκὼν,
2448 2825 2680 2890 ἀπάξειν
2736 2823 2831 2876 ἐπὶ
2875 2821 2939 2876 τὸ
2972 2820 3416 2890 σπουδαζόμενον
3483 2819 3618 2887 μέλ-

2031 2924 2217 2988 λοντα,
2253 2918 2376 2976 εἶτα
2411 2920 2512 2991 τὴν
2544 2918 2759 2991 μητέρα
2791 2915 3072 2987 μαθοῦσαν
3104 2913 3382 2967 καὶτοῦτο
3406 2911 3615 2967 διακω-

2032 3012 2296 3067 λύσασαν·
2351 3010 2466 3081 ἔχει
2490 3009 2548 3064 δὲ
2576 3008 2777 3071 οῦτως’
2829 3005 3050 3077 Ἐπειδὴ
3075 3005 3185 3076 γὰρ
3214 3004 3419 3076 ᾔσθετο
3435 3002 3618 3059 ταῦτα

2036 3104 2465 3177 βουλευόμενον,
2518 3100 2763 3154 λαϐοῦσά
2816 3116 2880 3169 με
2918 3098 3020 3168 τῆς
3055 3096 3261 3161 δεξιᾶς,
3309 3098 3618 3168 είσήγαγεν

351 3181 403 3238 ei
441 3183 703 3238 attributa
740 3184 809 3238 ad
845 3184 1146 3240 sedendum
1180 3186 1446 3242 collocato
1486 3201 1657 3257 prope
1706 3186 1927 3255 lectum,

2036 3196 2113 3258 είς
2144 3194 2232 3248 τὸν
2285 3190 2734 3258 ἀποτεταγμένον
2789 3184 2938 3242 οἷκον
2975 3189 3138 3259 αὐτῇ,
3196 3187 3294 3241 καὶ⁵
3334 3186 3617 3241 καθίσασα

351 3274 408 3332 in
446 3291 556 3347 quo
576 3290 678 3329 nos
706 3285 1014 3347 pepererat,
1045 3276 1326 3333 emittebat
1344 3278 1528 3334 fontes
1548 3279 1928 3351 lacrymarum,

352 3378 410 3425 et
456 3368 786 3439 adiungebat
838 3369 1001 3426 verba
1068 3370 1320 3442 lacrymis
1378 3370 1797 3435 miserabiliora,
1853 3370 1934 3427 sic

353 3460 499 3530 apud
530 3475 631 3515 nos
678 3460 1024 3516 lamentans:
1053 3460 1207 3525 Mihi,
1267 3461 1464 3531 inquit,
1502 3477 1536 3516 ο
1573 3461 1670 3527 ﬁli,
1731 3461 1932 3519 virtute

355 3551 436 3606 tui
469 3553 638 3621 patris
669 3552 760 3606 diu
796 3552 904 3607 lrui
935 3569 1044 3608 non
1076 3554 1248 3617 licuit.
1288 3568 1414 3610 cum
1466 3552 1577 3610 Deo
1628 3554 1705 3608 ita
1754 3554 1931 3609 visum

352 3653 521 3698 esset.
548 3644 685 3699 Nam
707 3644 928 3699 dolores
959 3646 1015 3699 in
1048 3656 1211 3715 partu
1272 3656 1497 3717 propter
1557 3654 1610 3701 te
1656 3657 1933 3717 acceptos,

352 3746 502 3787 mors
554 3733 701 3790 illius
728 3745 1045 3801 consecuta,
1086 3738 1181 3791 tibi
1204 3738 1426 3809 quidem
1459 3738 1767 3804 orbitatem,
1798 3737 1933 3793 mihi

358 3832 538 3880 autem
632 3826 953 3881 viduitatem
1041 3829 1224 3883 attulit
1319 3838 1450 3883 ante
1523 3837 1759 3900 tempus,
1878 3839 1933 3884 et

352 3917 495 3972 mala
550 3917 850 3983 viduitatis,
896 3934 1017 3990 qua:
1064 3934 1143 3973 cae
1196 3921 1324 3975 solae
1386 3922 1628 3985 demum,
1682 3938 1803 3992 quae
1847 3922 1933 3977 illa

353 4026 527 4082 passae
542 4020 688 4077 sunt,
725 4012 865 4066 scire
885 4020 1071 4081 aperte
1095 4015 1391 4082 potuerint.
1432 4013 1589 4069 Nulla
1640 4016 1785 4069 enim
1810 4030 1933 4070 ora-

355 4102 435 4159 tio
480 4103 724 4174 potucrit
775 4104 1037 4173 consequi
1074 4113 1452 4174 tempestatem
1482 4107 1628 4162 illam
1654 4117 1710 4162 et
1738 4107 1935 4164 ﬂuctus

354 4194 499 4257 illos,
524 4209 660 4263 quos
714 4194 862 4248 subit
908 4196 1109 4265 puella,
1153 4211 1185 4252 e
1226 4197 1390 4253 domo
1447 4199 1667 4270 quidem
1709 4208 1935 4270 paterna
1976 4228 1980 4232 -

354 4301 536 4356 nuper
565 4301 805 4357 egressa,
835 4295 892 4341 et
921 4302 1102 4342 rerum
1136 4288 1411 4358 imperita,
1441 4297 1496 4344 et
1544 4289 1637 4361 qui
1691 4288 1934 4345 cohiberi

355 4394 466 4435 non
496 4387 695 4451 potest,
728 4391 952 4451 repente
998 4380 1147 4436 luctu
1190 4397 1470 4453 oppressa,
1499 4390 1554 4438 et
1577 4397 1802 4438 necesse
1832 4382 1934 4437 ba-

354 4466 495 4526 bens
546 4472 783 4541 majores
825 4473 1104 4541 suscipere
1132 4472 1546 4542 sollicitudines,
1609 4488 1770 4542 quam
1834 4487 1934 4543 pro

360 4571 523 4619 aetate
547 4572 603 4619 et
630 4578 789 4619 sexu.
821 4554 1048 4635 Oportet
1075 4566 1220 4619 enim
1262 4574 1322 4619 ut
1351 4566 1584 4621 arbitror
1608 4566 1935 4621 tamulorum
1968 4549 2017 4609 Ι)

356 4656 665 4710 socordiam
694 4655 1135 4712 animadvertere
1164 4666 1221 4711 ct
1252 4658 1546 4727 corrigere,
1578 4666 1633 4713 et
1672 4658 1936 4714 maleﬁcia

355 4745 671 4809 observare,
717 4755 1068 4814 cognatorum
1136 4747 1360 4804 insidias
1390 4749 1730 4819 propulsare,
1757 4750 1937 4819 publi-

356 4851 617 4892 canorum
671 4835 899 4907 injurias
954 4846 1004 4894 et
1050 4838 1504 4895 inhumanitatem
1566 4840 1622 4894 in
1661 4840 1939 4911 exigendis

356 4927 715 5000 vectigalibus
748 4946 945 5003 magno
970 4941 1025 4988 et
1055 4934 1271 4989 excelso
1326 4933 1510 4988 animo
1558 4932 1723 5013 ferre.
1782 4933 1937 5000 Quod

356 5020 403 5076 si
428 5021 620 5077 relicto
645 5024 810 5079 etiam
839 5025 1049 5081 infante
1080 5026 1401 5093 decesserit,
1430 5027 1523 5097 qui
1551 5036 1635 5082 est
1664 5037 1932 5094 mortuus,

358 5113 405 5167 si
446 5111 517 5166 sit
541 5114 760 5180 quidem
790 5115 1024 5182 femina,
1057 5106 1557 5188 magnam'quidem
1611 5118 1690 5174 sic
1719 5134 1935 5190 quoque

357 5204 519 5259 matri
551 5205 819 5275 praebebit
866 5208 1319 5274 sollicitudinem,
1353 5224 1383 5264 a
1418 5209 1724 5280 sumptibus
1752 5218 1933 5266 tamen

359 5304 416 5351 et
436 5307 587 5351 metu
613 5297 867 5354 liberam.
909 5300 1079 5355 Filius
1107 5310 1289 5355 autem
1327 5315 1446 5355 eam
1473 5300 1715 5371 quotidie
1747 5300 1937 5371 implet

358 5388 652 5444 timoribus
680 5390 1169 5447 innumerabilibus
1186 5400 1239 5447 et
1262 5390 1510 5463 pluribus
1551 5392 1937 5447 sollicitudini-

357 5484 482 5540 bus.
521 5482 675 5540 Mitto
756 5492 1034 5555 sumptum
1075 5485 1454 5555 pecuniarum,
1499 5500 1661 5556 quem
1713 5499 1938 5542 necesse

359 5576 526 5633 habet
554 5577 736 5633 facere
763 5577 811 5633 si
833 5591 960 5633 eum
992 5576 1226 5633 educare
1253 5575 1741 5649 cupitliberaliter.
1791 5574 1934 5630 Nihil

360 5670 557 5726 horum
582 5679 765 5726 tamen
790 5670 924 5726 mihi
952 5670 1241 5743 persuasit,
1298 5679 1358 5726 ut
1381 5669 1682 5727 secundum
1741 5668 1933 5724 inirem

432 5854 509 5926 (ε)
547 5852 667 5910 Lib.
697 5872 757 5925 ll,
788 5872 907 5928 cap.
932 5857 986 5912 2.

2035 3285 2261 3357 πλησίον
2302 3282 2396 3336 ἐπὶ
2419 3283 2517 3352 τῆς
2549 3280 2731 3349 εὐνῆς,
2762 3275 2830 3352 ἦς
2854 3282 3004 3351 ἡμᾶς
3033 3278 3210 3346 ὥδινε,
3250 3278 3439 3350 πηγὰς
3468 3277 3617 3349 ἐφίει

2028 3375 2303 3448 δακρύων,
2343 3376 2439 3428 καὶ
2499 3373 2609 3427 τῶν
2633 3372 2884 3444 δακρύων
2906 3372 3247 3442 ἑλεεινότερα
3300 3368 3619 3442 προσετίθει

2035 3472 2277 3541 ῥήματα,
2305 3466 2531 3521 τοιαῦτα
2555 3466 2691 3536 πρὸς
2712 3466 2860 3535 ήμᾶς
2875 3464 3177 3536 ὀδυρομένη
3200 3461 3315 3535 [γρ.
3342 3461 3620 3533 ἀποδυρο-

2036 3556 2195 3631 μένη]
2205 3575 2216 3587 ·
2236 3554 2398 3625 Ἐγὼ,
2414 3558 2568 3628 φησὶ,
2580 3554 2818 3616 παιδίον,
2835 3556 2978 3618 τῆςά
2986 3555 3144 3624 ρετῆς
3156 3553 3249 3608 τοῦ
3262 3549 3619 3624 πατρδς[τοῦ]

2033 3650 2128 3706 σοῦ
2169 3652 2270 3705 οὐκ
2290 3649 2521 3719 ἀφείθην
2549 3647 2859 3703 ἀπολαῦσαι
2893 3649 2986 3700 ἐπί
3010 3646 3145 3700 πολύ
3165 3664 3180 3678 ο
3211 3646 3291 3716 τῷ
3308 3644 3430 3711 Θεῷ
3454 3644 3621 3697 τοῦτο

2030 3742 2242 3797 δοκοῦν.
2296 3740 2408 3804 Τάς
2459 3738 2567 3809 γὰρ
2603 3738 2799 3801 ὠδίνας
2841 3738 2942 3801 τάς
2987 3739 3081 3789 ἐπὶ
3111 3737 3194 3790 σοὶ
3222 3735 3617 3805 διαδεξάμενος

2031 3832 2060 3885 ὁ
2096 3832 2324 3892 θάνατος
2375 3829 2612 3893 ἐκείνου,
2652 3828 2737 3881 σοὶ
2767 3827 2866 3896 μὲν
2901 3829 3190 3898 ὀρφανίαν,
3230 3828 3356 3897 ἐμοὶ
3384 3825 3617 3896 χηρείαν

2034 3924 2339 3992 ἐπέστησεν
2384 3922 2587 3991 ἄωρον,
2614 3921 2709 3974 καὶ
2743 3920 2844 3990 τῆς
2890 3921 3116 3991 χηρείας
3149 3920 3323 3982 δεινὰ,
3380 3917 3417 3973 ἃ
3450 3918 3615 3988 μόναι

2033 4015 2091 4067 αἱ
2115 4013 2383 4066 παθοῦσαι
2445 4012 2680 4065 δύναιντ’
2712 4009 2778 4064 ἂν
2811 4012 3015 4063 εἰδέναι
3064 4009 3273 4079 σαφῶς.
3304 4009 3478 4077 Λόγος
3505 4009 3616 4079 γὰρ

2034 4105 2210 4166 οὐδεὶς
2235 4104 2301 4157 ἂν
2335 4103 2578 4172 ἐφίκοιτο
2601 4102 2696 4156 τοῦ
2729 4101 3001 4173 χειμῶνος
3026 4101 3237 4155 ἐκείνου
3253 4103 3348 4154 καὶ
3369 4099 3464 4155 τοῦ
3488 4100 3617 4153 κλύ-

2034 4197 2220 4259 δωνος,
2242 4196 2301 4250 ὃν
2330 4195 2625 4265 ὑφίσταται
2644 4194 2781 4266 κόρη
2807 4194 2932 4263 άρτι
2954 4194 3050 4263 μὲν
3067 4194 3164 4263 τῆς
3192 4194 3369 4257 οἰκίας
3393 4192 3493 4261 τῆς
3510 4209 3617 4244 πα-

2034 4288 2214 4360 τρῴας
2234 4288 2592 4361 προελθοῦσα,
2636 4287 2733 4341 καὶ
2751 4288 3095 4357 πραγμάτων
3110 4287 3336 4355 ἄπειρος
3352 4278 3513 4346 οὖσα,
3534 4283 3617 4348 ἐξα

2036 4382 2234 4452 αίφνης
2248 4397 2308 4433 τε
2328 4380 2739 4450 πένθειάσχέτῳ
2758 4378 3061 4449 βαλλομένη
3082 4383 3176 4431 καὶ
3193 4375 3617 4445 ἀναγκαζομένη

2037 4474 2351 4548 φροντίδων,
2371 4474 2464 4528 καὶ
2486 4473 2587 4543 τῆς
2611 4472 2826 4543 ἡλικίας
2851 4472 3057 4539 καὶτῆς
3083 4473 3300 4539 φύσεως
3322 4470 3611 4539 ἀνέχεσθαι

2045 4564 2329 4640 μειζόνων.
2351 4567 2442 4618 Δεῖ
2465 4567 2595 4635 γὰρ,
2620 4561 2795 4636 οἶμαι,
2821 4564 3094 4636 ῥᾳθυμίας
3114 4562 3343 4616 οἰκετῶν
3368 4562 3616 4630 ἐπιστρέ-

2039 4659 2280 4727 φειν,καὶ
2293 4658 2629 4727 κακουργίας
2647 4674 2864 4728 παρατη
2874 4659 3007 4727 ρεῖν,
3025 4654 3301 4725 συγγενῶν
3314 4656 3350 4708 ἀ
3360 4654 3616 4724 ποκρούε-

2040 4749 2164 4804 σθαι
2195 4749 2503 4815 ἐπιϐουλάς,
2528 4751 2637 4802 τῶν
2652 4749 2722 4802 τὰ
2752 4749 2988 4820 δημόσια
3010 4748 3456 4819 εἰσπραττόντων
3488 4745 3604 4817 [γρ.

2039 4842 2412 4913 πραττόντων]
2467 4840 2563 4904 τὰς
2622 4842 2907 4911 ἐπηρείας,
2944 4841 3040 4893 καὶ
3093 4838 3192 4909 τὴν
3247 4840 3516 4908 ἀπήνειαν
3548 4840 3604 4890 ἐν

2038 4937 2159 4998 ταῖς
2183 4935 2289 4988 τῶν
2317 4932 2588 5004 εἰσφορῶν
2621 4932 2950 4996 καταϐολαῖς
2971 4932 3236 5001 γενναίως
3259 4931 3470 5000 φέρειν.
3488 4931 3616 4983 Ἐὰν

2038 5025 2095 5079 δὲ
2129 5026 2225 5078 καὶ
2259 5025 2468 5078 παιδίον
2498 5024 2818 5078 καταλιπὼν
2837 5026 2866 5078 ό
2888 5022 3170 5087 τεθνηκὼς
3198 5020 3451 5086 ἀπέλθοι,
3483 5019 3614 5090 θῆλυ
3726 5033 3733 5038 ’

2046 5119 2145 5189 μὲν
2178 5117 2259 5182 ὃν,
2316 5116 2516 5188 πολλὴν
2568 5116 2664 5171 καὶ
2692 5116 2839 5172 οὕτω
2897 5114 3123 5186 παρέξει
3184 5117 3251 5185 τῇ
3290 5114 3465 5185 μητρὶ
3516 5113 3614 5184 τήν

2045 5209 2324 5281 φροντίδα,
2357 5210 2508 5279 ὅμως
2528 5210 2585 5262 δὲ
2612 5209 2707 5264 καὶ
2739 5209 3118 5279 ἀναλωμάτων
3144 5208 3241 5260 καὶ
3261 5206 3415 5269 δέους
3443 5204 3615 5277 ἀπηλ-

2045 5301 2326 5372 λαγμένην
2347 5317 2360 5332 ·
2392 5301 2422 5353 ό
2458 5301 2514 5355 δέ
2544 5302 2658 5366 υίὸς
2684 5302 2899 5373 μυρίων
2925 5298 3096 5370 αὐτὴν
3128 5299 3313 5370 φόϐων
3339 5298 3464 5353 καθ’
3490 5297 3616 5352 ἑκάς

2048 5409 2180 5461 στην
2207 5392 2512 5464 ἐμπίπλησι
2528 5392 2629 5463 τὴν
2646 5394 2881 5465 ἡμέραν,
2900 5392 2997 5445 καὶ
3016 5391 3279 5445 πλειόνων
3299 5390 3614 5462 φροντίδων.

2047 5485 2157 5557 Τὴν
2186 5484 2297 5554 γάρ
2324 5484 2435 5539 τῶν
2463 5486 2760 5556 χρημάτων
2781 5485 2856 5540 ἐῶ
2881 5484 3151 5554 δαπάνην,
3168 5485 3303 5554 ὅσην
3324 5481 3613 5552 ὑπομένειν

2044 5576 2415 5647 ἀναγκάζεται
2433 5576 2921 5652 ἐλευθερίωςαύτδν
2934 5575 3237 5649 ἀναθρέψαι
3254 5573 3611 5646 ἐπιθυμοῦσα.

2056 5670 2200 5727 Ἀλλ’
2224 5672 2374 5744 ὅμως
2401 5671 2555 5727 οὐδέν
2587 5688 2655 5744 με
2675 5672 2881 5728 τούτων
2911 5670 3098 5726 ἔπεισε
3126 5667 3398 5739 δευτέροις
3427 5663 3612 5737 ὁμιλῆ-
