3828 6464
248 306 391 370 1057

1276 316 1454 378 νΙνΤΑ
1492 317 1553 378 8.
1588 315 1912 380 ῘΟΑΝΝΙΞ
1940 304 2498 380 CHRYSOSTOMI.

3363 312 3501 381 1058

260 436 352 472 σαι
380 419 726 491 γάμοις,ούδ’
756 420 943 495 ἕτερον
970 424 1355 494 ἐπεισαγαγεῖν
1383 425 1616 496 νυμφίον
1641 427 1708 495 τῇ
1730 423 1824 479 τοῦ

1942 427 2359 493 matrimonium,
2384 441 2563 497 neque
2592 427 2759 482 alium
2785 441 3048 497 sponsum
3097 425 3500 482 introducerent

252 510 461 582 πατρὸς
499 513 646 585 οικίᾳ
683 513 776 567 τοῦ
803 514 897 567 σοῦ
919 532 934 546 ’
966 515 1081 570 ἀλλ’
1108 516 1301 588 ἔμενον
1343 520 1403 572 ἐν
1431 522 1496 590 τῇ
1554 517 1693 591 ζάλῃ
1728 518 1825 571 καὶ

248 602 332 671 τῷ
354 602 588 675 θορύϐῳ,
619 604 714 659 καὶ
746 606 846 676 τὴν
881 607 1106 679 σιδηρᾶν
1134 609 1236 678 τῆς
1266 611 1493 682 χηρείας
1538 612 1640 664 οὐκ
1695 609 1827 679 ἐφυ-

246 710 350 762 ίγον
379 696 629 766 κάμινον,
653 697 867 768 πρῶτον
892 701 990 769 μὲν
1009 700 1113 754 ὑπὸ
1131 701 1231 771 τῆς
1250 701 1455 756 ἄνωθεν
1486 700 1824 774 βοηθουμένη

254 784 468 853 ῥοπῆς·
497 784 659 856 ἔφερε
688 786 746 840 δέ
802 804 891 857 μοι
947 789 1307 861 παραμυθίαν
1342 791 1404 844 ού
1472 794 1677 863 μικρὰν
1717 792 1828 846 τῶν

252 874 460 941 δεινῶν,
493 878 589 931 καὶ
620 878 681 932 τὸ
729 881 968 951 συνεχῶς
993 884 1074 947 είς
1110 882 1209 955 τὴν
1242 883 1342 955 σὴν
1383 883 1508 954 ὄψιν
1551 886 1705 957 ὀρᾷν,
1732 886 1829 940 καὶ

254 968 440 1022 εἰκόνα
493 986 584 1040 μοι
617 972 711 1024 τοῦ
748 973 1198 1046 τετελευτηκότος
1245 977 1616 1046 φυλάσσεσθαι
1647 977 1826 1049 ἔμψυ-

255 1076 373 1128 χον,
406 1061 544 1131 πρὸς
565 1064 772 1116 ἐκεῖνον
796 1063 910 1134 [γρ.
946 1065 1184 1139 ἐκείνην]
1214 1069 1680 1140 ἀπηκριϐωμένην
1705 1095 1707 1099 τ
1728 1087 1830 1124 κα-

254 1150 387 1215 λῶς.
425 1152 524 1206 Διὰ
549 1154 706 1208 τοῦτο
733 1157 827 1209 καὶ
860 1156 940 1209 ἔτι
979 1158 1174 1227 νήπιος
1203 1157 1301 1225 ὢν,
1332 1162 1431 1214 καὶ
1466 1160 1602 1232 μηδὲ
1655 1163 1826 1232 φθέγ-

253 1244 448 1311 γεσθαί
476 1262 565 1298 πω
617 1246 827 1317 μαθὼν,
866 1249 953 1302 ὅτε
1011 1250 1250 1317 μάλιστα
1297 1252 1561 1324 τέρπουσι
1586 1257 1712 1318 τοὺς
1739 1271 1831 1308 τε-

254 1335 453 1400 κόντας
475 1339 525 1391 οί
554 1339 761 1403 παῖδες,
794 1341 997 1411 πολλήν
1029 1361 1121 1413 μοι
1146 1347 1406 1415 παρεῖχες
1424 1345 1522 1411 τὴν
1547 1346 1832 1418 παράκλη-

257 1446 371 1485 σιν.
399 1431 507 1485 Καὶ
534 1431 640 1502 μὴν
670 1434 791 1487 οὐδέ
817 1437 994 1489 ἐκεῖνο
1047 1437 1114 1491 ἂν
1154 1436 1299 1506 ἔχοις
1337 1437 1711 1501 αἰτιάσασθαι,
1746 1440 1830 1493 ὃτι

252 1521 356 1592 τὴν
395 1523 491 1593 μὲν
520 1525 746 1595 χηρείαν
768 1527 1032 1595 γενναίως
1055 1528 1390 1599 ἠνέγκαμεν,
1419 1530 1519 1601 τὴν
1551 1530 1611 1583 δὲ
1642 1529 1832 1585 οὐσίαν

261 1631 348 1668 σοι
373 1615 473 1684 τὴν
500 1618 776 1690 πατρικὴν
803 1619 1202 1690 ὴλαττὼσαμεν
1226 1620 1317 1674 διὰ
1343 1622 1441 1692 τὴν
1469 1623 1570 1691 τῆς
1605 1622 1832 1694 χηρείας

257 1707 529 1778 ἀνάγκην,
558 1712 694 1781 ὅπερ
714 1712 945 1778 πολλοὺς
965 1713 1074 1767 τῶν
1095 1714 1360 1786 ὀρφανίαν
1377 1715 1833 1787 δυστυχησάντων

247 1795 377 1855 οῖδα
415 1803 691 1868 παθόντας
735 1804 869 1866 ἐγώ.
916 1807 1026 1861 Καὶ
1054 1807 1164 1877 γὰρ
1188 1808 1285 1861 καὶ
1327 1808 1533 1879 ταύτην
1564 1809 1831 1879 ἀκεραίαν

257 1899 502 1966 ἐφύλαξα
536 1904 736 1967 πᾶσαν,
768 1903 864 1957 καὶ
891 1903 1000 1956 τῶν
1027 1904 1353 1973 ὀφειλόντων
1376 1907 1456 1970 είς
1483 1905 1832 1977 εὐδοκίμησιν

255 1990 638 2064 δαπανηθῆναι
668 1995 767 2066 τὴν
802 1995 900 2065 σὴν
922 1996 1169 2050 ἐνέλιπον
1195 1997 1369 2062 οὐδὲν,
1413 2000 1477 2053 ἐκ
1521 1999 1629 2053 τῶν
1655 2001 1832 2068 ἐμαυ-

257 2083 382 2153 τῆς,
413 2087 504 2139 καὶ
526 2078 601 2139 ὧν
626 2082 791 2157 ἦλθον
811 2088 1021 2141 οἴκοθεν
1050 2087 1273 2159 ἔχουσα,
1297 2091 1595 2146 δαπανῶσα
1619 2109 1723 2161 χρη
1734 2091 1837 2161 μά-

257 2193 393 2231 των.
422 2178 534 2232 Καὶ
567 2180 727 2249 μήτοι
755 2180 987 2252 νομίσῃς
1028 2182 1396 2247 ὀνειδίζουσαν
1425 2200 1493 2253 με
1531 2183 1706 2238 ταῦτα
1741 2182 1837 2238 λέ-

258 2285 383 2338 γειν
402 2270 518 2338 νῦν,
547 2270 661 2326 ἀλλ’
698 2273 819 2327 ἀντὶ
843 2273 1063 2328 πάντων
1098 2292 1156 2328 σε
1182 2274 1384 2329 τούτων
1403 2274 1530 2345 μίαν
1563 2275 1703 2328 αἰτῶ
1736 2277 1836 2347 χά-

262 2382 376 2437 ριν,
413 2367 488 2436 μή
518 2384 583 2437 με
606 2367 835 2441 δευτέρα
858 2370 1057 2442 χηρείᾳ
1086 2369 1421 2440 περιϐαλεῖν,
1458 2370 1590 2439 μηδέ
1618 2369 1677 2423 τὸ
1725 2386 1839 2422 κοι-

174 2488 187 2497 ι
266 2457 440 2530 μηθὲν
463 2460 563 2531 ἤδη
587 2459 776 2524 πένθος
806 2461 1007 2531 ἀνάψαι
1035 2462 1220 2524 πάλιν,
1246 2462 1381 2516 ἀλλὰ
1403 2464 1717 2531 περίμεινον
1737 2463 1837 2531 τὴν

263 2550 407 2624 ἐμὴν
432 2552 712 2623 τελευτήν.
742 2554 901 2617 Ἴσως
923 2553 1060 2622 μετὰ
1088 2556 1281 2623 μικρὸν
1313 2551 1679 2621 ἀπελεύσομαι
1709 2552 1840 2622 χρό-

263 2660 378 2699 νον.
404 2644 543 2710 Τοὺς
574 2646 673 2713 μὲν
702 2645 809 2716 γὰρ
850 2647 1004 2710 νέους
1050 2647 1205 2705 ἐλπὶς
1235 2645 1331 2699 καὶ
1363 2645 1444 2709 είς
1485 2645 1663 2714 γῆρας
1689 2643 1838 2715 ἥξειν

272 2736 506 2807 μακρὸν,
537 2738 587 2790 οἱ
612 2736 667 2790 δὲ
699 2738 1072 2808 γεγηρακότες
1094 2740 1254 2809 ἡμεῖς
1284 2738 1437 2792 οὐδὲν
1471 2738 1659 2809 ἕτερον
1688 2741 1721 2809 ἢ
1749 2737 1840 2807 τὸν

263 2828 496 2884 θάνατον
533 2830 896 2901 ἀναμένομεν.
943 2832 1113 2885 Ὅταν
1154 2827 1246 2885 οὖν
1283 2848 1350 2902 με
1388 2834 1455 2903 τῇ
1486 2834 1555 2902 γῇ
1586 2832 1840 2902 παραδῷς

265 2924 366 2979 καὶ
390 2926 502 2988 τοῖς
530 2923 737 2986 ὀστέοις
771 2923 865 2979 τοῦ
891 2922 1096 2995 πατρὸς
1121 2923 1387 2995 ἁναμίξῃς
1420 2923 1513 2978 τοῦ
1540 2922 1658 2988 σοῦ,
1688 2923 1840 2977 στέλ-

268 3017 363 3070 λου
399 3016 617 3088 μακράς
664 3016 999 3086 ἀποδημίας,
1031 3016 1126 3069 καὶ
1177 3016 1308 3069 πλέε
1341 3015 1637 3077 θάλασσαν,
1666 3015 1732 3086 ἢν
1773 3015 1840 3069 ἂν

1866 1766 1906 1820 Β

1927 519 1981 573 in
2010 520 2230 574 domum
2258 520 2428 590 patris
2455 521 2579 585 tui:
2605 522 2700 575 sed
2736 520 2910 576 mansi
2963 520 3017 575 in
3076 527 3401 590 tempestate
3447 527 3505 573 et

1929 611 2185 677 tumultu,
2216 620 2273 666 et
2306 627 2413 666 non
2444 612 2605 683 effugi
2635 613 2868 668 ferream
2894 612 3170 668 fornacem
3198 612 3501 674 viduitatis,

1928 698 2167 769 primum
2206 700 2425 770 quidem
2455 702 2638 771 adjuta
2665 718 2902 773 superno
2957 703 3176 757 auxilio.
3229 702 3507 756 Aﬂ‘erebat

1929 801 2112 847 autem
2144 793 2277 847 mihi
2322 809 2432 848 non
2487 811 2707 864 parvam
2755 796 3020 851 malorum
3076 796 3504 852 οοιιεοιειιίοιιειιι

1930 886 2151 955 etquod
2180 895 2334 941 tuum
2372 888 2582 943 vultum
2615 889 2854 943 viderem
2900 890 3138 952 assidue,
3188 900 3243 943 et
3296 887 3504 957 mortui

1929 978 2223 1032 animatam
2258 992 2531 1033 servarem
2584 979 2895 1051 imaginem,
2956 981 3023 1034 ad
3078 980 3220 1034 illius
3275 978 3504 1042 efﬁgiem

1930 1078 2184 1123 accurate
2217 1084 2550 1138 expressam.
2613 1068 2907 1140 Pr0pterea
2952 1084 3077 1124 cum
3133 1084 3283 1124 esses
3326 1066 3508 1123 adhuc

1932 1157 2134 1224 infans,
2157 1166 2212 1213 et
2230 1160 2463 1214 necdum
2503 1160 2649 1230 loqui
2680 1160 2985 1225 didicisses,
3017 1161 3233 1229 quando
3254 1168 3508 1229 parentes

1931 1249 2165 1304 maxime
2184 1250 2456 1305 delectant
2486 1250 2664 1320 pueri,
2710 1249 2845 1304 mihi
2910 1265 3159 1319 magnam
3228 1249 3508 1318 prmbebas

1934 1343 2387 1401 consolationem.
2416 1342 2578 1413 Atqui
2614 1358 2717 1397 nec
2742 1341 2879 1397 illud
2933 1342 3068 1397 mihi
3100 1342 3342 1412 potueris
3372 1340 3512 1409 obii.

1932 1450 2077 1495 cere,
2101 1435 2247 1504 quod
2275 1433 2595 1490 viduitatem
2633 1434 2855 1504 quidem
2904 1433 3121 1488 fortiter
3178 1432 3508 1487 tulerimus:

1933 1526 2139 1598 patrias
2163 1533 2346 1580 autem
2404 1524 2693 1581 facultates
2745 1525 2843 1580 tibi
2882 1523 3244 1579 minuerimus
3289 1531 3513 1597 ωομεν

1934 1617 2314 1674 necessitatem
2350 1617 2631 1673 viduitatis
2654 1635 2667 1670 :
2688 1616 2830 1687 quod
2861 1616 3081 1687 quidem
3110 1616 3225 1670 scio
3247 1614 3512 1669 accidisse

1934 1710 2142 1775 multis,
2173 1709 2265 1779 qui
2300 1709 2354 1763 in
2377 1708 2663 1763 orbitatem
2703 1707 3030 1762 inciderant.
3056 1706 3189 1760 Nam
3240 1720 3334 1759 eas
3382 1719 3514 1773 quo-

1934 1816 2040 1871 que
2077 1801 2360 1857 universas
2393 1799 2585 1869 reliqui
2615 1799 2945 1868 integras,et
2970 1813 3090 1866 quae
3116 1795 3386 1850 debebant
3415 1810 3510 1848 ex-

1937 1892 2117 1961 pendi,
2152 1899 2210 1946 ut
2231 1894 2313 1946 vir
2333 1890 2509 1947 bonus
2537 1899 2593 1944 et
2623 1891 2826 1959 probus
2847 1890 3127 1948 eraderes,
3158 1902 3267 1940 non
3302 1885 3513 1940 cessavi

1936 1998 1998 2038 ea
2031 1997 2096 2037 ex
2138 1982 2295 2046 meis,
2326 1987 2382 2035 et
2411 1996 2548 2050 quas
2577 1980 2738 2036 domo
2775 1965 2954 2042 attuli,
3004 1977 3314 2047 expendere
3344 1989 3510 2044 pecu-

1936 2074 2064 2129 niis.
2092 2074 2203 2129 Nec
2242 2074 2522 2128 existimes
2544 2088 2633 2127 me
2659 2072 2777 2127 haec
2814 2070 2911 2125 tibi
2941 2083 3087 2124 nunc
3114 2068 3297 2123 dicere
3318 2080 3510 2135 expro-

1938 2168 2218 2240 brantemj;
2252 2168 2349 2223 sed
2372 2180 2470 2238 pro
2493 2166 2559 2223 iis
2591 2164 2845 2222 omnibus
2867 2178 3028 2218 unam
3081 2178 3112 2216 a
3144 2170 3195 2215 te
3228 2170 3355 2231 peto
3397 2174 3518 2229 gra-

1939 2263 2090 2327 tiam,
2118 2277 2190 2316 ne
2225 2276 2310 2317 me
2338 2261 2394 2315 in
2428 2260 2725 2316 secundam
2776 2257 2990 2327 injicias
3030 2255 3369 2310 viduitatem.
3409 2252 3518 2308 Sed

1939 2363 2199 2424 exspecta
2222 2368 2402 2408 meum
2436 2354 2742 2408 decessum.
2773 2351 3026 2405 Fortasse
3054 2347 3200 2402 brevi
3240 2353 3364 2415 post
3383 2354 3521 2399 tem-

1941 2462 2074 2517 pore
2102 2447 2381 2502 decedam.
2414 2428 2559 2500 Nam
2576 2460 2701 2514 spes
2730 2442 2953 2512 quidem
2996 2447 3097 2502 est,
3148 2437 3521 2492 adolescentes

1942 2556 2064 2596 esse
2089 2541 2156 2595 ad
2186 2540 2402 2611 longam
2454 2548 2717 2597 venturos
2766 2542 3129 2591 senectutem.
3179 2531 3288 2588 Nos
3339 2537 3520 2583 autem

1941 2633 2034 2703 qui
2057 2632 2466 2694 consenuimus,
2502 2629 2642 2684 nihil
2672 2627 2819 2682 aliud
2855 2641 3018 2696 quam
3064 2633 3292 2679 mortem
3319 2634 3521 2690 exspe-

1942 2717 2176 2780 ctamus.
2209 2721 2436 2789 Quando
2465 2735 2595 2776 vero
2614 2734 2701 2774 me
2736 2729 2892 2773 terra;
2930 2714 3292 2779 mandaveris,
3315 2722 3370 2768 et
3396 2725 3522 2767 cum

1943 2817 2158 2872 ossibus
2187 2815 2358 2886 patris
2404 2812 2483 2867 tui
2513 2811 2821 2875 miscueris,
2870 2810 3062 2879 longas
3103 2806 3321 2875 suscipe
3367 2818 3526 2874 pere-

1944 2909 2297 2982 grlnationes,
2331 2913 2389 2962 et
2411 2920 2562 2960 mare
2596 2903 2785 2974 naviga
2834 2901 3201 2972 quodcunque
3253 2895 3521 2951 volueris:

1947 3009 2078 3056 tunc
2104 3000 2286 3056 nullus
2310 3007 2394 3054 est
2418 2998 2817 3069 prohibiturus.
2871 2993 3124 3060 Quandiu
3180 2999 3360 3046 autem
3411 2989 3524 3059 spi-

268 3083 461 3182 ἐθέλῃς
484 3124 499 3140 ·
518 3083 652 3162 τότε
679 3108 708 3161 ὀ
733 3083 993 3162 κωλύσων
1017 3107 1213 3171 οὐδείς.
1248 3108 1390 3170 Ἕως
1424 3106 1470 3161 δ’
1505 3108 1571 3161 ἂν
1588 3083 1839 3176 ἐμπνέωο

1950 3109 2151 3155 ramus.
2185 3093 2459 3148 sustineas
2474 3090 2757 3145 nobiscum
2801 3087 3091 3142 habitare:
3138 3098 3318 3154 neque
3353 3083 3525 3137 Deum

274 3215 397 3270 μεν,
429 3200 663 3272 ἀνάσχου
714 3202 814 3271 τὴν
848 3201 969 3269 μεθ’
1027 3201 1184 3272 ἡμῶν
1221 3200 1458 3270 οἴκησιν,
1494 3202 1628 3271 μηδὲ
1672 3189 1842 3274 προσ·

268 3292 509 3365 κρούσῃς
541 3293 619 3364 τῷ
642 3292 782 3364 Θεῷ,
822 3293 998 3365 μάτην
1027 3294 1121 3347 καὶ
1148 3294 1268 3365 εἰκῇ
1287 3296 1397 3355 τοῖς
1416 3293 1680 3359 τοιούτοις
1700 3295 1847 3365 ἡμᾶς

272 3378 612 3450 περιϐάλλων
643 3383 840 3443 κακοῖς
884 3381 1215 3451 ἠδικηκότας
1274 3382 1448 3439 οὐδέν.
1493 3384 1554 3436 El
1590 3384 1691 3453 μὲν
1740 3384 1848 3455 γὰρ

276 3468 423 3540 ἔχεις
450 3471 722 3538 ἐγκαλεῖν,
752 3472 913 3526 ὅτισὲ
931 3475 1011 3536 είς
1039 3472 1298 3544 βιωτικὰς
1326 3475 1601 3546 περιέλκω
1628 3478 1849 3547 φροντί-

270 3561 390 3626 δας,
422 3563 519 3617 καὶ
542 3564 652 3617 τῶν
696 3565 1043 3636 πραγμάτων
1073 3567 1373 3634 ἀναγκάζω
1406 3568 1714 3639 φροντίζειν
1740 3569 1850 3624 τῶν

273 3652 449 3724 ἐμῶν,
475 3654 550 3726 μὴ
579 3656 705 3721 τοὺς
736 3656 835 3726 τῆς
865 3656 1082 3725 φύσεως
1106 3656 1331 3726 νόμους,
1383 3660 1458 3730 μὴ
1492 3659 1592 3731 τὴν
1618 3661 1853 3733 ἀνατρο-

278 3746 409 3817 φὴν,
443 3746 518 3817 μὴ
545 3747 644 3818 τὴν
668 3747 980 3819 συνήθειαν,
1043 3750 1168 3822 μηδ’
1193 3750 1321 3806 ἄλλο
1368 3753 1535 3823 μηδὲν
1559 3754 1848 3821 αἰδεσθεὶς,

275 3838 354 3905 ὡς
410 3839 730 3904 ἐπιϐούλους
779 3841 948 3911 φεῦγε
982 3843 1077 3897 καὶ
1117 3844 1431 3916 πολεμίους.
1469 3846 1532 3899 El
1578 3846 1634 3900 δέ
1674 3848 1851 3901 πάντα

276 3931 614 4005 πράττομεν,
658 3932 800 3988 ὥστε
832 3935 1036 4006 πολλήν
1083 3952 1169 3990 σοι
1212 3937 1628 4007 παρασκευάσαι
1659 3939 1852 4009 σχολὴν

277 4026 359 4088 είς
383 4026 483 4096 τὴν
501 4027 595 4080 τοῦ
620 4026 740 4099 βίου
760 4027 952 4082 τούτου
979 4030 1226 4100 πορείαν,
1251 4031 1301 4085 εί
1329 4029 1423 4084 καὶ
1454 4031 1620 4102 μηδὲν
1640 4031 1851 4100 ἕτερον’

275 4110 433 4182 οὗτος
487 4119 618 4188 γοῦν
683 4118 965 4185 κατεχέτω
1013 4137 1074 4174 σε
1109 4120 1240 4191 παρ’
1279 4120 1436 4191 ἡμῶν
1483 4119 1597 4193 Ιτρ.
1641 4120 1796 4194 ἡμῖν]
1826 4124 1854 4177 ὀ

276 4212 497 4285 δεσμός.
520 4215 643 4269 Κᾶν
672 4216 782 4285 γὰρ
835 4214 1064 4286 μυρίους
1110 4230 1171 4266 σε
1214 4212 1380 4285 λέγῃς
1408 4212 1606 4282 φιλεῖν,
1629 4211 1740 4265 οὐδ’
1772 4206 1852 4277 εἷς

281 4304 367 4357 σοὶ
394 4303 622 4374 παρέξει
649 4306 919 4374 τοσαύτης
942 4303 1255 4358 ἀπολαῦσαι
1286 4302 1601 4373 ἐλευθερίας
1622 4320 1637 4335 ο
1665 4304 1853 4373 ἐπειδὴ

285 4396 422 4467 μηδὲ
449 4396 529 4450 ἐτι
549 4415 653 4462 τις,
684 4398 792 4468 ὅτῳ
811 4397 962 4465 μέλει
984 4396 1082 4466 τῆς
1116 4399 1215 4467 σῆς
1238 4395 1642 4466 εύδοκιμήστως
1670 4393 1854 4463 ἐξίσης

1949 3180 2216 3245 offendas,
2246 3194 2346 3235 nos
2379 3190 2584 3234 temere
2609 3178 2664 3232 in
2688 3184 2837 3232 tanta
2876 3175 3018 3231 mala
3063 3173 3385 3244 conjiciens,
3408 3185 3528 3241 quae

1951 3282 2005 3327 te
2032 3273 2176 3327 nulla
2204 3272 2488 3327 atl'eeimus
2524 3270 2745 3341 injuria.
2774 3268 2907 3323 Nam
2934 3268 2979 3323 si
3009 3283 3096 3322 me
3124 3266 3342 3335 quidem
3373 3274 3530 3334 potes

1949 3366 2249 3430 criminari,
2274 3365 2419 3435 quod
2444 3373 2496 3420 te
2534 3365 2753 3419 attraho
2786 3363 2837 3417 in
2870 3362 3033 3433 hujus
3081 3362 3205 3417 vita:
3259 3358 3529 3415 sollicitu-

1951 3460 2128 3525 dines,
2160 3467 2215 3513 et
2243 3473 2378 3528 cogo
2429 3465 2482 3512 te
2532 3471 2713 3512 rerum
2773 3470 3019 3511 mearum
3067 3467 3254 3508 curam
3300 3464 3525 3519 gerere:

1951 3567 2060 3609 non
2095 3551 2239 3622 leges
2260 3559 2487 3615 naturae,
2518 3564 2630 3603 non
2656 3547 3063 3612 educationem,
3102 3561 3211 3600 non
3247 3542 3530 3598 familiari-

1953 3653 2144 3707 tatem,
2169 3658 2273 3699 nec
2311 3642 2513 3711 aliquid
2571 3640 2811 3709 denique
2858 3638 3008 3693 aliud
3058 3635 3365 3701 reveritus,
3403 3634 3530 3703 fuge

1954 3746 2212 3805 tanquam
2246 3734 2428 3788 hostes
2444 3740 2500 3787 et
2533 3730 2904 3785 insidiatores.
2936 3727 2993 3782 Si
3026 3735 3208 3782 autem
3228 3724 3410 3781 omnia
3450 3723 3530 3778 fa-

1952 3828 2148 3893 cimus,
2188 3835 2247 3882 ut
2275 3840 2531 3897 magnum
2572 3823 2672 3878 tibi
2702 3836 2958 3893 paremus
2993 3820 3163 3876 otium
3223 3817 3294 3873 ad
3336 3816 3441 3872 hoc
3470 3823 3531 3870 ut

1952 3922 2060 3978 hoc
2086 3921 2211 3977 vita:
2233 3921 2337 3976 iter
2360 3918 2706 3990 ingrediaris,
2745 3916 2790 3970 si
2820 3915 2952 3970 nihil
2987 3913 3155 3978 aliud,
3192 3913 3297 3968 hoc
3335 3910 3529 3966 saltem

1956 4025 2010 4072 te
2040 4022 2287 4069 nostrum
2352 4011 2585 4067 retineat
2610 4008 2906 4063 vinculum.
2946 4006 3079 4062 Nam
3113 4005 3218 4061 etsi
3280 4005 3430 4060 dicas
3474 4011 3532 4059 te

1955 4104 2123 4161 amari
2156 4103 2225 4158 ab
2256 4099 2762 4161 innumerabilibus,
2792 4111 2954 4152 nemo
3005 4095 3105 4152 tibi
3150 4094 3432 4165 praebebit,
3471 4100 3533 4149 ut

1957 4206 2104 4253 tanta
2127 4194 2325 4251 fruaris
2354 4194 2624 4248 libertate.
2655 4189 2828 4245 Nemo
2857 4188 3002 4244 enim
3037 4196 3139 4251 est,
3162 4187 3250 4241 cui
3277 4195 3366 4240 tua
3390 4185 3533 4239 bona

1956 4290 2282 4346 existimatio
2322 4287 2391 4343 sit
2420 4301 2573 4356 aeque
2604 4267 2749 4340 cura:
2777 4291 2940 4353 atque
2973 4293 3056 4337 est
3082 4281 3238 4335 mihi.
3282 4278 3413 4334 llaec
3444 4291 3534 4331 re-

1960 4382 2067 4437 fert
2100 4382 2283 4451 lingua
2306 4378 2395 4431 illa
2425 4375 2662 4447 egregia.
2698 4382 2754 4428 et
2787 4370 3244 4442 quemadmodum
3300 4366 3536 4422 Basilius

282 4459 427 4559 ἐμοί.
461 4459 649 4543 Ταῦτα
676 4491 710 4560 ὴ
742 4459 880 4559 tm,
915 4459 1134 4554 διέξεισι
1169 4459 1385 4556 ,λῶττα
1404 4459 1541 4540 ἔχει
1566 4487 1714 4549 ὅπως
1742 4459 1841 4540 Bai-

1963 4473 2181 4543 quidem
2201 4469 2573 4538 subiitjugnm
2622 4465 2964 4528 diaconatus,
3019 4476 3244 4532 sperans
3284 4459 3421 4521 fore,
3475 4463 3537 4513 ut

285 4581 483 4646 σίλειος
525 4582 630 4651 μὲν
649 4584 731 4646 είς
758 4580 850 4635 τὸν
871 4580 971 4649 τῆς
988 4579 1269 4643 διακονίας
1309 4576 1530 4649 ὑπήχθη
1554 4577 1741 4645 ζυγὸν,
1765 4576 1861 4629 καὶ

284 4671 447 4727 αὐτὸν
477 4673 732 4727 κοινωνὸν
757 4672 902 4744 ἔχειν
940 4672 1166 4736 ἐλπίσας
1198 4672 1302 4743 τῆς
1339 4669 1546 4735 τάξεως
1566 4685 1580 4700 ·
1616 4670 1645 4722 ὀ
1673 4668 1730 4721 δὲ
1763 4667 1856 4721 τὸν

284 4763 491 4835 βαθμὸν
516 4764 774 4835 ὀκνήσας,
799 4764 895 4818 καὶ
914 4764 1208 4833 ὑποσχέσει
1246 4760 1436 4815 τοῦτον
1470 4756 1861 4831 παρακρουσάο

288 4872 471 4928 μενος,
512 4855 588 4919 ὡς
611 4856 705 4909 καὶ
733 4848 897 4920 αὐτὸς
923 4855 1135 4927 μέλλων
1159 4854 1253 4908 τοῦ
1287 4854 1406 4907 ίσου
1451 4852 1719 4923 μετέχειν,
1737 4848 1859 4903 τότε

290 4947 389 5019 μὲν
401 4947 680 5014 ἐξίσταται
696 4947 794 5020 τὴν
805 4965 889 5019 χει
897 4949 1164 5020 ροτονίαν.
1177 4949 1260 5002 Χα
1269 4950 1393 5018 ρισά
1399 4963 1559 5017 μενος
1573 4942 1861 5016 τοιγαροῦν

1956 4578 2081 4619 eum
2105 4561 2327 4616 haberet
2356 4558 2475 4625 ejus
2493 4555 2699 4611 ordinis
2715 4555 2921 4609 socium
2945 4570 2959 4620 ;
2989 4553 3076 4606 ille
3097 4558 3276 4604 autem
3306 4546 3537 4618 gradum

1958 4653 2215 4712 dubitans
2243 4648 2539 4719 suscipere,
2577 4646 2804 4718 pulchre
2820 4660 2945 4700 eum
2994 4643 3264 4715 promisso
3284 4638 3534 4709 impellit,

1959 4754 2222 4814 tanquam
2267 4740 2384 4811 ipse
2432 4752 2647 4809 quoque
2680 4737 2792 4807 jam
2837 4735 3056 4790 futurus
3097 4740 3245 4788 esset
3289 4729 3536 4800 ejusdem

1960 4836 2257 4908 particeps.
2286 4832 2353 4887 Et
2400 4840 2532 4886 tunc
2578 4829 2798 4900 quidem
2840 4833 3061 4884 recusat
3117 4823 3536 4888 ordinationem,

1960 4936 2140 4991 victus
2165 4946 2198 4984 a
2222 4942 2321 4984 sua
2352 4925 2408 4980 in
2426 4941 2545 4980 eam
2568 4922 2879 4983 reverentia

284 5010 356 5115 τῇ
390 5010 580 5115 μητρὶ,
610 5044 706 5098 καὶ⁸
737 5010 1021 5115 άκωνυτὴν
1055 5042 1218 5116 μέχρι
1245 5010 1434 5106 τέλους
1476 5010 1748 5111 παρέχων.
1780 5030 2171 5110 γηροκομίαν,.
2216 5021 2408 5091 ἐπειδὴ
2469 5019 2653 5116 ἐκείνη
2678 5018 2770 5073 τὸν
2798 5017 2910 5090 βίον
2929 5015 3188 5116 ἀπέλιπε,
3220 5010 3539 5116 παραυτίκα

290 5110 536 5207 obtegere
555 5143 678 5196 ὅσια
704 5139 793 5196 ἐπ’
822 5141 961 5213 αὐτῇ
977 5110 1218 5211 δράσας,
1244 5140 1344 5211 τὴν
1372 5137 1483 5192 τῶν
1511 5137 1714 5206 γονέων
1744 5136 1873 5204 ὃλην
1911 5129 2099 5186 οὐσίαν
2138 5121 2404 5196 περιττὴν
2446 5113 2637 5183 οὖσαν,
2665 5116 3047 5213 τριχῆ-διαιρεῖ
3065 5130 3079 5147 ·
3106 5114 3200 5169 καὶ
3224 5111 3417 5213 πρῶτα
3440 5110 3540 5213 μέν

292 5203 542 5304 πενήτων
584 5220 792 5288 ἔνδεὶαν
822 5231 901 5305 τῷ
927 5203 1115 5304 χρυσῷ
1153 5203 1484 5302 θεραπεύει·
1524 5203 1664 5282 ’ὅσαι
1692 5227 1750 5281 δὲ
1776 5203 1889 5293 τῶν
1928 5218 2235 5288 ἐκκλησιῶν
2300 5214 2595 5284 ἐτύγχανον
2655 5209 3023 5305 σπανίζουσαι
3074 5205 3399 5305 κειμηλίων,
3444 5203 3536 5305 τδν

293 5292 534 5403 άργύρον
563 5329 745 5393 αὐτοῖς
774 5292 1046 5400 διανέμει·
1078 5292 1189 5382 τῶν
1219 5292 1291 5381 ’δὲ
1323 5326 1599 5393 ἀκινήτων
1653 5322 1734 5376 ὅτι
1764 5336 1872 5391 περ
1908 5313 2000 5388 ἦν,
2030 5313 2109 5385 τῷ
2140 5308 2389 5403 δημοσίω
2411 5307 2594 5403 φέρων
2627 5303 2933 5403 ἀποκληροῖ
2954 5342 2971 5369 ,
3039 5303 3141 5403 τὴν
3180 5292 3543 5403 άπραγμοσιῖ-

441 5390 627 5492 ’ἑαυτῷ
698 5390 1157 5491 τέεριποιούμενος
1181 5458 1195 5482 ,
1257 5415 1352 5470 καὶ
1392 5390 1550 5484 ὄχλον
1589 5412 1792 5475 παντὸς
1831 5390 2131 5479 φορολόγου
2189 5399 2607 5470 διαδιδράσκων.
2664 5392 2796 5452 Εῐτα
2850 5397 2944 5450 καὶ
2968 5396 3130 5492 ’τοὺς
3172 5394 3388 5492 οἰκέταις
3442 5390 3543 5457 τῆς

295 5484 543 5580 δουλείας
570 5484 740 5580 ἀνεὶς,
770 5484 866 5568 καὶ
894 5484 1008 5577 τὰς*
1048 5511 1185 5582 πρὸς
1226 5509 1287 5563 τὸ
1308 5507 1409 5577 ζῇν
1431 5505 1688 5578 ἀφορμὰς
1742 5502 2185 5576 παρασχόμενος,
2219 5493 2282 5550 τδ
2345 5492 2632 5548 κάλλιστον
2693 5492 2914 5546 πάντων
2960 5484 3149 5582 ἐαυτῷᾃ
3179 5484 3535 5582 συνετηρησε.

300 5614 364 5668 τὸ
398 5577 563 5686 μηδεν
611 5577 777 5684 ἔχειν.
815 5611 912 5665 καὶ
976 5610 1039 5663 τὸ
1077 5577 1308 5676 λυθῆναι
1352 5605 1555 5667 παντὸς
1601 5601 1805 5673 δεσμοῦ
1866 5598 1951 5670 τῷ
1986 5596 2213 5668 παρόντι
2272 5591 2463 5663 κόσμῳ
2506 5588 2887 5652 συνάπτοντος,
2934 5584 3032 5640 καὶ
3060 5580 3197 5636 Θεὸν
3250 5577 3374 5636 ἀντὶ
3405 5592 3541 5632 παν-

303 5725 414 5762 των
436 5705 759 5776 πλουτῆσαι,
793 5704 856 5758 τὸ
889 5702 1155 5774 μακάριον
1175 5701 1345 5765 ὅντως
1372 5702 1559 5768 κτῆμα
1584 5698 1678 5751 καὶ
1702 5694 2082 5765 ἀναφαίρετον.
