  <div class='ocr_page' id='page_1' title='image "/cluster/home/n/w/nwhite01/storage/ocr_20150623/114/hvd.32044019208123/571.png"; bbox 0 0 3828 6540; ppageno 0'>
   <div class='ocr_carea' id='block_1_1' title="bbox 364 373 506 438">
    <p class='ocr_par' dir='ltr' id='par_1_1' title="bbox 364 373 506 438">
     <span class='ocr_line' id='line_1_1' title="bbox 364 373 506 438; baseline -0.014 0"><span class='ocrx_word' id='word_1_1' title='bbox 364 373 506 438; x_wconf 67' lang='grc' dir='ltr'><strong>Ῑνόῦ</strong></span> 
     </span>
    </p>
   </div>
   <div class='ocr_carea' id='block_1_2' title="bbox 1584 365 2355 432">
    <p class='ocr_par' dir='ltr' id='par_1_2' title="bbox 1584 365 2355 432">
     <span class='ocr_line' id='line_1_2' title="bbox 1584 365 2355 432; baseline 0.001 -3"><span class='ocrx_word' id='word_1_2' title='bbox 1584 365 1863 430; x_wconf 66' lang='lat' dir='ltr'><strong>MENSIS</strong></span> <span class='ocrx_word' id='word_1_3' title='bbox 1902 366 2355 432; x_wconf 73' lang='lat' dir='ltr'><strong>JANUARIUS.</strong></span> 
     </span>
    </p>
   </div>
   <div class='ocr_carea' id='block_1_3' title="bbox 3467 361 3675 450">
    <p class='ocr_par' dir='ltr' id='par_1_3' title="bbox 3467 361 3675 450">
     <span class='ocr_line' id='line_1_3' title="bbox 3467 361 3675 450; baseline -0.014 -20"><span class='ocrx_word' id='word_1_4' title='bbox 3467 361 3629 430; x_wconf 75' lang='lat' dir='ltr'><strong>loco</strong></span> <span class='ocrx_word' id='word_1_5' title='bbox 3659 439 3675 450; x_wconf 38' lang='grc' dir='ltr'><strong>ο</strong></span> 
     </span>
    </p>
   </div>
   <div class='ocr_carea' id='block_1_4' title="bbox 432 483 1925 558">
    <p class='ocr_par' dir='ltr' id='par_1_4' title="bbox 432 486 1925 557">
     <span class='ocr_line' id='line_1_4' title="bbox 432 486 1925 557; baseline -0.002 -14"><span class='ocrx_word' id='word_1_6' title='bbox 432 488 522 544; x_wconf 84' lang='lat' dir='ltr'><strong>lV.</strong></span> <span class='ocrx_word' id='word_1_7' title='bbox 544 489 678 543; x_wconf 87' lang='lat' dir='ltr'><strong>Cum</strong></span> <span class='ocrx_word' id='word_1_8' title='bbox 711 486 987 557; x_wconf 86' lang='lat' dir='ltr'><strong>aliquanto</strong></span> <span class='ocrx_word' id='word_1_9' title='bbox 1019 492 1198 542; x_wconf 81' lang='lat' dir='ltr'><strong>autem</strong></span> <span class='ocrx_word' id='word_1_10' title='bbox 1249 494 1374 556; x_wconf 85' lang='lat' dir='ltr'><strong>post</strong></span> <span class='ocrx_word' id='word_1_11' title='bbox 1414 495 1659 555; x_wconf 88' lang='lat' dir='ltr'><strong>tempore</strong></span> <span class='ocrx_word' id='word_1_12' title='bbox 1684 486 1771 541; x_wconf 77' lang='lat' dir='ltr'><strong>vix</strong></span> <span class='ocrx_word' id='word_1_13' title='bbox 1805 500 1925 540; x_wconf 89' lang='lat' dir='ltr'><strong>sus-</strong></span> 
     </span>
    </p>
   </div>
   <div class='ocr_carea' id='block_1_5' title="bbox 2026 483 3630 558">
    <p class='ocr_par' dir='ltr' id='par_1_5' title="bbox 2104 483 3630 558">
     <span class='ocr_line' id='line_1_5' title="bbox 2104 483 3630 558; baseline -0.002 -20"><span class='ocrx_word' id='word_1_14' title='bbox 2104 488 2174 538; x_wconf 87' lang='lat' dir='ltr'><strong>A&#39;.</strong></span> <span class='ocrx_word' id='word_1_15' title='bbox 2206 487 2360 541; x_wconf 78' lang='grc' dir='ltr'>Μετὰ</span> <span class='ocrx_word' id='word_1_16' title='bbox 2387 487 2439 541; x_wconf 78' lang='grc' dir='ltr'>δὲ</span> <span class='ocrx_word' id='word_1_17' title='bbox 2480 487 2666 558; x_wconf 78' lang='grc' dir='ltr'>χρόνον</span> <span class='ocrx_word' id='word_1_18' title='bbox 2733 504 2874 551; x_wconf 72' lang='grc' dir='ltr'>τινα,</span> <span class='ocrx_word' id='word_1_19' title='bbox 2910 484 3010 557; x_wconf 75' lang='grc' dir='ltr'>τὴν</span> <span class='ocrx_word' id='word_1_20' title='bbox 3056 483 3404 554; x_wconf 76' lang='grc' dir='ltr'><strong>ἀναγνώστου</strong></span> <span class='ocrx_word' id='word_1_21' title='bbox 3450 484 3630 551; x_wconf 75' lang='grc' dir='ltr'>τάξιν</span> 
     </span>
    </p>
   </div>
   <div class='ocr_carea' id='block_1_6' title="bbox 360 578 1930 653">
    <p class='ocr_par' dir='ltr' id='par_1_6' title="bbox 360 578 1930 653">
     <span class='ocr_line' id='line_1_6' title="bbox 360 578 1930 653; baseline -0.004 -15"><span class='ocrx_word' id='word_1_22' title='bbox 360 584 596 653; x_wconf 76' lang='lat' dir='ltr'><strong>cepisset</strong></span> <span class='ocrx_word' id='word_1_23' title='bbox 644 580 890 635; x_wconf 82' lang='lat' dir='ltr'><strong>ordinem</strong></span> <span class='ocrx_word' id='word_1_24' title='bbox 942 580 1181 644; x_wconf 80' lang='lat' dir='ltr'><strong>lectoris,</strong></span> <span class='ocrx_word' id='word_1_25' title='bbox 1211 593 1316 633; x_wconf 92' lang='lat' dir='ltr'><strong>non</strong></span> <span class='ocrx_word' id='word_1_26' title='bbox 1371 579 1538 632; x_wconf 85' lang='lat' dir='ltr'><strong>libros</strong></span> <span class='ocrx_word' id='word_1_27' title='bbox 1575 592 1761 633; x_wconf 89' lang='lat' dir='ltr'><strong>sacros</strong></span> <span class='ocrx_word' id='word_1_28' title='bbox 1789 578 1930 648; x_wconf 88' lang='lat' dir='ltr'><strong>lege-</strong></span> 
     </span>
    </p>
   </div>
   <div class='ocr_carea' id='block_1_7' title="bbox 360 670 1929 740">
    <p class='ocr_par' dir='ltr' id='par_1_7' title="bbox 360 670 1929 740">
     <span class='ocr_line' id='line_1_7' title="bbox 360 670 1929 740; baseline -0.004 -12"><span class='ocrx_word' id='word_1_29' title='bbox 360 673 835 738; x_wconf 83' lang='lat' dir='ltr'><strong>batsolummodu,</strong></span> <span class='ocrx_word' id='word_1_30' title='bbox 894 672 989 726; x_wconf 89' lang='lat' dir='ltr'><strong>sed</strong></span> <span class='ocrx_word' id='word_1_31' title='bbox 1041 672 1204 726; x_wconf 88' lang='lat' dir='ltr'><strong>etiam</strong></span> <span class='ocrx_word' id='word_1_32' title='bbox 1254 670 1446 740; x_wconf 91' lang='lat' dir='ltr'><strong>spiritu</strong></span> <span class='ocrx_word' id='word_1_33' title='bbox 1503 670 1783 739; x_wconf 68' lang='lat' dir='ltr'><strong>sapientiae</strong></span> <span class='ocrx_word' id='word_1_34' title='bbox 1833 684 1929 724; x_wconf 85' lang='lat' dir='ltr'><strong>eos</strong></span> 
     </span>
    </p>
   </div>
   <div class='ocr_carea' id='block_1_8' title="bbox 360 762 1930 834">
    <p class='ocr_par' dir='ltr' id='par_1_8' title="bbox 360 762 1930 834">
     <span class='ocr_line' id='line_1_8' title="bbox 360 762 1930 834; baseline -0.001 -17"><span class='ocrx_word' id='word_1_35' title='bbox 360 764 839 834; x_wconf 64' lang='lat' dir='ltr'><strong>interpretabatur,</strong></span> <span class='ocrx_word' id='word_1_36' title='bbox 865 774 921 817; x_wconf 88' lang='lat' dir='ltr'><strong>et</strong></span> <span class='ocrx_word' id='word_1_37' title='bbox 964 779 1153 833; x_wconf 82' lang='lat' dir='ltr'><strong>magna</strong></span> <span class='ocrx_word' id='word_1_38' title='bbox 1189 763 1336 817; x_wconf 89' lang='lat' dir='ltr'><strong>verbi</strong></span> <span class='ocrx_word' id='word_1_39' title='bbox 1391 763 1510 817; x_wconf 86' lang='lat' dir='ltr'><strong>lucc</strong></span> <span class='ocrx_word' id='word_1_40' title='bbox 1540 771 1593 815; x_wconf 90' lang='lat' dir='ltr'><strong>et</strong></span> <span class='ocrx_word' id='word_1_41' title='bbox 1646 762 1789 816; x_wconf 87' lang='lat' dir='ltr'><strong>bono</strong></span> <span class='ocrx_word' id='word_1_42' title='bbox 1816 763 1930 816; x_wconf 89' lang='lat' dir='ltr'><strong>evi-</strong></span> 
     </span>
    </p>
   </div>
   <div class='ocr_carea' id='block_1_9' title="bbox 359 854 1928 923">
    <p class='ocr_par' dir='ltr' id='par_1_9' title="bbox 359 854 1928 923">
     <span class='ocr_line' id='line_1_9' title="bbox 359 854 1928 923; baseline -0.002 -14"><span class='ocrx_word' id='word_1_43' title='bbox 359 856 556 910; x_wconf 63' lang='lat' dir='ltr'><strong>dentia:</strong></span> <span class='ocrx_word' id='word_1_44' title='bbox 599 856 853 910; x_wconf 84' lang='lat' dir='ltr'><strong>utebatur</strong></span> <span class='ocrx_word' id='word_1_45' title='bbox 906 854 962 909; x_wconf 92' lang='lat' dir='ltr'><strong>in</strong></span> <span class='ocrx_word' id='word_1_46' title='bbox 1017 855 1378 923; x_wconf 70' lang='lat' dir='ltr'><strong>expositione.</strong></span> <span class='ocrx_word' id='word_1_47' title='bbox 1430 854 1692 919; x_wconf 85' lang='lat' dir='ltr'><strong>Quamvis</strong></span> <span class='ocrx_word' id='word_1_48' title='bbox 1745 864 1928 907; x_wconf 87' lang='lat' dir='ltr'><strong>autem</strong></span> 
     </span>
    </p>
   </div>
   <div class='ocr_carea' id='block_1_10' title="bbox 359 945 1931 1015">
    <p class='ocr_par' dir='ltr' id='par_1_10' title="bbox 359 945 1931 1015">
     <span class='ocr_line' id='line_1_10' title="bbox 359 945 1931 1015; baseline -0.001 -14"><span class='ocrx_word' id='word_1_49' title='bbox 359 956 506 1001; x_wconf 88' lang='lat' dir='ltr'><strong>tanta</strong></span> <span class='ocrx_word' id='word_1_50' title='bbox 531 954 677 1001; x_wconf 85' lang='lat' dir='ltr'><strong>esset</strong></span> <span class='ocrx_word' id='word_1_51' title='bbox 699 945 868 1015; x_wconf 85' lang='lat' dir='ltr'><strong>gratia</strong></span> <span class='ocrx_word' id='word_1_52' title='bbox 928 946 1208 1015; x_wconf 65' lang='lat' dir='ltr'><strong>praeditus,</strong></span> <span class='ocrx_word' id='word_1_53' title='bbox 1262 954 1315 999; x_wconf 84' lang='lat' dir='ltr'><strong>et</strong></span> <span class='ocrx_word' id='word_1_54' title='bbox 1359 946 1652 999; x_wconf 88' lang='lat' dir='ltr'><strong>universus</strong></span> <span class='ocrx_word' id='word_1_55' title='bbox 1698 945 1931 1014; x_wconf 87' lang='lat' dir='ltr'><strong>populus</strong></span> 
     </span>
    </p>
   </div>
   <div class='ocr_carea' id='block_1_11' title="bbox 358 1026 1931 1106">
    <p class='ocr_par' dir='ltr' id='par_1_11' title="bbox 358 1026 1931 1106">
     <span class='ocr_line' id='line_1_11' title="bbox 358 1026 1931 1106; baseline -0.003 -17"><span class='ocrx_word' id='word_1_56' title='bbox 358 1036 619 1106; x_wconf 87' lang='lat' dir='ltr'><strong>penderet</strong></span> <span class='ocrx_word' id='word_1_57' title='bbox 652 1036 722 1090; x_wconf 86' lang='lat' dir='ltr'><strong>ab</strong></span> <span class='ocrx_word' id='word_1_58' title='bbox 747 1037 866 1104; x_wconf 87' lang='lat' dir='ltr'><strong>ejus</strong></span> <span class='ocrx_word' id='word_1_59' title='bbox 892 1035 1092 1104; x_wconf 85' lang='lat' dir='ltr'><strong>lingua,</strong></span> <span class='ocrx_word' id='word_1_60' title='bbox 1124 1050 1267 1105; x_wconf 70' lang='lat' dir='ltr'><strong>:rgre</strong></span> <span class='ocrx_word' id='word_1_61' title='bbox 1292 1042 1470 1088; x_wconf 90' lang='lat' dir='ltr'><strong>tamen</strong></span> <span class='ocrx_word' id='word_1_62' title='bbox 1507 1034 1688 1088; x_wconf 88' lang='lat' dir='ltr'><strong>ferens</strong></span> <span class='ocrx_word' id='word_1_63' title='bbox 1733 1026 1931 1087; x_wconf 81' lang='lat' dir='ltr'><strong>tumul-</strong></span> 
     </span>
    </p>
   </div>
   <div class='ocr_carea' id='block_1_12' title="bbox 355 1124 1929 1197">
    <p class='ocr_par' dir='ltr' id='par_1_12' title="bbox 355 1124 1929 1197">
     <span class='ocr_line' id='line_1_12' title="bbox 355 1124 1929 1197; baseline -0.003 -14"><span class='ocrx_word' id='word_1_64' title='bbox 355 1135 467 1192; x_wconf 87' lang='lat' dir='ltr'><strong>tus,</strong></span> <span class='ocrx_word' id='word_1_65' title='bbox 498 1132 587 1197; x_wconf 88' lang='lat' dir='ltr'><strong>qui</strong></span> <span class='ocrx_word' id='word_1_66' title='bbox 608 1130 834 1182; x_wconf 84' lang='lat' dir='ltr'><strong>erantin</strong></span> <span class='ocrx_word' id='word_1_67' title='bbox 858 1127 1098 1191; x_wconf 81' lang='lat' dir='ltr'><strong>civitate,</strong></span> <span class='ocrx_word' id='word_1_68' title='bbox 1125 1136 1181 1181; x_wconf 90' lang='lat' dir='ltr'><strong>et</strong></span> <span class='ocrx_word' id='word_1_69' title='bbox 1199 1127 1375 1180; x_wconf 78' lang='lat' dir='ltr'><strong>vitans</strong></span> <span class='ocrx_word' id='word_1_70' title='bbox 1398 1125 1659 1196; x_wconf 83' lang='lat' dir='ltr'><strong>quidquid</strong></span> <span class='ocrx_word' id='word_1_71' title='bbox 1689 1125 1821 1180; x_wconf 82' lang='lat' dir='ltr'><strong>facit</strong></span> <span class='ocrx_word' id='word_1_72' title='bbox 1861 1124 1929 1179; x_wconf 91' lang='lat' dir='ltr'><strong>ad</strong></span> 
     </span>
    </p>
   </div>
   <div class='ocr_carea' id='block_1_13' title="bbox 355 1218 1930 1289">
    <p class='ocr_par' dir='ltr' id='par_1_13' title="bbox 355 1218 1930 1289">
     <span class='ocr_line' id='line_1_13' title="bbox 355 1218 1930 1289; baseline -0.002 -13"><span class='ocrx_word' id='word_1_73' title='bbox 355 1221 797 1286; x_wconf 88' lang='lat' dir='ltr'><strong>ostentationem,</strong></span> <span class='ocrx_word' id='word_1_74' title='bbox 822 1220 1023 1289; x_wconf 83' lang='lat' dir='ltr'><strong>utquid</strong></span> <span class='ocrx_word' id='word_1_75' title='bbox 1047 1229 1327 1274; x_wconf 85' lang='lat' dir='ltr'><strong>arceretur</strong></span> <span class='ocrx_word' id='word_1_76' title='bbox 1373 1234 1404 1273; x_wconf 90' lang='lat' dir='ltr'><strong>a</strong></span> <span class='ocrx_word' id='word_1_77' title='bbox 1438 1218 1732 1279; x_wconf 90' lang='lat' dir='ltr'><strong>desiderio,</strong></span> <span class='ocrx_word' id='word_1_78' title='bbox 1783 1218 1930 1288; x_wconf 88' lang='lat' dir='ltr'><strong>quod</strong></span> 
     </span>
    </p>
   </div>
   <div class='ocr_carea' id='block_1_14' title="bbox 356 1308 1929 1382">
    <p class='ocr_par' dir='ltr' id='par_1_14' title="bbox 356 1308 1929 1382">
     <span class='ocr_line' id='line_1_14' title="bbox 356 1308 1929 1382; baseline 0 -17"><span class='ocrx_word' id='word_1_79' title='bbox 356 1311 424 1367; x_wconf 90' lang='lat' dir='ltr'><strong>ab</strong></span> <span class='ocrx_word' id='word_1_80' title='bbox 448 1312 607 1366; x_wconf 90' lang='lat' dir='ltr'><strong>initio</strong></span> <span class='ocrx_word' id='word_1_81' title='bbox 633 1312 818 1366; x_wconf 87' lang='lat' dir='ltr'><strong>animo</strong></span> <span class='ocrx_word' id='word_1_82' title='bbox 846 1310 1213 1382; x_wconf 87' lang='lat' dir='ltr'><strong>concipiebat,</strong></span> <span class='ocrx_word' id='word_1_83' title='bbox 1246 1311 1391 1382; x_wconf 90' lang='lat' dir='ltr'><strong>quod</strong></span> <span class='ocrx_word' id='word_1_84' title='bbox 1422 1319 1543 1366; x_wconf 89' lang='lat' dir='ltr'><strong>erat</strong></span> <span class='ocrx_word' id='word_1_85' title='bbox 1574 1312 1676 1366; x_wconf 91' lang='lat' dir='ltr'><strong>sub</strong></span> <span class='ocrx_word' id='word_1_86' title='bbox 1710 1308 1821 1365; x_wconf 90' lang='lat' dir='ltr'><strong>Deo</strong></span> <span class='ocrx_word' id='word_1_87' title='bbox 1844 1309 1929 1365; x_wconf 81' lang='lat' dir='ltr'><strong>vi-</strong></span> 
     </span>
    </p>
   </div>
   <div class='ocr_carea' id='block_1_15' title="bbox 353 1401 1925 1467">
    <p class='ocr_par' dir='ltr' id='par_1_15' title="bbox 353 1401 1925 1467">
     <span class='ocr_line' id='line_1_15' title="bbox 353 1401 1925 1467; baseline -0.002 -9"><span class='ocrx_word' id='word_1_88' title='bbox 353 1412 564 1465; x_wconf 85' lang='lat' dir='ltr'><strong>vere,et</strong></span> <span class='ocrx_word' id='word_1_89' title='bbox 592 1403 643 1458; x_wconf 89' lang='lat' dir='ltr'><strong>ei</strong></span> <span class='ocrx_word' id='word_1_90' title='bbox 673 1404 771 1459; x_wconf 90' lang='lat' dir='ltr'><strong>soli</strong></span> <span class='ocrx_word' id='word_1_91' title='bbox 802 1403 921 1458; x_wconf 86' lang='lat' dir='ltr'><strong>fieri</strong></span> <span class='ocrx_word' id='word_1_92' title='bbox 944 1403 1315 1466; x_wconf 88' lang='lat' dir='ltr'><strong>manifestum,</strong></span> <span class='ocrx_word' id='word_1_93' title='bbox 1337 1402 1553 1458; x_wconf 85' lang='lat' dir='ltr'><strong>tristitia</strong></span> <span class='ocrx_word' id='word_1_94' title='bbox 1572 1401 1925 1467; x_wconf 74' lang='lat' dir='ltr'><strong>adiciebatur,</strong></span> 
     </span>
    </p>
   </div>
   <div class='ocr_carea' id='block_1_16' title="bbox 354 1494 1928 1567">
    <p class='ocr_par' dir='ltr' id='par_1_16' title="bbox 354 1494 1928 1567">
     <span class='ocr_line' id='line_1_16' title="bbox 354 1494 1928 1567; baseline -0.001 -17"><span class='ocrx_word' id='word_1_95' title='bbox 354 1498 677 1567; x_wconf 84' lang='lat' dir='ltr'><strong>angebatur,</strong></span> <span class='ocrx_word' id='word_1_96' title='bbox 721 1496 903 1551; x_wconf 87' lang='lat' dir='ltr'><strong>animo</strong></span> <span class='ocrx_word' id='word_1_97' title='bbox 947 1495 1161 1566; x_wconf 88' lang='lat' dir='ltr'><strong>plurimi</strong></span> <span class='ocrx_word' id='word_1_98' title='bbox 1207 1495 1439 1551; x_wconf 79' lang='lat' dir='ltr'><strong>faciebat</strong></span> <span class='ocrx_word' id='word_1_99' title='bbox 1480 1494 1848 1559; x_wconf 87' lang='lat' dir='ltr'><strong>solitudinem,</strong></span> <span class='ocrx_word' id='word_1_100' title='bbox 1873 1503 1928 1549; x_wconf 90' lang='lat' dir='ltr'><strong>et</strong></span> 
     </span>
    </p>
   </div>
   <div class='ocr_carea' id='block_1_17' title="bbox 356 1588 1926 1660">
    <p class='ocr_par' dir='ltr' id='par_1_17' title="bbox 356 1588 1926 1660">
     <span class='ocr_line' id='line_1_17' title="bbox 356 1588 1926 1660; baseline -0.001 -17"><span class='ocrx_word' id='word_1_101' title='bbox 356 1598 608 1660; x_wconf 83' lang='lat' dir='ltr'><strong>tanquam</strong></span> <span class='ocrx_word' id='word_1_102' title='bbox 655 1589 766 1645; x_wconf 90' lang='lat' dir='ltr'><strong>illic</strong></span> <span class='ocrx_word' id='word_1_103' title='bbox 813 1589 1138 1644; x_wconf 87' lang='lat' dir='ltr'><strong>absconsum</strong></span> <span class='ocrx_word' id='word_1_104' title='bbox 1201 1588 1523 1643; x_wconf 85' lang='lat' dir='ltr'><strong>inventurus</strong></span> <span class='ocrx_word' id='word_1_105' title='bbox 1589 1588 1926 1653; x_wconf 84' lang='lat' dir='ltr'><strong>thesaurum,</strong></span> 
     </span>
    </p>
   </div>
   <div class='ocr_carea' id='block_1_18' title="bbox 353 1678 1927 1751">
    <p class='ocr_par' dir='ltr' id='par_1_18' title="bbox 353 1678 1927 1751">
     <span class='ocr_line' id='line_1_18' title="bbox 353 1678 1927 1751; baseline -0.002 -15"><span class='ocrx_word' id='word_1_106' title='bbox 353 1682 420 1736; x_wconf 90' lang='lat' dir='ltr'><strong>ad</strong></span> <span class='ocrx_word' id='word_1_107' title='bbox 456 1698 573 1736; x_wconf 90' lang='lat' dir='ltr'><strong>eam</strong></span> <span class='ocrx_word' id='word_1_108' title='bbox 595 1682 902 1737; x_wconf 75' lang='lat' dir='ltr'><strong>festinabat.</strong></span> <span class='ocrx_word' id='word_1_109' title='bbox 937 1681 1072 1735; x_wconf 89' lang='lat' dir='ltr'><strong>Cum</strong></span> <span class='ocrx_word' id='word_1_110' title='bbox 1097 1678 1202 1736; x_wconf 89' lang='lat' dir='ltr'><strong>hoc</strong></span> <span class='ocrx_word' id='word_1_111' title='bbox 1263 1695 1392 1751; x_wconf 84' lang='lat' dir='ltr'><strong>ergo</strong></span> <span class='ocrx_word' id='word_1_112' title='bbox 1446 1681 1630 1735; x_wconf 88' lang='lat' dir='ltr'><strong>animo</strong></span> <span class='ocrx_word' id='word_1_113' title='bbox 1665 1686 1927 1744; x_wconf 82' lang='lat' dir='ltr'><strong>versaret,</strong></span> 
     </span>
    </p>
   </div>
   <div class='ocr_carea' id='block_1_19' title="bbox 352 1770 1928 1844">
    <p class='ocr_par' dir='ltr' id='par_1_19' title="bbox 352 1770 1928 1844">
     <span class='ocr_line' id='line_1_19' title="bbox 352 1770 1928 1844; baseline -0.003 -16"><span class='ocrx_word' id='word_1_114' title='bbox 352 1782 660 1844; x_wconf 89' lang='lat' dir='ltr'><strong>opportuno</strong></span> <span class='ocrx_word' id='word_1_115' title='bbox 692 1780 937 1842; x_wconf 88' lang='lat' dir='ltr'><strong>tempore</strong></span> <span class='ocrx_word' id='word_1_116' title='bbox 972 1773 1284 1839; x_wconf 87' lang='lat' dir='ltr'><strong>observato,</strong></span> <span class='ocrx_word' id='word_1_117' title='bbox 1308 1772 1509 1843; x_wconf 89' lang='lat' dir='ltr'><strong>jubens</strong></span> <span class='ocrx_word' id='word_1_118' title='bbox 1538 1787 1729 1827; x_wconf 89' lang='lat' dir='ltr'><strong>omnes</strong></span> <span class='ocrx_word' id='word_1_119' title='bbox 1745 1770 1928 1826; x_wconf 87' lang='lat' dir='ltr'><strong>valere</strong></span> 
     </span>
    </p>
   </div>
   <div class='ocr_carea' id='block_1_20' title="bbox 353 1865 1926 1937">
    <p class='ocr_par' dir='ltr' id='par_1_20' title="bbox 353 1865 1926 1937">
     <span class='ocr_line' id='line_1_20' title="bbox 353 1865 1926 1937; baseline 0.001 -18"><span class='ocrx_word' id='word_1_120' title='bbox 353 1874 637 1936; x_wconf 87' lang='lat' dir='ltr'><strong>cognatos,</strong></span> <span class='ocrx_word' id='word_1_121' title='bbox 711 1865 940 1931; x_wconf 88' lang='lat' dir='ltr'><strong>amicos,</strong></span> <span class='ocrx_word' id='word_1_122' title='bbox 1008 1865 1324 1929; x_wconf 82' lang='lat' dir='ltr'><strong>familiares,</strong></span> <span class='ocrx_word' id='word_1_123' title='bbox 1419 1866 1643 1937; x_wconf 87' lang='lat' dir='ltr'><strong>plausus</strong></span> <span class='ocrx_word' id='word_1_124' title='bbox 1717 1865 1926 1928; x_wconf 84' lang='lat' dir='ltr'><strong>civiles,</strong></span> 
     </span>
    </p>
   </div>
   <div class='ocr_carea' id='block_1_21' title="bbox 352 1954 1930 2025">
    <p class='ocr_par' dir='ltr' id='par_1_21' title="bbox 352 1954 1930 2025">
     <span class='ocr_line' id='line_1_21' title="bbox 352 1954 1930 2025; baseline 0.002 -16"><span class='ocrx_word' id='word_1_125' title='bbox 352 1956 769 2021; x_wconf 87' lang='lat' dir='ltr'><strong>ostentationes,</strong></span> <span class='ocrx_word' id='word_1_126' title='bbox 807 1955 942 2025; x_wconf 90' lang='lat' dir='ltr'><strong>quin</strong></span> <span class='ocrx_word' id='word_1_127' title='bbox 979 1954 1143 2010; x_wconf 86' lang='lat' dir='ltr'><strong>etiam</strong></span> <span class='ocrx_word' id='word_1_128' title='bbox 1183 1970 1394 2021; x_wconf 90' lang='lat' dir='ltr'><strong>eorum,</strong></span> <span class='ocrx_word' id='word_1_129' title='bbox 1424 1957 1621 2025; x_wconf 90' lang='lat' dir='ltr'><strong>quibus</strong></span> <span class='ocrx_word' id='word_1_130' title='bbox 1651 1956 1812 2011; x_wconf 83' lang='lat' dir='ltr'><strong>[iebat</strong></span> <span class='ocrx_word' id='word_1_131' title='bbox 1841 1958 1930 2012; x_wconf 89' lang='lat' dir='ltr'><strong>in-</strong></span> 
     </span>
    </p>
   </div>
   <div class='ocr_carea' id='block_1_22' title="bbox 346 2044 1931 2119">
    <p class='ocr_par' dir='ltr' id='par_1_22' title="bbox 346 2044 1931 2119">
     <span class='ocr_line' id='line_1_22' title="bbox 346 2044 1931 2119; baseline 0.003 -21"><span class='ocrx_word' id='word_1_132' title='bbox 346 2044 512 2114; x_wconf 82' lang='lat' dir='ltr'><strong>juria,</strong></span> <span class='ocrx_word' id='word_1_133' title='bbox 545 2045 897 2101; x_wconf 78' lang='lat' dir='ltr'><strong>defensiones</strong></span> <span class='ocrx_word' id='word_1_134' title='bbox 929 2055 1023 2101; x_wconf 90' lang='lat' dir='ltr'><strong>:et</strong></span> <span class='ocrx_word' id='word_1_135' title='bbox 1044 2062 1146 2101; x_wconf 91' lang='lat' dir='ltr'><strong>nec</strong></span> <span class='ocrx_word' id='word_1_136' title='bbox 1169 2046 1489 2102; x_wconf 78' lang='lat' dir='ltr'><strong>viduitatem</strong></span> <span class='ocrx_word' id='word_1_137' title='bbox 1541 2047 1727 2102; x_wconf 86' lang='lat' dir='ltr'><strong>matris</strong></span> <span class='ocrx_word' id='word_1_138' title='bbox 1782 2048 1931 2119; x_wconf 81' lang='lat' dir='ltr'><strong>ergi-</strong></span> 
     </span>
    </p>
   </div>
   <div class='ocr_carea' id='block_1_23' title="bbox 351 2138 1929 2209">
    <p class='ocr_par' dir='ltr' id='par_1_23' title="bbox 351 2138 1929 2209">
     <span class='ocr_line' id='line_1_23' title="bbox 351 2138 1929 2209; baseline 0.003 -19"><span class='ocrx_word' id='word_1_139' title='bbox 351 2145 495 2200; x_wconf 89' lang='lat' dir='ltr'><strong>tans,</strong></span> <span class='ocrx_word' id='word_1_140' title='bbox 549 2150 653 2189; x_wconf 89' lang='lat' dir='ltr'><strong>nec</strong></span> <span class='ocrx_word' id='word_1_141' title='bbox 700 2138 904 2191; x_wconf 90' lang='lat' dir='ltr'><strong>sororis</strong></span> <span class='ocrx_word' id='word_1_142' title='bbox 950 2151 1136 2191; x_wconf 90' lang='lat' dir='ltr'><strong>curam</strong></span> <span class='ocrx_word' id='word_1_143' title='bbox 1179 2147 1456 2207; x_wconf 83' lang='lat' dir='ltr'><strong>reputans.</strong></span> <span class='ocrx_word' id='word_1_144' title='bbox 1525 2154 1645 2208; x_wconf 80' lang='lat' dir='ltr'><strong>quae</strong></span> <span class='ocrx_word' id='word_1_145' title='bbox 1701 2140 1929 2209; x_wconf 75' lang='lat' dir='ltr'><strong>juvenili</strong></span> 
     </span>
    </p>
   </div>
   <div class='ocr_carea' id='block_1_24' title="bbox 350 2229 1928 2302">
    <p class='ocr_par' dir='ltr' id='par_1_24' title="bbox 350 2229 1928 2302">
     <span class='ocr_line' id='line_1_24' title="bbox 350 2229 1928 2302; baseline 0.004 -19"><span class='ocrx_word' id='word_1_146' title='bbox 350 2243 578 2298; x_wconf 86' lang='lat' dir='ltr'><strong>corpore</strong></span> <span class='ocrx_word' id='word_1_147' title='bbox 604 2229 843 2283; x_wconf 87' lang='lat' dir='ltr'><strong>subierat</strong></span> <span class='ocrx_word' id='word_1_148' title='bbox 874 2230 1062 2301; x_wconf 84' lang='lat' dir='ltr'><strong>jugum</strong></span> <span class='ocrx_word' id='word_1_149' title='bbox 1091 2230 1436 2302; x_wconf 76' lang='lat' dir='ltr'><strong>virginitatis,</strong></span> <span class='ocrx_word' id='word_1_150' title='bbox 1467 2248 1711 2302; x_wconf 85' lang='lat' dir='ltr'><strong>opusque</strong></span> <span class='ocrx_word' id='word_1_151' title='bbox 1759 2233 1928 2289; x_wconf 79' lang='lat' dir='ltr'><strong>liabe-</strong></span> 
     </span>
    </p>
   </div>
   <div class='ocr_carea' id='block_1_25' title="bbox 351 2320 1928 2395">
    <p class='ocr_par' dir='ltr' id='par_1_25' title="bbox 351 2320 1928 2395">
     <span class='ocr_line' id='line_1_25' title="bbox 351 2320 1928 2395; baseline 0.003 -20"><span class='ocrx_word' id='word_1_152' title='bbox 351 2321 462 2383; x_wconf 90' lang='lat' dir='ltr'><strong>bat,</strong></span> <span class='ocrx_word' id='word_1_153' title='bbox 492 2320 611 2375; x_wconf 90' lang='lat' dir='ltr'><strong>utei</strong></span> <span class='ocrx_word' id='word_1_154' title='bbox 651 2321 941 2392; x_wconf 84' lang='lat' dir='ltr'><strong>diligenter</strong></span> <span class='ocrx_word' id='word_1_155' title='bbox 955 2323 1339 2391; x_wconf 88' lang='lat' dir='ltr'><strong>provideretur</strong></span> <span class='ocrx_word' id='word_1_156' title='bbox 1368 2333 1569 2394; x_wconf 86' lang='lat' dir='ltr'><strong>:atque</strong></span> <span class='ocrx_word' id='word_1_157' title='bbox 1595 2324 1731 2379; x_wconf 89' lang='lat' dir='ltr'><strong>adeo</strong></span> <span class='ocrx_word' id='word_1_158' title='bbox 1755 2326 1928 2395; x_wconf 85' lang='lat' dir='ltr'><strong>ipsam</strong></span> 
     </span>
    </p>
   </div>
   <div class='ocr_carea' id='block_1_26' title="bbox 349 2414 1931 2485">
    <p class='ocr_par' dir='ltr' id='par_1_26' title="bbox 349 2414 1931 2485">
     <span class='ocr_line' id='line_1_26' title="bbox 349 2414 1931 2485; baseline 0.004 -17"><span class='ocrx_word' id='word_1_159' title='bbox 349 2427 564 2484; x_wconf 89' lang='lat' dir='ltr'><strong>quoque</strong></span> <span class='ocrx_word' id='word_1_160' title='bbox 585 2414 804 2482; x_wconf 87' lang='lat' dir='ltr'><strong>domum</strong></span> <span class='ocrx_word' id='word_1_161' title='bbox 824 2429 1013 2485; x_wconf 86' lang='lat' dir='ltr'><strong>parum</strong></span> <span class='ocrx_word' id='word_1_162' title='bbox 1032 2431 1252 2483; x_wconf 90' lang='lat' dir='ltr'><strong>curans,</strong></span> <span class='ocrx_word' id='word_1_163' title='bbox 1272 2417 1454 2473; x_wconf 82' lang='lat' dir='ltr'><strong>relicta</strong></span> <span class='ocrx_word' id='word_1_164' title='bbox 1473 2416 1712 2485; x_wconf 88' lang='lat' dir='ltr'><strong>civitate,</strong></span> <span class='ocrx_word' id='word_1_165' title='bbox 1731 2418 1931 2474; x_wconf 89' lang='lat' dir='ltr'><strong>relictis</strong></span> 
     </span>
    </p>
   </div>
   <div class='ocr_carea' id='block_1_27' title="bbox 349 2506 1929 2581">
    <p class='ocr_par' dir='ltr' id='par_1_27' title="bbox 349 2506 1929 2581">
     <span class='ocr_line' id='line_1_27' title="bbox 349 2506 1929 2581; baseline 0.003 -22"><span class='ocrx_word' id='word_1_166' title='bbox 349 2506 624 2571; x_wconf 90' lang='lat' dir='ltr'><strong>omnibus,</strong></span> <span class='ocrx_word' id='word_1_167' title='bbox 671 2516 785 2562; x_wconf 88' lang='lat' dir='ltr'><strong>toto</strong></span> <span class='ocrx_word' id='word_1_168' title='bbox 815 2510 954 2578; x_wconf 89' lang='lat' dir='ltr'><strong>pede</strong></span> <span class='ocrx_word' id='word_1_169' title='bbox 997 2509 1063 2564; x_wconf 86' lang='lat' dir='ltr'><strong>ad</strong></span> <span class='ocrx_word' id='word_1_170' title='bbox 1096 2509 1259 2564; x_wconf 89' lang='lat' dir='ltr'><strong>vitam</strong></span> <span class='ocrx_word' id='word_1_171' title='bbox 1316 2509 1551 2578; x_wconf 90' lang='lat' dir='ltr'><strong>quietam</strong></span> <span class='ocrx_word' id='word_1_172' title='bbox 1625 2509 1929 2581; x_wconf 81' lang='lat' dir='ltr'><strong>transfugit.</strong></span> 
     </span>
    </p>
   </div>
   <div class='ocr_carea' id='block_1_28' title="bbox 422 2596 1931 2671">
    <p class='ocr_par' dir='ltr' id='par_1_28' title="bbox 422 2596 1931 2671">
     <span class='ocr_line' id='line_1_28' title="bbox 422 2596 1931 2671; baseline 0.006 -22"><span class='ocrx_word' id='word_1_173' title='bbox 422 2596 631 2653; x_wconf 89' lang='lat' dir='ltr'><strong>Deinde</strong></span> <span class='ocrx_word' id='word_1_174' title='bbox 661 2615 784 2654; x_wconf 91' lang='lat' dir='ltr'><strong>cum</strong></span> <span class='ocrx_word' id='word_1_175' title='bbox 812 2609 960 2655; x_wconf 88' lang='lat' dir='ltr'><strong>esset</strong></span> <span class='ocrx_word' id='word_1_176' title='bbox 983 2608 1115 2656; x_wconf 59' lang='lat' dir='ltr'><strong>aetas</strong></span> <span class='ocrx_word' id='word_1_177' title='bbox 1146 2601 1324 2655; x_wconf 89' lang='lat' dir='ltr'><strong>adhuc</strong></span> <span class='ocrx_word' id='word_1_178' title='bbox 1344 2600 1622 2671; x_wconf 82' lang='lat' dir='ltr'><strong>juvenilis,</strong></span> <span class='ocrx_word' id='word_1_179' title='bbox 1655 2603 1756 2657; x_wconf 87' lang='lat' dir='ltr'><strong>etsi</strong></span> <span class='ocrx_word' id='word_1_180' title='bbox 1786 2613 1931 2659; x_wconf 88' lang='lat' dir='ltr'><strong>esset</strong></span> 
     </span>
    </p>
   </div>
   <div class='ocr_carea' id='block_1_29' title="bbox 350 2689 1926 2761">
    <p class='ocr_par' dir='ltr' id='par_1_29' title="bbox 350 2689 1926 2761">
     <span class='ocr_line' id='line_1_29' title="bbox 350 2689 1926 2761; baseline 0.002 -16"><span class='ocrx_word' id='word_1_181' title='bbox 350 2689 399 2745; x_wconf 89' lang='lat' dir='ltr'><strong>ei</strong></span> <span class='ocrx_word' id='word_1_182' title='bbox 428 2705 627 2760; x_wconf 89' lang='lat' dir='ltr'><strong>corpus</strong></span> <span class='ocrx_word' id='word_1_183' title='bbox 669 2701 855 2747; x_wconf 87' lang='lat' dir='ltr'><strong>natura</strong></span> <span class='ocrx_word' id='word_1_184' title='bbox 878 2696 1020 2749; x_wconf 86' lang='lat' dir='ltr'><strong>male</strong></span> <span class='ocrx_word' id='word_1_185' title='bbox 1077 2693 1330 2748; x_wconf 76' lang='lat' dir='ltr'><strong>affectum</strong></span> <span class='ocrx_word' id='word_1_186' title='bbox 1364 2703 1420 2748; x_wconf 91' lang='lat' dir='ltr'><strong>et</strong></span> <span class='ocrx_word' id='word_1_187' title='bbox 1453 2693 1926 2761; x_wconf 83' lang='lat' dir='ltr'><strong>valetudinarium,</strong></span> 
     </span>
    </p>
   </div>
   <div class='ocr_carea' id='block_1_30' title="bbox 350 2784 1930 2855">
    <p class='ocr_par' dir='ltr' id='par_1_30' title="bbox 350 2784 1930 2855">
     <span class='ocr_line' id='line_1_30' title="bbox 350 2784 1930 2855; baseline 0.003 -20"><span class='ocrx_word' id='word_1_188' title='bbox 350 2796 407 2835; x_wconf 89' lang='lat' dir='ltr'><strong>se</strong></span> <span class='ocrx_word' id='word_1_189' title='bbox 439 2784 599 2837; x_wconf 87' lang='lat' dir='ltr'><strong>tradit</strong></span> <span class='ocrx_word' id='word_1_190' title='bbox 629 2784 1001 2850; x_wconf 85' lang='lat' dir='ltr'><strong>monasteriis,</strong></span> <span class='ocrx_word' id='word_1_191' title='bbox 1024 2785 1077 2838; x_wconf 93' lang='lat' dir='ltr'><strong>in</strong></span> <span class='ocrx_word' id='word_1_192' title='bbox 1118 2785 1320 2854; x_wconf 86' lang='lat' dir='ltr'><strong>quibus</strong></span> <span class='ocrx_word' id='word_1_193' title='bbox 1368 2786 1479 2840; x_wconf 87' lang='lat' dir='ltr'><strong>vita</strong></span> <span class='ocrx_word' id='word_1_194' title='bbox 1535 2784 1795 2855; x_wconf 84' lang='lat' dir='ltr'><strong>agebatur</strong></span> <span class='ocrx_word' id='word_1_195' title='bbox 1840 2799 1930 2840; x_wconf 83' lang='lat' dir='ltr'><strong>ac-</strong></span> 
     </span>
    </p>
   </div>
   <div class='ocr_carea' id='block_1_31' title="bbox 348 2875 1927 2944">
    <p class='ocr_par' dir='ltr' id='par_1_31' title="bbox 348 2875 1927 2944">
     <span class='ocr_line' id='line_1_31' title="bbox 348 2875 1927 2944; baseline 0.001 -16"><span class='ocrx_word' id='word_1_196' title='bbox 348 2875 587 2928; x_wconf 88' lang='lat' dir='ltr'><strong>curatior</strong></span> <span class='ocrx_word' id='word_1_197' title='bbox 616 2884 671 2929; x_wconf 89' lang='lat' dir='ltr'><strong>et</strong></span> <span class='ocrx_word' id='word_1_198' title='bbox 695 2876 959 2944; x_wconf 89' lang='lat' dir='ltr'><strong>asperior,</strong></span> <span class='ocrx_word' id='word_1_199' title='bbox 988 2892 1150 2944; x_wconf 89' lang='lat' dir='ltr'><strong>quam</strong></span> <span class='ocrx_word' id='word_1_200' title='bbox 1184 2876 1236 2929; x_wconf 90' lang='lat' dir='ltr'><strong>in</strong></span> <span class='ocrx_word' id='word_1_201' title='bbox 1261 2875 1382 2929; x_wconf 80' lang='lat' dir='ltr'><strong>aliis</strong></span> <span class='ocrx_word' id='word_1_202' title='bbox 1417 2892 1429 2927; x_wconf 88' lang='lat'><strong>:</strong></span> <span class='ocrx_word' id='word_1_203' title='bbox 1497 2886 1549 2930; x_wconf 86' lang='lat' dir='ltr'><strong>et</strong></span> <span class='ocrx_word' id='word_1_204' title='bbox 1606 2892 1729 2930; x_wconf 92' lang='lat' dir='ltr'><strong>cum</strong></span> <span class='ocrx_word' id='word_1_205' title='bbox 1759 2884 1927 2930; x_wconf 88' lang='lat' dir='ltr'><strong>totam</strong></span> 
     </span>
    </p>
   </div>
   <div class='ocr_carea' id='block_1_32' title="bbox 348 2968 1928 3037">
    <p class='ocr_par' dir='ltr' id='par_1_32' title="bbox 348 2968 1928 3037">
     <span class='ocr_line' id='line_1_32' title="bbox 348 2968 1928 3037; baseline 0.005 -21"><span class='ocrx_word' id='word_1_206' title='bbox 348 2974 555 3020; x_wconf 88' lang='lat' dir='ltr'><strong>vestem</strong></span> <span class='ocrx_word' id='word_1_207' title='bbox 581 2968 825 3021; x_wconf 86' lang='lat' dir='ltr'><strong>exuisset</strong></span> <span class='ocrx_word' id='word_1_208' title='bbox 856 2983 979 3022; x_wconf 91' lang='lat' dir='ltr'><strong>cum</strong></span> <span class='ocrx_word' id='word_1_209' title='bbox 1005 2968 1272 3037; x_wconf 89' lang='lat' dir='ltr'><strong>sapientia</strong></span> <span class='ocrx_word' id='word_1_210' title='bbox 1306 2970 1507 3033; x_wconf 89' lang='lat' dir='ltr'><strong>carnis,</strong></span> <span class='ocrx_word' id='word_1_211' title='bbox 1541 2977 1632 3022; x_wconf 90' lang='lat' dir='ltr'><strong>aut</strong></span> <span class='ocrx_word' id='word_1_212' title='bbox 1660 2976 1720 3022; x_wconf 92' lang='lat' dir='ltr'><strong>ut</strong></span> <span class='ocrx_word' id='word_1_213' title='bbox 1746 2969 1928 3024; x_wconf 86' lang='lat' dir='ltr'><strong>verius</strong></span> 
     </span>
    </p>
   </div>
   <div class='ocr_carea' id='block_1_33' title="bbox 350 3058 1927 3130">
    <p class='ocr_par' dir='ltr' id='par_1_33' title="bbox 350 3058 1927 3130">
     <span class='ocr_line' id='line_1_33' title="bbox 350 3058 1927 3130; baseline 0.003 -16"><span class='ocrx_word' id='word_1_214' title='bbox 350 3058 550 3124; x_wconf 89' lang='lat' dir='ltr'><strong>dicam,</strong></span> <span class='ocrx_word' id='word_1_215' title='bbox 604 3060 748 3114; x_wconf 88' lang='lat' dir='ltr'><strong>illam</strong></span> <span class='ocrx_word' id='word_1_216' title='bbox 806 3060 959 3130; x_wconf 90' lang='lat' dir='ltr'><strong>prius</strong></span> <span class='ocrx_word' id='word_1_217' title='bbox 1006 3061 1268 3125; x_wconf 82' lang='lat' dir='ltr'><strong>exuisset,</strong></span> <span class='ocrx_word' id='word_1_218' title='bbox 1313 3061 1491 3116; x_wconf 91' lang='lat' dir='ltr'><strong>induit</strong></span> <span class='ocrx_word' id='word_1_219' title='bbox 1545 3062 1806 3117; x_wconf 88' lang='lat' dir='ltr'><strong>amictum</strong></span> <span class='ocrx_word' id='word_1_220' title='bbox 1861 3078 1927 3118; x_wconf 82' lang='lat' dir='ltr'><strong>ex</strong></span> 
     </span>
    </p>
   </div>
   <div class='ocr_carea' id='block_1_34' title="bbox 2033 575 3627 648">
    <p class='ocr_par' dir='ltr' id='par_1_34' title="bbox 2033 575 3627 648">
     <span class='ocr_line' id='line_1_34' title="bbox 2033 575 3627 648; baseline -0.001 -17"><span class='ocrx_word' id='word_1_221' title='bbox 2033 578 2494 647; x_wconf 73' lang='grc' dir='ltr'>καταδεξάμενος,</span> <span class='ocrx_word' id='word_1_222' title='bbox 2548 580 2610 632; x_wconf 76' lang='grc' dir='ltr'>οὐ</span> <span class='ocrx_word' id='word_1_223' title='bbox 2639 579 2797 648; x_wconf 83' lang='grc' dir='ltr'>μόνον</span> <span class='ocrx_word' id='word_1_224' title='bbox 2834 579 3018 642; x_wconf 78' lang='grc' dir='ltr'>ἁπλῶς</span> <span class='ocrx_word' id='word_1_225' title='bbox 3080 576 3295 647; x_wconf 73' lang='grc' dir='ltr'>ὑπῆρχε</span> <span class='ocrx_word' id='word_1_226' title='bbox 3322 575 3425 640; x_wconf 81' lang='grc' dir='ltr'>τὰς</span> <span class='ocrx_word' id='word_1_227' title='bbox 3455 577 3627 648; x_wconf 79' lang='grc' dir='ltr'>ἱερὰς</span> 
     </span>
    </p>
   </div>
   <div class='ocr_carea' id='block_1_35' title="bbox 2036 668 3626 742">
    <p class='ocr_par' dir='ltr' id='par_1_35' title="bbox 2036 668 3626 742">
     <span class='ocr_line' id='line_1_35' title="bbox 2036 668 3626 742; baseline 0 -19"><span class='ocrx_word' id='word_1_228' title='bbox 2036 671 2507 737; x_wconf 78' lang='grc' dir='ltr'>ύπαναγινώσκων</span> <span class='ocrx_word' id='word_1_229' title='bbox 2540 671 2781 742; x_wconf 75' lang='grc' dir='ltr'>βίϐλους,</span> <span class='ocrx_word' id='word_1_230' title='bbox 2815 671 2950 725; x_wconf 78' lang='grc' dir='ltr'>ἀλλὰ</span> <span class='ocrx_word' id='word_1_231' title='bbox 2974 670 3067 725; x_wconf 77' lang='grc' dir='ltr'>καὶ</span> <span class='ocrx_word' id='word_1_232' title='bbox 3108 668 3385 741; x_wconf 86' lang='grc' dir='ltr'>πνεύματι</span> <span class='ocrx_word' id='word_1_233' title='bbox 3410 668 3626 738; x_wconf 81' lang='grc' dir='ltr'>σοφίας</span> 
     </span>
    </p>
   </div>
   <div class='ocr_carea' id='block_1_36' title="bbox 2035 760 3625 832">
    <p class='ocr_par' dir='ltr' id='par_1_36' title="bbox 2035 760 3625 832">
     <span class='ocr_line' id='line_1_36' title="bbox 2035 760 3625 832; baseline 0 -18"><span class='ocrx_word' id='word_1_234' title='bbox 2035 761 2108 814; x_wconf 80' lang='grc' dir='ltr'><strong>διε</strong></span> <span class='ocrx_word' id='word_1_235' title='bbox 2121 762 2404 832; x_wconf 76' lang='grc' dir='ltr'>ρμηνεύων</span> <span class='ocrx_word' id='word_1_236' title='bbox 2463 763 2655 828; x_wconf 75' lang='grc' dir='ltr'>αὑτὰς,</span> <span class='ocrx_word' id='word_1_237' title='bbox 2716 762 2808 814; x_wconf 70' lang='grc' dir='ltr'>καὶ</span> <span class='ocrx_word' id='word_1_238' title='bbox 2841 762 3018 832; x_wconf 83' lang='grc' dir='ltr'>πολλῷ</span> <span class='ocrx_word' id='word_1_239' title='bbox 3049 760 3127 832; x_wconf 80' lang='grc' dir='ltr'>τῷ</span> <span class='ocrx_word' id='word_1_240' title='bbox 3156 762 3298 830; x_wconf 75' lang='grc' dir='ltr'>φωτὶ</span> <span class='ocrx_word' id='word_1_241' title='bbox 3328 760 3425 817; x_wconf 85' lang='grc' dir='ltr'><strong>τοῦ</strong></span> <span class='ocrx_word' id='word_1_242' title='bbox 3445 762 3625 829; x_wconf 81' lang='grc' dir='ltr'>λόγου</span> 
     </span>
    </p>
   </div>
   <div class='ocr_carea' id='block_1_37' title="bbox 2035 851 3630 926">
    <p class='ocr_par' dir='ltr' id='par_1_37' title="bbox 2035 851 3630 926">
     <span class='ocr_line' id='line_1_37' title="bbox 2035 851 3630 926; baseline -0.001 -22"><span class='ocrx_word' id='word_1_243' title='bbox 2035 854 2163 923; x_wconf 72' lang='grc' dir='ltr'>περὶ</span> <span class='ocrx_word' id='word_1_244' title='bbox 2190 854 2287 925; x_wconf 74' lang='grc' dir='ltr'>τὴν</span> <span class='ocrx_word' id='word_1_245' title='bbox 2306 853 2566 924; x_wconf 74' lang='grc' dir='ltr'><strong>ἐξήγησιν</strong></span> <span class='ocrx_word' id='word_1_246' title='bbox 2595 852 2876 926; x_wconf 74' lang='grc' dir='ltr'>χρώμενος</span> <span class='ocrx_word' id='word_1_247' title='bbox 2897 873 2911 886; x_wconf 88' lang='grc'>·</span> <span class='ocrx_word' id='word_1_248' title='bbox 2946 853 3149 922; x_wconf 80' lang='grc' dir='ltr'>καίπερ</span> <span class='ocrx_word' id='word_1_249' title='bbox 3173 853 3230 906; x_wconf 73' lang='grc' dir='ltr'>δὲ</span> <span class='ocrx_word' id='word_1_250' title='bbox 3272 851 3418 912; x_wconf 85' lang='grc' dir='ltr'>οῦτω</span> <span class='ocrx_word' id='word_1_251' title='bbox 3451 854 3630 923; x_wconf 76' lang='grc' dir='ltr'>χάρι-</span> 
     </span>
    </p>
   </div>
   <div class='ocr_carea' id='block_1_38' title="bbox 2031 944 3626 1015">
    <p class='ocr_par' dir='ltr' id='par_1_38' title="bbox 2031 944 3626 1015">
     <span class='ocr_line' id='line_1_38' title="bbox 2031 944 3626 1015; baseline -0.001 -18"><span class='ocrx_word' id='word_1_252' title='bbox 2031 960 2131 1008; x_wconf 88' lang='grc' dir='ltr'><strong>τας</strong></span> <span class='ocrx_word' id='word_1_253' title='bbox 2169 944 2328 1014; x_wconf 80' lang='grc' dir='ltr'>ἔχων,</span> <span class='ocrx_word' id='word_1_254' title='bbox 2380 946 2473 997; x_wconf 71' lang='grc' dir='ltr'>καὶ</span> <span class='ocrx_word' id='word_1_255' title='bbox 2507 945 2598 997; x_wconf 68' lang='grc' dir='ltr'><strong>τὸν</strong></span> <span class='ocrx_word' id='word_1_256' title='bbox 2628 946 2755 997; x_wconf 61' lang='grc' dir='ltr'>λαὸν</span> <span class='ocrx_word' id='word_1_257' title='bbox 2786 946 2999 1000; x_wconf 69' lang='grc' dir='ltr'>ἅπαντα</span> <span class='ocrx_word' id='word_1_258' title='bbox 3021 946 3118 1015; x_wconf 77' lang='grc' dir='ltr'>τῆς</span> <span class='ocrx_word' id='word_1_259' title='bbox 3159 945 3408 1013; x_wconf 73' lang='grc' dir='ltr'>γλώττης</span> <span class='ocrx_word' id='word_1_260' title='bbox 3436 946 3626 1013; x_wconf 74' lang='grc' dir='ltr'>ἁνηρ·</span> 
     </span>
    </p>
   </div>
   <div class='ocr_carea' id='block_1_39' title="bbox 2033 1034 3621 1110">
    <p class='ocr_par' dir='ltr' id='par_1_39' title="bbox 2033 1034 3621 1110">
     <span class='ocr_line' id='line_1_39' title="bbox 2033 1034 3621 1110; baseline 0.002 -23"><span class='ocrx_word' id='word_1_261' title='bbox 2033 1035 2292 1105; x_wconf 80' lang='grc' dir='ltr'>τημένον,</span> <span class='ocrx_word' id='word_1_262' title='bbox 2327 1034 2465 1089; x_wconf 73' lang='grc' dir='ltr'>ἀλλὰ</span> <span class='ocrx_word' id='word_1_263' title='bbox 2502 1036 2625 1099; x_wconf 68' lang='grc' dir='ltr'>τοὺς</span> <span class='ocrx_word' id='word_1_264' title='bbox 2645 1039 2703 1089; x_wconf 87' lang='grc' dir='ltr'><strong>ἐν</strong></span> <span class='ocrx_word' id='word_1_265' title='bbox 2744 1038 2892 1091; x_wconf 85' lang='grc' dir='ltr'>πόλει</span> <span class='ocrx_word' id='word_1_266' title='bbox 2918 1038 3286 1108; x_wconf 78' lang='grc' dir='ltr'><strong>δυσχεραίνων</strong></span> <span class='ocrx_word' id='word_1_267' title='bbox 3315 1036 3621 1110; x_wconf 73' lang='grc' dir='ltr'>θορύϐους,</span> 
     </span>
    </p>
   </div>
   <div class='ocr_carea' id='block_1_40' title="bbox 2000 1125 3625 1201">
    <p class='ocr_par' dir='ltr' id='par_1_40' title="bbox 2000 1125 3625 1201">
     <span class='ocr_line' id='line_1_40' title="bbox 2000 1125 3625 1201; baseline 0.003 -24"><span class='ocrx_word' id='word_1_268' title='bbox 2000 1127 2128 1177; x_wconf 69' lang='grc' dir='ltr'>’καὶ</span> <span class='ocrx_word' id='word_1_269' title='bbox 2166 1125 2226 1178; x_wconf 77' lang='grc' dir='ltr'>τὸ</span> <span class='ocrx_word' id='word_1_270' title='bbox 2269 1126 2405 1195; x_wconf 74' lang='grc' dir='ltr'>πρὸς</span> <span class='ocrx_word' id='word_1_271' title='bbox 2459 1127 2718 1192; x_wconf 77' lang='grc' dir='ltr'>ἐπίδειξιν</span> <span class='ocrx_word' id='word_1_272' title='bbox 2771 1126 2920 1182; x_wconf 84' lang='grc' dir='ltr'>ἆπαν</span> <span class='ocrx_word' id='word_1_273' title='bbox 2988 1130 3411 1201; x_wconf 85' lang='grc' dir='ltr'>περιϊστάμενος</span> <span class='ocrx_word' id='word_1_274' title='bbox 3444 1171 3460 1197; x_wconf 95' lang='grc'><strong>,</strong></span> <span class='ocrx_word' id='word_1_275' title='bbox 3516 1129 3625 1182; x_wconf 79' lang='grc' dir='ltr'>καὶ</span> 
     </span>
    </p>
   </div>
   <div class='ocr_carea' id='block_1_41' title="bbox 2032 1209 3619 1291">
    <p class='ocr_par' dir='ltr' id='par_1_41' title="bbox 2032 1209 3619 1291">
     <span class='ocr_line' id='line_1_41' title="bbox 2032 1209 3619 1291; baseline 0.004 -23"><span class='ocrx_word' id='word_1_276' title='bbox 2032 1212 2221 1287; x_wconf 83' lang='grc' dir='ltr'>ῶσπερ</span> <span class='ocrx_word' id='word_1_277' title='bbox 2242 1209 2311 1288; x_wconf 75' lang='grc' dir='ltr'>ἧς</span> <span class='ocrx_word' id='word_1_278' title='bbox 2354 1214 2413 1282; x_wconf 85' lang='grc' dir='ltr'><strong>ἐξ</strong></span> <span class='ocrx_word' id='word_1_279' title='bbox 2456 1218 2630 1289; x_wconf 77' lang='grc' dir='ltr'>ἀρχῆς</span> <span class='ocrx_word' id='word_1_280' title='bbox 2682 1215 2874 1272; x_wconf 84' lang='grc' dir='ltr'>ὤδινεν</span> <span class='ocrx_word' id='word_1_281' title='bbox 2926 1220 3229 1291; x_wconf 84' lang='grc' dir='ltr'>ἐπιθυμίας</span> <span class='ocrx_word' id='word_1_282' title='bbox 3259 1221 3619 1291; x_wconf 82' lang='grc' dir='ltr'>είργόμενος,</span> 
     </span>
    </p>
   </div>
   <div class='ocr_carea' id='block_1_42' title="bbox 2030 1304 3621 1383">
    <p class='ocr_par' dir='ltr' id='par_1_42' title="bbox 2030 1304 3621 1383">
     <span class='ocr_line' id='line_1_42' title="bbox 2030 1304 3621 1383; baseline 0.002 -22"><span class='ocrx_word' id='word_1_283' title='bbox 2030 1310 2153 1380; x_wconf 77' lang='grc' dir='ltr'>ἥτις</span> <span class='ocrx_word' id='word_1_284' title='bbox 2182 1304 2250 1380; x_wconf 80' lang='grc' dir='ltr'>ἦν</span> <span class='ocrx_word' id='word_1_285' title='bbox 2281 1310 2385 1363; x_wconf 81' lang='grc' dir='ltr'>ὑπδ</span> <span class='ocrx_word' id='word_1_286' title='bbox 2431 1310 2550 1380; x_wconf 82' lang='grc' dir='ltr'>Θεῷ</span> <span class='ocrx_word' id='word_1_287' title='bbox 2581 1310 2679 1381; x_wconf 77' lang='grc' dir='ltr'><strong>ζῇν</strong></span> <span class='ocrx_word' id='word_1_288' title='bbox 2698 1325 2710 1341; x_wconf 81' lang='grc'><em>’</em></span> <span class='ocrx_word' id='word_1_289' title='bbox 2776 1312 2871 1363; x_wconf 78' lang='grc' dir='ltr'>καὶ</span> <span class='ocrx_word' id='word_1_290' title='bbox 2912 1310 3086 1382; x_wconf 86' lang='grc' dir='ltr'>τούτῳ</span> <span class='ocrx_word' id='word_1_291' title='bbox 3139 1312 3286 1383; x_wconf 82' lang='grc' dir='ltr'>μόνῳ</span> <span class='ocrx_word' id='word_1_292' title='bbox 3315 1308 3621 1381; x_wconf 82' lang='grc' dir='ltr'>καταφανῆ</span> 
     </span>
    </p>
   </div>
   <div class='ocr_carea' id='block_1_43' title="bbox 2031 1398 3625 1475">
    <p class='ocr_par' dir='ltr' id='par_1_43' title="bbox 2031 1398 3625 1475">
     <span class='ocr_line' id='line_1_43' title="bbox 2031 1398 3625 1475; baseline 0.001 -21"><span class='ocrx_word' id='word_1_293' title='bbox 2031 1402 2276 1471; x_wconf 87' lang='grc' dir='ltr'>γίνεσθαι</span> <span class='ocrx_word' id='word_1_294' title='bbox 2322 1402 2609 1474; x_wconf 70' lang='grc' dir='ltr'>ἤσχαλλεν,</span> <span class='ocrx_word' id='word_1_295' title='bbox 2668 1401 2980 1475; x_wconf 73' lang='grc' dir='ltr'>ἐδυσφόρει,</span> <span class='ocrx_word' id='word_1_296' title='bbox 3036 1402 3135 1475; x_wconf 81' lang='grc' dir='ltr'>τὴν</span> <span class='ocrx_word' id='word_1_297' title='bbox 3163 1403 3399 1475; x_wconf 76' lang='grc' dir='ltr'><strong>ἐρημίαν</strong></span> <span class='ocrx_word' id='word_1_298' title='bbox 3423 1398 3625 1474; x_wconf 76' lang='grc' dir='ltr'>ἠγεῖτο</span> 
     </span>
    </p>
   </div>
   <div class='ocr_carea' id='block_1_44' title="bbox 2031 1489 3624 1567">
    <p class='ocr_par' dir='ltr' id='par_1_44' title="bbox 2031 1489 3624 1567">
     <span class='ocr_line' id='line_1_44' title="bbox 2031 1489 3624 1567; baseline -0.001 -21"><span class='ocrx_word' id='word_1_299' title='bbox 2031 1491 2127 1546; x_wconf 92' lang='grc' dir='ltr'><strong>τοῦ</strong></span> <span class='ocrx_word' id='word_1_300' title='bbox 2158 1492 2359 1556; x_wconf 81' lang='grc' dir='ltr'>παντὸς</span> <span class='ocrx_word' id='word_1_301' title='bbox 2384 1489 2561 1558; x_wconf 85' lang='grc' dir='ltr'>ἀξίαν·</span> <span class='ocrx_word' id='word_1_302' title='bbox 2596 1491 2689 1546; x_wconf 74' lang='grc' dir='ltr'>καὶ</span> <span class='ocrx_word' id='word_1_303' title='bbox 2718 1492 2907 1564; x_wconf 87' lang='grc' dir='ltr'>ῶσπερ</span> <span class='ocrx_word' id='word_1_304' title='bbox 2942 1494 3058 1547; x_wconf 89' lang='grc' dir='ltr'>ἐκεῖ</span> <span class='ocrx_word' id='word_1_305' title='bbox 3096 1493 3468 1567; x_wconf 64' lang='grc' dir='ltr'>κεκρυμμένῳ</span> <span class='ocrx_word' id='word_1_306' title='bbox 3500 1494 3624 1546; x_wconf 72' lang='grc' dir='ltr'>τινὶ</span> 
     </span>
    </p>
   </div>
   <div class='ocr_carea' id='block_1_45' title="bbox 2036 1583 3615 1656">
    <p class='ocr_par' dir='ltr' id='par_1_45' title="bbox 2036 1583 3615 1656">
     <span class='ocr_line' id='line_1_45' title="bbox 2036 1583 3615 1656; baseline 0.002 -19"><span class='ocrx_word' id='word_1_307' title='bbox 2036 1583 2244 1655; x_wconf 83' lang='grc' dir='ltr'>μέλλων</span> <span class='ocrx_word' id='word_1_308' title='bbox 2288 1587 2601 1656; x_wconf 83' lang='grc' dir='ltr'><strong>περιτυχεῖν</strong></span> <span class='ocrx_word' id='word_1_309' title='bbox 2632 1584 2912 1656; x_wconf 76' lang='grc' dir='ltr'><strong>θησαυρῷ,</strong></span> <span class='ocrx_word' id='word_1_310' title='bbox 2948 1585 3083 1656; x_wconf 84' lang='grc' dir='ltr'>πρὸς</span> <span class='ocrx_word' id='word_1_311' title='bbox 3113 1587 3286 1656; x_wconf 75' lang='grc' dir='ltr'>αὐτὴν</span> <span class='ocrx_word' id='word_1_312' title='bbox 3317 1586 3615 1652; x_wconf 74' lang='grc' dir='ltr'>ἔσπευδεν,</span> 
     </span>
    </p>
   </div>
   <div class='ocr_carea' id='block_1_46' title="bbox 2031 1673 3621 1751">
    <p class='ocr_par' dir='ltr' id='par_1_46' title="bbox 2031 1673 3621 1751">
     <span class='ocr_line' id='line_1_46' title="bbox 2031 1673 3621 1751; baseline 0.001 -22"><span class='ocrx_word' id='word_1_313' title='bbox 2031 1673 2208 1739; x_wconf 75' lang='grc' dir='ltr'>οὕτως</span> <span class='ocrx_word' id='word_1_314' title='bbox 2252 1677 2347 1730; x_wconf 76' lang='grc' dir='ltr'>ἐπὶ</span> <span class='ocrx_word' id='word_1_315' title='bbox 2386 1675 2511 1732; x_wconf 92' lang='grc' dir='ltr'>νοῦν</span> <span class='ocrx_word' id='word_1_316' title='bbox 2541 1674 2701 1748; x_wconf 81' lang='grc' dir='ltr'>έχων,</span> <span class='ocrx_word' id='word_1_317' title='bbox 2729 1679 2820 1731; x_wconf 72' lang='grc' dir='ltr'>τὸν</span> <span class='ocrx_word' id='word_1_318' title='bbox 2850 1679 3157 1751; x_wconf 77' lang='grc' dir='ltr'>ἐπιτήδειον</span> <span class='ocrx_word' id='word_1_319' title='bbox 3199 1677 3446 1749; x_wconf 79' lang='grc' dir='ltr'>φυλάξας</span> <span class='ocrx_word' id='word_1_320' title='bbox 3481 1696 3621 1732; x_wconf 83' lang='grc' dir='ltr'>και-</span> 
     </span>
    </p>
   </div>
   <div class='ocr_carea' id='block_1_47' title="bbox 1980 1765 3620 1841">
    <p class='ocr_par' dir='ltr' id='par_1_47' title="bbox 1980 1765 3620 1841">
     <span class='ocr_line' id='line_1_47' title="bbox 1980 1765 3620 1841; baseline 0.004 -22"><span class='ocrx_word' id='word_1_321' title='bbox 1980 1774 2005 1841; x_wconf 68' lang='lat'><strong>‘_</strong></span> <span class='ocrx_word' id='word_1_322' title='bbox 2035 1767 2149 1838; x_wconf 82' lang='grc' dir='ltr'>ρδν,</span> <span class='ocrx_word' id='word_1_323' title='bbox 2181 1769 2311 1822; x_wconf 83' lang='grc' dir='ltr'>πᾶσι</span> <span class='ocrx_word' id='word_1_324' title='bbox 2348 1766 2560 1839; x_wconf 84' lang='grc' dir='ltr'>χαίρειν</span> <span class='ocrx_word' id='word_1_325' title='bbox 2603 1765 2996 1841; x_wconf 82' lang='grc' dir='ltr'>φθεγξάμενος,</span> <span class='ocrx_word' id='word_1_326' title='bbox 3026 1770 3270 1837; x_wconf 70' lang='grc' dir='ltr'>οἰκείοις,</span> <span class='ocrx_word' id='word_1_327' title='bbox 3293 1770 3620 1839; x_wconf 85' lang='grc' dir='ltr'>συγγενέσι,</span> 
     </span>
    </p>
   </div>
   <div class='ocr_carea' id='block_1_48' title="bbox 2038 1859 3621 1937">
    <p class='ocr_par' dir='ltr' id='par_1_48' title="bbox 2038 1859 3621 1937">
     <span class='ocr_line' id='line_1_48' title="bbox 2038 1859 3621 1937; baseline 0.002 -26"><span class='ocrx_word' id='word_1_328' title='bbox 2038 1859 2233 1930; x_wconf 85' lang='grc' dir='ltr'>φίλοις,</span> <span class='ocrx_word' id='word_1_329' title='bbox 2269 1861 2485 1932; x_wconf 78' lang='grc' dir='ltr'>κρότοις</span> <span class='ocrx_word' id='word_1_330' title='bbox 2545 1860 2864 1928; x_wconf 80' lang='grc' dir='ltr'>πολιτικοῖς,</span> <span class='ocrx_word' id='word_1_331' title='bbox 2899 1860 3215 1928; x_wconf 84' lang='grc' dir='ltr'>ἐπιδείξεσι,</span> <span class='ocrx_word' id='word_1_332' title='bbox 3258 1860 3396 1937; x_wconf 79' lang='grc' dir='ltr'>πρὸς</span> <span class='ocrx_word' id='word_1_333' title='bbox 3424 1861 3485 1915; x_wconf 75' lang='grc' dir='ltr'>δὲ</span> <span class='ocrx_word' id='word_1_334' title='bbox 3515 1861 3621 1915; x_wconf 77' lang='grc' dir='ltr'>καὶ</span> 
     </span>
    </p>
   </div>
   <div class='ocr_carea' id='block_1_49' title="bbox 2030 1951 3660 2026">
    <p class='ocr_par' dir='ltr' id='par_1_49' title="bbox 2030 1951 3660 2026">
     <span class='ocr_line' id='line_1_49' title="bbox 2030 1951 3660 2026; baseline 0.002 -21"><span class='ocrx_word' id='word_1_335' title='bbox 2030 1951 2110 2023; x_wconf 81' lang='grc' dir='ltr'><strong>τῷ</strong></span> <span class='ocrx_word' id='word_1_336' title='bbox 2146 1954 2261 2016; x_wconf 86' lang='grc' dir='ltr'>τοῖς</span> <span class='ocrx_word' id='word_1_337' title='bbox 2291 1952 2663 2023; x_wconf 82' lang='grc' dir='ltr'>ἀδικουμένοις</span> <span class='ocrx_word' id='word_1_338' title='bbox 2699 1956 3043 2025; x_wconf 76' lang='grc' dir='ltr'>συνηγορεῖν,</span> <span class='ocrx_word' id='word_1_339' title='bbox 3084 1954 3179 2007; x_wconf 75' lang='grc' dir='ltr'>καὶ</span> <span class='ocrx_word' id='word_1_340' title='bbox 3215 1955 3355 2023; x_wconf 81' lang='grc' dir='ltr'>μήτε</span> <span class='ocrx_word' id='word_1_341' title='bbox 3398 1953 3620 2026; x_wconf 68' lang='grc' dir='ltr'>μητρὸς</span> <span class='ocrx_word' id='word_1_342' title='bbox 3654 2007 3660 2013; x_wconf 84' lang='grc'><strong>,</strong></span> 
     </span>
    </p>
   </div>
   <div class='ocr_carea' id='block_1_50' title="bbox 2028 2043 3618 2117">
    <p class='ocr_par' dir='ltr' id='par_1_50' title="bbox 2028 2043 3618 2117">
     <span class='ocr_line' id='line_1_50' title="bbox 2028 2043 3618 2117; baseline 0.001 -21"><span class='ocrx_word' id='word_1_343' title='bbox 2028 2043 2258 2116; x_wconf 82' lang='grc' dir='ltr'>χηρείαν</span> <span class='ocrx_word' id='word_1_344' title='bbox 2292 2047 2373 2109; x_wconf 87' lang='grc' dir='ltr'><strong>είς</strong></span> <span class='ocrx_word' id='word_1_345' title='bbox 2448 2045 2574 2098; x_wconf 86' lang='grc' dir='ltr'>νοῦν</span> <span class='ocrx_word' id='word_1_346' title='bbox 2629 2045 2834 2111; x_wconf 74' lang='grc' dir='ltr'>λαϐὼν,</span> <span class='ocrx_word' id='word_1_347' title='bbox 2902 2047 3040 2117; x_wconf 75' lang='grc' dir='ltr'>μήτε</span> <span class='ocrx_word' id='word_1_348' title='bbox 3109 2044 3215 2117; x_wconf 70' lang='grc' dir='ltr'>μὴν</span> <span class='ocrx_word' id='word_1_349' title='bbox 3268 2047 3618 2115; x_wconf 85' lang='grc' dir='ltr'>προστασίαν</span> 
     </span>
    </p>
   </div>
   <div class='ocr_carea' id='block_1_51' title="bbox 2029 2134 3617 2209">
    <p class='ocr_par' dir='ltr' id='par_1_51' title="bbox 2029 2134 3617 2209">
     <span class='ocr_line' id='line_1_51' title="bbox 2029 2134 3617 2209; baseline 0.001 -19"><span class='ocrx_word' id='word_1_350' title='bbox 2029 2136 2268 2207; x_wconf 80' lang='grc' dir='ltr'>ἀδελφῆς</span> <span class='ocrx_word' id='word_1_351' title='bbox 2327 2136 2793 2209; x_wconf 80' lang='grc' dir='ltr'>ὑπολογισάμενος</span> <span class='ocrx_word' id='word_1_352' title='bbox 2848 2137 2977 2202; x_wconf 75' lang='grc' dir='ltr'>νέας</span> <span class='ocrx_word' id='word_1_353' title='bbox 3036 2136 3119 2191; x_wconf 70' lang='grc' dir='ltr'>ἔτι</span> <span class='ocrx_word' id='word_1_354' title='bbox 3168 2134 3364 2209; x_wconf 81' lang='grc' dir='ltr'>κομιδῇ</span> <span class='ocrx_word' id='word_1_355' title='bbox 3403 2154 3617 2208; x_wconf 88' lang='grc' dir='ltr'>τυγχα-</span> 
     </span>
    </p>
   </div>
   <div class='ocr_carea' id='block_1_52' title="bbox 2029 2228 3613 2302">
    <p class='ocr_par' dir='ltr' id='par_1_52' title="bbox 2029 2228 3613 2302">
     <span class='ocr_line' id='line_1_52' title="bbox 2029 2228 3613 2302; baseline 0.012 -25"><span class='ocrx_word' id='word_1_356' title='bbox 2029 2228 2250 2299; x_wconf 78' lang='grc' dir='ltr'>νούσης,</span> <span class='ocrx_word' id='word_1_357' title='bbox 2280 2229 2373 2283; x_wconf 78' lang='grc' dir='ltr'><strong>τδν</strong></span> <span class='ocrx_word' id='word_1_358' title='bbox 2416 2229 2518 2300; x_wconf 82' lang='grc' dir='ltr'>τῆς</span> <span class='ocrx_word' id='word_1_359' title='bbox 2556 2229 2857 2301; x_wconf 82' lang='grc' dir='ltr'>παρθενίας</span> <span class='ocrx_word' id='word_1_360' title='bbox 2881 2245 2941 2283; x_wconf 89' lang='grc' dir='ltr'><strong>τε</strong></span> <span class='ocrx_word' id='word_1_361' title='bbox 2973 2230 3139 2299; x_wconf 79' lang='grc' dir='ltr'>ζυγὸν</span> <span class='ocrx_word' id='word_1_362' title='bbox 3175 2230 3613 2302; x_wconf 72' lang='grc' dir='ltr'>ἀναδεξαμένης»</span> 
     </span>
    </p>
   </div>
   <div class='ocr_carea' id='block_1_53' title="bbox 2028 2320 3611 2395">
    <p class='ocr_par' dir='ltr' id='par_1_53' title="bbox 2028 2320 3611 2395">
     <span class='ocr_line' id='line_1_53' title="bbox 2028 2320 3611 2395; baseline 0.001 -19"><span class='ocrx_word' id='word_1_363' title='bbox 2028 2320 2125 2376; x_wconf 66' lang='grc' dir='ltr'><strong>καὶ¹</strong></span> <span class='ocrx_word' id='word_1_364' title='bbox 2196 2320 2418 2392; x_wconf 85' lang='grc' dir='ltr'>πολλῆς,</span> <span class='ocrx_word' id='word_1_365' title='bbox 2446 2320 2523 2385; x_wconf 84' lang='grc' dir='ltr'>ὡς</span> <span class='ocrx_word' id='word_1_366' title='bbox 2546 2321 2714 2387; x_wconf 83' lang='grc' dir='ltr'>είκδς,</span> <span class='ocrx_word' id='word_1_367' title='bbox 2775 2322 3037 2395; x_wconf 87' lang='grc' dir='ltr'>προνοίας</span> <span class='ocrx_word' id='word_1_368' title='bbox 3093 2323 3347 2388; x_wconf 77' lang='grc' dir='ltr'>ἐπιδεοῦς</span> <span class='ocrx_word' id='word_1_369' title='bbox 3409 2322 3611 2393; x_wconf 76' lang='grc' dir='ltr'>οὔσης.</span> 
     </span>
    </p>
   </div>
   <div class='ocr_carea' id='block_1_54' title="bbox 2034 2410 3613 2486">
    <p class='ocr_par' dir='ltr' id='par_1_54' title="bbox 2034 2410 3613 2486">
     <span class='ocr_line' id='line_1_54' title="bbox 2034 2410 3613 2486; baseline 0.001 -19"><span class='ocrx_word' id='word_1_370' title='bbox 2034 2413 2235 2485; x_wconf 83' lang='grc' dir='ltr'>μᾶλλον</span> <span class='ocrx_word' id='word_1_371' title='bbox 2255 2410 2313 2467; x_wconf 78' lang='grc' dir='ltr'>δὲ</span> <span class='ocrx_word' id='word_1_372' title='bbox 2338 2412 2434 2468; x_wconf 73' lang='grc' dir='ltr'>καὶ</span> <span class='ocrx_word' id='word_1_373' title='bbox 2462 2413 2629 2469; x_wconf 82' lang='grc' dir='ltr'>αὐτοῦ</span> <span class='ocrx_word' id='word_1_374' title='bbox 2666 2413 2817 2468; x_wconf 86' lang='grc' dir='ltr'>οίκου</span> <span class='ocrx_word' id='word_1_375' title='bbox 2847 2415 2946 2485; x_wconf 82' lang='grc' dir='ltr'>τὴν</span> <span class='ocrx_word' id='word_1_376' title='bbox 2983 2413 3305 2486; x_wconf 85' lang='grc' dir='ltr'>ἐπιμέλειαν</span> <span class='ocrx_word' id='word_1_377' title='bbox 3339 2416 3421 2479; x_wconf 84' lang='grc' dir='ltr'><strong>είς</strong></span> <span class='ocrx_word' id='word_1_378' title='bbox 3451 2415 3613 2470; x_wconf 79' lang='grc' dir='ltr'>οὐδὲν</span> 
     </span>
    </p>
   </div>
   <div class='ocr_carea' id='block_1_55' title="bbox 2029 2503 3612 2578">
    <p class='ocr_par' dir='ltr' id='par_1_55' title="bbox 2029 2503 3612 2578">
     <span class='ocr_line' id='line_1_55' title="bbox 2029 2503 3612 2578; baseline 0.001 -19"><span class='ocrx_word' id='word_1_379' title='bbox 2029 2505 2274 2576; x_wconf 79' lang='grc' dir='ltr'>θέμενος,</span> <span class='ocrx_word' id='word_1_380' title='bbox 2331 2503 2615 2559; x_wconf 83' lang='grc' dir='ltr'>ἀπολιπὼν</span> <span class='ocrx_word' id='word_1_381' title='bbox 2664 2504 2762 2578; x_wconf 78' lang='grc' dir='ltr'>τὴν</span> <span class='ocrx_word' id='word_1_382' title='bbox 2809 2504 2985 2573; x_wconf 85' lang='grc' dir='ltr'>πόλιν,</span> <span class='ocrx_word' id='word_1_383' title='bbox 3025 2505 3161 2577; x_wconf 75' lang='grc' dir='ltr'>πρὸς</span> <span class='ocrx_word' id='word_1_384' title='bbox 3217 2505 3309 2559; x_wconf 82' lang='grc' dir='ltr'>τὸν</span> <span class='ocrx_word' id='word_1_385' title='bbox 3376 2505 3612 2578; x_wconf 77' lang='grc' dir='ltr'>ἡσύχιον</span> 
     </span>
    </p>
   </div>
   <div class='ocr_carea' id='block_1_56' title="bbox 2031 2590 3612 2669">
    <p class='ocr_par' dir='ltr' id='par_1_56' title="bbox 2031 2590 3612 2669">
     <span class='ocr_line' id='line_1_56' title="bbox 2031 2590 3612 2669; baseline 0 -19"><span class='ocrx_word' id='word_1_386' title='bbox 2031 2596 2345 2666; x_wconf 73' lang='grc' dir='ltr'>αὐτομολεῖ.</span> <span class='ocrx_word' id='word_1_387' title='bbox 2378 2590 2514 2650; x_wconf 79' lang='grc' dir='ltr'>Είτα</span> <span class='ocrx_word' id='word_1_388' title='bbox 2543 2595 2648 2666; x_wconf 77' lang='grc' dir='ltr'>τῆς</span> <span class='ocrx_word' id='word_1_389' title='bbox 2698 2596 2917 2669; x_wconf 78' lang='grc' dir='ltr'>ἡλικίας</span> <span class='ocrx_word' id='word_1_390' title='bbox 2945 2596 3027 2651; x_wconf 80' lang='grc' dir='ltr'>ἔτι</span> <span class='ocrx_word' id='word_1_391' title='bbox 3044 2598 3246 2669; x_wconf 74' lang='grc' dir='ltr'>νεαρᾶς</span> <span class='ocrx_word' id='word_1_392' title='bbox 3268 2596 3456 2669; x_wconf 84' lang='grc' dir='ltr'>οῦσης,</span> <span class='ocrx_word' id='word_1_393' title='bbox 3484 2595 3612 2651; x_wconf 81' lang='grc' dir='ltr'>καί-</span> 
     </span>
    </p>
   </div>
   <div class='ocr_carea' id='block_1_57' title="bbox 2030 2685 3613 2760">
    <p class='ocr_par' dir='ltr' id='par_1_57' title="bbox 2030 2685 3613 2760">
     <span class='ocr_line' id='line_1_57' title="bbox 2030 2685 3613 2760; baseline 0 -20"><span class='ocrx_word' id='word_1_394' title='bbox 2030 2704 2115 2740; x_wconf 86' lang='grc' dir='ltr'>τοι</span> <span class='ocrx_word' id='word_1_395' title='bbox 2142 2686 2300 2756; x_wconf 87' lang='grc' dir='ltr'>φύσει</span> <span class='ocrx_word' id='word_1_396' title='bbox 2330 2685 2424 2739; x_wconf 90' lang='grc' dir='ltr'><strong>τοῦ</strong></span> <span class='ocrx_word' id='word_1_397' title='bbox 2449 2686 2699 2757; x_wconf 84' lang='grc' dir='ltr'>σώματος</span> <span class='ocrx_word' id='word_1_398' title='bbox 2734 2688 2989 2759; x_wconf 87' lang='grc' dir='ltr'>πονήρως</span> <span class='ocrx_word' id='word_1_399' title='bbox 3028 2685 3123 2740; x_wconf 74' lang='grc' dir='ltr'>καὶ</span> <span class='ocrx_word' id='word_1_400' title='bbox 3156 2687 3393 2760; x_wconf 84' lang='grc' dir='ltr'>νοσερῶς</span> <span class='ocrx_word' id='word_1_401' title='bbox 3456 2686 3613 2759; x_wconf 76' lang='grc' dir='ltr'>ἔχον-</span> 
     </span>
    </p>
   </div>
   <div class='ocr_carea' id='block_1_58' title="bbox 2029 2778 3610 2851">
    <p class='ocr_par' dir='ltr' id='par_1_58' title="bbox 2029 2778 3610 2851">
     <span class='ocr_line' id='line_1_58' title="bbox 2029 2778 3610 2851; baseline 0.002 -20"><span class='ocrx_word' id='word_1_402' title='bbox 2029 2795 2141 2844; x_wconf 86' lang='grc' dir='ltr'>τος,</span> <span class='ocrx_word' id='word_1_403' title='bbox 2179 2780 2289 2842; x_wconf 89' lang='grc' dir='ltr'>τοῖς</span> <span class='ocrx_word' id='word_1_404' title='bbox 2316 2778 2701 2850; x_wconf 86' lang='grc' dir='ltr'>μοναστηρίοις</span> <span class='ocrx_word' id='word_1_405' title='bbox 2722 2780 2837 2842; x_wconf 82' lang='grc' dir='ltr'>τοῖς</span> <span class='ocrx_word' id='word_1_406' title='bbox 2876 2779 3075 2850; x_wconf 79' lang='grc' dir='ltr'>μᾶλλον</span> <span class='ocrx_word' id='word_1_407' title='bbox 3113 2779 3218 2833; x_wconf 88' lang='grc' dir='ltr'><strong>τῶν</strong></span> <span class='ocrx_word' id='word_1_408' title='bbox 3240 2778 3417 2834; x_wconf 78' lang='grc' dir='ltr'>ἄλλων</span> <span class='ocrx_word' id='word_1_409' title='bbox 3442 2781 3610 2851; x_wconf 81' lang='grc' dir='ltr'>ἀκρι-</span> 
     </span>
    </p>
   </div>
   <div class='ocr_carea' id='block_1_59' title="bbox 2029 2867 3606 2942">
    <p class='ocr_par' dir='ltr' id='par_1_59' title="bbox 2029 2867 3606 2942">
     <span class='ocr_line' id='line_1_59' title="bbox 2029 2867 3606 2942; baseline 0.003 -22"><span class='ocrx_word' id='word_1_410' title='bbox 2029 2867 2182 2931; x_wconf 74' lang='grc' dir='ltr'>ϐείας</span> <span class='ocrx_word' id='word_1_411' title='bbox 2216 2867 2645 2940; x_wconf 81' lang='grc' dir='ltr'>ἐπειλημμένοις</span> <span class='ocrx_word' id='word_1_412' title='bbox 2670 2869 2860 2923; x_wconf 76' lang='grc' dir='ltr'>ἐαυτὸν</span> <span class='ocrx_word' id='word_1_413' title='bbox 2889 2869 3092 2937; x_wconf 89' lang='grc' dir='ltr'>δίδωσι,</span> <span class='ocrx_word' id='word_1_414' title='bbox 3144 2871 3237 2924; x_wconf 74' lang='grc' dir='ltr'>καὶ</span> <span class='ocrx_word' id='word_1_415' title='bbox 3270 2870 3370 2942; x_wconf 76' lang='grc' dir='ltr'>τὴν</span> <span class='ocrx_word' id='word_1_416' title='bbox 3396 2870 3606 2942; x_wconf 78' lang='grc' dir='ltr'>ἐσθῆτα</span> 
     </span>
    </p>
   </div>
   <div class='ocr_carea' id='block_1_60' title="bbox 2029 2960 3605 3035">
    <p class='ocr_par' dir='ltr' id='par_1_60' title="bbox 2029 2960 3605 3035">
     <span class='ocr_line' id='line_1_60' title="bbox 2029 2960 3605 3035; baseline 0.003 -21"><span class='ocrx_word' id='word_1_417' title='bbox 2029 2962 2210 3015; x_wconf 79' lang='grc' dir='ltr'>πᾶσαν</span> <span class='ocrx_word' id='word_1_418' title='bbox 2253 2960 2458 3025; x_wconf 80' lang='grc' dir='ltr'>ἀποδὺς</span> <span class='ocrx_word' id='word_1_419' title='bbox 2521 2960 2660 3032; x_wconf 87' lang='grc' dir='ltr'>μετά</span> <span class='ocrx_word' id='word_1_420' title='bbox 2684 2978 2747 3031; x_wconf 90' lang='grc' dir='ltr'><strong>γε</strong></span> <span class='ocrx_word' id='word_1_421' title='bbox 2779 2961 2873 3016; x_wconf 88' lang='grc' dir='ltr'><strong>τοῦ</strong></span> <span class='ocrx_word' id='word_1_422' title='bbox 2916 2963 3182 3035; x_wconf 88' lang='grc' dir='ltr'>σαρκικοῦ</span> <span class='ocrx_word' id='word_1_423' title='bbox 3229 2964 3605 3035; x_wconf 79' lang='grc' dir='ltr'>φρονήματος,</span> 
     </span>
    </p>
   </div>
   <div class='ocr_carea' id='block_1_61' title="bbox 2027 3050 3600 3127">
    <p class='ocr_par' dir='ltr' id='par_1_61' title="bbox 2027 3050 3600 3127">
     <span class='ocr_line' id='line_1_61' title="bbox 2027 3050 3600 3127; baseline 0.003 -23"><span class='ocrx_word' id='word_1_424' title='bbox 2027 3050 2486 3124; x_wconf 78' lang='grc' dir='ltr'>ἧτάληθέστερον</span> <span class='ocrx_word' id='word_1_425' title='bbox 2545 3054 2744 3115; x_wconf 84' lang='grc' dir='ltr'>είπεῖν.</span> <span class='ocrx_word' id='word_1_426' title='bbox 2802 3055 2981 3107; x_wconf 86' lang='grc' dir='ltr'>ἐκεῖνο</span> <span class='ocrx_word' id='word_1_427' title='bbox 3028 3055 3367 3127; x_wconf 82' lang='grc' dir='ltr'>προαποδὺς,</span> <span class='ocrx_word' id='word_1_428' title='bbox 3417 3056 3488 3109; x_wconf 70' lang='grc' dir='ltr'><strong>τὰ</strong></span> <span class='ocrx_word' id='word_1_429' title='bbox 3533 3056 3600 3110; x_wconf 80' lang='grc' dir='ltr'><strong>ἐκ</strong></span> 
     </span>
    </p>
   </div>
   <div class='ocr_carea' id='block_1_62' title="bbox 348 3146 1925 3230">
    <p class='ocr_par' dir='ltr' id='par_1_62' title="bbox 348 3149 1925 3225">
     <span class='ocr_line' id='line_1_62' title="bbox 348 3149 1925 3225; baseline 0.005 -22"><span class='ocrx_word' id='word_1_430' title='bbox 348 3149 476 3220; x_wconf 89' lang='lat' dir='ltr'><strong>pilis</strong></span> <span class='ocrx_word' id='word_1_431' title='bbox 499 3160 834 3215; x_wconf 79' lang='lat' dir='ltr'><strong>contextum,</strong></span> <span class='ocrx_word' id='word_1_432' title='bbox 865 3167 1061 3222; x_wconf 85' lang='lat' dir='ltr'><strong>corpus</strong></span> <span class='ocrx_word' id='word_1_433' title='bbox 1112 3152 1289 3207; x_wconf 90' lang='lat' dir='ltr'><strong>adhuc</strong></span> <span class='ocrx_word' id='word_1_434' title='bbox 1344 3153 1603 3225; x_wconf 77' lang='lat' dir='ltr'><strong>afﬂigens,</strong></span> <span class='ocrx_word' id='word_1_435' title='bbox 1647 3162 1703 3208; x_wconf 89' lang='lat' dir='ltr'><strong>et</strong></span> <span class='ocrx_word' id='word_1_436' title='bbox 1760 3154 1925 3213; x_wconf 83' lang='lat' dir='ltr'><strong>veluti</strong></span> 
     </span>
    </p>
   </div>
   <div class='ocr_carea' id='block_1_63' title="bbox 2026 3146 3609 3230">
    <p class='ocr_par' dir='ltr' id='par_1_63' title="bbox 2032 3146 3609 3222">
     <span class='ocr_line' id='line_1_63' title="bbox 2032 3146 3609 3222; baseline 0.003 -23"><span class='ocrx_word' id='word_1_437' title='bbox 2032 3146 2288 3218; x_wconf 83' lang='grc' dir='ltr'>τριχίνων</span> <span class='ocrx_word' id='word_1_438' title='bbox 2335 3146 2631 3220; x_wconf 79' lang='grc' dir='ltr'>ὑφάσματα</span> <span class='ocrx_word' id='word_1_439' title='bbox 2690 3149 3100 3218; x_wconf 76' lang='grc' dir='ltr'>περιϐάλλεται,</span> <span class='ocrx_word' id='word_1_440' title='bbox 3161 3149 3379 3222; x_wconf 85' lang='grc' dir='ltr'>τρύχων</span> <span class='ocrx_word' id='word_1_441' title='bbox 3423 3151 3505 3205; x_wconf 80' lang='grc' dir='ltr'><strong>ἐτι</strong></span> <span class='ocrx_word' id='word_1_442' title='bbox 3544 3148 3609 3204; x_wconf 77' lang='grc' dir='ltr'><strong>τὸ</strong></span> 
     </span>
    </p>
   </div>
   <div class='ocr_carea' id='block_1_64' title="bbox 350 3243 1923 3316">
    <p class='ocr_par' dir='ltr' id='par_1_64' title="bbox 350 3243 1923 3316">
     <span class='ocr_line' id='line_1_64' title="bbox 350 3243 1923 3316; baseline 0.004 -21"><span class='ocrx_word' id='word_1_443' title='bbox 350 3243 640 3312; x_wconf 88' lang='lat' dir='ltr'><strong>quamdam</strong></span> <span class='ocrx_word' id='word_1_444' title='bbox 662 3243 865 3297; x_wconf 89' lang='lat' dir='ltr'><strong>nubem</strong></span> <span class='ocrx_word' id='word_1_445' title='bbox 894 3251 1203 3310; x_wconf 83' lang='lat' dir='ltr'><strong>attonuans,</strong></span> <span class='ocrx_word' id='word_1_446' title='bbox 1228 3254 1283 3299; x_wconf 91' lang='lat' dir='ltr'><strong>et</strong></span> <span class='ocrx_word' id='word_1_447' title='bbox 1310 3244 1500 3299; x_wconf 89' lang='lat' dir='ltr'><strong>lumini</strong></span> <span class='ocrx_word' id='word_1_448' title='bbox 1528 3245 1726 3299; x_wconf 88' lang='lat' dir='ltr'><strong>mentis</strong></span> <span class='ocrx_word' id='word_1_449' title='bbox 1782 3262 1923 3316; x_wconf 63' lang='lat' dir='ltr'><strong>prm-</strong></span> 
     </span>
    </p>
   </div>
   <div class='ocr_carea' id='block_1_65' title="bbox 340 3333 1923 3406">
    <p class='ocr_par' dir='ltr' id='par_1_65' title="bbox 340 3333 1923 3406">
     <span class='ocr_line' id='line_1_65' title="bbox 340 3333 1923 3406; baseline 0.002 -18"><span class='ocrx_word' id='word_1_450' title='bbox 340 3333 829 3389; x_wconf 44' lang='lat' dir='ltr'><strong>‘benslibertatem.</strong></span> <span class='ocrx_word' id='word_1_451' title='bbox 864 3334 1162 3390; x_wconf 83' lang='lat' dir='ltr'><strong>Maximum</strong></span> <span class='ocrx_word' id='word_1_452' title='bbox 1195 3345 1378 3390; x_wconf 91' lang='lat' dir='ltr'><strong>autem</strong></span> <span class='ocrx_word' id='word_1_453' title='bbox 1412 3336 1649 3406; x_wconf 76' lang='lat' dir='ltr'><strong>ponebat</strong></span> <span class='ocrx_word' id='word_1_454' title='bbox 1681 3336 1923 3392; x_wconf 89' lang='lat' dir='ltr'><strong>studium</strong></span> 
     </span>
    </p>
   </div>
   <div class='ocr_carea' id='block_1_66' title="bbox 352 3427 1922 3501">
    <p class='ocr_par' dir='ltr' id='par_1_66' title="bbox 352 3427 1922 3501">
     <span class='ocr_line' id='line_1_66' title="bbox 352 3427 1922 3501; baseline 0.004 -21"><span class='ocrx_word' id='word_1_455' title='bbox 352 3427 408 3480; x_wconf 90' lang='lat' dir='ltr'><strong>in</strong></span> <span class='ocrx_word' id='word_1_456' title='bbox 438 3427 683 3497; x_wconf 88' lang='lat' dir='ltr'><strong>legendis</strong></span> <span class='ocrx_word' id='word_1_457' title='bbox 742 3427 892 3483; x_wconf 91' lang='lat' dir='ltr'><strong>libris</strong></span> <span class='ocrx_word' id='word_1_458' title='bbox 936 3428 1243 3485; x_wconf 90' lang='lat' dir='ltr'><strong>divinarum</strong></span> <span class='ocrx_word' id='word_1_459' title='bbox 1301 3429 1727 3501; x_wconf 86' lang='lat' dir='ltr'><strong>Scripturarum.</strong></span> <span class='ocrx_word' id='word_1_460' title='bbox 1768 3429 1922 3498; x_wconf 85' lang='lat' dir='ltr'><strong>Quod</strong></span> 
     </span>
    </p>
   </div>
   <div class='ocr_carea' id='block_1_67' title="bbox 352 3516 1925 3593">
    <p class='ocr_par' dir='ltr' id='par_1_67' title="bbox 352 3516 1925 3593">
     <span class='ocr_line' id='line_1_67' title="bbox 352 3516 1925 3593; baseline 0.004 -21"><span class='ocrx_word' id='word_1_461' title='bbox 352 3516 575 3587; x_wconf 87' lang='lat' dir='ltr'><strong>quidem</strong></span> <span class='ocrx_word' id='word_1_462' title='bbox 603 3518 834 3575; x_wconf 85' lang='lat' dir='ltr'><strong>faciebat</strong></span> <span class='ocrx_word' id='word_1_463' title='bbox 863 3530 970 3575; x_wconf 88' lang='lat' dir='ltr'><strong>tam</strong></span> <span class='ocrx_word' id='word_1_464' title='bbox 989 3521 1276 3592; x_wconf 82' lang='lat' dir='ltr'><strong>diligenter</strong></span> <span class='ocrx_word' id='word_1_465' title='bbox 1297 3530 1358 3576; x_wconf 90' lang='lat' dir='ltr'><strong>ut</strong></span> <span class='ocrx_word' id='word_1_466' title='bbox 1406 3521 1514 3577; x_wconf 91' lang='lat' dir='ltr'><strong>vim</strong></span> <span class='ocrx_word' id='word_1_467' title='bbox 1563 3538 1777 3589; x_wconf 89' lang='lat' dir='ltr'><strong>eorum,</strong></span> <span class='ocrx_word' id='word_1_468' title='bbox 1804 3539 1925 3593; x_wconf 68' lang='lat' dir='ltr'><strong>qua:</strong></span> 
     </span>
    </p>
   </div>
   <div class='ocr_carea' id='block_1_68' title="bbox 352 3608 1921 3685">
    <p class='ocr_par' dir='ltr' id='par_1_68' title="bbox 352 3608 1921 3685">
     <span class='ocr_line' id='line_1_68' title="bbox 352 3608 1921 3685; baseline 0.002 -22"><span class='ocrx_word' id='word_1_469' title='bbox 352 3608 408 3664; x_wconf 89' lang='lat' dir='ltr'><strong>in</strong></span> <span class='ocrx_word' id='word_1_470' title='bbox 431 3609 511 3665; x_wconf 88' lang='lat' dir='ltr'><strong>eis</strong></span> <span class='ocrx_word' id='word_1_471' title='bbox 535 3610 741 3677; x_wconf 90' lang='lat' dir='ltr'><strong>insunt,</strong></span> <span class='ocrx_word' id='word_1_472' title='bbox 796 3611 1157 3668; x_wconf 86' lang='lat' dir='ltr'><strong>nihilominus</strong></span> <span class='ocrx_word' id='word_1_473' title='bbox 1191 3614 1247 3668; x_wconf 90' lang='lat' dir='ltr'><strong>in</strong></span> <span class='ocrx_word' id='word_1_474' title='bbox 1304 3623 1489 3669; x_wconf 88' lang='lat' dir='ltr'><strong>mente</strong></span> <span class='ocrx_word' id='word_1_475' title='bbox 1540 3613 1921 3685; x_wconf 86' lang='lat' dir='ltr'><strong>imprimeret:</strong></span> 
     </span>
    </p>
   </div>
   <div class='ocr_carea' id='block_1_69' title="bbox 352 3700 1925 3775">
    <p class='ocr_par' dir='ltr' id='par_1_69' title="bbox 352 3700 1925 3775">
     <span class='ocr_line' id='line_1_69' title="bbox 352 3700 1925 3775; baseline 0.004 -20"><span class='ocrx_word' id='word_1_476' title='bbox 352 3700 551 3756; x_wconf 88' lang='lat' dir='ltr'><strong>deinde</strong></span> <span class='ocrx_word' id='word_1_477' title='bbox 595 3717 760 3757; x_wconf 88' lang='lat' dir='ltr'><strong>manu</strong></span> <span class='ocrx_word' id='word_1_478' title='bbox 785 3704 1000 3773; x_wconf 88' lang='lat' dir='ltr'><strong>propria</strong></span> <span class='ocrx_word' id='word_1_479' title='bbox 1030 3713 1085 3758; x_wconf 90' lang='lat' dir='ltr'><strong>et</strong></span> <span class='ocrx_word' id='word_1_480' title='bbox 1108 3704 1292 3759; x_wconf 90' lang='lat' dir='ltr'><strong>labore</strong></span> <span class='ocrx_word' id='word_1_481' title='bbox 1307 3705 1595 3775; x_wconf 86' lang='lat' dir='ltr'><strong>digitorum</strong></span> <span class='ocrx_word' id='word_1_482' title='bbox 1634 3722 1728 3763; x_wconf 87' lang='lat' dir='ltr'><strong>eas</strong></span> <span class='ocrx_word' id='word_1_483' title='bbox 1755 3707 1925 3762; x_wconf 89' lang='lat' dir='ltr'><strong>inter-</strong></span> 
     </span>
    </p>
   </div>
   <div class='ocr_carea' id='block_1_70' title="bbox 348 3793 1922 3869">
    <p class='ocr_par' dir='ltr' id='par_1_70' title="bbox 348 3793 1922 3869">
     <span class='ocr_line' id='line_1_70' title="bbox 348 3793 1922 3869; baseline 0.005 -23"><span class='ocrx_word' id='word_1_484' title='bbox 348 3800 682 3860; x_wconf 85' lang='lat' dir='ltr'><strong>pretaretur,</strong></span> <span class='ocrx_word' id='word_1_485' title='bbox 707 3800 766 3845; x_wconf 89' lang='lat' dir='ltr'><strong>ut</strong></span> <span class='ocrx_word' id='word_1_486' title='bbox 800 3793 1002 3849; x_wconf 91' lang='lat' dir='ltr'><strong>dictum</strong></span> <span class='ocrx_word' id='word_1_487' title='bbox 1038 3803 1157 3849; x_wconf 87' lang='lat' dir='ltr'><strong>est:</strong></span> <span class='ocrx_word' id='word_1_488' title='bbox 1221 3803 1277 3850; x_wconf 92' lang='lat' dir='ltr'><strong>et</strong></span> <span class='ocrx_word' id='word_1_489' title='bbox 1311 3811 1431 3866; x_wconf 66' lang='lat' dir='ltr'><strong>quae</strong></span> <span class='ocrx_word' id='word_1_490' title='bbox 1484 3805 1613 3851; x_wconf 88' lang='lat' dir='ltr'><strong>sunt</strong></span> <span class='ocrx_word' id='word_1_491' title='bbox 1669 3804 1922 3869; x_wconf 83' lang='lat' dir='ltr'><strong>compre-</strong></span> 
     </span>
    </p>
   </div>
   <div class='ocr_carea' id='block_1_71' title="bbox 353 3882 1923 3961">
    <p class='ocr_par' dir='ltr' id='par_1_71' title="bbox 353 3882 1923 3961">
     <span class='ocr_line' id='line_1_71' title="bbox 353 3882 1923 3961; baseline 0.006 -24"><span class='ocrx_word' id='word_1_492' title='bbox 353 3882 528 3938; x_wconf 86' lang='lat' dir='ltr'><strong>hensu</strong></span> <span class='ocrx_word' id='word_1_493' title='bbox 555 3884 809 3950; x_wconf 85' lang='lat' dir='ltr'><strong>dillicilia,</strong></span> <span class='ocrx_word' id='word_1_494' title='bbox 839 3896 1021 3955; x_wconf 88' lang='lat' dir='ltr'><strong>aperta</strong></span> <span class='ocrx_word' id='word_1_495' title='bbox 1080 3887 1333 3943; x_wconf 87' lang='lat' dir='ltr'><strong>redderet</strong></span> <span class='ocrx_word' id='word_1_496' title='bbox 1358 3890 1648 3944; x_wconf 90' lang='lat' dir='ltr'><strong>studiosis:</strong></span> <span class='ocrx_word' id='word_1_497' title='bbox 1681 3900 1735 3945; x_wconf 84' lang='lat' dir='ltr'><strong>et</strong></span> <span class='ocrx_word' id='word_1_498' title='bbox 1762 3907 1923 3961; x_wconf 91' lang='lat' dir='ltr'><strong>quam</strong></span> 
     </span>
    </p>
   </div>
   <div class='ocr_carea' id='block_1_72' title="bbox 355 3975 1920 4050">
    <p class='ocr_par' dir='ltr' id='par_1_72' title="bbox 355 3975 1920 4050">
     <span class='ocr_line' id='line_1_72' title="bbox 355 3975 1920 4050; baseline 0.005 -21"><span class='ocrx_word' id='word_1_499' title='bbox 355 3975 682 4032; x_wconf 85' lang='lat' dir='ltr'><strong>sententiam</strong></span> <span class='ocrx_word' id='word_1_500' title='bbox 711 3976 825 4045; x_wconf 88' lang='lat' dir='ltr'><strong>ipse</strong></span> <span class='ocrx_word' id='word_1_501' title='bbox 853 3978 1145 4048; x_wconf 80' lang='lat' dir='ltr'><strong>collegerat</strong></span> <span class='ocrx_word' id='word_1_502' title='bbox 1164 3980 1509 4044; x_wconf 77' lang='lat' dir='ltr'><strong>cumlabure;</strong></span> <span class='ocrx_word' id='word_1_503' title='bbox 1539 3982 1805 4050; x_wconf 66' lang='lat' dir='ltr'><strong>praeberet</strong></span> <span class='ocrx_word' id='word_1_504' title='bbox 1832 3982 1920 4048; x_wconf 90' lang='lat' dir='ltr'><strong>iis,</strong></span> 
     </span>
    </p>
   </div>
   <div class='ocr_carea' id='block_1_73' title="bbox 353 4065 1924 4137">
    <p class='ocr_par' dir='ltr' id='par_1_73' title="bbox 353 4065 1924 4137">
     <span class='ocr_line' id='line_1_73' title="bbox 353 4065 1924 4137; baseline 0.006 -19"><span class='ocrx_word' id='word_1_505' title='bbox 353 4065 448 4135; x_wconf 89' lang='lat' dir='ltr'><strong>qui</strong></span> <span class='ocrx_word' id='word_1_506' title='bbox 482 4066 756 4130; x_wconf 80' lang='lat' dir='ltr'><strong>volebant,</strong></span> <span class='ocrx_word' id='word_1_507' title='bbox 776 4067 1149 4137; x_wconf 88' lang='lat' dir='ltr'><strong>accipiendam</strong></span> <span class='ocrx_word' id='word_1_508' title='bbox 1175 4069 1313 4124; x_wconf 89' lang='lat' dir='ltr'><strong>citra</strong></span> <span class='ocrx_word' id='word_1_509' title='bbox 1361 4070 1532 4127; x_wconf 91' lang='lat' dir='ltr'><strong>ullum</strong></span> <span class='ocrx_word' id='word_1_510' title='bbox 1580 4071 1843 4127; x_wconf 88' lang='lat' dir='ltr'><strong>laborem.</strong></span> <span class='ocrx_word' id='word_1_511' title='bbox 1867 4071 1924 4128; x_wconf 89' lang='lat' dir='ltr'><strong>Si</strong></span> 
     </span>
    </p>
   </div>
   <div class='ocr_carea' id='block_1_74' title="bbox 354 4158 1925 4231">
    <p class='ocr_par' dir='ltr' id='par_1_74' title="bbox 354 4158 1925 4231">
     <span class='ocr_line' id='line_1_74' title="bbox 354 4158 1925 4231; baseline 0.007 -22"><span class='ocrx_word' id='word_1_512' title='bbox 354 4171 486 4226; x_wconf 88' lang='lat' dir='ltr'><strong>ergo</strong></span> <span class='ocrx_word' id='word_1_513' title='bbox 510 4158 742 4227; x_wconf 86' lang='lat' dir='ltr'><strong>propriis</strong></span> <span class='ocrx_word' id='word_1_514' title='bbox 800 4159 1081 4215; x_wconf 87' lang='lat' dir='ltr'><strong>laboribus</strong></span> <span class='ocrx_word' id='word_1_515' title='bbox 1122 4175 1317 4230; x_wconf 89' lang='lat' dir='ltr'><strong>panem</strong></span> <span class='ocrx_word' id='word_1_516' title='bbox 1352 4162 1615 4231; x_wconf 81' lang='lat' dir='ltr'><strong>praebere,</strong></span> <span class='ocrx_word' id='word_1_517' title='bbox 1671 4164 1925 4220; x_wconf 86' lang='lat' dir='ltr'><strong>conciliat</strong></span> 
     </span>
    </p>
   </div>
   <div class='ocr_carea' id='block_1_75' title="bbox 353 4245 1923 4325">
    <p class='ocr_par' dir='ltr' id='par_1_75' title="bbox 353 4245 1923 4325">
     <span class='ocr_line' id='line_1_75' title="bbox 353 4245 1923 4325; baseline 0.008 -27"><span class='ocrx_word' id='word_1_518' title='bbox 353 4245 682 4310; x_wconf 89' lang='lat' dir='ltr'><strong>mercedem,</strong></span> <span class='ocrx_word' id='word_1_519' title='bbox 713 4249 1018 4305; x_wconf 87' lang='lat' dir='ltr'><strong>esurientes</strong></span> <span class='ocrx_word' id='word_1_520' title='bbox 1048 4251 1260 4305; x_wconf 87' lang='lat' dir='ltr'><strong>animas</strong></span> <span class='ocrx_word' id='word_1_521' title='bbox 1283 4250 1362 4305; x_wconf 91' lang='lat' dir='ltr'><strong>sic</strong></span> <span class='ocrx_word' id='word_1_522' title='bbox 1389 4253 1680 4321; x_wconf 82' lang='lat' dir='ltr'><strong>exsatiare,</strong></span> <span class='ocrx_word' id='word_1_523' title='bbox 1707 4264 1923 4325; x_wconf 81' lang='lat' dir='ltr'><strong>quantae</strong></span> 
     </span>
    </p>
   </div>
   <div class='ocr_carea' id='block_1_76' title="bbox 354 4336 1922 4414">
    <p class='ocr_par' dir='ltr' id='par_1_76' title="bbox 354 4336 1922 4414">
     <span class='ocr_line' id='line_1_76' title="bbox 354 4336 1922 4414; baseline 0.008 -23"><span class='ocrx_word' id='word_1_524' title='bbox 354 4336 697 4393; x_wconf 84' lang='lat' dir='ltr'><strong>fueritcausa</strong></span> <span class='ocrx_word' id='word_1_525' title='bbox 734 4341 1235 4397; x_wconf 82' lang='lat' dir='ltr'><strong>remunerationis?</strong></span> <span class='ocrx_word' id='word_1_526' title='bbox 1256 4341 1346 4398; x_wconf 90' lang='lat' dir='ltr'><strong>Sic</strong></span> <span class='ocrx_word' id='word_1_527' title='bbox 1371 4358 1501 4414; x_wconf 85' lang='lat' dir='ltr'><strong>ergo</strong></span> <span class='ocrx_word' id='word_1_528' title='bbox 1526 4345 1738 4400; x_wconf 89' lang='lat' dir='ltr'><strong>divinas</strong></span> <span class='ocrx_word' id='word_1_529' title='bbox 1771 4347 1922 4403; x_wconf 80' lang='lat' dir='ltr'><strong>Scri-</strong></span> 
     </span>
    </p>
   </div>
   <div class='ocr_carea' id='block_1_77' title="bbox 354 4430 1920 4506">
    <p class='ocr_par' dir='ltr' id='par_1_77' title="bbox 354 4430 1920 4506">
     <span class='ocr_line' id='line_1_77' title="bbox 354 4430 1920 4506; baseline 0.008 -23"><span class='ocrx_word' id='word_1_530' title='bbox 354 4438 545 4500; x_wconf 89' lang='lat' dir='ltr'><strong>pturas</strong></span> <span class='ocrx_word' id='word_1_531' title='bbox 580 4430 970 4502; x_wconf 88' lang='lat' dir='ltr'><strong>interpretans,</strong></span> <span class='ocrx_word' id='word_1_532' title='bbox 993 4434 1189 4491; x_wconf 89' lang='lat' dir='ltr'><strong>deinde</strong></span> <span class='ocrx_word' id='word_1_533' title='bbox 1242 4435 1403 4491; x_wconf 90' lang='lat' dir='ltr'><strong>etiam</strong></span> <span class='ocrx_word' id='word_1_534' title='bbox 1433 4452 1526 4492; x_wconf 90' lang='lat' dir='ltr'><strong>eas</strong></span> <span class='ocrx_word' id='word_1_535' title='bbox 1569 4448 1797 4494; x_wconf 84' lang='lat' dir='ltr'><strong>exornat</strong></span> <span class='ocrx_word' id='word_1_536' title='bbox 1834 4456 1920 4506; x_wconf 92' lang='lat' dir='ltr'><strong>eo,</strong></span> 
     </span>
    </p>
   </div>
   <div class='ocr_carea' id='block_1_78' title="bbox 2033 3237 3605 3313">
    <p class='ocr_par' dir='ltr' id='par_1_78' title="bbox 2033 3237 3605 3313">
     <span class='ocr_line' id='line_1_78' title="bbox 2033 3237 3605 3313; baseline 0.001 -20"><span class='ocrx_word' id='word_1_537' title='bbox 2033 3239 2211 3310; x_wconf 86' lang='grc' dir='ltr'>σῶμα,</span> <span class='ocrx_word' id='word_1_538' title='bbox 2254 3240 2347 3293; x_wconf 71' lang='grc' dir='ltr'>καὶ</span> <span class='ocrx_word' id='word_1_539' title='bbox 2384 3237 2494 3294; x_wconf 76' lang='grc' dir='ltr'>οἷόν</span> <span class='ocrx_word' id='word_1_540' title='bbox 2525 3255 2579 3295; x_wconf 88' lang='grc' dir='ltr'><strong>τι</strong></span> <span class='ocrx_word' id='word_1_541' title='bbox 2619 3242 2775 3311; x_wconf 84' lang='grc' dir='ltr'>νέφος</span> <span class='ocrx_word' id='word_1_542' title='bbox 2806 3240 3216 3308; x_wconf 82' lang='grc' dir='ltr'>ἀπολεπτύνων,</span> <span class='ocrx_word' id='word_1_543' title='bbox 3274 3241 3371 3295; x_wconf 74' lang='grc' dir='ltr'>καὶ</span> <span class='ocrx_word' id='word_1_544' title='bbox 3400 3241 3482 3313; x_wconf 82' lang='grc' dir='ltr'>τῷ</span> <span class='ocrx_word' id='word_1_545' title='bbox 3507 3241 3605 3295; x_wconf 88' lang='grc' dir='ltr'><strong>τοῦ</strong></span> 
     </span>
    </p>
   </div>
   <div class='ocr_carea' id='block_1_79' title="bbox 2026 3330 3605 3404">
    <p class='ocr_par' dir='ltr' id='par_1_79' title="bbox 2026 3330 3605 3404">
     <span class='ocr_line' id='line_1_79' title="bbox 2026 3330 3605 3404; baseline 0.002 -20"><span class='ocrx_word' id='word_1_546' title='bbox 2026 3330 2119 3384; x_wconf 84' lang='grc' dir='ltr'><strong>νοῦ</strong></span> <span class='ocrx_word' id='word_1_547' title='bbox 2177 3331 2316 3401; x_wconf 79' lang='grc' dir='ltr'>φωτὶ</span> <span class='ocrx_word' id='word_1_548' title='bbox 2378 3332 2637 3402; x_wconf 84' lang='grc' dir='ltr'>παρέχων</span> <span class='ocrx_word' id='word_1_549' title='bbox 2705 3331 3041 3404; x_wconf 83' lang='grc' dir='ltr'>ἐλευθερίαν.</span> <span class='ocrx_word' id='word_1_550' title='bbox 3088 3331 3292 3403; x_wconf 85' lang='grc' dir='ltr'>Ἔργον</span> <span class='ocrx_word' id='word_1_551' title='bbox 3341 3332 3399 3386; x_wconf 66' lang='grc' dir='ltr'>δὲ</span> <span class='ocrx_word' id='word_1_552' title='bbox 3453 3330 3605 3404; x_wconf 72' lang='grc' dir='ltr'>αὐτῷ</span> 
     </span>
    </p>
   </div>
   <div class='ocr_carea' id='block_1_80' title="bbox 2027 3423 3603 3498">
    <p class='ocr_par' dir='ltr' id='par_1_80' title="bbox 2027 3423 3603 3498">
     <span class='ocr_line' id='line_1_80' title="bbox 2027 3423 3603 3498; baseline 0 -20"><span class='ocrx_word' id='word_1_553' title='bbox 2027 3423 2467 3490; x_wconf 85' lang='grc' dir='ltr'>σπουδαιότατον,</span> <span class='ocrx_word' id='word_1_554' title='bbox 2518 3424 2627 3478; x_wconf 88' lang='grc' dir='ltr'><strong>τῶν</strong></span> <span class='ocrx_word' id='word_1_555' title='bbox 2675 3424 2834 3478; x_wconf 89' lang='grc' dir='ltr'>θείων</span> <span class='ocrx_word' id='word_1_556' title='bbox 2863 3425 3096 3498; x_wconf 83' lang='grc' dir='ltr'>Γραφῶν</span> <span class='ocrx_word' id='word_1_557' title='bbox 3132 3425 3347 3481; x_wconf 77' lang='grc' dir='ltr'>ἐπιέναι</span> <span class='ocrx_word' id='word_1_558' title='bbox 3383 3425 3483 3490; x_wconf 83' lang='grc' dir='ltr'><strong>τὰς</strong></span> <span class='ocrx_word' id='word_1_559' title='bbox 3516 3425 3603 3497; x_wconf 80' lang='grc' dir='ltr'><strong>βί-</strong></span> 
     </span>
    </p>
   </div>
   <div class='ocr_carea' id='block_1_81' title="bbox 2025 3514 3604 3593">
    <p class='ocr_par' dir='ltr' id='par_1_81' title="bbox 2025 3514 3604 3593">
     <span class='ocr_line' id='line_1_81' title="bbox 2025 3514 3604 3593; baseline 0.004 -24"><span class='ocrx_word' id='word_1_560' title='bbox 2025 3515 2184 3579; x_wconf 76' lang='grc' dir='ltr'>ϐλους</span> <span class='ocrx_word' id='word_1_561' title='bbox 2250 3516 2422 3581; x_wconf 78' lang='grc' dir='ltr'>οὕτως</span> <span class='ocrx_word' id='word_1_562' title='bbox 2483 3516 2759 3589; x_wconf 87' lang='grc' dir='ltr'>ἐμμελῶς,</span> <span class='ocrx_word' id='word_1_563' title='bbox 2786 3518 2863 3581; x_wconf 87' lang='grc' dir='ltr'>ὡς</span> <span class='ocrx_word' id='word_1_564' title='bbox 2895 3519 3049 3574; x_wconf 81' lang='grc' dir='ltr'>οὐδὲν</span> <span class='ocrx_word' id='word_1_565' title='bbox 3085 3514 3249 3593; x_wconf 81' lang='grc' dir='ltr'>ἦττον</span> <span class='ocrx_word' id='word_1_566' title='bbox 3300 3522 3604 3592; x_wconf 74' lang='grc' dir='ltr'>ἐγγράφειν</span> 
     </span>
    </p>
   </div>
   <div class='ocr_carea' id='block_1_82' title="bbox 2024 3608 3600 3686">
    <p class='ocr_par' dir='ltr' id='par_1_82' title="bbox 2024 3608 3600 3686">
     <span class='ocr_line' id='line_1_82' title="bbox 2024 3608 3600 3686; baseline 0.004 -24"><span class='ocrx_word' id='word_1_567' title='bbox 2024 3610 2090 3680; x_wconf 78' lang='grc' dir='ltr'>τῇ</span> <span class='ocrx_word' id='word_1_568' title='bbox 2119 3608 2328 3681; x_wconf 77' lang='grc' dir='ltr'>διανοίᾳ</span> <span class='ocrx_word' id='word_1_569' title='bbox 2367 3609 2475 3662; x_wconf 91' lang='grc' dir='ltr'><strong>τῶν</strong></span> <span class='ocrx_word' id='word_1_570' title='bbox 2515 3610 2855 3680; x_wconf 79' lang='grc' dir='ltr'>ἐγκειμένων</span> <span class='ocrx_word' id='word_1_571' title='bbox 2881 3611 2981 3683; x_wconf 80' lang='grc' dir='ltr'>τὴν</span> <span class='ocrx_word' id='word_1_572' title='bbox 3011 3612 3261 3685; x_wconf 84' lang='grc' dir='ltr'>δύναμιν,</span> <span class='ocrx_word' id='word_1_573' title='bbox 3292 3616 3387 3668; x_wconf 73' lang='grc' dir='ltr'>καὶ</span> <span class='ocrx_word' id='word_1_574' title='bbox 3419 3615 3600 3686; x_wconf 70' lang='grc' dir='ltr'>οἰκείᾳ</span> 
     </span>
    </p>
   </div>
   <div class='ocr_carea' id='block_1_83' title="bbox 2025 3702 3601 3779">
    <p class='ocr_par' dir='ltr' id='par_1_83' title="bbox 2025 3702 3601 3779">
     <span class='ocr_line' id='line_1_83' title="bbox 2025 3702 3601 3779; baseline 0.005 -25"><span class='ocrx_word' id='word_1_575' title='bbox 2025 3703 2170 3773; x_wconf 75' lang='grc' dir='ltr'>χειρὶ</span> <span class='ocrx_word' id='word_1_576' title='bbox 2196 3702 2292 3756; x_wconf 68' lang='grc' dir='ltr'>καὶ</span> <span class='ocrx_word' id='word_1_577' title='bbox 2350 3702 2580 3774; x_wconf 82' lang='grc' dir='ltr'>καμάτῳ</span> <span class='ocrx_word' id='word_1_578' title='bbox 2644 3702 2928 3759; x_wconf 82' lang='grc' dir='ltr'>δακτύλων</span> <span class='ocrx_word' id='word_1_579' title='bbox 2995 3706 3376 3779; x_wconf 81' lang='grc' dir='ltr'>διερμηνεύειν</span> <span class='ocrx_word' id='word_1_580' title='bbox 3405 3708 3601 3772; x_wconf 72' lang='grc' dir='ltr'>αὑτάς,</span> 
     </span>
    </p>
   </div>
   <div class='ocr_carea' id='block_1_84' title="bbox 2024 3797 3602 3874">
    <p class='ocr_par' dir='ltr' id='par_1_84' title="bbox 2024 3797 3602 3874">
     <span class='ocr_line' id='line_1_84' title="bbox 2024 3797 3602 3874; baseline 0.003 -23"><span class='ocrx_word' id='word_1_581' title='bbox 2024 3797 2214 3870; x_wconf 80' lang='grc' dir='ltr'>ὥσπερ</span> <span class='ocrx_word' id='word_1_582' title='bbox 2255 3799 2491 3870; x_wconf 73' lang='grc' dir='ltr'>εἴρηται,</span> <span class='ocrx_word' id='word_1_583' title='bbox 2526 3798 2620 3852; x_wconf 73' lang='grc' dir='ltr'>καὶ</span> <span class='ocrx_word' id='word_1_584' title='bbox 2648 3803 2794 3871; x_wconf 81' lang='grc' dir='ltr'>σαφῆ</span> <span class='ocrx_word' id='word_1_585' title='bbox 2834 3800 2903 3855; x_wconf 80' lang='grc' dir='ltr'><strong>τὰ</strong></span> <span class='ocrx_word' id='word_1_586' title='bbox 2934 3801 3219 3874; x_wconf 83' lang='grc' dir='ltr'>δύσληπτα</span> <span class='ocrx_word' id='word_1_587' title='bbox 3249 3802 3461 3859; x_wconf 80' lang='grc' dir='ltr'>τιθέναι</span> <span class='ocrx_word' id='word_1_588' title='bbox 3490 3805 3602 3868; x_wconf 87' lang='grc' dir='ltr'>τοῖς</span> 
     </span>
    </p>
   </div>
   <div class='ocr_carea' id='block_1_85' title="bbox 2026 3890 3601 3967">
    <p class='ocr_par' dir='ltr' id='par_1_85' title="bbox 2026 3890 3601 3967">
     <span class='ocr_line' id='line_1_85' title="bbox 2026 3890 3601 3967; baseline 0.005 -23"><span class='ocrx_word' id='word_1_589' title='bbox 2026 3890 2350 3960; x_wconf 85' lang='grc' dir='ltr'>φιλολόγοις,</span> <span class='ocrx_word' id='word_1_590' title='bbox 2376 3893 2435 3946; x_wconf 82' lang='grc' dir='ltr'>ὄν</span> <span class='ocrx_word' id='word_1_591' title='bbox 2464 3909 2523 3946; x_wconf 85' lang='grc' dir='ltr'><strong>τε</strong></span> <span class='ocrx_word' id='word_1_592' title='bbox 2548 3894 2713 3958; x_wconf 69' lang='grc' dir='ltr'>αὐτὸς</span> <span class='ocrx_word' id='word_1_593' title='bbox 2739 3895 2886 3967; x_wconf 84' lang='grc' dir='ltr'>πόνῳ</span> <span class='ocrx_word' id='word_1_594' title='bbox 2942 3894 3194 3962; x_wconf 82' lang='grc' dir='ltr'>συνέλεξε</span> <span class='ocrx_word' id='word_1_595' title='bbox 3224 3896 3372 3963; x_wconf 90' lang='grc' dir='ltr'>νοῦν,</span> <span class='ocrx_word' id='word_1_596' title='bbox 3411 3898 3601 3953; x_wconf 87' lang='grc' dir='ltr'>τοῦτον</span> 
     </span>
    </p>
   </div>
   <div class='ocr_carea' id='block_1_86' title="bbox 2025 3981 3598 4057">
    <p class='ocr_par' dir='ltr' id='par_1_86' title="bbox 2025 3981 3598 4057">
     <span class='ocr_line' id='line_1_86' title="bbox 2025 3981 3598 4057; baseline 0.003 -23"><span class='ocrx_word' id='word_1_597' title='bbox 2025 3981 2241 4046; x_wconf 84' lang='grc' dir='ltr'>ἀπόνως</span> <span class='ocrx_word' id='word_1_598' title='bbox 2297 3981 2568 4054; x_wconf 75' lang='grc' dir='ltr'>θηρᾶσθαι</span> <span class='ocrx_word' id='word_1_599' title='bbox 2633 3985 2896 4056; x_wconf 87' lang='grc' dir='ltr'>παρέχειν</span> <span class='ocrx_word' id='word_1_600' title='bbox 2936 3987 3048 4050; x_wconf 86' lang='grc' dir='ltr'>τοῖς</span> <span class='ocrx_word' id='word_1_601' title='bbox 3116 3986 3489 4057; x_wconf 87' lang='grc' dir='ltr'>βουλομένοις.</span> <span class='ocrx_word' id='word_1_602' title='bbox 3537 3988 3598 4040; x_wconf 83' lang='grc' dir='ltr'>Εἰ</span> 
     </span>
    </p>
   </div>
   <div class='ocr_carea' id='block_1_87' title="bbox 2024 4073 3602 4150">
    <p class='ocr_par' dir='ltr' id='par_1_87' title="bbox 2024 4073 3602 4150">
     <span class='ocr_line' id='line_1_87' title="bbox 2024 4073 3602 4150; baseline 0.004 -24"><span class='ocrx_word' id='word_1_603' title='bbox 2024 4073 2118 4128; x_wconf 81' lang='grc' dir='ltr'><strong>οῦν</strong></span> <span class='ocrx_word' id='word_1_604' title='bbox 2145 4074 2226 4139; x_wconf 74' lang='grc' dir='ltr'><strong>τὸ,</strong></span> <span class='ocrx_word' id='word_1_605' title='bbox 2265 4074 2448 4139; x_wconf 82' lang='grc' dir='ltr'>πόνοις</span> <span class='ocrx_word' id='word_1_606' title='bbox 2472 4077 2697 4141; x_wconf 78' lang='grc' dir='ltr'>οἰκείοις</span> <span class='ocrx_word' id='word_1_607' title='bbox 2733 4076 2896 4148; x_wconf 78' lang='grc' dir='ltr'>ἄρτον</span> <span class='ocrx_word' id='word_1_608' title='bbox 2926 4077 3149 4146; x_wconf 88' lang='grc' dir='ltr'>διδόναι,</span> <span class='ocrx_word' id='word_1_609' title='bbox 3178 4078 3374 4150; x_wconf 80' lang='grc' dir='ltr'>μισθοῦ</span> <span class='ocrx_word' id='word_1_610' title='bbox 3407 4079 3602 4148; x_wconf 75' lang='grc' dir='ltr'>πρόξε-</span> 
     </span>
    </p>
   </div>
   <div class='ocr_carea' id='block_1_88' title="bbox 2026 4164 3598 4244">
    <p class='ocr_par' dir='ltr' id='par_1_88' title="bbox 2026 4164 3598 4244">
     <span class='ocr_line' id='line_1_88' title="bbox 2026 4164 3598 4244; baseline 0.005 -27"><span class='ocrx_word' id='word_1_611' title='bbox 2026 4182 2134 4227; x_wconf 90' lang='grc' dir='ltr'>νον,</span> <span class='ocrx_word' id='word_1_612' title='bbox 2181 4165 2242 4218; x_wconf 77' lang='grc' dir='ltr'>τὸ</span> <span class='ocrx_word' id='word_1_613' title='bbox 2271 4164 2450 4237; x_wconf 70' lang='grc' dir='ltr'>ψυχὰς</span> <span class='ocrx_word' id='word_1_614' title='bbox 2503 4166 2646 4221; x_wconf 80' lang='grc' dir='ltr'>οῦτω</span> <span class='ocrx_word' id='word_1_615' title='bbox 2699 4167 2951 4240; x_wconf 87' lang='grc' dir='ltr'>τρέφειν,</span> <span class='ocrx_word' id='word_1_616' title='bbox 3011 4170 3187 4241; x_wconf 82' lang='grc' dir='ltr'>πόσης</span> <span class='ocrx_word' id='word_1_617' title='bbox 3244 4172 3364 4227; x_wconf 72' lang='grc' dir='ltr'>ἐστὶ</span> <span class='ocrx_word' id='word_1_618' title='bbox 3425 4172 3598 4244; x_wconf 79' lang='grc' dir='ltr'>δήπου</span> 
     </span>
    </p>
   </div>
   <div class='ocr_carea' id='block_1_89' title="bbox 2026 4254 3599 4333">
    <p class='ocr_par' dir='ltr' id='par_1_89' title="bbox 2026 4254 3599 4333">
     <span class='ocr_line' id='line_1_89' title="bbox 2026 4254 3599 4333; baseline 0.007 -28"><span class='ocrx_word' id='word_1_619' title='bbox 2026 4254 2314 4324; x_wconf 84' lang='grc' dir='ltr'>παραίτιον</span> <span class='ocrx_word' id='word_1_620' title='bbox 2372 4255 2834 4324; x_wconf 78' lang='grc' dir='ltr'>μισθαποδοσίαςς</span> <span class='ocrx_word' id='word_1_621' title='bbox 2893 4260 3063 4333; x_wconf 79' lang='grc' dir='ltr'>ταύτῃ</span> <span class='ocrx_word' id='word_1_622' title='bbox 3123 4261 3254 4332; x_wconf 87' lang='grc' dir='ltr'>γοῦν</span> <span class='ocrx_word' id='word_1_623' title='bbox 3295 4264 3393 4327; x_wconf 77' lang='grc' dir='ltr'><strong>τὰς</strong></span> <span class='ocrx_word' id='word_1_624' title='bbox 3452 4263 3599 4326; x_wconf 83' lang='grc' dir='ltr'>θείας</span> 
     </span>
    </p>
   </div>
   <div class='ocr_carea' id='block_1_90' title="bbox 2025 4346 3600 4424">
    <p class='ocr_par' dir='ltr' id='par_1_90' title="bbox 2025 4346 3600 4424">
     <span class='ocr_line' id='line_1_90' title="bbox 2025 4346 3600 4424; baseline 0.005 -24"><span class='ocrx_word' id='word_1_625' title='bbox 2025 4346 2399 4419; x_wconf 84' lang='grc' dir='ltr'>διερμηνεύων</span> <span class='ocrx_word' id='word_1_626' title='bbox 2456 4350 2702 4421; x_wconf 76' lang='grc' dir='ltr'>Γραφὰς,</span> <span class='ocrx_word' id='word_1_627' title='bbox 2759 4351 2963 4424; x_wconf 75' lang='grc' dir='ltr'>καὶτῷ</span> <span class='ocrx_word' id='word_1_628' title='bbox 3017 4353 3194 4424; x_wconf 70' lang='grc' dir='ltr'>ἠθικῷ</span> <span class='ocrx_word' id='word_1_629' title='bbox 3256 4354 3418 4410; x_wconf 84' lang='grc' dir='ltr'>πάλιν</span> <span class='ocrx_word' id='word_1_630' title='bbox 3476 4357 3600 4410; x_wconf 66' lang='grc' dir='ltr'>ἐπι-</span> 
     </span>
    </p>
   </div>
   <div class='ocr_carea' id='block_1_91' title="bbox 2026 4437 3597 4513">
    <p class='ocr_par' dir='ltr' id='par_1_91' title="bbox 2026 4437 3597 4513">
     <span class='ocr_line' id='line_1_91' title="bbox 2026 4437 3597 4513; baseline 0.004 -23"><span class='ocrx_word' id='word_1_631' title='bbox 2026 4440 2254 4506; x_wconf 85' lang='grc' dir='ltr'>κοσμεῖ·</span> <span class='ocrx_word' id='word_1_632' title='bbox 2290 4438 2365 4502; x_wconf 86' lang='grc' dir='ltr'>ὡς</span> <span class='ocrx_word' id='word_1_633' title='bbox 2402 4437 2463 4491; x_wconf 81' lang='grc' dir='ltr'>τὸ</span> <span class='ocrx_word' id='word_1_634' title='bbox 2494 4439 2592 4509; x_wconf 84' lang='grc' dir='ltr'>μὲν</span> <span class='ocrx_word' id='word_1_635' title='bbox 2648 4437 2788 4493; x_wconf 77' lang='grc' dir='ltr'>εἶναι</span> <span class='ocrx_word' id='word_1_636' title='bbox 2832 4442 2967 4513; x_wconf 73' lang='grc' dir='ltr'>πρὸς</span> <span class='ocrx_word' id='word_1_637' title='bbox 3018 4442 3297 4512; x_wconf 77' lang='grc' dir='ltr'>φωτισμὸν</span> <span class='ocrx_word' id='word_1_638' title='bbox 3334 4442 3597 4506; x_wconf 84' lang='grc' dir='ltr'>διανοίας.</span> 
     </span>
    </p>
   </div>
   <div class='ocr_carea' id='block_1_92' title="bbox 352 4520 1925 4604">
    <p class='ocr_par' dir='ltr' id='par_1_92' title="bbox 352 4523 1923 4600">
     <span class='ocr_line' id='line_1_92' title="bbox 352 4523 1923 4600; baseline 0.008 -24"><span class='ocrx_word' id='word_1_639' title='bbox 352 4523 495 4592; x_wconf 89' lang='lat' dir='ltr'><strong>quod</strong></span> <span class='ocrx_word' id='word_1_640' title='bbox 522 4523 589 4578; x_wconf 89' lang='lat' dir='ltr'><strong>ad</strong></span> <span class='ocrx_word' id='word_1_641' title='bbox 623 4539 802 4580; x_wconf 88' lang='lat' dir='ltr'><strong>mores</strong></span> <span class='ocrx_word' id='word_1_642' title='bbox 835 4526 1073 4595; x_wconf 89' lang='lat' dir='ltr'><strong>pertinet</strong></span> <span class='ocrx_word' id='word_1_643' title='bbox 1101 4542 1114 4580; x_wconf 92' lang='lat'>:</span> <span class='ocrx_word' id='word_1_644' title='bbox 1177 4536 1235 4581; x_wconf 93' lang='lat' dir='ltr'><strong>ut</strong></span> <span class='ocrx_word' id='word_1_645' title='bbox 1276 4528 1405 4584; x_wconf 92' lang='lat' dir='ltr'><strong>illud</strong></span> <span class='ocrx_word' id='word_1_646' title='bbox 1437 4531 1654 4600; x_wconf 89' lang='lat' dir='ltr'><strong>quidem</strong></span> <span class='ocrx_word' id='word_1_647' title='bbox 1682 4544 1827 4588; x_wconf 88' lang='lat' dir='ltr'><strong>esset</strong></span> <span class='ocrx_word' id='word_1_648' title='bbox 1856 4535 1923 4589; x_wconf 87' lang='lat' dir='ltr'><strong>ad</strong></span> 
     </span>
    </p>
   </div>
   <div class='ocr_carea' id='block_1_93' title="bbox 2026 4520 3595 4604">
    <p class='ocr_par' dir='ltr' id='par_1_93' title="bbox 2027 4529 3595 4604">
     <span class='ocr_line' id='line_1_93' title="bbox 2027 4529 3595 4604; baseline 0.002 -20"><span class='ocrx_word' id='word_1_649' title='bbox 2027 4529 2089 4584; x_wconf 79' lang='grc' dir='ltr'>τὸ</span> <span class='ocrx_word' id='word_1_650' title='bbox 2120 4529 2176 4583; x_wconf 83' lang='grc' dir='ltr'>δὲ</span> <span class='ocrx_word' id='word_1_651' title='bbox 2208 4530 2342 4601; x_wconf 80' lang='grc' dir='ltr'>πρὸς</span> <span class='ocrx_word' id='word_1_652' title='bbox 2366 4529 2515 4600; x_wconf 80' lang='grc' dir='ltr'>ἠθῶν</span> <span class='ocrx_word' id='word_1_653' title='bbox 2548 4531 2890 4604; x_wconf 84' lang='grc' dir='ltr'>ἐπιμέλειαν.</span> <span class='ocrx_word' id='word_1_654' title='bbox 2924 4534 2994 4586; x_wconf 84' lang='grc' dir='ltr'><strong>Ἢ</strong></span> <span class='ocrx_word' id='word_1_655' title='bbox 3029 4534 3228 4603; x_wconf 81' lang='grc' dir='ltr'>μᾶλλον</span> <span class='ocrx_word' id='word_1_656' title='bbox 3256 4534 3401 4589; x_wconf 78' lang='grc' dir='ltr'>οὕτω</span> <span class='ocrx_word' id='word_1_657' title='bbox 3431 4537 3595 4588; x_wconf 87' lang='grc' dir='ltr'>ποιεῖ·</span> 
     </span>
    </p>
   </div>
   <div class='ocr_carea' id='block_1_94' title="bbox 354 4618 1924 4686">
    <p class='ocr_par' dir='ltr' id='par_1_94' title="bbox 354 4618 1924 4686">
     <span class='ocr_line' id='line_1_94' title="bbox 354 4618 1924 4686; baseline 0.006 -17"><span class='ocrx_word' id='word_1_658' title='bbox 354 4618 552 4674; x_wconf 87' lang='lat' dir='ltr'><strong>ruentis</strong></span> <span class='ocrx_word' id='word_1_659' title='bbox 582 4618 1054 4686; x_wconf 77' lang='lat' dir='ltr'><strong>illum&#39;nationem,</strong></span> <span class='ocrx_word' id='word_1_660' title='bbox 1094 4620 1197 4675; x_wconf 92' lang='lat' dir='ltr'><strong>hoc</strong></span> <span class='ocrx_word' id='word_1_661' title='bbox 1221 4629 1397 4677; x_wconf 86' lang='lat' dir='ltr'><strong>autem</strong></span> <span class='ocrx_word' id='word_1_662' title='bbox 1422 4624 1486 4676; x_wconf 90' lang='lat' dir='ltr'><strong>ad</strong></span> <span class='ocrx_word' id='word_1_663' title='bbox 1502 4639 1713 4678; x_wconf 89' lang='lat' dir='ltr'><strong>morum</strong></span> <span class='ocrx_word' id='word_1_664' title='bbox 1741 4641 1924 4680; x_wconf 77' lang='lat' dir='ltr'><strong>curaui</strong></span> 
     </span>
    </p>
   </div>
   <div class='ocr_carea' id='block_1_95' title="bbox 352 4711 1927 4784">
    <p class='ocr_par' dir='ltr' id='par_1_95' title="bbox 352 4711 1927 4784">
     <span class='ocr_line' id='line_1_95' title="bbox 352 4711 1927 4784; baseline 0.005 -21"><span class='ocrx_word' id='word_1_665' title='bbox 352 4711 683 4781; x_wconf 83' lang='lat' dir='ltr'><strong>gerendam:</strong></span> <span class='ocrx_word' id='word_1_666' title='bbox 719 4721 830 4778; x_wconf 91' lang='lat' dir='ltr'><strong>aut,</strong></span> <span class='ocrx_word' id='word_1_667' title='bbox 883 4712 927 4765; x_wconf 91' lang='lat' dir='ltr'><strong>si</strong></span> <span class='ocrx_word' id='word_1_668' title='bbox 969 4713 1162 4776; x_wconf 89' lang='lat' dir='ltr'><strong>mavis,</strong></span> <span class='ocrx_word' id='word_1_669' title='bbox 1214 4712 1309 4773; x_wconf 82' lang='lat' dir='ltr'><strong>illo</strong></span> <span class='ocrx_word' id='word_1_670' title='bbox 1367 4714 1584 4784; x_wconf 91' lang='lat' dir='ltr'><strong>quidem</strong></span> <span class='ocrx_word' id='word_1_671' title='bbox 1635 4715 1927 4773; x_wconf 88' lang='lat' dir='ltr'><strong>illustraret</strong></span> 
     </span>
    </p>
   </div>
   <div class='ocr_carea' id='block_1_96' title="bbox 352 4803 1919 4877">
    <p class='ocr_par' dir='ltr' id='par_1_96' title="bbox 352 4803 1919 4877">
     <span class='ocr_line' id='line_1_96' title="bbox 352 4803 1919 4877; baseline 0.004 -19"><span class='ocrx_word' id='word_1_672' title='bbox 352 4803 528 4858; x_wconf 86' lang='lat' dir='ltr'><strong>solum</strong></span> <span class='ocrx_word' id='word_1_673' title='bbox 562 4804 780 4859; x_wconf 88' lang='lat' dir='ltr'><strong>divitias</strong></span> <span class='ocrx_word' id='word_1_674' title='bbox 806 4804 1049 4875; x_wconf 88' lang='lat' dir='ltr'><strong>spiritus,</strong></span> <span class='ocrx_word' id='word_1_675' title='bbox 1079 4822 1199 4875; x_wconf 68' lang='lat' dir='ltr'><strong>qua:</strong></span> <span class='ocrx_word' id='word_1_676' title='bbox 1242 4806 1428 4877; x_wconf 90' lang='lat' dir='ltr'><strong>jacent</strong></span> <span class='ocrx_word' id='word_1_677' title='bbox 1481 4808 1535 4861; x_wconf 89' lang='lat' dir='ltr'><strong>in</strong></span> <span class='ocrx_word' id='word_1_678' title='bbox 1598 4809 1870 4877; x_wconf 90' lang='lat' dir='ltr'><strong>profundo</strong></span> <span class='ocrx_word' id='word_1_679' title='bbox 1907 4826 1919 4863; x_wconf 92' lang='lat'><strong>:</strong></span> 
     </span>
    </p>
   </div>
   <div class='ocr_carea' id='block_1_97' title="bbox 354 4894 1917 4968">
    <p class='ocr_par' dir='ltr' id='par_1_97' title="bbox 354 4894 1917 4968">
     <span class='ocr_line' id='line_1_97' title="bbox 354 4894 1917 4968; baseline 0.004 -20"><span class='ocrx_word' id='word_1_680' title='bbox 354 4894 458 4949; x_wconf 90' lang='lat' dir='ltr'><strong>hoc</strong></span> <span class='ocrx_word' id='word_1_681' title='bbox 486 4908 615 4949; x_wconf 86' lang='lat' dir='ltr'><strong>vero</strong></span> <span class='ocrx_word' id='word_1_682' title='bbox 641 4896 802 4949; x_wconf 86' lang='lat' dir='ltr'><strong>etiam</strong></span> <span class='ocrx_word' id='word_1_683' title='bbox 840 4905 1028 4965; x_wconf 73' lang='lat' dir='ltr'><strong>aperte</strong></span> <span class='ocrx_word' id='word_1_684' title='bbox 1062 4897 1375 4964; x_wconf 83' lang='lat' dir='ltr'><strong>deduceret,</strong></span> <span class='ocrx_word' id='word_1_685' title='bbox 1418 4907 1475 4953; x_wconf 93' lang='lat' dir='ltr'><strong>ut</strong></span> <span class='ocrx_word' id='word_1_686' title='bbox 1494 4899 1615 4968; x_wconf 88' lang='lat' dir='ltr'><strong>ejus</strong></span> <span class='ocrx_word' id='word_1_687' title='bbox 1670 4915 1917 4955; x_wconf 88' lang='lat' dir='ltr'><strong>essemus</strong></span> 
     </span>
    </p>
   </div>
   <div class='ocr_carea' id='block_1_98' title="bbox 352 4987 1922 5063">
    <p class='ocr_par' dir='ltr' id='par_1_98' title="bbox 352 4987 1922 5063">
     <span class='ocr_line' id='line_1_98' title="bbox 352 4987 1922 5063; baseline 0.004 -22"><span class='ocrx_word' id='word_1_688' title='bbox 352 4987 665 5057; x_wconf 89' lang='lat' dir='ltr'><strong>participes.</strong></span> <span class='ocrx_word' id='word_1_689' title='bbox 707 4988 765 5041; x_wconf 91' lang='lat' dir='ltr'><strong>ln</strong></span> <span class='ocrx_word' id='word_1_690' title='bbox 800 4987 901 5044; x_wconf 88' lang='lat' dir='ltr'><strong>hac</strong></span> <span class='ocrx_word' id='word_1_691' title='bbox 925 4997 1072 5059; x_wconf 89' lang='lat' dir='ltr'><strong>grata</strong></span> <span class='ocrx_word' id='word_1_692' title='bbox 1125 4991 1308 5060; x_wconf 86' lang='lat' dir='ltr'><strong>quiete</strong></span> <span class='ocrx_word' id='word_1_693' title='bbox 1367 4992 1647 5047; x_wconf 87' lang='lat' dir='ltr'><strong>etsileutio</strong></span> <span class='ocrx_word' id='word_1_694' title='bbox 1699 5008 1922 5063; x_wconf 82' lang='lat' dir='ltr'><strong>compo-</strong></span> 
     </span>
    </p>
   </div>
   <div class='ocr_carea' id='block_1_99' title="bbox 352 5079 1921 5155">
    <p class='ocr_par' dir='ltr' id='par_1_99' title="bbox 352 5079 1921 5155">
     <span class='ocr_line' id='line_1_99' title="bbox 352 5079 1921 5155; baseline 0.004 -23"><span class='ocrx_word' id='word_1_695' title='bbox 352 5087 557 5134; x_wconf 91' lang='lat' dir='ltr'><strong>nuntur</strong></span> <span class='ocrx_word' id='word_1_696' title='bbox 579 5079 648 5134; x_wconf 89' lang='lat' dir='ltr'><strong>ab</strong></span> <span class='ocrx_word' id='word_1_697' title='bbox 685 5095 751 5135; x_wconf 87' lang='lat' dir='ltr'><strong>eo</strong></span> <span class='ocrx_word' id='word_1_698' title='bbox 772 5081 894 5136; x_wconf 88' lang='lat' dir='ltr'><strong>libri</strong></span> <span class='ocrx_word' id='word_1_699' title='bbox 924 5081 992 5138; x_wconf 90' lang='lat' dir='ltr'><strong>de</strong></span> <span class='ocrx_word' id='word_1_700' title='bbox 1012 5083 1316 5140; x_wconf 88' lang='lat' dir='ltr'><strong>sacerdotio</strong></span> <span class='ocrx_word' id='word_1_701' title='bbox 1347 5100 1360 5136; x_wconf 90' lang='lat'><strong>:</strong></span> <span class='ocrx_word' id='word_1_702' title='bbox 1393 5084 1449 5138; x_wconf 91' lang='lat' dir='ltr'><strong>in</strong></span> <span class='ocrx_word' id='word_1_703' title='bbox 1491 5085 1689 5155; x_wconf 89' lang='lat' dir='ltr'><strong>quibus</strong></span> <span class='ocrx_word' id='word_1_704' title='bbox 1719 5094 1921 5155; x_wconf 89' lang='lat' dir='ltr'><strong>quanta</strong></span> 
     </span>
    </p>
   </div>
   <div class='ocr_carea' id='block_1_100' title="bbox 352 5169 1923 5245">
    <p class='ocr_par' dir='ltr' id='par_1_100' title="bbox 352 5169 1923 5245">
     <span class='ocr_line' id='line_1_100' title="bbox 352 5169 1923 5245; baseline 0.005 -21"><span class='ocrx_word' id='word_1_705' title='bbox 352 5169 572 5242; x_wconf 83' lang='lat' dir='ltr'><strong>quidem</strong></span> <span class='ocrx_word' id='word_1_706' title='bbox 598 5170 671 5225; x_wconf 87' lang='lat' dir='ltr'><strong>sit</strong></span> <span class='ocrx_word' id='word_1_707' title='bbox 697 5171 936 5242; x_wconf 78' lang='lat' dir='ltr'><strong>dignitas</strong></span> <span class='ocrx_word' id='word_1_708' title='bbox 960 5174 1270 5241; x_wconf 89' lang='lat' dir='ltr'><strong>sacerdotii,</strong></span> <span class='ocrx_word' id='word_1_709' title='bbox 1306 5175 1517 5245; x_wconf 89' lang='lat' dir='ltr'><strong>qualem</strong></span> <span class='ocrx_word' id='word_1_710' title='bbox 1564 5185 1744 5231; x_wconf 86' lang='lat' dir='ltr'><strong>autem</strong></span> <span class='ocrx_word' id='word_1_711' title='bbox 1802 5192 1923 5232; x_wconf 89' lang='lat' dir='ltr'><strong>esse</strong></span> 
     </span>
    </p>
   </div>
   <div class='ocr_carea' id='block_1_101' title="bbox 350 5254 1923 5338">
    <p class='ocr_par' dir='ltr' id='par_1_101' title="bbox 350 5254 1923 5338">
     <span class='ocr_line' id='line_1_101' title="bbox 350 5254 1923 5338; baseline 0.006 -25"><span class='ocrx_word' id='word_1_712' title='bbox 350 5268 601 5331; x_wconf 83' lang='lat' dir='ltr'><strong>oporteat</strong></span> <span class='ocrx_word' id='word_1_713' title='bbox 623 5274 773 5326; x_wconf 87' lang='lat' dir='ltr'><strong>eum,</strong></span> <span class='ocrx_word' id='word_1_714' title='bbox 792 5264 883 5333; x_wconf 89' lang='lat' dir='ltr'><strong>qui</strong></span> <span class='ocrx_word' id='word_1_715' title='bbox 908 5263 1012 5320; x_wconf 88' lang='lat' dir='ltr'><strong>hoc</strong></span> <span class='ocrx_word' id='word_1_716' title='bbox 1032 5274 1116 5320; x_wconf 90' lang='lat' dir='ltr'><strong>est</strong></span> <span class='ocrx_word' id='word_1_717' title='bbox 1145 5267 1418 5338; x_wconf 85' lang='lat' dir='ltr'><strong>dignatus,</strong></span> <span class='ocrx_word' id='word_1_718' title='bbox 1463 5254 1715 5334; x_wconf 81' lang='lat' dir='ltr'><strong>accurate</strong></span> <span class='ocrx_word' id='word_1_719' title='bbox 1736 5276 1923 5324; x_wconf 86' lang='lat' dir='ltr'><strong>osten-</strong></span> 
     </span>
    </p>
   </div>
   <div class='ocr_carea' id='block_1_102' title="bbox 350 5352 1923 5432">
    <p class='ocr_par' dir='ltr' id='par_1_102' title="bbox 350 5352 1923 5432">
     <span class='ocr_line' id='line_1_102' title="bbox 350 5352 1923 5432; baseline 0.004 -24"><span class='ocrx_word' id='word_1_720' title='bbox 350 5354 450 5412; x_wconf 88' lang='lat' dir='ltr'><strong>dit.</strong></span> <span class='ocrx_word' id='word_1_721' title='bbox 485 5352 639 5411; x_wconf 85' lang='lat' dir='ltr'><strong>Tunc</strong></span> <span class='ocrx_word' id='word_1_722' title='bbox 667 5356 828 5412; x_wconf 87' lang='lat' dir='ltr'><strong>etiam</strong></span> <span class='ocrx_word' id='word_1_723' title='bbox 844 5358 1345 5417; x_wconf 88' lang='lat' dir='ltr'><strong>scribitorationem</strong></span> <span class='ocrx_word' id='word_1_724' title='bbox 1378 5362 1445 5416; x_wconf 88' lang='lat' dir='ltr'><strong>ad</strong></span> <span class='ocrx_word' id='word_1_725' title='bbox 1471 5362 1760 5432; x_wconf 85' lang='lat' dir='ltr'><strong>quamdam</strong></span> <span class='ocrx_word' id='word_1_726' title='bbox 1800 5361 1923 5415; x_wconf 88' lang='lat' dir='ltr'><strong>illu-</strong></span> 
     </span>
    </p>
   </div>
   <div class='ocr_carea' id='block_1_103' title="bbox 352 5447 1917 5522">
    <p class='ocr_par' dir='ltr' id='par_1_103' title="bbox 352 5447 1917 5522">
     <span class='ocr_line' id='line_1_103' title="bbox 352 5447 1917 5522; baseline 0.004 -20"><span class='ocrx_word' id='word_1_727' title='bbox 352 5458 519 5503; x_wconf 86' lang='lat' dir='ltr'><strong>strem</strong></span> <span class='ocrx_word' id='word_1_728' title='bbox 545 5447 851 5511; x_wconf 87' lang='lat' dir='ltr'><strong>mulierem,</strong></span> <span class='ocrx_word' id='word_1_729' title='bbox 884 5465 1004 5519; x_wconf 68' lang='lat' dir='ltr'><strong>qua:</strong></span> <span class='ocrx_word' id='word_1_730' title='bbox 1062 5454 1223 5522; x_wconf 90' lang='lat' dir='ltr'><strong>paulo</strong></span> <span class='ocrx_word' id='word_1_731' title='bbox 1250 5461 1376 5508; x_wconf 89' lang='lat' dir='ltr'><strong>ante</strong></span> <span class='ocrx_word' id='word_1_732' title='bbox 1438 5454 1653 5509; x_wconf 88' lang='lat' dir='ltr'><strong>viderat</strong></span> <span class='ocrx_word' id='word_1_733' title='bbox 1701 5461 1917 5508; x_wconf 91' lang='lat' dir='ltr'><strong>noctem</strong></span> 
     </span>
    </p>
   </div>
   <div class='ocr_carea' id='block_1_104' title="bbox 348 5541 1921 5618">
    <p class='ocr_par' dir='ltr' id='par_1_104' title="bbox 348 5541 1921 5618">
     <span class='ocr_line' id='line_1_104' title="bbox 348 5541 1921 5618; baseline 0.004 -24"><span class='ocrx_word' id='word_1_734' title='bbox 348 5541 650 5606; x_wconf 77' lang='lat' dir='ltr'><strong>viduitatis,</strong></span> <span class='ocrx_word' id='word_1_735' title='bbox 690 5549 747 5596; x_wconf 85' lang='lat' dir='ltr'><strong>et</strong></span> <span class='ocrx_word' id='word_1_736' title='bbox 766 5557 960 5613; x_wconf 82' lang='lat' dir='ltr'><strong>magno</strong></span> <span class='ocrx_word' id='word_1_737' title='bbox 999 5545 1147 5602; x_wconf 88' lang='lat' dir='ltr'><strong>luctu</strong></span> <span class='ocrx_word' id='word_1_738' title='bbox 1189 5548 1536 5618; x_wconf 85' lang='lat' dir='ltr'><strong>gravabatur,</strong></span> <span class='ocrx_word' id='word_1_739' title='bbox 1583 5561 1702 5601; x_wconf 89' lang='lat' dir='ltr'><strong>eam</strong></span> <span class='ocrx_word' id='word_1_740' title='bbox 1728 5545 1921 5600; x_wconf 88' lang='lat' dir='ltr'><strong>leniter</strong></span> 
     </span>
    </p>
   </div>
   <div class='ocr_carea' id='block_1_105' title="bbox 348 5633 1916 5694">
    <p class='ocr_par' dir='ltr' id='par_1_105' title="bbox 348 5633 1916 5694">
     <span class='ocr_line' id='line_1_105' title="bbox 348 5633 1916 5694; baseline 0.003 -11"><span class='ocrx_word' id='word_1_741' title='bbox 348 5645 626 5694; x_wconf 86' lang='lat' dir='ltr'><strong>recreans,</strong></span> <span class='ocrx_word' id='word_1_742' title='bbox 660 5639 715 5684; x_wconf 85' lang='lat' dir='ltr'><strong>et</strong></span> <span class='ocrx_word' id='word_1_743' title='bbox 787 5633 1084 5689; x_wconf 88' lang='lat' dir='ltr'><strong>ostendens</strong></span> <span class='ocrx_word' id='word_1_744' title='bbox 1125 5636 1443 5691; x_wconf 81' lang='lat' dir='ltr'><strong>vrduitatem</strong></span> <span class='ocrx_word' id='word_1_745' title='bbox 1496 5651 1609 5691; x_wconf 90' lang='lat' dir='ltr'><strong>non</strong></span> <span class='ocrx_word' id='word_1_746' title='bbox 1635 5649 1756 5690; x_wconf 87' lang='lat' dir='ltr'><strong>esse</strong></span> <span class='ocrx_word' id='word_1_747' title='bbox 1804 5650 1916 5688; x_wconf 90' lang='lat' dir='ltr'><strong>rem</strong></span> 
     </span>
    </p>
   </div>
   <div class='ocr_carea' id='block_1_106' title="bbox 346 5721 1917 5799">
    <p class='ocr_par' dir='ltr' id='par_1_106' title="bbox 346 5721 1917 5799">
     <span class='ocr_line' id='line_1_106' title="bbox 346 5721 1917 5799; baseline 0.001 -22"><span class='ocrx_word' id='word_1_748' title='bbox 346 5722 510 5779; x_wconf 84' lang='lat' dir='ltr'><strong>vilem</strong></span> <span class='ocrx_word' id='word_1_749' title='bbox 534 5730 590 5777; x_wconf 89' lang='lat' dir='ltr'><strong>et</strong></span> <span class='ocrx_word' id='word_1_750' title='bbox 611 5721 873 5792; x_wconf 75' lang='lat' dir='ltr'><strong>abiectam</strong></span> <span class='ocrx_word' id='word_1_751' title='bbox 900 5744 913 5780; x_wconf 92' lang='lat'><strong>:</strong></span> <span class='ocrx_word' id='word_1_752' title='bbox 949 5727 1044 5782; x_wconf 88' lang='lat' dir='ltr'><strong>sed</strong></span> <span class='ocrx_word' id='word_1_753' title='bbox 1073 5741 1320 5799; x_wconf 85' lang='lat' dir='ltr'><strong>magnam</strong></span> <span class='ocrx_word' id='word_1_754' title='bbox 1342 5738 1397 5783; x_wconf 85' lang='lat' dir='ltr'><strong>et</strong></span> <span class='ocrx_word' id='word_1_755' title='bbox 1415 5726 1780 5782; x_wconf 83' lang='lat' dir='ltr'><strong>venerandam</strong></span> <span class='ocrx_word' id='word_1_756' title='bbox 1798 5740 1917 5780; x_wconf 88' lang='lat' dir='ltr'><strong>esse</strong></span> 
     </span>
    </p>
   </div>
   <div class='ocr_carea' id='block_1_107' title="bbox 346 5810 1917 5889">
    <p class='ocr_par' dir='ltr' id='par_1_107' title="bbox 346 5810 1917 5889">
     <span class='ocr_line' id='line_1_107' title="bbox 346 5810 1917 5889; baseline 0.003 -23"><span class='ocrx_word' id='word_1_757' title='bbox 346 5812 465 5884; x_wconf 88' lang='lat' dir='ltr'><strong>ejus</strong></span> <span class='ocrx_word' id='word_1_758' title='bbox 494 5810 833 5883; x_wconf 81' lang='lat' dir='ltr'><strong>dignitatem,</strong></span> <span class='ocrx_word' id='word_1_759' title='bbox 869 5831 1097 5887; x_wconf 84' lang='lat' dir='ltr'><strong>eamque</strong></span> <span class='ocrx_word' id='word_1_760' title='bbox 1136 5816 1345 5889; x_wconf 81' lang='lat' dir='ltr'><strong>magnis</strong></span> <span class='ocrx_word' id='word_1_761' title='bbox 1376 5817 1630 5874; x_wconf 77' lang='lat' dir='ltr'><strong>laudibus</strong></span> <span class='ocrx_word' id='word_1_762' title='bbox 1671 5829 1791 5872; x_wconf 83' lang='lat' dir='ltr'><strong>esse</strong></span> <span class='ocrx_word' id='word_1_763' title='bbox 1827 5815 1917 5870; x_wconf 85' lang='lat' dir='ltr'><strong>di-</strong></span> 
     </span>
    </p>
   </div>
   <div class='ocr_carea' id='block_1_108' title="bbox 2025 4623 3599 4698">
    <p class='ocr_par' dir='ltr' id='par_1_108' title="bbox 2025 4623 3599 4698">
     <span class='ocr_line' id='line_1_108' title="bbox 2025 4623 3599 4698; baseline 0.004 -24"><span class='ocrx_word' id='word_1_764' title='bbox 2025 4623 2104 4693; x_wconf 86' lang='grc' dir='ltr'>τῷ</span> <span class='ocrx_word' id='word_1_765' title='bbox 2134 4623 2232 4694; x_wconf 81' lang='grc' dir='ltr'>μὲν</span> <span class='ocrx_word' id='word_1_766' title='bbox 2257 4623 2568 4692; x_wconf 73' lang='grc' dir='ltr'>διαφωτίζει</span> <span class='ocrx_word' id='word_1_767' title='bbox 2605 4626 2765 4695; x_wconf 89' lang='grc' dir='ltr'>μόνον</span> <span class='ocrx_word' id='word_1_768' title='bbox 2795 4625 2887 4680; x_wconf 80' lang='grc' dir='ltr'>τὸν</span> <span class='ocrx_word' id='word_1_769' title='bbox 2927 4628 3313 4698; x_wconf 87' lang='grc' dir='ltr'>κεκρυμμένον</span> <span class='ocrx_word' id='word_1_770' title='bbox 3369 4627 3599 4683; x_wconf 88' lang='grc' dir='ltr'>πλοῦτον</span> 
     </span>
    </p>
   </div>
   <div class='ocr_carea' id='block_1_109' title="bbox 2024 4714 3592 4790">
    <p class='ocr_par' dir='ltr' id='par_1_109' title="bbox 2024 4714 3592 4790">
     <span class='ocr_line' id='line_1_109' title="bbox 2024 4714 3592 4790; baseline 0.003 -23"><span class='ocrx_word' id='word_1_771' title='bbox 2024 4714 2119 4768; x_wconf 92' lang='grc' dir='ltr'><strong>τοῦ</strong></span> <span class='ocrx_word' id='word_1_772' title='bbox 2164 4715 2501 4786; x_wconf 86' lang='grc' dir='ltr'>πνεύματος,</span> <span class='ocrx_word' id='word_1_773' title='bbox 2546 4717 2622 4787; x_wconf 82' lang='grc' dir='ltr'>τῷ</span> <span class='ocrx_word' id='word_1_774' title='bbox 2657 4716 2734 4781; x_wconf 82' lang='grc' dir='ltr'>δὲ,</span> <span class='ocrx_word' id='word_1_775' title='bbox 2766 4717 2915 4780; x_wconf 82' lang='grc' dir='ltr'>ὅπως</span> <span class='ocrx_word' id='word_1_776' title='bbox 2939 4718 3005 4771; x_wconf 83' lang='grc' dir='ltr'>ἂν</span> <span class='ocrx_word' id='word_1_777' title='bbox 3056 4719 3150 4771; x_wconf 77' lang='grc' dir='ltr'>καὶ</span> <span class='ocrx_word' id='word_1_778' title='bbox 3213 4718 3592 4790; x_wconf 82' lang='grc' dir='ltr'>μετάσχωμεν,</span> 
     </span>
    </p>
   </div>
   <div class='ocr_carea' id='block_1_110' title="bbox 2027 4806 3597 4882">
    <p class='ocr_par' dir='ltr' id='par_1_110' title="bbox 2027 4806 3597 4882">
     <span class='ocr_line' id='line_1_110' title="bbox 2027 4806 3597 4882; baseline 0.004 -23"><span class='ocrx_word' id='word_1_779' title='bbox 2027 4807 2212 4874; x_wconf 87' lang='grc' dir='ltr'>σαφῶς</span> <span class='ocrx_word' id='word_1_780' title='bbox 2276 4806 2606 4863; x_wconf 66' lang='grc' dir='ltr'>ἐκδιδάσκει.</span> <span class='ocrx_word' id='word_1_781' title='bbox 2656 4806 2744 4862; x_wconf 81' lang='grc' dir='ltr'>Ἐν</span> <span class='ocrx_word' id='word_1_782' title='bbox 2810 4808 2983 4881; x_wconf 80' lang='grc' dir='ltr'>ταύτῃ</span> <span class='ocrx_word' id='word_1_783' title='bbox 3024 4812 3091 4882; x_wconf 80' lang='grc' dir='ltr'><strong>τῇ</strong></span> <span class='ocrx_word' id='word_1_784' title='bbox 3148 4809 3431 4882; x_wconf 82' lang='grc' dir='ltr'>φιλησύχῳ</span> <span class='ocrx_word' id='word_1_785' title='bbox 3485 4812 3597 4864; x_wconf 87' lang='grc' dir='ltr'>δια-</span> 
     </span>
    </p>
   </div>
   <div class='ocr_carea' id='block_1_111' title="bbox 2026 4899 3596 4972">
    <p class='ocr_par' dir='ltr' id='par_1_111' title="bbox 2026 4899 3596 4972">
     <span class='ocr_line' id='line_1_111' title="bbox 2026 4899 3596 4972; baseline 0.004 -21"><span class='ocrx_word' id='word_1_786' title='bbox 2026 4901 2205 4967; x_wconf 79' lang='grc' dir='ltr'>γωγῇ,</span> <span class='ocrx_word' id='word_1_787' title='bbox 2256 4899 2349 4952; x_wconf 77' lang='grc' dir='ltr'>καὶ</span> <span class='ocrx_word' id='word_1_788' title='bbox 2380 4900 2427 4952; x_wconf 84' lang='grc' dir='ltr'>οἱ</span> <span class='ocrx_word' id='word_1_789' title='bbox 2456 4900 2583 4969; x_wconf 75' lang='grc' dir='ltr'>περὶ</span> <span class='ocrx_word' id='word_1_790' title='bbox 2612 4900 2709 4969; x_wconf 79' lang='grc' dir='ltr'>τῆς</span> <span class='ocrx_word' id='word_1_791' title='bbox 2764 4901 3065 4972; x_wconf 76' lang='grc' dir='ltr'>ἱερωσύνης</span> <span class='ocrx_word' id='word_1_792' title='bbox 3094 4902 3242 4972; x_wconf 80' lang='grc' dir='ltr'>αὐτῷ</span> <span class='ocrx_word' id='word_1_793' title='bbox 3276 4904 3596 4957; x_wconf 82' lang='grc' dir='ltr'>συντάττον-</span> 
     </span>
    </p>
   </div>
   <div class='ocr_carea' id='block_1_112' title="bbox 2023 4984 3591 5065">
    <p class='ocr_par' dir='ltr' id='par_1_112' title="bbox 2023 4984 3591 5065">
     <span class='ocr_line' id='line_1_112' title="bbox 2023 4984 3591 5065; baseline 0.004 -23"><span class='ocrx_word' id='word_1_794' title='bbox 2023 5006 2113 5042; x_wconf 89' lang='grc' dir='ltr'><strong>ται</strong></span> <span class='ocrx_word' id='word_1_795' title='bbox 2147 4989 2316 5058; x_wconf 75' lang='grc' dir='ltr'>λόγοιο</span> <span class='ocrx_word' id='word_1_796' title='bbox 2350 4990 2408 5043; x_wconf 89' lang='grc' dir='ltr'><strong>ἐν</strong></span> <span class='ocrx_word' id='word_1_797' title='bbox 2429 4986 2511 5053; x_wconf 74' lang='grc' dir='ltr'>οἷς</span> <span class='ocrx_word' id='word_1_798' title='bbox 2541 4990 2664 5043; x_wconf 80' lang='grc' dir='ltr'>ὅσον</span> <span class='ocrx_word' id='word_1_799' title='bbox 2695 4984 2797 5060; x_wconf 72' lang='grc' dir='ltr'>μὲν</span> <span class='ocrx_word' id='word_1_800' title='bbox 2817 4991 2877 5045; x_wconf 86' lang='grc' dir='ltr'>τὸ</span> <span class='ocrx_word' id='word_1_801' title='bbox 2898 4992 2995 5061; x_wconf 84' lang='grc' dir='ltr'>τῆς</span> <span class='ocrx_word' id='word_1_802' title='bbox 3024 4992 3322 5063; x_wconf 75' lang='grc' dir='ltr'>ἱερωσύνης</span> <span class='ocrx_word' id='word_1_803' title='bbox 3355 4993 3591 5065; x_wconf 79' lang='grc' dir='ltr'>ἀξίωμα,</span> 
     </span>
    </p>
   </div>
   <div class='ocr_carea' id='block_1_113' title="bbox 2022 5078 3591 5155">
    <p class='ocr_par' dir='ltr' id='par_1_113' title="bbox 2022 5078 3591 5155">
     <span class='ocr_line' id='line_1_113' title="bbox 2022 5078 3591 5155; baseline 0.005 -22"><span class='ocrx_word' id='word_1_804' title='bbox 2022 5083 2205 5134; x_wconf 86' lang='grc' dir='ltr'>όποῖον</span> <span class='ocrx_word' id='word_1_805' title='bbox 2227 5081 2284 5135; x_wconf 73' lang='grc' dir='ltr'>δὲ</span> <span class='ocrx_word' id='word_1_806' title='bbox 2311 5080 2393 5135; x_wconf 86' lang='grc' dir='ltr'><strong>δεῖ</strong></span> <span class='ocrx_word' id='word_1_807' title='bbox 2413 5078 2552 5136; x_wconf 78' lang='grc' dir='ltr'>εἶναι</span> <span class='ocrx_word' id='word_1_808' title='bbox 2585 5082 2677 5136; x_wconf 82' lang='grc' dir='ltr'>τὸν</span> <span class='ocrx_word' id='word_1_809' title='bbox 2711 5083 3029 5155; x_wconf 76' lang='grc' dir='ltr'>ἱερωμένον,</span> <span class='ocrx_word' id='word_1_810' title='bbox 3067 5084 3308 5153; x_wconf 77' lang='grc' dir='ltr'>ἀκριϐῶς</span> <span class='ocrx_word' id='word_1_811' title='bbox 3332 5086 3591 5141; x_wconf 83' lang='grc' dir='ltr'>δείκνυσι.</span> 
     </span>
    </p>
   </div>
   <div class='ocr_carea' id='block_1_114' title="bbox 2022 5172 3593 5246">
    <p class='ocr_par' dir='ltr' id='par_1_114' title="bbox 2022 5172 3593 5246">
     <span class='ocr_line' id='line_1_114' title="bbox 2022 5172 3593 5246; baseline 0.004 -22"><span class='ocrx_word' id='word_1_812' title='bbox 2022 5172 2156 5225; x_wconf 81' lang='grc' dir='ltr'>Τότε</span> <span class='ocrx_word' id='word_1_813' title='bbox 2186 5174 2282 5227; x_wconf 78' lang='grc' dir='ltr'>καὶ</span> <span class='ocrx_word' id='word_1_814' title='bbox 2313 5173 2447 5243; x_wconf 87' lang='grc' dir='ltr'>πρός</span> <span class='ocrx_word' id='word_1_815' title='bbox 2477 5190 2598 5226; x_wconf 91' lang='grc' dir='ltr'>τινα</span> <span class='ocrx_word' id='word_1_816' title='bbox 2634 5172 2745 5226; x_wconf 86' lang='grc' dir='ltr'><strong>τῶν</strong></span> <span class='ocrx_word' id='word_1_817' title='bbox 2792 5175 3107 5243; x_wconf 88' lang='grc' dir='ltr'>περιφανῶν</span> <span class='ocrx_word' id='word_1_818' title='bbox 3140 5178 3421 5243; x_wconf 59' lang='grc' dir='ltr'>γυναικῶν</span> <span class='ocrx_word' id='word_1_819' title='bbox 3439 5179 3593 5246; x_wconf 85' lang='grc' dir='ltr'>λόγον</span> 
     </span>
    </p>
   </div>
   <div class='ocr_carea' id='block_1_115' title="bbox 2024 5263 3593 5339">
    <p class='ocr_par' dir='ltr' id='par_1_115' title="bbox 2024 5263 3593 5339">
     <span class='ocr_line' id='line_1_115' title="bbox 2024 5263 3593 5339; baseline 0.003 -23"><span class='ocrx_word' id='word_1_820' title='bbox 2024 5268 2352 5334; x_wconf 85' lang='grc' dir='ltr'>συγγράφει,</span> <span class='ocrx_word' id='word_1_821' title='bbox 2389 5263 2514 5334; x_wconf 75' lang='grc' dir='ltr'>ἄρτι</span> <span class='ocrx_word' id='word_1_822' title='bbox 2548 5266 2774 5335; x_wconf 82' lang='grc' dir='ltr'>χηρείας</span> <span class='ocrx_word' id='word_1_823' title='bbox 2812 5265 3029 5319; x_wconf 81' lang='grc' dir='ltr'>ἰδοῦσαν</span> <span class='ocrx_word' id='word_1_824' title='bbox 3061 5265 3256 5333; x_wconf 86' lang='grc' dir='ltr'>νύκτα,</span> <span class='ocrx_word' id='word_1_825' title='bbox 3289 5269 3385 5321; x_wconf 66' lang='grc' dir='ltr'>καὶ</span> <span class='ocrx_word' id='word_1_826' title='bbox 3418 5268 3593 5339; x_wconf 83' lang='grc' dir='ltr'>πολλῷ</span> 
     </span>
    </p>
   </div>
   <div class='ocr_carea' id='block_1_116' title="bbox 2021 5356 3593 5431">
    <p class='ocr_par' dir='ltr' id='par_1_116' title="bbox 2021 5356 3593 5431">
     <span class='ocr_line' id='line_1_116' title="bbox 2021 5356 3593 5431; baseline 0.002 -21"><span class='ocrx_word' id='word_1_827' title='bbox 2021 5356 2099 5427; x_wconf 81' lang='grc' dir='ltr'><strong>τῷ</strong></span> <span class='ocrx_word' id='word_1_828' title='bbox 2128 5357 2313 5410; x_wconf 89' lang='grc' dir='ltr'>πένθει</span> <span class='ocrx_word' id='word_1_829' title='bbox 2354 5357 2561 5429; x_wconf 82' lang='grc' dir='ltr'>ταύτης</span> <span class='ocrx_word' id='word_1_830' title='bbox 2594 5357 2990 5430; x_wconf 85' lang='grc' dir='ltr'>βαρυνομένην,</span> <span class='ocrx_word' id='word_1_831' title='bbox 3023 5358 3244 5429; x_wconf 84' lang='grc' dir='ltr'>ὁμαλῶς</span> <span class='ocrx_word' id='word_1_832' title='bbox 3271 5361 3593 5431; x_wconf 83' lang='grc' dir='ltr'>ἀνακτώμε-</span> 
     </span>
    </p>
   </div>
   <div class='ocr_carea' id='block_1_117' title="bbox 2023 5450 3591 5522">
    <p class='ocr_par' dir='ltr' id='par_1_117' title="bbox 2023 5450 3591 5522">
     <span class='ocr_line' id='line_1_117' title="bbox 2023 5450 3591 5522; baseline 0.004 -20"><span class='ocrx_word' id='word_1_833' title='bbox 2023 5466 2112 5512; x_wconf 88' lang='grc' dir='ltr'><strong>νος</strong></span> <span class='ocrx_word' id='word_1_834' title='bbox 2149 5450 2245 5503; x_wconf 73' lang='grc' dir='ltr'>καὶ</span> <span class='ocrx_word' id='word_1_835' title='bbox 2293 5450 2529 5513; x_wconf 74' lang='grc' dir='ltr'>δεικνὺς,</span> <span class='ocrx_word' id='word_1_836' title='bbox 2568 5451 2651 5503; x_wconf 80' lang='grc' dir='ltr'>ὅτι</span> <span class='ocrx_word' id='word_1_837' title='bbox 2683 5450 2757 5522; x_wconf 87' lang='grc' dir='ltr'>μὴ</span> <span class='ocrx_word' id='word_1_838' title='bbox 2785 5452 2926 5506; x_wconf 85' lang='grc' dir='ltr'>πάνυ</span> <span class='ocrx_word' id='word_1_839' title='bbox 2962 5450 3149 5518; x_wconf 75' lang='grc' dir='ltr'>ἄδοξον</span> <span class='ocrx_word' id='word_1_840' title='bbox 3188 5455 3281 5506; x_wconf 75' lang='grc' dir='ltr'>καὶ</span> <span class='ocrx_word' id='word_1_841' title='bbox 3334 5456 3591 5509; x_wconf 81' lang='grc' dir='ltr'>ταπεινὸν</span> 
     </span>
    </p>
   </div>
   <div class='ocr_carea' id='block_1_118' title="bbox 2022 5540 3589 5616">
    <p class='ocr_par' dir='ltr' id='par_1_118' title="bbox 2022 5540 3589 5616">
     <span class='ocr_line' id='line_1_118' title="bbox 2022 5540 3589 5616; baseline 0.004 -24"><span class='ocrx_word' id='word_1_842' title='bbox 2022 5540 2056 5609; x_wconf 79' lang='grc' dir='ltr'><strong>ἡ</strong></span> <span class='ocrx_word' id='word_1_843' title='bbox 2107 5541 2319 5609; x_wconf 86' lang='grc' dir='ltr'>χηρεία,</span> <span class='ocrx_word' id='word_1_844' title='bbox 2384 5541 2521 5592; x_wconf 83' lang='grc' dir='ltr'>ἀλλά</span> <span class='ocrx_word' id='word_1_845' title='bbox 2572 5542 2666 5594; x_wconf 69' lang='grc' dir='ltr'>καὶ</span> <span class='ocrx_word' id='word_1_846' title='bbox 2705 5544 2851 5612; x_wconf 81' lang='grc' dir='ltr'>μέγα</span> <span class='ocrx_word' id='word_1_847' title='bbox 2904 5554 3000 5596; x_wconf 81' lang='grc' dir='ltr'><strong>και</strong></span> <span class='ocrx_word' id='word_1_848' title='bbox 3058 5544 3258 5615; x_wconf 79' lang='grc' dir='ltr'>σεμνὸν</span> <span class='ocrx_word' id='word_1_849' title='bbox 3322 5547 3491 5616; x_wconf 80' lang='grc' dir='ltr'>αὐτῆς</span> <span class='ocrx_word' id='word_1_850' title='bbox 3532 5547 3589 5600; x_wconf 71' lang='grc' dir='ltr'><strong>τὸ</strong></span> 
     </span>
    </p>
   </div>
   <div class='ocr_carea' id='block_1_119' title="bbox 2019 5631 3586 5709">
    <p class='ocr_par' dir='ltr' id='par_1_119' title="bbox 2019 5631 3586 5709">
     <span class='ocr_line' id='line_1_119' title="bbox 2019 5631 3586 5709; baseline 0.005 -25"><span class='ocrx_word' id='word_1_851' title='bbox 2019 5631 2259 5702; x_wconf 80' lang='grc' dir='ltr'>ἀξίωμα,</span> <span class='ocrx_word' id='word_1_852' title='bbox 2328 5632 2425 5685; x_wconf 72' lang='grc' dir='ltr'>καὶ</span> <span class='ocrx_word' id='word_1_853' title='bbox 2463 5632 2674 5686; x_wconf 89' lang='grc' dir='ltr'>πολλῶν</span> <span class='ocrx_word' id='word_1_854' title='bbox 2730 5634 2976 5699; x_wconf 78' lang='grc' dir='ltr'>ἀξιοῦται</span> <span class='ocrx_word' id='word_1_855' title='bbox 3004 5636 3114 5691; x_wconf 87' lang='grc' dir='ltr'><strong>τῶν</strong></span> <span class='ocrx_word' id='word_1_856' title='bbox 3146 5639 3440 5708; x_wconf 88' lang='grc' dir='ltr'>ἐγκωμίων</span> <span class='ocrx_word' id='word_1_857' title='bbox 3467 5640 3501 5709; x_wconf 71' lang='grc' dir='ltr'>ἢ</span> <span class='ocrx_word' id='word_1_858' title='bbox 3526 5654 3586 5707; x_wconf 78' lang='grc' dir='ltr'><strong>γε</strong></span> 
     </span>
    </p>
   </div>
   <div class='ocr_carea' id='block_1_120' title="bbox 2019 5724 3583 5803">
    <p class='ocr_par' dir='ltr' id='par_1_120' title="bbox 2019 5724 3583 5803">
     <span class='ocr_line' id='line_1_120' title="bbox 2019 5724 3583 5803; baseline 0.006 -27"><span class='ocrx_word' id='word_1_859' title='bbox 2019 5724 2117 5795; x_wconf 78' lang='grc' dir='ltr'>τὴν</span> <span class='ocrx_word' id='word_1_860' title='bbox 2163 5726 2469 5795; x_wconf 80' lang='grc' dir='ltr'>συνείδησιν</span> <span class='ocrx_word' id='word_1_861' title='bbox 2531 5726 2818 5796; x_wconf 84' lang='grc' dir='ltr'>φυλάξασα</span> <span class='ocrx_word' id='word_1_862' title='bbox 2850 5727 2927 5798; x_wconf 78' lang='grc' dir='ltr'>τῷ</span> <span class='ocrx_word' id='word_1_863' title='bbox 2958 5733 3347 5803; x_wconf 84' lang='grc' dir='ltr'>κατοιχομένῳ,</span> <span class='ocrx_word' id='word_1_864' title='bbox 3377 5733 3471 5786; x_wconf 66' lang='grc' dir='ltr'>καὶ</span> <span class='ocrx_word' id='word_1_865' title='bbox 3512 5731 3583 5801; x_wconf 79' lang='grc' dir='ltr'>μὴ</span> 
     </span>
    </p>
   </div>
   <div class='ocr_carea' id='block_1_121' title="bbox 2019 5814 3579 5893">
    <p class='ocr_par' dir='ltr' id='par_1_121' title="bbox 2019 5814 3579 5893">
     <span class='ocr_line' id='line_1_121' title="bbox 2019 5814 3579 5893; baseline 0.006 -26"><span class='ocrx_word' id='word_1_866' title='bbox 2019 5814 2296 5885; x_wconf 86' lang='grc' dir='ltr'>δευτέροις</span> <span class='ocrx_word' id='word_1_867' title='bbox 2336 5816 2532 5887; x_wconf 71' lang='grc' dir='ltr'>γάμοις</span> <span class='ocrx_word' id='word_1_868' title='bbox 2580 5816 2777 5889; x_wconf 74' lang='grc' dir='ltr'>ἑαυτήν</span> <span class='ocrx_word' id='word_1_869' title='bbox 2801 5833 2859 5870; x_wconf 90' lang='grc' dir='ltr'><strong>τε</strong></span> <span class='ocrx_word' id='word_1_870' title='bbox 2883 5818 3075 5890; x_wconf 84' lang='grc' dir='ltr'>ἄτιμον</span> <span class='ocrx_word' id='word_1_871' title='bbox 3129 5821 3304 5888; x_wconf 82' lang='grc' dir='ltr'>θεῖσα,</span> <span class='ocrx_word' id='word_1_872' title='bbox 3357 5823 3451 5876; x_wconf 67' lang='grc' dir='ltr'><strong>καὶ</strong></span> <span class='ocrx_word' id='word_1_873' title='bbox 3486 5820 3579 5893; x_wconf 75' lang='grc' dir='ltr'>τῆς</span> 
     </span>
    </p>
   </div>
  </div>
