3828 6504
280 310 414 375 1061

1261 315 1447 375 "VITA
1489 320 1547 377 S.
1592 312 1910 377 JOANNIS
1958 313 2513 376 CIIRYSOSTOMI.

3390 314 3533 381 1062

279 425 416 494 πρὸς
465 423 556 477 τὸν
609 422 777 494 ἄνδρα
818 423 1057 494 στοργῆς
1082 425 1568 497 καταψευσαμένη.
1592 423 1727 481 Εἶτα
1758 426 1855 480 καὶ

1962 430 2138 497 gnam,
2164 445 2286 499 qua:
2316 444 2470 483 suam
2506 428 2561 482 in
2593 428 2913 485 defunctum
2938 430 3204 502 integram
3234 446 3529 492 conserva-

278 514 411 586 περὶ
450 512 747 583 παρθενίας
779 512 951 577 ἄλλως
976 513 1260 568 συντάττει
1294 514 1518 585 βιϐλίον,
1548 515 1839 569 θεσπέσιόν

277 607 418 660 τιτὸ
446 606 641 669 κάλλος
695 605 867 676 αὐτῆς
924 606 1019 661 καὶ
1064 607 1301 679 ἄρρητον
1362 608 1453 661 τὸν
1482 608 1687 679 κόσμον
1716 610 1853 661 ἀπο-

276 698 559 751 δεικνύων.
637 698 746 750 Καὶ
806 697 1110 769 Σταγειρίῳ
1163 699 1218 752 δέ
1284 698 1476 767 λόγους
1542 699 1850 769 συγγράφει

278 791 420 861 φίλῳ
452 790 551 860 μὲν
615 789 770 861 ἀνδρὶ
809 790 901 843 καὶ
938 791 1179 862 συνήθει,
1242 792 1457 861 κατόχῳ
1489 791 1544 844 δέ
1575 791 1851 860 γενομένῳ

279 878 505 949 πονηρῷ
569 877 861 949 πνεύματι.
913 881 986 933 Τὸ
1028 880 1084 933 δέ
1157 879 1361 947 βιϐλίον
1412 880 1685 951 πρόφασιν
1751 879 1851 949 μὲν

280 973 490 1024 ἐκεῖνον
534 969 822 1040 λαμϐάνει,
846 974 1014 1042 χωρεῖ
1039 972 1094 1025 δὲ
1141 974 1229 1026 διὰ
1274 972 1455 1041 πάσης
1514 970 1850 1038 φιλοσοφίας·

278 1063 373 1115 καὶ
404 1062 518 1114 ἔστι
551 1063 731 1114 κοινὸν
773 1062 1125 1133 εὐχαριστίας
1158 1063 1252 1117 καὶ
1292 1063 1568 1134 ὑπομονῆς
1599 1062 1853 1116 διδασκά-

277 1156 413 1223 λιον,
435 1157 726 1218 τοσαύταις
755 1157 1080 1228 πιθανότησι
1108 1158 1202 1211 καὶ
1232 1158 1502 1227 ἀνάγκαις
1535 1159 1853 1228 ῥητορικοῖς

279 1249 814 1320 συγκεκροτημένον,
838 1250 872 1319 ἢ
908 1250 1110 1319 μᾶλλον
1141 1249 1315 1315 θείαις
1364 1252 1540 1303 είπεῖν
1568 1249 1662 1302 καὶ
1694 1266 1854 1302 πνευ-

284 1342 542 1409 ματικαῖς
570 1341 831 1411 ςχάρισιν,
864 1340 939 1405 ὡς
968 1341 1099 1395 αὐτὸ
1131 1341 1213 1407 τὸ,
1260 1341 1474 1411 δαίμονι
1507 1343 1849 1411 περιπεσεῖν,

282 1431 493 1486 πείθειν
525 1433 807 1504 ἀγαπητὸν
837 1434 1109 1503 ἡγεῖσθαι,
1140 1434 1235 1488 καὶ
1261 1433 1528 1504 ὠφελείας
1588 1433 1853 1504 μεγίστης

264 1522 561 1580 ”ὖπόθεσιν.
590 1525 666 1578 Οὐ
722 1525 829 1595 μὴν
880 1525 1017 1579 ἀλλὰ
1079 1528 1171 1580 καὶ
1219 1528 1348 1598 περὶ
1385 1526 1732 1591 κατανύξεως
1760 1524 1853 1579 δύο

166 1684 171 1688 δ
263 1616 400 1670 ’τότε
428 1616 578 1687 αὐτῷ
610 1619 986 1672 συντέθεινται
1034 1619 1219 1688 λόγοιο
1262 1615 1337 1674 ὧν
1372 1621 1400 1675 ὁ
1435 1620 1534 1691 μέν
1570 1621 1651 1683 είς
1672 1621 1854 1690 Δημή-

275 1708 667 1781 τριον,ῑτερος
696 1709 752 1763 δέ
782 1711 860 1773 είς
917 1709 1196 1782 Στελέχιον
1256 1711 1698 1783 ἐπιγέγραπται,
1771 1711 1851 1773 είς

1960 516 2039 569 vit
2066 518 2484 582 conscientiam,
2519 532 2578 572 se
2625 519 2882 574 secundis
2913 520 3123 590 nuptiis
3155 537 3264 577 non
3296 522 3531 578 reddidit

1958 607 2237 673 infamem,
2270 621 2330 663 ut
2353 625 2473 679 quae
2501 610 2936 666 benevolentiam
2964 613 3189 669 mentita
3207 613 3277 669 sit
3295 615 3349 669 in
3370 616 3531 672 mari-

1914 737 1938 749 ..
1962 708 2098 753 tum.
2121 699 2327 754 Deinde
2363 700 2527 755 etiam
2552 701 2620 755 de
2659 701 2972 771 virginitate
3022 702 3215 757 scribit
3251 704 3417 759 alium
3465 706 3533 759 li-

1961 791 2404 857 brum,divinam
2456 793 2576 862 ejus
2604 792 2904 848 ostendens
2964 792 3428 863 pulchritudinem
3477 804 3532 851 et

1961 899 2214 953 magnum
2233 885 2351 955 ejus
2377 893 2778 951 ornamentum,
2816 884 3049 957 Stagirio
3083 902 3300 958 quoque
3341 887 3534 944 scribit

1958 975 2214 1046 pulchras
2237 976 2511 1031 orationes
2535 986 2590 1031 et
2619 977 2774 1032 valde
2791 977 3099 1046 prteclaras.
3123 980 3225 1034 Hic
3249 980 3331 1035 vir
3348 980 3531 1035 eratei

1961 1066 2118 1121 valde
2160 1067 2443 1121 familiaris
2474 1086 2487 1122 :
2518 1067 2694 1123 fuerat
2718 1077 2898 1123 autem
2930 1085 3262 1140 possessusa
3297 1072 3533 1143 maligno

1960 1157 2230 1223 daemone,
2268 1158 2448 1228 qualia
2490 1168 2619 1213 sunt
2664 1159 2756 1213 Dei
2793 1159 3199 1230 judicia.Liber
3226 1177 3355 1219 vero
3387 1163 3534 1217 illam

1959 1249 2176 1320 quidem
2211 1249 2408 1320 accipit
2435 1250 2708 1306 scribendi
2751 1252 3094 1307 occasionem
3124 1272 3138 1307 :
3184 1258 3283 1324 per
3309 1255 3535 1309 univer-

1961 1356 2077 1395 sam
2110 1348 2293 1397 autem
2343 1340 2589 1411 procedit
2636 1341 3087 1413 philosophiam:
3151 1358 3277 1398 eum
3332 1344 3537 1400 dixeris

1959 1451 2084 1491 esse
2104 1450 2393 1491 commune
2415 1436 2803 1491 documentum
2843 1437 3063 1493 virtutis
3105 1438 3244 1508 grati
3267 1438 3432 1496 animi
3478 1447 3535 1495 et

1961 1527 2280 1591 tolerantiae,
2298 1537 2358 1582 ut
2379 1528 2472 1598 qui
2504 1530 2842 1599 compositus
2889 1530 2962 1585 sit
3008 1541 3158 1586 tanta
3207 1532 3264 1587 in
3301 1530 3533 1589 dicendo

1960 1618 2364 1688 probabilitate,
2398 1627 2508 1673 tam
2537 1621 2832 1691 multisque
2871 1624 3201 1678 necessariis
3231 1624 3533 1680 Rhetornm

1962 1712 2318 1782 argumentis,
2347 1719 2460 1777 aut,
2495 1721 2553 1765 ut
2577 1713 2773 1768 melius
2822 1714 3020 1780 dicam,
3066 1715 3265 1770 divinis
3286 1725 3343 1771 et
3375 1716 3538 1785 spiri-

266 1801 507 1871 Ὲσχατον
570 1803 858 1875 ἀκριϐείας
883 1803 975 1857 τὸν
1016 1806 1305 1877 φιλάρετον
1349 1805 1729 1870 ἐκπονοῦντες,
1758 1806 1854 1859 καὶ

1962 1800 2160 1856 talibus
2181 1801 2389 1874 gratiis,
2415 1803 2555 1858 adeo
2578 1812 2638 1859 ut
2667 1804 2771 1860 hoc
2801 1805 2980 1876 ipsum
3008 1807 3153 1877 quod
3200 1807 3453 1863 inciderit
3480 1808 3536 1863 in

264 1889 451 1946 ’δεινδν
516 1892 718 1964 μύωπα
762 1899 1112 1961 κατανύξεως
1144 1899 1264 1960 ταῖς
1305 1897 1579 1966 φιλοθέοις
1616 1896 1853 1962 ἐνιέντες

274 1983 498 2056 ψυχαῖς.
542 1985 705 2040 Ἀλλὰ
748 1987 977 2053 τούτους
1003 1989 1124 2059 μὲν,
1163 1988 1305 2044 ὥστε
1334 1990 1410 2061 μὴ
1443 1990 1685 2055 πίπτειν,
1750 2008 1855 2062 μη-

277 2077 336 2131 δὲ
386 2080 506 2142 ταῖς
532 2079 644 2133 ’τοῦ
703 2083 944 2153 πονηροῦ
1001 2082 1221 2154 τέχναις
1278 2083 1555 2154 ἁλώσιμον
1605 2084 1855 2154 γίνεσθαι

278 2169 371 2223 τὸν
420 2171 664 2239 φιλόθεον
702 2190 715 2205 ·
776 2173 965 2246 ἕτερον
986 2175 1044 2230 δὲ
1070 2175 1359 2230 συντάττει
1417 2178 1555 2250 πρὸς
1608 2178 1701 2232 τὸν
1752 2179 1853 2250 ήδη

279 2262 517 2317 πεσόντα
556 2304 571 2328 ,
644 2261 742 2320 εἴτ’
796 2260 891 2321 οὖν
969 2266 1249 2339 πληγέντα
1314 2267 1460 2341 βέλει
1516 2269 1617 2340 τῆς
1675 2269 1856 2341 ἁμαρ-

277 2355 400 2421 τίας
443 2356 738 2430 (Θεόδωρος
767 2358 940 2431 ὄνομα
968 2361 1046 2433 τῷ
1073 2361 1337 2432 πεσόντι),
1384 2360 1525 2416 ὥστε
1577 2360 1653 2433 μὴ
1689 2380 1857 2416 κατα-

280 2449 490 2512 πεσεῖν,
528 2448 650 2521 μηδ’
678 2450 989 2519 ἀπογνῶναι
1010 2450 1108 2518 τὴν
1139 2451 1433 2523 σωτηρίαν.
1463 2454 1627 2504 οἱονει
1663 2452 1856 2519 φιλάν-

276 2538 499 2610 θρωπον
534 2539 683 2610 αὐτῷ
734 2544 895 2614 χεῖρα
932 2542 1025 2597 τὸν
1057 2544 1215 2613 λόγον
1245 2543 1564 2614 προτείνων,
1621 2545 1715 2596 καὶ
1743 2544 1856 2597 κεί-

283 2648 446 2701 μενον
480 2633 739 2698 ἀνιστὰς,
800 2633 894 2687 καὶ
943 2634 1019 2705 μὴ
1082 2634 1385 2706 συγχωρῶν
1444 2636 1723 2704 ἐπιμεῖναι
1776 2634 1853 2706 τῷ

281 2723 554 2795 πτώματι.
589 2724 730 2778 Ἀλλ’
772 2723 915 2779 οὕτω
963 2726 1061 2795 μὲν
1094 2726 1181 2779 διὰ
1210 2726 1319 2779 τῶν
1371 2725 1549 2795 λόγων
1582 2727 1853 2790 ἐδίδασκε,

282 2816 418 2869 πολὺ
449 2815 509 2870 τὸ
539 2815 816 2887 ὠφέλιμον
851 2815 988 2887 μετά
1034 2816 1128 2870 τοῦ
1160 2817 1316 2887 ἡδέος
1369 2819 1603 2888 ἐχόντων
1627 2832 1640 2847 ·
1678 2818 1857 2888 πολλῷ

280 2908 338 2961 δὲ
373 2908 572 2978 μᾶλλον
606 2910 700 2963 καὶ
732 2910 831 2978 τὴν
853 2909 961 2964 ἀπὸ
992 2910 1100 2964 τῶν
1121 2909 1301 2979 ἔργων
1328 2909 1573 2980 προσῆγε
1599 2911 1853 2965 διδασκα-

280 3002 425 3064 λίαν,
465 3001 605 3073 εὐχῇ
633 3003 730 3073 μὲν
752 3003 1164 3073 προσκείμενος,
1234 3005 1329 3057 καὶ
1389 3006 1590 3075 ἀρετὴν
1637 3006 1857 3060 ἃπασαν

284 3092 511 3165 μετιὼν,
546 3092 736 3163 ὥσπερ
766 3095 1074 3165 ἀρχέτυπον
1127 3097 1238 3157 τοῖς
1266 3094 1448 3157 ἄλλοις
1503 3094 1640 3165 πρὸς
1686 3095 1854 3165 αὐτὴν
1885 3130 1928 3189 C

286 3181 496 3253 μέλλων
528 3180 770 3242 ἔσεσθαι,
824 3182 1333 3253 ταπεινοφροσύνης
1364 3181 1421 3235 δὲ
1458 3181 1630 3245 οὕτως
1661 3185 1856 3254 ἐπιμε-

280 3273 530 3344 λόμενος,
578 3271 765 3344 ὥσπερ
794 3274 851 3325 ἐν
877 3272 1053 3345 τούτῳ
1080 3274 1141 3327 τὸ
1177 3276 1445 3345 πρωτεῖον
1475 3274 1621 3344 ἔχειν
1655 3274 1855 3328 ἐθέλων

282 3364 482 3434 τρόπον
513 3364 722 3435 ¹ἕτερον,
754 3366 812 3416 ἐν
838 3364 913 3433 τῷ
939 3366 1140 3435 μηδένα
1169 3365 1362 3419 ἑαυτοῦ
1388 3365 1591 3419 τιθέναι
1637 3368 1764 3438 περ).
1799 3366 1858 3420 τὸ

286 3457 500 3521 εὐτελὲς
540 3457 813 3526 δεύτερον.
856 3456 1151 3510 Ἀπέταττε
1206 3458 1263 3511 δέ
1318 3458 1412 3511 καὶ
1463 3457 1626 3529 μέρος
1658 3477 1710 3512 τι
1757 3460 1858 3530 τῆς

285 3548 497 3620 ἡμέρας
520 3547 695 3619 ἐαυτῷ
712 3549 841 3618 πρὸς
868 3550 1155 3618 ἐπίσκεψιν
1180 3550 1289 3603 τῶν
1305 3549 1622 3616 νοσούντων,
1647 3550 1857 3605 οἴκοθεν

288 3644 388 3712 μὲν
406 3640 631 3703 ἐκείνοις
658 3640 833 3694 πάντα
856 3640 1135 3713 παρέχων,
1163 3641 1262 3694 ὅσα
1280 3640 1532 3712 δύναμις,
1559 3644 1653 3695 καὶ
1682 3641 1858 3707 οὕτως

286 3736 485 3797 αὐτοὺς
507 3732 848 3786 ἀνακτᾶσθαι
886 3732 1203 3797 σπουδάζων
1222 3750 1238 3764 ·
1276 3733 1510 3804 μάλιστα
1538 3735 1594 3787 δέ
1630 3737 1724 3789 καὶ
1750 3742 1852 3805 τὴν

286 3826 397 3880 ἀπὸ
452 3826 561 3878 τῶν
611 3824 788 3895 λόγων
819 3824 1145 3895 προσφέρων
1169 3825 1543 3895 παραμυθίαν,
1568 3827 1664 3879 καὶ
1696 3831 1859 3882 παντὶ

287 3919 476 3988 τρόπῳ
529 3917 744 3979 δεικνὺς
775 3920 835 3969 τὸ
862 3914 1265 3986 φιλάνθρωπον.
1300 3917 1363 3969 Τί
1392 3917 1449 3970 δέ
1477 3935 1490 3980 ;
1526 3936 1857 3990 μετριοφρο·

288 4011 454 4083 σύνης
516 4010 614 4080 μὲν
664 4010 838 4063 οὐδενὶ
869 4008 929 4062 τὸ
976 4007 1135 4062 πλέον
1160 4008 1363 4074 ἐδίδου,
1422 4010 1647 4078 ἀγνοίας
1697 4010 1774 4076 δὲ,
1825 4011 1857 4082 ἢ

289 4103 640 4175 ἐγκρατείας,
674 4101 901 4177 ἢᾶλλῃς
948 4099 1055 4154 τῶν
1109 4102 1319 4170 ἀρετῶν
1374 4102 1563 4165 ὁποίας
1585 4142 1599 4168 ,
1638 4102 1789 4156 ἔστιν
1818 4098 1861 4171 ᾧ

286 4195 397 4248 τῶν
412 4192 665 4247 ἁπάντων
691 4191 783 4243 τοῦ
804 4189 1044 4250 πλείονος
1072 4187 1400 4255 ὑπεξίστατο
1420 4205 1435 4255 ;
1453 4190 1547 4242 καὶ
1574 4189 1658 4253 τίς
1689 4190 1861 4254 οὕτως

289 4286 395 4351 ἔξω
444 4282 660 4354 θεσμῶν
683 4281 716 4352 ἢ
749 4279 982 4353 φρενῶν,
1007 4280 1083 4341 ὡς
1109 4279 1398 4333 συνθέσθαι
1430 4279 1510 4349 τῷ
1537 4279 1818 4350 λεγομένῳ
1844 4298 1859 4347 ;

291 4378 431 4449 πλὴν
471 4376 586 4431 ἀλλ’
644 4373 785 4429 οὕτω
829 4372 927 4443 μὲν
960 4369 1130 4440 ἀρετὴ
1162 4371 1308 4423 πᾶσα
1344 4369 1421 4439 τῷ
1452 4371 1607 4441 ἀνδρὶ
1644 4370 1860 4439 κατώρ-

1956 1894 2281 1959 daemonem,
2312 1895 2718 1951 existimaretur
2769 1913 2882 1953 non
2936 1914 3059 1955 esse
3108 1900 3533 1956 abominandum

1956 2001 2057 2041 nec
2082 1987 2469 2052 aversandum,
2500 1995 2562 2041 ut
2608 1989 2754 2058 quod
2802 1989 2969 2045 fuerit
3006 2000 3387 2062 argumentum
3424 2007 3537 2046 ma—

1956 2076 2114 2130 ximae
2138 2076 2409 2131 utilitatis.
2436 2076 2590 2132 Tunc
2612 2077 2776 2132 etiam
2795 2080 3080 2149 compositi
3100 2088 3229 2135 sunt
3256 2081 3325 2135 ab
3341 2095 3408 2135 eo
3424 2081 3533 2135 duo

1957 2167 2078 2223 libri
2102 2169 2643 2239 decompunctione:
2676 2186 2908 2241 quorum
2967 2186 3111 2225 unus
3173 2171 3391 2241 quidem
3431 2171 3535 2227 fuit

1958 2261 2254 2331 inscriptus
2270 2260 2338 2315 ad
2355 2260 2709 2327 Demetrium,
2726 2262 2861 2317 alter
2880 2270 3061 2317 autem
3079 2262 3145 2318 ad
3166 2261 3498 2319 Stelecbium
3520 2282 3535 2317 :

1958 2367 2107 2417 eum,
2138 2353 2231 2422 qui
2258 2360 2344 2406 est
2370 2352 2647 2407 studiosus
2676 2353 2916 2417 virtutis.
2962 2355 3370 2411 accuratissime
3417 2356 3534 2410 ela-

1958 2445 2238 2511 borantes,
2263 2453 2320 2500 et
2375 2460 2558 2500 acrem
2621 2445 2899 2501 stimulum
2953 2448 3394 2518 compunctionis
3436 2448 3540 2518 piis

1959 2536 2317 2591 immittentes
2346 2536 2687 2591 animis.Sed
2724 2537 2825 2593 bos
2847 2538 3068 2607 quidem
3094 2539 3314 2609 scripsit
3341 2539 3533 2602 libros,

1958 2645 2029 2684 ne
2068 2628 2328 2683 caderent
2352 2628 2452 2693 illi,
2479 2628 2545 2683 ad
2577 2644 2714 2698 quos
2742 2630 2929 2699 scripti
2962 2630 3199 2694 fuerant,
3223 2646 3407 2701 neque
3429 2647 3542 2686 rna-

1959 2718 2088 2789 ligni
2122 2718 2331 2787 laqueis
2363 2718 2483 2787 pius
2513 2718 2905 2787 implicaretur,
2932 2721 3029 2773 sed
3090 2729 3261 2775 staret
3312 2721 3541 2776 ﬁrmiter

1959 2813 2013 2866 in
2039 2813 2188 2867 bono'
2224 2810 2533 2881 proficiens.
2581 2812 2759 2864 Alium
2821 2822 3002 2865 autem
3058 2812 3247 2867 scribit
3287 2814 3355 2867 ad
3390 2829 3538 2880 eum,

1958 2901 2072 2971 qui,
2108 2902 2242 2970 proh
2272 2901 2445 2966 dolor,
2476 2900 2587 2970 jam
2622 2910 2742 2954 erat
2772 2898 2959 2970 lapsus
2976 2916 3071 2955 seu
3096 2917 3390 2975 percussus
3433 2904 3540 2958 telo

1962 2994 2171 3064 peccati
2198 2992 2287 3066 (ei
2312 3008 2460 3054 vero.
2494 2993 2586 3063 qui
2614 2992 2799 3061 lapsus
2828 3003 2966 3054 erat,
3002 3008 3202 3047 nomen
3235 2992 3340 3047 fuit
3367 2993 3543 3048 Tlieo~

1961 3084 2185 3156 dorus),
2229 3092 2287 3138 ut
2313 3070 2424 3139 non
2448 3085 2782 3149 concideret,
2818 3098 2996 3153 neque
3027 3084 3346 3153 desperaret
3390 3085 3540 3139 saluv

1960 3185 2092 3241 tem,
2118 3189 2372 3247 tanquam
2405 3177 2693 3248 benignam
2753 3191 2975 3231 manum
3009 3176 3060 3231 ei
3090 3176 3372 3249 porrigens
3421 3193 3545 3232 ora-

1960 3265 2187 3331 tionem,
2211 3276 2265 3321 et
2289 3267 2566 3335 jacentem
2592 3267 2831 3336 erigens,
2855 3274 2911 3321 et
2936 3281 3044 3320 non
3103 3268 3433 3333 concedens,
3484 3278 3543 3322 ut

1959 3360 2183 3414 omnino
2220 3369 2570 3429 permaneret
2624 3360 2681 3414 in
2713 3370 2956 3430 peccato.
3020 3359 3125 3414 Sed
3189 3360 3267 3416 sic
3320 3361 3540 3431 quidem

1960 3463 2077 3509 erat
2096 3455 2215 3525 ejus
2238 3470 2333 3523 per
2356 3454 2520 3508 libros
2538 3454 2810 3517 doctrina,
2834 3469 2957 3508 cum
2987 3452 3262 3522 voluptate
3292 3469 3541 3525 magnam

1961 3549 2170 3603 habens
2213 3548 2525 3602 utilitatem.
2580 3547 2748 3600 Multo
2798 3557 2982 3601 autem
3034 3546 3205 3615 magis
3257 3561 3324 3600 ex
3384 3547 3544 3601 factis

1960 3643 2208 3698 adhibuit
2236 3641 2561 3703 doctrinam,
2591 3648 2651 3693 ut
2688 3639 2781 3708 qui
2815 3646 3081 3708 perpetuo
3108 3637 3330 3709 quidem
3372 3654 3538 3692 vaca-

1960 3742 2045 3790 ret
2071 3732 2325 3797 orationi,
2360 3741 2416 3785 et
2440 3745 2657 3784 omnem
2685 3738 2970 3784 exerceret
3016 3727 3297 3788 virtutem.
3328 3727 3395 3782 ad
3424 3742 3541 3781 eam

1962 3829 2182 3883 futurus
2211 3824 2331 3878 aliis
2360 3833 2616 3892 tanquam
2648 3820 2948 3891 exemplar.
2998 3819 3376 3874 Humilitatem
3410 3831 3543 3871 vero

1962 3922 2035 3975 ita
2065 3927 2184 3975 erat
2209 3916 2513 3986 amplexus,
2550 3923 2804 3983 tanquam
2836 3913 2890 3967 in
2922 3928 2985 3968 ea
3015 3912 3123 3967 alio
3177 3912 3336 3965 modo
3384 3908 3545 3964 vellet

1963 4012 2164 4082 primas
2198 4017 2378 4081 partes
2410 4006 2662 4062 obtinere
2705 4005 2759 4058 in
2795 4020 2882 4071 eo,
2924 4005 3069 4075 quod
3102 4003 3237 4057 nulli
3270 4000 3359 4057 alii
3387 4000 3547 4056 cede-

1964 4113 2046 4159 ret
2071 4112 2374 4158 extremum
2421 4100 2686 4154 omnium.
2745 4096 2960 4153 Partem
3009 4110 3225 4166 quoque
3277 4093 3384 4148 diei
3442 4093 3545 4147 sibi

1963 4196 2255 4267 deputabat
2299 4195 2365 4248 ad
2422 4194 2679 4248 visendos
2725 4198 2976 4261 a‘grotos,
3029 4204 3060 4242 e
3125 4189 3288 4241 donm
3327 4185 3544 4255 quidem

1962 4287 2145 4342 omnia
2182 4286 2286 4338 illis
2319 4284 2569 4353 praebens
2597 4298 2693 4354 pro
2713 4282 2940 4347 viribus,
2962 4279 3195 4332 maxime
3215 4286 3396 4331 autem
3414 4290 3546 4329 con-

1965 4378 2282 4431 solationem
2318 4374 2396 4428 eis
2419 4374 2657 4427 aﬂerens
2682 4371 2931 4427 oratione
2961 4377 3016 4423 et
3055 4368 3312 4422 omnibus
3367 4364 3547 4420 modis

292 4471 433 4525 θωτο
484 4472 732 4539 κρεῖττον
770 4467 804 4536 ἢ
834 4464 976 4519 κατᾶ
1034 4462 1268 4533 μίμησιν
1301 4478 1313 4491 ·
1365 4462 1535 4515 ταῦτα
1560 4462 1616 4515 δὲ
1651 4464 1742 4515 καὶ
1787 4464 1857 4526 ὠς

1966 4469 2045 4522 eis
2071 4467 2364 4521 ostendens
2388 4464 2803 4534 benignitatem.
2838 4461 2979 4527 Quid
3001 4468 3182 4514 autem
3215 4458 3239 4511 ?
3285 4454 3547 4511 Modestia

292 4564 547 4633 ἐξαίρετα
583 4562 757 4629 τούτῳ
773 4558 1021 4627 νέμουσι,
1053 4554 1116 4607 τὸ
1148 4556 1283 4625 μήτε
1330 4554 1491 4607 αὑτὸν
1516 4554 1862 4625 ὀμωμοκέναι

297 4658 435 4728 μετά
465 4654 523 4706 τὸ
548 4651 851 4719 ἀποστῆναι
899 4650 1128 4717 κόσμου,
1206 4643 1335 4715 μήθ’
1380 4644 1553 4715 ἐτέρῳ
1582 4644 1671 4697 τὸν
1705 4646 1867 4714 ὅρκον

296 4747 619 4815 ἐπαγαγεῖν,
648 4744 708 4796 τὸ
738 4741 813 4812 μὴ
871 4740 1123 4810 κατερεῖν
1164 4753 1331 4802 τινος,
1353 4736 1414 4788 τὸ
1446 4735 1519 4806 μὴ
1540 4735 1866 4805 ψεύσασθαι,

294 4842 357 4895 τὸ
394 4839 468 4910 μὴ
494 4832 873 4907 ἐπαράσασθαι
932 4831 1143 4902 μηδενὶ,
1175 4828 1236 4881 τὸ
1267 4829 1457 4889 ἀστεῖα
1518 4830 1653 4898 μήτε
1708 4829 1871 4882 αὐτὸν

299 4929 657 5002 φθέγξασθαι,
713 4927 851 4997 μήτε
880 4923 1041 4977 ἄλλον
1063 4921 1315 4988 λέγοντος
1343 4920 1695 4990 ἀνασχέσθαι.
1732 4921 1870 4975 Φασὶ

297 5028 353 5081 δὲ
374 5023 540 5080 αὑτὸν
568 5024 660 5076 καὶ
693 5018 788 5073 τοῦ
823 5016 991 5070 ὕπνου
1025 5015 1163 5067 κατά
1202 5013 1295 5066 τὸν
1329 5014 1519 5084 καιρὸν
1549 5013 1645 5083 τῆς
1679 5014 1869 5084 χρείας

299 5118 443 5171 οὕτω
469 5114 779 5184 τυγχάνειν.
815 5110 1030 5181 Σχοῖνος
1060 5104 1279 5159 καθεῖτο
1310 5105 1516 5159 ἄνωθεν
1546 5106 1653 5157 τῶν
1684 5104 1869 5175 ἄκρων

299 5209 644 5280 ἐκδεδεμένη,
686 5203 771 5273 ἐφ’
908 5201 1005 5263 τάς
1055 5216 1115 5251 τε
1145 5201 1330 5270 χεῖρας
1366 5199 1461 5253 καὶ
1510 5197 1609 5270 τὴν
1659 5199 1872 5269 ὑπήνην

300 5301 598 5373 ἐπερείδων
641 5297 825 5361 αὐτὸς,
863 5293 1121 5366 βραχείας
1164 5293 1308 5353 τινος
1360 5293 1455 5345 καὶ
1511 5293 1572 5344 οὗ
1624 5290 1870 5360 βεϐαίας,

286 5376 415 5449 ἀλλ’
460 5387 572 5445 οἷον
620 5389 737 5464 [γρ.
772 5386 883 5458 οἵα]
918 5385 1373 5456 παρεψευσμένης
1416 5387 1515 5455 τῆς
1559 5384 1875 5455 καταφορᾶς

308 5504 372 5557 με
381 5483 734 5556 τελάμὸανεν.

1965 4560 2204 4629 quidem,
2239 4567 2297 4611 ut
2326 4557 2587 4616 diximus,
2617 4556 2844 4609 cedebat
2882 4552 3088 4607 nemini
3125 4567 3139 4604 :
3196 4549 3252 4603 in
3298 4547 3548 4602 castitate

1967 4665 2097 4704 vero
2119 4658 2214 4707 aut
2257 4648 2602 4702 continentia
2634 4655 2728 4699 aut
2752 4645 2854 4698 alia
2904 4643 3107 4697 virtute
3137 4650 3221 4694 est
3256 4655 3320 4694 ex
3364 4637 3547 4693 omni-

1968 4741 2071 4797 bus
2094 4740 2311 4810 altquis,
2336 4739 2433 4794 cui'
2448 4737 2711 4794 cederet?
2736 4735 2799 4790 Et
2820 4735 2942 4805 quis
2978 4734 3127 4787 illum
3156 4732 3238 4786 vel
3268 4731 3404 4786 adeo
3439 4745 3548 4784 non

1970 4833 2142 4897 novit,
2173 4831 2254 4885 vel
2295 4829 2470 4885 nescit
2516 4843 2636 4883 esse
2687 4843 2870 4890 verax,
2932 4833 2988 4878 ut
3026 4824 3074 4878 ei
3126 4823 3283 4893 quod
3328 4823 3545 4889 dicitur,

1974 4925 2462 4994 assentiatur(6)?
2519 4922 2627 4976 Sed
2676 4922 2753 4975 sic
2798 4920 3015 4988 quidrm
3090 4917 3177 4970 ille
3210 4931 3269 4971 se
3324 4915 3549 4986 pulchre

1973 5022 2138 5089 gessit
2172 5018 2227 5071 in
2274 5016 2421 5071 omni
2447 5016 2664 5077 virtute,
2695 5012 2889 5067 melius
2920 5025 3083 5079 quam
3135 5020 3193 5063 ut
3254 5024 3379 5063 eum
3426 5007 3548 5077 quis

1974 5121 2158 5181 posset
2188 5108 2410 5164 imitari.
2446 5108 2615 5164 Porro
2675 5115 2858 5160 autem
2896 5105 3012 5160 lure
3068 5118 3283 5173 qunque
3335 5102 3409 5155 illi
3455 5101 3551 5155 tri-

1972 5202 2146 5256 buunt
2181 5211 2436 5271 tanquam
2486 5200 2702 5260 eximia,
2728 5199 2872 5269 quod
2931 5211 3107 5266 neque
3157 5196 3273 5266 ipse
3313 5208 3549 5263 unquam

1971 5294 2258 5364 iuraverit,
2284 5303 2570 5363 postquam
2599 5291 2809 5362 aufugit
2838 5308 2868 5345 a
2925 5289 3129 5345 mundo
3162 5304 3177 5342 :
3240 5300 3416 5356 neque
3456 5285 3549 5339 ulli

1970 5384 2352 5454 jusjurandum
2402 5384 2680 5448 detulerit,
2731 5383 2866 5437 nulli
2910 5380 3228 5443 detraxerit,
3273 5391 3547 5444 nunquam

1976 5476 2048 5529 sit
2074 5475 2358 5538 mentitus,
2392 5475 2524 5528 nulli
2550 5476 2621 5530 sit
2654 5476 2792 5530 male
2821 5484 3098 5546 precatus.
3115 5471 3288 5526 faceta
3305 5484 3368 5523 ac
3396 5484 3549 5520 seu-

306 5579 425 5635 rilia
463 5593 641 5649 neque
664 5576 784 5647 ipse
815 5574 885 5632 sit
913 5573 1147 5637 locutus,
1187 5585 1367 5639 neque
1433 5570 1597 5626 alium
1641 5570 1912 5627 dicentem
1955 5568 2298 5623 sustinuerit.
2374 5567 2569 5625 Dicunt
2611 5575 2790 5624 autem
2843 5568 3020 5639 ipsum
3094 5575 3306 5634 quoque
3350 5558 3555 5614 mediov

382 5734 457 5804 (6)
497 5735 572 5789 al.
599 5733 759 5801 Quod
792 5731 1009 5799 dicitur,
1034 5737 1092 5785 ut
1121 5732 1168 5786 ei
1194 5744 1301 5785 non
1333 5735 1443 5785 ass.
1769 5702 1784 5737 ‘
