3828 6542
302 352 443 417 Ῑῦὃξῖ

1533 355 1808 418 MENSIS
1851 354 2180 418 JANUARI
2197 359 2313 424 US.

3415 360 3563 427 1064

297 489 447 532 crem
471 487 723 530 somnum
754 472 1218 543 sumpsisse,cum
1255 480 1402 528 esset
1428 487 1568 542 opus
1601 491 1616 528 :
1672 474 1752 530 sic
1795 482 1981 530 autem
2046 477 2350 547 sumpsisse
2384 493 2399 532 :
2460 476 2613 533 funis
2645 492 2713 532 ex
2761 478 2874 534 alto
2932 475 3343 547 demittebatur,
3366 478 3566 554 alliga-

298 568 817 625 tusextremiszcui
839 576 895 623 et
920 568 1174 624 manibus
1229 577 1286 623 et
1312 567 1480 623 barba
1541 570 1658 639 ipse
1694 568 1962 635 innitens,
2001 572 2291 638 quemdam
2324 572 2620 640 modicum,
2671 590 2849 645 neque
2913 573 3092 646 ipsum
3154 575 3393 641 ﬁrmum,
3461 577 3567 633 sed

299 661 628 717 imbecillum
664 668 718 715 et
739 661 1060 716 ementitum
1092 662 1365 717 somnium
1389 664 1663 733 gustabat.

368 753 437 810 ν.
468 756 603 810 Cum
623 755 701 810 sic
718 757 882 810 vitam
923 765 1128 826 ageret,
1160 758 1314 814 valde
1362 759 1582 829 quidem
1632 757 1885 814 studebat

2061 752 2140 810 E'.
2171 751 2328 807 Οῦτω
2360 754 2600 823 μετιόντι
2622 753 2712 808 τὸν
2742 754 2858 826 βίον
2887 755 3071 811 λαθεῖν
3098 757 3197 827 μὲν
3231 758 3383 829 αὐτῷ
3440 760 3566 814 δια-

298 845 487 912 latere,
513 855 569 901 et
598 846 871 901 neminem
893 847 1113 913 habere,
1141 848 1233 919 qui
1283 857 1429 904 esset
1455 849 1572 919 ejus
1601 850 1875 905 conscius.

301 937 444 992 Nulli
477 938 621 992 enim
654 955 866 1005 eorum,
900 940 993 1010 qui
1020 942 1156 996 mala
1196 943 1458 1008 fecerant,
1517 955 1575 997 ut
1627 942 1706 998 illi
1749 959 1879 998 om-

301 1030 433 1085 nino
463 1046 607 1086 cura:
630 1031 731 1087 fuit
753 1033 941 1088 latere.
969 1033 1082 1089 Hoc
1116 1044 1297 1089 autem
1322 1044 1441 1090 erat
1461 1035 1703 1101 difﬁcile,
1751 1052 1879 1092 cum

303 1135 360 1178 et
399 1124 572 1179 virtus
602 1126 681 1181 sic
715 1141 774 1179 se
808 1127 1007 1182 habeat
1032 1137 1249 1193 natura,
1280 1137 1339 1181 ut
1366 1143 1513 1191 eum,
1556 1129 1647 1197 qui
1707 1129 1879 1200 ipsam

303 1226 545 1278 exercet,
576 1217 747 1271 soleat
781 1217 962 1271 facere
1018 1219 1402 1274 manifestum:
1446 1230 1502 1273 et
1544 1220 1685 1274 Deus
1742 1236 1881 1290 prte-

304 1315 452 1361 terea
492 1308 904 1363 velitcultorem
928 1325 1085 1364 suum
1117 1311 1438 1382 glorificare.
1493 1310 1681 1381 Itaque
1730 1312 1879 1366 illum

305 1413 522 1469 quoque
545 1401 624 1454 sic
657 1401 710 1454 in
744 1403 1033 1470 praesentia
1065 1404 1255 1471 aperit.
1304 1401 1401 1456 Vir
1434 1402 1649 1469 quidam
1679 1418 1881 1474 genere

308 1490 498 1562 Syrus,
535 1493 757 1548 nomine
777 1492 1095 1564 Hesychius,
1128 1502 1287 1548 aetate
1330 1495 1549 1565 quidem
1598 1495 1709 1564 jam
1754 1510 1880 1566 pro-

306 1589 521 1645 vectus,
552 1592 797 1651 tempore
831 1593 1015 1639 autem
1057 1584 1172 1638 fere
1224 1601 1442 1655 quoque
1483 1586 1747 1655 aequalem
1782 1586 1881 1640 ha-

306 1672 469 1727 bebat
494 1674 936 1729 exercitationem
972 1693 984 1729 :
1024 1676 1114 1744 qui
1141 1678 1255 1745 ipse
1286 1692 1504 1747 quoque
1563 1686 1681 1731 erat
1738 1693 1881 1734 unus

308 1779 374 1818 ex
407 1763 533 1824 illis.
564 1765 655 1833 qui
682 1766 735 1819 in
767 1780 922 1831 sacro
949 1766 1038 1819 illo
1058 1767 1454 1822 exercebantur
1498 1768 1830 1823 monasterio
1866 1786 1879 1822 :

309 1857 468 1925 cujus
492 1856 733 1927 vestigiis
765 1858 1019 1913 insistere
1064 1860 1314 1928 cupiebat
1339 1876 1567 1930 magnus
1591 1861 1680 1915 ille
1714 1860 1882 1916 Joan-

308 1961 431 2011 nes,
456 1947 583 2002 dum
612 1949 853 2003 nendum
876 1958 1023 2003 esset
1042 1950 1240 2005 virtute
1267 1968 1533 2006 summus.
1571 1951 1629 2005 Ei
1664 1961 1883 2008 noctur-

308 2051 414 2092 nas
456 2052 646 2107 preces
677 2040 783 2093 Deo
812 2039 1065 2094 oﬂ‘erenti
1096 2051 1321 2111 apparet
1351 2044 1607 2113 quiddam
1638 2045 1881 2099 divinum

308 2139 365 2185 et
424 2130 641 2195 fortius,
693 2148 855 2199 quam
916 2142 976 2186 ut
1039 2134 1092 2187 id
1136 2135 1334 2189 intueri
1388 2136 1610 2191 humani
1662 2149 1885 2208 possent

308 2223 474 2289 oculi,
496 2224 640 2293 quod
663 2234 719 2279 et
746 2235 963 2279 veretur
1011 2227 1193 2295 lingua
1228 2227 1282 2281 in
1317 2229 1557 2283 medium
1593 2231 1881 2296 adducere,

310 2316 530 2385 etquod
562 2325 647 2370 est
692 2318 877 2371 auditu
943 2319 1191 2388 inprimis
1219 2319 1497 2375 horribile.
1523 2321 1628 2376 Sed
1685 2324 1887 2378 estad-

312 2407 585 2462 hibendus
606 2408 844 2463 animus.
878 2409 1090 2463 Etenim
1120 2426 1229 2465 non
1276 2413 1456 2467 minus
1504 2425 1671 2479 metu,
1724 2431 1883 2485 quam

310 2500 592 2569 voluptate
652 2503 836 2556 mixta‘
862 2510 944 2557 est
997 2505 1257 2559 narratio.
1295 2502 1408 2558 Viri
1464 2506 1682 2574 quidam
1735 2517 1886 2562 veste

311 2586 552 2651 candidi,
575 2598 798 2658 aspectu
830 2591 1122 2656 terribiles,
1154 2607 1184 2647 e
1216 2594 1354 2649 cwlo
1373 2594 1591 2663 quidem
1623 2595 1725 2649 visi
1757 2603 1886 2649 sunt

313 2676 381 2732 ad
413 2691 537 2732 eum
558 2679 889 2735 descendere
922 2699 935 2734 :
964 2680 1161 2735 Joanni
1187 2699 1317 2738 vero
1362 2684 1543 2755 lingua
1578 2702 1765 2750 aureo,
1792 2687 1885 2757 qui

312 2768 434 2837 ipse
459 2784 677 2840 quoque
717 2782 883 2826 noctu
950 2774 1289 2842 precabatur,
1330 2777 1513 2832 venire
1547 2778 1601 2832 in
1651 2794 1884 2849 conspe-

311 2866 484 2915 ctum.
514 2859 626 2916 Visi
653 2870 782 2916 sunt
803 2876 1006 2930 autem,
1031 2883 1174 2922 unus
1206 2869 1424 2936 quidem
1469 2868 1691 2934 librum,
1748 2872 1887 2926 alter

311 2960 494 3007 autem
515 2953 695 3009 claves
743 2956 942 3011 habere
981 2959 1034 3012 in
1070 2960 1340 3014 manibus.
1391 2961 1592 3017 Deinde
1649 2963 1886 3020 Joannes

311 3058 450 3099 nova
476 3045 565 3101 illa
597 3062 786 3103 eorum
824 3049 997 3116 forma
1054 3051 1485 3121 obstupefactus.
1540 3055 1732 3110 timore
1788 3055 1887 3110 fuit

313 3148 620 3207 correptus.
646 3148 701 3194 et
728 3155 787 3194 se
815 3140 975 3195 simul
997 3143 1145 3196 humi
1176 3142 1391 3212 dejecit.
1416 3143 1495 3199 illi
1536 3154 1716 3201 autem
1759 3161 1884 3201 eum

316 3242 482 3281 manu
508 3229 1002 3298 apprehendentes,
1035 3234 1251 3303 erigunt
1282 3244 1338 3289 et
1373 3245 1518 3291 metu
1564 3238 1801 3303 solvunt,
1831 3247 1888 3294 et

312 3317 508 3387 iubent
535 3335 659 3375 eum
695 3338 815 3378 esse
842 3324 987 3381 bono
1016 3328 1219 3383 animo.
1269 3328 1405 3385 Cum
1460 3347 1588 3385 vero
1642 3344 1887 3405 rogasset

318 3424 544 3482 magnus
581 3410 841 3480 Joannes,
903 3417 1126 3486 quinam
1185 3430 1390 3486 essent,
1444 3422 1534 3492 qui
1583 3438 1705 3477 cum
1751 3424 1886 3479 tanti

315 3512 519 3566 essent.
553 3506 619 3560 ad
647 3521 771 3563 eum
800 3509 1052 3565 venirent
1085 3529 1098 3565 :
1129 3512 1223 3568 sed
1255 3528 1323 3568 ne
1360 3514 1573 3580 timeas,
1612 3516 1687 3570 illi
1724 3516 1889 3571 dixe-

318 3604 468 3649 runt.
496 3595 605 3651 Nos
624 3598 770 3652 enim
797 3599 1050 3656 venimus
1083 3602 1149 3657 ad
1188 3611 1260 3663 te.
1295 3604 1445 3659 missi
1472 3620 1501 3659 a
1530 3604 1768 3661 Christo.
1800 3606 1893 3663 Sic

318 3687 597 3749 dixerunt.
637 3702 689 3745 et
715 3691 897 3747 statim
945 3694 1080 3748 alter
1108 3710 1296 3750 eorum
1343 3711 1538 3751 manus
1589 3698 1889 3767 porrigens,

317 3778 454 3835 dlcit
482 3797 495 3833 :
524 3781 640 3837 Hoc
675 3784 884 3855 accipe.
915 3784 973 3840 ld
995 3800 1176 3841 autem
1205 3797 1323 3842 erat
1370 3788 1528 3843 liber.
1574 3789 1687 3860 Ego
1721 3791 1891 3855 enim,

318 3873 515 3942 inquit,
534 3890 653 3929 sum
683 3875 941 3944 Joannes,
969 3879 1057 3934 cui
1099 3880 1197 3935 Dei
1255 3880 1523 3950 sapientia
1555 3889 1747 3951 pectus
1804 3883 1893 3938 di-

320 3965 470 4020 misit
498 3974 554 4021 et
572 3968 890 4035 permisit',
941 3979 1003 4025 ut
1054 3985 1220 4041 super
1279 3971 1457 4041 ipsum
1520 3972 1893 4027 recumberem

318 4056 458 4112 nihil
482 4060 707 4113 veritus.
741 4059 871 4127 Quae
900 4063 999 4117 tibi
1025 4078 1241 4133 quoque
1268 4079 1365 4132 per
1393 4078 1494 4117 nos
1550 4061 1707 4117 faciet
1747 4062 1891 4118 Scri-

322 4161 513 4225 pturas
532 4157 932 4226 comprehensu
958 4156 1167 4222 faciles,
1203 4167 1257 4211 et
1281 4157 1516 4211 deducet
1537 4157 1603 4211 ad
1626 4157 1773 4212 illius
1803 4173 1895 4212 co-

320 4247 639 4319 gnltionem.
670 4249 934 4305 Similiter
970 4259 1151 4305 autem
1217 4249 1355 4303 alter
1410 4263 1625 4318 quoque
1673 4264 1893 4304 manum

319 4342 638 4413 porrigens:
673 4342 893 4413 Act-ipe,
913 4343 1066 4408 dicit,
1090 4344 1188 4397 has
1210 4342 1409 4397 claves.
1442 4342 1525 4397 Me
1553 4354 1735 4397 autem
1755 4342 1896 4399 scias

321 4448 443 4488 esse
471 4433 712 4499 Petrum,
735 4435 824 4489 cui
876 4450 955 4489 eae
976 4433 1193 4489 fuerant
1221 4449 1250 4486 a
1287 4431 1399 4487 Deo
1430 4433 1660 4488 tradita.
1723 4431 1895 4500 Quem

317 4534 469 4575 nunc.
496 4537 713 4592 quoque
737 4523 898 4577 crede
922 4538 1021 4593 per
1043 4538 1129 4576 me
1156 4522 1346 4577 eadem
1379 4530 1432 4577 te
1460 4522 1672 4594 dignari
1701 4524 1894 4596 gratia,

320 4613 458 4668 adeo
509 4623 569 4668 ut
615 4620 953 4686 quaecunque
1019 4614 1270 4686 ligaveris
1308 4623 1405 4670 aut
1452 4616 1682 4672 solveris
1736 4632 1898 4687 super

318 4717 538 4775 terram,
572 4709 644 4764 ita
675 4713 839 4765 etiam
864 4724 924 4765 se
950 4709 1183 4765 habeant
1211 4710 1265 4765 in
1305 4710 1479 4767 caelis.
1512 4712 1596 4767 Ad
1624 4712 1740 4767 haec
1772 4727 1897 4768 cum

1985 846 2260 918 φερόντως
2287 842 2412 917 ἦνή
2447 847 2677 920 σπουδὴ,
2707 850 2801 901 καὶ
2857 848 3061 918 μηδένα
3112 848 3257 919 ἔχειν
3294 850 3449 904 κάτω
3471 851 3568 906 τὶν

1985 938 2283 993 συνειδότα.
2305 939 2493 992 essm
2507 939 2615 1011 γὰρ
2647 939 2788 993 οὕτω
2817 938 2926 993 τῶν
2954 940 3022 994 τὰ
3046 943 3258 1011 πονηρά
3279 941 3567 1011 δρώντων,

1982 1029 2057 1092 ὡς
2107 1029 2299 1100 ἐκείνῳ
2355 1031 2575 1094 πάντως
2634 1032 2869 1101 ἐμέλησε
2921 1031 2981 1084 τὸ
3032 1031 3236 1087 λαθεῖν.
3295 1034 3471 1088 Τοῦτο
3505 1036 3571 1088 δὲ

1983 1122 2181 1193 κομιδῇ
2237 1123 2520 1193 δυσχερὲς,
2581 1123 2742 1191 φύσει
2764 1141 2822 1177 τε
2849 1126 2949 1192 τῆς
2974 1124 3176 1194 ἀρετῆς
3207 1123 3383 1187 οὕτως
3408 1125 3571 1194 ὲχούο

1984 1230 2104 1285 σης,
2162 1214 2258 1270 καὶ
2286 1215 2378 1268 τοῦ
2408 1216 2543 1268 Θεοῦ
2576 1214 2818 1279 δοξάζειν
2851 1216 2944 1271 τὸν
2988 1215 3330 1287 θεραπευτὴν
3355 1218 3548 1287 βουλο-

1986 1308 2174 1377 μένου.
2227 1307 2399 1375 Δῆλον
2432 1306 2725 1379 τοιγαροῦν
2759 1308 2968 1361 ἐκεῖνον
2992 1307 3088 1360 καὶ
3120 1308 3257 1370 τέως
3281 1308 3433 1360 τόνδε
3469 1309 3570 1361 τὸν

1981 1396 2182 1467 τρόπον
2229 1398 2395 1449 ποιεῖ.
2457 1397 2623 1468 ’Δνήρ
2662 1414 2747 1461 τις
2778 1397 2854 1466 τῷ
2890 1398 3037 1466 γένει
3066 1397 3259 1469 Σύρος,
3290 1398 3392 1469 τὴν
3432 1397 3574 1469 κλῆ-

1985 1505 2070 1540 σιν
2109 1487 2381 1557 Ἢσύχιος,
2440 1487 2538 1560 τὴν
2569 1489 2787 1560 ἡλικίαν
2846 1489 3228 1561 προδεδηκὼς,
3259 1491 3571 1560 σύγχρονον

1984 1581 2168 1649 ὀλίγου
2221 1581 2322 1651 τὴν
2374 1582 2608 1650 ἄσκησιν
2659 1581 2820 1652 ἔχων,
2853 1576 2933 1646 εἷς
2968 1583 3061 1635 καὶ
3093 1583 3256 1644 αὐτὸς
3286 1583 3396 1634 τῶν
3419 1581 3572 1635 κατὰ

1985 1673 2083 1742 τὴν
2129 1670 2282 1742 ίερὰν
2323 1673 2542 1743 ἐκείνην
2602 1675 2772 1743 μονὴν
2804 1673 3181 1743 ἀσκουμένων,
3210 1666 3271 1725 οῦ
3302 1674 3399 1726 καὶ
3438 1674 3570 1728 κατ’

1989 1762 2132 1832 ἴχνος
2162 1761 2364 1831 βαίνειν
2388 1765 2416 1816 ό
2450 1764 2622 1832 μέγας
2652 1765 2866 1833 ἠγάπα,
2901 1764 3008 1826 ἕως
3052 1761 3113 1816 ού
3126 1782 3207 1816 πω
3228 1764 3327 1833 τὴν
3359 1764 3572 1835 ἀρετὴν

1985 1856 2153 1926 ἄκρος
2175 1851 2262 1927 ἦν.
2292 1855 2475 1927 Τούτῳ
2494 1857 2556 1926 δὴ
2586 1857 2788 1921 νυκτὸς
2814 1858 2895 1919 είς
2927 1857 3240 1928 προσευχὴν
3283 1856 3570 1927 ἱσταμένῳ

1986 1949 2239 2017 φαίνεταί
2269 1968 2321 2003 τι
2344 1951 2484 2003 θεῖον
2534 1951 2629 2003 καὶ
2675 1949 2971 2020 ὀφθαλμῶν
3031 1948 3364 2019 ὑψηλότερον
3395 1964 3412 1981 ο
3469 1949 3576 2002 καὶ

1988 2040 2177 2113 ὥσπερ
2208 2045 2288 2106 είς
2326 2029 2492 2111 μέσον
2529 2042 2661 2096 αὐτὸ
2708 2042 2882 2094 θεῖναι
2931 2039 3178 2110 γλώττης
3210 2039 3385 2109 ἁγὼν,
3419 2037 3575 2093 οὕτω

1916 2115 1956 2168 Β
1989 2134 2053 2206 δὴ
2082 2135 2175 2187 καὶ
2199 2133 2429 2187 ἀκοῦσαι
2462 2133 2649 2186 καινόν
2668 2150 2720 2185 τι
2753 2134 2846 2184 καὶ
2879 2131 3344 2202 φρικωδέστατον.
3405 2131 3573 2184 Ἀλλὰ

1995 2227 2288 2297 προσέχειν
2347 2225 2466 2277 δέον
2516 2224 2606 2277 τὸν
2645 2223 2788 2277 νοῦν.
2822 2224 2938 2276 Καὶ
2962 2224 3070 2291 γὰρ
3100 2222 3252 2275 οὐδὲν
3273 2216 3438 2291 ἦττον
3467 2221 3571 2275 τοῦ

1988 2318 2154 2389 φόϐου
2184 2318 2275 2370 καὶ
2301 2317 2462 2388 ἡδονῇ
2502 2316 2875 2387 συγκέκραται
2905 2314 2967 2367 τὸ
2996 2314 3266 2383 διήγημα.
3291 2314 3398 2367 Δύο
3419 2313 3573 2377 τινὲς

1987 2410 2176 2481 ἄνδρες
2236 2409 2421 2461 λευκοὶ
2444 2408 2541 2478 τὴν
2571 2408 2788 2476 στολὴν,
2831 2404 3055 2477 φοϐεροὶ
3077 2406 3181 2476 τὴν
3211 2405 3361 2473 ὄψιν,
3394 2394 3570 2477 ούρα-

1987 2501 2139 2554 νόθεν
2168 2500 2356 2566 ἔδοξαν
2386 2498 2533 2569 αὐτῷ
2564 2498 2866 2562 κατελθεῖν,
2901 2497 2994 2551 καὶ
3034 2495 3114 2566 τῷ
3140 2496 3362 2567 μεγάλῳ
3391 2495 3574 2567 τούτῳ

1987 2593 2083 2645 καὶ
2115 2592 2263 2661 αὐτῷ
2317 2590 2723 2661 προσεύχεσθαι
2747 2589 3065 2660 φαινομένῳ
3098 2591 3243 2643 κατὰ
3268 2586 3571 2658 προσώπον

1987 2686 2305 2757 προσελθεῖν
2325 2702 2340 2717 ο
2390 2679 2465 2737 ὧν
2493 2686 2521 2737 ὀ
2561 2685 2660 2755 μὲν
2720 2685 2908 2755 τόμον,
2940 2683 3128 2755 ἕτερος
3161 2684 3216 2738 δὲ
3247 2683 3399 2744 κλεῖς
3431 2698 3570 2735 κατ-

1988 2780 2134 2849 έχειν
2201 2776 2387 2849 ὲῴκει.
2428 2777 2533 2831 Τὸν
2574 2776 2828 2845 Ἰωάννην
2854 2775 2912 2829 δὲ
2940 2775 3002 2827 τὸ
3029 2774 3216 2828 καινὸν
3258 2774 3442 2831 αὐτῶν
3470 2771 3571 2827 τοῦ

1989 2873 2163 2936 εῐδους
2213 2869 2664 2937 καταπλαγέντα,
2720 2867 2871 2939 φόϐῳ
2909 2868 3201 2939 ληφθῆναι,
3236 2866 3334 2922 καὶ
3382 2883 3573 2935 παρα-

1988 2964 2179 3035 χρῆμα
2242 2963 2545 3033 σύντρομον
2604 2959 2798 3014 ἑαυτὸν
2851 2963 2917 3031 τῇ
2958 2962 3028 3030 γῇ
3064 2955 3567 3030 προσκαταὸαλεῖν.

1987 3056 2128 3118 Τοὺς
2164 3054 2219 3107 δὲ
2253 3053 2362 3107 τῶν
2419 3052 2620 3123 χειρῶν
2677 3051 3103 3121 ἐπιλαϐομένους
3153 3048 3514 3118 διαναστῆσαι
3547 3088 3567 3117 ,

1987 3147 2136 3201 λύειν
2183 3163 2242 3199 τε
2275 3146 2367 3199 τὸν
2430 3145 2595 3216 φόϐον
2630 3143 2798 3215 αὐτῷ,
2833 3147 2929 3197 καὶ
2961 3143 3186 3214 θαρρεῖν
3216 3140 3569 3210 εὲγκελεύειν.

1989 3241 2081 3313 Τῷ
2115 3238 2427 3309 πυθομένῳ,
2459 3236 2606 3300 τίνες
2633 3237 2699 3292 ἂν
2728 3232 2859 3303 εἶεν,
2905 3235 3024 3304 υῖγε
3050 3231 3395 3305 τηλικαύτης
3412 3231 3575 3303 δόξης

1989 3330 2282 3401 ἠξιωμένοι
2307 3328 2444 3397 πρὸς
2464 3327 2629 3381 αὐτὸν
2658 3325 2972 3399 ἐληλύθασι,
3007 3325 3084 3397 μὴ
3115 3323 3304 3394 φοϐοῦ,
3345 3325 3576 3387 τούτους

1916 3452 1963 3515 C
1994 3424 2201 3476 εἰπεῖν·
2238 3421 2288 3473 oi
2316 3418 2396 3481 δὲ,
2428 3419 2589 3489 ἡμεῖς
2625 3415 2835 3488 ἥκομέν
2867 3433 2953 3469 σοι
3008 3413 3356 3515 πεμφθέντες
3414 3413 3576 3515 παρὰ

1993 3512 2249 3584 Χριστοῦ.
2276 3506 2408 3565 Εἶτα
2428 3511 2519 3564 τὸν
2543 3511 2641 3582 μὲν
2660 3508 2759 3581 τὴν
2781 3511 2940 3585 χεῖρα
2964 3507 3274 3563 ἐκτείναντα
3301 3507 3393 3560 τὸν
3408 3506 3579 3576 τόμον

1993 3604 2311 3667 ἐπιδιδόναι,
2342 3603 2504 3670 Δέξαι
2529 3602 2703 3667 τουτὶ,
2756 3601 3008 3671 λέγοντα,
3052 3598 3116 3653 τὸ
3156 3598 3387 3671 βιϐλίον.
3429 3596 3578 3667 Ἐγὼ

1994 3699 2103 3768 γὰρ
2148 3697 2419 3766 Ἰωάννης,
2469 3687 2623 3766 ᾧπερ
2654 3696 2687 3766 ὴ
2720 3692 2814 3749 τοῦ
2879 3692 3016 3747 Θεοῦ
3071 3691 3235 3762 σοφία
3277 3691 3341 3745 τὸ
3375 3690 3574 3757 στῆθος

1995 3790 2189 3860 ἀνῆκε,
2222 3788 2316 3841 καὶ
2348 3788 2629 3841 ἐπιπεσεῖν
2663 3784 2813 3856 αὐτῷ
2836 3783 3190 3855 παρεδέξατο·
3248 3782 3375 3853 ἣτις
3395 3781 3462 3854 δή
3492 3798 3577 3836 σοι

1997 3883 2090 3937 καὶ
2150 3882 2218 3936 δι’
2262 3880 2421 3952 ἡμῶν
2457 3879 2527 3934 τὰ
2584 3878 2695 3934 τῶν
2746 3876 2983 3950 Γραφῶν
3010 3875 3213 3932 εὔλυτα
3237 3875 3422 3946 θήσει,
3476 3876 3577 3928 καὶ

1998 3973 2405 4046 χειραγωγήσει
2455 3970 2656 4039 ταύτης
2715 3970 2851 4042 πρὸς
2902 3968 3001 4040 τὴν
3060 3964 3576 4038 ἐπίγνωσινστδνε

1998 4068 2157 4123 ἄλλον
2205 4064 2299 4119 καὶ
2320 4063 2484 4118 αὐτὸν
2532 4063 2632 4133 τὴν
2676 4063 2837 4133 χεῖρα
2866 4060 3153 4133 ὀρέγοντα,
3180 4059 3353 4126 δέξαι,
3384 4059 3575 4130 φάναι,

1996 4158 2156 4211 τάσδε
2212 4156 2309 4219 τὰς
2379 4155 2550 4219 κλεῖς.
2595 4153 2726 4224 Ἐμὲ
2755 4153 2810 4208 δὲ
2843 4152 3051 4223 Πέτρον
3110 4150 3242 4215 ῐσθι,
3284 4152 3378 4204 τὸν
3423 4150 3576 4221 παρᾶ

1999 4248 2136 4303 Θεοῦ
2187 4248 2389 4311 ταύτας
2437 4243 2872 4316 ὲγχειρισθέντα,
2924 4242 2986 4298 ὂν
3039 4243 3135 4296 καὶ
3182 4243 3278 4296 νῦν
3336 4242 3406 4296 δι’
3438 4240 3575 4311 ἐμοῦ

2000 4341 2222 4396 πίστευε
2259 4341 2358 4410 τῆς
2390 4339 2564 4410 αὐτῆς
2600 4355 2660 4392 σε
2698 4338 2921 4409 χάριτος
2955 4334 3171 4401 ἀξιοῦν’
3196 4334 3338 4391 ὥστε
3382 4335 3482 4389 ὅσα
3506 4334 3575 4390 ἂν

1998 4433 2192 4506 δήσῃς,
2227 4432 2260 4505 ἦ
2288 4431 2460 4503 λύσῃς
2484 4429 2577 4483 ἐπὶ
2610 4429 2712 4502 τῆς
2739 4430 2864 4500 γῆς,
2908 4425 3168 4498 δεδεμένα
3202 4427 3379 4480 ταῦτα
3409 4422 3573 4489 εἶναι,

1999 4526 2033 4597 ἢ
2067 4524 2339 4595 λελυμένα
2367 4523 2462 4577 καὶ
2481 4525 2538 4575 ὲν
2571 4522 2686 4584 τοῖς
2719 4519 2989 4593 οὐρανοῖς.
3014 4517 3158 4588 Πρὸς
3188 4514 3366 4569 ταῦτα
3393 4515 3449 4569 δὲ
3483 4514 3574 4569 τὸν

2005 4620 2282 4691 μακάριον
2346 4611 2788 4683 δυσωπούμενον,
2838 4609 3029 4678 ὥσπερ
3058 4608 3568 4673 καὶύποπίπτοντα,

2001 4713 2098 4767 καὶ
2121 4710 2363 4775 ἀνάξιον,
2414 4708 2606 4761 ἑαυτὸν
2665 4703 2921 4775 κρίνοντα
2948 4703 3173 4774 χάριτος
3216 4699 3573 4771 τηλικαύτης,

318 4801 509 4855 beatus
532 4801 621 4856 ille
645 4802 1016 4867 erubesceret,
1048 4810 1104 4857 et
1124 4811 1573 4859 consternaretur
1602 4804 1811 4868 animo,
1840 4811 1887 4860 el

2000 4806 2125 4869 τοὺς
2193 4802 2370 4865 θείους
2416 4798 2660 4862 ἐκείνους
2716 4795 2916 4867 ἄνδρας
2965 4792 3412 4864 ἀναλαμϐάνειν,
3482 4792 3577 4847 καὶ

320 4900 470 4947 tanta
493 4895 665 4963 gratia
698 4893 1192 4950 seesseindiearet
1240 4895 1548 4966 indignum,
1594 4896 1765 4951 divini
1815 4895 1887 4951 illi

1998 4896 2232 4968 θάρσους
2263 4892 2427 4946 αὑτὸν
2469 4888 2818 4960 ἐμπιμπλᾷν.
2846 4882 2981 4941 Εἶτα
3000 4887 3099 4960 καὶ
3138 4886 3576 4959 ἐπιχαράξαντας

319 4983 564 5039 virieum
593 4993 848 5041 recreant
869 4984 1171 5056 etimplent
1195 4986 1443 5042 audacia.
1499 4985 1706 5043 Deinde
1771 5002 1887 5044 cum

1997 4986 2163 5043 αὐτοῦ
2214 4984 2327 5059 [ῑσ.
2371 4980 2546 5054 αὐτῷ]
2565 4980 2660 5033 τοῦ
2694 4977 2930 5050 σταυροῦ
2959 4977 3050 5033 τὸν
3077 4976 3269 5044 τύπον,
3298 4980 3393 5032 καὶ
3418 4977 3576 5047 φιλῆ·

321 5091 448 5132 eum
470 5076 650 5132 crucis
673 5077 844 5149 ﬁgura
867 5078 1272 5150 obsignassent,
1296 5085 1349 5132 et
1381 5077 1486 5134 visi
1548 5086 1734 5134 essent
1770 5093 1887 5133 eum

2000 5095 2092 5132 σαι
2124 5076 2411 5148 φανέντας,
2441 5071 2754 5142 ἀναπτῆναι
2778 5070 2941 5124 πάλιν
2970 5072 3049 5135 εἰς
3078 5070 3365 5142 οὐρανούς.
3392 5069 3577 5124 Ταῦτα

323 5168 578 5236 osculari,
607 5171 921 5228 revolarunt
941 5173 996 5227 in
1021 5172 1209 5229 caalos.
1248 5170 1373 5227 Hac
1405 5187 1531 5228 cum
1562 5173 1792 5229 vidisset
1818 5175 1887 5230 vit

1998 5170 2089 5224 τὸν
2146 5168 2314 5222 πολὺν
2366 5168 2574 5222 ἐκεῖνον
2634 5163 2940 5236 ἑωρακότα,
3015 5162 3216 5235 μεστὸν
3264 5162 3433 5232 φόϐου
3484 5162 3578 5217 καὶ

325 5258 418 5314 ille
448 5258 700 5332 insignis,
731 5261 826 5316 diu
874 5263 1074 5318 mansit
1104 5263 1302 5333 plenus
1344 5271 1494 5319 metu
1546 5271 1600 5318 et
1649 5271 1887 5334 stupore,

2003 5261 2398 5332 καταπλήξεως
2456 5259 2551 5313 ἐπὶ
2594 5258 2843 5312 πλεῖστον
2891 5255 3174 5320 διατελεῖν,
3203 5257 3280 5319 ὡς
3320 5257 3416 5310 καὶ
3455 5258 3580 5318 τοὺς

325 5352 464 5408 adeo
481 5359 542 5407 ut
568 5366 692 5409 cum
715 5356 967 5411 monachi
996 5371 1122 5412 eum
1158 5356 1411 5412 viderent
1436 5357 1519 5412 sic
1540 5356 1815 5421 aiiectum,
1845 5365 1887 5411 e1

2010 5358 2279 5429 μοναχοὺς
2325 5354 2498 5418 οὕτως
2548 5352 2743 5424 ἔχοντα
2776 5349 3105 5422 θεωμένους,
3148 5351 3245 5405 καὶ
3271 5350 3373 5421 τὴν
3402 5350 3579 5404 αίτίαν

324 5455 580 5518 rogarent
633 5462 880 5520 quaenam
916 5457 1061 5510 esset
1115 5464 1299 5517 causa,
1344 5450 1435 5505 vix
1484 5465 1548 5504 ea
1600 5450 1900 5520 aperuerit,

330 5539 578 5597 indicens
597 5541 679 5596 eis
711 5541 988 5598 silentium
1014 5561 1027 5596 :
1049 5553 1105 5598 et
1130 5553 1190 5599 ut
1219 5543 1334 5598 haec
1354 5544 1625 5599 celaretur
1643 5541 1895 5611 Joannes.

322 5645 394 5687 ne
422 5634 618 5689 demus
642 5634 811 5701 enim,
834 5635 1031 5707 inquit,
1062 5636 1111 5693 ei
1160 5639 1602 5705 occasionem,ut
1642 5637 1770 5692 hinc
1817 5653 1908 5692 re-

394 5794 414 5825 ⁸
438 5794 591 5853 Joan.
609 5760 743 5860 aut.
783 5796 875 5855 95.

2007 5450 2130 5521 ἥτις
2172 5448 2256 5519 εἴη
2285 5445 2840 5516 διαπυνθανομένους,
2874 5443 3032 5515 μόλις
3057 5444 3229 5513 αὐτὴν
3249 5442 3575 5511 ἐκκαλύψαι,

2012 5541 2224 5612 σιωπὴν
2280 5538 2481 5612 πολλὴν
2533 5539 2998 5612 παραγγείλαντα,
3042 5535 3258 5592 καὶτοῦ
3291 5536 3580 5608 ἀπόρρητα

2012 5635 2186 5690 ταῦτα
2242 5633 2457 5689 κεῖσθαι
2483 5632 2563 5706 τῷ
2600 5634 2843 5707 Ἰωάννῃ,
2880 5631 2959 5705 μὴ
2986 5631 3083 5688 καί
3133 5629 3410 5701 πρόφασιν
3434 5625 3579 5699 αὐτῷ
