3828 6492
169 436 315 503 1065

1190 442 1365 504 VITA
1402 446 1461 506 S.
1504 443 1826 509 JOANNIS
1862 447 2392 511 CHRYSOSTOMI

3295 444 3433 512 1066

164 550 366 622 δῶμεν,
388 538 656 619 φήσαντα,
679 551 776 620 τῆς
798 550 1049 606 ἐντεῦθεν
1074 551 1499 626 ἀναχωρήσεως.
1527 557 1592 611 Οἱ
1641 575 1739 628 μεν

1853 557 2022 614 cedat.
2044 558 2124 613 llli
2144 574 2275 630 ergo
2295 557 2402 622 his,
2421 570 2543 627 qua:
2556 554 2700 611 dicta
2727 561 2877 621 sunt,
2899 554 3282 630 obstupefacti,
3302 557 3436 615 hinc

164 639 261 697 οὖν
297 643 391 697 ἐπὶ
427 645 539 706 τοῖς
566 642 839 714 λεχθεῖσιν
858 644 1228 714 ἐκπλαγέντες
1254 647 1354 717 τὴν
1387 647 1580 720 ἀκοὴν,
1619 666 1749 704 τεκ-

167 733 354 805 μηρίῳ
407 735 583 806 τούτῳ
614 736 707 790 καῖ⁵
735 736 863 809 περὶ
885 738 946 791 τὺ
969 737 1160 793 λοιπὸν
1197 740 1440 811 ἐχρῶντο
1475 741 1572 796 τοῦ
1604 741 1746 813 βίου,

167 828 250 880 ὅτι
274 826 554 897 παράδοξα
583 829 800 893 πάντως
825 829 979 885 ἔσται
998 831 1091 885 καὶ
1121 830 1383 901 μεγαλεῖα
1409 832 1736 905 διαπραττόο

172 937 358 990 μενος.
407 920 517 973 Καὶ
546 921 739 990 γέγονε
794 922 894 993 μὲν
950 922 1188 993 ἀληθῶς,
1239 923 1414 994 μυρία
1471 923 1568 978 τοῦ
1609 923 1746 978 Θεοῦ

165 1010 355 1077 τοῦτον
387 1013 480 1065 ἐπὶ
515 1012 625 1066 τῶν
662 1014 839 1084 ἔργων
885 1014 1217 1080 δοξάζοντος.
1287 1014 1452 1085 Ἡμῖν
1481 1014 1536 1068 δέ
1573 1015 1734 1084 ὀλίγα

169 1100 265 1155 καὶ
293 1100 364 1154 δι’
392 1100 613 1170 ὀλίγων,
668 1105 842 1176 ὁπόση
890 1104 1142 1175 δύναμις,
1185 1106 1251 1160 ἐκ
1281 1104 1492 1160 τούτων
1543 1105 1744 1176 διηγη-

168 1189 317 1243 τέον.

240 1326 331 1396 ς’.
372 1328 539 1402 Ἀνήρ
580 1348 667 1394 τις
722 1333 1057 1402 Ἀντιοχεὺς,
1097 1333 1157 1388 τδ
1209 1333 1370 1404 γένος
1419 1335 1744 1408 περιφανὴς,

164 1420 260 1475 τὸν
286 1420 400 1491 βίον
444 1422 765 1494 πολυτελὴς,
792 1424 932 1497 νόσῳ
947 1426 1056 1479 τινὶ
1089 1427 1393 1499 περιαλγὴς
1417 1429 1480 1481 τὸ
1510 1429 1750 1501 ἡμίκραο

165 1530 256 1567 νον
277 1514 539 1583 ἐγεγόνει.
561 1515 810 1586 Τοσαύτη
830 1515 888 1569 δὲ
915 1519 948 1587 ή
970 1517 1065 1571 τοῦ
1084 1518 1291 1583 πάθους
1312 1519 1466 1591 ἀκμὴ
1486 1521 1582 1574 καὶ
1601 1519 1744 1575 οὕτω

168 1605 441 1670 σύντονος,
474 1606 550 1670 ὡς
579 1606 669 1661 τὸν
699 1606 976 1679 ὀφθαλμὸν
1028 1611 1299 1665 ἐκστάντα
1328 1612 1426 1682 τῆς
1474 1612 1640 1685 ’ἐδρας
1678 1615 1745 1685 τῇ

165 1697 264 1751 τοῦ
291 1697 460 1761 κακοῦ
487 1698 717 1770 δυνάμει
741 1702 906 1754 πᾶσιν
935 1702 1167 1773 ὁρᾶσθαι
1190 1743 1206 1770 ,
1233 1706 1467 1776 πρᾶγμα
1489 1703 1743 1774 δακρύων

168 1791 345 1856 ἀξιον.
409 1790 613 1847 Τοῦτον
665 1793 745 1856 είς
776 1791 876 1864 τὴν
910 1794 1080 1866 μονὴν
1110 1796 1468 1867 ἀφικόμενον,
1498 1788 1611 1869 ἐνῇ
1655 1795 1747 1848 τὸν

1847 652 2108 722 deinceps
2148 651 2392 706 futuram
2451 650 2571 721 ejus
2622 648 2788 704 vitam
2840 647 3229 718 conjiciebant,
3286 649 3432 721 quod

1849 745 2059 800 scilicet
2101 754 2250 800 esset
2290 744 2538 800 facturus
2590 759 2785 817 magna
2847 754 2900 798 et
2955 743 3316 799 admirabilia.
3366 742 3434 798 Et

1848 837 1990 892 facta
2020 836 2386 908 quidemsunt
2414 851 2605 893 revera
2664 835 3106 899 innumerabilia,
3154 835 3264 892 Deo
3316 835 3431 908 glu-

1850 930 2099 986 riiicante
2120 945 2377 1002 magnum
2404 929 2553 985 illum
2594 928 2651 983 in
2697 928 2980 999 operibus.
3029 926 3198 984 Nobis
3248 937 3430 984 autem

1851 1038 2023 1093 pauca
2048 1030 2107 1077 et
2136 1022 2322 1094 paucis
2343 1029 2472 1077 sunt
2491 1021 2760 1076 narranda
2794 1034 2893 1091 pro
2915 1020 3143 1076 viribus.

1921 1338 2007 1397 Vl.
2050 1334 2147 1392 Vir
2199 1337 2417 1408 quidam
2466 1337 2861 1402 Antiochenus,
2919 1333 3150 1391 illustris
3197 1345 3425 1404 genere,

1852 1430 1960 1486 vita
2015 1429 2334 1502 splendidus
2361 1436 2418 1485 et
2443 1427 2789 1499 magniﬁcus,
2824 1427 3017 1483 morbo
3042 1425 3277 1496 quodam
3311 1438 3432 1478 ma-

1849 1538 2015 1595 gnum
2079 1520 2351 1587 sentiebat
2409 1519 2653 1577 dolorem
2703 1520 2759 1573 in
2809 1518 2988 1574 media
3030 1524 3181 1588 parte
3233 1514 3429 1570 cranii.

1851 1611 2027 1665 Tanta
2083 1618 2268 1664 autem
2322 1616 2441 1663 erat
2493 1608 2576 1663 vis
2607 1608 2780 1664 morbi
2812 1617 2869 1664 et
2922 1606 3063 1663 adeo
3103 1605 3339 1671 intensa,
3374 1610 3438 1658 ut

1849 1701 2043 1757 oculus
2072 1701 2203 1757 sede
2242 1709 2390 1757 esset
2419 1708 2653 1762 emotus.
2684 1709 2742 1755 ut
2774 1699 2868 1770 qui
2914 1699 2968 1756 vi
3007 1698 3135 1755 mali
3179 1712 3289 1751 nou
3336 1710 3437 1765 po-

1855 1794 2050 1850 tuisset
2111 1793 2365 1848 resistere
2404 1807 2418 1845 :
2449 1799 2505 1846 et
2535 1790 2607 1846 ita
2636 1790 2919 1845 videretur
2948 1788 3325 1845 omnibus’res
3354 1786 3436 1840 la—

170 1885 347 1956 μέγαν
398 1885 663 1939 διατελεῖν
687 1881 778 1957 ἦν,
809 1886 981 1942 πολλὰ
1039 1887 1139 1959 μὲν
1192 1890 1422 1957 δεῖσθαι,
1467 1888 1666 1952 πολλὰς
1688 1887 1741 1941 δὲ

1853 1884 2177 1957 crymabilis.
2235 1884 2287 1939 ls
2326 1898 2451 1938 cum
2504 1881 2747 1938 venisset
2807 1880 2875 1936 ad
2917 1878 3335 1942 monasterium,
3378 1877 3465 1951 in;

169 1975 310 2046 πρὸς
337 1973 485 2029 ἐλεον
531 1975 755 2045 ἀφιέναι
783 1976 1004 2047 φωνὰς,.
1028 1978 1127 2051 τὴν
1154 1978 1454 2052 θεραπείαν
1490 1978 1748 2050 αἰτούμε-

166 2083 281 2120 νον·
337 2069 428 2122 τὸν
449 2068 504 2122 δὲ
533 2069 626 2123 καὶ
688 2070 1044 2141 ωμπαθῆσαι
1079 2074 1178 2144 μὲν
1211 2066 1350 2142 (πῶς
1372 2074 1482 2147 γὰρ
1519 2075 1580 2128 ού
1611 2074 1751 2128 πάν-

166 2175 280 2213 των
306 2160 435 2214 ὂντα
483 2161 1038 2232 φιλᾶνθρωπότατονς
1071 2165 1089 2234 )
1131 2166 1486 2237 είρηκέναιδὲ
1539 2169 1747 2239 μοχθη-

168 2248 282 2319 ρῶν
310 2249 489 2320 ἐργων
519 2243 659 2304 εἶναι
685 2251 860 2306 ταῦτα
888 2254 982 2307 καὶ
1011 2255 1109 2326 τῆς
1138 2258 1218 2321 εἰς
1232 2258 1468 2329 Χριστὸν
1491 2260 1748 2324 ἀπιστίας

165 2341 445 2414 ἐπίχειρα.
484 2342 547 2397 El
587 2343 682 2398 οὖν
728 2346 829 2420 ὅλῃ
873 2349 938 2418 τῇ
988 2347 1137 2420 ψυχῇ
1165 2349 1342 2419 τούτῳ
1406 2351 1747 2423 προσέλθοις,

167 2435 267 2487 καὶ
331 2434 440 2489 τῶν
495 2438 779 2511 προτέρων
825 2440 1202 2511 ἀποσχόμενος
1258 2442 1745 2515 ἐπιτηδευμάτων,

167 2525 394 2596 ἀγωγὴν
425 2527 690 2602 μετέλθῃς
707 2530 868 2599 φίλην
902 2530 1053 2600 αύτῷ
1076 2532 1170 2585 καὶ
1197 2533 1560 2603 ἀρέσκουσαν,
1588 2536 1744 2590 ούδέν

164 2617 230 2670 τὸ
258 2618 465 2672 κωλύον
513 2619 664 2674 ἔσται
722 2621 819 2675 καὶ
861 2622 960 2694 τὴν
1015 2623 1111 2677 τοῦ
1177 2623 1476 2688 λυποῦντος
1519 2622 1748 2691 ἕψεσθαι

169 2707 495 2779 θεραπείαν.
548 2711 654 2765 Τοῦ
694 2712 751 2765 δὲ
775 2714 871 2768 καὶ
902 2714 1189 2769 πιστεύειν
1223 2715 1636 2786 ὁμολογοῦντος,
1656 2719 1750 2773 καὶ

168 2801 382 2870 ἀμείνω
417 2801 571 2872 θήσει
600 2804 693 2856 τον
748 2805 863 2875 βίον
903 2806 1365 2879 ὑπισχνουμένου,
1399 2809 1536 2881 πρὸς
1564 2811 1624 2865 δέ
1653 2810 1750 2864 καὶ

167 2890 270 2955 τὰς
326 2892 487 2960 ἁγίας
531 2894 750 2958 ἐκείνας
808 2897 1239 2967 καταφιλοῦντος
1286 2900 1500 2971 χεῖρας,
1570 2901 1748 2956 καὶτὸ

170 2985 389 3054 ἱμάτιον
415 2986 490 3057 τῷ
529 2988 785 3056 ἀλγοῦντι
819 2988 978 3062 μέρει
1008 2992 1439 3061 προσάπτοντος.
1466 2994 1565 3065 οὐχ
1598 2995 1632 3063 ἡ
1662 3010 1749 3047 κεν

170 3078 319 3149 φαλὴ
364 3080 498 3150 μόνη
539 3085 637 3153 τῆς
681 3080 876 3153 ὀδύνης
931 3083 1272 3153 ἀπήλλακτο,
1331 3086 1467 3142 ἀλλά
1501 3087 1649 3142 καὶὸ
1679 3089 1746 3159 τῇ

172 3170 267 3242 βίᾳ
297 3171 499 3243 ταύτης
550 3175 905 3246 ἐκκρουσθεὶς
925 3176 1227 3249 ὀφθαλμὸς,
1262 3178 1453 3250 ὥσπερ
1480 3180 1749 3253 πρότερον

169 3262 316 3317 κατά
378 3264 558 3335 χώραν
582 3261 675 3338 ἦν.
711 3269 913 3339 Ἤρκει
962 3270 1122 3325 τοῦτο
1148 3271 1362 3344 λεχθὲν,
1387 3273 1484 3330 καὶ
1514 3276 1615 3347 τῆς
1649 3275 1744 3330 τοῦ
1780 3272 1816 3322 C

168 3353 330 3421 ἁγίου
373 3355 607 3421 πίστεως
661 3357 933 3430 σύμϐολον
993 3362 1250 3430 γενέσθαι
1310 3365 1504 3435 σαφὲς,
1561 3368 1657 3420 καὶ
1677 3366 1745 3437 ἥν

167 3444 325 3516 οὗτος
347 3450 605 3507 ἐπλούτει
639 3457 792 3525 παρά
817 3455 912 3509 τοῦ
939 3455 1098 3523 Θεοῦ,
1123 3458 1392 3530 γνωρίσαι
1424 3462 1618 3532 ῥοπήν.

238 3733 315 3791 Z'.
367 3736 428 3789 Ὀ
455 3735 513 3789 δέ
542 3735 699 3806 λόγος
726 3738 824 3794 καὶ
842 3736 1028 3812 ἕτερον
1054 3738 1148 3793 ἐπὶ
1164 3738 1339 3812 τούτῳ
1362 3740 1593 3798 διελθεῖν
1616 3740 1746 3811 βού-

164 3826 343 3891 λεται,
382 3825 535 3879 οὐδὲν
589 3822 756 3901 ἦττον
812 3827 906 3883 τοῦ
950 3827 1317 3901 προλαϐόντος
1342 3830 1405 3884 τὸ
1434 3830 1744 3886 σιωπᾶσθαι

169 3918 250 3990 μὴ
306 3919 655 3989 ἀνεχόμενον.
721 3921 816 3987 Τὸ,
870 3922 1012 3977 κατά
1038 3922 1129 3976 τὸν
1191 3923 1484 3995 Ἀρχέλαον
1524 3923 1743 3986 πάντως

163 4012 331 4085 φημὶ,
386 4013 481 4067 καὶ
526 4008 596 4086 ἦς
662 4011 852 4085 ἔτυχεν
906 4016 1112 4080 ἐκεῖνος
1181 4016 1644 4087 θαυματουργίας·
1678 4016 1742 4080 ὃς

175 4107 511 4176 Ἀντιοχείας
538 4107 635 4177 μὲν
658 4106 844 4179 ἄρχων
873 4108 1170 4179 ἐτύγχανεν
1199 4107 1297 4172 ὢν,
1330 4109 1423 4164 καὶ
1449 4109 1519 4164 τά
1546 4108 1743 4181 πρῶτα

164 4201 353 4271 φέρων
403 4199 503 4269 τῆς
531 4198 760 4263 πόλεως·
795 4199 858 4254 ἐκ
878 4218 1025 4263 τινος
1051 4201 1110 4255 δὲ
1144 4201 1295 4273 αὐτῷ
1327 4201 1740 4274 συμπτώματος

161 4292 481 4363 ἀπορρήτου
504 4290 680 4362 λέπρα
709 4291 786 4364 τῷ
830 4291 1066 4364 μετώπῳ
1090 4310 1174 4356 τις
1206 4293 1569 4363 ἐπανθήσασα
1610 4296 1742 4365 σφό-

162 4383 271 4456 δρα
317 4384 531 4452 ἐλύπει,
563 4385 633 4440 δι’
657 4385 921 4458 αἰσχύνης
952 4385 1013 4441 τὺ
1066 4385 1239 4451 πάθος
1281 4385 1593 4456 τιθέμενα),
1643 4387 1738 4442 καὶ

167 4476 359 4545 σχεδὸν
396 4478 614 4532 ἃπασαν
670 4478 1075 4548 ἐκτρεπόμενον
1121 4479 1264 4549 ὄψιν.
1296 4476 1478 4533 Πολλά
1518 4477 1619 4549 μὲν
1645 4478 1738 4533 οὖν

168 4569 373 4639 ἰατρῶν
420 4569 584 4644 τέχνῃ
637 4569 818 4643 βοηθῷ
871 4571 1238 4642 χρησάμενος,
1286 4571 1441 4627 οὐδὲν
1484 4571 1742 4627 ἀπώνατο

162 4661 351 4724 πλέον,
385 4661 419 4731 ἢ
472 4662 551 4733 τῷ
593 4662 758 4733 λίχνῳ
805 4662 1099 4727 παίζεσθαι
1144 4664 1251 4716 τῶν
1310 4664 1566 4729 ἐλπίδων,
1637 4663 1743 4728 ἓως

156 4754 530 4826 ἠλέγχθησαν.
581 4755 707 4826 Ὀψὲ
727 4754 858 4824 γοῦν
889 4757 985 4810 καὶ
1017 4757 1169 4827 μόλις
1197 4755 1290 4811 τὸν
1319 4758 1473 4827 ἅγιον
1505 4758 1588 4823 είς
1620 4756 1749 4812 νοῦν

162 4846 519 4916 βαλλόμενος,
573 4850 669 4901 καὶ
728 4848 1046 4920 θερμοτέρῳ
1093 4848 1365 4917 πνεύματι
1404 4851 1542 4922 πρὸς
1570 4849 1741 4906 αὐτὸν

159 4937 522 5008 ἀφικόμενος,
567 4937 744 4993 ποδῶν
763 4956 824 4993 τε
878 4941 1085 5010 ἥπτετο
1140 4942 1250 4997 τῶν
1303 4943 1498 5013 ἀγίων,
1545 4944 1643 4999 καὶ
1685 4948 1748 4998 τὸ

161 5030 345 5093 πάθος
383 5031 619 5093 ἐδείκνυ,
653 5031 752 5086 καὶ⁸
783 5032 1083 5103 θεραπείαν
1115 5033 1209 5088 τοῦ
1239 5035 1536 5100 λυποῦντος
1563 5037 1747 5108 ᾐτεῖτο

158 5120 374 5175 λαϐεῖν’
402 5122 495 5175 τὸν
522 5121 578 5175 δέ
605 5123 700 5176 κα)⁸
755 5121 978 5192 ἐλεῆσαι
1014 5122 1113 5194 τὴν
1155 5126 1464 5197 συμφορὰν,
1509 5126 1604 5181 καὶ
1628 5129 1745 5191 ταῖς

157 5212 259 5266 τοῦ
298 5211 582 5282 δεηθέντος
613 5215 1030 5285 ἐπικαμφθῆναι
1058 5218 1280 5293 φωναῖς.
1304 5214 1436 5273 Εἶτα
1452 5220 1746 5291 ὁμολογίαν

157 5304 327 5358 αὐτὸν
379 5305 683 5375 ἀπαιτῆσαι
741 5307 995 5380 πονηρῶν
1029 5309 1111 5371 εἰς
1138 5307 1197 5361 τὸ
1224 5309 1351 5380 ἐξῆς
1381 5310 1560 5381 ἔργων
1604 5313 1742 5366 ἀπο-

155 5394 395 5465 τροπῆς,
454 5394 551 5447 καλ⁵
601 5395 700 5465 τῆς
728 5395 838 5448 τῶν
868 5399 1392 5468 προημαρτημένων
1423 5401 1571 5472 αύτῷ
1596 5402 1743 5473 διορ-

158 5486 406 5550 θώσεως.
458 5486 543 5550 Ὠς
582 5487 637 5540 δὲ
668 5489 875 5551 ἐκεῖνος
934 5491 1118 5543 πάντα
1147 5494 1319 5543 ποιεῖν
1348 5493 1737 5563 ἐπηγγέλλετο,

156 5578 260 5632 καὶ
292 5581 394 5649 τὴν
444 5577 743 5649 θεραπείαν
772 5580 1047 5651 ἐπιμελῶς
1077 5582 1499 5654 ἀντεπράττετο,
1553 5585 1739 5641 λαΰεῖν

156 5668 327 5723 αὐτὸν
361 5670 705 5741 παραχρῆμα
733 5673 967 5735 κελεύει,
989 5675 1087 5726 καὶ
1115 5673 1201 5727 ἐπ’
1225 5676 1446 5746 ὀνόματι
1469 5677 1565 5733 τοῦ
1605 5680 1741 5750 Χρι-

158 5758 293 5813 στοῦ
325 5760 516 5814 λοῦσαι
547 5761 625 5831 τῷ
655 5760 832 5828 ὕδατι,
861 5765 953 5832 ἀφ’
985 5758 1157 5836 οὗπερ
1204 5765 1326 5830 ἔθος
1383 5767 1560 5824 πίνειν
1591 5773 1736 5837 τοὺς

155 5851 451 5924 ἀδελφούς.
484 5853 688 5906 Τούτου
719 5854 775 5907 δὲ
813 5857 1129 5927 γενομένου,
1167 5858 1436 5931 κάθαρσις
1459 5854 1608 5935 αύτῷ
1637 5864 1735 5935 τῆς

487 5952 756 6023 Parnm.
800 5954 917 6015 Gn.
957 5955 1169 6020 CXIV.

1852 1992 1961 2046 quo
1988 1976 2221 2046 degebat
2247 1989 2478 2046 magnus
2503 1972 2764 2037 Joannes,
2816 1970 3049 2026 multum
3078 1968 3299 2041 quidem
3339 1983 3433 2022 ro-

1852 2069 2013 2141 gabat
2044 2088 2056 2121 :
2092 2067 2293 2122 multas
2315 2074 2499 2121 autem
2527 2064 2812 2120 emittebat
2828 2077 2992 2118 voces
3021 2061 3089 2117 ad
3113 2059 3435 2116 movendam

1856 2157 2308 2222 misericordiam,
2362 2165 2557 2227 petens
2600 2154 2964 2210 curationem.
3025 2149 3076 2207 Is
3136 2166 3269 2206 vero
3332 2149 3439 2205 fuit

1852 2250 2070 2319 quidem
2104 2251 2384 2304 misertus.
2420 2246 2620 2314 Quidni
2655 2246 2821 2309 enim,
2854 2261 2979 2300 cum
3007 2252 3154 2300 esset
3189 2241 3433 2298 oumium

1858 2335 2143 2397 hominum
2190 2339 2689 2397 clementissimus?
2718 2337 2858 2393 Dixit
2898 2348 3106 2402 autem,
3162 2338 3277 2391 ha~c
3315 2349 3438 2390 esse

1854 2437 2083 2507 praemia
2120 2435 2511 2491 sceleratorum
2543 2431 2833 2495 factorum,
2861 2430 2997 2486 etin
3028 2429 3307 2485 Christum
3349 2427 3435 2482 in-
3497 2418 3501 2422 ’

1853 2527 2217 2584 credulitatis.
2286 2525 2344 2580 Si
2374 2539 2526 2595 ergo,
2579 2523 2783 2595 aiebat,
2823 2530 2935 2578 toto
2981 2522 3164 2576 animo
3202 2520 3270 2576 ad
3308 2534 3436 2574 eam

1852 2618 2174 2680 accesseris.
2201 2625 2257 2672 et
2287 2615 2484 2672 deinde
2518 2613 2792 2683 prioribus
2826 2611 3032 2667 relictis
3062 2609 3280 2670 studiis,
3311 2608 3437 2664 vita:

1854 2709 2120 2764 rationem
2164 2713 2452 2779 aggressus
2498 2704 2670 2761 fueris
2717 2703 2764 2760 ei
2807 2712 3015 2774 gratam
3066 2709 3121 2758 et
3153 2700 3433 2765 mundam,

1853 2800 1992 2856 nihil
2021 2799 2127 2856 erit
2149 2798 2291 2869 quod
2321 2798 2520 2863 obstet,
2556 2812 2664 2867 quo
2710 2796 2892 2850 minus
2922 2801 3185 2864 sequatur
3223 2792 3436 2847 curatio
3495 2786 3498 2790 “

1859 2894 2001 2965 ejus,
2039 2893 2184 2963 quod
2215 2901 2268 2948 te
2293 2890 2525 2948 cruciat.
2555 2889 2688 2946 Cum
2718 2888 2764 2944 is
2784 2896 2967 2943 autem
2998 2896 3052 2943 et
3081 2901 3141 2942 se
3173 2885 3438 2947 fateretur

1854 2987 2103 3052 credere,
2135 2995 2191 3040 et
2228 2984 2579 3056 polliceretur
2603 2982 2769 3037 vitam
2798 2993 3009 3036 mutare
3034 2978 3088 3034 in
3121 2980 3335 3043 melius,
3376 2988 3437 3033 et

1855 3079 2003 3137 illius
2044 3077 2381 3134 castissimas
2437 3090 2632 3130 manus
2661 3071 3085 3136 deoscularelur,
3138 3079 3194 3125 et
3228 3066 3435 3125 dolenti

1853 3173 1991 3244 parti
2025 3180 2228 3227 vestem
2256 3170 2594 3233 admoveret,
2626 3181 2733 3220 non
2762 3165 2938 3221 solum
2970 3162 3074 3218 fuit
3102 3170 3262 3232 caput
3301 3161 3437 3217 lihe—

1858 3273 2032 3322 ratum
2087 3280 2119 3320 a
2173 3263 2382 3326 dolore,
2419 3260 2515 3315 sed
2559 3259 2725 3314 etiam
2781 3256 2993 3320 oculus,
3053 3255 3144 3325 qui
3183 3255 3233 3310 vi
3264 3254 3333 3309 ab
3365 3269 3434 3310 eo

1852 3358 2033 3412 fuerat
2070 3355 2412 3416 exturbatus,
2442 3351 2545 3407 fuit
2580 3351 2698 3405 loco
2730 3348 2896 3420 priori
2940 3348 3244 3402 restitutus.
3288 3346 3433 3401 Satis

1851 3457 1970 3505 erat
1997 3449 2121 3513 hoc,
2144 3447 2289 3516 quod
2320 3445 2524 3501 dictum
2552 3451 2658 3507 est,
2692 3449 2752 3496 ut
2778 3448 2926 3496 esset
2949 3442 3162 3510 signum
3202 3438 3431 3494 evidens

1853 3540 1976 3596 ﬁdei
2032 3539 2239 3604 sancti,
2298 3547 2355 3593 et
2415 3546 2477 3593 ut
2525 3534 2857 3609 signiﬁcaret
2928 3546 3184 3604 magnum
3245 3528 3434 3600 gratia:

1851 3632 2250 3704 adjumentum,
2275 3630 2419 3700 quod
2448 3644 2477 3683 a
2510 3629 2621 3684 Deo
2671 3636 2790 3683 erat
2816 3615 3022 3681 ell‘atim
3076 3628 3437 3678 consecutus.

1919 3744 2032 3800 Vll.
2056 3742 2187 3799 Vult
2225 3752 2408 3798 autem
2431 3743 2605 3798 oratio
2637 3743 2871 3799 alterum
2899 3754 3115 3813 quoque
3166 3735 3429 3803 adjicere,

1849 3839 2205 3895 nihilominus
2264 3835 2630 3905 praecedente,
2672 3835 2819 3905 quod
2868 3845 3203 3903 nequaquam
3234 3843 3295 3884 se
3333 3841 3435 3897 pa-

1854 3940 1989 3995 titur
2038 3937 2288 3994 mandari
2341 3934 2578 3992 silentio.
2616 3932 2933 4005 Cujusmodi
2967 3931 3112 3986 enim
3141 3930 3307 3985 fuerit
3352 3927 3432 3989 id,

1852 4031 2001 4104 quod
2024 4031 2290 4086 Archelao
2312 4028 2593 4087 acciderit.
2634 4027 2787 4083 scitis
2815 4025 3023 4094 utique,
3055 4030 3111 4077 et
3150 4020 3428 4092 quodnam

1849 4126 1907 4181 in
1933 4140 2057 4180 eum
2090 4125 2293 4179 factum
2325 4120 2492 4176 fuerit
2535 4118 2856 4173 miraculum
2888 4135 2901 4171 :
2933 4115 3026 4186 qui
3059 4122 3174 4169 erat
3210 4112 3430 4183 quidem

1848 4230 2052 4287 praeses
2090 4210 2435 4268 Antioehim.‘
2487 4217 2544 4262 et
2589 4206 2871 4261 obtinebat
2910 4207 3116 4279 primas
3149 4211 3338 4272 partes
3378 4201 3434 4256 in

1847 4306 2071 4362 civitate
2097 4319 2113 4356 :
2155 4316 2354 4357 arcano
2384 4308 2566 4354 autem
2593 4312 2720 4354 casu
2744 4296 2894 4366 lepra
2921 4292 3189 4364 quadam,
3218 4306 3339 4361 quae
3378 4290 3434 4343 in

1847 4397 1968 4468 ejus
2009 4391 2540 4454 lronte-efl’loruerat.
2579 4402 2703 4445 eum
2744 4400 2938 4456 magna
2958 4382 3225 4440 alliciebat
3260 4379 3434 4436 mole-

1846 4489 1973 4554 stia,
2003 4496 2065 4541 ut
2088 4500 2210 4556 quae
2239 4499 2364 4539 eum
2422 4480 2633 4552 pudore
2663 4477 2935 4539 alliceret,
2967 4484 3024 4531 et
3066 4472 3326 4530 elliceret,
3376 4476 3437 4522 ut

1848 4578 2097 4635 omnium
2140 4576 2334 4631 vitaret
2362 4574 2572 4629 oculos.
2614 4572 2751 4627 Cum
2793 4570 2981 4640 itaque
3028 4565 3259 4621 multum
3300 4576 3434 4616 usus

1853 4679 2001 4729 esset
2032 4668 2324 4732 medicina,
2354 4675 2415 4722 ut
2447 4682 2570 4737 qua:
2603 4671 2790 4737 posset
2814 4662 2863 4718 ei
2896 4674 3056 4732 opem
3087 4657 3249 4722 ferre,
3292 4653 3433 4707 nihil

1796 4760 1803 4767 ’
1853 4764 1997 4820 aliud
2047 4762 2259 4817 fructus
2289 4775 2355 4814 ex
2390 4774 2456 4815 ea
2503 4756 2751 4828 accepit,
2784 4768 2946 4826 quam
2997 4760 3056 4807 ut
3106 4765 3206 4822 spe
3235 4746 3433 4803 blanda

1853 4857 2192 4917 illuderetur,
2223 4853 2401 4909 donec
2426 4850 2671 4907 constitit
2696 4864 2815 4904 eam
2840 4862 2960 4902 esse
2990 4845 3259 4900 fallacem.
3294 4841 3433 4895 Cum

1852 4959 2035 5005 autem
2065 4955 2289 5003 sanctus
2320 4945 2409 5000 vix
2442 4943 2662 4999 tandem
2691 4942 2743 4996 ei
2770 4940 3012 4995 venisset
3058 4939 3113 4992 in
3162 4944 3431 5013 mentem,

1850 5048 1906 5096 et
1927 5039 1996 5094 ad
2024 5054 2149 5094 eum
2180 5040 2416 5093 venisset
2440 5032 2754 5090 ferventiori
2774 5031 2988 5103 Spiritu,
3007 5029 3183 5102 tetigit
3212 5037 3434 5086 sanctos

1849 5132 1972 5187 illos
2006 5131 2194 5202 pedes,
2226 5139 2282 5185 et
2305 5129 2554 5183 morbum
2584 5126 2844 5189 ostendit,
2873 5132 2930 5179 et
2958 5124 3117 5194 petiit
3151 5131 3212 5177 ut
3239 5136 3435 5177 conse-

1847 5234 2109 5294 queretur
2134 5220 2473 5276 curationem
2494 5218 2634 5287 ejus,
2656 5216 2803 5287 quod
2830 5216 2981 5271 illum
3011 5215 3149 5269 male
3174 5213 3427 5268 habebat.

1848 5317 1901 5371 Is
1929 5324 2111 5370 autem
2150 5321 2207 5368 et
2234 5311 2495 5368 misertus
2537 5308 2878 5373 calamitatis,
2934 5316 2994 5362 ut
3023 5306 3116 5377 qui
3144 5316 3294 5362 esset
3316 5304 3428 5359 cle-

1846 5405 2241 5466 mentissrmus,
2290 5413 2349 5457 et
2386 5401 2561 5457 ﬂexus
2589 5398 2695 5455 fuit
2720 5398 2994 5470 precantis
3023 5398 3265 5455 vocibus.
3316 5395 3425 5449 De-

1848 5499 1975 5553 inde
1999 5513 2127 5554 cum
2149 5511 2217 5551 eo
2241 5503 2436 5566 pactus
2462 5501 2566 5561 est,
2609 5493 2672 5550 ut
2712 5509 2744 5549 a
2777 5494 2933 5550 malis
2959 5493 3257 5549 declinaret
3287 5503 3423 5558 ope-

1847 5590 1999 5646 ribus
2031 5590 2102 5646 de
2144 5596 2363 5652 caetero.
2415 5597 2612 5659 petens
2636 5586 2822 5653 etiam,
2872 5594 2934 5641 ut
2980 5585 3161 5656 priora
3200 5588 3418 5651 peccata

1845 5680 2168 5752 corrigeret.
2198 5679 2354 5746 Quod
2377 5678 2595 5749 quidem
2623 5694 2749 5733 cum
2783 5684 2930 5733 esset
2952 5675 3242 5745 pollicitus.
3275 5685 3421 5740 prm-

1847 5775 1966 5830 buit
1995 5773 2045 5830 ei
2070 5772 2442 5829 curationem:
2477 5771 2663 5826 dicens
2701 5770 2757 5824 in
2785 5767 3005 5823 nomine
3030 5765 3231 5820 Christi
3299 5765 3419 5817 lava

1845 5878 1896 5926 te
1921 5882 2080 5939 aqua,
2109 5865 2200 5923 ubi
2230 5864 2426 5921 fratres
2446 5863 2622 5919 solent
2648 5862 2854 5918 bibere.
2882 5857 3035 5925 Quod
3065 5871 3187 5913 cum
3214 5853 3417 5910 factum

2990 5954 3067 6016 3h
