3828 6474
388 374 409 387 ’
428 372 565 438 ῙΟϐἸ

1618 377 1896 441 MENSIS
1942 377 2404 444 JANUARIUS.

3542 380 3679 448 1068

426 502 593 557 esset,
633 493 757 550 fecit
796 497 1047 554 similiter
1075 510 1240 571 atque
1267 497 1470 564 Siloé‘,
1504 506 1558 552 et
1588 506 1880 551 consecuta
1919 504 2000 549 est

2109 494 2312 566 λέπρας
2372 492 2748 565 ἐπηκολούθει,
2781 492 2876 547 καὶ
2933 493 3200 558 οὖτωςῶς
3233 493 3366 566 μηδὲ
3410 491 3680 566 σύμϐολόν

427 584 591 655 lepra:
620 589 828 643 sanatio
862 591 999 647 adeo
1028 607 1184 663 pure,
1219 602 1278 648 nt
1309 606 1412 647 nec
1447 588 1619 646 morbi
1648 590 1869 661 quidem
1912 606 1999 643 rc-

427 688 671 734 manerct
703 680 1008 753 vestigium.
1039 683 1253 750 Quanta
1284 681 1608 737 Archelaum
1647 689 1867 751 propter
1899 679 2000 733 hoc

428 769 650 827 incessit
680 773 898 833 laetitia!
922 775 1195 844 Quantum
1232 775 1472 848 perfundit
1501 773 1788 846 gaudium!
1813 772 1997 839 Quan-

428 870 512 918 tas
540 862 722 921 eil'ecit
761 866 864 922 hoc
904 876 964 922 ut
1012 868 1128 923 Deo
1175 878 1359 939 ageret
1403 866 1638 935 gratias!
1693 864 1832 931 Quid
1887 880 1996 918 non

426 951 569 1016 dico.
598 955 744 1025 quod
786 964 869 1011 est
901 957 1078 1029 majus
1110 965 1164 1012 et
1211 956 1547 1027 perfectius?
1582 956 1779 1022 Quanti
1813 954 1912 1010 fuit
1948 955 1996 1008 ei

428 1043 592 1099 studii
623 1060 807 1111 causa,
838 1056 899 1102 ut
945 1049 1008 1103 ad
1056 1048 1253 1103 animae
1296 1047 1567 1119 aspiceret
1618 1046 1995 1101 curationem!

427 1132 610 1190 Sancti
639 1137 783 1191 enim
811 1138 992 1193 verbis
1022 1139 1158 1194 adeo
1188 1138 1289 1194 l‘uit
1312 1149 1522 1210 captus,
1553 1147 1607 1193 et
1631 1138 1768 1192 adeo
1791 1137 1997 1192 studuit

427 1241 617 1283 revera
674 1230 898 1300 exsequi
939 1231 1016 1296 id,
1066 1232 1211 1301 quod
1254 1231 1303 1286 ei
1358 1230 1700 1302 promiserat,
1752 1240 1810 1285 ut
1862 1229 1998 1283 nihil

426 1319 695 1387 diil‘erret,
726 1338 905 1393 neque
941 1323 1019 1380 rei
1053 1324 1210 1380 daret
1251 1324 1415 1379 ullam
1443 1338 1652 1379 moram
1684 1324 1947 1394 temporis
1981 1340 1994 1377 :

427 1415 522 1467 sed
554 1414 639 1475 iis.
673 1430 792 1484 quae
821 1415 1076 1480 habebat,
1105 1415 1286 1472 statim
1307 1415 1614 1473 distributis
1645 1416 1995 1487 pauperibus,

427 1500 655 1556 aliorum
693 1505 952 1575 deinceps
981 1521 1103 1561 esse
1141 1515 1406 1562 statueret
1432 1506 1636 1561 versari
1670 1508 1724 1562 in
1753 1508 1836 1569 iis,
1878 1521 1999 1577 quas

424 1591 492 1645 ad
524 1592 666 1647 hanc
690 1594 853 1649 vitam
884 1582 1195 1666 pertinent:
1228 1606 1283 1652 et
1310 1599 1428 1668 ejus
1458 1598 1655 1653 sectari
1682 1598 1910 1664 somnia,
1930 1614 1998 1653 ex

425 1684 493 1738 iis
539 1687 703 1741 stulte
750 1689 879 1744 illud
910 1707 925 1743 :
955 1690 1071 1760 ipse
1115 1700 1296 1746 autem
1349 1692 1575 1747 veniens
1608 1692 1675 1747 ad
1724 1699 2001 1746 monaste-

422 1775 590 1843 rium,
622 1777 674 1831 in
722 1796 831 1849 quo
876 1791 995 1835 erat
1026 1781 1173 1837 illius
1215 1783 1480 1848 medicus,
1511 1783 1743 1837 voluerit
1782 1799 1901 1838 esse
1940 1783 1998 1836 in

422 1884 655 1936 numero
684 1871 921 1938 illorum,
961 1874 1052 1944 qui
1081 1874 1191 1931 illic
1231 1876 1630 1938 exercebantur
1659 1892 1672 1928 :
1700 1884 1753 1930 et
1792 1876 1893 1931 sub
1933 1891 2000 1931 eo

425 1974 757 2033 praeceptore
784 1966 946 2020 vitam
977 1967 1187 2037 eligens
1227 1967 1683 2038 perfectissimam
1704 2010 1718 2032 ,
1756 1967 1865 2021 illic
1904 1984 1998 2024 us-

422 2067 528 2122 que
556 2054 622 2110 ad
654 2056 815 2112 finem
848 2059 1066 2115 studere
1107 2061 1323 2129 placere
1358 2060 1622 2115 Creatori.
1659 2058 1772 2116 Hoc
1802 2061 2000 2116 multos

424 2157 491 2196 ex
526 2144 611 2207 iis,
645 2147 736 2215 qui
770 2157 928 2202 erant
974 2150 1214 2205 illustres
1258 2149 1583 2215 Antiochiae,
1642 2150 1896 2206 excitavit
1931 2151 1999 2206 ad

423 2233 656 2291 similem
682 2239 1107 2304 aemulationem,
1137 2250 1193 2296 et
1242 2241 1490 2305 adjunxit
1522 2258 1748 2297 numero
1786 2258 1997 2310 eorum,

421 2324 516 2393 qui
556 2327 688 2383 salvi
720 2328 898 2383 ﬁunt:
934 2331 1183 2386 similiter
1241 2331 1387 2386 enim
1439 2330 1550 2386 Deo
1598 2348 1724 2388 suas
1778 2346 2001 2403 [imptcr

420 2425 649 2485 egentes
702 2419 1017 2478 dedicantes
1071 2422 1378 2488 facultates,
1428 2423 1515 2477 alii
1567 2425 1788 2495 quidem
1844 2425 2000 2481 relati

421 2519 553 2566 sunt
607 2511 665 2567 in
715 2529 1003 2571 numerum
1042 2517 1204 2585 hujus
1248 2518 1427 2574 sancti
1464 2518 1802 2581 monasterii,
1860 2534 1997 2588 quo-

424 2602 590 2660 modo
630 2607 795 2662 etiam
827 2609 980 2666 aiunt
1010 2610 1158 2666 illum
1191 2611 1562 2673 Theodorum,
1593 2612 1684 2681 qui
1720 2610 1821 2666 fuit
1857 2628 2000 2667 unus

412 2711 491 2753 ex
515 2699 670 2756 valde
719 2701 1061 2759 illustribus:
1094 2706 1187 2760 alii
1236 2721 1366 2761 vero
1403 2706 1749 2761 ventitabant
1778 2706 1844 2760 ad
1873 2706 1998 2774 alia,

422 2807 545 2863 qua:
582 2794 636 2849 in
673 2797 895 2853 civitate
943 2808 1139 2864 erant,
1173 2800 1527 2855 monasteria.
1575 2802 1779 2856 Omnes
1816 2808 1999 2855 autem

424 2885 779 2944 intuebantur
827 2891 895 2947 ad
955 2892 1123 2953 vitam
1180 2893 1447 2961 Joannis,
1524 2901 1778 2963 tanquam
1830 2909 1998 2949 unum

420 2980 720 3051 exemplar.
745 2981 880 3037 Nam
903 2986 1008 3039 etsi
1034 2993 1190 3040 erant
1216 2985 1361 3056 apud
1393 2983 1660 3055 singulos,
1693 2984 1784 3054 qui
1819 2986 1924 3040 vita
1947 2993 2003 3040 et

422 3068 619 3125 ordine
648 3074 982 3142 pia-stabant
1008 3076 1152 3141 aliis,
1186 3077 1233 3133 is
1266 3085 1448 3132 tamen
1473 3084 1592 3131 erat
1613 3077 1856 3131 omnium
1889 3079 2002 3149 pri-

412 3174 549 3215 mus
572 3164 820 3220 eruditor
852 3177 906 3222 et
935 3169 1192 3238 magister

489 3435 634 3493 'Vlll.
676 3437 880 3494 Verum
914 3444 1200 3498 enimvero
1236 3444 1352 3500 vult
1380 3445 1554 3501 oratio
1601 3446 1829 3502 aliorum
1864 3464 2001 3518 quo-

423 3543 531 3599 que
576 3531 891 3588 meminisse
932 3533 1053 3603 ejus
1101 3519 1493 3592 miraculorum
1516 3579 1531 3604 ,
1564 3547 1620 3594 et
1646 3553 1708 3593 ea
1737 3554 1848 3593 non
1887 3540 2004 3594 dari

422 3622 703 3689 oblivioni,
730 3640 851 3697 quae
876 3643 1068 3691 revera
1100 3644 1208 3685 non
1251 3640 1379 3686 sunt
1430 3631 1589 3704 digna
1621 3646 1744 3703 qua:
1782 3631 2001 3688 dentur.

422 3712 557 3771 Nam
588 3715 671 3771 vir
703 3718 921 3788 quidam
949 3723 1172 3779 nomine
1202 3724 1460 3788 Eucleus,
1512 3724 1599 3780 cui
1648 3725 1852 3782 invidia
1891 3725 2005 3781 dze~

424 3807 604 3862 monis
633 3808 851 3866 excisus
882 3822 1004 3868 erat
1036 3814 1250 3881 oculus,
1289 3817 1484 3872 statuit
1520 3816 1687 3871 vitam
1725 3817 2005 3886 suscipere

418 3900 781 3957 monasticam
818 3903 873 3958 in
901 3920 969 3962 eo
1002 3909 1357 3973 monasterio,
1387 3908 1443 3964 in
1473 3925 1583 3980 quo
1600 3919 1719 3965 erat
1743 3920 1964 3967 sanctus
1989 3927 2003 3962 :

423 4004 657 4062 cumque
692 3995 1034 4065 accessisset,
1065 4009 1122 4056 et
1150 4000 1396 4057 habitum
1439 4009 1704 4056 mutasset
1729 4010 1785 4057 et
1818 4003 2005 4068 vitam,

430 4098 684 4157 magnum
714 4086 978 4147 Joannem
1009 4094 1233 4150 attrahit
1253 4095 1323 4151 ad
1352 4093 1802 4150 misericordiam.
1841 4096 2009 4151 Audit

428 4177 613 4249 itaque
645 4178 794 4238 illum
819 4183 899 4240 sic
928 4185 995 4240 ad
1031 4187 1258 4242 verbum
1289 4196 1558 4251 amntem,
1587 4196 1643 4242 et
1670 4201 1867 4259 magno
1893 4188 2005 4244 fer-

424 4285 556 4328 vore
610 4273 1104 4334 commiserationis
1138 4278 1218 4334 sic
1238 4280 1482 4334 animum
1523 4279 1949 4337 inﬂammantem
1992 4301 2004 4338 :

422 4362 588 4431 Deus,
622 4381 657 4422 o
684 4366 877 4432 frater.
915 4368 1011 4425 tibi
1061 4370 1390 4438 medebitur,
1440 4380 1497 4427 et
1526 4372 1853 4430 illuminabit
1883 4384 2006 4430 tuos

421 4460 610 4514 oculos
650 4469 708 4516 et
748 4462 930 4518 cordis
954 4471 1010 4519 et
1039 4463 1308 4534 corporis.
1358 4463 1530 4519 Simul
1554 4480 1679 4522 cum
1718 4467 1822 4522 hoc
1859 4468 2006 4525 dicto

2100 606 2153 642 τι
2192 588 2286 642 τοῦ
2312 587 2521 651 πάθους
2555 587 2615 641 rb
2642 585 2903 657 παράπαν
2945 584 3351 655 ὑπολελεῖφθαι.
3375 586 3528 657 Πόση
3585 587 3676 640 τὸν

2117 682 2412 754 Ἀρχέλαον
2431 680 2524 734 ἐπὶ
2561 680 2738 751 τούτῳ
2760 678 2906 751 χαρὰ
2935 677 3259 750 περιέλα6ε;
3318 679 3493 749 πόσης
3522 679 3677 749 εὐχα-

2105 774 2315 847 ριστίας
2349 773 2498 844 αὐτῷ
2524 771 2623 843 τῆς
2659 774 2795 843 πρὸς
2821 773 2911 826 τὸν
2938 772 3076 824 Θεὸν
3105 772 3370 846 πρόξενον
3405 771 3676 843 κατέστη;

2104 866 2177 938 (τί
2214 865 2290 937 μὴ
2321 865 2468 935 λέγω
2503 864 2563 918 rb
2596 864 2780 934 μεῖζον
2820 865 2913 918 καὶ
2941 861 3273 935 τελεώτερον
3296 864 3350 932 ;)
3386 863 3565 931 πόσης
3595 865 3679 915 al-

2100 956 2193 1012 τία
2228 956 2404 1031 τούτῳ
2453 957 2589 1027 πρὸς
2620 938 2805 1026 ψυχὴν
2829 954 3126 1025 θεραπείας
3154 956 3186 1024 ἡ
3220 958 3508 1023 σωματικὴ
3545 952 3676 1022 αὕτη

2100 1050 2323 1120 γέγονεν
2349 1053 2534 1119 ίασις;
2580 1052 2675 1106 καὶ
2702 1052 2810 1120 γὰρ
2862 1049 3036 1113 οὕτως
3064 1049 3181 1118 ἥλω
3221 1048 3339 1122 [γρ.
3363 1044 3534 1118 ἑάλω]
3561 1045 3669 1099 τῶν

2100 1146 2194 1199 τοῦ
2231 1143 2388 1211 ἁγίου
2410 1143 2584 1211 λόγων
2601 1141 2697 1195 καὶ
2726 1141 3126 1213 παραινέσεων,
3149 1142 3240 1194 καὶ
3263 1141 3438 1203 οὕτως
3476 1139 3679 1191 ἐσπευ-

2101 1253 2196 1292 σεν
2258 1236 2511 1306 ἀψευδεῖς
2568 1236 2717 1305 αὐτῷ
2773 1235 2949 1302 δεῖξαι
3000 1234 3101 1299 τὰς
3142 1233 3496 1303 ὑποσχέσεις.
3538 1229 3679 1282 ὥστε

2098 1329 2200 1384 οὐκ
2230 1332 2310 1393 είς
2335 1329 2619 1393 ἀναϐολὰς,
2666 1329 2787 1383 οὐδὲ
2818 1328 3011 1398 χρόνον
3046 1327 3165 1381 τινὰ
3209 1326 3394 1379 δοῦναι
3428 1325 3507 1393 τῷ
3533 1323 3679 1393 πρά-

2099 1436 2273 1491 γματι
2322 1423 2417 1474 καὶ
2445 1421 2756 1491 μελλήσεις,
2794 1420 2931 1473 ἀλλά
2957 1419 3273 1491 παραυτίκα
3308 1417 3378 1470 τὰ
3401 1416 3532 1469 θντα
3566 1410 3695 1474 τοῖς’

2099 1512 2374 1582 δεομένοις
2404 1511 2495 1565 καὶ
2522 1511 2718 1580 πένησι
2750 1511 3078 1581 διελόμενον,
3129 1509 3331 1576 ἑτέρων
3363 1501 3505 1559 εἶναι
3531 1504 3677 1567 λογί-

2103 1603 2325 1668 σασθαι,
2361 1604 2419 1656 τὺ
2449 1603 2580 1673 περὶ
2628 1603 2719 1656 τὸν
2776 1602 2890 1675 βίον
2938 1598 3320 1671 ἀνεστράφθαι⁴
3346 1599 3549 1666 φιλεῖν,
3586 1596 3683 1649 καὶ

2102 1698 2217 1759 τοῖς
2274 1695 2505 1766 ὀνείροις
2561 1695 2752 1748 τούτου
2809 1693 3189 1761 προσκεῖσθαι,
3213 1690 3433 1744 καὶτῶν
3456 1689 3680 1761 φθειρο-

2109 1789 2285 1859 μένων
2338 1787 2703 1860 ἀπέχεσθαι’
2753 1789 2913 1841 αὑτὸν
2932 1787 2987 1841 δὲ
3010 1787 3071 1839 τὸ
3101 1785 3493 1857 μοναστήριον,
3523 1783 3553 1837 ὃ
3592 1785 3683 1835 τον

2110 1879 2305 1949 ίατρὸν
2352 1874 2489 1950 εἶχε,
2517 1878 2895 1934 καταλαϐόντα
2913 1878 3105 1932 τούτου
3129 1875 3240 1951 [Ton
3270 1873 3478 1948 roﬁro],
3520 1874 3683 1946 μέρος

2107 1973 2301 2027 ἑαυτὸν
2360 1974 2608 2043 ποιῆσαι,
2652 1973 2747 2027 καὶ
2784 1971 2891 2025 τῶν
2926 1973 3044 2024 ἐκεί
3083 1969 3263 2032 καλῶς
3294 1968 3679 2039 ἀσκουμένωνο

2109 2066 2202 2118 καὶ
2236 2065 2350 2136 βίον
2420 2067 2673 2136 ἑλόμενον
2702 2065 2805 2118 ὑπὸ
2858 2064 3120 2135 παιδευτῇ
3152 2061 3329 2133 τούτῳ
3345 2063 3452 2117 οιαὶ
3510 2059 3684 2128 καθη-

2106 2157 2298 2224 γεμόνι
2349 2156 2443 2210 τδν
2472 2157 2890 2229 ἀκριϐέστατον,
2924 2158 3044 2209 ἐκεῖ
3077 2154 3240 2226 μέχρι
3270 2154 3462 2216 τέλους
3490 2155 3687 2222 εὐαρε-

2109 2251 2305 2320 στῆσαι
2331 2250 2410 2321 τῷ
2434 2250 2706 2305 κτίσαντι.
2770 2249 2941 2303 Τοῦτο
2972 2249 3200 2310 πολλοὺς
3238 2246 3351 2300 τῶν
3386 2249 3443 2299 ἐν
3479 2247 3682 2299 Ἀντιοο

2106 2346 2230 2414 χείᾳ
2264 2341 2583 2413 περιφανῶν
2618 2343 2755 2413 πρὸς
2790 2342 2880 2395 τὸν
2894 2342 3080 2412 ὅμοιον
3112 2340 3336 2411 ἠρέθισε
3369 2338 3558 2408 ζῆλον,
3587 2336 3683 2391 καὶ

2106 2434 2183 2505 τῷ
2216 2435 2370 2506 μέρει
2433 2434 2541 2489 τῶν
2612 2434 2934 2506 σωζομένων
2964 2434 3246 2500 συνέταξε.
3277 2431 3682 2503 Παραπλησίως

2107 2525 2216 2598 γὰρ
2241 2526 2319 2597 τῷ
2346 2525 2467 2597 Θεῷ
2518 2526 2618 2595 τὴν
2657 2525 2847 2579 οὐσίαν
2867 2524 2955 2579 διὰ
2985 2525 3094 2578 τῶν
3119 2522 3393 2595 δεομένων
3424 2520 3683 2591 ἀφοσιού-

2111 2634 2286 2689 μενοι,
2316 2618 2364 2672 οί
2424 2617 2545 2688 μὲν,
2596 2616 2677 2685 τῷ
2722 2614 2816 2670 τοῦ
2863 2615 3022 2684 ἁγίου
3068 2613 3242 2686 τούτῳ
3280 2613 3682 2684 φροντιστηρίῳ

2109 2707 2571 2776 συγκατελέγοντο
2626 2707 2838 2777 (ὥσπερ
2863 2706 2928 2778 δὴ
2988 2705 3084 2760 καὶ
3139 2705 3416 2775 Θεόδωρον
3478 2704 3682 2757 ἐκεῖνόν

2109 2817 2294 2871 φασιν,
2347 2799 2444 2853 ἕνα
2474 2798 2584 2853 τῶν
2633 2799 2841 2870 σφόδρα
2873 2798 3156 2867 ἐπιφανῶν
3179 2796 3517 2868 γενόμενον),
3548 2796 3599 2849 οἱ
3628 2794 3685 2849 δι

2101 2889 2203 2947 ’καὶ
2228 2892 2437 2964 ἑτέροις
2477 2890 2855 2963 προσεφοίτων
2903 2889 3291 2962 μοναστηρίοις
3323 2891 3435 2952 τοῖς
3458 2889 3564 2943 ἀνὰ
3588 2885 3683 2959 τὴν

2109 2984 2266 3039 πόλιν
2317 2983 2633 3055 κειμένοις·
2687 2984 2890 3047 πάντες
2917 2983 2973 3037 δὲ
2996 2981 3185 3056 ὥσπερ
3247 2984 3329 3046 είς
3375 2981 3684 3053 ἀρχέτυπα.

2107 3077 2189 3141 ἓν,
2224 3076 2315 3130 τὸν
2357 3076 2603 3131 Ἰωάννου
2660 3076 2775 3144 βίον
2829 3075 3159 3131 ἀπέϐλεπον.
3212 3077 3323 3131 Καὶ
3338 3076 3448 3147 γὰρ
3477 3077 3530 3127 εί
3556 3075 3685 3146 παρ’

2025 3189 2068 3246 ο
2103 3170 2355 3233 ἑκάστοις
2416 3164 2578 3241 ἦσαν,
2607 3170 2656 3223 οἳ
2680 3170 2773 3223 καὶ
2801 3168 2903 3241 βίῳ
2937 3171 3032 3223 καὶ
3055 3168 3205 3236 τάξει
3228 3169 3503 3241 διέφερον,
3542 3168 3679 3223 ἀλλὰ

2106 3261 2325 3318 πάντων
2378 3255 2458 3326 εἷς
2484 3257 2552 3333 ἦν
2580 3257 2737 3327 οὗτος
2758 3264 2785 3315 ὁ
2815 3261 3033 3333 πρῶτος
3057 3261 3377 3333 καθηγητὴς
3413 3261 3513 3315 καὶ
3535 3259 3683 3314 διδά-

2107 3356 2323 3420 σκαλος.
2912 3425 2917 3431 η

2180 3451 2260 3503 ll'.
2307 3448 2468 3503 Ἀλλὰ
2523 3447 2837 3520 μεμνῆσθαι
2869 3448 3034 3504 πάλιν
3057 3448 3086 3502 ὀ
3118 3447 3274 3517 λόγος
3316 3446 3415 3501 καὶ
3454 3444 3564 3499 τῶν
3596 3442 3685 3498 ἀλ-

2105 3541 2212 3596 λων
2236 3539 2402 3595 αὑτοῦ
2438 3540 2684 3612 βούλεται
2719 3541 3062 3611 θαυμασίων,
3100 3542 3198 3595 καὶ
3227 3539 3302 3610 μὴ
3345 3537 3487 3610 λήθῃ
3512 3552 3688 3608 παρα-

2103 3632 2400 3686 διδόναιτά
2438 3631 2513 3704 μὴ
2541 3635 2751 3703 σιωπῆς
2802 3632 2974 3696 ὅντως
3021 3632 3172 3699 ἄξια.
3236 3628 3398 3700 Ἀνὴρ
3452 3628 3564 3699 γάρ
3603 3643 3684 3689 τις

2106 3723 2345 3787 Εθκλεος
2380 3724 2642 3797 τοῦνομα,
2675 3724 2859 3796 φθόνῳ
2882 3724 3146 3797 δαιμονίῳ
3170 3722 3262 3777 τὸν
3286 3721 3569 3792 ὀφθαλμὸν
3593 3722 3685 3773 ὲκο

2107 3817 2322 3882 κοπείς,
2376 3816 2471 3871 τδν
2517 3820 2725 3890 μονήρη
2796 3817 2911 3889 βίον
2960 3817 3018 3872 ὲν
3048 3809 3255 3888 ᾧπερὸ
3305 3813 3482 3884 μέγας
3534 3807 3686 3875 οὗτος

2111 3909 2329 3980 ὑπῆρχε
2355 3908 2593 3981 σεμνείῳ
2652 3909 2931 3980 μετελθεῖν
2977 3910 3180 3963 εἵλετο.
3231 3909 3342 3962 Kal.
3370 3904 3688 3980 προσελθὼν

2107 4004 2207 4057 καὶ
2242 4005 2429 4074 σχῆμα
2454 4003 2754 4075 διαμείψας
2783 4004 2879 4057 καὶ
2905 4002 3043 4075 βίον,
3097 4006 3176 4067 εἰς
3208 4002 3362 4056 ἔλεον
3391 4004 3686 4057 ἐπισπᾶται

2107 4094 2201 4147 τὸν
2227 4092 2402 4162 ἅγιον.
2469 4094 2684 4149 Ἀκούει
2721 4094 3017 4165 τοιγαροῦν
3049 4093 3224 4158 οὕτως
3268 4093 3480 4148 ἐκείνου
3524 4108 3687 4160 προσ-

2105 4186 2428 4257 ευξαμένου,
2481 4186 2580 4239 καὶ
2631 4185 2800 4259 πολλῇ
2822 4189 2888 4258 τῇ
2946 4186 3127 4258 θέρμῃ
3174 4185 3276 4254 τῆς
3342 4182 3688 4255 συμπαθείας

2104 4279 2206 4350 τὴν
2239 4277 2418 4350 ψυχὴν
2440 4276 2889 4350 ὲκπυρώσαντος.
2931 4277 2991 4331 '0
3026 4278 3185 4342 Θεὸς,
3211 4276 3432 4345 ἀδελφέ,
3467 4274 3685 4343 ίάσηταί

2108 4370 2314 4434 cantat
2371 4370 2584 4442 φωτίσῃ
2638 4370 2765 4434 τοὺς
2820 4368 3132 4439 ὀφθαλμοὺς
3164 4369 3261 4422 καί⁸
3302 4367 3402 4439 τῆς
3459 4365 3685 4439 καρδίας

2109 4481 2204 4518 σου
2244 4462 2341 4517 καὶ
2384 4461 2479 4515 τοῦ
2515 4460 2787 4533 σώματος.
2826 4462 2979 4533 Ἅμα
3028 4461 3085 4514 δὲ
3104 4461 3181 4532 τῷ
3211 4460 3356 4530 λόγῳ
3409 4460 3506 4514 καὶ⁵
3536 4460 3571 4530 ἡ
3594 4458 3681 4510 θε-

420 4552 702 4608 concurrit
733 4552 898 4609 etiam
925 4555 1161 4622 curatio,
1189 4565 1246 4612 et
1286 4555 1624 4613 illuminatus
1652 4567 1770 4614 erat
1792 4560 2000 4628 oculus,

2113 4557 2315 4627 ραπεία
2337 4557 2653 4629 συνέτρεχε,
2686 4556 2781 4609 καὶ
2802 4557 2830 4609 ὁ
2850 4554 3130 4625 ὀφθαλμὸς
3160 4552 3479 4624 ἐφωτίζετο,
3508 4553 3599 4605 καὶ
3620 4546 3685 4622 ἦν

422 4652 478 4698 et
508 4659 575 4700 eo
602 4645 860 4702 utebatur
889 4646 1145 4704 similiter
1194 4656 1358 4719 atque
1397 4648 1524 4707 alio.
1577 4647 1911 4720 Simpliciter
1946 4661 2003 4707 et

423 4737 622 4791 .eniter
652 4752 682 4792 a
717 4753 803 4793 me
836 4748 1133 4794 narrantur
1159 4740 1455 4805 miracula,
1480 4741 1608 4796 dum
1639 4743 1709 4797 ad
1737 4744 2001 4799 orationis

418 4828 630 4898 aspicio
655 4829 1077 4901 longitudinem,
1120 4841 1176 4887 et
1216 4834 1353 4888 nihil
1384 4835 1508 4889 volo
1542 4833 1662 4890 fuse
1690 4850 1756 4890 ac
1793 4833 2001 4906 prolixe

423 4924 702 4993 persequi.
751 4925 858 4980 Sed
892 4925 1043 4982 nullo
1075 4942 1213 4997 opus
1263 4936 1347 4982 est
1387 4937 1710 4983 omamento
1752 4938 1997 4993 externo,

424 5022 482 5069 et
513 5014 581 5069 iis
608 5031 729 5086 qua:
753 5032 816 5071 ea
846 5028 1081 5088 possunt
1104 5020 1387 5081 extollere.
1417 5019 1513 5075 sed
1544 5019 1777 5076 suiliciet
1799 5021 1880 5077 eis
1906 5037 2002 5076 sua

427 5108 780 5178 pulchritudo
813 5120 876 5166 et
920 5112 1260 5184 magnitudo.
1305 5112 1425 5180 Quo
1471 5113 1615 5170 circa
1664 5123 1792 5170 sunt
1840 5115 2003 5170 etiam

428 5200 565 5257 mihi
593 5201 697 5257 alia
727 5203 917 5260 eodem
947 5206 1110 5262 modo
1138 5206 1427 5261 narranda.

500 5295 594 5354 1X.
634 5297 828 5354 Mulier
879 5302 1130 5371 quaedam
1177 5302 1315 5358 civis
1367 5302 1731 5367 Antiuchena,
1788 5303 2008 5359 nomine

431 5390 728 5458 Christina,
781 5392 1046 5463 proﬂuvio
1094 5385 1378 5469 sanguinis
1422 5407 1631 5469 septem
1680 5398 1789 5468 iam
1831 5413 2007 5454 annos

430 5484 667 5556 graviter
691 5485 995 5544 laborabat.
1048 5488 1186 5558 Cum
1219 5505 1285 5546 ea
1320 5506 1452 5562 ergo
1497 5492 1589 5546 diu
1616 5506 1715 5545 usa
1752 5490 2002 5556 medicis,

428 5576 743 5647 agnovisset
793 5591 892 5635 eos
925 5595 1060 5635 vana
1112 5598 1208 5654 spe
1242 5582 1445 5639 ducere
1497 5591 1554 5638 et
1595 5596 1746 5638 mora
1803 5581 2005 5646 inutili,

431 5672 650 5729 vehitur
692 5687 721 5726 a
748 5672 1030 5743 iumentis,
1072 5685 1127 5731 et
1167 5676 1283 5732 viro
1323 5683 1606 5748 sequente,
1655 5674 1905 5732 defertur
1940 5675 2007 5732 ad

503 5855 526 5888 ‘
556 5854 715 5911 Joan.
744 5873 822 5925 ix,
854 5857 905 5913 7.

2069 4678 2081 4693 -
2109 4649 2249 4720 ἔχων
2275 4649 2351 4719 τῷ
2374 4650 2550 4721 ἑτέρῳ
2570 4647 2997 4721 παραπλησίως.
3033 4646 3211 4717 Ἀπλῆ
3246 4664 3337 4717 μοι
3359 4644 3457 4699 καὶ
3481 4644 3683 4714 σχέδιος

2109 4741 2274 4813 ἡτῶν
2326 4741 2623 4812 θαυμάτων
2662 4740 2917 4812 διήγησις
2965 4741 3101 4809 προς
3122 4738 3183 4792 rb
3229 4739 3404 4808 μῆκος
3446 4735 3684 4809 ἀφορῶνο

2109 4852 2162 4889 τι
2186 4835 2281 4889 τοῦ
2307 4836 2493 4906 λόγου,
2535 4834 2633 4889 καὶ
2657 4833 2824 4907 μηδὲν
2851 4833 3008 4898 ὲπεξε
3019 4830 3317 4903 ργάξεσθαι
3354 4830 3679 4902 βουλομένῳ·

2112 4929 2254 5001 πλὴν
2313 4928 2544 4999 οὐδεμία
2589 4928 2752 4999 χρεία
2783 4927 2884 4996 τῆς
2939 4924 3139 4991 ἔξωθεν
3189 4923 3548 4996 εὐπρεπείας,
3594 4922 3682 4975 καὶ

2110 5020 2221 5074 τῶν
2290 5020 2541 5091 ἐπαίρειν
2568 5019 2709 5073 αὑτά
2741 5017 3079 5090 δυναμένων,
3113 5015 3251 5070 ἀλλὰ
3289 5014 3487 5080 κάλλος
3508 5014 3681 5075 αὐτοῖς

2113 5116 2206 5169 καὶ
2238 5115 2471 5185 μέγεθος
2500 5114 2561 5167 rb
2593 5114 2723 5167 ίδιον
2752 5112 3077 5182 ἀποχρήσει.
3111 5109 3275 5164 Ὅθεν
3307 5109 3373 5181 δὴ
3401 5110 3493 5162 καί
3522 5106 3679 5162 τᾶλλα

2112 5209 2315 5280 τρόπον
2348 5223 2440 5278 μοι
2462 5206 2555 5260 τὸν
2589 5209 2703 5262 ἴσον
2722 5205 3031 5277 διηγητέον.

2181 5301 2260 5356 8'.
2288 5299 2431 5371 Γυνὴ
2464 5299 2681 5362 πολῖτις
2733 5297 3092 5368 Ἀντιοχείας,
3128 5294 3370 5365 τοῦνομα
3402 5292 3676 5365 Χριστίνα.

2113 5392 2334 5463 Ταύτην
2384 5393 2710 5469 αίμορῤοίας
2752 5392 2926 5456 πάθος
2992 5392 3086 5444 καὶ
3133 5391 3214 5455 είς
3286 5389 3517 5460 ἕϐδομον
3570 5387 3681 5448 ἔτος

2111 5488 2363 5559 χαλεπῶς
2396 5487 2644 5558 ἔτρυχεν.
2682 5485 2775 5551 Ὠς
2800 5482 2894 5538 οὖν
2926 5485 3131 5555 ἰατροῖς
3155 5482 3326 5537 πολλὰ
3345 5478 3676 5555 χρησαμένη,

2115 5580 2280 5653 κενὴν
2307 5579 2500 5635 ἐλπίδα
2528 5577 2598 5632 τὰ
2624 5577 2683 5646 ἐξ
2708 5576 2887 5630 αὐτῶν
2921 5576 3064 5643 ἔγνω
3086 5575 3180 5630 καὶ
3220 5575 3459 5647 ματαίαν
3475 5570 3676 5645 τριϐὴν,

2115 5675 2316 5746 φόρτος
2360 5670 2567 5741 γίνεται
2632 5671 2745 5734 τοῖς
2800 5669 3155 5739 ὑποζυγίοις,
3202 5668 3296 5722 καὶ
3350 5664 3447 5720 τοῦ
3498 5660 3679 5733 ἀνδρὸς
