3828 6488
186 424 334 492 ἱθϐθ

1191 427 1373 489 VITA
1414 426 1475 489 S.
1515 425 1837 489 JOANNIS
1876 425 2436 495 CHRYSOSTOMI.

3297 428 3439 494 1070

184 541 441 603 συνόντος
470 537 605 610 πρδς
621 537 719 610 τὴν
746 539 908 609 ἁγίαν
942 538 1148 612 ταύτην
1181 538 1350 611 μονὴν
1372 539 1621 609 φέρεται,
1669 539 1762 592 καὶ

1880 539 1974 593 hoc
1998 548 2247 595 sanctum
2281 536 2675 603 monasterium
2697 577 2710 602 ,
2750 545 2809 612 et
2859 537 3140 609 projicitur
3175 537 3227 593 in
3272 542 3437 597 vesti-

185 632 266 702 τῷ
289 631 497 686 πυλῶνι
552 631 983 702 προσπίπτεται.
1030 632 1089 687 Ὀ
1117 631 1174 685 δὲ
1207 632 1303 686 καὶ
1326 631 1465 704 πρὸς
1494 631 1586 685 τὸν
1608 630 1764 700 ἅγιον

188 723 470 786 εἰσελθὼν,
541 724 637 776 καὶ
680 722 781 795 τὴν
825 723 1008 779 αἰτίαν
1056 722 1230 777 εἰπὼν
1274 724 1374 795 τῆς
1425 722 1685 794 ἀφίξεως,
1705 723 1766 777 τὸ

189 815 346 885 παρὰ
363 814 424 866 τὸ
450 813 570 868 δέον
606 814 832 886 πράξειν
860 816 1202 886 ἐπιτιμᾶται,
1228 815 1324 870 καὶ
1345 816 1444 887 τὴν
1464 814 1558 868 τοῦ
1587 815 1767 868 συνοί-

190 922 381 971 cono;
406 906 651 977 ἄγνοιαν.
689 907 754 961 Τί
778 908 908 979 γὰρ,
943 908 1097 979 φησί,
1120 909 1211 960 τὸν
1240 908 1561 977 θεραπεύειν
1590 906 1766 963 ταῦτα

187 998 488 1069 δυνάμενον
551 997 863 1072 παρελθὼν,
922 999 1250 1068 ὁμοιοπαθεῖ
1300 997 1607 1068 προσῆλθες
1669 998 1763 1050 ἀνα

190 1092 422 1164 θρώπῳ,
451 1093 521 1148 τὰ
546 1094 686 1165 ὑπὲρ
710 1092 810 1164 τὴν
839 1091 1072 1162 δύναμιν
1109 1089 1357 1145 ἀπαιτῶν
1382 1108 1397 1156 ;
1434 1090 1575 1160 πλὴν
1626 1090 1766 1143 ἀλλὰ

190 1188 258 1256 τῇ
288 1185 508 1251 γυναικὶ
554 1185 726 1251 λέξον·
758 1185 835 1249 ὡς
861 1186 910 1238 εἰ
947 1184 1011 1237 τὸ
1066 1181 1301 1253 σκληρὸν
1322 1181 1479 1236 τοῦτο
1502 1182 1597 1235 καὶ
1621 1184 1766 1237 ἀπα-

197 1271 517 1345 ραχώρητον
564 1274 660 1327 τοῦ
693 1273 900 1344 τρόπου
942 1271 1282 1342 διωσαμένη,
1309 1271 1539 1342 μετρίαν
1566 1272 1765 1342 ἑαυτὴν

189 1366 288 1419 καὶ
334 1364 715 1435 φιλάνθρωπον
762 1367 882 1426 ταῖς
937 1363 1303 1434 θεραπαίναις
1347 1363 1628 1437 παράσχῃ,
1670 1366 1765 1419 καί

192 1460 352 1529 χεῖρα
389 1457 487 1527 μὲν
527 1455 787 1511 πλουσίαν
831 1456 1072 1530 διανοίξῃ
1098 1459 1211 1520 τοῖς
1240 1457 1438 1526 πένησι
1459 1442 1501 1521 ,’
1530 1474 1764 1528 προσευο

191 1551 306 1621 χῶν
336 1550 393 1603 δέ
419 1550 706 1620 μνησθείη,
728 1549 824 1603 καὶ
849 1551 1177 1620 ἐγκρατείας
1194 1552 1629 1622 ἀντιποιήσαιτο,
1658 1567 1754 1603 τα-

193 1644 317 1712 χεῖα
355 1643 450 1695 καὶ
495 1643 529 1714 ἡ
588 1642 684 1695 τοῦ
734 1642 988 1712 σώματος
1036 1642 1306 1716 θεραπεία
1352 1645 1492 1714 μετὰ
1529 1648 1628 1715 τὴν
1667 1643 1768 1713 τῆς

190 1734 369 1805 ψυχῆς
392 1733 603 1803 ἕψεται.
634 1734 912 1788 Μανθάνει
937 1733 1112 1790 ταῦτα
1128 1736 1191 1790 τὸ
1213 1737 1461 1805 γύναιον,
1477 1739 1571 1791 καὶ
1599 1737 1767 1810 μηδὲν

194 1826 385 1889 ἀτελὲς
436 1828 652 1894 ἀφεῖναι
703 1826 812 1880 τῶν
868 1827 1311 1900 ἐπιτεταγμένων
1364 1829 1535 1901 δηλοῖ.
1584 1829 1672 1891 Ὠς
1709 1828 1766 1882 δὲ

194 1918 348 1986 παρὰ
404 1919 499 1972 τοῦ
545 1919 741 1991 ἀνδρὸς
771 1921 972 1991 ἢκουσε
1001 1922 1101 1991 τὴν
1153 1921 1490 1990 ἐπαγγελίαν
1534 1923 1763 1987 ἐκεῖνος,

196 2009 415 2077 Ἄπι-τε,
455 2012 611 2084 φησὶ,
660 2013 797 2082 μετὰ
842 2013 1085 2084 εἰρήνης·
1111 2012 1507 2085 τεθεράπευται
1537 2014 1646 2086 γὰρ
1665 2014 1767 2087 ἤδη

192 2106 347 2176 παρὰ
411 2104 652 2178 Χριστοῦ
696 2123 779 2159 σοι
817 2106 878 2159 τὸ
910 2105 1153 2175 γύναιον.
1189 2106 1361 2161 Τοῦτο
1390 2106 1552 2173 αὐτὸς
1594 2110 1767 2162 ἀπελ-

193 2194 327 2262 θὼν,
377 2199 471 2251 καὶ
524 2197 617 2250 ἐπὶ.
667 2197 775 2250 τῶν
833 2196 1010 2270 ἔργων
1034 2195 1206 2261 οὕτως
1241 2197 1385 2264 ἰδὼν,
1436 2199 1599 2263 εὐθὺς
1649 2199 1770 2270 ἅμα

193 2289 414 2355 γυναικὶ
471 2289 573 2360 τὴν
634 2289 731 2359 μὲν
777 2289 1027 2357 γλῶτταν
1087 2289 1225 2361 πρὸς
1290 2291 1643 2363 εὐχαριστίαν
1669 2292 1766 2347 τοῦ

195 2382 501 2449 κτίσαντος,
550 2383 673 2446 τοὺς
706 2381 763 2434 δὲ
794 2383 962 2446 πόδας
1003 2382 1138 2451 πρὸς
1183 2384 1412 2454 πορείαν
1439 2384 1628 2439 ἐκίνει.
1669 2385 1769 2439 Ἐν

192 2477 277 2528 ἔτι
335 2478 448 2539 τοῖς
492 2477 806 2548 εἰρημένοις
840 2477 1142 2548 προσθεὶς,
1186 2476 1298 2531 τῶν
1355 2477 1558 2548 ἐτέρων
1607 2478 1770 2531 πάλιν

195 2566 255 2621 ἐν
281 2566 394 2637 ἰδίῳ
425 2567 603 2638 καιρῷ
628 2568 1031 2639 μνησθήσομαι.
1752 2582 1755 2583 ⁷

272 2657 328 2713 l'.
359 2660 512 2714 Λέων
543 2658 764 2731 μεγέθει
797 2661 1076 2732 μέγιστος,
1114 2659 1208 2714 καί
1240 2659 1340 2731 τὴν
1405 2660 1577 2733 ἀλκὴν
1640 2661 1770 2717 ἀνυ·

199 2753 493 2820 πόστατος,
550 2752 932 2824 φοϐερώτατός
959 2757 1029 2806 τε
1049 2752 1285 2825 ὀφθῆναι
1332 2752 1427 2807 καί
1478 2753 1770 2810 ἐπιθέσθαι

197 2845 521 2912 δεινότατος,
586 2844 707 2899 κατ’
756 2845 932 2898 ἐκεῖνο
966 2844 1160 2916 καιροῦ
1200 2846 1314 2910 τοῖς
1367 2845 1500 2914 περί
1560 2846 1771 2901 Ἀντιό-

201 2955 361 3009 χειαν
402 2938 654 3009 ἐκώμαζε
697 2938 927 3002 τόποις.
954 2934 1122 3002 Οὗτος
1147 2941 1424 3010 γεωργοῖς
1447 2940 1544 3009 μέν
1606 2956 1775 3010 πονη-

1868 630 2018 685 bulo.
2050 629 2142 685 Ille
2172 637 2355 685 autem
2388 627 2456 684 ad
2480 637 2727 684 sanctum
2750 604 3050 700 ingressus,
3065 644 3187 684 cum
3214 629 3440 686 dixisset

1867 736 2085 777 causam
2111 721 2401 789 adventus,
2423 737 2452 775 a
2483 731 2672 776 sancto
2702 721 3138 792 reprehenditur,
3153 722 3296 793 quod
3327 738 3440 778 non

1868 811 2061 868 fecerit
2098 820 2159 867 ut
2190 820 2310 868 erat
2337 821 2788 879 consentaneum,
2811 821 2866 867 et
2887 813 3030 883 quod
3056 812 3327 885 ignoraret
3364 813 3439 880 id,

1865 906 2012 977 quod
2041 914 2161 961 erat
2190 904 2295 961 sibi
2327 904 2572 961 futurum
2603 905 2965 962 conducibile.
3019 906 3127 961 Cur
3151 907 3319 973 enim,
3363 909 3443 962 in-

1841 994 2005 1064 ‘quit,
2036 1009 2102 1050 eo
2123 994 2420 1064 praeterito,
2453 996 2545 1066 qui
2569 995 2686 1050 haec
2717 1004 2897 1065 potest
2922 1012 3136 1063 curare,
3159 999 3438 1054 accessisti

1868 1087 1936 1141 ad
1963 1086 2163 1152 virum,
2188 1088 2279 1158 qui
2312 1096 2397 1143 est
2425 1088 2694 1143 obnoxius
2718 1089 2906 1144 iisdem
2933 1088 3330 1158 affectionibus,
3372 1093 3440 1149 ab

1868 1193 1935 1234 eo
1965 1178 2250 1250 postulans
2279 1194 2363 1246 ea,
2394 1194 2513 1250 quae
2569 1179 2746 1235 facere
2774 1196 2883 1235 non
2915 1188 2999 1236 est
3044 1182 3099 1236 in
3138 1185 3258 1252 ejus
3283 1195 3440 1255 pote-

1869 1276 2050 1330 state?
2081 1274 2191 1331 Sed
2214 1284 2394 1330 tamen
2427 1276 2544 1331 haec
2577 1276 2663 1331 dic
2691 1276 2844 1331 uxori
2871 1293 2884 1330 :
2921 1275 2977 1331 Si
3006 1278 3213 1347 asperis
3241 1288 3295 1333 et
3316 1295 3443 1349 per-

1869 1368 2149 1424 vicacibus
2179 1368 2267 1424 bis
2299 1370 2544 1425 moribus
2581 1360 2793 1441 ejeeﬁs,
2829 1378 2881 1425 te
2905 1370 3242 1426 moderatam
3274 1384 3326 1427 et
3352 1374 3446 1427 be-

1868 1460 2087 1531 nignam
2155 1458 2368 1514 ancillis
2422 1460 2723 1531 praebueris
2770 1476 2785 1513 :
2836 1469 2893 1514 et
2943 1476 3167 1515 manum
3218 1461 3442 1532 quidem

1866 1552 2071 1623 largam
2104 1561 2158 1607 et
2194 1551 2420 1607 divitem
2469 1551 2803 1629 pauperibus
2839 1553 3141 1621 aperueris,
3170 1555 3443 1624 precatio-

1864 1658 2105 1714 nemque
2149 1653 2204 1699 et
2247 1645 2641 1700 continentiam
2690 1644 2949 1700 oblivioni
3001 1662 3109 1700 non
3145 1647 3442 1713 mandaris,

1869 1736 2066 1792 animae
2096 1735 2432 1791 curationem
2472 1738 2581 1791 clto
2611 1745 2978 1807 consequetur
3003 1738 3212 1793 curatio
3249 1755 3446 1809 corpo-

1873 1827 1969 1884 ris.
1993 1827 2208 1899 Accipit
2233 1828 2351 1883 hazc
2380 1829 2598 1892 mulier,
2640 1836 2696 1884 et
2722 1828 2989 1900 signiﬁcat
3018 1845 3078 1885 se
3109 1830 3250 1886 nihil
3279 1832 3445 1887 omis-

1872 1936 2055 1977 suram
2092 1937 2304 1987 eorum,
2331 1937 2453 1992 qua:
2495 1923 2751 1992 iusserat.
2784 1922 3075 1994 Postquam
3114 1924 3319 1981 audivit
3355 1924 3446 1993 ille

1868 2027 1899 2068 a
1927 2015 2124 2070 marito
2166 2014 2351 2071 uxoris
2384 2013 2804 2085 promissionem
2839 2032 2853 2069 :
2885 2016 3067 2081 Abite,
3100 2017 3296 2086 inquit,
3332 2017 3445 2089 jam

1866 2101 2012 2159 enim
2043 2113 2233 2160 curata
2282 2103 2388 2159 fuit
2411 2120 2442 2159 ο
2471 2102 2692 2159 Christo
2716 2115 2990 2183 uxortua.
3029 2106 3140 2163 lloc
3166 2123 3289 2164 cum
3330 2109 3447 2178 ipse

1869 2197 2083 2263 abiens,
2118 2212 2308 2253 revera
2348 2197 2422 2252 ita
2450 2212 2573 2253 esse
2606 2197 2854 2264 vidisset,
2893 2199 3074 2254 statim
3115 2214 3240 2255 cum
3280 2215 3449 2255 uxore

1869 2289 2107 2360 linguam
2137 2288 2356 2359 quidem
2390 2288 2565 2343 mov—it
2588 2289 2654 2343 ad
2694 2290 2988 2361 gratiarum
3019 2291 3447 2361 actionem,pe-

1871 2380 1969 2435 des
1993 2388 2175 2434 autem
2206 2378 2275 2433 ad
2306 2378 2431 2434 iter.
2464 2380 2602 2434 Cum
2637 2396 2805 2435 unum
2841 2382 2928 2446 iis,
2959 2397 3081 2452 quae
3113 2382 3261 2437 dicta
3291 2393 3446 2445 sunt.

1871 2474 2143 2545 adiecero,
2178 2472 2410 2528 aliorum
2438 2489 2626 2529 rursus
2657 2489 2758 2530 suo
2785 2483 3027 2544 tempore
3063 2474 3260 2531 faciam
3295 2489 3453 2530 men-

1875 2567 2099 2623 tionem.

1943 2659 2014 2713 X.
2053 2658 2164 2714 Leo
2211 2657 2586 2730 magnitudine
2630 2657 2941 2722 maximus,
2982 2666 3038 2713 et
3095 2658 3254 2728 cujus
3305 2657 3453 2715 vires

1873 2751 2130 2809 sustineri
2182 2768 2294 2807 non
2342 2759 2619 2823 poterant,
2669 2759 2725 2806 et
2766 2751 2860 2822 qui
2897 2759 3015 2807 erat
3053 2751 3173 2806 visu
3214 2752 3452 2807 maxime

1877 2844 2156 2907 terribilis,
2185 2854 2241 2899 et
2265 2845 2335 2900 ad
2359 2844 2723 2901 invadendum
2747 2844 3065 2911 acerrimus,
3091 2843 3183 2904 illo
3201 2852 3450 2914 tempore

1863 2938 2197 2995 versabatur
2226 2938 2281 2992 in
2329 2939 2486 3004 locis,
2537 2952 2658 3009 qua:
2696 2947 2824 2994 sunt
2846 2937 2992 2994 circa
3039 2937 3449 2993 Alexandriam.

204 3031 296 3101 pb;
312 3030 528 3098 γείτων,
550 3031 754 3095 όδίταις
783 3030 840 3084 δὲ
861 3030 1099 3102 χαλεπὸν
1127 3029 1308 3100 θέαμα
1341 3031 1435 3085 καὶ
1458 3031 1775 3103 συνάντημα

1880 3028 1939 3087 Ιε“
1970 3041 2089 3088 erat
2125 3031 2380 3104 agricolis
2421 3031 2642 3103 quidem
2674 3033 2850 3087 malus
2878 3032 3119 3096 vicinus,
3151 3031 3454 3088 viatoribus

200 3117 415 3193 ἦν.Κα“ι
465 3124 573 3191 γὰρ
616 3122 812 3193 ἀθρόον
839 3123 1049 3186 τούτοις
1085 3121 1463 3195 ἐπιτιθέμενος
1492 3124 1775 3191 πλείστους

1880 3134 2062 3182 autem
2102 3141 2264 3198 grave
2319 3126 2692 3197 spectaculum
2730 3132 2785 3181 et
2813 3140 3044 3180 occursu
3086 3124 3449 3181 formidabile.

202 3234 263 3271 τε
294 3217 483 3288 ἀνῄρει
534 3217 626 3270 καὶ
674 3216 1008 3288 παρέπεμπε
1068 3218 1134 3288 τῇ
1191 3216 1412 3288 γαστρί.
1457 3218 1568 3271 Καὶ
1606 3215 1674 3289 ἦν
1717 3218 1775 3273 τὸ

1883 3218 2074 3291 Magno
2123 3219 2269 3275 enim
2309 3219 2517 3291 impetu
2566 3219 2623 3274 in
2656 3233 2753 3274 eos
2798 3218 3130 3288 irrumpens,
3187 3218 3455 3289 plurimos

202 3308 437 3379 πρᾶγμα
486 3305 716 3379 φοϐερὸν
764 3307 858 3360 καί
921 3307 1224 3378 ἀμήχανον.
1279 3307 1387 3360 Καί
1450 3316 1600 3360 ποτα
1633 3308 1773 3379 πρὸς

1880 3313 2186 3380 occidebat,
2218 3323 2274 3369 et
2301 3314 2461 3369 simul
2485 3312 2539 3367 in
2570 3321 2818 3368 ventrem
2847 3312 3285 3368 transmittebat:
3307 3318 3454 3368 erat-

205 3401 368 3456 αὑτὸν
429 3400 598 3471 πολλὴ
664 3400 760 3453 καὶ
820 3400 1145 3470 ἀκμάζουσα
1200 3399 1311 3454 τῶν
1378 3399 1775 3473 πλησιοχώρων

1880 3419 1983 3476 que
2011 3420 2077 3460 ex
2109 3419 2266 3475 aequo
2295 3413 2350 3459 et
2375 3404 2575 3459 damno
2614 3401 3132 3473 perniciosissimus.
3156 3413 3211 3456 et
3239 3402 3305 3457 ad
3328 3416 3454 3457 eum

207 3494 681 3565 ἐπιστρατεύσασα
734 3496 859 3566 χεὶρ
924 3493 1016 3547 ἐπὶ
1075 3493 1234 3565 κακῷ
1281 3493 1360 3562 τῷ
1391 3493 1505 3565 ἰδίῳ
1546 3492 1688 3562 ἔγνω
1713 3494 1775 3546 τὸ

1880 3496 1944 3551 de
1974 3494 2156 3550 medio
2198 3495 2498 3549 tollendum
2558 3492 2906 3549 difficillimus
2940 3509 2954 3544 :
2996 3502 3206 3546 etcum
3256 3507 3453 3564 magna

205 3582 476 3656 τολμηρὸν
527 3584 867 3652 ἐπιδείξασα.
927 3585 1037 3638 Καὶ
1082 3585 1193 3654 γὰρ
1245 3584 1506 3654 ἐξαίφνης
1560 3585 1775 3637 πάντων

1880 3596 1934 3643 et
1962 3587 2141 3643 vivida
2188 3602 2385 3643 manus
2432 3601 2644 3652 eorum,
2676 3586 2768 3656 qui
2800 3599 2969 3656 prope
3016 3583 3357 3647 habitabant,
3398 3583 3453 3636 in

208 3674 594 3747 καταδραμὼν,
623 3675 715 3740 οὓς
751 3677 851 3747 μέν
880 3677 977 3731 καὶ
1005 3675 1151 3749 μόνῳ
1179 3676 1262 3746 τῷ
1288 3676 1600 3748 βρυχήματι
1621 3693 1780 3730 κατα-

209 3771 394 3834 σείσας
458 3769 705 3840 φυγάδας
759 3768 982 3837 ἐδειξεν,
1007 3769 1100 3835 οὓς
1129 3770 1185 3825 δὲ
1210 3771 1303 3824 καὶ
1346 3768 1681 3839 διαλαφύξας
1703 3770 1779 3842 τῷ

209 3865 438 3935 στόματι
474 3857 687 3918 δεῖπνον
743 3862 915 3929 ἔθετο,
965 3863 1120 3927 τινὰς
1145 3862 1205 3917 δέ
1243 3866 1340 3918 καὶ
1392 3862 1777 3935 διασπαράξας

206 3961 321 4022 τοῖς
363 3957 543 4023 ὄνυξιν
577 3957 848 4022 ἐλεεινοὺς
879 3957 1195 4030 εἰργάσατο.
1220 3956 1334 4011 Καὶ
1357 3956 1409 4011 τί
1437 3956 1546 4031 γὰρ
1567 3956 1713 4020 ἄλλο,
1743 3958 1776 4029 ἦ

206 4050 423 4113 λέοντος
440 4048 828 4120 τραυματίας;
871 4049 1122 4104 ἐντεῦθεν
1148 4048 1200 4103 τί
1240 4049 1778 4117 συνέϐαινεν;ἀφίε-

210 4143 335 4196 σθαι
369 4142 468 4212 μὲν
493 4142 592 4206 τὰς
624 4141 864 4214 ἀρούρας
895 4142 1001 4196 ὑπὸ
1018 4141 1127 4196 τῶν
1156 4141 1421 4213 γεωργῶν
1442 4143 1779 4214 ἀνεπιμελή-

210 4248 359 4297 τους,
388 4233 752 4305 ἐκτρέπεσθαι
776 4233 834 4288 δέ
860 4235 988 4296 τοὺς
1024 4233 1438 4304 ὁδοιποροῦντας
1478 4235 1561 4295 εἰς
1587 4237 1782 4299 τόπους

211 4325 447 4390 ἀϐάτους
500 4326 588 4381 διὰ
621 4326 682 4380 τὸ
708 4325 799 4380 τοῦ
859 4326 1025 4396 θηρὸς
1071 4326 1469 4382 ἀνυπόστατον.
1505 4327 1596 4392 Ὠς
1620 4328 1678 4381 δέ
1707 4332 1784 4389 εἰς

211 4423 442 4493 ἔσχατον
476 4421 713 4493 ἀπορίας
757 4418 1024 4483 ἐλθόντες,
1056 4417 1210 4488 μόλις
1243 4419 1373 4472 ποτέ
1393 4418 1484 4471 τὸν
1532 4420 1627 4473 τοῦ
1651 4420 1783 4473 Θεοῦ

1881 3678 2057 3747 ipsum
2113 3676 2423 3740 invasisset,
2480 3676 2700 3748 agnovit
2746 3690 2804 3731 se
2858 3690 2959 3729 suo
3010 3675 3149 3730 malo
3188 3675 3295 3729 hoc
3332 3688 3455 3729 esse

1880 3788 2087 3829 ausam.
2130 3772 2424 3828 Celerrime
2470 3771 2619 3826 enim
2649 3772 2704 3824 in
2733 3784 2924 3826 omnes
2975 3769 3281 3838 incurrens,
3320 3767 3457 3822 alios

1881 3867 2098 3938 quidem
2146 3865 2262 3921 solo
2294 3864 2484 3936 rugitu
2507 3864 2629 3919 loco
2676 3870 2877 3927 motos,
2902 3860 3082 3916 .vertit
3123 3860 3183 3914 in
3226 3858 3451 3930 fugam:

1880 3960 2018 4015 alios
2069 3966 2256 4013 autem
2312 3972 2408 4013 ore
2446 3957 2749 4026 discerptus
2803 3953 3027 4010 exedit:
3058 3952 3288 4006 aliorum
3328 3965 3459 4004 vero

1880 4064 2005 4105 eum
2057 4061 2258 4119 corpus
2304 4047 2657 4103 dilacerasset
2681 4043 2975 4116 unguibus,
3026 4041 3258 4098 reddidit
3294 4041 3460 4097 mise-

1855 4139 2107 4196 rabiles.
2141 4137 2282 4204 Quid
2330 4137 2476 4193 enim
2523 4135 2691 4200 aliud,
2728 4134 2832 4189 nisi
2884 4133 3155 4188 sauciatos
3197 4147 3228 4186 a
3258 4130 3462 4186 leone?

1885 4234 2023 4289 Hinc
2051 4231 2181 4303 quid
2220 4228 2545 4287 accidebat?
2586 4226 2874 4301 Neglectos
2924 4225 3143 4295 quidem
3173 4237 3331 4295 agros
3368 4237 3458 4275 re-

1883 4326 2055 4397 linqui
2085 4326 2153 4379 ab
2181 4322 2431 4396 agricolis
2465 4321 2573 4377 :ad
2620 4321 2739 4376 loca
2779 4329 2963 4374 autem
2998 4317 3142 4373 invia
3189 4316 3460 4372 divertere

1884 4418 2141 4482 viatores,
2173 4423 2466 4486 propterea
2491 4413 2636 4483 quod
2684 4411 2862 4467 bestia
2888 4408 3150 4465 sustineri
3180 4422 3291 4462 non
3332 4420 3458 4476 pos-

210 4510 498 4586 ἄνθρωπον
540 4515 620 4576 εἰς
672 4511 796 4565 νοῦν
830 4509 1046 4574 ἔλαϐον,
1082 4510 1436 4581 παμπληθεῖς
1467 4510 1601 4582 πρὸς
1625 4511 1775 4565 αὐτὸν

1888 4519 1990 4567 εει.
2017 4510 2308 4578 Postquam
2340 4518 2520 4562 autem
2545 4506 2658 4576 jam
2696 4505 2765 4559 ad
2795 4512 3098 4577 extremam
3124 4499 3328 4556 redacti
3357 4499 3461 4553 du-

212 4609 558 4679 ἀφικόμενοι,
580 4606 648 4659 τά
680 4623 739 4659 τε
759 4605 905 4658 κακὰ
927 4604 996 4657 τὰ
1024 4605 1089 4658 ἐκ
1119 4603 1212 4657 τοῦ
1242 4602 1455 4666 λέοντος
1483 4603 1775 4672 διηγοῦντο,

1892 4603 2234 4665 bitatiunem,
2280 4600 2367 4655 vix
2396 4598 2617 4654 tandem
2648 4596 2916 4653 recordati
2959 4595 3184 4651 fuerunt
3222 4591 3462 4646 hominis

212 4700 309 4751 καὶ
360 4698 493 4768 παρ’
531 4695 696 4751 αὐτοῦ
719 4694 870 4747 λύσιν
894 4693 1120 4765 ᾐτοῦντο
1160 4694 1262 4762 τῆς
1303 4695 1611 4764 συμφορᾶς.
1653 4693 1709 4748 Ὀ
1730 4694 1787 4747 δὲ

215 4788 485 4859 πρότερον
537 4789 615 4850 εἰς
673 4783 1048 4853 ὀλιγοπιστίαν
1088 4776 1304 4847 ἀὐτοὺς
1364 4784 1659 4851 ὀνειδίσας,
1694 4787 1787 4838 καὶ

215 4882 309 4935 τοῦ
364 4881 574 4950 ἄμαχον
639 4879 825 4941 αὐτοῖς
865 4877 1099 4949 ὀφθῆναι
1128 4877 1220 4931 τὸν
1246 4877 1407 4948 θῆρα,
1457 4877 1790 4933 δεσποτικὼν

216 4973 449 5028 ἐντολῶν
499 4971 789 5042 ὀλιγωρίαν
850 4969 1263 5040 αἰτιασάμενος,
1318 4972 1478 5041 ὑμεῖς
1511 4971 1631 5043 μὲν,
1662 4971 1787 5042 ἐφη,

217 5067 421 5127 πάντες
445 5062 581 5134 ὁμοῦ
609 5061 719 5135 [ῑσ.
743 5062 937 5115 λείπει
957 5060 1040 5133 ἐν]
1066 5060 1143 5132 τῷ
1170 5061 1284 5131 ναῷ
1311 5061 1655 5125 συνελθόντες
1678 5063 1789 5128 ἐξι-

213 5159 439 5212 λεοῦσθε
462 5156 526 5210 τὸ
575 5156 716 5209 θεῖον
759 5171 772 5185 ·
830 5152 1019 5207 τοῦτον
1070 5152 1147 5218 δέ,
1193 5153 1364 5222 ὅνπερ
1411 5154 1543 5224 ὑμῖν
1594 5153 1791 5222 δίδωμι

218 5247 478 5318 (σταυρὸς
521 5246 577 5299 δὲ
623 5245 685 5299 τὸ
712 5244 991 5313 διδόμενον
1050 5237 1140 5312 ἦν)
1168 5242 1261 5296 ἐπὶ
1312 5243 1411 5307 τὰς
1431 5242 1525 5297 τοῦ
1582 5242 1792 5305 λέοντος

219 5336 459 5406 στήσατε
522 5334 811 5403 διεξόδους·
841 5336 939 5387 καὶ
962 5335 1126 5403 φόϐος
1179 5333 1277 5403 μὲν
1306 5334 1413 5396 πᾶς
1439 5333 1677 5394 ἀπέστω,
1701 5349 1792 5384 τε-

218 5426 338 5480 λεία
364 5426 421 5479 δέ
445 5425 627 5489 πίστις
671 5425 834 5485 ἔστω.
868 5423 963 5476 καὶ
1009 5422 1221 5493 ταχέως
1256 5421 1421 5492 Ὑμῖν
1453 5421 1728 5494 γνώριμος
1758 5427 1790 5495 ἠ

218 5517 318 5571 τοῦ
383 5516 521 5587 ἐμοῦ
564 5515 807 5588 Χριστοῦ
868 5513 1101 5583 δύναμις
1139 5512 1315 5565 ἔσται.
1348 5510 1550 5567 Τοῦτον
1593 5515 1791 5567 ἐκεῖνοι

218 5613 316 5669 τὸν
371 5611 605 5683 σταυρὸν
663 5609 940 5673 λαϐόντες,
974 5608 1068 5660 καὶ
1097 5606 1167 5658 τὰ
1207 5605 1614 5674 ἐπιτεταγμένα
1641 5609 1797 5678 ποιή-

221 5720 440 5767 σαντες.
470 5701 544 5764 ὡς
575 5702 674 5774 τὴν
705 5698 965 5754 ἐπιοῦσαν
991 5700 1110 5752 ἐκεῖ
1139 5697 1428 5766 γεγόνασιν
1461 5689 1529 5765 (ὦ
1551 5696 1798 5750 Δέσποτα

231 5794 331 5850 καὶ
364 5793 465 5847 Θεέ
497 5793 738 5857 πάντων,
758 5791 852 5845 καὶ
886 5788 1207 5861 παραδόξων
1237 5788 1413 5860 ἔργων
1445 5788 1796 5859 ἀκατάληπτε

226 5885 474 5960 ποιητὰ),
497 5884 690 5957 νεκρὸν
748 5881 917 5955 ὁρῶσι
974 5882 1065 5936 τὸν
1097 5880 1240 5954 θῆρα
1292 5879 1429 5952 πρὸς
1465 5882 1600 5953 αὐτῇ
1642 5881 1797 5952 βάσει

1892 4695 2010 4756 Dei,
2039 4692 2480 4763 frequentissima
2500 4689 2850 4746 multitudine
2875 4688 2942 4743 ad
2965 4686 3138 4757 ipsum
3157 4684 3461 4745 venientes,

1892 4783 2185 4839 narrabant
2218 4784 2331 4851 ipsa
2358 4782 2499 4836 mala
2533 4782 2733 4852 quibus
2769 4778 2854 4835 leo
2882 4792 2975 4833 eos
3003 4776 3281 4837 affecerat,
3316 4781 3371 4829 et
3394 4773 3464 4826 ab

1892 4876 2009 4945 ipso
2036 4873 2326 4945 petebant,
2362 4881 2420 4927 ut
2448 4886 2544 4927 eos
2588 4872 2827 4928 solveret
2858 4870 2961 4925 hac
3001 4867 3328 4923 calamitate.
3369 4865 3462 4920 Ille

1893 4981 2021 5021 vero
2046 4981 2170 5020 cum
2202 4980 2428 5036 paucam
2460 4963 2619 5018 fidem
2659 4961 2741 5018 eis
2780 4962 2933 5033 prius
2962 4959 3366 5030 exprobraSset,
3408 4966 3464 5009 et

1892 5057 2035 5128 quod
2065 5056 2146 5112 cis
2182 5058 2296 5111 visa
2335 5063 2483 5111 esset
2509 5054 2681 5110 bestia
2717 5051 3173 5125 inexpugnabilis,
3210 5058 3464 5105 causatus

1893 5156 2039 5202 esset
2099 5146 2566 5217 contemptionem
2635 5144 2942 5200 divinorum
3003 5150 3399 5212 praeceptorum
3449 5157 3463 5192 :

1892 5236 2058 5292 Vobis
2082 5236 2322 5306 quidem,
2353 5235 2548 5307 inquit,
2580 5236 2836 5292 omnibus
2860 5243 2945 5291 est
2974 5234 3120 5289 Deus
3143 5230 3463 5302 p'acandus,

1896 5330 1949 5385 in
1981 5330 2243 5399 templum
2271 5329 2433 5384 simul
2456 5327 2916 5385 convenientibus
2950 5342 2964 5380 :
3002 5326 3054 5381 id
3084 5333 3288 5386 autem,
3319 5323 3465 5392 quod

1895 5424 1965 5478 do
1986 5423 2138 5479 vobis
2168 5431 2309 5494 (erat
2342 5439 2471 5479 vero
2498 5425 2650 5492 crux)
2679 5421 2991 5493 ponendum
3017 5427 3101 5476 est
3129 5418 3186 5474 in
3217 5418 3282 5472 iis
3309 5415 3463 5479 locis,

1898 5532 1994 5587 per
2023 5530 2144 5585 quae
2174 5525 2367 5570 transrt
2393 5517 2511 5571 leo:
2546 5525 2605 5572 et
2626 5516 2776 5591 absit
2806 5516 3026 5585 quidem
3046 5511 3227 5569 omnis
3254 5518 3461 5564 metus:

1897 5611 1968 5665 sit
1994 5619 2175 5664 autem
2231 5607 2470 5679 perfecta
2521 5607 2678 5673 fides,
2724 5617 2780 5662 et
2833 5608 2978 5662 haud
3023 5606 3098 5661 ita
3138 5604 3309 5659 multo
3345 5610 3468 5672 post

1899 5702 2187 5758 manifesta
2235 5701 2392 5758 vobis
2423 5717 2640 5776 quoque
2700 5703 2806 5760 erit
2856 5702 2961 5758 mei
3014 5703 3215 5757 Christi
3270 5701 3464 5756 virtus.

1898 5793 2032 5850 Cum
2062 5795 2203 5850 hanc
2231 5795 2305 5850 illi
2334 5811 2553 5852 crucem
2582 5797 2920 5869 accepissent
2941 5837 2957 5863 ,
2985 5805 3039 5852 et
3063 5796 3207 5852 sicut
3232 5795 3313 5851 eis
3352 5796 3470 5851 fue-

1901 5894 1985 5943 rat
2020 5886 2347 5959 imperatum
2376 5888 2666 5957 fecissent,
2714 5899 2770 5946 et
2798 5890 2893 5948 die
2934 5889 3184 5962 sequenti
3214 5890 3341 5948 illuc
3372 5906 3466 5948 ve-
