3828 6526
344 392 516 473 ’10⁵11
1004 390 1062 455 6:

1578 385 1860 448 MENSlS
1903 382 2353 446 JANUARIUS.

3488 375 3651 443 ιονιξ

384 513 617 576 nissent,
669 525 701 565 ο
731 508 957 565 Domine
990 516 1044 562 ct
1090 506 1234 563 Deus
1266 505 1532 571 omnium,
1580 514 1637 561 et
1661 503 1956 560 admirabi-

2072 502 2151 557 τοῦ
2198 499 2438 572 σταυροῦ
2489 498 2763 569 κείμενον.
2800 495 2960 551 Οὕτω
2996 495 3337 569 τοιγαροῧνό
3362 497 3654 569 μακάριος

352 605 514 657 Ὶιιιιιι
547 617 775 672 operum
827 600 1057 655 ellcctor
1107 598 1444 663 inelIabilis,
1495 598 1727 652 bclluam
1771 597 1959 652 vident

374 695 651 765 jacentern
693 703 961 749 mortuam
1006 692 1073 747 ad
1112 691 1284 762 ipsam
1335 692 1509 746 basim
1573 689 1781 746 Crucis.
1849 689 1956 744 Sed

381 786 561 841 missis
589 785 645 839 in
691 784 980 855 praesentia
1007 784 1228 854 quidem
1272 782 1545 837 miraculis
1566 821 1581 846 ,
1619 788 1959 835 transeamus

358 878 445 933 'ad
481 877 750 933 orationis
779 877 997 933 seriem.
1029 876 1166 932 Cum
1216 875 1305 930 ille
1334 890 1464 947 ergo
1493 873 1688 929 beatus
1724 872 1803 928 sic
1825 888 1959 943 qua-

379 980 507 1025 tuor
538 985 713 1024 annos
742 969 963 1025 vixisset
994 968 1050 1022 in
1080 968 1183 1022 hoc
1209 965 1541 1021 monasterio
1563 1003 1578 1031 ,
1617 963 1814 1035 partim
1840 962 1959 1033 qui-

380 1057 505 1120 dem
536 1064 624 1128 iis,
655 1079 777 1135 qum
809 1062 1046 1126 dicebat,
1083 1059 1275 1131 partim
1326 1068 1510 1114 autem
1554 1068 1611 1113 et
1656 1056 1849 1129 magis,
1891 1055 1958 1110 iis

379 1170 500 1226 quae
547 1155 815 1220 faciebat,
849 1153 1118 1208 inducens
1166 1151 1235 1206 ad
1261 1149 1541 1213 virtutem,
1571 1148 1745 1203 evasit
1781 1146 1959 1201 clarus

378 1263 432 1308 et
462 1252 611 1307 omni
636 1266 703 1307 ex
736 1259 892 1323 parte
919 1249 1251 1312 celebratus,
1280 1244 1646 1313 omnibusque
1676 1251 1728 1297 et
1759 1240 1958 1311 linguis

376 1354 435 1398 et
468 1342 716 1417 auribus
770 1357 1021 1412 magnam
1070 1338 1333 1393 afferebat
1373 1335 1709 1405 voluptatem
1760 1348 1776 1386 :
1839 1330 1960 1385 aliis

379 1437 599 1506 quidem
624 1436 826 1500 dicere,
853 1434 975 1489 aliis
1004 1448 1136 1488 vero
1167 1447 1228 1486 ea
1257 1445 1377 1501 quae
1407 1428 1745 1489 dicebantur,
1778 1433 1959 1480 atten-

378 1530 512 1584 ilere
554 1544 619 1584 ex
650 1543 808 1598 aequo
849 1528 1181 1583 amantibus.
1216 1526 1352 1581 Cum
1384 1534 1498 1579 haec
1530 1522 1605 1576 illi
1646 1536 1756 1575 non
1799 1520 1959 1575 modo

381 1627 530 1689 grata
556 1634 667 1674 non
695 1627 917 1683 essent»,
970 1618 1065 1673 sed
1107 1633 1171 1672 ea
1208 1617 1375 1672 etiam
1417 1630 1559 1687 aegre
1586 1612 1774 1675 ferret,
1818 1611 1952 1683 (non

374 1709 572 1762 'minus
595 1707 762 1773 enim,
788 1722 948 1777 quam
966 1722 1034 1762 ex
1068 1706 1179 1761 Deo
1212 1705 1417 1769 vivere,
1451 1702 1704 1757 studebat
1759 1698 1960 1764 εἰς,νί-

2062 597 2144 658 είς
2199 595 2460 662 τέταρτον
2510 591 2628 653 ἔτος
2649 593 2717 662 τῇ
2756 593 2891 664 μονῇ
2919 591 3105 664 ἐκείνῃ
3128 590 3397 655 διαϐιοὺς,
3444 591 3550 645 καὶ
3574 591 3655 645 τὰ

2064 686 2164 757 μὲν
2212 682 2294 750 οἷς
2343 685 2519 752 ἔλεγε,
2545 684 2611 736 τὰ
2633 682 2691 735 δὲ
2723 685 2817 736 καὶ
2882 684 3083 754 μᾶλλον
3106 677 3187 747 οἷς
3218 682 3460 753 ἔπραττε
3496 683 3652 754 πρὸς

2057 778 2161 848 τὴν
2198 775 2398 848 ἀρετὴν
2461 775 2826 844 ἐπαγόμενος,
2879 778 3188 847 περιφανὴς
3246 776 3488 847 κατέστη
3548 778 3653 831 καὶ

2060 872 2408 943 περιϐόητος,
2440 868 2534 922 καὶ
2552 863 2619 938 ἦν
2646 868 2744 939 ἡδὺ
2773 871 2940 923 πᾶσιν
2967 869 3296 939 ὲντρύφημα
3326 870 3425 923 καὶ
3458 870 3655 939 γλώσ.

2063 984 2184 1031 σαις
2207 967 2304 1020 καὶ
2367 967 2581 1031 ἀκοαῖς,
2624 967 2736 1017 τῶν
2768 964 2864 1034 μὲν
2884 962 3091 1031 λέγειν,
3122 962 3232 1016 τῶν
3262 961 3320 1015 δὲ
3347 963 3657 1032 προσέχειν

2058 1060 2171 1121 τοῖς
2235 1057 2548 1130 λεγομένοις
2604 1055 2803 1125 ἐπίσης
2866 1054 3189 1123 φιλούντων.
3263 1054 3407 1122 Πρὸς
3463 1053 3655 1107 ταῦτα

2062 1151 2269 1214 ἐκεῖνος
2330 1152 2429 1220 οὐχ
2501 1150 2651 1214 ὅπως
2714 1149 2909 1220 ἡδέως,
2959 1147 3097 1202 ἀλλὰ
3151 1147 3247 1202 καὶ
3297 1147 3420 1202 λίαν
3458 1147 3658 1215 ἀηδῶς

2062 1242 2201 1315 ἔχων
2239 1244 2335 1297 καὶ
2370 1242 2760 1314 βαρυνόμενος,
2792 1241 2888 1296 καὶ
2925 1241 2986 1295 τὸ
3005 1240 3294 1295 λανθάνειν
3325 1241 3391 1293 ὲκ
3434 1238 3659 1301 παντὸς

2058 1336 2261 1406 τρόπου
2302 1333 2707 1403 διανοούμενος,
2738 1331 2983 1404 δρασμὸν
3010 1330 3206 1402 ἕτερον
3236 1330 3427 1393 πάλιν,
3456 1329 3562 1383 καὶ
3591 1327 3657 1380 τὸ

2060 1426 2125 1478 ὲκ
2159 1423 2324 1495 μέσου
2379 1422 2494 1496 [γρ.
2554 1421 2760 1493 μέσων]
2819 1422 3014 1476 ἑαυτὸν
3071 1422 3246 1475 θεῖναι
3300 1420 3398 1475 καὶ
3454 1419 3656 1488 ἀφανῆ

2060 1510 2402 1582 διεσκέψατο.
2431 1511 2543 1565 Καὶ
2569 1512 2749 1567 τοίνυν
2771 1511 2949 1585 λάθρα
2980 1510 3289 1582 διαφυγὼν,
3325 1511 3421 1565 καὶ
3457 1527 3653 1563 κατα-

2064 1603 2233 1675 μόνας
2260 1604 2554 1675 γενόμενος
2600 1605 2732 1675 παρ’
2764 1604 2922 1668 ὅλους
2960 1604 3056 1657 δύο
3101 1605 3289 1675 διῆγεν
3336 1602 3657 1663 ἐνιαυτοὺς,

2062 1696 2171 1763 ζῶν
2198 1697 2372 1763 οὕτως
2398 1698 2704 1771 ἐρημικῶς,
2729 1696 2827 1753 καὶ
2857 1697 2937 1768 τῷ
2965 1696 3087 1769 Θεῷ
3117 1696 3266 1767 μόνῳ
3292 1696 3657 1764 φαινόμενος.

381 1797 562 1853 vendo
592 1798 783 1864 latere,
818 1806 877 1853 ut
906 1807 1068 1853 antea
1119 1795 1376 1867 diximus)
1436 1810 1629 1850 rursus
1670 1792 1959 1849 constituit

2072 1792 2137 1846 Ού
2169 1791 2364 1862 λύχνος
2395 1786 2465 1863 ἦν
2488 1789 2663 1861 αύτῷ,
2721 1790 2782 1844 οὐ
2822 1789 3004 1861 κλίνη,
3037 1788 3098 1842 οὐ
3131 1786 3401 1861 τράπεζα,
3440 1785 3661 1853 ούδέςτι

381 1888 662 1960 attingere,
689 1898 745 1943 et
773 1900 832 1943 se
871 1888 1049 1944 oculis
1103 1887 1384 1942 hominum
1451 1885 1777 1940 subducere.
1819 1883 1958 1938 Cum

380 1978 564 2049 itaque
614 1978 923 2033 clanculum
991 1976 1312 2047 aufugisset,
1354 1985 1410 2031 et
1462 1990 1708 2031 seorsum
1776 1973 1962 2030 vivere

381 2070 681 2135 statuisset,
711 2078 854 2124 totos
878 2069 1015 2123 duos
1036 2066 1298 2138 transegit
1318 2081 1513 2130 annos,
1537 2066 1725 2123 vivens
1776 2066 1963 2121 solita-

384 2161 486 2228 rie,
516 2169 569 2216 et
601 2161 700 2215 soli
725 2160 835 2215 Deo
873 2175 1165 2231 apparens.
1189 2157 1308 2213 Non
1340 2168 1458 2214 erat
1497 2159 1547 2213 ei
1577 2158 1818 2224 lucerna,
1848 2173 1959 2212 non

385 2254 582 2316 lectus,
614 2269 725 2307 non
755 2268 967 2317 mensa,
1002 2267 1178 2322 neque
1203 2251 1406 2320 aliquid
1441 2250 1776 2318 huiusmodi,
1814 2250 1961 2322 quod

384 2344 546 2399 faciat
576 2345 641 2399 ad
663 2344 1025 2399 ministerium
1058 2346 1327 2415 corporis.
1382 2344 1572 2401 Solum
1621 2352 1802 2399 autem
1848 2353 1965 2399 erat

384 2434 433 2488 ei
481 2449 674 2504 parum
720 2433 896 2504 panis,
958 2435 1105 2505 quod
1160 2435 1504 2506 pra-bebatur
1550 2435 1620 2490 ab
1662 2435 1841 2505 aliquo
1896 2450 1963 2489 ex

385 2524 618 2582 vicinis:
660 2525 832 2596 algori
861 2541 993 2582 vero
1028 2536 1080 2581 et
1125 2527 1304 2594 aestui,
1365 2535 1421 2582 et
1459 2525 1717 2582 omnibus
1750 2526 1964 2597 injuriis

385 2616 532 2672 aeris
562 2626 680 2671 erat
698 2616 1002 2687 expositus,
1021 2626 1075 2673 et
1104 2633 1227 2673 cum
1259 2617 1339 2674 eis
1364 2618 1754 2675 contendebat.
1811 2610 2005 2685 Qum‘

386 2707 531 2762 niam
579 2718 762 2763 autem
813 2709 1101 2780 Oportebat
1148 2708 1325 2780 ipsum
1362 2726 1600 2781 quoque,
1652 2725 1776 2766 cum
1823 2719 1967 2766 esset

390 2800 576 2865 homo,
598 2800 815 2856 ostendi
870 2816 994 2857 esse
1040 2802 1335 2857 obnoxium
1375 2812 1584 2858 natura:
1633 2801 1958 2858 infirmitati-

386 2891 512 2957 bus,
540 2892 671 2962 quid
696 2892 791 2959 sit,
829 2901 888 2948 et
935 2894 1211 2964 quomodo
1257 2910 1346 2951 res
1385 2894 1527 2950 illius
1556 2895 1964 2965 dispensentur,

386 2993 440 3039 et
471 2984 723 3055 qualibus
763 2999 910 3055 saepe
948 2985 1086 3039 solet
1112 2984 1206 3040 Dei
1226 2985 1496 3057 sapientia
1544 2986 1623 3041 uti
1663 2984 1965 3041 occasioni-

388 3076 512 3141 bus,
542 3076 648 3131 alia
676 3092 775 3147 per
796 3077 900 3130 alia
934 3085 1234 3132 contexens
1288 3084 1343 3133 et
1401 3077 1643 3144 varians,
1699 3077 1967 3148 facileque

2066 1880 2279 1936 τοιοῦτο
2335 1881 2447 1959 τῶν
2497 1880 2636 1952 πρὸς
2672 1880 2979 1951 ὑπηρεσίαν
3009 1878 3102 1933 τοῦ
3152 1877 3426 1949 σώματος.
3449 1876 3664 1945 ’Δρτος

2066 1973 2125 2027 δὲ
2158 1973 2341 2045 μόνος,
2408 1971 2505 2027 καὶ
2557 1971 2719 2036 αύτδς
2776 1968 3115 2042 βραχύτατος
3157 1969 3295 2040 πρός
3347 1985 3500 2030 τινος
3543 1968 3657 2019 τῶν

2074 2064 2402 2135 ὲκγειτόνων
2450 2063 2851 2135 ποριζόμενοςο
2905 2061 3175 2133 ψύχειδὲ,
3224 2060 3322 2113 καὶ
3378 2058 3659 2118 καύσωνι,

2070 2157 2164 2211 καὶ
2214 2156 2418 2211 πάσαις
2463 2156 2582 2218 ταῖς
2607 2155 2672 2208 ὲκ
2695 2153 2787 2208 τοῦ
2825 2153 2988 2225 ἀέρος
3034 2150 3434 2221 ταλαιπωρίαις
3470 2148 3655 2202 ἐτέλει

2067 2249 2516 2322 διαμιλλώμενος.
2560 2247 2793 2303 Ἐπεὶδὲ
2820 2247 2927 2302 ἔδει
2986 2247 3081 2301 καὶ
3128 2245 3291 2300 αὐτὸν
3348 2244 3655 2314 ἄνθρωπον

2069 2347 2221 2411 δντα,
2249 2345 2345 2400 καὶ
2372 2346 2493 2408 ταῖς
2549 2342 2857 2408 ἀσθενείαις
2885 2339 2986 2412 τῆς
3028 2339 3246 2411 φύσεως
3282 2336 3657 2406 ὑποκείμενον

2070 2437 2418 2509 ἐλεγχθῆναι,
2441 2434 2495 2490 τί
2529 2436 2774 2505 γίνεται;
2829 2433 2926 2489 καὶ
2987 2432 3105 2515 eo;
3150 2431 3220 2486 τά
3257 2431 3380 2485 κατ’
3441 2431 3658 2483 ἐκεῖνον

2070 2532 2471 2602 οίκονομεῖταις
2522 2528 2615 2582 και
2651 2528 2793 2591 οἵαις
2820 2529 2854 2599 ή
2877 2525 2974 2580 τοῦ
3022 2525 3158 2580 Θεοῦ
3194 2525 3357 2594 σοφία
3383 2522 3653 2584 πολλάκτς

2071 2628 2190 2689 ταῖς
2216 2624 2493 2695 ἀφορμαῖς
2523 2622 2812 2694 κέχρηται,
2854 2620 3021 2691 ἔτερα
3056 2619 3127 2674 δι’
3157 2618 3363 2689 ἑτέρων
3424 2616 3658 2669 πλέκειν

2071 2717 2402 2789 εὐμηχάνως
2422 2713 2821 2784 οἰκονομοῦσα;
2849 2711 2922 2766 τὰ
2949 2710 3293 2781 ὑπογάστρια
3330 2708 3654 2780 πλήττεται,

2072 2808 2166 2862 καὶ
2199 2807 2297 2871 τὰς
2327 2804 2589 2875 δυνάμεις
2635 2802 2912 2858 διαλύεται
2945 2801 3056 2856 τῶν
3084 2800 3324 2873 νεφρῶν,
3380 2803 3509 2862 ταῖς
3547 2800 3656 2852 τῶν

2074 2898 2265 2968 πάγων
2296 2897 2625 2969 ύπερὸολαῖς
2646 2897 2925 2968 ἡττηθείς.
2975 2894 3113 2949 ’Υπδ
3130 2892 3337 2964 ταύτης
3369 2890 3656 2946 συνωθού-

2077 3008 2233 3062 pavo;
2251 2990 2362 3063 [γρ.
2393 2984 2488 3045 οὖν
2509 2988 2742 3062 ὠθούμ.]
2765 2989 2863 3061 τῆς
2893 2988 3160 3058 ἀνάγκης,
3189 2986 3392 3058 μᾶλλον
3413 2985 3470 3039 δὲ
3502 2986 3657 3054 παρά

2073 3082 2165 3138 τοῦ
2198 3083 2422 3152 ἄγοντος
2479 3082 2643 3137 αὑτὸν
2700 3079 3012 3152 πνεύματος
3033 3079 3403 3151 όδηγούμενος
3434 3077 3657 3138 πολλοῖς

388 3176 446 3223 et
470 3182 668 3238 magno
698 3167 928 3223 artificio
953 3168 1281 3240 dispensans
1312 3169 1335 3223 ?
1366 3168 1424 3224 ln
1453 3169 1567 3224 imo
1602 3180 1793 3226 ventre
1818 3170 1965 3227 acci-

2076 3175 2336 3239 ὑπόθεσις
2391 3174 2667 3245 σωτηρίας
2689 3172 2969 3242 γενέσθαι,
3004 3172 3104 3237 τὴν
3152 3169 3483 3237 Ἐκκλησίαν
3516 3168 3649 3237 παρ’

389 3260 472 3330 pit
496 3274 717 3314 sensum
747 3258 972 3325 doloris,
1003 3268 1057 3315 et
1086 3260 1203 3331 ejus
1227 3276 1419 3316 renum
1454 3260 1742 3316 solvuntur
1796 3262 1963 3330 vires,

387 3362 449 3408 ut
544 3352 639 3422 qui
709 3351 904 3408 fuisset
960 3363 1250 3425 superatus
1309 3368 1339 3408 a
1396 3353 1578 3408 nimiis
1659 3353 1968 3426 frigoribus.

385 3442 716 3516 Compulsus
753 3460 881 3518 ergo
919 3446 987 3502 ab
1006 3447 1111 3502 hac
1145 3445 1502 3509 necessitate,
1543 3445 1629 3500 vel
1660 3446 1841 3516 potius
1872 3446 1971 3502 de-

394 3537 596 3592 ductus
649 3538 720 3593 ab
771 3553 859 3601 eo,
912 3553 1022 3609 quo
1080 3538 1405 3602 ducebatur,
1450 3538 1667 3608 spiritu,
1719 3547 1777 3593 ut
1830 3549 1975 3594 esset

391 3627 580 3682 multis
610 3642 782 3684 causa
842 3627 1054 3693 salutis,
1117 3628 1185 3683 ad
1219 3627 1522 3683 Ecclesium
1574 3638 1770 3700 prmter
1825 3645 1973 3700 spem

394 3717 538 3773 venit
562 3719 681 3787 ejus
724 3717 1024 3773 luminare:
1088 3726 1145 3772 et
1208 3734 1333 3773 eum
1388 3718 1645 3773 omnibus
1724 3720 1974 3789 quidem,

389 3811 661 3881 prweipue
721 3821 902 3867 autem
980 3826 1175 3884 magno
1244 3810 1461 3867 Meletio
1518 3812 1714 3868 fuisset
1810 3829 1974 3869 causa

390 3918 598 3973 magna:
626 3903 847 3966 laetitiae,
872 3903 1011 3958 etab
1040 3918 1106 3958 eo
1142 3901 1756 3972 fuissetjueundissime
1810 3919 1969 3958 acre-

2070 3266 2264 3320 ὲλπίδα
2326 3263 2761 3335 καταλαμϐάνεισ
2794 3263 2888 3316 καὶ
2936 3262 3072 3315 πᾶσι
3101 3262 3218 3331 μὲν,
3260 3261 3564 3330 ἐξαιρέτως
3601 3257 3656 3311 δὲ

2065 3359 2142 3433 τῷ
2173 3358 2394 3431 μεγάλῳ
2408 3357 2676 3427 Μελετίῳ,
2701 3357 2905 3427 πολλῆς
2926 3354 3118 3428 ἡδονῆς
3146 3351 3423 3414 καταστὰς
3456 3352 3655 3414 αἰτιος,

2070 3453 2166 3508 καὶ
2214 3450 2552 3521 ύποδειχθεὶς
2603 3449 2678 3513 ὡς
2707 3448 2899 3520 ἥδιστα
2938 3447 3076 3520 πρὸς
3107 3444 3273 3501 αὐτοῦ
3323 3444 3419 3497 καὶ
3471 3459 3658 3515 παρα-

2071 3542 2315 3614 κληθεὶς,
2376 3536 2496 3595 εἶτα
2535 3541 2630 3594 καὶ
2654 3540 2754 3611 τὴν
2781 3538 2876 3593 τοῦ
2905 3538 3155 3594 διακόνου
3186 3536 3537 3610 χειροτονίαν
3561 3535 3652 3589 ὑπ’

2072 3634 2237 3691 αύτοῦ
2298 3632 2678 3704 καταδέχεται.
2730 3630 2918 3701 Τούτῳ
2944 3630 3000 3684 δὲ
3038 3629 3115 3701 τῷ
3139 3630 3334 3701 βαθμῷ
3363 3627 3651 3689 κάλλιστα,

2072 3727 2165 3779 καὶ
2188 3723 2262 3787 ὡς
2284 3721 2404 3794 Θεῷ
2459 3721 2632 3791 φίλον,
2656 3721 2749 3774 ἐπὶ
2783 3720 2947 3776 πέντε
2970 3720 3085 3782 τοῖς
3118 3720 3261 3784 ὅλοις
3285 3720 3465 3772 ἐτεσιν
3500 3718 3656 3771 ἔνευ-

2071 3819 2396 3889 δοκιμήσας,
2424 3816 2519 3870 καὶ
2546 3814 2729 3880 λόγοις
2758 3809 2840 3880 οἷς
2872 3832 2931 3869 τε
2960 3815 3262 3885 ὲσχεδίαζε,
3282 3814 3377 3866 καὶ
3401 3808 3483 3874 οἷς
3518 3811 3656 3864 κατὰ

2075 3910 2270 3984 σχολὴν
2295 3908 2561 3964 συνετίθει
2596 3908 2688 3962 καὶ
2713 3907 2947 3980 μελέτης
2978 3907 3131 3977 ἠξίου
3170 3905 3417 3968 πλείονος
3454 3907 3525 3958 ὲκ
3559 3903 3654 3969 τῆς

392 4004 519 4065 plus
540 4005 596 4049 et
629 4006 927 4059 recreatus,
977 3994 1177 4049 deinde
1207 3996 1370 4049 etiam
1395 3995 1464 4050 ab
1491 4009 1556 4048 eo
1590 3995 1789 4062 accipit
1823 3997 1965 4049 ordi-

2072 4003 2280 4075 χρυσῆς
2306 4001 2532 4068 ύετίζων
2565 4000 2834 4074 γλώττης,
2874 4000 3054 4065 καλῶς
3088 4000 3275 4070 τδινιῆς
3309 3996 3644 4068 Ἐκκλησίας

350 4103 515 4144 nem
570 4088 805 4144 diaconi.
834 4087 970 4160 cum
1027 4096 1207 4142 autem
1241 4087 1293 4140 in
1353 4088 1459 4142 hoc
1504 4088 1672 4159 gradu
1726 4089 1977 4159 pulcher-

2073 4095 2268 4167 ήρδευε
2305 4094 2615 4165 πρόσωπον.

360 4187 625 4251 rime,et
666 4196 746 4241 "ut
802 4186 911 4240 Deo
975 4194 1184 4257 gratum
1240 4193 1379 4251 erat,
1423 4193 1572 4240 totos
1607 4186 1848 4257 quinque
1873 4205 2048 4247 annos
2080 4207 2137 4247 se
2168 4191 2443 4262 gessisset,
2479 4200 2588 4245 tam
2647 4190 2767 4262 ejus
2809 4189 3172 4252 orationibus,
3242 4201 3379 4257 quas
3427 4195 3655 4257 propter

370 4291 656 4331 strumam
691 4276 892 4348 ingenii
920 4278 1134 4345 capiam
1168 4275 1403 4330 habebat
1424 4286 1781 4347 extemporc.
1854 4295 2016 4350 quam
2050 4283 2118 4338 iis
2166 4297 2302 4352 quas
2325 4298 2425 4352 per
2478 4281 2651 4337 otium
2727 4282 3134 4352 componebat,
3188 4292 3243 4335 et
3303 4277 3652 4333 meditatione

391 4367 584 4437 majori
669 4367 987 4422 elaborabat
1063 4384 1228 4423 aurea
1279 4368 1487 4439 lingua.
1544 4368 1737 4425 imbris
1799 4370 1969 4428 instar
2000 4374 2308 4452 effundens,
2336 4374 2564 4446 pulchre
2592 4375 2803 4445 rigabat
2860 4374 3050 4428 faciem
3086 4373 3368 4429 Ecclesiae.

462 4461 560 4516 XI.
611 4460 746 4516 Cum
813 4469 1004 4532 postea
1053 4470 1235 4514 autem
1286 4460 1534 4517 Meletius
1588 4465 1839 4520 venisset
1904 4468 1965 4523 ad

2148 4468 2252 4523 ω’.
2313 4468 2575 4522 Μελετίου
2617 4468 2673 4521 δὲ
2739 4469 2878 4537 μετὰ
2955 4466 3128 4521 ταῦτα
3180 4464 3316 4534 πρὸς
3353 4465 3454 4536 τὴν
3486 4467 3550 4518 ἐν
3585 4465 3647 4534 τῇ

391 4553 772 4625 episc0porum
799 4552 1090 4623 synodum,
1123 4566 1242 4620 qua:
1263 4562 1587 4625 congregata
1620 4553 1792 4610 fuerat
1819 4555 1966 4610 Con-

391 4647 767 4719 stantinopoli,
809 4656 869 4701 ut
908 4662 1003 4703 eos
1053 4648 1272 4718 quidem
1333 4647 1656 4719 depone-ret,
1703 4650 1796 4720 qui
1846 4666 1969 4705 cum

386 4739 599 4813 Spiritu
629 4747 819 4794 sancto
845 4739 1160 4812 pugnabant
1188 4755 1299 4795 non
1328 4740 1386 4795 in
1451 4741 1644 4812 spiritu
1682 4741 1805 4795 Dei:
1841 4741 1974 4797 Gre-

391 4831 810 4905 gorium'autem
839 4831 991 4886 illum
1051 4832 1363 4904 theologum
1408 4831 1464 4885 in
1492 4832 1621 4887 sede
1647 4834 1968 4887 collocaret:

391 4932 449 4981 et
480 4923 736 4993 illic‘qua:
755 4934 887 4978 sunt
915 4924 1118 4979 caduca
1143 4932 1200 4980 et
1240 4923 1311 4980 ad
1342 4933 1559 4994 tempus
1610 4935 1975 4994 permutassn

391 5014 759 5080 manentibus,
790 5014 883 5070 hic
913 5031 1041 5071 vere
1066 5031 1289 5080 aureus,
1328 5013 1489 5070 simul
1541 5014 1757 5084 quidem
1798 5014 1974 5068 vitans

392 5119 607 5162 omnem
641 5106 1022 5163 excellentiam
1046 5116 1105 5162 et
1136 5107 1342 5162 bonum
1384 5104 1724 5174 amplectens
1769 5102 1971 5158 silentii

391 5206 449 5253 et
485 5195 708 5267 quietis,
740 5198 1034 5253 revertitur
1058 5198 1112 5251 in
1146 5197 1381 5267 primunt
1410 5196 1821 5250 numastcrium.
1864 5193 1972 5248 Sed

372 5301 515 5342 cum
553 5285 703 5341 illinc
764 5302 955 5340 rursus
1010 5287 1365 5342 recessisset:
1425 5286 1720 5341 revertitur
1787 5288 1976 5343 Antio-

393 5377 594 5436 chiam,
622 5390 733 5429 non
757 5376 997 5449 migrans
1025 5387 1251 5441 temere,
1288 5391 1393 5433 nec
1435 5377 1562 5432 sine
1614 5375 1971 5445 Deinumine,

389 5467 614 5522 utalius
653 5466 792 5522 duce
847 5476 1026 5528 utens,
1064 5483 1159 5523 sua
1199 5468 1428 5524 ratione.
1477 5468 1585 5525 Sed
1632 5469 1802 5526 Deum
1847 5488 1973 5528 eum

393 5567 649 5614 movente
706 5566 763 5613 et
804 5569 1054 5622 vocante,
1120 5558 1282 5614 modo
1328 5560 1560 5631 quodam
1610 5561 1876 5621 diviniore
1919 5579 1976 5621 et

387 5648 760 5721 pmstantiori
811 5650 1046 5707 ratione.
1100 5651 1293 5724 Magno
1343 5653 1487 5708 enim
1540 5647 1821 5719 Flaviano,
1880 5660 1974 5728 qui

394 5738 612 5795 Meletio
631 5738 795 5810 paulo
831 5749 958 5796 ante
987 5741 1044 5796 in
1077 5742 1205 5797 sede
1233 5751 1594 5808 successerat,
1626 5743 1736 5799 Deo
1761 5745 1816 5800 in
1874 5762 1976 5802 au-

393 5848 522 5889 rora
551 5832 766 5888 canenti
800 5848 1001 5910 sacros.
1028 5835 1285 5903 hvmnos,
1318 5852 1589 5909 apparens
1633 5838 1861 5912 angelus
1918 5841 1974 5895 in

2075 4559 2649 4616 Κωνσταντινουπόλει
2694 4557 2802 4613 τῶν
2859 4557 3174 4611 ἐπισκόπων
3202 4556 3421 4611 σύνοδον
3453 4558 3647 4627 ἐκφοι·

2072 4654 2359 4723 τήσαντος,
2420 4651 2505 4717 ἐφ’
2531 4641 2576 4718 ᾧ
2604 4648 2852 4703 καθελεῖν
2907 4648 3005 4718 μὲν
3032 4650 3156 4710 τοὺς
3179 4647 3257 4718 τῷ
3287 4649 3430 4717 ἁγίῳ
3477 4648 3646 4701 Ilvati-

2077 4761 2206 4815 ματι
2235 4743 2593 4813 μαχομένους,
2612 4738 2911 4810 Γρηγορίου
2941 4739 2998 4792 δὲ
3030 4738 3128 4810 τὴν
3152 4738 3399 4807 θεολόγον
3447 4735 3647 4806 ἐγκαθ-

2075 4835 2288 4907 ιδρύσαι
2346 4834 2548 4904 φωνὴν,
2589 4833 2751 4887 κάκεῖ
2803 4832 2912 4884 τῶν
2942 4832 3291 4902 προσκατρων
3339 4828 3645 4899 ἀλλαξαμέ-

2074 4948 2166 4981 νου
2214 4929 2284 4981 τὰ
2327 4925 2565 4996 μένοντα
2602 4963 2617 4988 ,
2679 4926 2706 4977 ὁ
2761 4923 2998 4995 χρυσοῦς
3060 4916 3216 4986 οὗτος
3268 4923 3385 4992 ἅμα
3444 4922 3544 4993 μὲν
3587 4920 3646 4973 τὸ

2074 5019 2342 5090 ὑπερέχον
2406 5018 2554 5072 ἆπςν
2614 5014 3043 5086 ὑπεξιστάμενος
3072 5054 3089 5081 ,
3139 5016 3255 5085 ἅμα
3306 5015 3366 5068 δὲ
3411 5016 3508 5067 καὶ
3553 5010 3641 5067 τοῦ

2074 5110 2240 5165 καλοῦ
2281 5109 2380 5179 τῆς
2410 5107 2641 5179 ἡσυχίας
2675 5106 3144 5177 ἀντιποιούμενος,
3184 5110 3265 5168 είς
3292 5108 3395 5177 τὴν
3426 5106 3642 5179 πρώτην

2074 5200 2230 5266 αὖθις
2288 5199 2695 5271 ὲπαναστρὲφει
2759 5201 2949 5270 μονήν.
3013 5199 3176 5253 Ἀλλὰ
3231 5200 3396 5253 πάλιν
3440 5200 3641 5254 ἐκεῖθεν

2074 5293 2393 5357 ἀπαναστὰς
2421 5294 2500 5355 είς
2540 5293 2871 5362 Ἀντιόχειαν
2901 5294 3286 5365 ἐπανέρχεται,
3317 5294 3414 5364 οὐχ
3464 5292 3639 5355 ἁπλῶς

2073 5386 2269 5453 οὕτως,
2298 5385 2418 5440 οὐδὲ
2437 5385 2586 5439 ἀθεεὶ
2608 5384 2705 5456 τὴν
2735 5384 3036 5455 μετάϐασιν
3050 5386 3442 5457 ποιησάμενος,
3460 5384 3638 5455 ὥσπερ

2074 5477 2139 5532 ἂν
2164 5477 2351 5549 ἕτερος
2405 5475 2686 5545 λογισμοῖς
2753 5475 2906 5539 ἰδίοις
2959 5477 3291 5541 ἀκολουθῶν,
3339 5478 3475 5533 ἀλλά
3508 5476 3638 5531 Θεοῦ

2075 5568 2399 5638 κινήσαντος
2455 5567 2617 5621 αὐτὸν
2674 5569 2768 5623 καὶ
2793 5568 3126 5634 καλέσαντος
3169 5572 3355 5641 τρόπῳ
3381 5574 3490 5628 τινὶ
3510 5574 3637 5628 θειο-

2074 5659 2220 5731 τέρῳ
2279 5660 2370 5712 καὶ
2428 5657 2573 5731 λόγῳ
2612 5658 2722 5733 [ισ.
2766 5660 2951 5732 λόγου]
3002 5663 3294 5734 κρείττονι.
3331 5666 3491 5737 ’Δρτι
3535 5668 3634 5736 γὰρ

2074 5750 2360 5824 Φλασιανῷ
2400 5750 2476 5824 τῷ
2529 5752 2753 5822 μεγάλῳ
2802 5756 2896 5809 τὸν
2944 5754 3213 5811 Μελετίου
3280 5753 3633 5827 διαδεξαμένη)

2079 5840 2295 5914 θρόνον,
2326 5841 2448 5915 Θεῷ
2499 5846 2629 5915 περὶ
2660 5847 2762 5918 τὴν
2793 5846 2871 5903 ἔω
2897 5847 3024 5912 τοὺς
3063 5846 3241 5918 ἱεροὺς
3282 5846 3633 5919 προσφέροντι
