3828 6488
215 412 358 488 ω’ῖ3

1242 420 1415 483 VITA
1456 420 1515 481 S.
1556 418 1880 481 IOANNIS
1916 415 2470 480 CHRYSOSTOMI.

3336 412 3483 479 ῑθττι

212 534 419 605 ὕμνους
447 529 677 601 ἄγγελος
736 528 988 595 ἐπιστὰς,
1019 531 1112 584 ἐπὶ
1135 531 1195 585 τὸ
1224 531 1614 602 μοναστήριον,
1645 530 1674 582 ὃ
1703 528 1795 581 τὸν

1904 527 2316 591 monasterium,
2348 527 2402 581 in
2425 543 2533 598 qua
2564 535 2682 582 crat
2710 525 2971 589 Joannes,
3007 524 3171 596 jussit
3191 523 3477 596 ire-quam

223 624 483 693 Ἰωάννην
516 618 684 693 εἶχεν,
734 623 816 676 ὅτι
848 622 1075 692 τάχιστα
1115 622 1411 691 ἀφικέσθαι
1430 619 1791 685 διεκελεύετο,

212 719 309 772 καὶ
340 717 528 772 τοῦτον
560 717 652 769 ἐπὶ
675 717 773 788 τὴν
808 715 1105 786 ἐκκλησίαν
1140 732 1198 769 τε
1236 717 1483 783 ἀγαγεῖν,
1519 713 1613 767 καὶ
1645 713 1795 784 ίερέα

211 807 548 874 τελειῶσαι,
627 807 821 871 σκεῦος
887 806 1037 878 αὐτῷ
1094 806 1327 876 ἐκλογῆς
1381 804 1524 858 κατά
1581 804 1794 857 Παῦλον

212 900 501 970 ἐσόμενον,
543 898 749 968 καὶτῷ
809 897 953 969 λόγῳ
1006 896 1267 968 μέλλοντα
1315 896 1413 966 τὴν
1469 893 1796 964 οἰκουμένην

212 989 551 1064 περιλαϐεῖν,
619 991 760 1044 κατὰ
813 991 904 1044 τὸν
962 989 1128 1043 αὐτὸν
1188 989 1245 1042 δὲ
1304 987 1494 1057 καιρὸν
1554 988 1588 1058 ἡ
1635 988 1795 1055 ὁμοία

220 1084 304 1154 τῷ
371 1084 595 1157 Ἰωάννῃ
652 1084 987 1155 παρίσταται
1039 1082 1178 1151 ὄψις.
1219 1080 1482 1149 Ἀγγελος
1547 1079 1646 1150 γὰρ
1691 1079 1795 1132 κά-

214 1177 382 1247 κείνῳ
436 1175 860 1247 προσευχομένῳ
931 1174 1039 1228 σὺν
1098 1175 1268 1244 πολλῇ
1307 1176 1372 1245 τῇ
1407 1172 1537 1245 δόξῃ
1587 1172 1684 1224 καὶ
1724 1172 1794 1241 τῇ

214 1268 361 1338 αὐγῇ
414 1265 726 1339 παραστὰς,
766 1265 996 1318 ἕπεσθαι
1046 1265 1181 1336 πρὸς
1207 1264 1306 1335 τὴν
1334 1263 1629 1334 ἐκκλησίαν
1652 1262 1794 1316 Φλα-

215 1353 392 1430 ειανῷ
424 1398 439 1423 ,
513 1359 607 1411 καὶ
672 1357 770 1430 τὴν
823 1356 917 1410 τοῦ
972 1357 1347 1429 πρεσϐυτέρου
1394 1353 1796 1420 καταδέξασθαι

212 1452 552 1525 χειροτονίαν
585 1453 937 1522 προστάττει.
964 1451 1070 1505 Τὸν
1108 1450 1165 1505 δὲ
1193 1449 1292 1522 τὴν
1312 1448 1582 1504 ὀπτασίαν
1607 1448 1795 1520 θεῖκὴν

216 1546 320 1615 μὲν
348 1538 488 1599 εἶναι
524 1545 601 1615 μὴ
628 1545 998 1616 ἀγνοήσαντα,
1051 1542 1507 1614 διευλαϐούμενον
1533 1541 1591 1596 δέ
1620 1538 1796 1606 ἄλλως

214 1636 311 1689 καὶ
346 1632 607 1688 ὀκνοῦντα
665 1635 803 1706 πρὸς
831 1635 891 1688 τὸ
917 1635 1221 1706 ἐπίταγμα,
1272 1633 1506 1693 ἀκοῦσαι
1571 1633 1792 1703 λέγεται

214 1729 500 1800 θειοτέρας
547 1727 731 1799 φωνῆς
769 1741 784 1757 ⁸
822 1730 888 1783 Ἀ
913 1729 942 1783 ό
994 1728 1124 1793 Θεὸς
1160 1729 1431 1800 βούλεται,
1476 1728 1562 1793 τίς
1613 1727 1797 1791 ίκανὺς

214 1820 371 1874 ἔσται
398 1821 752 1875 διασκεδάσαι
777 1839 792 1889 ;
832 1821 975 1875 οὕτω
1000 1820 1404 1893 χρηματισθεὶς
1433 1822 1460 1874 ὁ
1494 1821 1790 1892 μακάριος,

1902 619 2169 675 citissime
2187 630 2242 674 et
2281 636 2402 673 cum
2434 621 2638 677 ducere
2666 619 2735 675 ad
2758 618 3054 675 ecclesiam
3079 628 3135 674 et
3156 634 3479 676 consecrare

1904 713 2266 777 sacerdotem,
2329 713 2572 769 futurum
2619 713 2668 769 ei
2721 729 2816 768 vas
2865 712 3147 769 electionis
3207 715 3480 784 quomodo

1903 802 2108 858 Paulus
2140 805 2183 869 ",
2244 815 2298 858 et
2353 805 2521 860 verbo
2573 792 3098 875 comprehenSurum
3158 805 3477 860 universum

1902 896 2089 953 orbem
2122 905 2298 952 terrm.
2328 896 2529 953 Eadem
2552 907 2732 954 autem
2761 898 2891 954 hora
2940 898 3005 953 ad
3045 897 3310 954 Joannem
3344 914 3478 971 quo-

1903 1006 2009 1062 que
2039 991 2192 1046 venit
2253 991 2450 1046 similis
2508 992 2669 1047 visio.
2721 990 2857 1047 Nam
2912 991 2990 1047 illi
3040 976 3257 1062 quoque
3299 994 3478 1048 oranti

1904 1095 2090 1140 astans
2123 1083 2348 1155 angelus
2373 1099 2498 1138 eum
2529 1099 2723 1156 magna
2752 1085 2924 1156 gloria
2970 1095 3025 1140 et
3055 1087 3365 1156 splendore,
3388 1088 3479 1159 jn-

1903 1176 1995 1232 bet
2023 1183 2210 1248 aperte
2251 1174 2569 1231 Flavianum
2613 1177 2767 1246 sequi
2789 1177 2857 1231 ad
2907 1177 3216 1244 ecclesiam,
3256 1189 3311 1235 et
3332 1180 3475 1236 acci‘i

1903 1283 2032 1338 pere
2057 1267 2303 1323 ordinem
2345 1267 2777 1339 presbyteratus.
2808 1266 2903 1324 Ille
2947 1279 3128 1325 autem
3184 1286 3307 1326 cum
3370 1286 3479 1326 non

1904 1358 2207 1430 ignorasset
2259 1357 2478 1428 quidem
2511 1357 2776 1415 visionem
2811 1374 2932 1416 esse
2966 1359 3226 1422 divinam,
3267 1375 3495 1416 revere--

1905 1460 2056 1507 retur
2100 1459 2281 1506 autem
2338 1449 2538 1522 alioqui
2572 1461 2627 1506 et
2679 1450 2952 1507 dubitaret
2998 1450 3197 1518 facere,
3243 1451 3386 1520 quod
3430 1450 3479 1505 ei

1904 1541 2082 1596 fuerat
2161 1540 2491 1612 imperatum
2572 1551 2795 1613 propter
2858 1542 3310 1607 moderationem,
3398 1544 3482 1597 di-

1903 1633 2045 1687 citur
2123 1647 2312 1689 vocem
2391 1633 2665 1689 audivisse
2727 1633 3097 1690 diviniorem:
3159 1633 3289 1700 Qun
3339 1634 3489 1690 Dens-

1904 1725 2113 1793 statuit,
2189 1727 2315 1797 quis
2366 1727 2564 1797 poterit
2626 1727 2845 1782 vitare?
2882 1725 3032 1796 ,Cum
3103 1727 3183 1782 sic
3257 1740 3484 1796 respon-

1904 1835 2024 1874 sum
2089 1820 2390 1890 acccpisset
2450 1820 2661 1884 beatus,
2741 1829 2795 1875 et
2883 1820 3056 1887 simul
3124 1818 3482 1874 intellexisset

214 1919 315 1968 atat
375 1913 736 1985 λογισάμενος
817 1913 1166 1984 εὐγνώμονος
1220 1910 1362 1967 εἶναι
1418 1911 1792 1984 θεράποντος,

1904 1924 2024 1963 esse
2056 1908 2192 1980 grati
2224 1919 2278 1964 et
2305 1909 2585 1978 prudentis
2620 1909 2827 1974 lamuli,
2870 1926 2978 1966 non
3021 1925 3324 1982 repugnare
3378 1911 3483 1965 Do-

214 2012 491 2066 Δεσπότου
524 2012 740 2083 ιγνώμῃ
766 2011 842 2083 μὴ
885 2010 1210 2080 ἀντιλέγειν,
1250 2008 1641 2081 προσκαλεῖται
1670 2008 1796 2072 τοὺς

218 2107 515 2179 μοναχοὺς,
562 2107 656 2160 καὶ
728 2106 876 2169 ὅπως
933 2104 1115 2159 αὐτῶν
1163 2103 1347 2174 μέλλοι
1375 2100 1798 2174 διαχωρίζεσθαι

212 2199 594 2270 καταγγέλλει.
620 2199 756 2261 Τοὺς
786 2198 844 2252 δὲ
870 2196 1125 2268 λύπῃκσιὶ
1156 2196 1367 2268 ἀθυμίᾳ
1391 2196 1796 2267 συνεχομένους

212 2293 397 2363 λόγοις
422 2310 482 2347 τε
522 2291 845 2365 παρεκάλει,
903 2291 1001 2345 καὶ
1050 2290 1254 2363 τρόπον
1304 2289 1428 2344 τινὰ
1454 2288 1795 2361 θεραπεύων,

216 2386 460 2457 μάλιστα
484 2385 541 2440 δὲ
571 2385 667 2439 καὶ
694 2385 787 2438 τοῦ
819 2384 1093 2456 χρησίμου
1118 2382 1329 2446 τούτοις
1346 2382 1435 2435 ὲπι
1444 2381 1605 2454 μελού
1615 2399 1794 2452 μενος,

212 2477 309 2531 δύο
360 2475 469 2530 τῶν
517 2476 737 2530 πάντων
764 2472 1156 2544 ἐκλεξάμενος,
1189 2471 1238 2525 οἳ
1271 2468 1372 2541 βίῳ
1409 2486 1468 2522 τε
1503 2469 1598 2522 καὶ
1656 2468 1799 2538 λόγῳ

214 2571 328 2625 τῶν
368 2569 543 2625 ἄλλων
588 2571 864 2641 προεῖχον,
897 2567 997 2638 τὴν
1033 2564 1373 2637 προστασίαν
1411 2563 1521 2618 τῶν
1555 2562 1800 2632 ἀδελφῶν

213 2663 524 2731 ἐπιτρέπει.
582 2661 670 2715 Ἐν
707 2653 751 2730 ᾧ
773 2660 830 2714 δέ
856 2658 1033 2714 ταῦτα
1057 2658 1292 2728 ἐγίνετο,
1354 2656 1652 2719 Φλαόιανδς
1675 2656 1798 2708 ἐπι-

218 2753 375 2818 στὰς,
413 2754 505 2806 καὶ
533 2751 610 2823 τῷ
635 2751 895 2823 μακαρίῳ
957 2748 1077 2821 μεθ’
1126 2748 1324 2819 ἡδονῆς
1368 2746 1795 2816 συγγενόμενος,

226 2847 328 2901 Ἐκ
366 2845 559 2901 πολλοῦ
598 2846 716 2917 μὲν,
758 2845 887 2916 ἔφη,
922 2846 1021 2917 τῆς
1058 2845 1157 2917 σῆς
1182 2842 1482 2914 ἐτύγχανον
1513 2840 1798 2913 ἐπιθυμῶν

216 2940 459 3012 ὁμιλίας,
509 2940 791 3011 σοφώτατε
848 2937 1156 3010 ἀνθρώπων
1194 2937 1289 2991 καὶ
1322 2936 1648 3008 τιμιώτατε,
1682 2937 1798 3006 είρ-

216 3036 400 3107 γόμην
425 3035 482 3088 δέ
505 3036 584 3097 είς
605 3034 701 3107 τὴν
726 3035 966 3107 σήμερον
997 3031 1484 3103 ἐκκλησιαστικαῖς
1515 3029 1797 3099 προσέχων

218 3129 499 3202 φροντίσι·
558 3127 652 3182 νῦν
684 3126 739 3181 δὲ
779 3127 957 3194 (δόξαν
1011 3124 1153 3179 οὔτω
1185 3122 1326 3195 Θεῷ)
1383 3122 1520 3194 πρὸς
1555 3122 1614 3176 σὲ
1640 3123 1801 3190 ἀφίγ-

221 3221 385 3293 μεθαο
449 3215 584 3275 Εἶτα
609 3220 706 3275 καὶ
731 3219 898 3292 δήλην
925 3218 1073 3290 αὐτῷ
1097 3218 1196 3289 τὴν
1225 3218 1376 3272 θείαν
1417 3217 1541 3287 ὄψιν
1568 3232 1798 3285 πεποιη-

218 3313 400 3379 κότος,
466 3312 698 3384 ἐπείπερ
746 3312 988 3381 ἔγνωστο
1007 3309 1084 3382 τῷ
1138 3311 1383 3382 μεγάλῳ,
1413 3308 1549 3363 Θεοῦ
1569 3308 1799 3377 νεύματι

216 3406 280 3456 τὸ
298 3404 559 3475 παράπαν
578 3404 652 3475 μὴ
679 3402 1002 3471 ἀντιλέγειν,
1038 3400 1214 3464 ἄλλως
1232 3419 1293 3454 τε
1328 3401 1425 3471 τῆς
1449 3401 1594 3461 θείας
1621 3399 1798 3467 ὅψεως

216 3496 287 3550 δι’
324 3496 651 3568 ἀμφοτέρων
714 3496 1129 3568 βεϐαιωθείσης,
1187 3496 1330 3561 ἀξιοῖ
1368 3493 1459 3548 τὸν
1512 3494 1795 3564 ἀρχιερέα.

216 3588 319 3661 τὴν
365 3587 514 3660 ἱερὰν
583 3588 978 3659 μυσταγωγίαν
1007 3587 1169 3643 αὐτὸν
1200 3589 1409 3641 ἐκεῖνον
1445 3586 1568 3640 κατ’
1629 3587 1799 3655 αὐτὴν

219 3680 505 3735 ἐκτελέσαι
564 3680 664 3752 τὴν
722 3680 978 3753 ἡμέραν,
1035 3679 1121 3750 ἐφ’
1170 3671 1215 3749 ᾧ
1270 3678 1381 3732 τῶν
1440 3677 1799 3748 ἀγιασμάτων

220 3772 467 3836 ἅπαντας
518 3775 832 3845 μετασχεῖν,
860 3772 1102 3837 καὶτοὺς
1137 3770 1238 3844 τὴν
1266 3769 1531 3843 φροντίδα
1552 3768 1797 3833 διαδεξα-

222 3867 425 3938 μένους
452 3867 562 3920 τῶν
585 3864 832 3938 ἀδελφῶν
871 3867 970 3940 τῆς
1009 3865 1144 3938 παρ’
1178 3865 1345 3919 αὐτοῦ
1386 3864 1639 3934 εὐλογίας
1677 3866 1800 3918 ἐπιο

220 3961 427 4031 τυχεῖν.
484 3959 637 4014 Μετὰ
670 3959 728 4014 δὲ
756 3959 934 4014 ταῦτά
974 3975 1163 4031 φησιν,
1203 3959 1312 4031 ὅπη
1353 3957 1431 4029 τῷ
1467 3957 1586 4030 Θεῷ
1621 3958 1797 4028 φίλον,

222 4050 524 4122 προθύμως
577 4038 724 4123 ἔχειν
779 4050 1120 4106 ἀκολουθεῖν.
1186 4038 1437 4119 Ἐγένετο
1466 4048 1674 4104 ταῦτα’
1706 4054 1799 4106 καὶ

217 4147 289 4214 τῇ
322 4144 450 4214 ἑξῆς
481 4143 559 4215 τῷ
605 4144 834 4216 ἱεράρχῃ
886 4143 1174 4215 μέλλοντος
1243 4141 1671 4214 συναποδημεῖν,
1718 4144 1802 4214 γίο

219 4238 374 4292 νεταί
392 4254 445 4291 τι
467 4239 701 4309 πρᾶγμα
725 4235 979 4309 δακρύων
1000 4236 1076 4301 ὡς
1098 4234 1315 4307 ἀληθῶς
1337 4233 1508 4300 ἄξιον.
1540 4236 1800 4308 (Μνήμης

219 4329 544 4401 ἀξιούμενον
574 4332 668 4384 καὶ
692 4328 866 4400 ζημία
926 4331 1043 4392 ταῖς
1096 4328 1640 4401 φιλανθρωποτέραις
1694 4328 1798 4399 ψυ-

218 4424 347 4492 χαῖς
376 4423 472 4476 καλ⁵
497 4422 843 4493 συμπάσχειν
864 4421 921 4475 ἐν
941 4422 1054 4484 τοῖς
1076 4417 1337 4484 τοιούτοις
1355 4420 1751 4492 ἐπισταμέναις
1778 4420 1798 4493 ]

221 4515 592 4585 Περιστάντες
642 4514 751 4584 γάρ
804 4513 970 4568 αὐτὸν
1029 4512 1230 4577 ἅπαςὸ
1276 4513 1386 4566 τῶν
1454 4511 1798 4584 μοναζὸντων

221 4609 405 4682 χορὸς,
467 4608 657 4679 ὥσπερ
684 4605 761 4678 τῷ
799 4606 993 4678 ἐκείνῳ
1040 4608 1276 4659 συνεῖναι
1322 4606 1544 4670 ζῶντες,
1602 4606 1697 4659 καὶ

219 4701 487 4772 διαιρέσει
523 4699 808 4770 μέλλοντες
845 4697 1299 4770 συναφαιρεῖσθαι
1328 4696 1423 4750 καὶ
1465 4695 1564 4760 τὰς
1596 4696 1798 4766 ψυχὰς,

218 4794 385 4863 τίμὴ
426 4792 564 4862 πρὸς
609 4786 791 4844 οἶκτον
842 4789 1065 4858 ελεγονς
1098 4789 1259 4842 ποίαν
1299 4787 1512 4859 θρήνων
1560 4787 1797 4859 ὑπερδο-

219 4885 322 4956 λὴν
377 4883 783 4954 ἀπελίμπανον;
833 4880 1111 4952 περιέψων
1163 4881 1347 4949 αὐτὸν,
1396 4878 1794 4953 περιέϐαλλον,

1733 4606 1881 4710 can

1900 2000 2033 2055 mini
2068 2000 2355 2063 voluntati,
2383 2001 2616 2059 accersit
2639 2002 2976 2058 monachos:
3016 2011 3072 2059 et
3117 2017 3240 2057 cum
3287 2003 3367 2058 eis
3396 2002 3482 2058 di-

1899 2090 2072 2145 xisset
2112 2107 2172 2146 se
2202 2106 2325 2146 esse
2354 2091 2768 2160 abscessurum,
2811 2093 3068 2150 afl'crteis
3099 2094 3365 2160 dolorem,
3386 2095 3478 2165 qni

1903 2198 2012 2237 non
2044 2190 2221 2254 potest
2248 2186 2430 2241 verbis
2469 2187 2741 2257 exprimi:
2802 2187 3094 2257 Postquam
3146 2199 3328 2243 autern
3386 2202 3483 2242 eos

1904 2276 2087 2332 verbis
2118 2277 2251 2333 satis
2291 2288 2371 2334 est
2423 2281 2758 2347 consolatus,
2808 2280 2877 2337 de
2928 2296 2995 2337 eo
3044 2296 3283 2352 quoque,
3336 2284 3482 2353 quod

1901 2377 2020 2424 erat
2050 2369 2307 2426 illisutile
2366 2371 2633 2435 futurum,
2687 2373 2973 2439 sollicitus,
3035 2373 3224 2429 electis
3271 2374 3485 2430 duobus

1896 2471 1965 2514 ex
1983 2460 2258 2528 omnibus,
2292 2462 2383 2530 qui
2410 2471 2566 2517 erant
2587 2472 2641 2518 et
2663 2463 2767 2517 vita
2800 2474 2854 2518 et
2876 2464 3501 2534 sermoncireliquorunt.

1902 2553 2147 2606 omnium
2169 2554 2624 2624 praestantissimi,
2645 2555 2876 2613 fratrum
2904 2571 3090 2611 curam
3128 2555 3206 2610 eis
3232 2557 3489 2610 commit-

1903 2643 1987 2699 tit.
2029 2644 2248 2699 interim
2280 2655 2487 2710 autem,
2517 2646 2653 2702 dum’
2684 2647 2897 2712 fierent,
2957 2648 3226 2703 accedens
3275 2647 3495 2702 Flavia--

1901 2749 2165 2801 nus,cum
2206 2735 2440 2790 maxima
2473 2737 2752 2808 voluptate
2796 2736 3017 2792 beatum
3045 2736 3347 2791 allocutus:
3382 2734 3485 2791 Din

1901 2827 2147 2896 quidem,
2183 2827 2386 2898 inquit,
2429 2829 2734 2885 desideravi
2774 2839 2824 2885 te
2854 2829 3170 2898 convenire,
3197 2845 3230 2885 ο
3283 2829 3369 2883 vir
3399 2844 3488 2884 εει-α

1903 2919 2245 2989 pientissime
2278 2930 2333 2976 et
2361 2921 2416 2977 in
2460 2922 2657 2993 primis
2688 2924 3039 2979 venerande:
3068 2939 3180 2978 non
3208 2922 3359 2978 licuit
3379 2938 3483 2978 au-

1904 3017 2013 3066 tem
2046 3027 2217 3082 usque
2241 3012 2297 3067 in
2329 3012 2653 3068 hodiernum
2685 3014 2853 3081 diem,
2888 3029 3013 3069 cum
3057 3028 3308 3069 vacarem
3335 3013 3501 3068 curis.

1902 3104 2306 3161 ecclesiasticis.
2338 3105 2513 3173 ,Nunc
2541 3123 2671 3163 vero
2691 3122 2814 3163 cum
2858 3107 2969 3163 Deo
3004 3107 3077 3163 ila
3108 3108 3280 3163 visum
3299 3106 3388 3173 sit,
3416 3105 3484 3161 ad

1905 3207 1958 3254 te
1984 3197 2234 3254 venimus
2274 3200 2613 3255 carissimam
2673 3202 2937 3256 animam.
2986 3199 3192 3256 Deinde
3249 3215 3374 3254 cum
3432 3200 3482 3253 ei

1904 3293 2068 3347 etiam
2101 3292 2342 3347 divinam
2376 3293 2681 3364 aperuisset
2711 3294 2999 3358 visionem,
3062 3293 3317 3363 quoniam
3371 3304 3484 3348 Sta-

1909 3393 2086 3439 tucrat
2116 3400 2343 3457 magnus
2393 3384 2633 3442 Joannes
2685 3385 2831 3442 sicut
2875 3387 3131 3449 diximus,
3186 3386 3279 3443 Dei
3328 3391 3482 3442 nutni

1905 3477 2132 3533 omnino
2158 3492 2268 3532 non
2299 3493 2620 3550 repugnare,
2663 3486 2719 3534 et
2771 3479 3007 3534 maxime
3033 3494 3155 3534 cum
3189 3480 3375 3536 divina
3404 3482 3483 3535 vi-

1907 3570 1988 3624 sio
2016 3584 2114 3639 per
2152 3579 2447 3638 utrumque
2497 3568 2693 3624 fuisset
2735 3571 3075 3638 confirmata,
3134 3580 3287 3643 εοεαε
3334 3572 3487 3627 illum

1908 3662 2087 3730 ipsum
2124 3656 2465 3732 pontificem,
2500 3670 2562 3716 ut
2614 3661 2706 3717 illo
2756 3662 2875 3734 ipso
2914 3662 3003 3719 die
3048 3677 3264 3719 sacrum
3329 3679 3499 3736 pera-

1908 3761 1998 3825 gat
2025 3755 2361 3826 mysterium,
2390 3764 2449 3811 ut
2480 3756 2590 3813 sint
2616 3772 2808 3813 omnes
2834 3758 3127 3830 participes
3172 3759 3484 3816 sanctifica~

1907 3854 2113 3919 torum,
2146 3856 2200 3904 et
2223 3849 2282 3916 ii,
2317 3849 2409 3920 qui
2442 3849 2670 3905 fratrum
2725 3856 2915 3907 curam
2942 3862 3325 3922 susceperunt,
3357 3868 3494 3907 con—

1907 3953 2211 4014 sequantur
2232 3944 2379 4001 illius
2405 3946 2871 4003 benedictionem.
2924 3945 3053 4003 Post
3108 3946 3224 4003 haec
3279 3955 3484 4015 autem,

1907 4035 2103 4106 inquit,
2125 4052 2234 4107 quo
2264 4037 2376 4094 Deo
2408 4039 2584 4095 visum
2600 4048 2706 4107 est,
2728 4041 3051 4113 sequaripse
3066 4054 3282 4112 quoque
3305 4055 3499 4117 proni--

1907 4136 2002 4198 pto
2023 4138 2079 4185 et
2125 4130 2290 4186 alacri
2317 4132 2520 4186 animo.
2558 4131 2721 4188 Facta
2752 4142 2881 4188 sunt
2944 4133 3083 4198 haec.
3108 4122 3190 4189 ἐι
3244 4148 3369 4189 cum
3403 4148 3490 4190 se-

1906 4222 2096 4291 quenti
2127 4224 2215 4278 die
2246 4233 2392 4280 esset
2419 4225 2673 4282 abiturus
2729 4224 2909 4282 simul“
2933 4240 3056 4281 cum
3118 4226 3395 4297 pontifice,
3432 4225 3491 4289 fit

1909 4329 1998 4368 res
2030 4316 2392 4387 lacrymabilis
2416 4318 2519 4389 piis
2545 4317 2765 4385 animis,
2803 4318 2848 4374 si
2886 4317 2971 4373 vel
3002 4318 3178 4374 solum
3207 4318 3484 4372 audiatur.

1908 4407 2045 4463 Eum
2075 4408 2484 4465 circumsistens
2514 4409 2806 4465 universus
2833 4410 3037 4466 chorus
3086 4409 3486 4464 monachormn
3528 4480 3542 4488 ς

1908 4502 2135 4572 perinde
2152 4518 2216 4558 ac
2236 4504 2282 4558 si
2315 4517 2403 4570 eo,
2431 4489 2576 4573 quod
2616 4504 2706 4559 ille
2732 4503 2897 4559 simul
2943 4518 3067 4558 cum
3109 4502 3188 4557 eis
3216 4512 3383 4568 esset,
3406 4503 3486 4557 vi-

1907 4600 2118 4660 verent,
2152 4586 2204 4651 et
2235 4592 2502 4650 divisione
2542 4595 2702 4649 simul
2734 4610 2952 4666 quoque
3005 4601 3190 4649 essent
3244 4593 3325 4645 eis
3389 4606 3486 4645 au—

1906 4687 2145 4744 ferenda:
2174 4689 2391 4753 animae,
2434 4688 2526 4759 qui
2579 4689 2644 4743 ad
2678 4687 3001 4743 movendam
3060 4681 3489 4739 misericordiam

1907 4797 2019 4837 non
2052 4781 2303 4838 dicebant
2329 4789 2385 4836 et
2411 4781 2731 4836 faciebant?
2757 4779 2929 4845 Quam
2962 4793 3069 4833 non
3103 4775 3186 4831 vel
3218 4789 3485 4831 summam

1908 4877 2145 4933 edebant
2193 4876 2683 4931 lamentationem?
2731 4875 2868 4928 Eum
2910 4869 3318 4933 demulcebant,
3373 4883 3489 4922 am-

221 4954 457 5042 ἐσιυτοὺς
480 4980 592 5040 τοῖς
619 4976 814 5030 τούτου
853 4976 1040 5046 μέλεσι
1091 4973 1566 5046 συμπαρέδαλλον.
1615 4973 1795 5044 Παρα-

1904 4964 2305 5043 plectebantur,
2362 4984 2422 5025 se
2460 4969 2719 5024 membris
2764 4967 2910 5022 illius
2953 4963 3324 5036 implicabant.
3384 4960 3489 5017 De-

222 5074 447 5145 φρονεῖν
475 5070 674 5136 αὐτοὺς
711 5069 886 5123 ἐποίει
913 5069 975 5121 τὸ
999 5067 1170 5131 πάθος
1199 5067 1339 5134 ἐνὸν,
1372 5066 1602 5140 ἡγοῦντο
1634 5067 1798 5120 συνά-

218 5166 348 5237 ψειν
375 5163 523 5236 αὐτῷ
554 5163 648 5217 καὶ
677 5163 747 5217 τά
794 5162 1046 5233 σώματα,
1084 5160 1182 5233 τὴν
1211 5161 1560 5232 ὑποστροφὴν
1588 5160 1802 5231 ἀπηγό-

226 5274 407 5331 ρευον,
445 5256 543 5328 τὴν
572 5255 762 5327 μονὴν,
793 5254 869 5319 ὡς
895 5254 1094 5327 μηκέτι
1125 5254 1351 5308 δυνατὶν
1370 5253 1611 5325 ὄμμασιν
1635 5252 1803 5322 όφθῆι

222 5369 315 5405 ναι
348 5354 461 5414 τοῖς
494 5349 728 5418 ἑαυτῶν,
774 5348 1195 5419 ἀπεδίδρασκον.
1243 5346 1332 5413 Ὠς
1388 5347 1444 5401 δὲ
1478 5347 1630 5417 μόλις
1671 5346 1804 5399 ποτὲ

221 5447 291 5516 τῇ
309 5446 450 5515 τομῇ
482 5441 576 5496 τοῦ
594 5442 778 5513 λόγου,
811 5444 906 5495 καὶ
928 5439 1087 5495 τοῦτο
1108 5441 1208 5511 μὲν
1232 5438 1327 5493 τοῦ
1362 5438 1624 5508 μεγάλου,
1645 5436 1804 5491 τοῦτο

221 5538 282 5593 δέ
314 5535 409 5590 τοῦ
444 5536 749 5608 ἀρχιερέως
781 5533 1180 5607 παραινοῦντος
1204 5533 1301 5587 καὶ
1329 5532 1668 5604 δριμυτέραν
1700 5547 1802 5583 που

228 5633 324 5684 καλ
347 5629 444 5701 τὴν
473 5629 793 5701 ἐπιτίμησιν
851 5627 1228 5699 ἐπιφέροντος,
1259 5625 1355 5679 ἀπ’
1385 5625 1551 5679 αὐτοῦ
1583 5624 1799 5696 διερρἀ

237 5738 425 5793 γησαν,
456 5722 504 5774 οί
545 5720 644 5791 μέν
673 5720 898 5784 ἄκοντες
930 5720 1303 5790 ἐπανήρχοντο
1348 5715 1567 5778 πυκνῶς
1614 5716 1797 5778 αὐτοῖς

302 5886 318 5916 ⁷
346 5881 470 5940 Act.
514 5898 588 5949 ιι,
617 5880 771 5937 1-22.

1909 5061 2088 5133 sipere
2114 5077 2210 5117 eos
2239 5060 2475 5117 faciebat
2494 5058 2662 5114 animi
2679 5057 3018 5130 perturbatio
3048 5072 3061 5110 :
3099 5053 3490 5113 existimabant

1901 5169 1983 5218 se,
2006 5134 2132 5208 cum
2166 5154 2377 5218 liceret,
2407 5153 2492 5207 vel
2519 5153 2637 5222 ipsa
2667 5167 2789 5206 esse
2812 5165 3040 5221 corpora
3071 5148 3484 5219 conjutteturos,

1904 5245 2078 5300 reditu
2111 5245 2216 5299 sibi
2255 5243 2675 5307 interdicebant,
2733 5241 3010 5313 fugiebant
3068 5238 3486 5304 monasterium,

1904 5349 2161 5409 tanquam
2190 5338 2304 5394 ﬁeri
2338 5354 2447 5392 non
2472 5346 2678 5408 posset,
2708 5344 2766 5391 ut
2787 5335 3022 5407 amplius
3072 5334 3189 5390 suis
3217 5334 3490 5404 aspicere-

1902 5442 1990 5487 tur
2034 5432 2230 5487 oculis.
2295 5431 2429 5486 Cum
2482 5439 2664 5485 autem
2720 5437 2942 5484 secante
3001 5427 3249 5482 oratione
3292 5424 3486 5495 partim

1902 5526 2121 5597 quidem
2175 5526 2352 5596 magni
2411 5523 2659 5590 Joannis,
2729 5522 2923 5593 partim
2977 5529 3158 5575 autent
3218 5517 3499 5589 pontificis

1909 5618 2275 5681 admonentis,
2303 5626 2356 5672 et
2378 5617 2669 5687 aliquando
2696 5616 2860 5672 etiam
2892 5613 3143 5670 acerbius
3199 5611 3491 5680 increpan-

1910 5715 1996 5779 tis,
2028 5712 2232 5768 suntab
2266 5726 2330 5766 co
2358 5711 2549 5778 avulsi,
2593 5709 2683 5766 alii
2719 5709 2936 5781 quidem
2996 5705 3149 5762 inviti
3185 5705 3499 5778 redierunt,
