  <div class='ocr_page' id='page_1' title='image "/cluster/home/n/w/nwhite01/storage/ocr_20150623/114/hvd.32044019208123/579.png"; bbox 0 0 3828 6474; ppageno 0'>
   <div class='ocr_carea' id='block_1_1' title="bbox 417 385 566 454">
    <p class='ocr_par' dir='ltr' id='par_1_1' title="bbox 417 385 566 454">
     <span class='ocr_line' id='line_1_1' title="bbox 417 385 566 454; baseline -0.013 0"><span class='ocrx_word' id='word_1_1' title='bbox 417 385 566 454; x_wconf 74' lang='lat'><strong>1075</strong></span> 
     </span>
    </p>
   </div>
   <div class='ocr_carea' id='block_1_2' title="bbox 1656 386 2476 486">
    <p class='ocr_par' dir='ltr' id='par_1_2' title="bbox 1656 386 2476 486">
     <span class='ocr_line' id='line_1_2' title="bbox 1656 386 2476 486; baseline 0.002 -38"><span class='ocrx_word' id='word_1_2' title='bbox 1656 386 1937 449; x_wconf 86' lang='lat' dir='ltr'><strong>MENSlS</strong></span> <span class='ocrx_word' id='word_1_3' title='bbox 1973 387 2434 486; x_wconf 51' lang='lat' dir='ltr'><strong>nummus.</strong></span> <span class='ocrx_word' id='word_1_4' title='bbox 2467 453 2476 464; x_wconf 93' lang='lat'>_</span> 
     </span>
    </p>
   </div>
   <div class='ocr_carea' id='block_1_3' title="bbox 3529 372 3665 438">
    <p class='ocr_par' dir='ltr' id='par_1_3' title="bbox 3529 372 3665 438">
     <span class='ocr_line' id='line_1_3' title="bbox 3529 372 3665 438; baseline 0 -1"><span class='ocrx_word' id='word_1_5' title='bbox 3529 372 3665 438; x_wconf 72' lang='lat'><strong>1076</strong></span> 
     </span>
    </p>
   </div>
   <div class='ocr_carea' id='block_1_4' title="bbox 413 483 1999 571">
    <p class='ocr_par' dir='ltr' id='par_1_4' title="bbox 413 498 1991 570">
     <span class='ocr_line' id='line_1_4' title="bbox 413 498 1991 570; baseline -0.003 -10"><span class='ocrx_word' id='word_1_6' title='bbox 413 500 608 560; x_wconf 86' lang='lat' dir='ltr'><strong>crebro</strong></span> <span class='ocrx_word' id='word_1_7' title='bbox 627 499 696 555; x_wconf 87' lang='lat' dir='ltr'><strong>ad</strong></span> <span class='ocrx_word' id='word_1_8' title='bbox 743 513 869 554; x_wconf 86' lang='lat' dir='ltr'><strong>eum</strong></span> <span class='ocrx_word' id='word_1_9' title='bbox 900 512 962 554; x_wconf 90' lang='lat' dir='ltr'><strong>se</strong></span> <span class='ocrx_word' id='word_1_10' title='bbox 1008 498 1252 570; x_wconf 88' lang='lat' dir='ltr'><strong>ipsorum</strong></span> <span class='ocrx_word' id='word_1_11' title='bbox 1322 499 1766 556; x_wconf 84' lang='lat' dir='ltr'><strong>ronvertentibus</strong></span> <span class='ocrx_word' id='word_1_12' title='bbox 1799 499 1991 566; x_wconf 87' lang='lat' dir='ltr'><strong>oculis,</strong></span> 
     </span>
    </p>
   </div>
   <div class='ocr_carea' id='block_1_5' title="bbox 2105 483 3662 571">
    <p class='ocr_par' dir='ltr' id='par_1_5' title="bbox 2105 483 3662 571">
     <span class='ocr_line' id='line_1_5' title="bbox 2105 483 3662 571; baseline -0.013 -16"><span class='ocrx_word' id='word_1_13' title='bbox 2105 501 2204 554; x_wconf 78' lang='grc' dir='ltr'><strong>τῶν</strong></span> <span class='ocrx_word' id='word_1_14' title='bbox 2231 483 2525 571; x_wconf 70' lang='grc' dir='ltr'>ὀφθαλμῶν</span> <span class='ocrx_word' id='word_1_15' title='bbox 2554 491 3040 567; x_wconf 74' lang='grc' dir='ltr'>ὲπιστρεφομένων</span> <span class='ocrx_word' id='word_1_16' title='bbox 3062 488 3157 542; x_wconf 76' lang='grc' dir='ltr'><strong>καὶ</strong></span> <span class='ocrx_word' id='word_1_17' title='bbox 3173 487 3271 559; x_wconf 78' lang='grc' dir='ltr'>τὴν</span> <span class='ocrx_word' id='word_1_18' title='bbox 3301 483 3525 556; x_wconf 76' lang='grc' dir='ltr'>πορείαν</span> <span class='ocrx_word' id='word_1_19' title='bbox 3547 487 3662 547; x_wconf 76' lang='grc' dir='ltr'>τοῖς</span> 
     </span>
    </p>
   </div>
   <div class='ocr_carea' id='block_1_6' title="bbox 414 587 1996 661">
    <p class='ocr_par' dir='ltr' id='par_1_6' title="bbox 414 587 1996 661">
     <span class='ocr_line' id='line_1_6' title="bbox 414 587 1996 661; baseline -0.002 -15"><span class='ocrx_word' id='word_1_20' title='bbox 414 603 469 646; x_wconf 88' lang='lat' dir='ltr'><strong>et</strong></span> <span class='ocrx_word' id='word_1_21' title='bbox 499 589 696 661; x_wconf 90' lang='lat' dir='ltr'><strong>pedum</strong></span> <span class='ocrx_word' id='word_1_22' title='bbox 733 588 837 645; x_wconf 99' lang='lat' dir='ltr'><strong>iter</strong></span> <span class='ocrx_word' id='word_1_23' title='bbox 867 587 1418 660; x_wconf 88' lang='lat' dir='ltr'><strong>interrumpentibus,</strong></span> <span class='ocrx_word' id='word_1_24' title='bbox 1455 589 1602 659; x_wconf 88' lang='lat' dir='ltr'><strong>quod</strong></span> <span class='ocrx_word' id='word_1_25' title='bbox 1633 589 1829 648; x_wconf 81' lang='lat' dir='ltr'><strong>divisio</strong></span> <span class='ocrx_word' id='word_1_26' title='bbox 1850 597 1996 644; x_wconf 91' lang='lat' dir='ltr'><strong>esset</strong></span> 
     </span>
    </p>
   </div>
   <div class='ocr_carea' id='block_1_7' title="bbox 412 678 1994 752">
    <p class='ocr_par' dir='ltr' id='par_1_7' title="bbox 412 678 1994 752">
     <span class='ocr_line' id='line_1_7' title="bbox 412 678 1994 752; baseline -0.004 -13"><span class='ocrx_word' id='word_1_27' title='bbox 412 681 781 740; x_wconf 85' lang='lat' dir='ltr'><strong>involuntaria</strong></span> <span class='ocrx_word' id='word_1_28' title='bbox 807 698 821 734; x_wconf 87' lang='lat'><strong>:</strong></span> <span class='ocrx_word' id='word_1_29' title='bbox 850 679 941 735; x_wconf 87' lang='lat' dir='ltr'><strong>alii</strong></span> <span class='ocrx_word' id='word_1_30' title='bbox 972 695 1098 735; x_wconf 89' lang='lat' dir='ltr'><strong>cum</strong></span> <span class='ocrx_word' id='word_1_31' title='bbox 1156 695 1355 752; x_wconf 80' lang='lat' dir='ltr'><strong>magno</strong></span> <span class='ocrx_word' id='word_1_32' title='bbox 1379 678 1592 735; x_wconf 80' lang='lat' dir='ltr'><strong>Joanne</strong></span> <span class='ocrx_word' id='word_1_33' title='bbox 1623 681 1728 736; x_wconf 91' lang='lat' dir='ltr'><strong>iter</strong></span> <span class='ocrx_word' id='word_1_34' title='bbox 1761 679 1994 751; x_wconf 75' lang='lat' dir='ltr'><strong>ingressi</strong></span> 
     </span>
    </p>
   </div>
   <div class='ocr_carea' id='block_1_8' title="bbox 415 771 1996 840">
    <p class='ocr_par' dir='ltr' id='par_1_8' title="bbox 415 771 1996 840">
     <span class='ocr_line' id='line_1_8' title="bbox 415 771 1996 840; baseline -0.001 -11"><span class='ocrx_word' id='word_1_35' title='bbox 415 781 583 840; x_wconf 88' lang='lat' dir='ltr'><strong>sunt,</strong></span> <span class='ocrx_word' id='word_1_36' title='bbox 635 781 786 829; x_wconf 87' lang='lat' dir='ltr'><strong>recta</strong></span> <span class='ocrx_word' id='word_1_37' title='bbox 845 771 1244 828; x_wconf 88' lang='lat' dir='ltr'><strong>contendentes</strong></span> <span class='ocrx_word' id='word_1_38' title='bbox 1294 771 1363 826; x_wconf 89' lang='lat' dir='ltr'><strong>ad</strong></span> <span class='ocrx_word' id='word_1_39' title='bbox 1423 773 1736 829; x_wconf 76' lang='lat' dir='ltr'><strong>ecclesiam.</strong></span> <span class='ocrx_word' id='word_1_40' title='bbox 1794 771 1996 828; x_wconf 84' lang='lat' dir='ltr'><strong>Omnes</strong></span> 
     </span>
    </p>
   </div>
   <div class='ocr_carea' id='block_1_9' title="bbox 415 867 1994 939">
    <p class='ocr_par' dir='ltr' id='par_1_9' title="bbox 415 867 1994 939">
     <span class='ocr_line' id='line_1_9' title="bbox 415 867 1994 939; baseline 0 -15"><span class='ocrx_word' id='word_1_41' title='bbox 415 877 600 924; x_wconf 83' lang='lat' dir='ltr'><strong>autem</strong></span> <span class='ocrx_word' id='word_1_42' title='bbox 665 867 906 939; x_wconf 86' lang='lat' dir='ltr'><strong>undique</strong></span> <span class='ocrx_word' id='word_1_43' title='bbox 989 867 1338 925; x_wconf 81' lang='lat' dir='ltr'><strong>confluebant</strong></span> <span class='ocrx_word' id='word_1_44' title='bbox 1375 877 1431 925; x_wconf 92' lang='lat' dir='ltr'><strong>et</strong></span> <span class='ocrx_word' id='word_1_45' title='bbox 1474 871 1786 937; x_wconf 86' lang='lat' dir='ltr'><strong>currebant,</strong></span> <span class='ocrx_word' id='word_1_46' title='bbox 1821 881 1881 926; x_wconf 91' lang='lat' dir='ltr'><strong>ut</strong></span> <span class='ocrx_word' id='word_1_47' title='bbox 1945 871 1994 926; x_wconf 90' lang='lat' dir='ltr'><strong>ei</strong></span> 
     </span>
    </p>
   </div>
   <div class='ocr_carea' id='block_1_10' title="bbox 417 957 1994 1033">
    <p class='ocr_par' dir='ltr' id='par_1_10' title="bbox 417 957 1994 1033">
     <span class='ocr_line' id='line_1_10' title="bbox 417 957 1994 1033; baseline 0.001 -19"><span class='ocrx_word' id='word_1_48' title='bbox 417 960 616 1018; x_wconf 81' lang='lat' dir='ltr'><strong>tierent</strong></span> <span class='ocrx_word' id='word_1_49' title='bbox 644 957 880 1017; x_wconf 83' lang='lat' dir='ltr'><strong>obviam.</strong></span> <span class='ocrx_word' id='word_1_50' title='bbox 934 957 1054 1016; x_wconf 87' lang='lat' dir='ltr'><strong>Non</strong></span> <span class='ocrx_word' id='word_1_51' title='bbox 1101 961 1288 1017; x_wconf 89' lang='lat' dir='ltr'><strong>minus</strong></span> <span class='ocrx_word' id='word_1_52' title='bbox 1330 963 1398 1017; x_wconf 90' lang='lat' dir='ltr'><strong>ad</strong></span> <span class='ocrx_word' id='word_1_53' title='bbox 1449 963 1628 1033; x_wconf 85' lang='lat' dir='ltr'><strong>ipsum</strong></span> <span class='ocrx_word' id='word_1_54' title='bbox 1683 963 1994 1024; x_wconf 80' lang='lat' dir='ltr'><strong>Antiochia,</strong></span> 
     </span>
    </p>
   </div>
   <div class='ocr_carea' id='block_1_11' title="bbox 414 1050 1992 1124">
    <p class='ocr_par' dir='ltr' id='par_1_11' title="bbox 414 1050 1992 1124">
     <span class='ocr_line' id='line_1_11' title="bbox 414 1050 1992 1124; baseline 0 -16"><span class='ocrx_word' id='word_1_55' title='bbox 414 1069 580 1124; x_wconf 86' lang='lat' dir='ltr'><strong>quam</strong></span> <span class='ocrx_word' id='word_1_56' title='bbox 610 1050 804 1122; x_wconf 79' lang='lat' dir='ltr'><strong>prius‘I</strong></span> <span class='ocrx_word' id='word_1_57' title='bbox 857 1052 926 1106; x_wconf 89' lang='lat' dir='ltr'><strong>ad</strong></span> <span class='ocrx_word' id='word_1_58' title='bbox 994 1053 1290 1124; x_wconf 83' lang='lat' dir='ltr'><strong>Baptistatn</strong></span> <span class='ocrx_word' id='word_1_59' title='bbox 1342 1054 1398 1108; x_wconf 92' lang='lat' dir='ltr'><strong>in</strong></span> <span class='ocrx_word' id='word_1_60' title='bbox 1451 1053 1740 1110; x_wconf 81' lang='lat' dir='ltr'><strong>Jordanem</strong></span> <span class='ocrx_word' id='word_1_61' title='bbox 1808 1053 1992 1109; x_wconf 87' lang='lat' dir='ltr'><strong>lsrael.</strong></span> 
     </span>
    </p>
   </div>
   <div class='ocr_carea' id='block_1_12' title="bbox 417 1145 1999 1217">
    <p class='ocr_par' dir='ltr' id='par_1_12' title="bbox 417 1145 1999 1217">
     <span class='ocr_line' id='line_1_12' title="bbox 417 1145 1999 1217; baseline -0.001 -15"><span class='ocrx_word' id='word_1_62' title='bbox 417 1145 552 1202; x_wconf 88' lang='lat' dir='ltr'><strong>Cum</strong></span> <span class='ocrx_word' id='word_1_63' title='bbox 579 1153 762 1199; x_wconf 87' lang='lat' dir='ltr'><strong>autem</strong></span> <span class='ocrx_word' id='word_1_64' title='bbox 786 1159 912 1200; x_wconf 90' lang='lat' dir='ltr'><strong>eum</strong></span> <span class='ocrx_word' id='word_1_65' title='bbox 941 1145 1242 1204; x_wconf 88' lang='lat' dir='ltr'><strong>ordinaturi</strong></span> <span class='ocrx_word' id='word_1_66' title='bbox 1267 1153 1452 1201; x_wconf 87' lang='lat' dir='ltr'><strong>essent</strong></span> <span class='ocrx_word' id='word_1_67' title='bbox 1477 1146 1578 1217; x_wconf 84' lang='lat'><strong>(7),</strong></span> <span class='ocrx_word' id='word_1_68' title='bbox 1610 1159 1670 1200; x_wconf 92' lang='lat' dir='ltr'><strong>ut</strong></span> <span class='ocrx_word' id='word_1_69' title='bbox 1701 1146 1845 1201; x_wconf 86' lang='lat' dir='ltr'><strong>Deus</strong></span> <span class='ocrx_word' id='word_1_70' title='bbox 1880 1147 1999 1216; x_wconf 81' lang='lat' dir='ltr'><strong>jus-</strong></span> 
     </span>
    </p>
   </div>
   <div class='ocr_carea' id='block_1_13' title="bbox 415 1235 1994 1308">
    <p class='ocr_par' dir='ltr' id='par_1_13' title="bbox 415 1235 1994 1308">
     <span class='ocr_line' id='line_1_13' title="bbox 415 1235 1994 1308; baseline -0.001 -16"><span class='ocrx_word' id='word_1_71' title='bbox 415 1244 584 1302; x_wconf 85' lang='lat' dir='ltr'><strong>serat,</strong></span> <span class='ocrx_word' id='word_1_72' title='bbox 621 1245 676 1292; x_wconf 90' lang='lat' dir='ltr'><strong>et</strong></span> <span class='ocrx_word' id='word_1_73' title='bbox 703 1235 823 1298; x_wconf 84' lang='lat' dir='ltr'><strong>dies</strong></span> <span class='ocrx_word' id='word_1_74' title='bbox 853 1236 1069 1292; x_wconf 83' lang='lat' dir='ltr'><strong>adesset</strong></span> <span class='ocrx_word' id='word_1_75' title='bbox 1123 1237 1486 1308; x_wconf 64' lang='lat' dir='ltr'><strong>praestitutus,</strong></span> <span class='ocrx_word' id='word_1_76' title='bbox 1545 1236 1736 1292; x_wconf 87' lang='lat' dir='ltr'><strong>aderat</strong></span> <span class='ocrx_word' id='word_1_77' title='bbox 1775 1237 1994 1307; x_wconf 82' lang='lat' dir='ltr'><strong>quidem</strong></span> 
     </span>
    </p>
   </div>
   <div class='ocr_carea' id='block_1_14' title="bbox 416 1325 1999 1393">
    <p class='ocr_par' dir='ltr' id='par_1_14' title="bbox 416 1325 1999 1393">
     <span class='ocr_line' id='line_1_14' title="bbox 416 1325 1999 1393; baseline -0.001 -11"><span class='ocrx_word' id='word_1_78' title='bbox 416 1327 601 1382; x_wconf 84' lang='lat' dir='ltr'><strong>omnis</strong></span> <span class='ocrx_word' id='word_1_79' title='bbox 639 1335 813 1383; x_wconf 87' lang='lat' dir='ltr'><strong>coetus</strong></span> <span class='ocrx_word' id='word_1_80' title='bbox 847 1325 1109 1393; x_wconf 82' lang='lat' dir='ltr'><strong>ﬁdelium,</strong></span> <span class='ocrx_word' id='word_1_81' title='bbox 1141 1337 1198 1382; x_wconf 89' lang='lat' dir='ltr'><strong>et</strong></span> <span class='ocrx_word' id='word_1_82' title='bbox 1226 1327 1388 1382; x_wconf 87' lang='lat' dir='ltr'><strong>simul</strong></span> <span class='ocrx_word' id='word_1_83' title='bbox 1427 1327 1594 1382; x_wconf 87' lang='lat' dir='ltr'><strong>etiam</strong></span> <span class='ocrx_word' id='word_1_84' title='bbox 1641 1328 1829 1384; x_wconf 90' lang='lat' dir='ltr'><strong>aderat</strong></span> <span class='ocrx_word' id='word_1_85' title='bbox 1878 1328 1999 1382; x_wconf 88' lang='lat' dir='ltr'><strong>uni-</strong></span> 
     </span>
    </p>
   </div>
   <div class='ocr_carea' id='block_1_15' title="bbox 415 1415 1997 1486">
    <p class='ocr_par' dir='ltr' id='par_1_15' title="bbox 415 1415 1997 1486">
     <span class='ocr_line' id='line_1_15' title="bbox 415 1415 1997 1486; baseline 0.001 -16"><span class='ocrx_word' id='word_1_86' title='bbox 415 1431 612 1472; x_wconf 82' lang='lat' dir='ltr'><strong>versus</strong></span> <span class='ocrx_word' id='word_1_87' title='bbox 641 1415 859 1472; x_wconf 81' lang='lat' dir='ltr'><strong>Chorus</strong></span> <span class='ocrx_word' id='word_1_88' title='bbox 880 1415 1378 1486; x_wconf 85' lang='lat' dir='ltr'><strong>pontiﬁcum.Cum</strong></span> <span class='ocrx_word' id='word_1_89' title='bbox 1430 1417 1498 1472; x_wconf 91' lang='lat' dir='ltr'><strong>ad</strong></span> <span class='ocrx_word' id='word_1_90' title='bbox 1543 1432 1689 1472; x_wconf 87' lang='lat' dir='ltr'><strong>aram</strong></span> <span class='ocrx_word' id='word_1_91' title='bbox 1737 1432 1870 1472; x_wconf 83' lang='lat' dir='ltr'><strong>vero</strong></span> <span class='ocrx_word' id='word_1_92' title='bbox 1911 1432 1997 1472; x_wconf 87' lang='lat' dir='ltr'><strong>sa-</strong></span> 
     </span>
    </p>
   </div>
   <div class='ocr_carea' id='block_1_16' title="bbox 416 1505 1997 1580">
    <p class='ocr_par' dir='ltr' id='par_1_16' title="bbox 416 1505 1997 1580">
     <span class='ocr_line' id='line_1_16' title="bbox 416 1505 1997 1580; baseline 0.001 -20"><span class='ocrx_word' id='word_1_93' title='bbox 416 1521 564 1560; x_wconf 83' lang='lat' dir='ltr'><strong>cram</strong></span> <span class='ocrx_word' id='word_1_94' title='bbox 584 1506 970 1571; x_wconf 88' lang='lat' dir='ltr'><strong>accessissent,</strong></span> <span class='ocrx_word' id='word_1_95' title='bbox 1001 1514 1056 1562; x_wconf 94' lang='lat' dir='ltr'><strong>et</strong></span> <span class='ocrx_word' id='word_1_96' title='bbox 1081 1506 1328 1576; x_wconf 90' lang='lat' dir='ltr'><strong>quidem,</strong></span> <span class='ocrx_word' id='word_1_97' title='bbox 1351 1515 1410 1562; x_wconf 89' lang='lat' dir='ltr'><strong>ut</strong></span> <span class='ocrx_word' id='word_1_98' title='bbox 1441 1505 1523 1562; x_wconf 90' lang='lat' dir='ltr'><strong>fas</strong></span> <span class='ocrx_word' id='word_1_99' title='bbox 1563 1506 1754 1580; x_wconf 70' lang='grc' dir='ltr'>ειιείι,</span> <span class='ocrx_word' id='word_1_100' title='bbox 1831 1515 1997 1576; x_wconf 83' lang='lat' dir='ltr'><strong>caput</strong></span> 
     </span>
    </p>
   </div>
   <div class='ocr_carea' id='block_1_17' title="bbox 421 1597 1998 1669">
    <p class='ocr_par' dir='ltr' id='par_1_17' title="bbox 421 1597 1998 1669">
     <span class='ocr_line' id='line_1_17' title="bbox 421 1597 1998 1669; baseline 0.001 -17"><span class='ocrx_word' id='word_1_101' title='bbox 421 1597 1086 1654; x_wconf 78' lang='lat' dir='ltr'><strong>Pontiﬁcisubmisisset:</strong></span> <span class='ocrx_word' id='word_1_102' title='bbox 1129 1598 1229 1669; x_wconf 85' lang='lat' dir='ltr'><strong>ipsi</strong></span> <span class='ocrx_word' id='word_1_103' title='bbox 1255 1608 1434 1656; x_wconf 89' lang='lat' dir='ltr'><strong>autem</strong></span> <span class='ocrx_word' id='word_1_104' title='bbox 1467 1598 1587 1669; x_wconf 84' lang='lat' dir='ltr'><strong>ejus</strong></span> <span class='ocrx_word' id='word_1_105' title='bbox 1623 1615 1816 1654; x_wconf 90' lang='lat' dir='ltr'><strong>manus</strong></span> <span class='ocrx_word' id='word_1_106' title='bbox 1861 1599 1998 1655; x_wconf 83' lang='lat' dir='ltr'><strong>fuis-</strong></span> 
     </span>
    </p>
   </div>
   <div class='ocr_carea' id='block_1_18' title="bbox 416 1690 1995 1763">
    <p class='ocr_par' dir='ltr' id='par_1_18' title="bbox 416 1690 1995 1763">
     <span class='ocr_line' id='line_1_18' title="bbox 416 1690 1995 1763; baseline 0 -17"><span class='ocrx_word' id='word_1_107' title='bbox 416 1699 542 1746; x_wconf 87' lang='lat' dir='ltr'><strong>sent</strong></span> <span class='ocrx_word' id='word_1_108' title='bbox 586 1690 876 1761; x_wconf 76' lang='lat' dir='ltr'><strong>impositae,</strong></span> <span class='ocrx_word' id='word_1_109' title='bbox 926 1691 1246 1747; x_wconf 86' lang='lat' dir='ltr'><strong>miraculum</strong></span> <span class='ocrx_word' id='word_1_110' title='bbox 1301 1693 1571 1763; x_wconf 85' lang='lat' dir='ltr'><strong>quoddam</strong></span> <span class='ocrx_word' id='word_1_111' title='bbox 1641 1691 1732 1748; x_wconf 91' lang='lat' dir='ltr'><strong>hic</strong></span> <span class='ocrx_word' id='word_1_112' title='bbox 1779 1707 1995 1763; x_wconf 91' lang='lat' dir='ltr'><strong>quoque</strong></span> 
     </span>
    </p>
   </div>
   <div class='ocr_carea' id='block_1_19' title="bbox 415 1782 1994 1855">
    <p class='ocr_par' dir='ltr' id='par_1_19' title="bbox 415 1782 1994 1855">
     <span class='ocr_line' id='line_1_19' title="bbox 415 1782 1994 1855; baseline 0.001 -15"><span class='ocrx_word' id='word_1_113' title='bbox 415 1782 730 1848; x_wconf 88' lang='lat' dir='ltr'><strong>facitDeus,</strong></span> <span class='ocrx_word' id='word_1_114' title='bbox 775 1792 831 1839; x_wconf 85' lang='lat' dir='ltr'><strong>et</strong></span> <span class='ocrx_word' id='word_1_115' title='bbox 861 1783 1104 1840; x_wconf 81' lang='lat' dir='ltr'><strong>ostendit</strong></span> <span class='ocrx_word' id='word_1_116' title='bbox 1156 1800 1280 1840; x_wconf 89' lang='lat' dir='ltr'><strong>eum</strong></span> <span class='ocrx_word' id='word_1_117' title='bbox 1326 1785 1416 1855; x_wconf 86' lang='lat' dir='ltr'><strong>qui</strong></span> <span class='ocrx_word' id='word_1_118' title='bbox 1484 1785 1819 1852; x_wconf 87' lang='lat' dir='ltr'><strong>initiabatur,</strong></span> <span class='ocrx_word' id='word_1_119' title='bbox 1874 1800 1994 1842; x_wconf 89' lang='lat' dir='ltr'><strong>esse</strong></span> 
     </span>
    </p>
   </div>
   <div class='ocr_carea' id='block_1_20' title="bbox 416 1876 1999 1951">
    <p class='ocr_par' dir='ltr' id='par_1_20' title="bbox 416 1876 1999 1951">
     <span class='ocr_line' id='line_1_20' title="bbox 416 1876 1999 1951; baseline 0.003 -19"><span class='ocrx_word' id='word_1_120' title='bbox 416 1876 664 1950; x_wconf 77' lang='lat' dir='ltr'><strong>dignum,</strong></span> <span class='ocrx_word' id='word_1_121' title='bbox 703 1886 760 1932; x_wconf 90' lang='lat' dir='ltr'><strong>et</strong></span> <span class='ocrx_word' id='word_1_122' title='bbox 788 1892 854 1932; x_wconf 80' lang='lat' dir='ltr'><strong>ex</strong></span> <span class='ocrx_word' id='word_1_123' title='bbox 884 1893 982 1934; x_wconf 89' lang='lat' dir='ltr'><strong>sua</strong></span> <span class='ocrx_word' id='word_1_124' title='bbox 1011 1878 1284 1934; x_wconf 84' lang='lat' dir='ltr'><strong>sententia</strong></span> <span class='ocrx_word' id='word_1_125' title='bbox 1336 1879 1488 1934; x_wconf 86' lang='lat' dir='ltr'><strong>illum</strong></span> <span class='ocrx_word' id='word_1_126' title='bbox 1514 1879 1792 1951; x_wconf 77' lang='lat' dir='ltr'><strong>dignatum</strong></span> <span class='ocrx_word' id='word_1_127' title='bbox 1830 1879 1999 1936; x_wconf 89' lang='lat' dir='ltr'><strong>fuisse</strong></span> 
     </span>
    </p>
   </div>
   <div class='ocr_carea' id='block_1_21' title="bbox 415 1969 2000 2043">
    <p class='ocr_par' dir='ltr' id='par_1_21' title="bbox 415 1969 2000 2043">
     <span class='ocr_line' id='line_1_21' title="bbox 415 1969 2000 2043; baseline 0.003 -18"><span class='ocrx_word' id='word_1_128' title='bbox 415 1969 742 2026; x_wconf 87' lang='lat' dir='ltr'><strong>sacerdotio.</strong></span> <span class='ocrx_word' id='word_1_129' title='bbox 775 1969 1041 2026; x_wconf 88' lang='lat' dir='ltr'><strong>Columba</strong></span> <span class='ocrx_word' id='word_1_130' title='bbox 1066 1971 1214 2028; x_wconf 89' lang='lat' dir='ltr'><strong>enim</strong></span> <span class='ocrx_word' id='word_1_131' title='bbox 1260 1981 1316 2027; x_wconf 89' lang='lat' dir='ltr'><strong>et</strong></span> <span class='ocrx_word' id='word_1_132' title='bbox 1343 1971 1526 2028; x_wconf 91' lang='lat' dir='ltr'><strong>colore</strong></span> <span class='ocrx_word' id='word_1_133' title='bbox 1555 1971 1698 2035; x_wconf 87' lang='lat' dir='ltr'><strong>alba,</strong></span> <span class='ocrx_word' id='word_1_134' title='bbox 1729 1981 1786 2027; x_wconf 90' lang='lat' dir='ltr'><strong>et</strong></span> <span class='ocrx_word' id='word_1_135' title='bbox 1819 1973 2000 2043; x_wconf 78' lang='lat' dir='ltr'><strong>Specie</strong></span> 
     </span>
    </p>
   </div>
   <div class='ocr_carea' id='block_1_22' title="bbox 415 2064 2002 2136">
    <p class='ocr_par' dir='ltr' id='par_1_22' title="bbox 415 2064 2002 2136">
     <span class='ocr_line' id='line_1_22' title="bbox 415 2064 2002 2136; baseline 0.003 -18"><span class='ocrx_word' id='word_1_136' title='bbox 415 2064 573 2120; x_wconf 81' lang='lat' dir='ltr'><strong>valde</strong></span> <span class='ocrx_word' id='word_1_137' title='bbox 603 2065 852 2134; x_wconf 89' lang='lat' dir='ltr'><strong>pulchra,</strong></span> <span class='ocrx_word' id='word_1_138' title='bbox 885 2065 1146 2136; x_wconf 87' lang='lat' dir='ltr'><strong>templum</strong></span> <span class='ocrx_word' id='word_1_139' title='bbox 1177 2064 1432 2136; x_wconf 88' lang='lat' dir='ltr'><strong>superius</strong></span> <span class='ocrx_word' id='word_1_140' title='bbox 1481 2065 1796 2132; x_wconf 82' lang='lat' dir='ltr'><strong>convolans,</strong></span> <span class='ocrx_word' id='word_1_141' title='bbox 1855 2065 2002 2123; x_wconf 89' lang='lat' dir='ltr'><strong>illico</strong></span> 
     </span>
    </p>
   </div>
   <div class='ocr_carea' id='block_1_23' title="bbox 416 2155 1998 2226">
    <p class='ocr_par' dir='ltr' id='par_1_23' title="bbox 416 2155 1998 2226">
     <span class='ocr_line' id='line_1_23' title="bbox 416 2155 1998 2226; baseline 0.001 -16"><span class='ocrx_word' id='word_1_142' title='bbox 416 2155 701 2211; x_wconf 83' lang='lat' dir='ltr'><strong>descendit</strong></span> <span class='ocrx_word' id='word_1_143' title='bbox 730 2165 786 2211; x_wconf 86' lang='lat' dir='ltr'><strong>et</strong></span> <span class='ocrx_word' id='word_1_144' title='bbox 807 2155 1008 2212; x_wconf 87' lang='lat' dir='ltr'><strong>insidet</strong></span> <span class='ocrx_word' id='word_1_145' title='bbox 1063 2157 1230 2226; x_wconf 86' lang='lat' dir='ltr'><strong>capiti</strong></span> <span class='ocrx_word' id='word_1_146' title='bbox 1293 2156 1432 2224; x_wconf 85' lang='lat' dir='ltr'><strong>ejus,</strong></span> <span class='ocrx_word' id='word_1_147' title='bbox 1491 2156 1586 2226; x_wconf 88' lang='lat' dir='ltr'><strong>qui</strong></span> <span class='ocrx_word' id='word_1_148' title='bbox 1627 2156 1998 2212; x_wconf 88' lang='lat' dir='ltr'><strong>ordinabatur.</strong></span> 
     </span>
    </p>
   </div>
   <div class='ocr_carea' id='block_1_24' title="bbox 419 2244 2003 2316">
    <p class='ocr_par' dir='ltr' id='par_1_24' title="bbox 419 2244 2003 2316">
     <span class='ocr_line' id='line_1_24' title="bbox 419 2244 2003 2316; baseline -0.001 -16"><span class='ocrx_word' id='word_1_149' title='bbox 419 2244 900 2316; x_wconf 84' lang='lat' dir='ltr'><strong>Supervacaneum</strong></span> <span class='ocrx_word' id='word_1_150' title='bbox 957 2253 1107 2301; x_wconf 86' lang='lat' dir='ltr'><strong>esset</strong></span> <span class='ocrx_word' id='word_1_151' title='bbox 1153 2245 1379 2301; x_wconf 87' lang='lat' dir='ltr'><strong>omnino</strong></span> <span class='ocrx_word' id='word_1_152' title='bbox 1427 2245 1703 2301; x_wconf 86' lang='lat' dir='ltr'><strong>immorari</strong></span> <span class='ocrx_word' id='word_1_153' title='bbox 1747 2246 1801 2301; x_wconf 93' lang='lat' dir='ltr'><strong>in</strong></span> <span class='ocrx_word' id='word_1_154' title='bbox 1833 2247 2003 2302; x_wconf 90' lang='lat' dir='ltr'><strong>inter-</strong></span> 
     </span>
    </p>
   </div>
   <div class='ocr_carea' id='block_1_25' title="bbox 415 2335 2000 2406">
    <p class='ocr_par' dir='ltr' id='par_1_25' title="bbox 415 2335 2000 2406">
     <span class='ocr_line' id='line_1_25' title="bbox 415 2335 2000 2406; baseline 0 -16"><span class='ocrx_word' id='word_1_155' title='bbox 415 2335 699 2406; x_wconf 84' lang='lat' dir='ltr'><strong>pretandis</strong></span> <span class='ocrx_word' id='word_1_156' title='bbox 746 2335 813 2391; x_wconf 92' lang='lat' dir='ltr'><strong>iis</strong></span> <span class='ocrx_word' id='word_1_157' title='bbox 869 2351 991 2406; x_wconf 66' lang='lat' dir='ltr'><strong>qua:</strong></span> <span class='ocrx_word' id='word_1_158' title='bbox 1037 2345 1168 2392; x_wconf 88' lang='lat' dir='ltr'><strong>sunt</strong></span> <span class='ocrx_word' id='word_1_159' title='bbox 1195 2335 1504 2393; x_wconf 88' lang='lat' dir='ltr'><strong>manifesta.</strong></span> <span class='ocrx_word' id='word_1_160' title='bbox 1548 2337 1650 2394; x_wconf 90' lang='lat' dir='ltr'><strong>Cui</strong></span> <span class='ocrx_word' id='word_1_161' title='bbox 1720 2337 1865 2391; x_wconf 91' lang='lat' dir='ltr'><strong>enim</strong></span> <span class='ocrx_word' id='word_1_162' title='bbox 1892 2351 2000 2392; x_wconf 92' lang='lat' dir='ltr'><strong>non</strong></span> 
     </span>
    </p>
   </div>
   <div class='ocr_carea' id='block_1_26' title="bbox 412 2427 2004 2502">
    <p class='ocr_par' dir='ltr' id='par_1_26' title="bbox 412 2427 2004 2502">
     <span class='ocr_line' id='line_1_26' title="bbox 412 2427 2004 2502; baseline 0 -16"><span class='ocrx_word' id='word_1_163' title='bbox 412 2438 504 2486; x_wconf 76' lang='lat' dir='ltr'><strong>est</strong></span> <span class='ocrx_word' id='word_1_164' title='bbox 525 2427 896 2496; x_wconf 85' lang='lat' dir='ltr'><strong>manifestum,</strong></span> <span class='ocrx_word' id='word_1_165' title='bbox 955 2427 1060 2484; x_wconf 85' lang='lat' dir='ltr'><strong>hoc</strong></span> <span class='ocrx_word' id='word_1_166' title='bbox 1103 2443 1226 2484; x_wconf 91' lang='lat' dir='ltr'><strong>esse</strong></span> <span class='ocrx_word' id='word_1_167' title='bbox 1256 2430 1468 2501; x_wconf 77' lang='lat' dir='ltr'><strong>signum</strong></span> <span class='ocrx_word' id='word_1_168' title='bbox 1511 2429 1684 2488; x_wconf 82' lang='lat' dir='ltr'><strong>sancti</strong></span> <span class='ocrx_word' id='word_1_169' title='bbox 1717 2429 2004 2502; x_wconf 80' lang='lat' dir='ltr'><strong>Spiritus?</strong></span> 
     </span>
    </p>
   </div>
   <div class='ocr_carea' id='block_1_27' title="bbox 488 2517 2005 2590">
    <p class='ocr_par' dir='ltr' id='par_1_27' title="bbox 488 2517 2005 2590">
     <span class='ocr_line' id='line_1_27' title="bbox 488 2517 2005 2590; baseline 0.001 -17"><span class='ocrx_word' id='word_1_170' title='bbox 488 2518 608 2574; x_wconf 77' lang='lat' dir='ltr'><strong>Xll.</strong></span> <span class='ocrx_word' id='word_1_171' title='bbox 630 2517 768 2574; x_wconf 89' lang='lat' dir='ltr'><strong>Cum</strong></span> <span class='ocrx_word' id='word_1_172' title='bbox 800 2519 982 2589; x_wconf 80' lang='lat' dir='ltr'><strong>itaque</strong></span> <span class='ocrx_word' id='word_1_173' title='bbox 1007 2519 1236 2589; x_wconf 86' lang='lat' dir='ltr'><strong>copiose</strong></span> <span class='ocrx_word' id='word_1_174' title='bbox 1265 2521 1333 2576; x_wconf 90' lang='lat' dir='ltr'><strong>ad</strong></span> <span class='ocrx_word' id='word_1_175' title='bbox 1359 2535 1486 2576; x_wconf 89' lang='lat' dir='ltr'><strong>eum</strong></span> <span class='ocrx_word' id='word_1_176' title='bbox 1514 2520 1816 2577; x_wconf 82' lang='lat' dir='ltr'><strong>aflluxisset</strong></span> <span class='ocrx_word' id='word_1_177' title='bbox 1844 2521 2005 2590; x_wconf 82' lang='lat' dir='ltr'><strong>spiri-</strong></span> 
     </span>
    </p>
   </div>
   <div class='ocr_carea' id='block_1_28' title="bbox 420 2608 2003 2682">
    <p class='ocr_par' dir='ltr' id='par_1_28' title="bbox 420 2608 2003 2682">
     <span class='ocr_line' id='line_1_28' title="bbox 420 2608 2003 2682; baseline 0.005 -21"><span class='ocrx_word' id='word_1_178' title='bbox 420 2615 510 2662; x_wconf 88' lang='lat' dir='ltr'><strong>tus</strong></span> <span class='ocrx_word' id='word_1_179' title='bbox 537 2608 842 2679; x_wconf 77' lang='lat' dir='ltr'><strong>sapientiae,</strong></span> <span class='ocrx_word' id='word_1_180' title='bbox 874 2609 1074 2666; x_wconf 89' lang='lat' dir='ltr'><strong>licebat</strong></span> <span class='ocrx_word' id='word_1_181' title='bbox 1094 2609 1315 2680; x_wconf 89' lang='lat' dir='ltr'><strong>quidem</strong></span> <span class='ocrx_word' id='word_1_182' title='bbox 1346 2611 1533 2668; x_wconf 86' lang='lat' dir='ltr'><strong>videre</strong></span> <span class='ocrx_word' id='word_1_183' title='bbox 1598 2611 2003 2682; x_wconf 78' lang='lat' dir='ltr'><strong>frequentiores</strong></span> 
     </span>
    </p>
   </div>
   <div class='ocr_carea' id='block_1_29' title="bbox 419 2699 2002 2772">
    <p class='ocr_par' dir='ltr' id='par_1_29' title="bbox 419 2699 2002 2772">
     <span class='ocr_line' id='line_1_29' title="bbox 419 2699 2002 2772; baseline 0.005 -18"><span class='ocrx_word' id='word_1_184' title='bbox 419 2699 894 2771; x_wconf 76' lang='lat' dir='ltr'><strong>congregationes,</strong></span> <span class='ocrx_word' id='word_1_185' title='bbox 945 2709 1003 2757; x_wconf 91' lang='lat' dir='ltr'><strong>et</strong></span> <span class='ocrx_word' id='word_1_186' title='bbox 1065 2702 1326 2772; x_wconf 86' lang='lat' dir='ltr'><strong>populum</strong></span> <span class='ocrx_word' id='word_1_187' title='bbox 1374 2703 1442 2760; x_wconf 91' lang='lat' dir='ltr'><strong>ad</strong></span> <span class='ocrx_word' id='word_1_188' title='bbox 1493 2719 1617 2760; x_wconf 90' lang='lat' dir='ltr'><strong>eum</strong></span> <span class='ocrx_word' id='word_1_189' title='bbox 1671 2707 2002 2763; x_wconf 87' lang='lat' dir='ltr'><strong>audiendum</strong></span> 
     </span>
    </p>
   </div>
   <div class='ocr_carea' id='block_1_30' title="bbox 419 2787 2002 2868">
    <p class='ocr_par' dir='ltr' id='par_1_30' title="bbox 419 2787 2002 2868">
     <span class='ocr_line' id='line_1_30' title="bbox 419 2787 2002 2868; baseline 0.007 -25"><span class='ocrx_word' id='word_1_190' title='bbox 419 2787 844 2844; x_wconf 88' lang='lat' dir='ltr'><strong>convenientem</strong></span> <span class='ocrx_word' id='word_1_191' title='bbox 881 2808 895 2846; x_wconf 93' lang='lat'><strong>:</strong></span> <span class='ocrx_word' id='word_1_192' title='bbox 941 2790 1062 2861; x_wconf 88' lang='lat' dir='ltr'><strong>ejus</strong></span> <span class='ocrx_word' id='word_1_193' title='bbox 1097 2801 1278 2847; x_wconf 90' lang='lat' dir='ltr'><strong>autem</strong></span> <span class='ocrx_word' id='word_1_194' title='bbox 1333 2793 1594 2864; x_wconf 77' lang='lat' dir='ltr'><strong>linguam,</strong></span> <span class='ocrx_word' id='word_1_195' title='bbox 1651 2811 1772 2868; x_wconf 64' lang='lat' dir='ltr'><strong>quae</strong></span> <span class='ocrx_word' id='word_1_196' title='bbox 1813 2812 2002 2854; x_wconf 85' lang='lat' dir='ltr'><strong>move-</strong></span> 
     </span>
    </p>
   </div>
   <div class='ocr_carea' id='block_1_31' title="bbox 418 2879 2005 2958">
    <p class='ocr_par' dir='ltr' id='par_1_31' title="bbox 418 2879 2005 2958">
     <span class='ocr_line' id='line_1_31' title="bbox 418 2879 2005 2958; baseline 0.006 -22"><span class='ocrx_word' id='word_1_197' title='bbox 418 2879 580 2936; x_wconf 83' lang='lat' dir='ltr'><strong>batur</strong></span> <span class='ocrx_word' id='word_1_198' title='bbox 603 2881 846 2945; x_wconf 90' lang='lat' dir='ltr'><strong>assidue,</strong></span> <span class='ocrx_word' id='word_1_199' title='bbox 877 2891 934 2939; x_wconf 93' lang='lat' dir='ltr'><strong>et</strong></span> <span class='ocrx_word' id='word_1_200' title='bbox 963 2885 1228 2940; x_wconf 90' lang='lat' dir='ltr'><strong>orationis</strong></span> <span class='ocrx_word' id='word_1_201' title='bbox 1269 2884 1476 2942; x_wconf 84' lang='lat' dir='ltr'><strong>ﬂuento</strong></span> <span class='ocrx_word' id='word_1_202' title='bbox 1527 2889 1848 2947; x_wconf 89' lang='lat' dir='ltr'><strong>inundabat.</strong></span> <span class='ocrx_word' id='word_1_203' title='bbox 1886 2891 2005 2958; x_wconf 80' lang='lat' dir='ltr'><strong>Quo</strong></span> 
     </span>
    </p>
   </div>
   <div class='ocr_carea' id='block_1_32' title="bbox 418 2977 2006 3054">
    <p class='ocr_par' dir='ltr' id='par_1_32' title="bbox 418 2977 2006 3054">
     <span class='ocr_line' id='line_1_32' title="bbox 418 2977 2006 3054; baseline 0.007 -28"><span class='ocrx_word' id='word_1_204' title='bbox 418 2979 666 3044; x_wconf 87' lang='lat' dir='ltr'><strong>tempore</strong></span> <span class='ocrx_word' id='word_1_205' title='bbox 697 2989 820 3028; x_wconf 90' lang='lat' dir='ltr'><strong>cum</strong></span> <span class='ocrx_word' id='word_1_206' title='bbox 854 2990 1165 3032; x_wconf 89' lang='lat' dir='ltr'><strong>sermonem</strong></span> <span class='ocrx_word' id='word_1_207' title='bbox 1192 2977 1476 3036; x_wconf 82' lang='lat' dir='ltr'><strong>extolleret</strong></span> <span class='ocrx_word' id='word_1_208' title='bbox 1511 2981 1696 3048; x_wconf 88' lang='lat' dir='ltr'><strong>altius,</strong></span> <span class='ocrx_word' id='word_1_209' title='bbox 1747 2999 1908 3054; x_wconf 90' lang='lat' dir='ltr'><strong>quam</strong></span> <span class='ocrx_word' id='word_1_210' title='bbox 1945 2991 2006 3038; x_wconf 90' lang='lat' dir='ltr'><strong>ut</strong></span> 
     </span>
    </p>
   </div>
   <div class='ocr_carea' id='block_1_33' title="bbox 419 3062 2004 3144">
    <p class='ocr_par' dir='ltr' id='par_1_33' title="bbox 419 3062 2004 3144">
     <span class='ocr_line' id='line_1_33' title="bbox 419 3062 2004 3144; baseline 0.009 -28"><span class='ocrx_word' id='word_1_211' title='bbox 419 3062 476 3118; x_wconf 82' lang='lat' dir='ltr'><strong>id</strong></span> <span class='ocrx_word' id='word_1_212' title='bbox 516 3062 663 3134; x_wconf 79' lang='lat' dir='ltr'><strong>vulgi</strong></span> <span class='ocrx_word' id='word_1_213' title='bbox 698 3063 974 3135; x_wconf 80' lang='lat' dir='ltr'><strong>ingenium</strong></span> <span class='ocrx_word' id='word_1_214' title='bbox 1013 3078 1252 3138; x_wconf 88' lang='lat' dir='ltr'><strong>caperet,</strong></span> <span class='ocrx_word' id='word_1_215' title='bbox 1313 3071 1508 3126; x_wconf 88' lang='lat' dir='ltr'><strong>mulier</strong></span> <span class='ocrx_word' id='word_1_216' title='bbox 1561 3073 1832 3144; x_wconf 66' lang='lat' dir='ltr'><strong>quaedam,</strong></span> <span class='ocrx_word' id='word_1_217' title='bbox 1883 3089 2004 3144; x_wconf 82' lang='lat' dir='ltr'><strong>quae</strong></span> 
     </span>
    </p>
   </div>
   <div class='ocr_carea' id='block_1_34' title="bbox 417 3157 2078 3240">
    <p class='ocr_par' dir='ltr' id='par_1_34' title="bbox 417 3157 2078 3240">
     <span class='ocr_line' id='line_1_34' title="bbox 417 3157 2078 3240; baseline 0.008 -33"><span class='ocrx_word' id='word_1_218' title='bbox 417 3163 676 3226; x_wconf 89' lang='lat' dir='ltr'><strong>prompto</strong></span> <span class='ocrx_word' id='word_1_219' title='bbox 699 3157 919 3228; x_wconf 86' lang='lat' dir='ltr'><strong>quidem</strong></span> <span class='ocrx_word' id='word_1_220' title='bbox 943 3169 997 3215; x_wconf 92' lang='lat' dir='ltr'><strong>et</strong></span> <span class='ocrx_word' id='word_1_221' title='bbox 1023 3161 1190 3218; x_wconf 88' lang='lat' dir='ltr'><strong>alacri</strong></span> <span class='ocrx_word' id='word_1_222' title='bbox 1213 3165 1400 3219; x_wconf 89' lang='lat' dir='ltr'><strong>animo</strong></span> <span class='ocrx_word' id='word_1_223' title='bbox 1421 3176 1794 3234; x_wconf 85' lang='lat' dir='ltr'><strong>concurrerat,</strong></span> <span class='ocrx_word' id='word_1_224' title='bbox 1814 3184 2002 3222; x_wconf 85' lang='lat' dir='ltr'><strong>eorum</strong></span> <span class='ocrx_word' id='word_1_225' title='bbox 2035 3182 2078 3240; x_wconf 70' lang='grc' dir='ltr'><em>α</em></span> 
     </span>
    </p>
   </div>
   <div class='ocr_carea' id='block_1_35' title="bbox 419 3246 2004 3330">
    <p class='ocr_par' dir='ltr' id='par_1_35' title="bbox 419 3246 2004 3330">
     <span class='ocr_line' id='line_1_35' title="bbox 419 3246 2004 3330; baseline 0.007 -28"><span class='ocrx_word' id='word_1_226' title='bbox 419 3255 630 3313; x_wconf 83' lang='lat' dir='ltr'><strong>autem,</strong></span> <span class='ocrx_word' id='word_1_227' title='bbox 690 3265 814 3320; x_wconf 64' lang='lat' dir='ltr'><strong>quae</strong></span> <span class='ocrx_word' id='word_1_228' title='bbox 863 3251 1188 3309; x_wconf 89' lang='lat' dir='ltr'><strong>dicebantur</strong></span> <span class='ocrx_word' id='word_1_229' title='bbox 1241 3246 1590 3313; x_wconf 82' lang='lat' dir='ltr'><strong>altitudinem</strong></span> <span class='ocrx_word' id='word_1_230' title='bbox 1643 3259 1859 3330; x_wconf 89' lang='lat' dir='ltr'><strong>assequi</strong></span> <span class='ocrx_word' id='word_1_231' title='bbox 1893 3275 2004 3314; x_wconf 89' lang='lat' dir='ltr'><strong>non</strong></span> 
     </span>
    </p>
   </div>
   <div class='ocr_carea' id='block_1_36' title="bbox 419 3342 2005 3428">
    <p class='ocr_par' dir='ltr' id='par_1_36' title="bbox 419 3342 2005 3428">
     <span class='ocr_line' id='line_1_36' title="bbox 419 3342 2005 3428; baseline 0.007 -35"><span class='ocrx_word' id='word_1_232' title='bbox 419 3345 658 3407; x_wconf 85' lang='lat' dir='ltr'><strong>poterat,</strong></span> <span class='ocrx_word' id='word_1_233' title='bbox 687 3347 758 3397; x_wconf 85' lang='lat' dir='ltr'><strong>n‘e</strong></span> <span class='ocrx_word' id='word_1_234' title='bbox 795 3342 1068 3399; x_wconf 81' lang='lat' dir='ltr'><strong>dubitavit</strong></span> <span class='ocrx_word' id='word_1_235' title='bbox 1099 3345 1319 3428; x_wconf 83' lang='lat' dir='ltr'><strong>quidem</strong></span> <span class='ocrx_word' id='word_1_236' title='bbox 1337 3349 1457 3417; x_wconf 86' lang='lat' dir='ltr'><strong>ejus</strong></span> <span class='ocrx_word' id='word_1_237' title='bbox 1486 3349 1788 3404; x_wconf 89' lang='lat' dir='ltr'><strong>orationem</strong></span> <span class='ocrx_word' id='word_1_238' title='bbox 1817 3359 2005 3420; x_wconf 79' lang='lat' dir='ltr'><strong>aperte</strong></span> 
     </span>
    </p>
   </div>
   <div class='ocr_carea' id='block_1_37' title="bbox 419 3433 2004 3516">
    <p class='ocr_par' dir='ltr' id='par_1_37' title="bbox 419 3433 2004 3516">
     <span class='ocr_line' id='line_1_37' title="bbox 419 3433 2004 3516; baseline 0.009 -29"><span class='ocrx_word' id='word_1_239' title='bbox 419 3433 848 3503; x_wconf 84' lang='lat' dir='ltr'><strong>reprehendere,</strong></span> <span class='ocrx_word' id='word_1_240' title='bbox 894 3446 951 3492; x_wconf 90' lang='lat' dir='ltr'><strong>et</strong></span> <span class='ocrx_word' id='word_1_241' title='bbox 997 3454 1116 3494; x_wconf 82' lang='lat' dir='ltr'><strong>eam</strong></span> <span class='ocrx_word' id='word_1_242' title='bbox 1148 3456 1344 3498; x_wconf 86' lang='lat' dir='ltr'><strong>vocare</strong></span> <span class='ocrx_word' id='word_1_243' title='bbox 1397 3443 1795 3516; x_wconf 74' lang='lat' dir='ltr'><strong>infrugiferam,</strong></span> <span class='ocrx_word' id='word_1_244' title='bbox 1874 3461 2004 3516; x_wconf 88' lang='lat' dir='ltr'><strong>pro-</strong></span> 
     </span>
    </p>
   </div>
   <div class='ocr_carea' id='block_1_38' title="bbox 417 3529 2001 3605">
    <p class='ocr_par' dir='ltr' id='par_1_38' title="bbox 417 3529 2001 3605">
     <span class='ocr_line' id='line_1_38' title="bbox 417 3529 2001 3605; baseline 0.007 -26"><span class='ocrx_word' id='word_1_245' title='bbox 417 3532 610 3594; x_wconf 84' lang='lat' dir='ltr'><strong>pterea</strong></span> <span class='ocrx_word' id='word_1_246' title='bbox 645 3529 790 3597; x_wconf 92' lang='lat' dir='ltr'><strong>quod</strong></span> <span class='ocrx_word' id='word_1_247' title='bbox 809 3545 918 3586; x_wconf 90' lang='lat' dir='ltr'><strong>non</strong></span> <span class='ocrx_word' id='word_1_248' title='bbox 949 3532 1146 3604; x_wconf 83' lang='lat' dir='ltr'><strong>adepta</strong></span> <span class='ocrx_word' id='word_1_249' title='bbox 1179 3543 1326 3590; x_wconf 84' lang='lat' dir='ltr'><strong>esset</strong></span> <span class='ocrx_word' id='word_1_250' title='bbox 1354 3534 1430 3600; x_wconf 90' lang='lat' dir='ltr'><strong>id,</strong></span> <span class='ocrx_word' id='word_1_251' title='bbox 1472 3535 1616 3605; x_wconf 89' lang='lat' dir='ltr'><strong>quod</strong></span> <span class='ocrx_word' id='word_1_252' title='bbox 1639 3535 2001 3590; x_wconf 86' lang='lat' dir='ltr'><strong>desiderabat.</strong></span> 
     </span>
    </p>
   </div>
   <div class='ocr_carea' id='block_1_39' title="bbox 420 3615 2006 3696">
    <p class='ocr_par' dir='ltr' id='par_1_39' title="bbox 420 3615 2006 3696">
     <span class='ocr_line' id='line_1_39' title="bbox 420 3615 2006 3696; baseline 0.01 -28"><span class='ocrx_word' id='word_1_253' title='bbox 420 3615 538 3672; x_wconf 92' lang='lat' dir='ltr'><strong>lloc</strong></span> <span class='ocrx_word' id='word_1_254' title='bbox 577 3634 699 3673; x_wconf 79' lang='lat' dir='ltr'><strong>eum</strong></span> <span class='ocrx_word' id='word_1_255' title='bbox 729 3621 794 3676; x_wconf 89' lang='lat' dir='ltr'><strong>ad</strong></span> <span class='ocrx_word' id='word_1_256' title='bbox 819 3637 980 3678; x_wconf 91' lang='lat' dir='ltr'><strong>aures</strong></span> <span class='ocrx_word' id='word_1_257' title='bbox 1016 3625 1160 3681; x_wconf 89' lang='lat' dir='ltr'><strong>illius</strong></span> <span class='ocrx_word' id='word_1_258' title='bbox 1183 3627 1544 3696; x_wconf 84' lang='lat' dir='ltr'><strong>pervenisset,</strong></span> <span class='ocrx_word' id='word_1_259' title='bbox 1594 3628 1758 3684; x_wconf 70' lang='lat' dir='ltr'><strong>allicit</strong></span> <span class='ocrx_word' id='word_1_260' title='bbox 1807 3637 1866 3684; x_wconf 92' lang='lat' dir='ltr'><strong>ut</strong></span> <span class='ocrx_word' id='word_1_261' title='bbox 1919 3629 2006 3684; x_wconf 87' lang='lat' dir='ltr'><strong>in-</strong></span> 
     </span>
    </p>
   </div>
   <div class='ocr_carea' id='block_1_40' title="bbox 419 3705 2005 3790">
    <p class='ocr_par' dir='ltr' id='par_1_40' title="bbox 419 3705 2005 3790">
     <span class='ocr_line' id='line_1_40' title="bbox 419 3705 2005 3790; baseline 0.01 -28"><span class='ocrx_word' id='word_1_262' title='bbox 419 3707 650 3765; x_wconf 82' lang='lat' dir='ltr'><strong>tellectu</strong></span> <span class='ocrx_word' id='word_1_263' title='bbox 685 3710 988 3770; x_wconf 80' lang='lat' dir='ltr'><strong>faciliorem</strong></span> <span class='ocrx_word' id='word_1_264' title='bbox 1015 3705 1082 3772; x_wconf 82' lang='lat' dir='ltr'><strong>et</strong></span> <span class='ocrx_word' id='word_1_265' title='bbox 1108 3719 1437 3789; x_wconf 88' lang='lat' dir='ltr'><strong>apertiorem</strong></span> <span class='ocrx_word' id='word_1_266' title='bbox 1479 3730 1834 3790; x_wconf 88' lang='lat' dir='ltr'><strong>componeret</strong></span> <span class='ocrx_word' id='word_1_267' title='bbox 1878 3737 2005 3778; x_wconf 84' lang='lat' dir='ltr'><strong>ora-</strong></span> 
     </span>
    </p>
   </div>
   <div class='ocr_carea' id='block_1_41' title="bbox 420 3799 2007 3884">
    <p class='ocr_par' dir='ltr' id='par_1_41' title="bbox 420 3799 2007 3884">
     <span class='ocr_line' id='line_1_41' title="bbox 420 3799 2007 3884; baseline 0.009 -30"><span class='ocrx_word' id='word_1_268' title='bbox 420 3799 650 3857; x_wconf 87' lang='lat' dir='ltr'><strong>tionem.</strong></span> <span class='ocrx_word' id='word_1_269' title='bbox 684 3803 842 3868; x_wconf 87' lang='lat' dir='ltr'><strong>Tunc</strong></span> <span class='ocrx_word' id='word_1_270' title='bbox 867 3817 1048 3864; x_wconf 81' lang='lat' dir='ltr'><strong>autem</strong></span> <span class='ocrx_word' id='word_1_271' title='bbox 1081 3811 1300 3881; x_wconf 89' lang='lat' dir='ltr'><strong>quidam</strong></span> <span class='ocrx_word' id='word_1_272' title='bbox 1325 3827 1393 3868; x_wconf 78' lang='lat' dir='ltr'><strong>ex</strong></span> <span class='ocrx_word' id='word_1_273' title='bbox 1432 3813 1520 3880; x_wconf 88' lang='lat' dir='ltr'><strong>iis,</strong></span> <span class='ocrx_word' id='word_1_274' title='bbox 1554 3814 1648 3884; x_wconf 92' lang='lat' dir='ltr'><strong>qui</strong></span> <span class='ocrx_word' id='word_1_275' title='bbox 1679 3815 2007 3870; x_wconf 90' lang='lat' dir='ltr'><strong>tenebantur</strong></span> 
     </span>
    </p>
   </div>
   <div class='ocr_carea' id='block_1_42' title="bbox 419 3895 2007 3968">
    <p class='ocr_par' dir='ltr' id='par_1_42' title="bbox 419 3895 2007 3968">
     <span class='ocr_line' id='line_1_42' title="bbox 419 3895 2007 3968; baseline 0.007 -20"><span class='ocrx_word' id='word_1_276' title='bbox 419 3908 606 3950; x_wconf 86' lang='lat' dir='ltr'><strong>amore</strong></span> <span class='ocrx_word' id='word_1_277' title='bbox 646 3895 989 3968; x_wconf 71' lang='lat' dir='ltr'><strong>eloquentiae,</strong></span> <span class='ocrx_word' id='word_1_278' title='bbox 1019 3903 1176 3958; x_wconf 86' lang='lat' dir='ltr'><strong>valde</strong></span> <span class='ocrx_word' id='word_1_279' title='bbox 1199 3904 1456 3960; x_wconf 86' lang='lat' dir='ltr'><strong>delectati</strong></span> <span class='ocrx_word' id='word_1_280' title='bbox 1509 3905 1672 3960; x_wconf 91' lang='lat' dir='ltr'><strong>melle</strong></span> <span class='ocrx_word' id='word_1_281' title='bbox 1716 3906 1864 3960; x_wconf 89' lang='lat' dir='ltr'><strong>illius</strong></span> <span class='ocrx_word' id='word_1_282' title='bbox 1905 3905 2007 3960; x_wconf 84' lang='lat' dir='ltr'><strong>lin-</strong></span> 
     </span>
    </p>
   </div>
   <div class='ocr_carea' id='block_1_43' title="bbox 419 3985 2009 4055">
    <p class='ocr_par' dir='ltr' id='par_1_43' title="bbox 419 3985 2009 4055">
     <span class='ocr_line' id='line_1_43' title="bbox 419 3985 2009 4055; baseline 0.008 -17"><span class='ocrx_word' id='word_1_283' title='bbox 419 3997 559 4055; x_wconf 63' lang='lat' dir='ltr'><strong>311m,</strong></span> <span class='ocrx_word' id='word_1_284' title='bbox 577 3985 988 4046; x_wconf 86' lang='lat' dir='ltr'><strong>considerantes</strong></span> <span class='ocrx_word' id='word_1_285' title='bbox 1013 3990 1157 4047; x_wconf 92' lang='lat' dir='ltr'><strong>illius</strong></span> <span class='ocrx_word' id='word_1_286' title='bbox 1191 3995 1470 4049; x_wconf 89' lang='lat' dir='ltr'><strong>orationes</strong></span> <span class='ocrx_word' id='word_1_287' title='bbox 1494 4007 1618 4050; x_wconf 88' lang='lat' dir='ltr'><strong>esse</strong></span> <span class='ocrx_word' id='word_1_288' title='bbox 1665 4002 1722 4049; x_wconf 92' lang='lat' dir='ltr'><strong>et</strong></span> <span class='ocrx_word' id='word_1_289' title='bbox 1761 3994 1923 4049; x_wconf 80' lang='lat' dir='ltr'><strong>utiles</strong></span> <span class='ocrx_word' id='word_1_290' title='bbox 1949 4003 2009 4050; x_wconf 90' lang='lat' dir='ltr'><strong>et</strong></span> 
     </span>
    </p>
   </div>
   <div class='ocr_carea' id='block_1_44' title="bbox 420 4079 2009 4156">
    <p class='ocr_par' dir='ltr' id='par_1_44' title="bbox 420 4079 2009 4156">
     <span class='ocr_line' id='line_1_44' title="bbox 420 4079 2009 4156; baseline 0.007 -27"><span class='ocrx_word' id='word_1_291' title='bbox 420 4079 902 4150; x_wconf 76' lang='lat' dir='ltr'><strong>veras,sensisque</strong></span> <span class='ocrx_word' id='word_1_292' title='bbox 939 4081 1141 4138; x_wconf 85' lang='lat' dir='ltr'><strong>divinis</strong></span> <span class='ocrx_word' id='word_1_293' title='bbox 1165 4083 1375 4154; x_wconf 88' lang='lat' dir='ltr'><strong>plenas,</strong></span> <span class='ocrx_word' id='word_1_294' title='bbox 1401 4084 1684 4155; x_wconf 88' lang='lat' dir='ltr'><strong>clarasque</strong></span> <span class='ocrx_word' id='word_1_295' title='bbox 1737 4095 1792 4140; x_wconf 94' lang='lat' dir='ltr'><strong>et</strong></span> <span class='ocrx_word' id='word_1_296' title='bbox 1843 4101 2009 4156; x_wconf 90' lang='lat' dir='ltr'><strong>aper-</strong></span> 
     </span>
    </p>
   </div>
   <div class='ocr_carea' id='block_1_45' title="bbox 423 4172 2003 4244">
    <p class='ocr_par' dir='ltr' id='par_1_45' title="bbox 423 4172 2003 4244">
     <span class='ocr_line' id='line_1_45' title="bbox 423 4172 2003 4244; baseline 0.009 -26"><span class='ocrx_word' id='word_1_297' title='bbox 423 4173 524 4230; x_wconf 82' lang='lat' dir='ltr'><strong>tas,</strong></span> <span class='ocrx_word' id='word_1_298' title='bbox 546 4175 603 4222; x_wconf 90' lang='lat' dir='ltr'><strong>et</strong></span> <span class='ocrx_word' id='word_1_299' title='bbox 634 4183 760 4224; x_wconf 91' lang='lat' dir='ltr'><strong>cum</strong></span> <span class='ocrx_word' id='word_1_300' title='bbox 791 4179 996 4240; x_wconf 87' lang='lat' dir='ltr'><strong>quanta</strong></span> <span class='ocrx_word' id='word_1_301' title='bbox 1027 4172 1198 4244; x_wconf 78' lang='lat' dir='ltr'><strong>gratia</strong></span> <span class='ocrx_word' id='word_1_302' title='bbox 1217 4181 1274 4229; x_wconf 88' lang='lat' dir='ltr'><strong>et</strong></span> <span class='ocrx_word' id='word_1_303' title='bbox 1293 4183 1499 4244; x_wconf 91' lang='lat' dir='ltr'><strong>quanto</strong></span> <span class='ocrx_word' id='word_1_304' title='bbox 1518 4174 1731 4230; x_wconf 90' lang='lat' dir='ltr'><strong>dicendi</strong></span> <span class='ocrx_word' id='word_1_305' title='bbox 1762 4175 2003 4238; x_wconf 81' lang='lat' dir='ltr'><strong>ﬂumine.</strong></span> 
     </span>
    </p>
   </div>
   <div class='ocr_carea' id='block_1_46' title="bbox 419 4263 2008 4341">
    <p class='ocr_par' dir='ltr' id='par_1_46' title="bbox 419 4263 2008 4341">
     <span class='ocr_line' id='line_1_46' title="bbox 419 4263 2008 4341; baseline 0.008 -29"><span class='ocrx_word' id='word_1_306' title='bbox 419 4268 738 4331; x_wconf 86' lang='lat' dir='ltr'><strong>quantoque</strong></span> <span class='ocrx_word' id='word_1_307' title='bbox 763 4263 996 4319; x_wconf 82' lang='lat' dir='ltr'><strong>artiﬁcio</strong></span> <span class='ocrx_word' id='word_1_308' title='bbox 1046 4274 1104 4320; x_wconf 89' lang='lat' dir='ltr'><strong>et</strong></span> <span class='ocrx_word' id='word_1_309' title='bbox 1131 4281 1294 4336; x_wconf 88' lang='lat' dir='ltr'><strong>quam</strong></span> <span class='ocrx_word' id='word_1_310' title='bbox 1345 4267 1571 4338; x_wconf 78' lang='lat' dir='ltr'><strong>pulchra</strong></span> <span class='ocrx_word' id='word_1_311' title='bbox 1612 4269 2008 4341; x_wconf 90' lang='lat' dir='ltr'><strong>compositione</strong></span> 
     </span>
    </p>
   </div>
   <div class='ocr_carea' id='block_1_47' title="bbox 420 4349 2004 4428">
    <p class='ocr_par' dir='ltr' id='par_1_47' title="bbox 420 4349 2004 4428">
     <span class='ocr_line' id='line_1_47' title="bbox 420 4349 2004 4428; baseline 0.008 -24"><span class='ocrx_word' id='word_1_312' title='bbox 420 4349 828 4420; x_wconf 87' lang='lat' dir='ltr'><strong>proferrentur,</strong></span> <span class='ocrx_word' id='word_1_313' title='bbox 857 4355 946 4411; x_wconf 89' lang='lat' dir='ltr'><strong>alii</strong></span> <span class='ocrx_word' id='word_1_314' title='bbox 989 4357 1209 4428; x_wconf 90' lang='lat' dir='ltr'><strong>quidem</strong></span> <span class='ocrx_word' id='word_1_315' title='bbox 1241 4374 1368 4415; x_wconf 90' lang='lat' dir='ltr'><strong>eum</strong></span> <span class='ocrx_word' id='word_1_316' title='bbox 1434 4376 1498 4416; x_wconf 91' lang='lat' dir='ltr'><strong>os</strong></span> <span class='ocrx_word' id='word_1_317' title='bbox 1533 4361 1629 4418; x_wconf 89' lang='lat' dir='ltr'><strong>Dei</strong></span> <span class='ocrx_word' id='word_1_318' title='bbox 1658 4369 1714 4418; x_wconf 91' lang='lat' dir='ltr'><strong>et</strong></span> <span class='ocrx_word' id='word_1_319' title='bbox 1753 4361 1954 4418; x_wconf 88' lang='lat' dir='ltr'><strong>Christi</strong></span> <span class='ocrx_word' id='word_1_320' title='bbox 1990 4380 2004 4416; x_wconf 89' lang='lat'><strong>:</strong></span> 
     </span>
    </p>
   </div>
   <div class='ocr_carea' id='block_1_48' title="bbox 325 4441 2003 4523">
    <p class='ocr_par' dir='ltr' id='par_1_48' title="bbox 325 4441 2003 4523">
     <span class='ocr_line' id='line_1_48' title="bbox 325 4441 2003 4523; baseline 0.009 -31"><span class='ocrx_word' id='word_1_321' title='bbox 325 4460 330 4465; x_wconf 91' lang='grc'><strong>·</strong></span> <span class='ocrx_word' id='word_1_322' title='bbox 419 4441 512 4496; x_wconf 87' lang='lat' dir='ltr'><strong>alii</strong></span> <span class='ocrx_word' id='word_1_323' title='bbox 554 4449 762 4513; x_wconf 90' lang='lat' dir='ltr'><strong>autem,</strong></span> <span class='ocrx_word' id='word_1_324' title='bbox 789 4446 933 4516; x_wconf 90' lang='lat' dir='ltr'><strong>quod</strong></span> <span class='ocrx_word' id='word_1_325' title='bbox 962 4447 1132 4518; x_wconf 81' lang='lat' dir='ltr'><strong>magis</strong></span> <span class='ocrx_word' id='word_1_326' title='bbox 1173 4447 1424 4516; x_wconf 83' lang='lat' dir='ltr'><strong>invaluit,</strong></span> <span class='ocrx_word' id='word_1_327' title='bbox 1494 4466 1620 4506; x_wconf 88' lang='lat' dir='ltr'><strong>eum</strong></span> <span class='ocrx_word' id='word_1_328' title='bbox 1678 4450 2003 4523; x_wconf 80' lang='lat' dir='ltr'><strong>Chrysosto-</strong></span> 
     </span>
    </p>
   </div>
   <div class='ocr_carea' id='block_1_49' title="bbox 420 4524 2076 4602">
    <p class='ocr_par' dir='ltr' id='par_1_49' title="bbox 420 4524 2076 4602">
     <span class='ocr_line' id='line_1_49' title="bbox 420 4524 2076 4602; baseline 0.008 -14"><span class='ocrx_word' id='word_1_329' title='bbox 420 4550 570 4590; x_wconf 88' lang='lat' dir='ltr'><strong>mum</strong></span> <span class='ocrx_word' id='word_1_330' title='bbox 603 4538 891 4602; x_wconf 89' lang='lat' dir='ltr'><strong>vocabant,</strong></span> <span class='ocrx_word' id='word_1_331' title='bbox 930 4539 984 4594; x_wconf 92' lang='lat' dir='ltr'><strong>id</strong></span> <span class='ocrx_word' id='word_1_332' title='bbox 1035 4549 1118 4594; x_wconf 89' lang='lat' dir='ltr'><strong>est</strong></span> <span class='ocrx_word' id='word_1_333' title='bbox 1181 4557 1244 4596; x_wconf 90' lang='lat' dir='ltr'><strong>os</strong></span> <span class='ocrx_word' id='word_1_334' title='bbox 1269 4558 1517 4598; x_wconf 88' lang='lat' dir='ltr'><strong>aureum.</strong></span> <span class='ocrx_word' id='word_1_335' title='bbox 1554 4543 1685 4600; x_wconf 78' lang='lat' dir='ltr'><strong>Post</strong></span> <span class='ocrx_word' id='word_1_336' title='bbox 1725 4545 1852 4600; x_wconf 67' lang='lat' dir='ltr'><strong>‘hazc</strong></span> <span class='ocrx_word' id='word_1_337' title='bbox 1882 4544 2003 4600; x_wconf 81' lang='lat' dir='ltr'><strong>Fla—</strong></span> <span class='ocrx_word' id='word_1_338' title='bbox 2037 4524 2076 4578; x_wconf 74' lang='grc' dir='ltr'><strong>θ</strong></span> 
     </span>
    </p>
   </div>
   <div class='ocr_carea' id='block_1_50' title="bbox 419 4624 2001 4706">
    <p class='ocr_par' dir='ltr' id='par_1_50' title="bbox 419 4624 2001 4706">
     <span class='ocr_line' id='line_1_50' title="bbox 419 4624 2001 4706; baseline 0.009 -27"><span class='ocrx_word' id='word_1_339' title='bbox 419 4624 612 4681; x_wconf 89' lang='lat' dir='ltr'><strong>vianus</strong></span> <span class='ocrx_word' id='word_1_340' title='bbox 634 4627 878 4697; x_wconf 82' lang='lat' dir='ltr'><strong>quidem,</strong></span> <span class='ocrx_word' id='word_1_341' title='bbox 904 4630 1175 4687; x_wconf 88' lang='lat' dir='ltr'><strong>arbitrans</strong></span> <span class='ocrx_word' id='word_1_342' title='bbox 1195 4631 1334 4695; x_wconf 86' lang='lat' dir='ltr'><strong>fore.</strong></span> <span class='ocrx_word' id='word_1_343' title='bbox 1378 4643 1436 4688; x_wconf 93' lang='lat' dir='ltr'><strong>ut</strong></span> <span class='ocrx_word' id='word_1_344' title='bbox 1477 4650 1600 4689; x_wconf 91' lang='lat' dir='ltr'><strong>eum</strong></span> <span class='ocrx_word' id='word_1_345' title='bbox 1624 4644 1746 4706; x_wconf 90' lang='lat' dir='ltr'><strong>post</strong></span> <span class='ocrx_word' id='word_1_346' title='bbox 1795 4651 1854 4692; x_wconf 90' lang='lat' dir='ltr'><strong>se</strong></span> <span class='ocrx_word' id='word_1_347' title='bbox 1901 4638 2001 4692; x_wconf 89' lang='lat' dir='ltr'><strong>ha-</strong></span> 
     </span>
    </p>
   </div>
   <div class='ocr_carea' id='block_1_51' title="bbox 417 4715 2002 4788">
    <p class='ocr_par' dir='ltr' id='par_1_51' title="bbox 417 4715 2002 4788">
     <span class='ocr_line' id='line_1_51' title="bbox 417 4715 2002 4788; baseline 0.008 -18"><span class='ocrx_word' id='word_1_348' title='bbox 417 4715 574 4772; x_wconf 82' lang='lat' dir='ltr'><strong>beret</strong></span> <span class='ocrx_word' id='word_1_349' title='bbox 612 4717 912 4775; x_wconf 86' lang='lat' dir='ltr'><strong>antistitem</strong></span> <span class='ocrx_word' id='word_1_350' title='bbox 961 4721 1220 4778; x_wconf 60' lang='lat' dir='ltr'><strong>Ecclesia</strong></span> <span class='ocrx_word' id='word_1_351' title='bbox 1249 4721 1626 4788; x_wconf 67' lang='lat' dir='ltr'><strong>Antiochense,</strong></span> <span class='ocrx_word' id='word_1_352' title='bbox 1663 4740 1790 4781; x_wconf 91' lang='lat' dir='ltr'><strong>eum</strong></span> <span class='ocrx_word' id='word_1_353' title='bbox 1813 4727 1878 4782; x_wconf 92' lang='lat' dir='ltr'><strong>ad</strong></span> <span class='ocrx_word' id='word_1_354' title='bbox 1899 4727 2002 4782; x_wconf 92' lang='lat' dir='ltr'><strong>hoc</strong></span> 
     </span>
    </p>
   </div>
   <div class='ocr_carea' id='block_1_52' title="bbox 420 4805 1996 4874">
    <p class='ocr_par' dir='ltr' id='par_1_52' title="bbox 420 4805 1996 4874">
     <span class='ocr_line' id='line_1_52' title="bbox 420 4805 1996 4874; baseline 0.008 -15"><span class='ocrx_word' id='word_1_355' title='bbox 420 4805 732 4874; x_wconf 87' lang='lat' dir='ltr'><strong>inducebat,</strong></span> <span class='ocrx_word' id='word_1_356' title='bbox 770 4819 826 4864; x_wconf 92' lang='lat' dir='ltr'><strong>et</strong></span> <span class='ocrx_word' id='word_1_357' title='bbox 850 4825 1030 4865; x_wconf 88' lang='lat' dir='ltr'><strong>rerum</strong></span> <span class='ocrx_word' id='word_1_358' title='bbox 1071 4829 1257 4868; x_wconf 89' lang='lat' dir='ltr'><strong>curam</strong></span> <span class='ocrx_word' id='word_1_359' title='bbox 1282 4813 1332 4868; x_wconf 90' lang='lat' dir='ltr'><strong>ei</strong></span> <span class='ocrx_word' id='word_1_360' title='bbox 1356 4815 1574 4870; x_wconf 83' lang='lat' dir='ltr'><strong>volebat</strong></span> <span class='ocrx_word' id='word_1_361' title='bbox 1601 4815 1832 4872; x_wconf 89' lang='lat' dir='ltr'><strong>tradere.</strong></span> <span class='ocrx_word' id='word_1_362' title='bbox 1859 4816 1996 4871; x_wconf 89' lang='lat' dir='ltr'><strong>Cum</strong></span> 
     </span>
    </p>
   </div>
   <div class='ocr_carea' id='block_1_53' title="bbox 418 4898 1996 4976">
    <p class='ocr_par' dir='ltr' id='par_1_53' title="bbox 418 4898 1996 4976">
     <span class='ocr_line' id='line_1_53' title="bbox 418 4898 1996 4976; baseline 0.01 -27"><span class='ocrx_word' id='word_1_363' title='bbox 418 4904 601 4950; x_wconf 90' lang='lat' dir='ltr'><strong>autem</strong></span> <span class='ocrx_word' id='word_1_364' title='bbox 631 4898 787 4954; x_wconf 87' lang='lat' dir='ltr'><strong>turba</strong></span> <span class='ocrx_word' id='word_1_365' title='bbox 819 4900 1271 4970; x_wconf 85' lang='lat' dir='ltr'><strong>sollicitudinum,</strong></span> <span class='ocrx_word' id='word_1_366' title='bbox 1307 4913 1362 4960; x_wconf 91' lang='lat' dir='ltr'><strong>et</strong></span> <span class='ocrx_word' id='word_1_367' title='bbox 1419 4904 1474 4958; x_wconf 92' lang='lat' dir='ltr'><strong>in</strong></span> <span class='ocrx_word' id='word_1_368' title='bbox 1507 4905 1774 4976; x_wconf 81' lang='lat' dir='ltr'><strong>ejusmodi</strong></span> <span class='ocrx_word' id='word_1_369' title='bbox 1833 4909 1996 4965; x_wconf 89' lang='lat' dir='ltr'><strong>rebus</strong></span> 
     </span>
    </p>
   </div>
   <div class='ocr_carea' id='block_1_54' title="bbox 418 4987 1996 5070">
    <p class='ocr_par' dir='ltr' id='par_1_54' title="bbox 418 4987 1996 5070">
     <span class='ocr_line' id='line_1_54' title="bbox 418 4987 1996 5070; baseline 0.009 -29"><span class='ocrx_word' id='word_1_370' title='bbox 418 4987 653 5044; x_wconf 90' lang='lat' dir='ltr'><strong>distrahi</strong></span> <span class='ocrx_word' id='word_1_371' title='bbox 679 4990 943 5058; x_wconf 88' lang='lat' dir='ltr'><strong>animum,</strong></span> <span class='ocrx_word' id='word_1_372' title='bbox 985 4994 1036 5050; x_wconf 91' lang='lat' dir='ltr'><strong>ei</strong></span> <span class='ocrx_word' id='word_1_373' title='bbox 1065 4994 1289 5050; x_wconf 89' lang='lat' dir='ltr'><strong>minime</strong></span> <span class='ocrx_word' id='word_1_374' title='bbox 1347 5005 1499 5052; x_wconf 88' lang='lat' dir='ltr'><strong>esset</strong></span> <span class='ocrx_word' id='word_1_375' title='bbox 1525 5005 1757 5068; x_wconf 76' lang='lat' dir='ltr'><strong>gratum,</strong></span> <span class='ocrx_word' id='word_1_376' title='bbox 1785 4997 1838 5054; x_wconf 88' lang='lat' dir='ltr'><strong>id</strong></span> <span class='ocrx_word' id='word_1_377' title='bbox 1868 5000 1996 5070; x_wconf 78' lang='lat' dir='ltr'><strong>qui-</strong></span> 
     </span>
    </p>
   </div>
   <div class='ocr_carea' id='block_1_55' title="bbox 419 5077 1995 5156">
    <p class='ocr_par' dir='ltr' id='par_1_55' title="bbox 419 5077 1995 5156">
     <span class='ocr_line' id='line_1_55' title="bbox 419 5077 1995 5156; baseline 0.009 -24"><span class='ocrx_word' id='word_1_378' title='bbox 419 5077 542 5134; x_wconf 85' lang='lat' dir='ltr'><strong>dem</strong></span> <span class='ocrx_word' id='word_1_379' title='bbox 568 5079 822 5138; x_wconf 90' lang='lat' dir='ltr'><strong>lubenter</strong></span> <span class='ocrx_word' id='word_1_380' title='bbox 850 5086 1049 5156; x_wconf 90' lang='lat' dir='ltr'><strong>repulit</strong></span> <span class='ocrx_word' id='word_1_381' title='bbox 1075 5102 1093 5144; x_wconf 86' lang='lat'><strong>:</strong></span> <span class='ocrx_word' id='word_1_382' title='bbox 1124 5087 1225 5142; x_wconf 90' lang='lat' dir='ltr'><strong>soli</strong></span> <span class='ocrx_word' id='word_1_383' title='bbox 1277 5103 1407 5144; x_wconf 88' lang='lat' dir='ltr'><strong>vero</strong></span> <span class='ocrx_word' id='word_1_384' title='bbox 1433 5089 1697 5145; x_wconf 69' lang='lat' dir='ltr'><strong>doctrinae</strong></span> <span class='ocrx_word' id='word_1_385' title='bbox 1741 5099 1796 5144; x_wconf 91' lang='lat' dir='ltr'><strong>et</strong></span> <span class='ocrx_word' id='word_1_386' title='bbox 1847 5091 1995 5146; x_wconf 86' lang='lat' dir='ltr'><strong>inﬁr-</strong></span> 
     </span>
    </p>
   </div>
   <div class='ocr_carea' id='block_1_56' title="bbox 419 5175 1990 5250">
    <p class='ocr_par' dir='ltr' id='par_1_56' title="bbox 419 5175 1990 5250">
     <span class='ocr_line' id='line_1_56' title="bbox 419 5175 1990 5250; baseline 0.008 -24"><span class='ocrx_word' id='word_1_387' title='bbox 419 5189 632 5229; x_wconf 88' lang='lat' dir='ltr'><strong>morum</strong></span> <span class='ocrx_word' id='word_1_388' title='bbox 700 5175 996 5233; x_wconf 87' lang='lat' dir='ltr'><strong>visitationi</strong></span> <span class='ocrx_word' id='word_1_389' title='bbox 1059 5179 1360 5234; x_wconf 87' lang='lat' dir='ltr'><strong>vacandum</strong></span> <span class='ocrx_word' id='word_1_390' title='bbox 1423 5196 1544 5236; x_wconf 89' lang='lat' dir='ltr'><strong>esse</strong></span> <span class='ocrx_word' id='word_1_391' title='bbox 1597 5183 1832 5238; x_wconf 89' lang='lat' dir='ltr'><strong>censuit.</strong></span> <span class='ocrx_word' id='word_1_392' title='bbox 1871 5183 1990 5250; x_wconf 90' lang='lat' dir='ltr'><strong>Quo</strong></span> 
     </span>
    </p>
   </div>
   <div class='ocr_carea' id='block_1_57' title="bbox 419 5265 1997 5346">
    <p class='ocr_par' dir='ltr' id='par_1_57' title="bbox 419 5265 1997 5346">
     <span class='ocr_line' id='line_1_57' title="bbox 419 5265 1997 5346; baseline 0.006 -25"><span class='ocrx_word' id='word_1_393' title='bbox 419 5265 640 5336; x_wconf 90' lang='lat' dir='ltr'><strong>quidem</strong></span> <span class='ocrx_word' id='word_1_394' title='bbox 670 5267 873 5327; x_wconf 84' lang='lat' dir='ltr'><strong>factum</strong></span> <span class='ocrx_word' id='word_1_395' title='bbox 903 5281 1008 5339; x_wconf 86' lang='lat' dir='ltr'><strong>est,</strong></span> <span class='ocrx_word' id='word_1_396' title='bbox 1042 5271 1347 5337; x_wconf 88' lang='lat' dir='ltr'><strong>utChristi,</strong></span> <span class='ocrx_word' id='word_1_397' title='bbox 1369 5275 1514 5343; x_wconf 92' lang='lat' dir='ltr'><strong>quod</strong></span> <span class='ocrx_word' id='word_1_398' title='bbox 1557 5277 1738 5329; x_wconf 85' lang='lat' dir='ltr'><strong>omnia</strong></span> <span class='ocrx_word' id='word_1_399' title='bbox 1795 5287 1997 5346; x_wconf 80' lang='lat' dir='ltr'><strong>potest,</strong></span> 
     </span>
    </p>
   </div>
   <div class='ocr_carea' id='block_1_58' title="bbox 417 5360 1996 5428">
    <p class='ocr_par' dir='ltr' id='par_1_58' title="bbox 417 5360 1996 5428">
     <span class='ocr_line' id='line_1_58' title="bbox 417 5360 1996 5428; baseline 0.007 -16"><span class='ocrx_word' id='word_1_400' title='bbox 417 5360 664 5428; x_wconf 89' lang='lat' dir='ltr'><strong>nomine,</strong></span> <span class='ocrx_word' id='word_1_401' title='bbox 693 5361 762 5418; x_wconf 91' lang='lat' dir='ltr'><strong>ab</strong></span> <span class='ocrx_word' id='word_1_402' title='bbox 790 5361 1108 5419; x_wconf 80' lang='lat' dir='ltr'><strong>infirmitate</strong></span> <span class='ocrx_word' id='word_1_403' title='bbox 1129 5365 1330 5421; x_wconf 89' lang='lat' dir='ltr'><strong>multos</strong></span> <span class='ocrx_word' id='word_1_404' title='bbox 1353 5365 1626 5422; x_wconf 85' lang='lat' dir='ltr'><strong>liberavit.</strong></span> <span class='ocrx_word' id='word_1_405' title='bbox 1678 5364 1816 5424; x_wconf 83' lang='lat' dir='ltr'><strong>Eum</strong></span> <span class='ocrx_word' id='word_1_406' title='bbox 1849 5369 1996 5424; x_wconf 89' lang='lat' dir='ltr'><strong>enim</strong></span> 
     </span>
    </p>
   </div>
   <div class='ocr_carea' id='block_1_59' title="bbox 419 5455 1997 5531">
    <p class='ocr_par' dir='ltr' id='par_1_59' title="bbox 419 5455 1997 5531">
     <span class='ocr_line' id='line_1_59' title="bbox 419 5455 1997 5531; baseline 0.007 -25"><span class='ocrx_word' id='word_1_407' title='bbox 419 5469 614 5510; x_wconf 89' lang='lat' dir='ltr'><strong>rursus</strong></span> <span class='ocrx_word' id='word_1_408' title='bbox 637 5455 906 5528; x_wconf 82' lang='lat' dir='ltr'><strong>insignem</strong></span> <span class='ocrx_word' id='word_1_409' title='bbox 932 5458 1105 5514; x_wconf 89' lang='lat' dir='ltr'><strong>voluit</strong></span> <span class='ocrx_word' id='word_1_410' title='bbox 1134 5458 1364 5515; x_wconf 89' lang='lat' dir='ltr'><strong>reddere</strong></span> <span class='ocrx_word' id='word_1_411' title='bbox 1389 5459 1633 5531; x_wconf 78' lang='lat' dir='ltr'><strong>Spiritus.</strong></span> <span class='ocrx_word' id='word_1_412' title='bbox 1664 5459 1852 5516; x_wconf 87' lang='lat' dir='ltr'><strong>Satius</strong></span> <span class='ocrx_word' id='word_1_413' title='bbox 1902 5477 1997 5516; x_wconf 91' lang='lat' dir='ltr'><strong>au-</strong></span> 
     </span>
    </p>
   </div>
   <div class='ocr_carea' id='block_1_60' title="bbox 2098 575 3662 660">
    <p class='ocr_par' dir='ltr' id='par_1_60' title="bbox 2098 575 3662 660">
     <span class='ocr_line' id='line_1_60' title="bbox 2098 575 3662 660; baseline -0.013 -13"><span class='ocrx_word' id='word_1_414' title='bbox 2098 593 2257 646; x_wconf 71' lang='grc' dir='ltr'>ποσὶν</span> <span class='ocrx_word' id='word_1_415' title='bbox 2285 589 2684 660; x_wconf 77' lang='grc' dir='ltr'>ὲγκοπτὸντων,</span> <span class='ocrx_word' id='word_1_416' title='bbox 2721 587 2775 640; x_wconf 84' lang='grc' dir='ltr'>αἱ</span> <span class='ocrx_word' id='word_1_417' title='bbox 2813 583 2872 638; x_wconf 81' lang='grc' dir='ltr'>δὲ</span> <span class='ocrx_word' id='word_1_418' title='bbox 2927 581 3057 654; x_wconf 81' lang='grc' dir='ltr'><strong>περὶ</strong></span> <span class='ocrx_word' id='word_1_419' title='bbox 3084 579 3178 634; x_wconf 72' lang='grc' dir='ltr'>τὸν</span> <span class='ocrx_word' id='word_1_420' title='bbox 3207 579 3379 649; x_wconf 75' lang='grc' dir='ltr'>μέγαν</span> <span class='ocrx_word' id='word_1_421' title='bbox 3418 575 3520 644; x_wconf 78' lang='grc' dir='ltr'>τῆς</span> <span class='ocrx_word' id='word_1_422' title='bbox 3541 575 3662 629; x_wconf 74' lang='grc' dir='ltr'>ὁδοῦ</span> 
     </span>
    </p>
   </div>
   <div class='ocr_carea' id='block_1_61' title="bbox 2097 670 3662 754">
    <p class='ocr_par' dir='ltr' id='par_1_61' title="bbox 2097 670 3662 754">
     <span class='ocr_line' id='line_1_61' title="bbox 2097 670 3662 754; baseline -0.01 -18"><span class='ocrx_word' id='word_1_423' title='bbox 2097 686 2324 754; x_wconf 77' lang='grc' dir='ltr'><strong>εἴχοντο,</strong></span> <span class='ocrx_word' id='word_1_424' title='bbox 2352 685 2480 737; x_wconf 71' lang='grc' dir='ltr'>εὐθὺ</span> <span class='ocrx_word' id='word_1_425' title='bbox 2507 681 2610 750; x_wconf 80' lang='grc' dir='ltr'>τῆς</span> <span class='ocrx_word' id='word_1_426' title='bbox 2643 677 2940 748; x_wconf 74' lang='grc' dir='ltr'><strong>ἐκκλησίας</strong></span> <span class='ocrx_word' id='word_1_427' title='bbox 2971 671 3309 735; x_wconf 67' lang='grc' dir='ltr'>ἐλαύνοντες.</span> <span class='ocrx_word' id='word_1_428' title='bbox 3363 670 3662 741; x_wconf 71' lang='grc' dir='ltr'>Συνέρρεοει</span> 
     </span>
    </p>
   </div>
   <div class='ocr_carea' id='block_1_62' title="bbox 2095 760 3663 846">
    <p class='ocr_par' dir='ltr' id='par_1_62' title="bbox 2095 760 3663 846">
     <span class='ocr_line' id='line_1_62' title="bbox 2095 760 3663 846; baseline -0.012 -15"><span class='ocrx_word' id='word_1_429' title='bbox 2095 777 2150 830; x_wconf 83' lang='grc' dir='ltr'>δὲ</span> <span class='ocrx_word' id='word_1_430' title='bbox 2177 777 2449 846; x_wconf 74' lang='grc' dir='ltr'>πανδημεὶ</span> <span class='ocrx_word' id='word_1_431' title='bbox 2474 775 2695 837; x_wconf 80' lang='grc' dir='ltr'>πάντες,</span> <span class='ocrx_word' id='word_1_432' title='bbox 2725 773 2822 824; x_wconf 76' lang='grc' dir='ltr'><strong>καὶ</strong></span> <span class='ocrx_word' id='word_1_433' title='bbox 2860 767 2997 840; x_wconf 83' lang='grc' dir='ltr'>πρὸς</span> <span class='ocrx_word' id='word_1_434' title='bbox 3022 766 3121 838; x_wconf 80' lang='grc' dir='ltr'>τὴν</span> <span class='ocrx_word' id='word_1_435' title='bbox 3157 765 3460 832; x_wconf 78' lang='grc' dir='ltr'>ὑπάντησιν</span> <span class='ocrx_word' id='word_1_436' title='bbox 3491 760 3663 827; x_wconf 57' lang='lat' dir='ltr'><strong>Etiam,</strong></span> 
     </span>
    </p>
   </div>
   <div class='ocr_carea' id='block_1_63' title="bbox 2096 853 3667 940">
    <p class='ocr_par' dir='ltr' id='par_1_63' title="bbox 2096 853 3667 940">
     <span class='ocr_line' id='line_1_63' title="bbox 2096 853 3667 940; baseline -0.013 -16"><span class='ocrx_word' id='word_1_437' title='bbox 2096 871 2194 940; x_wconf 78' lang='grc' dir='ltr'>οὐχ</span> <span class='ocrx_word' id='word_1_438' title='bbox 2209 863 2373 940; x_wconf 83' lang='grc' dir='ltr'>ἦττον</span> <span class='ocrx_word' id='word_1_439' title='bbox 2411 869 2496 922; x_wconf 82' lang='grc' dir='ltr'>ἐπ’</span> <span class='ocrx_word' id='word_1_440' title='bbox 2525 865 2687 922; x_wconf 72' lang='grc' dir='ltr'>αὑτὸν</span> <span class='ocrx_word' id='word_1_441' title='bbox 2722 862 3054 933; x_wconf 79' lang='grc' dir='ltr'>Ἀντιόχεια,</span> <span class='ocrx_word' id='word_1_442' title='bbox 3079 859 3212 930; x_wconf 77' lang='grc' dir='ltr'>ἢὲπὶ</span> <span class='ocrx_word' id='word_1_443' title='bbox 3245 857 3334 911; x_wconf 78' lang='grc' dir='ltr'><strong>τὸν</strong></span> <span class='ocrx_word' id='word_1_444' title='bbox 3355 853 3667 923; x_wconf 81' lang='grc' dir='ltr'>Βαπτιστὴν</span> 
     </span>
    </p>
   </div>
   <div class='ocr_carea' id='block_1_64' title="bbox 2097 945 3669 1030">
    <p class='ocr_par' dir='ltr' id='par_1_64' title="bbox 2097 945 3669 1030">
     <span class='ocr_line' id='line_1_64' title="bbox 2097 945 3669 1030; baseline -0.01 -18"><span class='ocrx_word' id='word_1_445' title='bbox 2097 960 2362 1030; x_wconf 82' lang='grc' dir='ltr'>πρότερον</span> <span class='ocrx_word' id='word_1_446' title='bbox 2399 960 2478 1024; x_wconf 84' lang='grc' dir='ltr'><strong>είς</strong></span> <span class='ocrx_word' id='word_1_447' title='bbox 2509 958 2600 1013; x_wconf 74' lang='grc' dir='ltr'>τὸν</span> <span class='ocrx_word' id='word_1_448' title='bbox 2646 955 2970 1028; x_wconf 84' lang='grc' dir='ltr'>Ἰορδάνηνὸ</span> <span class='ocrx_word' id='word_1_449' title='bbox 3013 950 3252 1024; x_wconf 83' lang='grc' dir='ltr'>Ἰσραήλ.</span> <span class='ocrx_word' id='word_1_450' title='bbox 3293 946 3450 1002; x_wconf 72' lang='grc' dir='ltr'>Ἐπεὶ</span> <span class='ocrx_word' id='word_1_451' title='bbox 3479 945 3538 998; x_wconf 73' lang='grc' dir='ltr'>δὲ</span> <span class='ocrx_word' id='word_1_452' title='bbox 3575 945 3669 997; x_wconf 78' lang='grc' dir='ltr'><strong>καὶ</strong></span> 
     </span>
    </p>
   </div>
   <div class='ocr_carea' id='block_1_65' title="bbox 2096 1037 3668 1124">
    <p class='ocr_par' dir='ltr' id='par_1_65' title="bbox 2096 1037 3668 1124">
     <span class='ocr_line' id='line_1_65' title="bbox 2096 1037 3668 1124; baseline -0.01 -20"><span class='ocrx_word' id='word_1_453' title='bbox 2096 1053 2422 1124; x_wconf 78' lang='grc' dir='ltr'><strong>χειροτονεῖν</strong></span> <span class='ocrx_word' id='word_1_454' title='bbox 2451 1049 2614 1104; x_wconf 79' lang='grc' dir='ltr'>αὐτὸν</span> <span class='ocrx_word' id='word_1_455' title='bbox 2647 1047 2894 1119; x_wconf 74' lang='grc' dir='ltr'>ἔμελλον,</span> <span class='ocrx_word' id='word_1_456' title='bbox 2941 1045 3018 1108; x_wconf 83' lang='grc' dir='ltr'>ὡς</span> <span class='ocrx_word' id='word_1_457' title='bbox 3047 1043 3110 1097; x_wconf 83' lang='grc' dir='ltr'><strong>τδ</strong></span> <span class='ocrx_word' id='word_1_458' title='bbox 3164 1041 3306 1095; x_wconf 83' lang='grc' dir='ltr'>θετον</span> <span class='ocrx_word' id='word_1_459' title='bbox 3361 1037 3668 1106; x_wconf 74' lang='grc' dir='ltr'>ἐπίταγμα,</span> 
     </span>
    </p>
   </div>
   <div class='ocr_carea' id='block_1_66' title="bbox 2101 1132 3668 1216">
    <p class='ocr_par' dir='ltr' id='par_1_66' title="bbox 2101 1132 3668 1216">
     <span class='ocr_line' id='line_1_66' title="bbox 2101 1132 3668 1216; baseline -0.011 -18"><span class='ocrx_word' id='word_1_460' title='bbox 2101 1147 2191 1198; x_wconf 69' lang='grc' dir='ltr'><strong>καὶ</strong></span> <span class='ocrx_word' id='word_1_461' title='bbox 2221 1147 2254 1216; x_wconf 75' lang='grc' dir='ltr'>ἡ</span> <span class='ocrx_word' id='word_1_462' title='bbox 2277 1143 2442 1216; x_wconf 84' lang='grc' dir='ltr'>κυρία</span> <span class='ocrx_word' id='word_1_463' title='bbox 2461 1140 2665 1213; x_wconf 81' lang='grc' dir='ltr'>παρῆν,</span> <span class='ocrx_word' id='word_1_464' title='bbox 2700 1141 2849 1194; x_wconf 81' lang='grc' dir='ltr'>πᾶσα</span> <span class='ocrx_word' id='word_1_465' title='bbox 2878 1137 2977 1209; x_wconf 69' lang='grc' dir='ltr'>μὲν</span> <span class='ocrx_word' id='word_1_466' title='bbox 3001 1134 3112 1190; x_wconf 87' lang='grc' dir='ltr'><strong>τῶν</strong></span> <span class='ocrx_word' id='word_1_467' title='bbox 3139 1133 3344 1188; x_wconf 81' lang='grc' dir='ltr'><strong>πιστῶν</strong></span> <span class='ocrx_word' id='word_1_468' title='bbox 3372 1132 3668 1200; x_wconf 79' lang='grc' dir='ltr'><strong>ὁμήγυρις,</strong></span> 
     </span>
    </p>
   </div>
   <div class='ocr_carea' id='block_1_67' title="bbox 2096 1220 3672 1304">
    <p class='ocr_par' dir='ltr' id='par_1_67' title="bbox 2096 1220 3672 1304">
     <span class='ocr_line' id='line_1_67' title="bbox 2096 1220 3672 1304; baseline -0.012 -14"><span class='ocrx_word' id='word_1_469' title='bbox 2096 1237 2207 1299; x_wconf 80' lang='grc' dir='ltr'>πᾶς</span> <span class='ocrx_word' id='word_1_470' title='bbox 2232 1234 2288 1289; x_wconf 73' lang='grc' dir='ltr'>δὲ</span> <span class='ocrx_word' id='word_1_471' title='bbox 2319 1237 2349 1288; x_wconf 81' lang='grc' dir='ltr'><strong><em>ὁ</em></strong></span> <span class='ocrx_word' id='word_1_472' title='bbox 2377 1232 2490 1287; x_wconf 86' lang='grc' dir='ltr'><strong>τῶν</strong></span> <span class='ocrx_word' id='word_1_473' title='bbox 2519 1230 2826 1304; x_wconf 84' lang='grc' dir='ltr'>ἀρχιερέων</span> <span class='ocrx_word' id='word_1_474' title='bbox 2845 1227 3005 1300; x_wconf 82' lang='grc' dir='ltr'>χορὸς</span> <span class='ocrx_word' id='word_1_475' title='bbox 3037 1223 3354 1296; x_wconf 74' lang='grc' dir='ltr'><strong>συμπαρῆν.</strong></span> <span class='ocrx_word' id='word_1_476' title='bbox 3382 1222 3470 1286; x_wconf 85' lang='grc' dir='ltr'>Ὠς</span> <span class='ocrx_word' id='word_1_477' title='bbox 3486 1220 3548 1274; x_wconf 76' lang='grc' dir='ltr'>δὲ</span> <span class='ocrx_word' id='word_1_478' title='bbox 3575 1224 3672 1273; x_wconf 76' lang='grc' dir='ltr'><strong>καὶ</strong></span> 
     </span>
    </p>
   </div>
   <div class='ocr_carea' id='block_1_68' title="bbox 2095 1313 3676 1399">
    <p class='ocr_par' dir='ltr' id='par_1_68' title="bbox 2095 1313 3676 1399">
     <span class='ocr_line' id='line_1_68' title="bbox 2095 1313 3676 1399; baseline -0.013 -15"><span class='ocrx_word' id='word_1_479' title='bbox 2095 1327 2175 1399; x_wconf 81' lang='grc' dir='ltr'>τῷ</span> <span class='ocrx_word' id='word_1_480' title='bbox 2205 1326 2335 1398; x_wconf 83' lang='grc' dir='ltr'>ίερῷ</span> <span class='ocrx_word' id='word_1_481' title='bbox 2361 1323 2662 1398; x_wconf 80' lang='grc' dir='ltr'>προσῆλθον</span> <span class='ocrx_word' id='word_1_482' title='bbox 2687 1321 2800 1396; x_wconf 76' lang='grc' dir='ltr'>[γρ.</span> <span class='ocrx_word' id='word_1_483' title='bbox 2827 1317 3128 1393; x_wconf 79' lang='grc' dir='ltr'><strong>προσῆλθε]</strong></span> <span class='ocrx_word' id='word_1_484' title='bbox 3151 1315 3548 1386; x_wconf 77' lang='grc' dir='ltr'><strong>θυσιαστηρίῳ,</strong></span> <span class='ocrx_word' id='word_1_485' title='bbox 3581 1313 3676 1365; x_wconf 81' lang='grc' dir='ltr'><strong>καὶ</strong></span> 
     </span>
    </p>
   </div>
   <div class='ocr_carea' id='block_1_69' title="bbox 2097 1405 3674 1489">
    <p class='ocr_par' dir='ltr' id='par_1_69' title="bbox 2097 1405 3674 1489">
     <span class='ocr_line' id='line_1_69' title="bbox 2097 1405 3674 1489; baseline -0.012 -17"><span class='ocrx_word' id='word_1_486' title='bbox 2097 1420 2261 1483; x_wconf 71' lang='grc' dir='ltr'>αὐτὸς</span> <span class='ocrx_word' id='word_1_487' title='bbox 2293 1417 2414 1489; x_wconf 73' lang='grc' dir='ltr'>μὲν,</span> <span class='ocrx_word' id='word_1_488' title='bbox 2447 1416 2522 1478; x_wconf 83' lang='grc' dir='ltr'><strong>ὡς</strong></span> <span class='ocrx_word' id='word_1_489' title='bbox 2554 1415 2736 1485; x_wconf 83' lang='grc' dir='ltr'>θέμις,</span> <span class='ocrx_word' id='word_1_490' title='bbox 2771 1412 2975 1482; x_wconf 77' lang='grc' dir='ltr'>ὑπέσχε</span> <span class='ocrx_word' id='word_1_491' title='bbox 3001 1409 3081 1480; x_wconf 85' lang='grc' dir='ltr'>τῷ</span> <span class='ocrx_word' id='word_1_492' title='bbox 3115 1407 3346 1479; x_wconf 74' lang='grc' dir='ltr'>ίεράρχῃ</span> <span class='ocrx_word' id='word_1_493' title='bbox 3376 1405 3475 1474; x_wconf 76' lang='grc' dir='ltr'>τὴν</span> <span class='ocrx_word' id='word_1_494' title='bbox 3499 1417 3674 1470; x_wconf 72' lang='grc' dir='ltr'>κεφαο</span> 
     </span>
    </p>
   </div>
   <div class='ocr_carea' id='block_1_70' title="bbox 2095 1497 3674 1580">
    <p class='ocr_par' dir='ltr' id='par_1_70' title="bbox 2095 1497 3674 1580">
     <span class='ocr_line' id='line_1_70' title="bbox 2095 1497 3674 1580; baseline -0.011 -17"><span class='ocrx_word' id='word_1_495' title='bbox 2095 1500 2217 1580; x_wconf 63' lang='grc' dir='ltr'>λείρ,</span> <span class='ocrx_word' id='word_1_496' title='bbox 2245 1508 2439 1562; x_wconf 84' lang='grc' dir='ltr'>τούτου</span> <span class='ocrx_word' id='word_1_497' title='bbox 2483 1505 2543 1560; x_wconf 84' lang='grc' dir='ltr'>δὲ</span> <span class='ocrx_word' id='word_1_498' title='bbox 2572 1507 2628 1559; x_wconf 78' lang='lat' dir='ltr'><strong>al</strong></span> <span class='ocrx_word' id='word_1_499' title='bbox 2662 1506 2844 1576; x_wconf 83' lang='grc' dir='ltr'>χεῖρες</span> <span class='ocrx_word' id='word_1_500' title='bbox 2877 1503 3016 1574; x_wconf 79' lang='grc' dir='ltr'>αὐτῇ</span> <span class='ocrx_word' id='word_1_501' title='bbox 3059 1499 3394 1561; x_wconf 77' lang='grc' dir='ltr'>ἐπετίθεντο,</span> <span class='ocrx_word' id='word_1_502' title='bbox 3447 1497 3674 1565; x_wconf 82' lang='grc' dir='ltr'>θαυμα-</span> 
     </span>
    </p>
   </div>
   <div class='ocr_carea' id='block_1_71' title="bbox 2095 1584 3678 1676">
    <p class='ocr_par' dir='ltr' id='par_1_71' title="bbox 2095 1584 3678 1676">
     <span class='ocr_line' id='line_1_71' title="bbox 2095 1584 3678 1676; baseline -0.014 -17"><span class='ocrx_word' id='word_1_503' title='bbox 2095 1605 2316 1676; x_wconf 82' lang='grc' dir='ltr'>τουργεῖ</span> <span class='ocrx_word' id='word_1_504' title='bbox 2341 1619 2396 1656; x_wconf 90' lang='grc' dir='ltr'><strong>τι</strong></span> <span class='ocrx_word' id='word_1_505' title='bbox 2421 1597 2700 1656; x_wconf 80' lang='grc' dir='ltr'>κάνταῦθα</span> <span class='ocrx_word' id='word_1_506' title='bbox 2726 1595 2878 1661; x_wconf 76' lang='grc' dir='ltr'>Θεὸς,</span> <span class='ocrx_word' id='word_1_507' title='bbox 2916 1595 3014 1650; x_wconf 74' lang='grc' dir='ltr'>καὶ</span> <span class='ocrx_word' id='word_1_508' title='bbox 3049 1591 3286 1648; x_wconf 78' lang='grc' dir='ltr'>δεικνύει</span> <span class='ocrx_word' id='word_1_509' title='bbox 3321 1589 3413 1644; x_wconf 70' lang='grc' dir='ltr'>τὸν</span> <span class='ocrx_word' id='word_1_510' title='bbox 3441 1584 3678 1642; x_wconf 72' lang='grc' dir='ltr'>τελειοῦ-</span> 
     </span>
    </p>
   </div>
   <div class='ocr_carea' id='block_1_72' title="bbox 2101 1677 3676 1772">
    <p class='ocr_par' dir='ltr' id='par_1_72' title="bbox 2101 1677 3676 1772">
     <span class='ocr_line' id='line_1_72' title="bbox 2101 1677 3676 1772; baseline -0.015 -18"><span class='ocrx_word' id='word_1_511' title='bbox 2101 1715 2260 1772; x_wconf 89' lang='grc' dir='ltr'>μενον</span> <span class='ocrx_word' id='word_1_512' title='bbox 2283 1697 2434 1765; x_wconf 78' lang='grc' dir='ltr'>ἄξιόν</span> <span class='ocrx_word' id='word_1_513' title='bbox 2470 1713 2529 1750; x_wconf 88' lang='grc' dir='ltr'><strong>τε</strong></span> <span class='ocrx_word' id='word_1_514' title='bbox 2565 1693 2903 1764; x_wconf 80' lang='grc' dir='ltr'>ὑπάρχοντα,</span> <span class='ocrx_word' id='word_1_515' title='bbox 2923 1691 3018 1744; x_wconf 70' lang='grc' dir='ltr'><strong>καλ⁸</strong></span> <span class='ocrx_word' id='word_1_516' title='bbox 3052 1687 3194 1742; x_wconf 80' lang='grc' dir='ltr'><strong>κατά</strong></span> <span class='ocrx_word' id='word_1_517' title='bbox 3213 1685 3275 1740; x_wconf 79' lang='grc' dir='ltr'>τὸ</span> <span class='ocrx_word' id='word_1_518' title='bbox 3298 1681 3492 1740; x_wconf 84' lang='grc' dir='ltr'>δοκοῦν</span> <span class='ocrx_word' id='word_1_519' title='bbox 3523 1677 3676 1748; x_wconf 76' lang='grc' dir='ltr'>αὐτῷ</span> 
     </span>
    </p>
   </div>
   <div class='ocr_carea' id='block_1_73' title="bbox 2099 1774 3678 1862">
    <p class='ocr_par' dir='ltr' id='par_1_73' title="bbox 2099 1774 3678 1862">
     <span class='ocr_line' id='line_1_73' title="bbox 2099 1774 3678 1862; baseline -0.013 -18"><span class='ocrx_word' id='word_1_520' title='bbox 2099 1792 2196 1862; x_wconf 72' lang='grc' dir='ltr'>τῆς</span> <span class='ocrx_word' id='word_1_521' title='bbox 2225 1788 2528 1858; x_wconf 77' lang='grc' dir='ltr'><strong>ἱερωσύνης</strong></span> <span class='ocrx_word' id='word_1_522' title='bbox 2558 1783 3013 1855; x_wconf 80' lang='grc' dir='ltr'>καταξιούμενον.</span> <span class='ocrx_word' id='word_1_523' title='bbox 3081 1777 3386 1851; x_wconf 84' lang='grc' dir='ltr'>Περιστερά</span> <span class='ocrx_word' id='word_1_524' title='bbox 3414 1775 3528 1847; x_wconf 74' lang='grc' dir='ltr'>γὰρ</span> <span class='ocrx_word' id='word_1_525' title='bbox 3555 1774 3678 1826; x_wconf 83' lang='grc' dir='ltr'>λευ-</span> 
     </span>
    </p>
   </div>
   <div class='ocr_carea' id='block_1_74' title="bbox 2105 1868 3680 1953">
    <p class='ocr_par' dir='ltr' id='par_1_74' title="bbox 2105 1868 3680 1953">
     <span class='ocr_line' id='line_1_74' title="bbox 2105 1868 3680 1953; baseline -0.011 -17"><span class='ocrx_word' id='word_1_526' title='bbox 2105 1882 2176 1953; x_wconf 78' lang='grc' dir='ltr'>κὴ</span> <span class='ocrx_word' id='word_1_527' title='bbox 2204 1883 2300 1936; x_wconf 78' lang='grc' dir='ltr'>καὶ</span> <span class='ocrx_word' id='word_1_528' title='bbox 2346 1880 2408 1934; x_wconf 82' lang='grc' dir='ltr'><strong>τὸ</strong></span> <span class='ocrx_word' id='word_1_529' title='bbox 2439 1877 2580 1943; x_wconf 76' lang='grc' dir='ltr'>εἶδος</span> <span class='ocrx_word' id='word_1_530' title='bbox 2608 1878 2816 1949; x_wconf 73' lang='grc' dir='ltr'>σφόδρα</span> <span class='ocrx_word' id='word_1_531' title='bbox 2847 1873 3010 1945; x_wconf 78' lang='grc' dir='ltr'>καλὴ,</span> <span class='ocrx_word' id='word_1_532' title='bbox 3055 1872 3171 1926; x_wconf 78' lang='grc' dir='ltr'>ἄνω</span> <span class='ocrx_word' id='word_1_533' title='bbox 3219 1871 3312 1924; x_wconf 84' lang='grc' dir='ltr'><strong>τὸν</strong></span> <span class='ocrx_word' id='word_1_534' title='bbox 3344 1868 3471 1922; x_wconf 73' lang='grc' dir='ltr'>ναὸν</span> <span class='ocrx_word' id='word_1_535' title='bbox 3499 1869 3680 1936; x_wconf 74' lang='grc' dir='ltr'>περιῖ-</span> 
     </span>
    </p>
   </div>
   <div class='ocr_carea' id='block_1_75' title="bbox 2105 1963 3679 2046">
    <p class='ocr_par' dir='ltr' id='par_1_75' title="bbox 2105 1963 3679 2046">
     <span class='ocr_line' id='line_1_75' title="bbox 2105 1963 3679 2046; baseline -0.012 -17"><span class='ocrx_word' id='word_1_536' title='bbox 2105 1975 2356 2046; x_wconf 81' lang='grc' dir='ltr'><strong>πταμένη</strong></span> <span class='ocrx_word' id='word_1_537' title='bbox 2388 1973 2604 2026; x_wconf 79' lang='grc' dir='ltr'><strong>κάτεισι</strong></span> <span class='ocrx_word' id='word_1_538' title='bbox 2625 1967 2987 2042; x_wconf 81' lang='grc' dir='ltr'>παραχρῆμα,</span> <span class='ocrx_word' id='word_1_539' title='bbox 3019 1968 3111 2020; x_wconf 79' lang='grc' dir='ltr'><strong>καὶ</strong></span> <span class='ocrx_word' id='word_1_540' title='bbox 3128 1967 3194 2036; x_wconf 78' lang='grc' dir='ltr'>τῇ</span> <span class='ocrx_word' id='word_1_541' title='bbox 3215 1963 3308 2016; x_wconf 77' lang='grc' dir='ltr'>-ἔοῦ</span> <span class='ocrx_word' id='word_1_542' title='bbox 3336 1976 3679 2040; x_wconf 76' lang='grc' dir='ltr'>χειροτονου-</span> 
     </span>
    </p>
   </div>
   <div class='ocr_carea' id='block_1_76' title="bbox 2106 2054 3679 2140">
    <p class='ocr_par' dir='ltr' id='par_1_76' title="bbox 2106 2054 3679 2140">
     <span class='ocr_line' id='line_1_76' title="bbox 2106 2054 3679 2140; baseline -0.011 -18"><span class='ocrx_word' id='word_1_543' title='bbox 2106 2069 2270 2140; x_wconf 83' lang='grc' dir='ltr'>μένου</span> <span class='ocrx_word' id='word_1_544' title='bbox 2311 2065 2886 2137; x_wconf 75' lang='grc' dir='ltr'>ὲπικάθηταικεφαλῇ.</span> <span class='ocrx_word' id='word_1_545' title='bbox 2911 2059 3137 2122; x_wconf 82' lang='grc' dir='ltr'>Πάντως</span> <span class='ocrx_word' id='word_1_546' title='bbox 3157 2058 3218 2112; x_wconf 77' lang='grc' dir='ltr'><strong>οὐ</strong></span> <span class='ocrx_word' id='word_1_547' title='bbox 3253 2057 3359 2128; x_wconf 79' lang='grc' dir='ltr'>χρὴ</span> <span class='ocrx_word' id='word_1_548' title='bbox 3387 2054 3679 2124; x_wconf 67' lang='grc' dir='ltr'>περιττοὺς</span> 
     </span>
    </p>
   </div>
   <div class='ocr_carea' id='block_1_77' title="bbox 2105 2146 3676 2232">
    <p class='ocr_par' dir='ltr' id='par_1_77' title="bbox 2105 2146 3676 2232">
     <span class='ocr_line' id='line_1_77' title="bbox 2105 2146 3676 2232; baseline -0.01 -16"><span class='ocrx_word' id='word_1_549' title='bbox 2105 2159 2342 2216; x_wconf 76' lang='grc' dir='ltr'>εἶναιτὰ</span> <span class='ocrx_word' id='word_1_550' title='bbox 2373 2159 2512 2232; x_wconf 81' lang='grc' dir='ltr'>δῆλα</span> <span class='ocrx_word' id='word_1_551' title='bbox 2557 2157 3036 2230; x_wconf 78' lang='grc' dir='ltr'>διερμηνεύοντας.</span> <span class='ocrx_word' id='word_1_552' title='bbox 3078 2153 3197 2208; x_wconf 85' lang='grc' dir='ltr'>Τίνι</span> <span class='ocrx_word' id='word_1_553' title='bbox 3247 2149 3358 2220; x_wconf 83' lang='grc' dir='ltr'><strong>γὰρ</strong></span> <span class='ocrx_word' id='word_1_554' title='bbox 3389 2149 3452 2203; x_wconf 81' lang='grc' dir='ltr'><strong>οὐ</strong></span> <span class='ocrx_word' id='word_1_555' title='bbox 3480 2146 3676 2217; x_wconf 74' lang='grc' dir='ltr'>σαφὲς,</span> 
     </span>
    </p>
   </div>
   <div class='ocr_carea' id='block_1_78' title="bbox 2104 2237 3413 2322">
    <p class='ocr_par' dir='ltr' id='par_1_78' title="bbox 2104 2237 3413 2322">
     <span class='ocr_line' id='line_1_78' title="bbox 2104 2237 3413 2322; baseline -0.01 -14"><span class='ocrx_word' id='word_1_556' title='bbox 2104 2255 2186 2310; x_wconf 84' lang='grc' dir='ltr'>ὅτι</span> <span class='ocrx_word' id='word_1_557' title='bbox 2204 2251 2298 2308; x_wconf 85' lang='grc' dir='ltr'><strong>τοῦ</strong></span> <span class='ocrx_word' id='word_1_558' title='bbox 2315 2252 2460 2308; x_wconf 90' lang='grc' dir='ltr'>θείου</span> <span class='ocrx_word' id='word_1_559' title='bbox 2490 2250 2806 2322; x_wconf 81' lang='grc' dir='ltr'>Πνεῦματος</span> <span class='ocrx_word' id='word_1_560' title='bbox 2827 2248 2986 2304; x_wconf 89' lang='grc' dir='ltr'>τοῦτο</span> <span class='ocrx_word' id='word_1_561' title='bbox 3012 2244 3281 2319; x_wconf 74' lang='grc' dir='ltr'>σΰμδολον</span> <span class='ocrx_word' id='word_1_562' title='bbox 3310 2237 3413 2314; x_wconf 74' lang='grc' dir='ltr'>ἦνς</span> 
     </span>
    </p>
   </div>
   <div class='ocr_carea' id='block_1_79' title="bbox 2180 2503 3681 2587">
    <p class='ocr_par' dir='ltr' id='par_1_79' title="bbox 2180 2503 3681 2587">
     <span class='ocr_line' id='line_1_79' title="bbox 2180 2503 3681 2587; baseline -0.007 -15"><span class='ocrx_word' id='word_1_563' title='bbox 2180 2519 2279 2572; x_wconf 83' lang='grc' dir='ltr'>1Β’.</span> <span class='ocrx_word' id='word_1_564' title='bbox 2313 2518 2473 2572; x_wconf 88' lang='grc' dir='ltr'>Ὅθεν</span> <span class='ocrx_word' id='word_1_565' title='bbox 2520 2515 2652 2587; x_wconf 84' lang='grc' dir='ltr'>γοῦν</span> <span class='ocrx_word' id='word_1_566' title='bbox 2691 2515 2786 2572; x_wconf 75' lang='grc' dir='ltr'><strong>καὶ</strong></span> <span class='ocrx_word' id='word_1_567' title='bbox 2842 2513 2936 2570; x_wconf 84' lang='grc' dir='ltr'><strong>τοῦ</strong></span> <span class='ocrx_word' id='word_1_568' title='bbox 2989 2503 3106 2584; x_wconf 64' lang='grc' dir='ltr'><strong>τῆξ</strong></span> <span class='ocrx_word' id='word_1_569' title='bbox 3140 2509 3332 2580; x_wconf 71' lang='grc' dir='ltr'>σοφίας</span> <span class='ocrx_word' id='word_1_570' title='bbox 3363 2507 3681 2579; x_wconf 81' lang='grc' dir='ltr'>πνεύματος</span> 
     </span>
    </p>
   </div>
   <div class='ocr_carea' id='block_1_80' title="bbox 2103 2597 3678 2684">
    <p class='ocr_par' dir='ltr' id='par_1_80' title="bbox 2103 2597 3678 2684">
     <span class='ocr_line' id='line_1_80' title="bbox 2103 2597 3678 2684; baseline -0.008 -18"><span class='ocrx_word' id='word_1_571' title='bbox 2103 2597 2488 2684; x_wconf 64' lang='grc' dir='ltr'>δαψιλέστερον</span> <span class='ocrx_word' id='word_1_572' title='bbox 2546 2611 2698 2682; x_wconf 78' lang='grc' dir='ltr'>αὐτῷ</span> <span class='ocrx_word' id='word_1_573' title='bbox 2754 2608 3142 2682; x_wconf 77' lang='grc' dir='ltr'>προσρυέντος,</span> <span class='ocrx_word' id='word_1_574' title='bbox 3183 2605 3530 2676; x_wconf 87' lang='grc' dir='ltr'>πυκνοτέρας</span> <span class='ocrx_word' id='word_1_575' title='bbox 3583 2602 3678 2674; x_wconf 76' lang='grc' dir='ltr'><strong>μὲν</strong></span> 
     </span>
    </p>
   </div>
   <div class='ocr_carea' id='block_1_81' title="bbox 2103 2696 3681 2778">
    <p class='ocr_par' dir='ltr' id='par_1_81' title="bbox 2103 2696 3681 2778">
     <span class='ocr_line' id='line_1_81' title="bbox 2103 2696 3681 2778; baseline -0.007 -18"><span class='ocrx_word' id='word_1_576' title='bbox 2103 2703 2172 2778; x_wconf 75' lang='grc' dir='ltr'>ἦν</span> <span class='ocrx_word' id='word_1_577' title='bbox 2201 2707 2334 2778; x_wconf 82' lang='grc' dir='ltr'>ὁρᾷν</span> <span class='ocrx_word' id='word_1_578' title='bbox 2372 2705 2469 2768; x_wconf 79' lang='grc' dir='ltr'>τὰς</span> <span class='ocrx_word' id='word_1_579' title='bbox 2507 2704 2756 2770; x_wconf 77' lang='grc' dir='ltr'>συνάξεις</span> <span class='ocrx_word' id='word_1_580' title='bbox 2788 2703 2884 2758; x_wconf 72' lang='grc' dir='ltr'><strong>καὶ</strong></span> <span class='ocrx_word' id='word_1_581' title='bbox 2921 2702 3016 2756; x_wconf 73' lang='grc' dir='ltr'>τὸν</span> <span class='ocrx_word' id='word_1_582' title='bbox 3059 2699 3190 2753; x_wconf 62' lang='grc' dir='ltr'>λαὸν</span> <span class='ocrx_word' id='word_1_583' title='bbox 3239 2698 3496 2752; x_wconf 80' lang='grc' dir='ltr'>συνιόντα.</span> <span class='ocrx_word' id='word_1_584' title='bbox 3523 2696 3681 2771; x_wconf 35' lang='grc' dir='ltr'>,προς</span> 
     </span>
    </p>
   </div>
   <div class='ocr_carea' id='block_1_82' title="bbox 2103 2789 3678 2870">
    <p class='ocr_par' dir='ltr' id='par_1_82' title="bbox 2103 2789 3678 2870">
     <span class='ocr_line' id='line_1_82' title="bbox 2103 2789 3678 2870; baseline -0.008 -18"><span class='ocrx_word' id='word_1_585' title='bbox 2103 2797 2204 2870; x_wconf 77' lang='grc' dir='ltr'>τὴν</span> <span class='ocrx_word' id='word_1_586' title='bbox 2227 2797 2514 2870; x_wconf 79' lang='grc' dir='ltr'>ἀκρόασιν,</span> <span class='ocrx_word' id='word_1_587' title='bbox 2545 2795 2929 2866; x_wconf 74' lang='grc' dir='ltr'>συνεχέστερον</span> <span class='ocrx_word' id='word_1_588' title='bbox 2953 2793 3012 2847; x_wconf 82' lang='grc' dir='ltr'>δὲ</span> <span class='ocrx_word' id='word_1_589' title='bbox 3043 2789 3195 2858; x_wconf 78' lang='grc' dir='ltr'><strong>αὐτῷ</strong></span> <span class='ocrx_word' id='word_1_590' title='bbox 3222 2789 3562 2861; x_wconf 74' lang='grc' dir='ltr'>κινουμένην</span> <span class='ocrx_word' id='word_1_591' title='bbox 3584 2789 3678 2856; x_wconf 73' lang='grc' dir='ltr'><strong>τὴν</strong></span> 
     </span>
    </p>
   </div>
   <div class='ocr_carea' id='block_1_83' title="bbox 2105 2879 3678 2959">
    <p class='ocr_par' dir='ltr' id='par_1_83' title="bbox 2105 2879 3678 2959">
     <span class='ocr_line' id='line_1_83' title="bbox 2105 2879 3678 2959; baseline -0.007 -16"><span class='ocrx_word' id='word_1_592' title='bbox 2105 2890 2350 2959; x_wconf 86' lang='grc' dir='ltr'>γλῶτταν</span> <span class='ocrx_word' id='word_1_593' title='bbox 2386 2894 2483 2944; x_wconf 78' lang='grc' dir='ltr'>καὶ</span> <span class='ocrx_word' id='word_1_594' title='bbox 2511 2886 2589 2958; x_wconf 82' lang='grc' dir='ltr'>τῷ</span> <span class='ocrx_word' id='word_1_595' title='bbox 2643 2886 2753 2940; x_wconf 86' lang='grc' dir='ltr'><strong>τῶν</strong></span> <span class='ocrx_word' id='word_1_596' title='bbox 2781 2885 2956 2952; x_wconf 83' lang='grc' dir='ltr'>λόγων</span> <span class='ocrx_word' id='word_1_597' title='bbox 2985 2885 3218 2954; x_wconf 77' lang='grc' dir='ltr'>ῥεύματι</span> <span class='ocrx_word' id='word_1_598' title='bbox 3248 2879 3678 2950; x_wconf 74' lang='grc' dir='ltr'>πελαγίζουσαν.</span> 
     </span>
    </p>
   </div>
   <div class='ocr_carea' id='block_1_84' title="bbox 2108 2969 3679 3052">
    <p class='ocr_par' dir='ltr' id='par_1_84' title="bbox 2108 2969 3679 3052">
     <span class='ocr_line' id='line_1_84' title="bbox 2108 2969 3679 3052; baseline -0.01 -15"><span class='ocrx_word' id='word_1_599' title='bbox 2108 2983 2241 3037; x_wconf 86' lang='grc' dir='ltr'>Ὅτε</span> <span class='ocrx_word' id='word_1_600' title='bbox 2275 2981 2372 3036; x_wconf 70' lang='grc' dir='ltr'>καὶ</span> <span class='ocrx_word' id='word_1_601' title='bbox 2411 2980 2642 3052; x_wconf 79' lang='grc' dir='ltr'>μεῖζονῆ</span> <span class='ocrx_word' id='word_1_602' title='bbox 2674 2979 2816 3032; x_wconf 87' lang='grc' dir='ltr'><strong>κατά</strong></span> <span class='ocrx_word' id='word_1_603' title='bbox 2844 2978 2944 3047; x_wconf 81' lang='grc' dir='ltr'><strong>τὴν</strong></span> <span class='ocrx_word' id='word_1_604' title='bbox 2966 2974 3178 3029; x_wconf 89' lang='grc' dir='ltr'>πολλῶν</span> <span class='ocrx_word' id='word_1_605' title='bbox 3201 2973 3446 3030; x_wconf 77' lang='grc' dir='ltr'>διάνοιαν</span> <span class='ocrx_word' id='word_1_606' title='bbox 3468 2973 3568 3024; x_wconf 67' lang='grc' dir='ltr'><strong>τὸν</strong></span> <span class='ocrx_word' id='word_1_607' title='bbox 3603 2969 3679 3023; x_wconf 82' lang='grc' dir='ltr'><strong>λό-</strong></span> 
     </span>
    </p>
   </div>
   <div class='ocr_carea' id='block_1_85' title="bbox 2105 3063 3674 3146">
    <p class='ocr_par' dir='ltr' id='par_1_85' title="bbox 2105 3063 3674 3146">
     <span class='ocr_line' id='line_1_85' title="bbox 2105 3063 3674 3146; baseline -0.01 -16"><span class='ocrx_word' id='word_1_608' title='bbox 2105 3092 2202 3144; x_wconf 84' lang='grc' dir='ltr'>γον</span> <span class='ocrx_word' id='word_1_609' title='bbox 2260 3075 2595 3146; x_wconf 72' lang='grc' dir='ltr'>ἐπαίροντος,</span> <span class='ocrx_word' id='word_1_610' title='bbox 2623 3071 2760 3142; x_wconf 72' lang='grc' dir='ltr'>γυνὴ</span> <span class='ocrx_word' id='word_1_611' title='bbox 2791 3069 3091 3141; x_wconf 72' lang='grc' dir='ltr'>προθύμως</span> <span class='ocrx_word' id='word_1_612' title='bbox 3123 3067 3224 3138; x_wconf 80' lang='grc' dir='ltr'><strong>μὲν</strong></span> <span class='ocrx_word' id='word_1_613' title='bbox 3261 3063 3674 3136; x_wconf 78' lang='grc' dir='ltr'>συνδραμοῦσα,</span> 
     </span>
    </p>
   </div>
   <div class='ocr_carea' id='block_1_86' title="bbox 2107 3157 3683 3236">
    <p class='ocr_par' dir='ltr' id='par_1_86' title="bbox 2107 3157 3683 3236">
     <span class='ocr_line' id='line_1_86' title="bbox 2107 3157 3683 3236; baseline -0.006 -15"><span class='ocrx_word' id='word_1_614' title='bbox 2107 3167 2202 3220; x_wconf 89' lang='grc' dir='ltr'><strong>τοῦ</strong></span> <span class='ocrx_word' id='word_1_615' title='bbox 2231 3166 2397 3236; x_wconf 74' lang='grc' dir='ltr'>ὕψους</span> <span class='ocrx_word' id='word_1_616' title='bbox 2427 3166 2484 3220; x_wconf 82' lang='grc' dir='ltr'>δὲ</span> <span class='ocrx_word' id='word_1_617' title='bbox 2508 3165 2614 3219; x_wconf 87' lang='grc' dir='ltr'><strong>τῶν</strong></span> <span class='ocrx_word' id='word_1_618' title='bbox 2645 3163 2959 3233; x_wconf 78' lang='grc' dir='ltr'>λεγομένων</span> <span class='ocrx_word' id='word_1_619' title='bbox 3027 3162 3388 3223; x_wconf 79' lang='grc' dir='ltr'>ἐκπίπτουσα,</span> <span class='ocrx_word' id='word_1_620' title='bbox 3425 3157 3683 3231; x_wconf 76' lang='grc' dir='ltr'>φανερῶς</span> 
     </span>
    </p>
   </div>
   <div class='ocr_carea' id='block_1_87' title="bbox 2107 3252 3684 3332">
    <p class='ocr_par' dir='ltr' id='par_1_87' title="bbox 2107 3252 3684 3332">
     <span class='ocr_line' id='line_1_87' title="bbox 2107 3252 3684 3332; baseline -0.005 -20"><span class='ocrx_word' id='word_1_621' title='bbox 2107 3258 2389 3332; x_wconf 74' lang='grc' dir='ltr'>ἐμέμφετο</span> <span class='ocrx_word' id='word_1_622' title='bbox 2415 3257 2494 3328; x_wconf 82' lang='grc' dir='ltr'>τῷ</span> <span class='ocrx_word' id='word_1_623' title='bbox 2516 3257 2683 3327; x_wconf 79' lang='grc' dir='ltr'>λόγῳ,</span> <span class='ocrx_word' id='word_1_624' title='bbox 2731 3256 2828 3310; x_wconf 77' lang='grc' dir='ltr'><strong>καὶ</strong></span> <span class='ocrx_word' id='word_1_625' title='bbox 2875 3254 3124 3324; x_wconf 75' lang='grc' dir='ltr'>ἀνωφελῆ</span> <span class='ocrx_word' id='word_1_626' title='bbox 3169 3252 3360 3308; x_wconf 86' lang='grc' dir='ltr'>τοῦτον</span> <span class='ocrx_word' id='word_1_627' title='bbox 3412 3252 3684 3306; x_wconf 79' lang='grc' dir='ltr'>ἀπεκάλει</span> 
     </span>
    </p>
   </div>
   <div class='ocr_carea' id='block_1_88' title="bbox 2109 3339 3683 3422">
    <p class='ocr_par' dir='ltr' id='par_1_88' title="bbox 2109 3339 3683 3422">
     <span class='ocr_line' id='line_1_88' title="bbox 2109 3339 3683 3422; baseline -0.006 -16"><span class='ocrx_word' id='word_1_628' title='bbox 2109 3351 2204 3406; x_wconf 78' lang='grc' dir='ltr'>καὶ</span> <span class='ocrx_word' id='word_1_629' title='bbox 2235 3353 2505 3422; x_wconf 84' lang='grc' dir='ltr'>ἄκαρπον.</span> <span class='ocrx_word' id='word_1_630' title='bbox 2544 3347 2713 3402; x_wconf 88' lang='grc' dir='ltr'>Τοῦτο</span> <span class='ocrx_word' id='word_1_631' title='bbox 2742 3347 2966 3402; x_wconf 73' lang='grc' dir='ltr'>ἐκείνων</span> <span class='ocrx_word' id='word_1_632' title='bbox 2995 3349 3074 3410; x_wconf 88' lang='grc' dir='ltr'><strong>είς</strong></span> <span class='ocrx_word' id='word_1_633' title='bbox 3099 3339 3216 3400; x_wconf 80' lang='grc' dir='ltr'>ὦτα</span> <span class='ocrx_word' id='word_1_634' title='bbox 3256 3345 3435 3411; x_wconf 75' lang='grc' dir='ltr'>ἐλθὸν,</span> <span class='ocrx_word' id='word_1_635' title='bbox 3458 3345 3605 3416; x_wconf 73' lang='grc' dir='ltr'>πρὸς</span> <span class='ocrx_word' id='word_1_636' title='bbox 3626 3345 3683 3398; x_wconf 82' lang='grc' dir='ltr'>τὸ</span> 
     </span>
    </p>
   </div>
   <div class='ocr_carea' id='block_1_89' title="bbox 2111 3439 3678 3517">
    <p class='ocr_par' dir='ltr' id='par_1_89' title="bbox 2111 3439 3678 3517">
     <span class='ocr_line' id='line_1_89' title="bbox 2111 3439 3678 3517; baseline -0.003 -18"><span class='ocrx_word' id='word_1_637' title='bbox 2111 3443 2309 3517; x_wconf 85' lang='grc' dir='ltr'>μᾶλλον</span> <span class='ocrx_word' id='word_1_638' title='bbox 2341 3441 2513 3512; x_wconf 79' lang='grc' dir='ltr'>σαφὲς</span> <span class='ocrx_word' id='word_1_639' title='bbox 2553 3443 2645 3495; x_wconf 79' lang='grc' dir='ltr'><strong>καὶ</strong></span> <span class='ocrx_word' id='word_1_640' title='bbox 2675 3441 3006 3496; x_wconf 84' lang='grc' dir='ltr'>εὐσύνοπτον</span> <span class='ocrx_word' id='word_1_641' title='bbox 3047 3441 3138 3494; x_wconf 78' lang='grc' dir='ltr'><strong>τὸν</strong></span> <span class='ocrx_word' id='word_1_642' title='bbox 3167 3439 3324 3509; x_wconf 82' lang='grc' dir='ltr'>λόγον</span> <span class='ocrx_word' id='word_1_643' title='bbox 3357 3441 3678 3494; x_wconf 68' lang='grc' dir='ltr'>συντάττειν</span> 
     </span>
    </p>
   </div>
   <div class='ocr_carea' id='block_1_90' title="bbox 2108 3530 3684 3608">
    <p class='ocr_par' dir='ltr' id='par_1_90' title="bbox 2108 3530 3684 3608">
     <span class='ocr_line' id='line_1_90' title="bbox 2108 3530 3684 3608; baseline -0.005 -17"><span class='ocrx_word' id='word_1_644' title='bbox 2108 3535 2539 3608; x_wconf 78' lang='grc' dir='ltr'>παρασκευάζει.</span> <span class='ocrx_word' id='word_1_645' title='bbox 2567 3534 2700 3588; x_wconf 81' lang='grc' dir='ltr'>Τότε</span> <span class='ocrx_word' id='word_1_646' title='bbox 2727 3533 2790 3604; x_wconf 80' lang='grc' dir='ltr'>δὴ</span> <span class='ocrx_word' id='word_1_647' title='bbox 2823 3533 2916 3587; x_wconf 74' lang='grc' dir='ltr'>καὶ</span> <span class='ocrx_word' id='word_1_648' title='bbox 2942 3533 3054 3586; x_wconf 84' lang='grc' dir='ltr'><strong>τῶν</strong></span> <span class='ocrx_word' id='word_1_649' title='bbox 3082 3532 3384 3602; x_wconf 77' lang='grc' dir='ltr'>φιλολόγων</span> <span class='ocrx_word' id='word_1_650' title='bbox 3427 3531 3582 3596; x_wconf 81' lang='grc' dir='ltr'>τινὲς</span> <span class='ocrx_word' id='word_1_651' title='bbox 3609 3530 3684 3600; x_wconf 69' lang='grc' dir='ltr'><strong>σιῷ</strong></span> 
     </span>
    </p>
   </div>
   <div class='ocr_carea' id='block_1_91' title="bbox 2111 3623 3681 3703">
    <p class='ocr_par' dir='ltr' id='par_1_91' title="bbox 2111 3623 3681 3703">
     <span class='ocr_line' id='line_1_91' title="bbox 2111 3623 3681 3703; baseline -0.005 -19"><span class='ocrx_word' id='word_1_652' title='bbox 2111 3630 2288 3703; x_wconf 83' lang='grc' dir='ltr'>μέλιτι</span> <span class='ocrx_word' id='word_1_653' title='bbox 2334 3627 2433 3698; x_wconf 77' lang='grc' dir='ltr'>τῆς</span> <span class='ocrx_word' id='word_1_654' title='bbox 2466 3625 2708 3683; x_wconf 66' lang='grc' dir='ltr'>ἑκείνου,</span> <span class='ocrx_word' id='word_1_655' title='bbox 2740 3625 2986 3696; x_wconf 79' lang='grc' dir='ltr'>γλώττης</span> <span class='ocrx_word' id='word_1_656' title='bbox 3016 3623 3379 3695; x_wconf 79' lang='grc' dir='ltr'>διαφερόντως</span> <span class='ocrx_word' id='word_1_657' title='bbox 3407 3623 3681 3694; x_wconf 70' lang='grc' dir='ltr'>ἡδόμενοι,</span> 
     </span>
    </p>
   </div>
   <div class='ocr_carea' id='block_1_92' title="bbox 2108 3713 3682 3788">
    <p class='ocr_par' dir='ltr' id='par_1_92' title="bbox 2108 3713 3682 3788">
     <span class='ocr_line' id='line_1_92' title="bbox 2108 3713 3682 3788; baseline -0.018 6"><span class='ocrx_word' id='word_1_658' title='bbox 2108 3721 2204 3776; x_wconf 68' lang='grc' dir='ltr'>καὶ</span> <span class='ocrx_word' id='word_1_659' title='bbox 2261 3720 2386 3782; x_wconf 70' lang='grc' dir='ltr'>τοὺς</span> <span class='ocrx_word' id='word_1_660' title='bbox 2408 3717 2598 3786; x_wconf 79' lang='grc' dir='ltr'>λόγους</span> <span class='ocrx_word' id='word_1_661' title='bbox 2627 3717 2700 3780; x_wconf 77' lang='grc' dir='ltr'><strong>ὡς</strong></span> <span class='ocrx_word' id='word_1_662' title='bbox 2727 3715 2826 3788; x_wconf 77' lang='grc' dir='ltr'><strong>μὲν</strong></span> <span class='ocrx_word' id='word_1_663' title='bbox 2889 3715 3214 3785; x_wconf 77' lang='grc' dir='ltr'>ἐπωφελεῖς,</span> <span class='ocrx_word' id='word_1_664' title='bbox 3246 3713 3323 3778; x_wconf 82' lang='grc' dir='ltr'>ὡς</span> <span class='ocrx_word' id='word_1_665' title='bbox 3349 3714 3407 3768; x_wconf 79' lang='grc' dir='ltr'>δὲ</span> <span class='ocrx_word' id='word_1_666' title='bbox 3437 3713 3682 3786; x_wconf 73' lang='grc' dir='ltr'>ἀληθεῖς,</span> 
     </span>
    </p>
   </div>
   <div class='ocr_carea' id='block_1_93' title="bbox 2107 3807 3683 3882">
    <p class='ocr_par' dir='ltr' id='par_1_93' title="bbox 2107 3807 3683 3882">
     <span class='ocr_line' id='line_1_93' title="bbox 2107 3807 3683 3882; baseline -0.004 -16"><span class='ocrx_word' id='word_1_667' title='bbox 2107 3812 2182 3876; x_wconf 87' lang='grc' dir='ltr'>ὼς</span> <span class='ocrx_word' id='word_1_668' title='bbox 2209 3811 2266 3866; x_wconf 79' lang='grc' dir='ltr'>δὲ</span> <span class='ocrx_word' id='word_1_669' title='bbox 2289 3811 2579 3882; x_wconf 70' lang='grc' dir='ltr'>νοημάτων</span> <span class='ocrx_word' id='word_1_670' title='bbox 2622 3807 2780 3862; x_wconf 80' lang='grc' dir='ltr'>θείων</span> <span class='ocrx_word' id='word_1_671' title='bbox 2822 3807 3050 3878; x_wconf 81' lang='grc' dir='ltr'>πλήρεις</span> <span class='ocrx_word' id='word_1_672' title='bbox 3079 3807 3476 3868; x_wconf 70' lang='grc' dir='ltr'>κατανοοῦντες</span> <span class='ocrx_word' id='word_1_673' title='bbox 3512 3846 3532 3870; x_wconf 88' lang='grc'><strong>,</strong></span> <span class='ocrx_word' id='word_1_674' title='bbox 3591 3808 3683 3860; x_wconf 77' lang='grc' dir='ltr'>καὶ</span> 
     </span>
    </p>
   </div>
   <div class='ocr_carea' id='block_1_94' title="bbox 2107 3901 3681 3976">
    <p class='ocr_par' dir='ltr' id='par_1_94' title="bbox 2107 3901 3681 3976">
     <span class='ocr_line' id='line_1_94' title="bbox 2107 3901 3681 3976; baseline 0.009 -16"><span class='ocrx_word' id='word_1_675' title='bbox 2107 3907 2254 3970; x_wconf 84' lang='grc' dir='ltr'>ὅπως</span> <span class='ocrx_word' id='word_1_676' title='bbox 2285 3906 2383 3976; x_wconf 82' lang='grc' dir='ltr'>μὲν</span> <span class='ocrx_word' id='word_1_677' title='bbox 2415 3904 2736 3975; x_wconf 78' lang='grc' dir='ltr'>σαφηνείας.</span> <span class='ocrx_word' id='word_1_678' title='bbox 2779 3903 2926 3966; x_wconf 75' lang='grc' dir='ltr'>ὅπως</span> <span class='ocrx_word' id='word_1_679' title='bbox 2954 3902 3010 3956; x_wconf 53' lang='grc' dir='ltr'><strong>δὲ</strong></span> <span class='ocrx_word' id='word_1_680' title='bbox 3039 3901 3266 3972; x_wconf 79' lang='grc' dir='ltr'>μεθόδου</span> <span class='ocrx_word' id='word_1_681' title='bbox 3307 3901 3403 3956; x_wconf 64' lang='grc' dir='ltr'><strong>καὶ</strong></span> <span class='ocrx_word' id='word_1_682' title='bbox 3457 3903 3681 3973; x_wconf 65' lang='grc' dir='ltr'><strong>τέκνηῖν</strong></span> 
     </span>
    </p>
   </div>
   <div class='ocr_carea' id='block_1_95' title="bbox 2109 3992 3683 4068">
    <p class='ocr_par' dir='ltr' id='par_1_95' title="bbox 2109 3992 3683 4068">
     <span class='ocr_line' id='line_1_95' title="bbox 2109 3992 3683 4068; baseline -0.004 -17"><span class='ocrx_word' id='word_1_683' title='bbox 2109 3998 2255 4062; x_wconf 81' lang='grc' dir='ltr'>ὅπως</span> <span class='ocrx_word' id='word_1_684' title='bbox 2274 3997 2330 4051; x_wconf 83' lang='grc' dir='ltr'>δὲ</span> <span class='ocrx_word' id='word_1_685' title='bbox 2360 3997 2579 4068; x_wconf 82' lang='grc' dir='ltr'>χάριτος</span> <span class='ocrx_word' id='word_1_686' title='bbox 2616 3995 2797 4066; x_wconf 79' lang='grc' dir='ltr'>ἔχουσι</span> <span class='ocrx_word' id='word_1_687' title='bbox 2844 3995 2940 4048; x_wconf 75' lang='grc' dir='ltr'>καὶ</span> <span class='ocrx_word' id='word_1_688' title='bbox 2969 3993 3205 4065; x_wconf 81' lang='grc' dir='ltr'>εὐροίας,</span> <span class='ocrx_word' id='word_1_689' title='bbox 3239 3993 3349 4046; x_wconf 80' lang='grc' dir='ltr'>οἴου</span> <span class='ocrx_word' id='word_1_690' title='bbox 3376 3994 3432 4046; x_wconf 74' lang='grc' dir='ltr'>δὲ</span> <span class='ocrx_word' id='word_1_691' title='bbox 3468 3992 3683 4064; x_wconf 78' lang='grc' dir='ltr'>ῥυθμοῦ</span> 
     </span>
    </p>
   </div>
   <div class='ocr_carea' id='block_1_96' title="bbox 2111 4083 3684 4158">
    <p class='ocr_par' dir='ltr' id='par_1_96' title="bbox 2111 4083 3684 4158">
     <span class='ocr_line' id='line_1_96' title="bbox 2111 4083 3684 4158; baseline -0.003 -17"><span class='ocrx_word' id='word_1_692' title='bbox 2111 4087 2204 4142; x_wconf 72' lang='grc' dir='ltr'><strong>καὶ</strong></span> <span class='ocrx_word' id='word_1_693' title='bbox 2227 4087 2520 4158; x_wconf 82' lang='grc' dir='ltr'>συνθήκης,</span> <span class='ocrx_word' id='word_1_694' title='bbox 2545 4085 2596 4138; x_wconf 80' lang='lat' dir='ltr'><strong>oi</strong></span> <span class='ocrx_word' id='word_1_695' title='bbox 2625 4086 2740 4156; x_wconf 77' lang='grc' dir='ltr'>μὲν,</span> <span class='ocrx_word' id='word_1_696' title='bbox 2800 4083 2934 4138; x_wconf 86' lang='grc' dir='ltr'>Θεοῦ</span> <span class='ocrx_word' id='word_1_697' title='bbox 2956 4101 3015 4136; x_wconf 86' lang='grc' dir='ltr'><strong>τε</strong></span> <span class='ocrx_word' id='word_1_698' title='bbox 3047 4085 3144 4138; x_wconf 78' lang='grc' dir='ltr'>καὶ</span> <span class='ocrx_word' id='word_1_699' title='bbox 3203 4083 3441 4154; x_wconf 76' lang='grc' dir='ltr'>Χριστοῦ</span> <span class='ocrx_word' id='word_1_700' title='bbox 3483 4085 3684 4154; x_wconf 77' lang='grc' dir='ltr'>στόμα,</span> 
     </span>
    </p>
   </div>
   <div class='ocr_carea' id='block_1_97' title="bbox 2108 4173 3684 4248">
    <p class='ocr_par' dir='ltr' id='par_1_97' title="bbox 2108 4173 3684 4248">
     <span class='ocr_line' id='line_1_97' title="bbox 2108 4173 3684 4248; baseline -0.003 -18"><span class='ocrx_word' id='word_1_701' title='bbox 2108 4180 2157 4230; x_wconf 82' lang='grc' dir='ltr'><strong>οἱ</strong></span> <span class='ocrx_word' id='word_1_702' title='bbox 2191 4176 2318 4248; x_wconf 74' lang='grc' dir='ltr'>δὲ(ὃ</span> <span class='ocrx_word' id='word_1_703' title='bbox 2346 4177 2438 4230; x_wconf 71' lang='grc' dir='ltr'><strong>καὶ</strong></span> <span class='ocrx_word' id='word_1_704' title='bbox 2488 4175 2691 4246; x_wconf 80' lang='grc' dir='ltr'>μᾶλλον</span> <span class='ocrx_word' id='word_1_705' title='bbox 2753 4175 2976 4246; x_wconf 79' lang='grc' dir='ltr'>κρατεῖν</span> <span class='ocrx_word' id='word_1_706' title='bbox 3035 4173 3246 4246; x_wconf 64' lang='grc' dir='ltr'>ἴσχυσε)</span> <span class='ocrx_word' id='word_1_707' title='bbox 3296 4175 3684 4246; x_wconf 84' lang='grc' dir='ltr'>Χρυσόστομον</span> 
     </span>
    </p>
   </div>
   <div class='ocr_carea' id='block_1_98' title="bbox 2109 4263 3684 4332">
    <p class='ocr_par' dir='ltr' id='par_1_98' title="bbox 2109 4263 3684 4332">
     <span class='ocr_line' id='line_1_98' title="bbox 2109 4263 3684 4332; baseline -0.003 -11"><span class='ocrx_word' id='word_1_708' title='bbox 2109 4265 2271 4321; x_wconf 81' lang='grc' dir='ltr'>αὐτὸν</span> <span class='ocrx_word' id='word_1_709' title='bbox 2321 4265 2652 4319; x_wconf 82' lang='grc' dir='ltr'>ἀπεκάλουν.</span> <span class='ocrx_word' id='word_1_710' title='bbox 2706 4265 2862 4319; x_wconf 82' lang='grc' dir='ltr'>Μετά</span> <span class='ocrx_word' id='word_1_711' title='bbox 2895 4263 2954 4317; x_wconf 75' lang='grc' dir='ltr'>δὲ</span> <span class='ocrx_word' id='word_1_712' title='bbox 2995 4263 3190 4327; x_wconf 83' lang='grc' dir='ltr'>ταῦτα,</span> <span class='ocrx_word' id='word_1_713' title='bbox 3233 4264 3552 4327; x_wconf 74' lang='grc' dir='ltr'>Φλαϐιανδς.</span> <span class='ocrx_word' id='word_1_714' title='bbox 3589 4266 3684 4332; x_wconf 83' lang='grc' dir='ltr'>μὲν</span> 
     </span>
    </p>
   </div>
   <div class='ocr_carea' id='block_1_99' title="bbox 2110 4355 3684 4429">
    <p class='ocr_par' dir='ltr' id='par_1_99' title="bbox 2110 4355 3684 4429">
     <span class='ocr_line' id='line_1_99' title="bbox 2110 4355 3684 4429; baseline 0 -17"><span class='ocrx_word' id='word_1_715' title='bbox 2110 4357 2374 4429; x_wconf 82' lang='grc' dir='ltr'>πρόεδρον</span> <span class='ocrx_word' id='word_1_716' title='bbox 2405 4355 2567 4410; x_wconf 70' lang='grc' dir='ltr'>αὑτὸν</span> <span class='ocrx_word' id='word_1_717' title='bbox 2597 4356 2696 4425; x_wconf 76' lang='grc' dir='ltr'>τῆς</span> <span class='ocrx_word' id='word_1_718' title='bbox 2735 4355 3056 4427; x_wconf 80' lang='grc' dir='ltr'>Ἀντιοχέων</span> <span class='ocrx_word' id='word_1_719' title='bbox 3074 4355 3400 4426; x_wconf 83' lang='grc' dir='ltr'>Ἐκκλησίας</span> <span class='ocrx_word' id='word_1_720' title='bbox 3437 4358 3540 4410; x_wconf 75' lang='grc' dir='ltr'><strong>καὶ</strong></span> <span class='ocrx_word' id='word_1_721' title='bbox 3569 4359 3684 4412; x_wconf 76' lang='grc' dir='ltr'>διὰ·</span> 
     </span>
    </p>
   </div>
   <div class='ocr_carea' id='block_1_100' title="bbox 2109 4444 3683 4518">
    <p class='ocr_par' dir='ltr' id='par_1_100' title="bbox 2109 4444 3683 4518">
     <span class='ocr_line' id='line_1_100' title="bbox 2109 4444 3683 4518; baseline 0 -18"><span class='ocrx_word' id='word_1_722' title='bbox 2109 4446 2264 4518; x_wconf 87' lang='grc' dir='ltr'>δοχον</span> <span class='ocrx_word' id='word_1_723' title='bbox 2311 4444 2476 4501; x_wconf 80' lang='grc' dir='ltr'>αὐτοῦ</span> <span class='ocrx_word' id='word_1_724' title='bbox 2543 4445 2982 4516; x_wconf 73' lang='grc' dir='ltr'>καταλιμπάνειν</span> <span class='ocrx_word' id='word_1_725' title='bbox 3028 4447 3298 4516; x_wconf 67' lang='grc' dir='ltr'>οἰόμενος.</span> <span class='ocrx_word' id='word_1_726' title='bbox 3349 4447 3513 4516; x_wconf 70' lang='grc' dir='ltr'>ἐνῆγε</span> <span class='ocrx_word' id='word_1_727' title='bbox 3555 4448 3683 4517; x_wconf 62' lang='grc' dir='ltr'>πρῖις</span> 
     </span>
    </p>
   </div>
   <div class='ocr_carea' id='block_1_101' title="bbox 2105 4535 3680 4608">
    <p class='ocr_par' dir='ltr' id='par_1_101' title="bbox 2105 4535 3680 4608">
     <span class='ocr_line' id='line_1_101' title="bbox 2105 4535 3680 4608; baseline -0.003 -15"><span class='ocrx_word' id='word_1_728' title='bbox 2105 4537 2288 4603; x_wconf 87' lang='grc' dir='ltr'>τοῦτο,</span> <span class='ocrx_word' id='word_1_729' title='bbox 2337 4537 2432 4590; x_wconf 74' lang='grc' dir='ltr'>καὶ</span> <span class='ocrx_word' id='word_1_730' title='bbox 2492 4537 2593 4606; x_wconf 82' lang='grc' dir='ltr'>τὴν</span> <span class='ocrx_word' id='word_1_731' title='bbox 2628 4535 2735 4589; x_wconf 88' lang='grc' dir='ltr'><strong>τῶν</strong></span> <span class='ocrx_word' id='word_1_732' title='bbox 2791 4535 3136 4608; x_wconf 71' lang='grc' dir='ltr'>πραγμάτων</span> <span class='ocrx_word' id='word_1_733' title='bbox 3188 4535 3341 4606; x_wconf 84' lang='grc' dir='ltr'>αὐτῷ</span> <span class='ocrx_word' id='word_1_734' title='bbox 3365 4539 3680 4606; x_wconf 75' lang='grc' dir='ltr'>οἰκονομίαν</span> 
     </span>
    </p>
   </div>
   <div class='ocr_carea' id='block_1_102' title="bbox 2106 4613 3682 4699">
    <p class='ocr_par' dir='ltr' id='par_1_102' title="bbox 2106 4613 3682 4699">
     <span class='ocr_line' id='line_1_102' title="bbox 2106 4613 3682 4699; baseline -0.001 -17"><span class='ocrx_word' id='word_1_735' title='bbox 2106 4628 2432 4699; x_wconf 74' lang='grc' dir='ltr'>ἐγχειρίζειν</span> <span class='ocrx_word' id='word_1_736' title='bbox 2459 4627 2744 4696; x_wconf 67' lang='grc' dir='ltr'>ἠϐούλετο.</span> <span class='ocrx_word' id='word_1_737' title='bbox 2773 4626 2866 4698; x_wconf 81' lang='grc' dir='ltr'><strong>Τῷ</strong></span> <span class='ocrx_word' id='word_1_738' title='bbox 2885 4626 2940 4679; x_wconf 79' lang='grc' dir='ltr'>δὲ</span> <span class='ocrx_word' id='word_1_739' title='bbox 2970 4613 3269 4697; x_wconf 77' lang='grc' dir='ltr'>φροντίδων</span> <span class='ocrx_word' id='word_1_740' title='bbox 3307 4626 3467 4698; x_wconf 74' lang='grc' dir='ltr'>ὄχλος</span> <span class='ocrx_word' id='word_1_741' title='bbox 3497 4629 3598 4682; x_wconf 66' lang='grc' dir='ltr'><strong>καὶ</strong></span> <span class='ocrx_word' id='word_1_742' title='bbox 3624 4629 3682 4682; x_wconf 79' lang='grc' dir='ltr'><strong>τὸ</strong></span> 
     </span>
    </p>
   </div>
   <div class='ocr_carea' id='block_1_103' title="bbox 2109 4717 3682 4790">
    <p class='ocr_par' dir='ltr' id='par_1_103' title="bbox 2109 4717 3682 4790">
     <span class='ocr_line' id='line_1_103' title="bbox 2109 4717 3682 4790; baseline -0.003 -17"><span class='ocrx_word' id='word_1_743' title='bbox 2109 4720 2245 4790; x_wconf 73' lang='grc' dir='ltr'>πρὸς</span> <span class='ocrx_word' id='word_1_744' title='bbox 2269 4719 2338 4773; x_wconf 77' lang='grc' dir='ltr'><strong>τὰ</strong></span> <span class='ocrx_word' id='word_1_745' title='bbox 2371 4717 2592 4772; x_wconf 83' lang='grc' dir='ltr'>τοιαῦτα</span> <span class='ocrx_word' id='word_1_746' title='bbox 2625 4717 2996 4788; x_wconf 74' lang='grc' dir='ltr'>περισπᾶσθαι</span> <span class='ocrx_word' id='word_1_747' title='bbox 3039 4718 3130 4770; x_wconf 83' lang='grc' dir='ltr'>τὸν</span> <span class='ocrx_word' id='word_1_748' title='bbox 3179 4717 3302 4771; x_wconf 85' lang='grc' dir='ltr'>νοῦν</span> <span class='ocrx_word' id='word_1_749' title='bbox 3334 4719 3682 4773; x_wconf 80' lang='grc' dir='ltr'>παντάπατιν</span> 
     </span>
    </p>
   </div>
   <div class='ocr_carea' id='block_1_104' title="bbox 2107 4809 3682 4882">
    <p class='ocr_par' dir='ltr' id='par_1_104' title="bbox 2107 4809 3682 4882">
     <span class='ocr_line' id='line_1_104' title="bbox 2107 4809 3682 4882; baseline -0.003 -14"><span class='ocrx_word' id='word_1_750' title='bbox 2107 4813 2296 4882; x_wconf 73' lang='grc' dir='ltr'>ἄφιλον</span> <span class='ocrx_word' id='word_1_751' title='bbox 2327 4810 2410 4873; x_wconf 77' lang='grc' dir='ltr'>ὃν,</span> <span class='ocrx_word' id='word_1_752' title='bbox 2437 4809 2597 4864; x_wconf 87' lang='grc' dir='ltr'>τοῦτο</span> <span class='ocrx_word' id='word_1_753' title='bbox 2625 4811 2723 4882; x_wconf 76' lang='grc' dir='ltr'>μὲν</span> <span class='ocrx_word' id='word_1_754' title='bbox 2762 4809 2857 4864; x_wconf 73' lang='grc' dir='ltr'>καὶ</span> <span class='ocrx_word' id='word_1_755' title='bbox 2887 4810 3059 4881; x_wconf 73' lang='grc' dir='ltr'>ἡδέως</span> <span class='ocrx_word' id='word_1_756' title='bbox 3122 4809 3385 4866; x_wconf 83' lang='grc' dir='ltr'>ἀπώσατο</span> <span class='ocrx_word' id='word_1_757' title='bbox 3411 4826 3426 4841; x_wconf 77' lang='grc' dir='ltr'><strong>ο</strong></span> <span class='ocrx_word' id='word_1_758' title='bbox 3459 4813 3602 4882; x_wconf 73' lang='grc' dir='ltr'>μόνῃ</span> <span class='ocrx_word' id='word_1_759' title='bbox 3629 4813 3682 4864; x_wconf 72' lang='grc' dir='ltr'>δὲ</span> 
     </span>
    </p>
   </div>
   <div class='ocr_carea' id='block_1_105' title="bbox 2110 4902 3680 4977">
    <p class='ocr_par' dir='ltr' id='par_1_105' title="bbox 2110 4902 3680 4977">
     <span class='ocr_line' id='line_1_105' title="bbox 2110 4902 3680 4977; baseline -0.003 -16"><span class='ocrx_word' id='word_1_760' title='bbox 2110 4910 2174 4976; x_wconf 78' lang='grc' dir='ltr'>τῇ</span> <span class='ocrx_word' id='word_1_761' title='bbox 2207 4905 2546 4977; x_wconf 79' lang='grc' dir='ltr'>διδασκαλίᾳ,</span> <span class='ocrx_word' id='word_1_762' title='bbox 2599 4904 2690 4958; x_wconf 82' lang='grc' dir='ltr'>καὶ</span> <span class='ocrx_word' id='word_1_763' title='bbox 2717 4906 2780 4975; x_wconf 81' lang='grc' dir='ltr'>τῇ</span> <span class='ocrx_word' id='word_1_764' title='bbox 2813 4904 2922 4956; x_wconf 85' lang='grc' dir='ltr'><strong>τῶν</strong></span> <span class='ocrx_word' id='word_1_765' title='bbox 2961 4902 3202 4958; x_wconf 84' lang='grc' dir='ltr'>ἀσθενῶν</span> <span class='ocrx_word' id='word_1_766' title='bbox 3234 4903 3526 4975; x_wconf 64' lang='grc' dir='ltr'>ἐπισκέψει</span> <span class='ocrx_word' id='word_1_767' title='bbox 3558 4921 3680 4974; x_wconf 81' lang='grc' dir='ltr'>σχο-</span> 
     </span>
    </p>
   </div>
   <div class='ocr_carea' id='block_1_106' title="bbox 2110 4989 3676 5068">
    <p class='ocr_par' dir='ltr' id='par_1_106' title="bbox 2110 4989 3676 5068">
     <span class='ocr_line' id='line_1_106' title="bbox 2110 4989 3676 5068; baseline -0.001 -17"><span class='ocrx_word' id='word_1_768' title='bbox 2110 4998 2296 5063; x_wconf 72' lang='grc' dir='ltr'>λάζειν</span> <span class='ocrx_word' id='word_1_769' title='bbox 2363 4998 2597 5068; x_wconf 77' lang='grc' dir='ltr'>ἔκρινεν,</span> <span class='ocrx_word' id='word_1_770' title='bbox 2628 4993 2689 5063; x_wconf 68' lang='grc' dir='ltr'><strong>ἐξ</strong></span> <span class='ocrx_word' id='word_1_771' title='bbox 2719 4989 2793 5050; x_wconf 82' lang='grc' dir='ltr'>ὧν</span> <span class='ocrx_word' id='word_1_772' title='bbox 2826 4995 2920 5050; x_wconf 77' lang='grc' dir='ltr'>καὶ</span> <span class='ocrx_word' id='word_1_773' title='bbox 2951 4995 3178 5058; x_wconf 74' lang='grc' dir='ltr'>πολλοὺς</span> <span class='ocrx_word' id='word_1_774' title='bbox 3208 4994 3284 5066; x_wconf 82' lang='grc' dir='ltr'>τῷ</span> <span class='ocrx_word' id='word_1_775' title='bbox 3306 4997 3485 5052; x_wconf 81' lang='grc' dir='ltr'>πάντα</span> <span class='ocrx_word' id='word_1_776' title='bbox 3517 4998 3676 5052; x_wconf 78' lang='grc' dir='ltr'>δυνα-</span> 
     </span>
    </p>
   </div>
   <div class='ocr_carea' id='block_1_107' title="bbox 2113 5089 3676 5164">
    <p class='ocr_par' dir='ltr' id='par_1_107' title="bbox 2113 5089 3676 5164">
     <span class='ocr_line' id='line_1_107' title="bbox 2113 5089 3676 5164; baseline 0 -18"><span class='ocrx_word' id='word_1_777' title='bbox 2113 5093 2261 5164; x_wconf 83' lang='grc' dir='ltr'>μένῳ</span> <span class='ocrx_word' id='word_1_778' title='bbox 2309 5090 2546 5163; x_wconf 84' lang='grc' dir='ltr'>Χριστοῦ</span> <span class='ocrx_word' id='word_1_779' title='bbox 2593 5091 2840 5161; x_wconf 81' lang='grc' dir='ltr'>ὀνόματι,</span> <span class='ocrx_word' id='word_1_780' title='bbox 2866 5090 2966 5159; x_wconf 83' lang='grc' dir='ltr'>τῆς</span> <span class='ocrx_word' id='word_1_781' title='bbox 3012 5089 3298 5154; x_wconf 88' lang='grc' dir='ltr'>ἀσθενείας</span> <span class='ocrx_word' id='word_1_782' title='bbox 3347 5091 3676 5162; x_wconf 78' lang='grc' dir='ltr'>ἀπήλλαττε.</span> 
     </span>
    </p>
   </div>
   <div class='ocr_carea' id='block_1_108' title="bbox 2108 5180 3677 5256">
    <p class='ocr_par' dir='ltr' id='par_1_108' title="bbox 2108 5180 3677 5256">
     <span class='ocr_line' id='line_1_108' title="bbox 2108 5180 3677 5256; baseline -0.001 -15"><span class='ocrx_word' id='word_1_783' title='bbox 2108 5187 2220 5241; x_wconf 81' lang='grc' dir='ltr'><strong>Καὶ</strong></span> <span class='ocrx_word' id='word_1_784' title='bbox 2279 5185 2389 5256; x_wconf 81' lang='grc' dir='ltr'><strong>γὰρ</strong></span> <span class='ocrx_word' id='word_1_785' title='bbox 2431 5185 2667 5254; x_wconf 73' lang='grc' dir='ltr'>ἐπιφανῆ</span> <span class='ocrx_word' id='word_1_786' title='bbox 2728 5183 2920 5236; x_wconf 85' lang='grc' dir='ltr'>τοῦτον</span> <span class='ocrx_word' id='word_1_787' title='bbox 2975 5183 3072 5236; x_wconf 66' lang='grc' dir='ltr'>καὶ</span> <span class='ocrx_word' id='word_1_788' title='bbox 3122 5180 3282 5246; x_wconf 79' lang='grc' dir='ltr'>αὖθις</span> <span class='ocrx_word' id='word_1_789' title='bbox 3329 5187 3390 5239; x_wconf 79' lang='grc' dir='ltr'><strong>τὸ</strong></span> <span class='ocrx_word' id='word_1_790' title='bbox 3461 5185 3677 5256; x_wconf 77' lang='grc' dir='ltr'>πνεῦμα</span> 
     </span>
    </p>
   </div>
   <div class='ocr_carea' id='block_1_109' title="bbox 2104 5272 3678 5346">
    <p class='ocr_par' dir='ltr' id='par_1_109' title="bbox 2104 5272 3678 5346">
     <span class='ocr_line' id='line_1_109' title="bbox 2104 5272 3678 5346; baseline 0.001 -16"><span class='ocrx_word' id='word_1_791' title='bbox 2104 5277 2340 5346; x_wconf 86' lang='grc' dir='ltr'>καθίστη</span> <span class='ocrx_word' id='word_1_792' title='bbox 2382 5277 2478 5331; x_wconf 72' lang='grc' dir='ltr'><strong>καὶ</strong></span> <span class='ocrx_word' id='word_1_793' title='bbox 2527 5274 2773 5340; x_wconf 69' lang='grc' dir='ltr'>δοξάζειν</span> <span class='ocrx_word' id='word_1_794' title='bbox 2817 5273 3101 5344; x_wconf 75' lang='grc' dir='ltr'>ἠϐούλετο.</span> <span class='ocrx_word' id='word_1_795' title='bbox 3157 5274 3325 5330; x_wconf 80' lang='grc' dir='ltr'>Οὐδὲν</span> <span class='ocrx_word' id='word_1_796' title='bbox 3358 5276 3418 5330; x_wconf 79' lang='grc' dir='ltr'>δὲ</span> <span class='ocrx_word' id='word_1_797' title='bbox 3448 5272 3563 5331; x_wconf 78' lang='grc' dir='ltr'>οἷον</span> <span class='ocrx_word' id='word_1_798' title='bbox 3587 5279 3678 5332; x_wconf 76' lang='grc' dir='ltr'><strong>καὶ</strong></span> 
     </span>
    </p>
   </div>
   <div class='ocr_carea' id='block_1_110' title="bbox 2100 5365 3675 5440">
    <p class='ocr_par' dir='ltr' id='par_1_110' title="bbox 2100 5365 3675 5440">
     <span class='ocr_line' id='line_1_110' title="bbox 2100 5365 3675 5440; baseline 0.002 -18"><span class='ocrx_word' id='word_1_799' title='bbox 2100 5369 2257 5438; x_wconf 80' lang='grc' dir='ltr'>ὀλίγα</span> <span class='ocrx_word' id='word_1_800' title='bbox 2310 5367 2635 5440; x_wconf 80' lang='grc' dir='ltr'>παραθεῖναι</span> <span class='ocrx_word' id='word_1_801' title='bbox 2667 5367 2746 5437; x_wconf 85' lang='grc' dir='ltr'>τῷ</span> <span class='ocrx_word' id='word_1_802' title='bbox 2771 5365 2918 5436; x_wconf 85' lang='grc' dir='ltr'><strong>λόγῳ</strong></span> <span class='ocrx_word' id='word_1_803' title='bbox 2949 5367 3086 5439; x_wconf 76' lang='grc' dir='ltr'>πρὸς</span> <span class='ocrx_word' id='word_1_804' title='bbox 3129 5367 3440 5436; x_wconf 79' lang='grc' dir='ltr'>δοξολογίαν</span> <span class='ocrx_word' id='word_1_805' title='bbox 3466 5370 3562 5424; x_wconf 85' lang='grc' dir='ltr'><strong>τοῦ</strong></span> <span class='ocrx_word' id='word_1_806' title='bbox 3584 5371 3675 5425; x_wconf 78' lang='grc' dir='ltr'>δυο</span> 
     </span>
    </p>
   </div>
   <div class='ocr_carea' id='block_1_111' title="bbox 2100 5460 2476 5530">
    <p class='ocr_par' dir='ltr' id='par_1_111' title="bbox 2100 5460 2476 5530">
     <span class='ocr_line' id='line_1_111' title="bbox 2100 5460 2476 5530; baseline 0 -16"><span class='ocrx_word' id='word_1_807' title='bbox 2100 5460 2476 5530; x_wconf 86' lang='grc' dir='ltr'>ναμὼσαντος.</span> 
     </span>
    </p>
   </div>
   <div class='ocr_carea' id='block_1_112' title="bbox 419 5547 2327 5626">
    <p class='ocr_par' dir='ltr' id='par_1_112' title="bbox 419 5547 2327 5626">
     <span class='ocr_line' id='line_1_112' title="bbox 419 5547 2327 5626; baseline 0.005 -28"><span class='ocrx_word' id='word_1_808' title='bbox 419 5556 528 5602; x_wconf 86' lang='lat' dir='ltr'><strong>tem</strong></span> <span class='ocrx_word' id='word_1_809' title='bbox 563 5547 730 5604; x_wconf 88' lang='lat' dir='ltr'><strong>fuerit</strong></span> <span class='ocrx_word' id='word_1_810' title='bbox 754 5549 950 5606; x_wconf 89' lang='lat' dir='ltr'><strong>iterum</strong></span> <span class='ocrx_word' id='word_1_811' title='bbox 981 5567 1285 5623; x_wconf 88' lang='lat' dir='ltr'><strong>paucorum</strong></span> <span class='ocrx_word' id='word_1_812' title='bbox 1319 5553 1656 5622; x_wconf 90' lang='lat' dir='ltr'><strong>meminisse,</strong></span> <span class='ocrx_word' id='word_1_813' title='bbox 1709 5555 1851 5611; x_wconf 89' lang='lat' dir='ltr'><strong>sicut</strong></span> <span class='ocrx_word' id='word_1_814' title='bbox 1881 5571 2000 5610; x_wconf 88' lang='lat' dir='ltr'><strong>sum</strong></span> <span class='ocrx_word' id='word_1_815' title='bbox 2031 5554 2327 5626; x_wconf 88' lang='lat' dir='ltr'><strong>pollicitus.</strong></span> 
     </span>
    </p>
   </div>
   <div class='ocr_carea' id='block_1_113' title="bbox 490 5661 863 5732">
    <p class='ocr_par' dir='ltr' id='par_1_113' title="bbox 490 5661 863 5732">
     <span class='ocr_line' id='line_1_113' title="bbox 490 5661 863 5732; baseline 0.016 -15"><span class='ocrx_word' id='word_1_816' title='bbox 490 5663 512 5694; x_wconf 91' lang='grc'><strong><em>⁸</em></strong></span> <span class='ocrx_word' id='word_1_817' title='bbox 535 5661 651 5720; x_wconf 86' lang='lat' dir='ltr'><strong>Luc</strong></span> <span class='ocrx_word' id='word_1_818' title='bbox 699 5680 786 5732; x_wconf 85' lang='lat' dir='ltr'><strong>tu,</strong></span> <span class='ocrx_word' id='word_1_819' title='bbox 809 5665 863 5723; x_wconf 76' lang='lat'><strong>2.</strong></span> 
     </span>
    </p>
   </div>
   <div class='ocr_carea' id='block_1_114' title="bbox 494 5775 1998 5856">
    <p class='ocr_par' dir='ltr' id='par_1_114' title="bbox 494 5775 1998 5856">
     <span class='ocr_line' id='line_1_114' title="bbox 494 5775 1998 5856; baseline 0.002 -13"><span class='ocrx_word' id='word_1_820' title='bbox 494 5775 573 5843; x_wconf 76' lang='grc'><strong>(7)</strong></span> <span class='ocrx_word' id='word_1_821' title='bbox 617 5777 906 5856; x_wconf 83' lang='lat' dir='ltr'><strong>Presbyter</strong></span> <span class='ocrx_word' id='word_1_822' title='bbox 947 5788 1230 5846; x_wconf 86' lang='lat' dir='ltr'><strong>ordinatur</strong></span> <span class='ocrx_word' id='word_1_823' title='bbox 1257 5802 1405 5844; x_wconf 87' lang='lat' dir='ltr'><strong>anno</strong></span> <span class='ocrx_word' id='word_1_824' title='bbox 1442 5788 1568 5852; x_wconf 79' lang='lat'><strong>386,</strong></span> <span class='ocrx_word' id='word_1_825' title='bbox 1600 5797 1658 5843; x_wconf 93' lang='lat' dir='ltr'><strong>ut</strong></span> <span class='ocrx_word' id='word_1_826' title='bbox 1686 5797 1838 5845; x_wconf 85' lang='lat' dir='ltr'><strong>notat</strong></span> <span class='ocrx_word' id='word_1_827' title='bbox 1875 5789 1998 5846; x_wconf 90' lang='lat' dir='ltr'><strong>Bar.</strong></span> 
     </span>
    </p>
   </div>
   <div class='ocr_carea' id='block_1_115' title="bbox 422 5845 2000 5931">
    <p class='ocr_par' dir='ltr' id='par_1_115' title="bbox 422 5845 2000 5931">
     <span class='ocr_line' id='line_1_115' title="bbox 422 5845 2000 5931; baseline 0.008 -28"><span class='ocrx_word' id='word_1_828' title='bbox 422 5845 619 5905; x_wconf 83' lang='lat' dir='ltr'><strong>Utrum</strong></span> <span class='ocrx_word' id='word_1_829' title='bbox 645 5845 823 5912; x_wconf 71' lang='lat' dir='ltr'><strong>vero&#39;a</strong></span> <span class='ocrx_word' id='word_1_830' title='bbox 846 5845 1103 5919; x_wconf 85' lang='lat' dir='ltr'><strong>Flaviano</strong></span> <span class='ocrx_word' id='word_1_831' title='bbox 1143 5859 1228 5920; x_wconf 87' lang='lat' dir='ltr'><strong>vel</strong></span> <span class='ocrx_word' id='word_1_832' title='bbox 1257 5859 1327 5916; x_wconf 85' lang='lat' dir='ltr'><strong>ab</strong></span> <span class='ocrx_word' id='word_1_833' title='bbox 1357 5845 1590 5931; x_wconf 72' lang='lat' dir='ltr'><strong>Evagrio</strong></span> <span class='ocrx_word' id='word_1_834' title='bbox 1623 5857 1836 5917; x_wconf 89' lang='lat' dir='ltr'><strong>Paulini</strong></span> <span class='ocrx_word' id='word_1_835' title='bbox 1876 5845 2000 5916; x_wconf 80' lang='lat' dir='ltr'><strong>suc-</strong></span> 
     </span>
    </p>
   </div>
   <div class='ocr_carea' id='block_1_116' title="bbox 2111 5784 3716 5858">
    <p class='ocr_par' dir='ltr' id='par_1_116' title="bbox 2111 5784 3716 5858">
     <span class='ocr_line' id='line_1_116' title="bbox 2111 5784 3716 5858; baseline -0.002 -12"><span class='ocrx_word' id='word_1_836' title='bbox 2111 5804 2346 5851; x_wconf 87' lang='lat' dir='ltr'><strong>cessore.</strong></span> <span class='ocrx_word' id='word_1_837' title='bbox 2375 5788 2676 5856; x_wconf 81' lang='lat' dir='ltr'><strong>discrepant</strong></span> <span class='ocrx_word' id='word_1_838' title='bbox 2709 5797 2960 5848; x_wconf 84' lang='lat' dir='ltr'><strong>auctores</strong></span> <span class='ocrx_word' id='word_1_839' title='bbox 3019 5789 3153 5847; x_wconf 72' lang='lat' dir='ltr'><strong>Vide</strong></span> <span class='ocrx_word' id='word_1_840' title='bbox 3205 5789 3402 5846; x_wconf 88' lang='lat' dir='ltr'><strong>Baron.</strong></span> <span class='ocrx_word' id='word_1_841' title='bbox 3435 5797 3568 5847; x_wconf 92' lang='lat' dir='ltr'><strong>tom.</strong></span> <span class='ocrx_word' id='word_1_842' title='bbox 3603 5784 3672 5843; x_wconf 79' lang='lat' dir='ltr'><strong>iV</strong></span> <span class='ocrx_word' id='word_1_843' title='bbox 3707 5845 3716 5858; x_wconf 35' lang='grc' dir='ltr'>ί</span> 
     </span>
    </p>
   </div>
   <div class='ocr_carea' id='block_1_117' title="bbox 2109 5859 2670 5916">
    <p class='ocr_par' dir='ltr' id='par_1_117' title="bbox 2109 5859 2670 5916">
     <span class='ocr_line' id='line_1_117' title="bbox 2109 5859 2670 5916; baseline 0.002 -1"><span class='ocrx_word' id='word_1_844' title='bbox 2109 5861 2288 5916; x_wconf 78' lang='lat' dir='ltr'><strong>Annal</strong></span> <span class='ocrx_word' id='word_1_845' title='bbox 2335 5859 2400 5916; x_wconf 82' lang='lat' dir='ltr'><strong>ad</strong></span> <span class='ocrx_word' id='word_1_846' title='bbox 2431 5875 2518 5916; x_wconf 86' lang='lat' dir='ltr'><strong>an.</strong></span> <span class='ocrx_word' id='word_1_847' title='bbox 2543 5859 2670 5916; x_wconf 81' lang='grc'><strong>586.</strong></span> 
     </span>
    </p>
   </div>
  </div>
