3828 6478
268 351 407 423 1077
1290 365 1464 426 VITA
1504 366 1564 426 S.
1605 365 1780 428 JOAIV

2010 365 2471 429 IHRYSOSTOM
2480 368 2525 430 Ι.
3384 365 3522 434 1078

339 469 439 524 II".
495 469 535 523 Γ
538 469 706 536 υναίῳ
756 472 863 526 τινὶ
907 471 1015 527 τῶν
1060 475 1118 528 ἐν
1158 475 1458 548 Ἀντιοχείᾳ
1490 462 1838 547 περιφανῶν,

2018 475 2159 531 Xlll.
2191 473 2390 533 lllustri
2430 476 2646 533 cuidam
2693 474 2908 531 mulieri
2955 475 3261 533 Antiochiae
3292 490 3516 533 nomen-

263 562 473 621 Εὑκλία
522 565 800 633 τοῦνομα’
869 565 1042 639 ταύτῃ
1067 564 1124 619 δὲ
1158 567 1272 630 υῖδς
1326 568 1612 640 ἀγαπητὸς
1672 564 1762 640 ῆν,

2011 575 2068 623 at
2105 567 2313 623 Euclia.
2341 568 2405 624 Ei
2428 583 2556 625 vero
2584 576 2700 624 erat
2725 567 2957 624 dilectus
2989 566 3153 637 ﬁlius,
3180 568 3271 640 qui
3314 568 3523 624 ardenti

262 654 487 726 πυρετῷ
541 655 812 710 καυσώδει
881 656 1107 727 ληφθεὶς
1190 657 1452 730 τελευτᾷν
1509 658 1774 713 ἐκινδύνει

2004 659 2098 714 bre
2135 658 2436 725 laborabat,
2467 669 2522 715 et
2575 659 2827 715 veniebat
2857 658 2911 715 in
2957 661 3148 716 mortis
3189 659 3516 731 periculum.

259 749 531 818 Μιμεῖται
589 748 884 819 τοιγαροῦν
920 749 1021 816 τὴν
1085 751 1399 805 Χαναναίαν
1441 753 1475 822 ή
1506 752 1714 823 μήτηρ,
1751 770 1771 805 ν

2004 750 2089 805 uid
2118 750 2316 822 igitur?
2362 750 2532 805 Mater
2563 750 2808 806 imitatur
2843 748 3271 818 Chananzeam’,
3312 760 3369 807 et
3408 767 3516 808 non

263 838 344 907 τῷ
377 838 638 909 μακαρίῳ
692 840 1087 906 προσελθοῦσα,
1117 843 1209 896 καὶ
1235 841 1418 912 φωνὰς
1448 843 1632 914 ἐκείνῃ
1662 860 1775 914 παρ

2011 845 2130 901 inus
2159 860 2322 916 quam
2364 844 2526 912 ﬁlius,
2561 845 2676 902 suis
2710 844 3042 900 inﬂammata
3071 845 3393 911 visceribus,
3431 859 3523 901 ac-

262 929 511 1000 πλησίως
565 931 917 1001 προσάγουσα
950 933 1133 997 ἐλέους
1185 936 1391 1005 τυχεῖν,
1419 935 1521 989 οὐκ
1552 936 1645 989 ἐπὶ
1670 936 1774 1004 θυγ

2013 936 2093 991 dit
2124 936 2190 991 ad
2223 937 2463 1000 beatum.
2487 938 2744 992 emittens
2768 952 2928 993 voces
2960 936 3034 991 illi
3063 936 3267 992 similes
3296 954 3307 990 :
3331 948 3387 991 et
3413 953 3520 992 non

259 1023 374 1092 τρὶ,
406 1022 525 1076 ἀλλ’
574 1024 659 1091 ἐφ’
683 1024 785 1094 υίῷ
831 1026 1153 1097 παρεκάλει.
1215 1026 1363 1098 Πλὴν
1388 1027 1526 1081 ἀλλά
1551 1027 1771 1100 προσέχε

2010 1026 2202 1081 militer
2236 1034 2295 1080 ut
2348 1026 2436 1080 illa
2491 1025 2546 1080 in
2579 1025 2707 1088 lilia.
2738 1026 2833 1081 sed
2878 1026 2931 1080 in
2981 1025 3091 1081 ﬁlio
3139 1026 3522 1082 miserabiliter

257 1114 365 1179 δεῖ,
389 1123 479 1169 τὸν
518 1115 664 1181 νοῦν,
702 1121 795 1169 καὶ
825 1120 1049 1172 σκοπεῖν
1081 1119 1229 1184 ὅπως
1263 1116 1378 1190 εἶχε
1418 1119 1666 1190 γνώμης,
1702 1138 1767 1191 με

2016 1135 2149 1192 gans
2175 1127 2232 1174 ut
2255 1128 2681 1189 consequeretur
2706 1117 3153 1174 misericordiam.
3176 1117 3281 1173 Sed
3310 1126 3526 1187 opertet

259 1209 355 1262 τοῦ
386 1208 638 1279 σώματος
673 1194 1003 1282 θεραπεύειν
1051 1211 1145 1264 καὶ
1167 1210 1265 1274 τάς
1316 1212 1516 1281 ψυχὰς,
1555 1212 1757 1283 μᾶλλον

2010 1211 2188 1265 limum
2227 1210 2509 1265 attendere
2559 1218 2615 1263 et
2662 1208 3033 1277 considerare,
3065 1208 3522 1279 quemadmodum

258 1302 358 1356 καὶ
391 1302 497 1373 πρὸ
513 1302 718 1355 τούτων
750 1304 985 1366 ἐκείναςο
1019 1305 1142 1357 ἐπεὶ
1165 1303 1261 1358 καὶ
1281 1304 1376 1357 τοῦ
1407 1304 1638 1375 πάσχειν
1659 1322 1767 1358 κακ

2010 1303 2167 1374 {regio
2192 1302 2271 1357 illi
2314 1302 2428 1356 viro
2457 1309 2576 1357 erat
2603 1300 2821 1355 animus
2859 1300 3072 1354 animas
3115 1299 3278 1354 etiam
3309 1314 3522 1364 curare,

258 1397 330 1450 τὰ
372 1394 627 1467 σώματι,
661 1397 865 1460 ταύτας
903 1396 1082 1460 αἰτίας
1114 1395 1369 1468 ηὕρισκε.
1422 1398 1533 1452 Καὶ
1560 1397 1720 1452 τοῦτο
1743 1415 1770 1469 μ

2014 1409 2178 1464 asque
2216 1394 2389 1449 multo
2422 1393 2614 1465 magis,
2654 1392 2913 1463 quoniam
2941 1402 2999 1446 ut
3046 1390 3186 1445 male
3211 1398 3526 1463 paterentur

256 1486 348 1541 διὰ
387 1488 496 1541 τῶν
542 1488 867 1557 φθασάντων
919 1487 1080 1557 δῆλον
1137 1487 1357 1557 γέγονε,
1392 1487 1709 1560 δηλώσειδέ
1749 1506 1768 1542 ι

2012 1500 2198 1557 rpora,
2226 1486 2324 1539 bas
2355 1484 2668 1541 inveniebat
2697 1497 2909 1539 causas.
2944 1481 3010 1537 Et
3044 1480 3148 1536 hoc
3173 1480 3390 1551 quidem
3414 1480 3524 1551 jam

258 1576 465 1644 αῦθιςό
492 1580 675 1649 λόγος.
694 1579 782 1645 Ὠς
805 1581 916 1652 γὰρ
949 1580 1206 1652 ἐκθύμως
1233 1582 1373 1651 ἄγαν
1404 1583 1497 1637 καὶ
1526 1582 1765 1654 περιπαθ

2017 1578 2123 1633 asit
2168 1576 2516 1633 manifestum
2550 1592 2647 1647 per
2690 1591 2776 1642 ea,
2827 1591 2949 1647 qua:
3002 1582 3443 1646 praecesserunt;
3498 1589 3527 1628 a

258 1676 293 1743 ὴ
331 1676 468 1748 γυνὴ
521 1677 659 1746 πρὸς
694 1676 793 1746 τὴν
842 1678 1127 1750 ἱκετηρίαν
1171 1679 1408 1733 ἐτείνετο
1448 1678 1700 1749 (καὶγὰρ
1728 1671 1770 1730 εί

2017 1671 2106 1727 ibis
2149 1680 2330 1726 autem
2380 1685 2574 1726 rursus
2606 1684 2823 1740 quoque
2872 1667 3214 1723 ostendetur.
3262 1666 3529 1722 Videntur

263 1765 469 1830 πολλὰς
514 1765 654 1838 πρὸς
683 1766 747 1820 τὸ
772 1766 994 1839 θρηνεῖν
1024 1768 1301 1840 ἀφορμὰς,
1330 1770 1423 1822 ἐπὶ⁵
1446 1769 1711 1841 τέσσαρσι
1734 1786 1775 1821 τι

2016 1766 2094 1819 .im
2138 1764 2289 1835 pueri
2325 1773 2578 1835 parentes
2606 1763 2775 1819 fuisse
2802 1763 2858 1819 in
2891 1763 3002 1818 vita
3034 1762 3241 1833 agenda
3268 1760 3528 1818 socordes

259 1856 363 1927 ήδη
417 1856 866 1927 τετελευτηκόσιν
913 1859 1071 1924 υἱοῖς,
1105 1860 1201 1913 καὶ
1230 1861 1393 1914 αὐτὸν
1428 1860 1682 1931 θνήσκειν
1714 1863 1771 1929 ὁρ

2033 1859 2392 1930 negligentes.
2421 1858 2558 1914 Cum
2589 1857 2735 1913 enim
2779 1859 3058 1914 concitate
3097 1866 3152 1912 et
3199 1858 3391 1912 imane
3429 1857 3526 1912 ad-

261 1949 558 2019 μέλλουσα)
591 1951 794 2015 ἐκεῖνος
822 1951 928 2005 ὑπὸ
956 1951 1053 2005 τοῦ
1085 1944 1462 2016 συνοικοῦντος
1493 1951 1645 2023 αὐτῷ
1680 1968 1773 2008 πνε

2022 1951 2170 2007 idum
2216 1950 2454 2007 ferretur
2484 1951 2680 2006 mulier
2718 1950 2784 2006 ad
2829 1949 3244 2022 supplicandum
3274 1950 3534 2022 (habebat

261 2058 430 2111 ματος
476 2040 545 2095 τὰ
570 2042 824 2114 ἐγκρυφῆ
878 2042 1134 2111 κατιδὼν,
1193 2045 1290 2099 καὶ
1337 2046 1499 2113 γνοὺς
1541 2043 1618 2108 ὡς
1640 2045 1698 2099 ai
1730 2061 1773 2097 τι

2043 2060 2094 2099 m
2111 2045 2403 2101 maximam
2429 2045 2763 2101 lamentandi
2788 2045 3152 2109 occasionem,
3179 2055 3377 2116 utquam
3406 2052 3549 2115 post.

260 2134 518 2206 πατέρων
546 2136 812 2207 ἁμαρτίαι
841 2140 955 2202 τοῖς
1005 2138 1163 2192 παισὶ
1185 2138 1275 2192 τὸν
1291 2136 1518 2193 θάνατον
1541 2139 1772 2210 ἐμνηστε

2033 2148 2183 2193 atuor
2220 2138 2360 2194 ﬁlios
2385 2138 2497 2209 jam
2549 2147 2820 2205 mortuos,
2850 2137 3028 2208 ipsum
3076 2151 3294 2207 quoque
3344 2137 3545 2192 visura~

260 2238 448 2289 σαντο,
502 2224 708 2291 ταύτας
750 2228 829 2291 είς
856 2227 917 2281 τὸ
973 2228 1209 2301 φανερὸν
1270 2229 1681 2300 αἰτιασάμενος,
1735 2231 1772 2284 κ

2018 2240 2092 2285 set
2112 2228 2298 2296 mori),
2323 2228 2415 2284 ille
2440 2243 2565 2284 cum
2591 2228 2788 2300 spiritu
2819 2228 2873 2283 in
2907 2242 2975 2283 eo
3004 2228 3283 2283 habitante
3301 2227 3530 2284 vidisset

261 2315 483 2384 τοῦτον,
532 2317 679 2385 εῖπε,
726 2318 818 2374 τὸν
871 2318 1144 2391 πέμπτον,
1189 2322 1236 2375 εί
1270 2322 1346 2393 μὴ
1410 2322 1670 2393 μετάνοια
1700 2324 1773 2393 se

2019 2365 2033 2390 ,
2064 2336 2184 2392 qua:
2217 2322 2479 2387 latebant,
2512 2330 2570 2377 et
2608 2320 2973 2393 cognovisset,
3000 2318 3146 2390 quod
3185 2331 3405 2391 peccata
3430 2335 3526 2390 pa-

257 2407 484 2483 είσέλθῃ
550 2410 660 2463 τῶν
734 2413 1177 2485 πεπραγμένων,
1261 2416 1454 2487 νεκρὸν
1522 2415 1769 2486 παραπόδ

2015 2423 2166 2471 ntum
2191 2414 2318 2470 ﬁliis
2338 2423 2574 2471 mortem
2596 2415 3042 2481 conciliaveranl,
3067 2430 3191 2470 cum
3218 2430 3280 2469 ea
3312 2413 3527 2485 publice

258 2501 481 2570 δψεσθε.
511 2502 666 2557 Ἐπεὶ
686 2504 742 2558 δέ
770 2500 818 2559 ὀί
853 2508 1028 2575 γονεῖς
1058 2506 1273 2561 τούτων
1296 2507 1589 2573 ἀκούοντες
1610 2508 1770 2579 γνησί

2015 2517 2260 2564 cusasset
2297 2506 2500 2564 :liunc
2544 2522 2783 2578 quoque,
2833 2506 3031 2577 inquit,
3087 2500 3363 2578 quintum,
3421 2507 3527 2563 nisi

259 2594 672 2663 ἐπηγγέλλοντο
724 2595 822 2667 τὴν
882 2597 1175 2666 μετάνοιαν
1210 2599 1308 2652 καὶ
1334 2601 1501 2655 αὐτὸν
1543 2599 1679 2672 πρὸς
1704 2617 1768 2653 συ

2019 2613 2160 2661 rum,
2190 2614 2312 2668 quae
2345 2597 2577 2660 fecistis,
2619 2612 2717 2652 vos
2747 2596 2979 2652 subierit
3008 2597 3349 2667 pmnitentia,
3377 2597 3528 2654 vide-

260 2682 496 2737 πάθειαν
521 2686 887 2757 παρεκάλουν,
911 2689 1140 2761 ἐλεήσας
1170 2691 1378 2753 ἐκεῖνος
1393 2692 1494 2763 τὴν
1523 2693 1772 2762 συμφορὰ

2011 2691 2077 2743 tis
2104 2703 2136 2744 e
2167 2689 2394 2760 vestigio
2429 2698 2704 2744 mortuum
2733 2697 2789 2743 et
2818 2689 3146 2743 exanimem.
3168 2687 3306 2744 Cum
3340 2699 3523 2745 autem

260 2775 409 2848 ὕδωρ
442 2778 823 2850 προσαχθῆναι
876 2781 1090 2835 κελεύει
1109 2797 1121 2812 ⁸
1146 2780 1177 2836 δ
1202 2782 1324 2853 τρὶς
1366 2781 1467 2847 μὲν
1500 2782 1591 2834 ἐπ’
1616 2781 1772 2851 όνόμα

2020 2789 2204 2836 rentes
2228 2779 2315 2836 his
2340 2779 2540 2836 auditis
2562 2795 2747 2835 veram
2769 2789 2824 2835 et
2852 2780 3120 2834 sinceram
3142 2781 3532 2851 promisissent

259 2872 361 2939 τῆς
379 2872 537 2939 ἁγίας
560 2873 788 2944 Τριάδος
818 2872 1150 2945 σφραγίσας,
1173 2874 1292 2946 τρὶς
1318 2874 1373 2928 δὲ
1418 2873 1568 2947 αὐτῷ
1609 2875 1696 2928 τὸν
1752 2893 1771 2928 ι

2018 2874 2348 2940 enitentiam,
2368 2883 2421 2929 et
2442 2888 2562 2944 quae
2599 2872 2759 2929 facile
2787 2872 2993 2928 moveri
3018 2881 3253 2943 poterat,
3283 2874 3530 2928 animam

262 2963 462 3018 σοῦντα
482 2965 888 3039 διαρραντίσας,
909 2969 1037 3037 ὑγιᾶ
1061 2972 1126 3040 τῇ
1159 2968 1519 3042 γεγεννηκυίᾳ
1546 2969 1774 3040 παρέσχε

2012 2970 2231 3025 citasset
2266 2969 2334 3023 ad
2384 2966 2841 3029 misericordiam,
2876 2966 2965 3021 ille
3011 2966 3268 3022 misertus
3300 2966 3524 3021 calami-

261 3051 425 3111 Οῦτοι
462 3060 560 3130 μέν
610 3060 704 3115 οὖν
727 3061 919 3133 ὥσπερ
973 3061 1424 3134 ἀντιθεραπεύειν
1462 3063 1773 3137 βουληθέντι

2014 3060 2097 3123 tis,
2136 3074 2332 3131 aquam
2380 3059 2537 3130 jubet
2581 3056 2784 3113 afferri.
2823 3056 2996 3124 Quam
3028 3074 3150 3112 cum
3193 3066 3275 3112 ter
3304 3057 3526 3128 quidem

265 3150 437 3223 ικανῷ
490 3153 698 3225 χρυσίῳ
746 3154 839 3208 τὸν
869 3154 1025 3224 ἅγιον
1061 3154 1361 3226 ἐδωροῦντο
1385 3171 1398 3185 ·
1422 3155 1557 3227 τῷδε
1594 3156 1717 3210 οὑδέ
1750 3174 1777 3226 μ

2009 3163 2215 3225 gnasset
2238 3140 2303 3206 in
2355 3152 2573 3206 nomine
2624 3159 2829 3206 sanctae
2860 3150 3167 3216 Trinitatis,
3225 3159 3278 3205 et
3333 3162 3415 3205 ter
3459 3166 3521 3205 ea

263 3208 617 3314 xp6v.ﬂ:&w
645 3208 938 3318 διδομένων
986 3208 1243 3319 προσιτὸν
1290 3208 1533 3319 γέγονεν,
1567 3208 1775 3321 εἰρηκότ

2012 3208 2270 3313 persisset
2293 3242 2465 3309 illum,
2496 3244 2587 3314 qui
2620 3241 2940 3314 aegrotabat,
2973 3257 3163 3296 sanum
3190 3251 3245 3297 et
3274 3258 3301 3297 a
3336 3242 3524 3297 morbo

264 3336 341 3406 μὴ
364 3335 463 3409 τὴν
512 3335 607 3390 τοῦ
649 3337 787 3392 Θεοῦ
834 3338 1044 3411 δωρεάν
1100 3342 1397 3412 χρημάτων
1451 3340 1611 3396 ὢνιον
1663 3357 1776 3393 ποιε

2001 3353 2167 3392 rerum
2195 3336 2425 3391 reddidit
2451 3336 2523 3401 ei,
2542 3351 2661 3406 qua:
2683 3344 2966 3406 genuerat.
3009 3337 3184 3405 Atque
3209 3334 3244 3389 ii
3273 3336 3513 3406 quidem,

261 3426 576 3498 βούλεσθαιο
608 3429 756 3486 Ἀλλ’
816 3432 974 3503 εἴπερ
1018 3433 1167 3503 ὑμῖν,
1213 3433 1368 3504 φησὶ,
1402 3432 1553 3501 φίλον
1603 3449 1773 3504 φανερ

2024 3430 2116 3500 qui
2150 3429 2353 3484 vellent
2390 3428 2593 3484 referre
2625 3428 2828 3500 gratias
2859 3433 2904 3487 ei
2938 3427 3027 3497 qui
3061 3437 3365 3488 curaverat.
3398 3444 3514 3482 mn-

262 3520 487 3591 ποιῆσαι
519 3524 603 3576 ὅτι
628 3522 706 3593 τῷ
737 3523 857 3596 Θεῷ
892 3524 1120 3599 χάριτας
1149 3525 1431 3596 ὁμολογεῖν
1486 3523 1690 3593 ἔγνωτε
1735 3530 1774 3581 τέ

2001 3537 2039 3576 la
2070 3521 2122 3578 vi
2144 3508 2262 3576 auri
2290 3529 2539 3576 sanctum
2570 3521 2865 3576 donabant.
2892 3522 3024 3575 Cum
3060 3530 3241 3575 autem
3267 3521 3513 3579 dixisset.

261 3614 483 3680 ίάσεως,
537 3617 712 3688 ἀληθῆ
763 3616 974 3683 δείξατε
1003 3620 1105 3688 τὴν
1149 3619 1466 3689 ὑπόσχεσιν,
1497 3620 1594 3673 καὶ
1645 3620 1773 3674 πᾶσι

2031 3629 2100 3669 ne
2133 3613 2422 3669 minimum
2452 3612 2672 3683 quidem
2709 3612 2846 3668 velle
2871 3611 3120 3682 accipere
3146 3626 3357 3672 eorum.
3398 3626 3518 3682 qua:

262 3704 367 3775 μὲν
416 3707 682 3778 πονηρίας
711 3709 995 3780 ἀφέμενοι,
1045 3710 1225 3781 πάσης
1257 3710 1316 3765 δὲ
1343 3712 1593 3783 πράξεως
1619 3712 1774 3782 ἀγαθὶ

2005 3713 2238 3772 ιὴιιηιιιτ,
2269 3706 2459 3765 dicens
2488 3721 2547 3761 se
2579 3705 2721 3760 nolle
2766 3703 2859 3767 Dei
2907 3703 3113 3758 donum
3147 3701 3394 3774 pecuniis
3427 3718 3517 3757 ve-

258 3798 670 3869 ἐπιλαδόμενοι,
735 3800 913 3866 οὕτως
971 3804 1237 3857 εἰσοίσετε
1298 3803 1376 3874 τῷ
1420 3804 1678 3876 ήλεηκότι
1733 3822 1770 3859 τ’

2002 3801 2064 3855 lle
2088 3814 2393 3870 proponere
2422 3812 2436 3849 :
2467 3796 2574 3852 Sed
2604 3796 2670 3861 si,
2705 3796 2880 3865 inquit
2914 3795 3040 3860 illis,
3068 3795 3221 3850 vobis
3250 3808 3394 3850 cura:
3422 3794 3514 3861 sit,

257 3889 497 3963 ἁίιοιὸὴν
549 3892 839 3965 ἀξιόχρεω.
886 3895 995 3948 Καὶ
1044 3895 1204 3949 τοῦτο
1243 3895 1342 3965 μέν
1377 3897 1648 3951 τοιοῦτον·
1686 3899 1745 3952 τὸ

2006 3890 2287 3947 anifestum
2320 3889 2546 3946 reddere
2586 3887 2733 3959 quod
2788 3886 2899 3943 Deo
2942 3902 3069 3941 vere
3110 3887 3271 3959 agitis
3315 3885 3518 3957 gratias

257 3980 355 4033 νῧν
382 3982 719 4053 ῥηθήσεσθαι
755 3985 972 4056 μέλλον,
1008 3985 1141 4057 παρ’
1200 3986 1351 4042 οὐδὲν
1374 3982 1537 4061 ἧττον
1570 3986 1669 4042 καὶ
1701 4005 1769 4061 πρ

2000 3999 2043 4040 ’0
2072 3982 2374 4045 curatione,
2408 3980 2679 4037 ostendite
2709 3995 2829 4035 esse
2860 3994 3043 4035 verum
3073 3979 3512 4050 promissionem.

255 4073 437 4145 ψυχῆς
463 4074 735 4144 ὠφέλειαν
764 4077 1091 4149 ἐπιτήδειον,
1110 4079 1207 4134 καὶ
1223 4078 1427 4151 τὴντοῦ
1458 4080 1619 4151 ἁγίου
1648 4081 1767 4152 χάρι

2019 4077 2205 4133 relicta
2237 4074 2386 4130 omni
2440 4074 2812 4146 improbitate,
2845 4074 2982 4129 bona
3007 4089 3173 4144 opera
3216 4082 3468 4129 exercete
3500 4092 3516 4126 :

254 4169 433 4238 ὁπόση
469 4170 825 4243 παραστῆσαι
855 4171 1172 4243 δυνάμενον.

2012 4171 2113 4233 :ei.
2132 4169 2227 4240 qui
2260 4169 2427 4223 vestri
2455 4180 2540 4222 est
2562 4167 2841 4233 misertus,
2871 4166 3116 4221 referetis
3143 4166 3388 4237 gratiam.
3409 4164 3524 4220 Sed

255 4259 479 4328 quidem
525 4260 631 4316 hoc
662 4270 747 4316 est
789 4262 1122 4333 huiusmodi.
1151 4261 1309 4329 Quod
1341 4272 1524 4321 autem
1567 4278 1716 4319 nunc
1752 4270 1838 4317 est
1875 4260 2165 4315 dicendum
2232 4256 2406 4311 nihilo
2445 4265 2528 4312 est
2560 4271 2623 4312 eo
2654 4256 2837 4311 minus
2860 4265 2913 4309 et
2944 4256 3010 4309 ad
3051 4257 3247 4310 animae
3315 4254 3519 4310 utilita-

255 4365 387 4421 tl-m,
405 4365 461 4412 et
485 4358 877 4413 ostendendam
901 4360 1152 4428 gratiam,
1176 4374 1296 4430 quae
1322 4360 1378 4415 in
1404 4375 1602 4431 magno
1622 4359 1832 4415 Joanne
1869 4354 2172 4411 habitabat.
2701 4414 2714 4426 ,
3078 4416 3081 4419 _

333 4447 427 4501 IA'.
463 4449 598 4500 Κατ’
639 4449 815 4501 ἐκεῖνο
862 4447 1058 4520 καιροῦ
1091 4451 1119 4503 ό
1152 4450 1250 4520 τῆς
1288 4450 1496 4514 πόλεως
1551 4450 1737 4522 ἄρχων
1762 4449 1830 4506 τὰ

2004 4445 2142 4501 XIV.
2180 4444 2282 4511 Qui
2307 4443 2397 4500 illo
2431 4453 2676 4514 tempore
2708 4452 2824 4498 erat
2856 4458 3059 4515 praeses
3089 4442 3342 4508 civitatis,
3361 4443 3511 4499 labo-

256 4539 586 4610 Μαρκίωνος
634 4539 882 4611 δόγματα
927 4541 1100 4596 νοσῶν
1155 4536 1227 4614 ἦν
1254 4581 1269 4607 ,
1315 4542 1411 4596 καὶ
1457 4542 1572 4607 τοῖς
1624 4541 1768 4595 ἐκείν

2001 4542 2094 4596 bat
2117 4541 2308 4596 morbo
2336 4540 2650 4611 dogmatum
2685 4539 2999 4604 Marcionis,
3034 4548 3084 4593 et
3118 4538 3335 4594 favebat
3367 4538 3511 4592 illius

258 4632 604 4701 συνηγορῶν·
643 4634 1026 4698 σπουδασταῖς,
1091 4635 1187 4689 καὶ
1223 4635 1423 4707 μυρίαν
1477 4635 1770 4691 ἐντεῦθενιι

2001 4636 2305 4690 ctatoribus
2335 4652 2348 4689 :
2382 4641 2438 4688 et
2485 4632 2610 4689 ideo
2638 4633 2778 4704 parti
2826 4634 3144 4689 orthodoxae
3185 4642 3306 4688 erat
3348 4648 3509 4689 causa

254 4725 525 4798 όρθοδόξῳ
573 4731 731 4800 μέρει
786 4729 1047 4801 παρέχων
1103 4729 1200 4802 τὴν
1230 4728 1461 4802 βλάϐην,
1513 4729 1707 4785 τούτου
1737 4747 1766 4784 τ

1998 4726 2203 4782 alorum
2258 4724 2761 4780 innumerabilium.
2824 4723 2995 4794 Hujus
3053 4739 3279 4779 uxorem
3321 4724 3386 4792 is,
3417 4727 3510 4796 qui

256 4819 506 4889 γαμετὴν
550 4820 579 4872 ὁ
609 4821 933 4893 ἀπορρήτως
982 4821 1155 4877 ταῦτα
1182 4822 1494 4887 ποικίλλων,
1528 4823 1622 4877 καὶ
1652 4820 1768 4891 φιλο

1999 4835 2133 4876 cane
2194 4827 2249 4874 et
2301 4817 2533 4890 benigne
2592 4818 2709 4873 Inec
2745 4818 2944 4878 variat.
3013 4816 3220 4872 dimisit
3266 4817 3511 4874 laborare

254 4908 492 4981 θρώπως
540 4913 998 4985 οίκονομούμενος
1050 4914 1190 4984 νόσῳ
1253 4914 1599 4986 δυσεντερίας
1648 4915 1766 4984 ἁφῆ

1998 4914 2127 4969 orbo
2165 4910 2413 4967 torminis
2464 4909 2870 4965 intestinorum.
2920 4906 3015 4962 Illa
3066 4915 3249 4962 autem
3287 4922 3316 4960 a
3368 4909 3510 4962 malo

253 5008 603 5075 περιπεσεῖν.
650 5006 713 5059 Ἠ
743 5007 799 5061 δὲ
844 5008 1025 5079 ’ήττων
1060 5006 1153 5063 τοῦ
1187 5007 1361 5062 κακοῦ
1397 5007 1685 5079 γενομένη,
1722 5024 1763 5060 π

1992 5015 2208 5078 ιρθτιιῑιι,
2239 5019 2457 5060 onmem
2495 5001 2714 5074 quidem
2750 5000 2949 5055 refellit
2974 5000 3261 5056 medicinae
3283 5010 3455 5056 artem
3492 5019 3504 5055 :

252 5112 357 5150 σαν
417 5098 517 5167 μὲν
571 5100 813 5172 ἰατρείας
879 5102 1158 5173 ἀπήλεγχε
1220 5101 1446 5173 τέχνην·
1479 5099 1752 5163 πάντεςδέ

1994 5113 2126 5153 nues
2173 5111 2324 5155 vero.
2362 5095 2453 5163 qui
2530 5092 2721 5148 eadem
2793 5089 3145 5151 seutiebaut..
3209 5093 3383 5145 vocati
3442 5091 3506 5145 all

250 5191 323 5244 τὰ
377 5190 465 5244 ῐσα
504 5194 831 5264 φρονοῦντες
884 5197 965 5259 είς
1022 5193 1332 5266 προσευχὴν
1378 5180 1762 5263 συγκαλοῦμενι

1995 5192 2261 5256 *ationem,
2293 5203 2400 5242 non
2450 5201 2571 5241 eam
2620 5182 2816 5240 melius
2862 5181 3191 5247 aﬂ'ecerunt,
3239 5181 3349 5236 imo
3378 5197 3507 5235 vero

250 5285 450 5355 βελτίω
493 5286 757 5341 διετίθουν
823 5288 997 5342 οὐδέν.
1056 5288 1229 5354 Μόλις
1263 5288 1393 5359 γοῦν
1435 5287 1534 5358 τῆς
1578 5286 1760 5342 Ἰωάνν

1991 5282 2198 5345 :terius,
2223 5278 2347 5334 mali
2375 5288 2590 5348 tempus
2614 5274 2663 5329 ei
2694 5274 3060 5346 producentes
3101 5287 3238 5327 vana
3271 5286 3367 5342 spe
3404 5286 3503 5326 cu-

248 5378 474 5448 χάριτος
502 5379 585 5442 είς
637 5381 861 5451 μνήμην
894 5380 1162 5447 ἐλθόντες,
1208 5381 1302 5434 καὶ
1330 5362 1489 5433 τοῦτο
1522 5376 1664 5433 κατά
1701 5393 1759 5431 νο

1990 5372 2169 5428 tionis.
2186 5369 2286 5425 Vix
2313 5368 2531 5424 tandem
2551 5375 2729 5421 autem
2743 5363 2971 5421 JOannis
2998 5364 3183 5434 gratia:
3215 5362 3500 5423 recordati,

248 5470 493 5539 θέμενοι,
525 5472 599 5536 ὡς
636 5475 684 5527 εἱ
744 5473 812 5527 δι’
873 5473 1040 5529 αὐτοῦ
1097 5474 1310 5544 γένοιτο
1354 5474 1448 5527 τοῦ
1521 5472 1760 5541 νοσήματ

1998 5480 2048 5519 m
2100 5464 2206 5518 hoc
2234 5461 2378 5533 apud
2428 5474 2490 5515 se
2536 5460 2876 5522 statuissent,
2906 5455 3051 5529 quod
3090 5455 3133 5511 si
3179 5470 3274 5523 per
3323 5451 3501 5522 ipsum

255 5562 435 5625 λύσις,
476 5566 919 5636 συναποσχέσθαι
955 5566 1050 5621 καὶ
1076 5566 1177 5636 τῆς
1209 5566 1351 5620 κατά
1379 5565 1438 5619 τὸ
1467 5564 1645 5631 δόγμα
1664 5563 1767 5615 νόω

1989 5565 2079 5611 ετει
2108 5572 2138 5611 a
2170 5557 2359 5611 morbo
2390 5552 2660 5617 liberatio,
2697 5551 2859 5608 simul
2888 5550 3051 5606 etiam
3105 5545 3436 5603 desisterent
3472 5561 3501 5598 a

248 5651 656 5722 χαλεπωτέρας,
690 5655 861 5720 οὕτως
897 5657 1122 5721 ἑαυτοὺς
1152 5658 1439 5721 πείσαντες
1470 5655 1697 5725 κλινήρη
1725 5670 1760 5705 τί

1984 5652 2116 5706 orbo
2155 5650 2439 5720 dogmatis,
2481 5646 2572 5717 qui
2613 5655 2695 5701 est
2740 5646 2899 5717 longe
2950 5641 3203 5715 gravior;
3242 5651 3369 5694 cum
3420 5641 3496 5693 sic

324 5833 342 5865 ⁸
373 5832 562 5891 Matth.
603 5851 692 5899 xv,
721 5833 817 5890 ΞΩ.
