3828 6476
370 335 514 406 1οἸ9

1574 342 1861 406 MENSIS
1907 342 2369 406 JANUARIUS.

3502 343 3640 419 1080

368 454 472 509 sibi
520 451 945 523 persuasissent,
980 452 1035 505 in
1071 451 1212 507 lecto
1250 450 1671 508 decumbentem
1720 451 1942 508 afl'erttnl

2061 455 2297 521 γυναῖκα
2351 451 2708 523 κομισθεῖσαν
2744 452 2851 524 πρὸ
2878 451 2990 509 τῶν
3019 453 3113 509 τοῦ
3147 453 3297 527 ίεροῦ
3334 458 3638 528 παριστῶσι

366 543 675 607 mulierem,
708 552 764 597 et
793 558 915 597 eam
950 551 1202 598 statuunt
1246 558 1349 614 pro
1380 542 1589 599 foribus
1622 545 1835 615 templi,
1866 545 1960 600 de-

367 635 679 690 siderantes
720 633 970 689 invenire
1022 632 1341 688 Flavianum
1389 641 1445 687 et
1494 632 1715 687 beatum
1750 633 1959 689 vultum

366 726 613 782 Joannis.
631 726 818 782 Sancti
844 741 975 797 ergo
995 725 1063 781 ad
1090 739 1187 781 eos
1207 724 1584 796 egrediuntur.
1605 721 1793 795 Neque
1814 725 1958 779 enim

364 835 467 893 par
494 836 616 877 csse
641 836 821 892 neque
844 819 1133 875 honestum
1176 819 1495 884 censebant,
1517 827 1576 873 ut
1594 818 1673 874 eis
1699 818 1958 888 templum

364 923 578 986 pateret
604 928 837 984 quorum
870 912 1051 967 anima
1081 925 1190 966 non
1224 911 1443 981 patebat
1470 910 1814 982 dogmatibus
1838 909 1957 981 pie-

367 1006 518 1062 tatis.
565 1005 782 1061 Primus
814 1013 995 1059 autent
1021 1004 1103 1060 eis
1130 1004 1266 1059 dixit
1306 1017 1470 1058 verus
1501 1003 1593 1058 ille
1646 1004 1809 1057 homo
1842 1002 1954 1068 Dei,

365 1099 546 1162 beata,
571 1098 817 1168 ittquant,
839 1097 928 1151 illa
955 1107 1008 1153 et
1026 1097 1211 1151 suavis
1241 1096 1421 1167 lingua
1442 1112 1456 1149 :
1477 1094 1618 1161 Quid
1642 1110 1737 1149 vos
1765 1095 1951 1159 movit,

365 1198 429 1243 ttt
453 1189 757 1244 statueritis
783 1187 972 1244 venire
990 1188 1059 1243 ad
1088 1186 1350 1257 templum
1371 1183 1835 1249 Christianorum,
1862 1183 1955 1254 qui

364 1282 644 1338 Christum
676 1282 897 1352 quidem
947 1279 1356 1337 adversamitti:
1396 1277 1726 1332 Marcionrm
1771 1287 1954 1332 autem

367 1376 581 1444 plurimi
623 1374 822 1438 facitis,
853 1382 907 1428 et
937 1374 1152 1429 habetis
1200 1372 1254 1428 in
1292 1386 1488 1442 magno
1519 1370 1763 1425 honore?
1798 1369 1953 1436 Quod

363 1469 583 1537 quidem
610 1466 769 1537 piane
787 1465 920 1521 satis
940 1465 1202 1527 ostendit.
1221 1464 1368 1535 quod
1397 1462 1542 1518 illius
1560 1462 1800 1518 cultores
1816 1477 1950 1517 con-

360 1559 690 1615 vocaveritis
714 1558 782 1613 ad
814 1558 988 1612 tuorbi
1016 1567 1109 1611 aut
1131 1556 1363 1627 alicujus
1391 1556 1658 1612 molestia
1677 1556 1953 1612 liberatio-

363 1669 513 1721 nem,
554 1646 781 1721 etquod
813 1666 937 1707 cum
971 1650 1046 1703 illi
1084 1649 1287 1721 precati
1315 1659 1522 1716 essent,
1551 1664 1663 1704 non
1712 1647 1951 1704 assecuti

363 1748 485 1802 sitis
516 1745 857 1801 curationem
891 1761 904 1797 :
935 1744 1078 1814 quod
1102 1742 1321 1814 quidem
1354 1743 1509 1799 vobis
1530 1742 1730 1799 accidit
1752 1749 1951 1814 praeter

2063 545 2270 610 πυλῶν,
2316 543 2484 600 αὐτοῦ
2512 562 2569 598 τε
2588 544 2892 600 Φλαϐιανοῦ
2916 546 3009 601 καὶ
3033 547 3135 619 τῆς
3173 548 3429 605 Ἰωάννου
3459 553 3642 620 τυχεῖν

2063 634 2458 706 ἐπιθυμοῦντες
2490 634 2690 704 ὅψεως.
2735 635 2941 701 Ἐξίασι
2969 637 3261 711 τοιγαροῦν
3285 639 3425 711 πρὸς
3444 640 3641 705 αὐτοὺς

2061 726 2298 795 οἱᾶγιοι.
2333 727 2470 781 Οὐδὲ
2541 730 2650 799 γὰρ
2711 726 2861 793 ἄξιον
2910 729 3133 802 ἔκριναν
3191 731 3427 802 βάσιμον
3459 732 3640 799 αὐτοῖς

2059 820 2314 889 γενέσθαι
2333 821 2395 875 τὸ
2430 821 2595 891 ἱερὸν,
2650 820 2851 876 ἄϐατον
2884 823 2967 878 ἔτι
3004 827 3071 896 τῇ
3108 826 3362 899 εὐσεϐείᾳ
3390 826 3490 898 τὴν
3537 826 3642 897 ψυ-

2059 912 2162 986 χὴν
2228 912 2437 983 ἔχουσι.
2472 913 2582 967 Καὶ
2614 914 2837 983 πρῶτος
2865 916 3001 987 πρὸς
3026 918 3227 982 αὐτοὺς
3259 921 3288 973 ό
3314 918 3524 990 ἀληθὴς
3548 919 3640 973 τοῦ

2058 1002 2196 1057 Θεοῦ
2236 1004 2607 1075 ἄνθρωπος,ή
2652 1009 2900 1078 μακαρία
2967 1007 3189 1075 γλῶσσα
3250 1010 3347 1064 καὶ
3406 1008 3642 1081 μελιχρὰ

2058 1093 2153 1147 καὶ
2169 1094 2453 1164 σωτήριος,
2472 1093 2536 1146 Τί
2558 1092 2841 1159 παθόντες,
2877 1094 3005 1167 ἐρη,
3027 1096 3105 1168 τῷ
3138 1095 3251 1150 τῶν
3292 1098 3642 1168 Χριστιανῶν

2057 1183 2172 1254 ναῷ
2230 1182 2693 1254 προσεληλύθατε,
2725 1184 2777 1236 οἱ
2805 1185 2874 1238 τὰ
2904 1185 3143 1256 Χριστοῦ
3171 1186 3273 1257 μὲν
3300 1189 3641 1258 ἐκτρεπόμεο

2055 1292 2162 1337 νοι,
2191 1276 2261 1329 τὰ
2286 1275 2613 1347 Μαρκῖωνος
2638 1275 2695 1330 δὲ
2720 1277 2817 1331 καὶ
2842 1277 3050 1349 σφόδρα
3081 1277 3169 1333 διὰ
3189 1281 3357 1350 τιμῆς
3388 1280 3642 1351 ἔχοντεςς

2054 1360 2149 1432 Οἷς
2178 1366 2322 1438 μέγα
2355 1368 2449 1422 καί
2476 1368 2537 1420 τὸ
2564 1368 2689 1432 τοὺς
2711 1367 2921 1423 ἐκείνου
2952 1368 3394 1446 θεραπευτὰςοείς
3418 1374 3645 1428 ἐπικου-

2059 1462 2187 1529 ρίαν
2246 1460 2544 1530 συγκαλεῖν
2600 1461 2697 1516 καὶ
2755 1462 3080 1536 ἀπαλλαγὴν
3149 1464 3245 1518 τοῦ
3310 1466 3641 1538 νοσήματος.

2067 1553 2369 1624 ’Δπόστητε
2393 1555 2574 1609 τοίνυν
2595 1553 2690 1608 τοῦ
2722 1555 2869 1627 ἱεροῦ
2887 1555 3035 1614 ναοῦ.
3065 1558 3201 1612 οὐδὲ
3235 1559 3345 1632 γὰρ
3375 1560 3644 1632 ἐκπειρά-

2053 1663 2144 1699 σαι
2204 1646 2441 1718 Χριστὸν
2493 1648 2653 1718 ὑμεῖς
2686 1648 2984 1722 δυνήσεσθε
3012 1666 3026 1682 ο
3087 1651 3163 1723 μὴ
3192 1651 3353 1705 τοῦτο
3385 1653 3644 1723 πονηρῶς

2051 1736 2254 1793 οἴεσθε.
2313 1739 2451 1803 Τοὺς
2490 1739 2549 1794 δὲ
2598 1742 2829 1811 γονικῇ,
2894 1742 3081 1810 φάναι,
3136 1742 3511 1821 κεχειρῶσθαι
3577 1746 3641 1814 τῇ

363 1855 551 1909 exspor
570 1839 854 1894 tationem.
884 1837 1153 1893 Dscedite
1184 1854 1312 1909 ergo
1338 1838 1408 1893 ab
1435 1838 1538 1893 hoc
1551 1853 1708 1893 sacro
1724 1837 1942 1908 templo,

2053 1832 2254 1907 πλάνῃ,
2308 1834 2405 1889 καὶ
2460 1834 2753 1905 συνηθείας
2814 1836 3061 1907 πονηρᾶς
3085 1837 3352 1906 ἡττᾶσθαι
3369 1838 3432 1891 τὸ
3466 1838 3640 1908 μέχρι

361 1933 621 2001 quoniam
650 1947 753 1987 nec
788 1946 884 1987 vos
939 1931 1193 2000 poteritis
1227 1931 1454 1986 omnino
1501 1930 1783 1986 Christum
1823 1939 1950 1985 ten-

359 2036 477 2080 tare
509 2045 522 2081 :
560 2041 627 2081 ne
666 2025 772 2080 hoc
810 2023 977 2079 stulte
1012 2025 1238 2094 putetis.
1276 2023 1351 2078 Illi
1390 2031 1574 2078 autem
1604 2022 1858 2078 dicebant
1890 2037 1949 2077 se

357 2130 651 2190 parentant
685 2130 874 2171 errore
902 2130 1022 2170 esse
1068 2124 1259 2184 captos
1302 2123 1357 2169 et
1406 2129 1582 2185 usque
1625 2115 1679 2169 in
1727 2114 1948 2170 hodier-

357 2226 496 2265 nunt
532 2210 676 2263 diem
736 2208 907 2265 fuisse
932 2217 1220 2278 superatos
1258 2222 1288 2260 a
1322 2204 1464 2260 mala
1524 2206 1944 2262 consuetudine.

360 2303 469 2359 Sed
493 2318 593 2372 per
608 2301 912 2368 Christum,
934 2301 1175 2365 aiebant,
1193 2315 1291 2356 vos
1314 2314 1589 2372 rogamus,
1610 2298 1948 2355 miseremini

359 2394 771 2465 poenitentium.
808 2392 899 2447 Sic
931 2393 1077 2448 enim
1124 2406 1251 2447 cum
1277 2406 1364 2458 eo,
1400 2390 1546 2461 quod
1581 2405 1779 2462 corpus
1802 2400 1949 2446 recte

360 2486 635 2553 allicietis,
678 2484 926 2541 efﬁcietis
953 2483 1143 2548 etiam,
1178 2493 1237 2539 ut
1260 2499 1392 2540 sana
1417 2484 1491 2539 sit
1515 2483 1721 2539 anima.
1751 2482 1949 2540 Sciatis

358 2580 510 2635 enim
543 2577 682 2641 fore,
717 2586 775 2630 ut
804 2590 906 2631 nos
936 2589 1281 2646 nequaquam
1316 2572 1552 2645 amplius
1576 2573 1950 2629 abstineamus

360 2689 392 2727 a
424 2669 811 2726 communione
837 2677 1041 2733 vestra,
1074 2682 1195 2738 qua
1217 2675 1303 2724 est
1330 2682 1398 2722 ex
1429 2682 1560 2723 vera
1589 2667 1817 2738 pietate.
1850 2666 1947 2723 His

358 2766 533 2822 ﬂexus
561 2780 793 2835 magnus
823 2763 1087 2829 Joannes,
1116 2761 1283 2833 jussit
1329 2776 1525 2832 aquam
1572 2760 1754 2835 afferri
1790 2778 1803 2815 :
1856 2760 1947 2817 cui

358 2870 483 2912 cum
506 2832 751 2910 divinum
772 2832 1401 2926 signaculuminiecisset
1417 2850 1664 2923 pontifex
1686 2832 1787 2923 (sic
1801 2851 1948 2908 enim

359 2947 471 3002 illic
500 2946 554 3001 ei
579 2945 902 3016 persuasit),
927 2943 1146 3000 mulieri
1172 2943 1375 3000 infudit
1399 2945 1455 2999 in
1470 2942 1680 3000 Christi
1701 2943 1944 3000 nomine.

358 3037 519 3108 Quod
547 3038 768 3109 quidem
800 3052 926 3092 cum
977 3037 1184 3093 factum
1219 3045 1386 3103 esset,
1420 3051 1543 3107 qua
1573 3036 1630 3091 in
1678 3036 1821 3091 lecto
1846 3035 1944 3092 de-

360 3130 675 3195 cumbebat,
706 3130 890 3185 statim
916 3129 1155 3184 surrexit
1198 3142 1353 3195 sana,
1383 3135 1442 3184 et
1493 3143 1618 3184 cum
1664 3128 1863 3184 marito
1891 3138 1948 3186 et

364 3223 578 3279 civibus
599 3238 707 3278 una
729 3237 863 3279 voce
885 3221 1175 3291 unanimes
1194 3221 1473 3278 Christum
1500 3222 1941 3294 magniﬁcabant.

360 3317 573 3374 Deinde
600 3317 763 3372 etiam
798 3316 866 3371 ad
905 3324 1219 3371 sanctorum
1247 3329 1424 3387 genua
1452 3315 1819 3387 procidentes,
1848 3331 1946 3388 pe-

362 3413 574 3469 tierunt
599 3411 820 3469 veniam
872 3411 1074 3485 prioris
1118 3412 1460 3484 ignorantia,
1495 3421 1551 3468 et
1603 3411 1827 3491 domum
1857 3429 1946 3470 re-

363 3507 591 3563 dierunt
627 3523 642 3561 :
692 3514 748 3561 et
792 3520 916 3561 cum
967 3507 1169 3560 multas
1198 3506 1422 3576 quidem
1462 3507 1731 3578 pecunias
1756 3508 1947 3580 egenis

362 3597 797 3663 distribuisscnt,
823 3595 1045 3670 triginta
1076 3612 1207 3653 vero
1237 3597 1402 3654 libras
1429 3597 1571 3663 auri,
1604 3598 1800 3670 partim
1823 3597 1946 3671 qui-

360 3692 485 3747 dent
531 3689 599 3746 ad
656 3698 937 3761 sumptum
995 3691 1446 3765 peregrinorum,
1503 3690 1703 3761 partim
1762 3701 1953 3747 autem

359 3791 715 3857 aegrotorum,
747 3781 946 3852 partim
969 3795 1099 3836 vero
1139 3781 1416 3853 egentium
1459 3781 1802 3837 xenodocltio
1838 3789 1947 3837 tra-

363 3876 671 3941 didissent,
726 3884 783 3929 et
829 3873 900 3929 ab
952 3872 1046 3927 illo
1073 3865 1346 3942 tempore
1392 3887 1425 3926 a
1471 3869 1943 3929 Marcionistarum

362 3963 755 4021 communione
805 3960 1033 4016 omnino
1102 3959 1531 4024 abstinuissent,
1584 3957 1853 4015 insaniam
1891 3966 1947 4012 et

358 4060 655 4116 amentiam
688 4071 779 4111 res
804 4054 1021 4109 illorum
1040 4061 1322 4118 vocantes,
1339 4049 1547 4107 Christi
1584 4062 1947 4106 sacrosancta

360 4149 675 4207 assidebam
701 4130 994 4203 Ecclesia.
1019 4144 1159 4200 Cum
1196 4153 1378 4199 autem
1407 4142 1484 4197 illi
1514 4141 1664 4219 omni
1699 4141 1946 4199 adhibito

359 4241 565 4307 studio,
601 4249 658 4295 et
700 4238 875 4301 omni,
926 4245 988 4293 ut
1018 4235 1240 4302 dicitur,
1290 4237 1524 4289 rudente
1576 4246 1755 4300 moto,
1806 4232 1946 4288 nihil

360 4334 586 4392 omnino
619 4331 1002 4403 perfecissent,
1056 4340 1137 4393 ct,
1160 4329 1547 4399 desperassent
1585 4327 1702 4382 freri
1762 4342 1942 4398 posse,

359 4434 421 4482 ut
449 4426 552 4498 ipsi
586 4425 655 4481 ad
706 4440 804 4480 eos
838 4424 1103 4489 redirent,
1139 4421 1593 4493 prastigiatorem
1628 4430 1684 4477 et
1721 4422 1942 4492 Magum

1970 3181 2017 3241 C

2048 1928 2149 1999 τῆς
2213 1910 2475 1998 σήμερον·
2543 1926 2679 1981 ἀλλὰ
2728 1927 2867 1999 πρδς
2927 1926 3024 1981 τοῦ
3090 1928 3332 1999 Χριστοῦ
3377 1929 3640 2000 δεόμεθα,

2047 2018 2356 2091 οἰκτείρατε
2391 2018 2888 2091 μεταμελομένους.
2922 2018 3080 2074 Οῦτω
3114 2020 3225 2094 γὰρ
3258 2023 3402 2092 μετὰ
3444 2023 3547 2076 τοῦ
3581 2024 3642 2078 εὖ

2051 2112 2213 2182 σῶμα
2256 2111 2502 2179 ποιῆσαι,
2548 2112 2642 2165 καὶ
2679 2112 2779 2184 τὴν
2827 2112 3010 2184 ψυχὴν
3071 2113 3358 2181 ὑγιάσατε.
3386 2116 3500 2170 Καὶ
3534 2118 3641 2187 γὰρ

2047 2204 2231 2260 οὐκέτι
2283 2204 2386 2276 τῆς
2436 2204 2581 2259 κατὰ
2634 2204 2733 2275 τὴν
2783 2205 3071 2261 εὐσέϐειαν
3127 2204 3286 2277 ὑμῶν
3346 2208 3639 2273 κοινωνίας

2047 2296 2456 2371 ἀποστήσεσθαι
2521 2296 3011 2370 διαϐεϐαιούμεθα.
3087 2299 3316 2365 Τούτοις
3386 2302 3638 2372 ἐπικαμ-

2048 2390 2252 2462 φθέντα
2300 2391 2395 2445 τὸν
2444 2390 2640 2463 μέγαν,
2674 2391 2820 2464 ὕδωρ
2867 2392 3303 2465 προσενεχθῆναι
3347 2394 3636 2458 κελεῦσαι,

2045 2479 2206 2535 τοῦτο
2232 2478 2290 2534 δὲ
2319 2479 2620 2551 σφραγίσαι
2648 2480 2739 2534 τὸν
2777 2481 3042 2553 ίεράρχην
3078 2480 3245 2553 (οὕτω
3306 2481 3403 2537 τοῦ
3447 2484 3638 2539 Ἰωάν·
3661 2543 3673 2553 ,

2049 2589 2142 2627 νου
2203 2571 2520 2639 πείσαντος)
2548 2574 2651 2627 κα.)⁸
2716 2573 2913 2645 ἐπὶ.τῷ
2973 2574 3068 2629 τοῦ
3115 2576 3356 2648 Χριστοῦ
3406 2576 3639 2649 ὀνόματι

2049 2661 2420 2732 καταχεθῆναι
2482 2660 2600 2734 [γρ.
2662 2662 3128 2737 κατασχεσθῆναι]
3194 2665 3291 2737 τῆς
3350 2670 3640 2735 γυναικός.

2048 2746 2234 2825 Οὗπερ
2256 2753 2322 2823 δὴ
2349 2754 2668 2825 γενομένου,
2702 2755 2737 2826 ἡ
2766 2754 3087 2830 κλινοπετὴς
3145 2758 3307 2824 εὐθὺς
3356 2760 3628 2815 ἀνίστατο

2050 2843 2232 2919 ὑγιὴς,
2256 2846 2353 2899 καὶ
2385 2846 2506 2919 ἅμα
2542 2847 2640 2901 σὺν
2694 2848 2852 2920 ἀνδρὶ
2894 2849 2991 2902 καὶ
3023 2850 3274 2914 πολίταις
3337 2854 3440 2925 μιᾷ
3478 2855 3641 2926 φωνῇ

2048 2936 2139 2990 τὸν
2168 2936 2406 3009 Χριστὸν
2460 2935 2821 3008 ἐμεγάλυνεν.
2880 2934 3016 2993 Εῐτα
3060 2941 3155 2994 καὶ
3206 2940 3347 3012 πρὸς
3376 2940 3513 3010 γόνυ
3544 2942 3640 2995 πί-

2048 3044 2277 3092 πτοντες
2298 3029 2423 3093 τοὺς
2458 3028 2651 3099 ἁγίους
2684 3030 3017 3101 συγγνώμην
3039 3032 3134 3104 τῆς
3166 3034 3442 3105 προτέρας
3469 3033 3642 3107 ᾔτουν

2048 3119 2274 3189 ἀγνοίας
2323 3118 2440 3193 [γρ.
2498 3121 2681 3186 ἀνοίας
2704 3120 2750 3196 ],
2801 3123 2897 3177 καὶ
2926 3123 3068 3178 οὓτω
3093 3123 3373 3199 χαίροντες
3395 3126 3643 3200 ἐπανῄε-

2052 3230 2174 3281 σαν,
2227 3215 2397 3271 πολλὰ
2452 3215 2554 3287 μὲν
2580 3216 2689 3271 τῶν
2729 3222 3030 3289 χρημάτων
3077 3221 3188 3283 τοῖς
3219 3222 3279 3274 ὲν
3307 3221 3470 3293 χρεία
3523 3221 3641 3276 δια-

2046 3307 2389 3379 νειμάμενοι,
2446 3310 2749 3381 τριακοντα
2799 3310 2857 3364 δὲ
2894 3311 3092 3383 λιτρῶν
3141 3314 3370 3385 χρυσίον
3409 3316 3510 3369 επὶ
3548 3315 3644 3371 δα-

2048 3401 2217 3474 πάνῃ,
2273 3400 2435 3457 τοῦτο
2497 3402 2597 3474 μὲν
2656 3404 2850 3471 ξένων,
2896 3406 3132 3461 τοῦτοδὲ
3178 3406 3485 3462 νοσούντων
3539 3410 3638 3464 καὶ

2048 3493 2362 3566 πενομένων
2389 3494 2469 3567 τῷ
2498 3494 2815 3569 Εενοδοχείῳ
2871 3499 3307 3571 παρασχόμενοι.
3355 3500 3449 3567 Ἐξ
3487 3502 3641 3556 ὲκεί-

2046 3604 2140 3640 νου
2165 3586 2224 3641 δὲ
2256 3588 2574 3645 παντάπασι
2600 3588 2693 3642 κα)⁸
2728 3590 2827 3661 τῆς
2856 3589 2965 3645 τῶν
3006 3591 3454 3662 Μαρκιωνιστῶν
3494 3592 3639 3647 ano-

2048 3679 2303 3751 σχόμενοι
2353 3680 2668 3748 κοινωνίας,
2711 3684 2778 3752 τῇ
2821 3682 2915 3736 τοῦ
2957 3682 3199 3756 Χριστοῦ
3253 3687 3639 3757 προσήδρευον

2059 3770 2382 3843 Ἐκκλησία.
2431 3772 2520 3837 Ὦς
2548 3772 2605 3827 δὲ
2643 3773 2845 3846 πολλὴν
2871 3776 3070 3830 ἐκεῖνοι
3094 3780 3192 3846 τὴν
3218 3777 3462 3849 σπουδὴν
3515 3781 3636 3832 είσο

2047 3862 2419 3934 ενέγκαντες,
2476 3866 2570 3920 καὶ
2638 3865 2831 3938 ὥσπερ
2868 3868 2897 3921 ό
2957 3868 3154 3938 λόγος,
3217 3870 3397 3925 πάντα
3450 3872 3641 3927 κάλων

2047 3966 2392 4036 κινήσαντες,
2446 3964 2548 4035 τὴν
2589 3966 2671 4027 είς
2703 3964 2774 4019 τὰ
2805 3963 2997 4036 πρώην
3039 3965 3218 4020 αὐτῶν
3248 3964 3367 4038 [γρ.
3400 3965 3639 4040 τούτων]

2048 4058 2397 4130 ὑποστροφὴν
2443 4058 2791 4128 ἀπέγνωσαν,
2854 4061 3029 4133 μάγον
3084 4076 3140 4113 τε
3176 4060 3492 4114 ἀπεκάλουν
3530 4063 3632 4114 τὸν

2070 4149 2358 4222 Ἰωάννην,
2392 4153 2487 4206 καὶ
2526 4152 2663 4207 ἄλλα
2704 4154 2956 4221 πλεῖστα,
2980 4154 3083 4226 τὴν
3121 4153 3277 4207 πόλιν
3299 4154 3636 4225 περιϊόντες.

2046 4242 2128 4305 εἰς
2165 4242 2329 4297 αὑτὸν
2387 4242 2633 4316 ὕϐριζον.
2669 4244 2729 4299 ⁸0
2762 4245 2819 4299 δὲ
2859 4245 3115 4301 τοσοῦτον
3144 4246 3353 4313 ἀπέσχε
3392 4245 3489 4298 τοῦ
3541 4248 3639 4298 καὶ

2047 4333 2183 4404 πρὸς
2231 4334 2413 4404 ὀλίγον
2470 4339 2877 4410 ἐπιστραφῆναι
2934 4340 3046 4392 τῶν
3102 4338 3355 4411 ὕϐρεων,
3403 4338 3485 4391 ὃτι
3542 4338 3639 4392 καὶ

2026 4426 2416 4495 ,σεμνύνεσθαι
2478 4429 2681 4499 μᾶλλον
2714 4432 2803 4483 ἐπ’
2832 4432 3021 4494 αὑταῖς
3083 4427 3220 4501 εἷχε,
3250 4430 3328 4501 τῷ
3367 4430 3508 4501 πρὸς
3545 4432 3639 4482 τὸν

352 4515 624 4573 Joannem
666 4517 1035 4588 appellabant,
1067 4524 1122 4570 et
1151 4514 1401 4586 pluribus
1426 4513 1549 4569 aliis
1573 4513 1939 4581 contumeliis,

2052 4518 2326 4613 Δεσπότην
2346 4520 2537 4613 όμοίῳυ
2559 4520 2748 4613 ,ἄλλως
2774 4540 2835 4575 τε
2864 4522 2920 4575 δὲ
2952 4524 3045 4575 καὶ
3070 4523 3418 4593 θεόπεμπτον
3447 4524 3638 4586 αὐτοῖς

354 4608 632 4666 civiattem
663 4608 954 4673 obeuntes,
990 4621 1113 4661 euut
1145 4605 1475 4661 adiciebant.
1512 4604 1607 4660 Ille
1646 4619 1778 4660 vero
1820 4614 1941 4659 tan-

355 4712 473 4759 tum
498 4701 696 4767 abfuit,
731 4711 792 4757 ut
839 4700 926 4757 vel
973 4700 1260 4755 minimum
1292 4708 1513 4755 curaret
1555 4699 1936 4765 contumelias,

356 4801 419 4847 ut
451 4792 532 4847 eis
565 4793 751 4863 potius
795 4791 1051 4848 similiter
1093 4799 1259 4861 atque
1286 4788 1551 4845 Dominus
1592 4789 1935 4861 gloriaretur.

356 4882 571 4954 Alioqui
604 4894 786 4939 autem
821 4884 1087 4940 divinitus
1128 4882 1429 4938 immissam
1480 4880 1845 4937 calamitatem
1872 4884 1939 4936 ad

357 4990 456 5030 eos
494 4992 618 5030 mox
648 4991 771 5031 esse
800 4985 1086 5031 venturam
1122 4976 1212 5031 ille
1240 4973 1512 5045 praedixit.
1553 4972 1749 5029 Paucis
1790 4974 1936 5028 enim

354 5078 479 5139 post
501 5068 714 5133 diebus,
744 5085 866 5124 cum
897 5084 1126 5140 magnus
1157 5078 1497 5125 terramotus
1531 5067 1724 5125 fuisset
1750 5068 1940 5122 Antio-

357 5160 518 5225 chia,
561 5160 679 5231 ipsa
704 5162 922 5229 domus,
952 5178 1075 5231 qua:
1114 5159 1589 5215 Marcionistarum
1620 5170 1938 5231 susceperat

356 5254 863 5325 cettgrcgatimtettt,
904 5268 1191 5317 corruens,
1227 5263 1281 5307 ct
1321 5254 1519 5308 domus
1550 5268 1768 5323 quoque
1812 5253 1934 5324 plu-

358 5345 512 5400 rima
542 5359 669 5400 cum
706 5345 793 5410 iis,
830 5346 924 5415 qui
970 5345 1162 5401 eadem
1210 5346 1538 5412 sentiebant,
1576 5347 1936 5413 labefactata,

359 5439 720 5509 perdiderunt
763 5439 1056 5509 quamdam
1109 5438 1482 5495 incredibilem
1529 5454 1721 5494 eorum
1752 5440 1938 5494 multi-

358 5529 626 5596 tudinem,
652 5528 880 5600 etquod
923 5538 1009 5584 est
1048 5530 1285 5584 maxime
1327 5530 1667 5595 admirabile,
1704 5539 1759 5586 et
1790 5532 1935 5601 quod

357 5631 546 5692 aperte
589 5622 911 5677 ostendebat
938 5637 1058 5677 eam
1111 5622 1374 5678 divinitus
1424 5623 1723 5679 immissam
1766 5624 1936 5680 fuisse

358 5713 742 5779 calamitatem,
772 5729 896 5769 cum
929 5724 1079 5770 tanta
1110 5715 1355 5786 periisset
1390 5716 1680 5772 multitudo
1718 5733 1930 5784 eorum,

359 5807 450 5876 qui
485 5805 623 5862 male
670 5806 1207 5877 scnticbant,nullus
1233 5822 1297 5864 cx
1344 5808 1430 5876 iis,
1485 5809 1577 5880 qui
1610 5802 1755 5868 recte
1802 5825 1931 5869 sen-

2046 4612 2353 4682 συμφορὰν,
2370 4612 2493 4668 ὅσον
2512 4611 2685 4681 οὔπω,
2704 4615 3036 4668 καταλαϐεῖν
3062 4615 3387 4686 μέλλουσαν,
3414 4618 3631 4679 ἐκεῖνος

2044 4704 2327 4775 προεῖπεν.
2388 4704 2630 4774 Ὀλίγαις
2692 4707 2801 4779 γὰρ
2839 4706 3067 4779 ὕστερον
3099 4708 3340 4779 ἡμέραις
3391 4708 3633 4778 σεισμοῦ

2046 4794 2284 4863 μεγάλου
2312 4795 2410 4868 τὴν
2451 4797 2729 4868 Ἀντιόχου
2755 4800 3107 4871 κινήσαντος,
3133 4801 3291 4864 αὑτός
3323 4818 3383 4853 τε
3402 4802 3431 4853 ό
3453 4796 3578 4855 οἷκο
3590 4820 3630 4866 ς,

2041 4886 2101 4950 ὃς
2129 4886 2228 4958 τὴν
2256 4887 2365 4942 τῶν
2386 4889 2826 4961 Μαρκιωνιστῶν
2852 4896 3177 4963 συναγωγὴν
3206 4892 3289 4945 ὲδέ
3297 4908 3442 4962 χετο,
3481 4910 3550 4945 συ
3559 4912 3633 4963 μ-

2044 4979 2251 5049 πεσὼν,
2284 4980 2381 5036 καὶ
2426 4983 2598 5037 οἰκίαι
2628 4984 2880 5039 πλεῖσται
2908 4987 3023 5048 τοῖς
3059 4985 3126 5039 τὰ
3160 4985 3303 5038 αὐτὰ
3336 4983 3633 5054 φρονοῦσιν

2040 5072 2601 5140 ὲπικατασεισθείσαι,
2663 5077 2891 5132 ἄπιστόν
2920 5096 2972 5131 τι
3020 5079 3224 5150 πλῆθος
3286 5080 3467 5134 αὐτῶν
3524 5084 3634 5133 ἁπ-

2041 5162 2281 5221 ὡλεσαν.
2311 5167 2422 5223 Καὶ
2442 5169 2505 5220 τὸ
2530 5168 3011 5238 θαυμασιώτατον,
3061 5173 3155 5225 καὶ
3179 5172 3208 5225 ὃ
3246 5174 3489 5244 φανερὰν
3523 5173 3635 5226 δει-

2042 5255 2196 5309 κνύει
2255 5257 2515 5330 θεήλατον
2574 5257 2713 5314 εἴναι
2761 5265 2862 5334 την
2919 5264 3227 5335 συμφορὰν,
3252 5264 3334 5316 ὅτι
3365 5263 3630 5319 τοσούτου

2041 5346 2278 5419 πλήθους
2330 5352 2440 5404 τῶν
2506 5354 2812 5421 κακοδόξων
2878 5356 3243 5421 ἀπολωλότος,
3299 5356 3479 5419 οὐδεὶς
3508 5357 3621 5410 τῶν

2038 5441 2176 5512 ὀρθὰ
2228 5444 2571 5514 φρονούντων
2615 5448 2802 5511 αὐτοῖς
2856 5448 3229 5503 συναπώλετο.
3269 5449 3443 5502 Τοῦτο
3470 5451 3625 5518 γενό-

2043 5551 2204 5605 μενον
2269 5537 2364 5589 καὶ
2409 5539 2535 5602 τοὺς
2571 5538 2935 5605 εύσεϐοῦντας
2994 5544 3308 5614 ἐπέρρωσε,
3362 5545 3459 5595 καὶ
3517 5543 3627 5595 τῶν

2042 5629 2229 5693 κακῶς
2278 5630 2622 5700 φρονούντων
2672 5634 2902 5705 συχνοὺς
2946 5633 3316 5704 διωρθώσατο.
3381 5636 3510 5687 ’Καὶ
3558 5631 3627 5704 ἦν

2044 5723 2169 5776 ἰδεῖν
2193 5724 2332 5778 κατά
2357 5726 2455 5796 τὴν
2484 5726 2600 5781 ἆπα
2612 5745 2702 5779 ταν
2730 5726 2915 5798 χώραν
2939 5728 3034 5798 τῆς
3060 5727 3266 5790 πόλεως
3290 5728 3621 5797 εύκτηρίους

2044 5816 2140 5886 Va"
2169 5817 2348 5883 υἴκους
2373 5816 2493 5890 θεῷ
2517 5818 2963 5894 ἀνεγειρομένους
2989 5837 3000 5847 ·
3028 5821 3086 5876 εἴ
3115 5837 3215 5875 που
3246 5820 3299 5875 δὲ
3322 5821 3449 5887 ναὸς
3472 5820 3623 5874 εμεω.
