3828 6480
220 371 355 441 1081

1208 375 1389 437 VITA
1426 375 1488 437 S.
1523 375 1851 437 JOANNIS
1898 374 2455 438 CHRYSOSTOMI.

3337 368 3481 435 1082

216 492 367 554 λικδς
412 487 809 544 καταλέλειπτο
833 528 848 554 ,
893 487 1189 561 καθῃρεῖτο
1252 490 1349 545 καὶ
1369 491 1450 553 είς
1481 491 1585 562 γῆν
1613 490 1802 559 ὲδαφξ-

1921 492 2133 557 .iebant,
2162 490 2324 545 simul
2359 504 2485 544 cum
2534 487 2602 542 iis
2635 485 2814 558 periit.
2858 484 2971 540 lloc
3000 499 3124 539 cum
3156 484 3244 540 ita
3276 482 3479 540 factum

218 584 365 650 ζετοο
404 582 605 654 ἀνδρας
624 582 681 636 δὲ
705 581 1023 652 φιλοσοφία;
1062 582 1156 636 καὶ
1200 583 1404 655 ἀρετῆς
1459 584 1800 655 ἐπιμελομέ-

219 693 346 739 νους
396 675 493 728 καὶ
522 674 691 744 πολλῇ
716 676 783 746 τῇ
813 674 1030 728 συνέσει
1083 677 1555 746 κεκοσμημένους,
1580 675 1684 729 ὑπὸ
1704 679 1803 747 τῆς

217 766 316 822 τοῦ
348 766 588 838 μεγάλου
615 764 808 820 τούτου
830 766 1089 837 προνοίας
1143 767 1224 829 είς
1270 768 1369 837 τὴν
1421 768 1535 822 τῶν
1584 767 1803 821 πολλῶν

221 858 501 931 σωτηρίαν
548 860 1027 930 ὲκπεμπομένους.
1092 858 1414 930 Μαρτύριον
1443 859 1698 930 ἀψευδὲς,
1734 859 1802 913 τὰ

221 953 369 1007 κατά
415 951 479 1005 τὸ
536 951 816 1022 ’Δμμανὸν
872 950 1002 1021 ὅρος
1044 950 1353 1022 τηνικαῦτα
1408 953 1754 1023 γεγενημένα
1785 992 1801 1018 ,

219 1045 353 1100 ἔνθα
382 1047 508 1107 τοὺς
546 1044 939 1106 κατοικοῦντας
965 1043 1118 1097 οὐδὲν
1141 1044 1306 1098 πλέον
1336 1044 1481 1117 ἔχειν
1501 1048 1581 1110 είς
1611 1047 1802 1116 ἀγριό-

218 1157 360 1209 τητα
385 1139 509 1201 τοὺς
537 1137 714 1209 θῆρας
738 1136 1164 1200 καταλιπόντας,
1189 1138 1266 1199 είς
1291 1136 1562 1205 τοσαύτην
1594 1140 1803 1201 ἐκεῖνος

220 1232 432 1301 ἢγαγεν
479 1230 796 1301 ήμερότητά
828 1246 887 1282 τε
922 1228 1016 1283 καὶ
1052 1228 1388 1296 θεοσέϐειαν,
1419 1229 1495 1294 ὡς
1526 1229 1803 1300 ἀμελῆσαι

224 1325 323 1390 μὲν
400 1323 501 1392 τῆς
544 1321 1030 1393 πατροπαραδότου
1089 1320 1391 1393 θρησκείας
1447 1322 1801 1395 (πράγματος

226 1414 453 1487 ίσχυροῦ
504 1415 732 1484 σφόδρα,
766 1414 864 1468 καὶ
912 1414 1125 1483 ἀλόγως
1175 1417 1304 1478 τοὺς
1348 1415 1580 1480 πολλοὺς
1607 1417 1683 1479 ὡς
1705 1416 1806 1470 οὐκ

219 1509 387 1564 ἄλλου
421 1508 564 1570 τινὸς
602 1505 1007 1582 χειρουμένου),
1039 1507 1138 1563 σὺν
1156 1506 1405 1579 πολλῇ’δὲ
1434 1509 1500 1578 τῇ
1526 1508 1808 1580 προθυμίᾳ

222 1603 363 1674 πρὸς
391 1602 454 1656 τὸ
478 1602 580 1672 τῆς
608 1602 869 1673 ἀληθείας
918 1602 1124 1671 φέγγος
1157 1601 1558 1673 αὐτομολῆσαι·
1595 1604 1693 1656 καὶ
1731 1603 1807 1674 μὴ

226 1696 393 1767 μέχρι
430 1678 629 1750 τούτου
698 1695 913 1766 στῆναι,
975 1694 1110 1749 ἀλλά
1144 1697 1240 1748 καὶ
1286 1695 1516 1759 πολλοὺς
1540 1696 1601 1761 ἐξ
1629 1696 1809 1750 αὐτῶν

223 1788 640 1859 φιλοτιμότερον
658 1791 722 1860 τῇ
748 1788 1002 1860 εὐσεϐείᾳ
1030 1788 1352 1859 χρωμένους
1389 1786 1592 1859 ἄνδρας
1620 1804 1679 1842 τε
1714 1787 1810 1841 καὶ

1905 592 2071 649 esset,
2104 592 2156 639 et
2198 586 2318 653 pios
2365 581 2768 642 corroboravit,
2800 580 2857 636 et
2907 580 3145 635 correxit
3186 581 3387 634 multos
3414 593 3484 632 ex

1910 678 1994 739 iis,
2020 677 2115 747 qui
2163 676 2303 730 male
2333 675 2643 730 sentiebant
2670 692 2683 729 :
2721 681 2775 729 et
2811 672 3010 728 licebat
3042 657 3223 726 videre
3254 671 3309 724 in
3358 670 3487 724 uni-

1907 783 2064 823 versa
2095 767 2313 839 regione
2343 767 2599 833 civitatis,
2622 767 2813 822 domos
2833 766 3053 836 quidem
3082 764 3351 821 oratorias
3376 763 3487 818 Deo

1906 861 2156 924 excitari,
2192 861 2393 930 templa
2434 870 2614 915 autem
2655 860 3094 924 simulacrorum,
3127 859 3170 913 si
3214 856 3361 928 quod
3396 871 3487 910 re-

1908 963 2211 1017 manserat,
2230 953 2371 1007 dirui
2396 952 2644 1007 funditus
2666 961 2722 1006 et
2763 951 2818 1005 in
2857 962 3055 1006 terram
3101 948 3262 1019 dejici
3294 965 3308 1001 :
3342 949 3491 1002 viros

1907 1057 2110 1110 autem,
2140 1049 2231 1116 qui
2267 1045 2625 1116 phil050phia:
2650 1060 2837 1100 curam
2872 1044 3132 1115 gerebant
3160 1052 3215 1097 et
3246 1041 3487 1106 virtutis,

1909 1153 2215 1210 magnaque
2249 1138 2425 1193 ornati
2452 1146 2615 1192 erant
2660 1136 3018 1207 intelligentia
3036 1145 3091 1191 et
3121 1136 3376 1190 acumine
3403 1134 3490 1187 in-

1892 1233 2076 1303 ‘genii,
2096 1232 2325 1303 amagni
2351 1233 2514 1301 hujus
2546 1231 2649 1285 viri
2681 1230 3025 1301 providentia
3049 1229 3224 1284 emitti
3249 1229 3317 1283 ad
3351 1227 3491 1282 mul-

1909 1338 2090 1384 torum
2136 1327 2389 1382 salutem.
2420 1324 2642 1381 Certum
2675 1335 2856 1380 autem
2891 1326 3030 1395 ejus,
3059 1323 3204 1394 quod
3237 1322 3493 1385 dicimus,

1912 1421 2290 1477 testimonium
2339 1430 2466 1475 sunt
2518 1435 2618 1485 ea,
2669 1435 2790 1491 quas
2836 1418 2978 1475 facta
3025 1427 3156 1473 sunt
3198 1416 3252 1471 in
3307 1424 3496 1470 monte

1908 1514 2216 1569 Ammano:
2255 1514 2345 1568 ubi
2377 1529 2471 1568 eos
2500 1512 2590 1583 qui
2626 1512 2965 1576 habitabant,
3000 1510 3091 1581 qui
3137 1518 3294 1565 erant
3341 1505 3494 1577 impii

1911 1615 1968 1659 et
2005 1604 2390 1667 immansueti,
2443 1613 2495 1659 et
2549 1603 2685 1658 nihil
2735 1602 3066 1658 diﬂ'erebant
3104 1617 3134 1655 a
3192 1601 3494 1655 bestiarum

1909 1698 2271 1765 immanitate,
2303 1698 2393 1753 ille
2422 1697 2490 1753 ad
2527 1706 2733 1752 tantam
2760 1695 3237 1751 mansuetudinem
3269 1692 3497 1749 deduxit

1912 1802 1968 1847 et
1991 1791 2272 1862 pietatem,
2297 1801 2411 1847 uta
2436 1792 2687 1863 patribus
2707 1792 2924 1863 quidem
2948 1791 3128 1846 datam
3155 1786 3497 1859 neglexerint

225 1884 519 1951 γυναῖκας,
568 1882 694 1945 τοῦς
751 1881 851 1952 μὲν
881 1881 976 1935 τὸν
1006 1880 1117 1936 τῶν
1169 1881 1444 1953 μοναχῶν,
1476 1882 1605 1944 τοὺς
1637 1881 1694 1935 δὲ
1716 1881 1808 1935 τὸν

1921 1884 2254 1955 religionem,
2280 1899 2395 1938 rem
2432 1883 2586 1938 valde
2612 1882 2910 1945 difﬁcilem,
2937 1892 2991 1938 et
3020 1896 3162 1951 quae,
3193 1882 3238 1934 si
3268 1878 3373 1932 ulla
3408 1891 3497 1931 res

223 1974 337 2028 τῶν
359 1973 643 2045 παρθένων
673 1973 838 2041 ζυγὸν
862 1974 1138 2029 ὑπελθεῖν.
1180 1974 1261 2027 Τὰ
1279 1973 1337 2026 δὲ
1369 1974 1495 2043 περὶ
1512 1974 1572 2025 τὸ
1608 1973 1811 2025 Κάσιον

222 2068 355 2140 δρος
389 2067 482 2120 καὶ
539 2066 632 2120 τὸν
688 2068 868 2121 ἐκεῖσε
923 2066 1036 2120 τῶν
1095 2065 1367 2137 Ἑλλήνων
1392 2066 1520 2120 ναὸν
1542 2066 1620 2135 τῷ
1659 2065 1813 2137 ἀνδρὶ

226 2159 565 2231 πραχθέντα,
609 2159 694 2223 τίς
722 2158 865 2214 οῦτω
897 2158 1169 2230 βάσκανος
1197 2158 1231 2229 ἢ
1268 2156 1537 2230 ῥᾴθυμος,
1569 2158 1645 2221 ὼς
1679 2157 1811 2211 ὑπο-

229 2257 415 2324 μεῖναι
436 2255 766 2325 παραλιπεῖν
789 2270 805 2319 ;
838 2252 970 2307 ἔνθα
995 2251 1267 2323 τοσαύτης
1293 2251 1503 2323 πλάνης
1532 2251 1594 2305 τὸ
1619 2250 1814 2321 πρότε-

188 2354 197 2359 ’
229 2365 330 2418 ρον
350 2345 542 2417 οῦσης,
563 2346 659 2400 καὶ
672 2344 912 2416 πλήθους
936 2345 1036 2416 μὲν
1053 2342 1290 2417 ἀριθμοῦ
1321 2343 1656 2415 κρείττονος,
1686 2344 1809 2398 ὅσαι

225 2433 372 2513 ὧραι
411 2438 725 2508 φοιτῶντος.
753 2439 963 2510 μυρίων
1009 2437 1068 2491 δὲ
1091 2436 1254 2507 ,ζώων
1273 2436 1488 2506 σφαγῆς
1523 2434 1816 2505 γινομένης

226 2534 311 2597 είς
339 2532 439 2604 τὴν
463 2532 572 2586 τῶν
586 2530 1006 2602 δαιμόνωνί(φεῦ
1029 2532 1068 2602 ί)
1099 2530 1417 2601 θεραπείαν,
1437 2530 1616 2587 πάντα
1634 2530 1816 2584 ἐκεῖνα

224 2627 407 2700 ᾤχετο
458 2626 552 2681 καὶ
588 2624 802 2697 ἀπέσϐη
866 2626 945 2697 τῷ
987 2625 1137 2697 ζήλῳ
1178 2625 1279 2696 τῆς
1329 2623 1576 2695 μεγάλης
1613 2622 1816 2695 ταύτης

228 2720 327 2774 καὶ
378 2717 694 2789 θεοκινήτου
752 2717 955 2789 ψυχῆς.
1000 2717 1134 2772 Οὐδὲ
1166 2718 1340 2772 ταῦτα
1389 2715 1562 2787 λήθης
1592 2715 1719 2781 ἀξια
1748 2715 1817 2769 τὰ

232 2812 372 2884 πρὸς
394 2816 462 2884 τῇ
493 2811 777 2883 ἀκρωρείᾳ
799 2811 899 2882 τῆς
951 2810 1164 2875 πόλεως
1210 2809 1307 2863 τοῦ
1356 2810 1457 2878 τῆς
1496 2810 1818 2880 Ἀφροδίτης

230 2903 577 2974 γεγενημένα
624 2902 755 2958 ναοῦ
789 2905 885 2957 καὶ
916 2903 998 2957 ὅτι
1042 2901 1118 2974 μὴ
1144 2903 1303 2973 μόνον
1333 2905 1540 2957 ἐκεῖνον
1569 2900 1822 2972 καθαιρε-

233 2998 395 3069 θῆναι
434 2996 524 3051 διὰ
581 2995 821 3067 σπουδῆς
871 2994 1046 3061 ἔθετο,
1078 2993 1215 3048 ἀλλὰ
1256 2994 1349 3047 καὶ
1402 2993 1602 3065 ἄνδρας
1629 2994 1822 3063 ἁγίους

231 3090 715 3161 ὲγκατοικισθῆναι
780 3088 859 3160 τῷ
904 3088 1058 3158 τόπῳ
1146 3086 1414 3158 φοϐεροὺς
1475 3088 1589 3149 τοῖς
1640 3086 1821 3138 ὲκεῖσε

233 3184 670 3257 παραδυομένοις
720 3180 1065 3253 ύπάρξοντας
1108 3181 1362 3252 δαίμοσιν
1396 3220 1412 3246 ,
1463 3181 1539 3244 ὼς
1598 3179 1816 3251 μακρὰν

235 3278 341 3350 μὲν
371 3277 611 3341 ὲκείνους
664 3276 1029 3346 ἀπελαθῆναι,
1051 3274 1307 3345 καθάπερ
1335 3272 1480 3336 τινὸς
1496 3273 1664 3327 ὅπλου
1696 3290 1821 3343 φρι-

236 3369 372 3425 κτοῦ
404 3370 504 3439 τῆς
556 3370 665 3423 τῶν
696 3367 909 3440 ἀνδρῶν
939 3367 1111 3438 εὐχῆς
1148 3367 1332 3429 αὐτοῖς
1384 3366 1777 3435 ἐπισειομένης
1804 3380 1818 3395 ·

236 3461 562 3532 ἀνθρώπους
581 3460 640 3516 δὲ
667 3461 795 3523 τοὺς
823 3459 1239 3528 περιοικοῦντας
1255 3457 1317 3512 ού
1335 3458 1437 3527 τῆς
1458 3458 1640 3513 αὐτῶν
1661 3458 1822 3529 μόνον

234 3553 623 3623 ἀπαλλαγῆναι
676 3553 877 3624 λύμης,
913 3551 1049 3605 ἀλλά
1084 3551 1179 3605 καὶ
1227 3549 1495 3619 πλείστης
1524 3548 1822 3603 ἀπολαύειν

236 3647 341 3717 τῆς
383 3646 653 3717 ὠφελείας
681 3649 792 3709 τοῖς
824 3644 1135 3700 συνοικοῦει
1178 3646 1440 3714 μοναχοίς
1467 3642 1820 3713 ὁμιλοῦντας.

242 3742 446 3811 Ἔργον
486 3740 587 3810 τῆς
630 3740 840 3793 ἐκείνου
869 3737 1131 3808 σπουδῆς,
1166 3737 1263 3791 καὶ
1293 3738 1327 3807 ή
1366 3739 1423 3790 ὲν
1446 3739 1514 3807 τῇ
1554 3725 1700 3806 ἀκρα
1726 3733 1821 3789 τοῦ

239 3833 417 3905 Βήλου
465 3833 760 3904 λεγομένου
811 3831 1041 3903 βεϐήλου
1107 3829 1238 3885 ναοῦ
1306 3828 1651 3900 καθαίρεσις,
1679 3830 1825 3883 καὶὸ

243 3928 442 3998 μέχρις
467 3925 693 3993 ἐδάφους
721 3923 1051 3994 ἀφανισμδς,
1073 3921 1189 3992 ἔχει
1214 3922 1309 3975 καὶ
1329 3924 1362 3991 ή
1387 3921 1496 3975 τῶν
1514 3920 1824 3975 Σελευκέων

239 4035 311 4073 πε
320 4020 518 4091 ριοικὶς
539 4018 809 4082 τοιούτοις
829 4014 1277 4087 έγκαυχήσασθαι
1296 4015 1391 4069 τοῦ
1411 4016 1605 4092 ἀνδρὸς
1625 4032 1825 4087 κατορ-

239 4112 526 4184 θώμασιν*
591 4113 716 4177 ἐπεὶ
767 4112 864 4166 καὶ
916 4111 1215 4165 εἰδωλικῶν
1235 4111 1379 4166 ναῶν
1440 4110 1820 4183 καθαιρέσεις,

241 4206 408 4277 ιερῶν
434 4221 494 4258 τε
525 4204 685 4259 θείων
732 4203 1044 4271 οἰκοδομάς,
1091 4204 1189 4258 καὶ
1251 4204 1539 4273 οἰκισμοὺς
1613 4203 1825 4274 ἀνδρῶν

238 4298 574 4370 φιλαρέτων,
641 4298 738 4352 καὶ
793 4301 970 4368 ταύτῃ
994 4297 1375 4368 γεγενημένας
1415 4296 1694 4368 εὑρήσεις.
1727 4296 1824 4360 Τίς

240 4391 355 4463 γὰρ
395 4390 483 4444 τον
516 4391 676 4462 ζῆλον
709 4392 851 4445 κατά
886 4389 1056 4461 μέρος
1082 4388 1291 4456 ἐξείποι
1319 4390 1421 4459 τῆς
1458 4372 1822 4460 ἀποστολικής

239 4483 460 4554 ἐκείνης
482 4483 575 4537 καὶ
598 4483 1083 4554 μεμεριμνημένης
1094 4481 1298 4550 ψυχῆς
1333 4481 1419 4535 ἵνα
1440 4482 1573 4550 γοῦν
1593 4481 1667 4553 μὴ
1689 4481 1827 4552 πρὸς

1913 1976 2040 2039 alia,
2072 1974 2273 2030 inultos
2297 1975 2470 2030 vincit
2502 1975 2705 2046 absque
2736 1974 2948 2029 ratione
2981 1991 2993 2027 :
3027 1980 3280 2043 prompto
3310 1977 3496 2024 autem

1916 2077 1970 2123 et
1995 2067 2156 2122 alacri
2188 2068 2373 2123 animo
2398 2067 2789 2139 transfugerint
2811 2067 2879 2123 ad
2905 2067 3084 2121 lucem
3115 2064 3359 2120 veritatis
3387 2080 3403 2119 :
3442 2072 3498 2117 et

1917 2176 2017 2217 nee
2040 2164 2303 2217 hactenus
2325 2162 2595 2227 steterint,
2618 2162 2713 2217 sed
2740 2162 2904 2217 etiam
2932 2161 3086 2215 multi
3116 2175 3179 2213 ex
3207 2158 3275 2213 iis
3295 2158 3499 2228 pietate

1915 2252 1999 2307 usi
2049 2252 2481 2318 muniﬁcentius,
2514 2253 2635 2318 viri,
2691 2253 2947 2323 inquam,
2986 2259 3044 2306 et
3091 2251 3371 2317 mulieres,
3422 2248 3495 2302 illi

1915 2346 2137 2416 quidem
2170 2347 2585 2411 monachorum,
2619 2346 2704 2401 lite
2754 2346 3026 2417 virginum
3073 2345 3263 2416 jugum
3308 2342 3499 2397 subie-

1919 2442 2047 2493 rint.
2084 2437 2187 2505 ριιί
2223 2447 2405 2493 autem
2436 2438 2491 2492 in
2522 2437 2686 2493 Casio
2714 2422 2899 2491 monte
2928 2443 2981 2489 et
3013 2434 3067 2489 in
3097 2433 3318 2504 templo,
3353 2432 3497 2502 quod

1918 2531 2029 2586 illic
2057 2541 2196 2598 erat,
2236 2531 2518 2602 gentilium
2551 2530 2619 2585 ab
2671 2529 2763 2583 illo
2819 2529 2940 2583 viro
2985 2527 3129 2583 facta
3173 2537 3323 2592 sunt,
3374 2525 3501 2596 quis

1920 2633 2005 2678 est
2052 2623 2192 2678 adeo
2236 2623 2453 2678 invidus
2509 2632 2603 2677 aut
2633 2622 2917 2693 negligens
2965 2631 3061 2676 aut
3108 2621 3288 2685 deses,
3324 2629 3384 2673 ut
3444 2619 3498 2674 id

1920 2715 2187 2770 sustineat
2238 2714 2698 2786 praetermittere?
2730 2714 2851 2781 Quo
2894 2714 2947 2768 in
2983 2715 3102 2768 loco
3154 2728 3278 2768 eum
3316 2720 3501 2767 tantus
3533 2779 3538 2783 _

1919 2824 2074 2863 error
2118 2808 2272 2879 prius
2321 2818 2469 2864 esset
2519 2807 2774 2869 dill'ttsus,
2822 2817 2879 2863 et
2935 2807 3227 2863 multitudo
3277 2807 3498 2879 quidem

1919 2904 2141 2960 assidue
2169 2904 2380 2959 veniret
2410 2903 2847 2968 innumerabilis,
2872 2903 3025 2957 fieret
3051 2912 3232 2956 autem
3270 2902 3503 2956 immen-

1921 3014 2042 3053 sum
2100 2998 2418 3053 animalium
2474 2997 2797 3052 sacrificium
2833 3004 3058 3067 propter
3092 2995 3321 3060 cultum,
3363 2993 3499 3065 prob

1921 3093 2076 3148 dolor
2102 3095 2115 3147 !
2149 3092 2479 3149 daemonum.
2502 3092 2783 3161 perierunt
2820 3091 2904 3145 illa
2935 3091 3118 3145 omnia
3150 3099 3203 3145 et
3234 3090 3501 3145 exstincta

1923 3192 2054 3239 sunt
2106 3184 2224 3239 zelo
2256 3183 2399 3240 illius
2434 3199 2642 3255 magure
2694 3193 2749 3239 et
2790 3200 2911 3253 quae
2953 3199 2984 3238 a
3022 3182 3133 3238 Deo
3181 3182 3506 3237 movebatur

1923 3276 2138 3331 animas.
2195 3275 2382 3346 Neque
2435 3275 2552 3331 haec
2597 3285 2726 3331 sunt
2782 3275 2968 3345 digna,
3001 3291 3123 3346 quae
3177 3275 3505 3330 mandentur

1922 3368 2161 3434 silentio,
2197 3384 2318 3439 qua:
2349 3368 2488 3423 facta
2516 3377 2646 3424 sunt
2674 3369 2728 3423 in
2754 3368 2968 3438 fastigio
2992 3370 3251 3434 civitatis,
3279 3371 3333 3423 in
3367 3382 3504 3424 tem-

1923 3463 2012 3534 plo
2044 3462 2310 3519 Veneris:
2352 3473 2409 3518 et
2454 3463 2598 3533 quod
2633 3479 2741 3517 non
2797 3448 2970 3517 solum
3016 3464 3305 3527 studuerit,
3353 3473 3411 3516 ut
3452 3463 3502 3518 id

1922 3556 2235 3611 dirueretur
2260 3597 2276 3623 ,
2312 3556 2405 3611 sed
2436 3556 2601 3610 etiam
2635 3565 2696 3612 ut
2726 3556 2780 3611 in
2812 3572 2877 3612 eo
2910 3558 3031 3611 loco
3061 3558 3162 3612 viri
3198 3557 3373 3612 sancti
3408 3561 3506 3611 ha-

1922 3649 2180 3713 bitarent,
2227 3649 2499 3703 terribiles
2551 3648 2638 3711 iis,
2685 3648 2775 3720 qui
2806 3663 2873 3703 eo
2919 3648 3195 3713 subibant,
3242 3647 3507 3702 dzemoni-

1925 3742 2061 3796 bus:
2103 3740 2239 3796 adeo
2274 3748 2334 3795 ut
2375 3740 2451 3795 illi
2495 3739 2714 3811 quidem
2746 3739 2936 3811 procul
2991 3738 3205 3810 expulsi
3263 3740 3500 3807 fuerint,

1927 3842 2182 3903 tanquam
2233 3833 2401 3889 armis
2438 3832 2765 3904 quibusdam
2817 3832 3152 3887 terribilibus
3200 3831 3503 3897 intentatis,

1924 3942 2113 3982 eorum
2150 3926 2390 3981 virorum
2425 3927 2682 3999 precibus
2712 3944 2726 3981 :
2764 3925 3013 3982 homines
3056 3934 3260 3992 autem,
3280 3926 3372 3996 qui
3397 3925 3506 3980 eir-

1926 4019 2199 4076 eumcirea
2231 4020 2571 4085 habitabant,
2605 4036 2718 4075 non
2752 4020 2927 4076 solum
2958 4036 2989 4075 a
3022 4019 3246 4076 ltesione
3287 4019 3503 4075 illorum

1926 4111 2316 4181 liberarentur,
2345 4113 2440 4169 sed
2472 4114 2638 4169 etiam
2672 4113 2966 4169 maximam
3016 4113 3330 4184 acciperent
3361 4112 3508 4168 utili-

1930 4214 2118 4269 tatem,
2161 4221 2287 4261 eum
2336 4215 2561 4277 possent
2608 4207 2822 4263 versati
2874 4222 2999 4261 cum
3044 4205 3348 4273 monachis,
3410 4205 3506 4278 qui

1927 4299 2157 4370 perfecti
2191 4308 2345 4354 erant
2377 4298 2429 4353 in
2462 4299 2558 4354 Dei
2592 4300 2811 4355 timore.
2845 4300 2995 4354 Illius
3029 4299 3229 4354 mentis
3256 4307 3311 4354 et
3339 4299 3505 4353 studii

1927 4386 2090 4440 etiam
2130 4395 2215 4441 est
2238 4401 2398 4457 opus,
2448 4403 2571 4457 qua:
2602 4388 2705 4443 fuit
2742 4390 2796 4444 in
2823 4405 2949 4444 arce
2984 4389 3118 4455 Beli,
3153 4390 3245 4460 qui
3282 4389 3502 4454 dicitur,

1926 4477 2140 4547 profani
2169 4478 2359 4549 templi
2393 4480 2717 4545 destructio,
2742 4489 2797 4536 et
2816 4482 2881 4536 ad
2912 4482 3087 4535 solum
3118 4496 3288 4551 usque
3315 4481 3507 4535 demo-

236 4574 512 4644 ἀμετρίαν
572 4576 703 4644 ἡμῖν
729 4577 757 4628 ό
788 4574 946 4643 λόγος
995 4570 1363 4643 παραταθείη,
1411 4572 1582 4627 τάλλα
1642 4572 1814 4626 πάντα

1928 4568 2066 4623 litio.
2100 4567 2289 4625 Potest
2330 4570 2496 4625 etiam
2528 4587 2650 4641 qua:
2696 4570 2842 4626 circa
2884 4568 3188 4625 Seleuciam
3231 4570 3509 4624 habitatur

239 4666 315 4719 τά
340 4666 399 4718 ὲν
427 4666 507 4735 τῷ
564 4665 945 4739 πρεσϐυτερίῳ
1009 4666 1185 4735 τούτῳ
1234 4663 1649 4735 κατωρθωμένα
1716 4679 1821 4717 πα-

240 4752 510 4827 ραλιπὼν,
543 4758 635 4810 ἐπὶ
655 4758 745 4811 τὸν
769 4755 868 4827 τῆς
897 4756 1203 4828 ἐπισκοπῆς
1235 4755 1499 4826 βαδιεῖται
1526 4753 1742 4826 χρόνον.

1938 4663 2109 4733 regio,
2148 4663 2366 4735 gloriari
2400 4665 2678 4735 praclaris
2728 4663 2891 4719 factis
2940 4664 3088 4720 illius
3120 4662 3239 4718 viri.
3288 4663 3423 4718 Nam
3454 4674 3509 4720 et

1930 4758 2350 4816 simulacrorum
2390 4764 2587 4833 tetnpla
2622 4763 2729 4819 illic
2776 4764 2976 4830 diruta,
3008 4772 3064 4819 et
3105 4762 3321 4819 divinas
3365 4762 3511 4818 aedes

238 4863 565 4916 exstructas,
601 4863 656 4910 et
685 4854 829 4910 viros
874 4854 1092 4909 virtutis
1149 4853 1424 4909 studiosos
1473 4852 1584 4908 illic
1651 4852 1720 4909 ad
1781 4853 2136 4913 habitandum
2177 4859 2471 4915 collocatos
2505 4861 2772 4917 invenies.
2807 4859 2941 4928 Quis
2987 4865 3132 4917 enim
3169 4861 3343 4917 zelum
3389 4861 3506 4916 sin-

239 4947 465 5017 gulatim
499 4946 866 5002 enuntiaverit
896 4946 1042 5001 illius
1073 4946 1387 5017 apostolicae
1435 4954 1492 5001 et
1528 4946 1775 5002 sollicita:
1810 4949 2047 5006 animae?
2083 4950 2163 5007 Ne
2185 4968 2316 5025 ergo
2347 4953 2401 5009 in
2426 4954 2753 5010 immensum
2779 4955 2937 5010 nobis
2960 4965 3172 5011 crescat
3193 4958 3387 5022 oratio,
3424 4974 3511 5013 re—

240 5042 408 5112 liquis
435 5043 693 5098 omnibus
711 5042 1110 5114 praetermissis,
1130 5058 1251 5114 quae
1277 5050 1421 5097 recte
1442 5052 1593 5114 gesta
1615 5052 1742 5098 sunt
1763 5043 1816 5099 in
1847 5046 1951 5102 hoc
1973 5050 2367 5121 presbyteratu,
2383 5066 2445 5106 ea
2461 5050 2717 5122 procedet
2735 5052 2802 5107 ad
2824 5060 3038 5121 tempus
3069 5051 3436 5123 episcopatus.

314 5140 418 5193 ιε’.
457 5141 533 5192 Οὐ
572 5138 743 5203 πολὺς
774 5139 884 5211 γὰρ
940 5137 1114 5211 ῷχετο
1141 5138 1354 5210 χρόνος,
1380 5139 1476 5191 καὶ
1505 5137 1814 5209 Νεκτάριος

244 5232 350 5303 μὲν
385 5233 413 5285 ὁ
458 5232 557 5301 τῆς
613 5232 1027 5286 Κωνσταντίνου
1090 5231 1354 5303 πρόεδρος
1421 5229 1556 5301 πρὸς
1620 5229 1827 5299 Κύριον

238 5325 399 5395 ὲξεδή
410 5342 604 5397 μησεν,
629 5325 790 5389 εὐθὺς
812 5325 869 5380 δὲ
896 5326 925 5379 ὁ
949 5326 1043 5380 τοῦ
1070 5326 1262 5397 θρόνου
1282 5325 1442 5407 ,ἄξιος
1482 5324 1823 5393 ἐπεζητεῖτο.

245 5421 463 5475 Ἀλλων
511 5419 606 5477 οὖν
652 5423 856 5490 ἀλλοις,
915 5424 1104 5496 ὥσπερ
1146 5407 1356 5488 ἔθοςέν
1386 5426 1501 5487 τοῖς
1538 5422 1827 5492 τοιούτοις,

2006 5143 2120 5198 XV.
2160 5143 2282 5199 Non
2323 5146 2553 5201 multum
2582 5147 2728 5201 enim
2771 5145 3084 5202 intercessit
3127 5146 3408 5217 temporis,
3456 5154 3511 5202 et

1934 5233 2220 5290 Nectarius
2253 5237 2473 5307 quidem
2515 5238 2711 5308 praasul
2750 5236 3272 5305 ConstantinOpolis,
3316 5236 3513 5307 migrat

1934 5328 2000 5383 ad
2034 5329 2321 5384 Dominum
2352 5328 2453 5402 (8).
2487 5328 2744 5385 Protinus
2774 5339 2955 5385 autem
2991 5331 3338 5401 quaerebatur
3358 5331 3511 5398 quis-

1927 5426 2097 5496 piam,
2127 5425 2219 5494 qui
2249 5434 2399 5480 esset
2425 5424 2623 5496 dignus
2653 5440 2716 5479 ea
2744 5427 2893 5480 sede.
2922 5424 3059 5480 Cum
3086 5425 3175 5479 alii
3208 5439 3336 5495 ergo
3362 5422 3506 5485 aliis,

240 5514 318 5567 τά
347 5519 589 5588 πρωτεῖα
632 5517 929 5587 νεμόντων,
962 5519 1058 5570 καὶ
1106 5517 1216 5571 τῶν
1281 5516 1381 5587 μὲν
1436 5516 1741 5588 φιλίᾳ,τῶν
1763 5518 1814 5570 δὲ

1921 5525 1987 5570 ut
2019 5516 2136 5570 fieri
2161 5518 2299 5571 solet
2331 5516 2385 5570 in
2416 5516 2683 5587 ejusmodi
2709 5518 2896 5585 rebus,
2926 5518 3131 5588 primas
3179 5523 3366 5587 partes
3408 5512 3512 5569 tri-

321 5702 398 5771 (Β)
446 5703 725 5759 Nectarius
772 5704 965 5774 praesul
999 5704 1133 5757 obiit
1177 5720 1321 5757 anno
1352 5703 1477 5765 567,
1518 5702 1833 5774 consulibus

246 5775 487 5826 (Ismario
510 5787 564 5829 et
594 5773 794 5839 Attico,
830 5773 863 5827 5
891 5774 1006 5828 Kal.
1040 5776 1258 5835 Ot-tob‘”
1289 5785 1348 5827 ttt
1385 5790 1448 5827 ex
1487 5774 1697 5827 Snerat.
1732 5773 1828 5828 lib.

245 5861 322 5907 γι,
375 5859 424 5901 c.
463 5846 497 5900 ἓ
529 5854 680 5902 notat
716 5847 837 5901 ΒΜ.
883 5846 956 5900 De
1003 5844 1235 5901 Nectarii
1288 5854 1480 5911 morte,
1510 5853 1563 5898 et
1604 5844 1829 5900 Joannis

1941 5701 2240 5761 creatione,
2267 5698 2388 5752 vide
2424 5699 2652 5767 Nieeph.
2675 5714 2792 5768 cap.
2816 5697 2851 5751 2
2883 5696 2979 5751 lib.
3010 5710 3106 5749 xm
3130 5692 3391 5768 ;__'_l'lteod.
3419 5690 3509 5768 liii.

1938 5791 1989 5895 ἒξ,
2024 5790 2071 5825 c.
2107 5772 2175 5825 26
2209 5771 2377 5897 ςαῗιιι.
2414 5770 2505 5826 ιιι).
2548 5761 2662 5835 ιῖιιι,
2700 5761 2755 5823 οἶ
2780 5773 2833 5833 2,
2862 5769 2933 5833 5;
2969 5768 3119 5822 Socr.
3150 5763 3243 5819 lib.
3276 5776 3413 5829 vnc.
3442 5761 3511 5829 2,

1964 5861 2055 5897 ‘ill‘.
2100 5861 2187 5897 an.
2224 5863 2255 5897 υ
2304 5864 2348 5897 ι.

1964 5861 2055 5898 ‘ill'.
2100 5861 2187 5897 ίιει.
2224 5861 2348 5899 θυι.
