3828 6528
325 349 467 417 1083

1529 351 1687 412 ΜΕΝ
1697 352 1812 411 SlS
1855 352 2312 415 JANUARIUS.
2422 376 2427 382 ·

3452 349 3604 416 1681.

322 469 557 526 haerent
610 464 693 537 (fit
721 465 867 523 enim
916 464 972 521 in
1019 465 1087 522 iis
1115 465 1349 521 maxima
1397 480 1463 520 es
1500 474 1655 536 parte
1700 467 1907 521 exami-

2030 466 2308 543 Ξυναστείᾳ
2371 468 2432 524 τὸ
2492 469 2718 544 θαρρεῖν
2767 471 3025 543 ἑχόντων,
3090 472 3205 526 εττι
3251 471 3309 526 δδ
3365 463 3445 526 ὧν
3501 473 3609 528 καὶ

322 561 494 623 natio,
524 573 633 614 non
681 573 748 614 ex
782 557 983 614 virtute
1021 572 1235 624 eorum,
1287 556 1379 628 qui
1408 556 1772 622 asciscuntur,
1805 559 1902 614 sed

322 669 390 709 ex
428 667 642 717 eorum,
665 650 757 723 qui
788 658 918 706 sunt
952 658 1228 722 potentes,
1265 650 1321 705 in
1368 664 1465 706 eos
1498 651 1905 715 benevolentia.

323 761 445 818 qua:
477 746 563 801 vel
604 755 688 800 est
728 760 863 817 pura
894 760 959 800 ac
986 744 1219 810 sincera,
1262 744 1348 800 vel
1388 744 1621 799 accessit
1667 744 1911 799 muneri-

324 839 491 910 bus):
525 823 1026 910 oporteretautem
1074 846 1323 893 sanctum
1357 836 1622 908 Spiritum
1666 836 1906 903 vincere,

325 944 525 990 cteum
566 931 788 1002 praafici,
814 930 908 1003 qui
940 931 1006 986 ad
1056 931 1162 986 hoc
1201 930 1376 1000 ipsum
1411 937 1532 984 erat
1578 928 1646 984 ab
1673 943 1740 983 eo
1773 944 1912 999 prae-

327 1026 653 1090 destinatus,
689 1033 745 1081 et
772 1022 1020 1095 superari
1053 1038 1243 1079 omnes
1297 1038 1327 1077 a
1356 1020 1582 1077 Joannis
1616 1020 1819 1076 virtute
1858 1028 1914 1075 et

327 1121 662 1191 eloquentia,
681 1129 737 1174 et
771 1118 821 1174 ei
850 1119 1085 1189 primum
1117 1117 1296 1172 locum
1326 1114 1520 1171 cedere
1550 1114 1605 1169 in
1639 1113 1868 1169 ecclesia
1895 1128 1909 1168 :

327 1222 385 1268 et
413 1212 612 1283 alioqui
635 1211 756 1282 ejus
782 1209 925 1265 fama
958 1210 1132 1281 plenae
1153 1216 1338 1264 essent
1358 1223 1549 1265 omnes
1577 1222 1758 1272 aures,
1776 1207 1914 1263 adeo

331 1315 391 1362 nt
420 1306 587 1362 etiam
622 1306 763 1361 bona
798 1303 944 1359 illius
989 1304 1273 1361 auditione
1322 1302 1629 1375 accepisset
1675 1303 1913 1372 impera-

332 1408 455 1453 tor:
494 1398 540 1453 is
569 1411 700 1452 vero
729 1405 850 1452 erat
877 1396 1176 1466 Arcadius;
1223 1411 1348 1452 cum
1384 1396 1500 1451 haec
1528 1395 1600 1451 ita
1648 1409 1708 1450 se
1752 1394 1913 1461 liabe-

331 1501 473 1555 rent,
500 1492 717 1547 tandem
746 1506 869 1546 cum
909 1500 962 1545 et
986 1490 1077 1561 qui
1112 1490 1408 1545 Ecclesiam
1439 1489 1719 1561 regebant.
1744 1498 1800 1543 et
1823 1488 1913 1558 qui

334 1583 729 1655 rempublicam
767 1580 1260 1643 administrabant,
1318 1595 1444 1636 cum
1485 1579 1814 1650 imperatore
1857 1577 1911 1633 in

334 1693 499 1732 unam
553 1676 947 1731 convenissent
979 1674 1347 1735 sententiam,
1389 1672 1683 1728 mittuntur
1722 1672 1916 1752 littera:

2012 562 2223 635 χρυσίῳ
2255 564 2356 636 τὴν
2399 564 2498 633 τῆς
2549 562 2969 637 ἀρχιερωσύνης
2995 565 3175 637 ψῆφον
3211 563 3375 620 ὢνιον
3413 582 3613 627 uotoq-

2015 659 2218 729 μένων.
2262 658 2383 711 ἐπεὶ
2415 657 2523 711 έδει
2555 658 2618 712 τὸ
2645 660 2802 726 ἆγιον
2817 656 3047 729 Πνεῦμα
3078 659 3234 730 νικᾷν
3269 659 3366 712 καὶ
3392 658 3484 711 τὸν
3518 661 3609 722 εές

2012 751 2142 805 αύτὸ
2161 752 2317 806 τοῦτο
2350 750 2766 824 προωρισμένον
2792 753 2895 807 ὑπ”
2917 750 3083 806 αὐτοῦ
3115 749 3604 823 προχειρίζεσθαι,

2013 848 2110 913 τῆς
2149 845 2400 899 Ἰωάννου
2431 863 2513 908 τε,
2550 846 2717 916 φημὶ,
2777 847 2981 918 ἀρετῆς
3020 836 3113 901 καὶ
3141 845 3393 917 γλώττης
3435 848 3607 916 ἡττηο

2014 938 2171 1009 θῆναι
2195 938 2425 1005 πάντας,
2461 939 2555 994 καὶ
2584 938 2692 994 τῶν
2725 940 3032 1011 πρεσϐείων
3072 939 3221 1007 αύτῷ
3252 939 3353 1009 τῆς
3392 939 3608 1008 ὲκγλη-

2015 1033 2135 1094 σίας
2179 1032 2603 1104 παραχωρῆσαι,
2651 1032 2756 1113 ηδη
2802 1034 2895 1087 καὶ
2927 1035 2996 1105 τῇ
3046 1034 3168 1087 κατ’
3224 1031 3389 1086 αύτὶν
3443 1031 3610 1102 φήμῃ

2015 1125 2197 1195 πάσης
2257 1126 2430 1198 ἀκοῆς
2504 1125 3052 1198 ύποττιμπλαμένης,
3114 1128 3191 1190 ὼς
3250 1126 3387 1198 μηδὲ
3438 1126 3613 1179 αὑτὸν

2014 1219 2249 1287 ἀνήκοον
2314 1221 2495 1289 μεῖναι
2524 1218 2616 1273 τὸν
2646 1219 2956 1291 κρατοῦντα
3005 1220 3115 1274 τῶν
3156 1220 3370 1274 ἐκείνου
3417 1218 3614 1273 καλῶν

2016 1312 2338 1384 (Ἀρκάδιος
2360 1305 2516 1376 οὗτος
2537 1308 2657 1383 ἦν),
2693 1315 2818 1367 ἐπεὶ
2857 1312 3032 1367 ταῦτα
3076 1312 3248 1378 οὕτως
3282 1309 3419 1383 εἶχε,
3449 1311 3615 1374 τέλος

2015 1405 2127 1459 τῶν
2157 1404 2265 1475 τῆς
2293 1403 2629 1475 Ἐκκλησίας
2657 1406 2751 1459 καὶ
2782 1405 2881 1477 τῆς
2904 1403 3180 1469 πολιτείας
3210 1405 3492 1474 ἀρχόντων
3526 1403 3615 1464 είς

2021 1500 2152 1570 μίαν
2209 1498 2440 1572 γνώμην
2477 1503 2554 1570 τῷ
2589 1499 2803 1570 βασιλεῖ
2854 1497 3253 1564 συνελθόντων..
3296 1497 3616 1569 γράμματα

2025 1593 2157 1662 πρὸς
2217 1592 2308 1646 τὸν
2382 1592 2642 1664 ίεράρχην
2707 1591 3037 1663 Ἀντιοχείας
3094 1590 3397 1645 Φλαθιανδν
3461 1590 3614 1658 πέμ-

2018 1700 2234 1749 πονται,
2259 1682 2395 1755 ὁμοῦ
2421 1683 2518 1754 μὲν
2539 1685 2630 1736 τὸν
2669 1683 2972 1755 Νεκταρίου
2994 1681 3329 1754 γνωρίζοντα
3350 1682 3613 1744 θάνατον,

333 1771 402 1826 ad
448 1770 762 1825 Flavianum
817 1765 1129 1838 pontificem
1186 1764 1538 1822 Antiochiae:
1589 1778 1711 1834 quae
1753 1763 1913 1819 simul

2030 1775 2155 1845 Εμοῦ
2215 1775 2272 1829 δὲ
2326 1777 2421 1830 καὶ
2475 1778 2563 1828 τὸν
2610 1774 2846 1846 χρυσοῦν
2906 1774 3182 1844 Ἰωάννην,
3239 1773 3301 1827 τὸ
3346 1774 3453 1842 γῆν
3509 1772 3612 1825 καὶ

334 1864 554 1934 quidem
603 1873 657 1918 et
721 1860 960 1918 Nectarii
1006 1870 1238 1916 mortem
1286 1859 1335 1913 ei
1385 1857 1788 1930 signiﬁcabant,
1861 1865 1918 1912 et

2030 1843 2294 1921 θάλατταν
2335 1843 2843 1938 περιέχον-θαῦμα,
2875 1867 2968 1919 καὶ
2994 1863 3160 1919 αὑτοῦ
3184 1863 3266 1928 δὲ,
3295 1863 3463 1934 φημὶ,
3502 1879 3615 1915 πα-

336 1972 566 2013 aureum
606 1954 900 2020 Joannem,
941 1953 1086 2024 quod
1138 1962 1336 2007 terram
1368 1958 1425 2005 et
1474 1965 1625 2006 mare
1674 1949 1919 2006 continet

339 2051 688 2115 miraculum,
724 2058 890 2117 atque
919 2044 1057 2103 adeo
1088 2046 1262 2118 ipsum
1295 2045 1461 2101 etiam
1492 2044 1691 2100 coelum
1726 2042 1917 2114 tangit,

338 2147 405 2201 ad
456 2146 633 2216 ipsum
690 2142 1066 2199 accersebant.
1111 2139 1431 2196 Pontificem
1468 2148 1673 2203 autem,
1706 2153 1833 2194 cum
1863 2137 1920 2192 in

340 2253 537 2294 manus
589 2237 915 2306 sumpsisset
959 2234 1267 2305 epistolam.
1300 2241 1356 2289 et
1403 2248 1524 2288 eam
1578 2231 1917 2303 perlegisset,

339 2334 496 2390 aiunt
536 2332 828 2389 tradidisse
855 2330 1053 2387 Joanni
1090 2347 1106 2397 ;
1145 2345 1270 2385 eum
1303 2343 1456 2393 vero,
1508 2343 1632 2384 cum
1678 2326 1918 2398 legisset,

341 2427 574 2484 multum
604 2426 825 2497 quidem
856 2423 1191 2497 ingemuisse
1214 2431 1438 2494 propter
1459 2436 1545 2487 ea,
1572 2435 1694 2491 qua:
1719 2419 1922 2489 scripta

341 2518 600 2573 fuerant:
655 2524 709 2572 et
766 2515 968 2571 multas
1012 2514 1178 2570 etiam
1236 2514 1503 2585 lacrymas
1553 2511 1803 2567 emisisse
1856 2524 1923 2565 ex

341 2613 514 2669 oculis
547 2621 771 2683 propter
813 2610 1201 2667 contritionem
1256 2608 1506 2679 spiritus,
1539 2606 1811 2661 dicentem
1862 2617 1923 2659 se

341 2720 466 2762 esse
495 2704 799 2776 indignum.
838 2712 894 2759 et
924 2702 1018 2774 qui
1048 2701 1209 2773 longe
1262 2700 1504 2765 abesset,
1538 2707 1600 2754 ut
1639 2706 1788 2753 tanta
1837 2711 1923 2752 re-

343 2800 541 2857 ctionis
569 2816 698 2855 cura
726 2798 925 2855 debeat
973 2797 1022 2852 ei
1056 2794 1347 2852 committi.
1376 2791 1512 2849 Nam
1547 2808 1728 2864 parvae
1756 2790 1919 2856 ‘navi,

344 2886 543 2959 aiebat}
570 2909 682 2949 non
704 2903 790 2949 est
811 2900 989 2947 tutum
1017 2904 1270 2962 magnum
1297 2903 1440 2945 onus
1461 2887 1762 2958 imponere.
1783 2885 1922 2941 Cum

343 2992 423 3046 sic
457 2988 701 3050 diceret,
741 3000 868 3042 eum
917 2984 1303 3040 consolabatur
1344 2981 1672 3047 Flavianus,
1710 2988 1768 3035 et
1796 2987 1924 3051 apte

344 3082 608 3155 erigebat,
644 3079 844 3146 verbis,
878 3093 979 3150 pro
1024 3066 1464 3141 medicamentis,
1500 3089 1763 3146 spargens
1800 3073 1922 3144 eius

348 3177 517 3233 animi
550 3174 947 3249 aegritudinem.
980 3171 1185 3228 Civitas
1217 3178 1400 3226 autem
1430 3176 1721 3241 postquam
1748 3166 1922 3223 sensit

347 3271 453 3325 huc
489 3268 746 3324 damnum
779 3265 1060 3334 (damnum
1092 3263 1237 3319 enim
1289 3277 1400 3318 non
1452 3259 1739 3316 ferendum
1776 3257 1923 3330 judi-

345 3363 505 3418 cabat
534 3359 908 3430 unusquisque
963 3354 1192 3412 Joannis
1235 3352 1643 3425 privationem),
1682 3351 1734 3407 id
1782 3365 1924 3423 aegre

345 3466 401 3511 et
451 3454 815 3510 intoleranter
867 3449 1135 3505 ferebant.
1190 3447 1402 3505 Deinde
1453 3447 1618 3503 etiam
1664 3452 1924 3515 tanquam

345 3544 645 3601 violentum
677 3539 888 3611 aliquid
921 3539 1265 3612 tyrannicum
1297 3537 1532 3610 passuri,
1566 3544 1623 3593 et
1647 3535 1769 3591 aliis
1802 3549 1926 3590 ces-

345 3639 458 3693 suri
481 3651 567 3703 ea,
587 3649 708 3706 quae
730 3635 797 3690 ad
825 3634 977 3706 ipsos
999 3632 1365 3705 pertinebant,
1395 3632 1703 3689 clamabant
1728 3631 1926 3686 adver-

345 3747 441 3786 sus
463 3745 587 3785 cum
618 3728 712 3800 qui
762 3727 951 3783 misit:
996 3726 1138 3793 Quid
1180 3725 1356 3782 vero?
1383 3726 1592 3781 adeone
1620 3732 1706 3781 est
1737 3724 1929 3780 infelix

343 3822 868 3893 Constantinopolis,
898 3821 1188 3892 iactantes,
1219 3821 1427 3876 adeone
1460 3834 1658 3890 expers
1686 3817 1929 3874 virorum

345 3918 649 3975 bonorum?
679 3916 759 3972 Ad
786 3926 1064 3972 tantamne
1093 3915 1310 3974 virtutis
1354 3914 1595 3984 inepiam
1620 3913 1767 3968 venit
1796 3912 1928 3967 urbs

348 4011 586 4067 maxime
611 4010 800 4081 regia?
827 4011 997 4065 Estne
1038 4009 1177 4065 adeo
1218 4007 1378 4079 inops
1432 4007 1486 4062 in
1522 4006 1609 4072 iis,
1650 3990 1771 4076 qua:
1799 4012 1928 4060 sunt

347 4105 694 4178 principalia,
724 4120 886 4175 quam
933 4103 1223 4175 oportebat
1256 4103 1312 4157 in
1343 4100 1597 4156 omnibus
1645 4113 1926 4170 superare,

349 4206 411 4254 ut
438 4213 469 4253 a
501 4198 662 4253 nobis
701 4211 841 4267 opus
873 4194 1073 4250 habeat
1103 4209 1191 4259 eo,
1223 4192 1313 4263 qui
1357 4191 1428 4247 sit
1455 4191 1671 4246 illorum
1714 4189 1913 4261 prmfu-

346 4298 505 4347 turus
538 4287 835 4344 Ecclesiae?
867 4286 975 4343 Sed
1024 4302 1126 4343 nos
1162 4301 1267 4341 nec
1308 4291 1420 4340 tam
1457 4282 1632 4347 stulti,
1663 4299 1767 4338 nec
1815 4292 1927 4338 tam

346 4383 704 4456 negligentes,
751 4394 856 4436 nec
892 4388 1177 4450 tantopere
1227 4378 1437 4434 erimus
1487 4376 1817 4448 proditores,
1868 4386 1930 4433 ut

345 4474 428 4531 eis
476 4482 670 4529 nostro
706 4472 851 4527 bono
883 4478 991 4525 tam
1032 4469 1190 4525 facile
1231 4470 1510 4526 cedamus.
1562 4469 1739 4540 Caput
1773 4469 1927 4540 prius

2024 1957 2273 2031 ραψαῦον
2322 1958 2417 2012 τοῦ
2472 1957 2729 2027 ούρανοῦ,
2764 1958 2902 2028 πρὸς
2931 1956 3091 2009 τοῦτο
3125 1954 3613 2025 μετακαλούμενα.

2021 2054 2118 2115 Et:
2137 2055 2325 2125 χεῖρας
2346 2052 2442 2107 οὖν
2469 2054 2569 2121 τὴν
2593 2051 2880 2121 επιστολὴν
2901 2051 2992 2105 τδν
3012 2049 3279 2123 ἀρχιερέα
3313 2048 3617 2117 δεξάμενον

2024 2143 2120 2197 καὶ
2180 2142 2532 2214 μετελθόντα,
2570 2141 2874 2215 ἐγχειρίσαι
2908 2144 3044 2211 φασὶ
3066 2141 3160 2194 καὶ
3189 2139 3269 2211 τῷ
3290 2139 3435 2210 ἀγίῳ
3460 2157 3472 2169 ·
3518 2139 3614 2190 τον

2023 2234 2082 2289 δὲ
2111 2234 2419 2304 ἀναγνόντα
2463 2234 2634 2289 πολλὰ
2682 2234 2785 2305 μὲν
2816 2233 3170 2298 ἐπιστενάξαι
3206 2234 3318 2295 τοῖς
3355 2247 3612 2301 γεγραμ-

2028 2328 2232 2401 μένοις,
2286 2328 2462 2384 πολλὰ
2508 2330 2567 2384 δὲ
2616 2331 2711 2383 καὶ
2755 2329 2971 2401 δάκρυα
3019 2332 3087 2400 τῇ
3142 2325 3237 2380 τοῦ
3288 2324 3619 2397 πνεύματος

2027 2427 2287 2500 συντριδῇ
2318 2427 2428 2482 τῶν
2456 2426 2755 2498 ὀφθαλμῶν
2812 2424 3142 2495 ἀποστάξαι,
3170 2423 3394 2490 ἀνάξιον
3416 2424 3616 2477 ἑαυτὸν

2025 2514 2168 2574 εἶναι
2234 2520 2487 2590 λέγοντα,
2524 2521 2618 2574 καὶ
2651 2521 2757 2587 ὅτι,
2787 2519 2995 2574 Πολλοῦ
3027 2519 3130 2573 δέω
3158 2517 3404 2590 μεγάλης
3435 2515 3615 2579 οὕτως

2026 2613 2202 2685 ἀρχῆς
2236 2614 2541 2683 ὑποστῆναι
2573 2613 2740 2686 βάρος
2765 2629 2779 2644 ⁸
2809 2614 2935 2667 insi.
2968 2613 3064 2666 καὶ
3090 2610 3180 2681 νηῒ
3207 2611 3384 2683 μικρᾷ
3408 2610 3615 2681 φόρτον

2028 2706 2251 2776 μείζονα
2273 2707 2550 2763 πιστεύειν
2577 2708 2678 2761 οὐκ
2703 2706 2963 2777 ἀσφαλές.
2997 2706 3100 2759 Τὸν
3126 2704 3184 2758 δέ
3215 2721 3277 2772 γε
3306 2701 3616 2756 Φλαϐιανὺν

2026 2799 2369 2856 ἀνακτᾶσθαι
2394 2817 2454 2855 τε
2488 2800 2651 2856 αὐτὸν
2707 2801 2798 2854 καὶ
2846 2798 3063 2870 ἀνέχειν
3084 2797 3390 2862 ἐπιδεξίως,
3416 2796 3616 2865 λόγους

2026 2895 2148 2948 ἀντὶ
2206 2893 2517 2966 φαρμάκων
2546 2896 2611 2965 τῇ
2641 2893 2851 2965 ἀθυμίᾳ
2880 2894 2980 2963 τῆς
3001 2891 3184 2963 ψυχῆς
3206 2888 3614 2945 ὲπιπίττοντα.

2038 2988 2104 3043 Ἦ
2154 2987 2338 3061 μέντοι
2383 2986 2539 3052 πόλις
2596 2986 2673 3051 ὡς
2711 2985 2940 3058 ᾔσθοντο
3001 2984 3103 3054 τῆς
3152 2983 3340 3054 κοινῆς
3407 2982 3617 3059 ζημίας

2024 3082 2231 3154 ταύτης
2252 3081 2347 3136 καὶ
2366 3081 2649 3152 συμφορᾶς
2679 3078 2767 3153 (ξη
2778 3079 2905 3151 μίαν
2928 3076 3037 3150 γὰρ
3069 3077 3303 3141 ἕκαστος
3333 3077 3435 3147 ούχ
3462 3078 3613 3139 ὅπως

2026 3176 2124 3230 καὶ
2183 3173 2429 3246 φορητὴν
2481 3172 2582 3245 τὴν
2630 3172 2879 3227 Ἰωάννου
2917 3171 3175 3241 στέρησιν
3253 3167 3615 3239 ἐλογίζοντο),

2031 3268 2242 3341 βαρέως
2265 3263 2414 3337 εἶχον
2441 3267 2533 3320 καὶ
2551 3266 2672 3320 λίαν
2690 3282 2757 3319 πε
2765 3264 3033 3337 ριπαθῶς.
3070 3259 3204 3319 Εἶτα
3222 3263 3315 3318 καὶ
3335 3263 3413 3328 ὡς
3437 3260 3619 3333 βίαιόν

2028 3381 2080 3416 τι
2135 3362 2230 3417 καὶ
2269 3359 2595 3433 τυραννικὸν
2642 3358 2946 3430 ὑποστῆναι
3007 3357 3312 3429 μέλλοντες.
3385 3356 3483 3411 καὶ
3538 3349 3617 3409 ὧν

2032 3455 2311 3529 προσῆκεν
2332 3455 2517 3520 αὐτοῖς
2530 3454 2810 3525 ἐκστῆναι,
2844 3453 3127 3507 κατεΰόων
3148 3451 3240 3506 τοῦ
3269 3449 3613 3521 πέμψαντος

2031 3551 2096 3604 Τί
2120 3549 2248 3617 Gai;
2312 3546 2455 3603 οὕτω
2484 3546 2758 3618 δυστυχὴς
2806 3548 2841 3618 ἠ
2878 3544 3290 3601 Κωνσταντίνου
3335 3542 3615 3610 λέγοντες,

2030 3642 2203 3706 οὕτως
2255 3642 2489 3712 ἄμοιρος
2546 3638 2640 3694 τοῦ
2690 3638 3031 3711 φοϐουμένου
3090 3638 3182 3693 τὸν
3233 3635 3477 3706 Κύριον,
3533 3634 3619 3697 είς

2031 3730 2300 3803 τοσαύτην
2335 3724 2439 3802 ἦκε
2480 3729 2579 3802 τῆς
2627 3728 2832 3802 ἀρετῆς
2894 3730 3160 3805 σπάνινή
3204 3726 3617 3799 βασιλικωτάτη

2030 3825 2140 3879 τῶν
2176 3825 2410 3893 πόλεων,
2461 3817 2860 3894 οῦτωςάπορος
2891 3823 2949 3876 ἐν
2976 3824 3087 3885 τοῖς
3118 3819 3375 3892 κᾳιρίοις,
3405 3818 3475 3890 ἢν
3504 3817 3617 3871 ἔδει

2030 3919 2118 3972 διὰ
2161 3918 2381 3973 πάντων
2407 3918 2653 3988 κρατεῖν,
2693 3916 2767 3978 ὡς
2785 3915 2915 3988 παρ’
2956 3913 3112 3987 ἡμῶν
3142 3911 3350 3968 δεῖσθαι
3390 3910 3485 3965 τοῦ
3514 3911 3619 3980 τῆς

2043 4010 2372 4081 Ἐκκλησίας
2389 4009 2525 4079 αὐτῇ
2554 3998 2997 4080 προστησομένὸυ
3019 4024 3034 4074 ;
3064 4005 3226 4059 Ἀλλὰ
3252 4004 3360 4075 γὰρ
3382 4005 3483 4074 οὐχ
3516 4001 3616 4057 οῦ-

2031 4120 2139 4168 τως
2193 4104 2440 4173 ἀνοήτως
2491 4104 2654 4175 ἡμεῖς
2676 4101 2890 4172 ἕξομεν,
2917 4100 3017 4171 οὐχ
3048 4098 3194 4153 οὕτω
3226 4098 3491 4171 ῥᾳθύμως
3517 4097 3618 4151 καὶ

2032 4196 2388 4266 προδοτικῶς,
2409 4196 2486 4259 ὡς
2522 4196 2652 4267 ῥᾷον
2705 4196 2890 4257 αὐτοῖς
2946 4193 3165 4259 ὑπεῖξαι
3208 4192 3303 4246 τοῦ
3338 4192 3614 4263 ἡμετέρου

2034 4290 2391 4371 καλοῦ..Τὴν
2445 4289 2691 4360 κεφαλὴν
2750 4287 3021 4360 πρότερον
3085 4287 3515 4357 ἀφαιρήσονται,
3569 4284 3604 4354 ἦ

2031 4384 2240 4438 ἐκεῖνον
2298 4381 2428 4453 παρ’
2488 4380 2725 4435 ἑκόντων
2755 4378 2915 4451 ἡμῶν
2937 4377 3224 4449 λήψονται.
3267 4375 3511 4429 Τοιαῦτα
3542 4374 3611 4447 δή

2029 4492 2153 4529 τινα
2205 4474 2511 4547 είρηκότες,
2575 4472 2768 4527 ἔπειτα
2836 4471 2932 4526 καὶ
2993 4472 3180 4542 ὅρκοις
3229 4468 3478 4540 ἀλλήλων
3512 4469 3613 4531 τάς

347 4569 509 4627 nobis
537 4567 809 4634 auferent,
836 4581 1000 4636 quam
1036 4565 1188 4621 illum
1230 4581 1261 4620 a
1292 4565 1600 4623 volentibus
1631 4564 1793 4622 nobis
1815 4565 1920 4620 sint

2030 4567 2210 4637 ψυχας
2269 4564 2597 4637 ἐμπεδοῦσι,
2653 4565 2729 4635 μὴ
2761 4564 2971 4634 ἐφεῖναι
2996 4565 3109 4626 τοῖς
3148 4560 3612 4631 ἀπεσταλμένοις,

350 4656 648 4728 accepturi.
682 4655 809 4712 Haec
840 4656 1109 4723 dicentes,
1149 4655 1350 4712 deinde
1391 4656 1555 4711 etiam
1598 4671 1758 4711 suum
1787 4670 1922 4711 con-

345 4749 526 4810 silium
568 4740 894 4804 confirmaut
934 4745 1311 4818 jurejurando,
1347 4762 1456 4803 non
1502 4746 1820 4817 permittere
1856 4747 1924 4802 iis

347 4842 441 4920 qqi
473 4841 627 4898 missi
684 4840 902 4896 fuerant
933 4860 947 4896 :
981 4840 1077 4896 sed
1107 4856 1226 4895 esse
1257 4839 1438 4910 potius
1480 4846 1698 4911 paratos
1736 4841 1803 4898 ad
1829 4856 1926 4912 pa-

347 4935 614 5003 tiendum,
656 4934 702 4990 si
732 4934 863 5006 quid
915 4943 1101 4990 essent
1128 4933 1347 4990 facturi.
1394 4933 1534 4992 Cum
1580 4933 1764 5007 itaque
1806 4938 1926 5008 epi-

344 5043 545 5099 scopus
569 5028 852 5085 habuisset
882 5027 1230 5093 concionem,
1264 5036 1321 5085 et
1351 5030 1517 5086 verba
1546 5029 1770 5087 fecisset
1797 5040 1924 5103 apta

346 5122 414 5176 ad
454 5124 911 5193 persuadendum,
944 5130 1006 5178 ut
1036 5121 1295 5189 efﬁceret,
1348 5139 1418 5180 ne
1443 5126 1678 5196 populus
1705 5137 1925 5183 contra-

348 5215 580 5283 diceret,
626 5216 731 5271 illis
756 5233 819 5272 ea
861 5226 1020 5273 erant
1055 5218 1237 5274 inanis
1273 5219 1555 5290 strepitus,
1588 5229 1645 5278 et
1668 5236 1803 5277 vana
1828 5238 1925 5277 au-

345 5311 489 5370 rium
538 5309 805 5365 molestia.
852 5310 997 5377 Quid
1024 5310 1171 5366 enim
1221 5310 1669 5383 dicendo'posset
1700 5329 1923 5383 persua-

344 5402 496 5470 dere,
529 5416 655 5457 cum
681 5416 777 5457 eos
805 5402 990 5475 lingua
1019 5412 1165 5459 esset
1191 5403 1501 5474 privaturus
1525 5422 1539 5458 :
1578 5405 1780 5477 lingua,
1803 5422 1926 5477 qure

344 5498 455 5553 tam
479 5495 705 5568 pulchre
740 5495 964 5567 quidem
1010 5497 1263 5564 canebat,
1295 5507 1350 5553 et
1390 5497 1549 5569 'cuj'us
1575 5506 1768 5556 cantus
1807 5509 1927 5554 erat

340 5591 479 5649 adeo
511 5589 662 5645 utilis
688 5598 743 5645 et
780 5588 1071 5657 salutaris?
1095 5589 1267 5656 Quam
1289 5607 1398 5647 non
1432 5592 1643 5660 audire,
1665 5594 1923 5649 damnum

345 5694 430 5740 est
455 5699 575 5740 non.
606 5682 905 5748 mediocre,
941 5683 1037 5740 sed
1090 5684 1172 5740 vel
1209 5684 1276 5740 ad
1310 5686 1482 5757 ipsam
1510 5701 1682 5756 usque
1728 5701 1925 5757 perva-

344 5784 480 5832 dens
506 5776 765 5842 animam.
805 5776 1006 5833 Deinde
1035 5793 1159 5833 eum
1185 5778 1276 5849 qui
1306 5779 1458 5836 missi
1491 5780 1728 5846 fuerant,
1758 5796 1924 5853 para-

345 5875 468 5921 rent
488 5866 590 5921 vim
616 5863 812 5922 afferre
838 5876 891 5923 et
922 5870 1137 5928 trahere
1166 5870 1451 5943 Joannem,
1472 5871 1588 5945 ipse
1621 5874 1921 5946 ingressus,

2028 4663 2144 4716 ἀλλ’
2180 4657 2391 4732 ἕτοιμοι
2431 4653 2574 4714 εἶναι
2605 4659 2746 4731 πρὸς
2785 4659 2847 4711 τὸ
2878 4655 3071 4712 παθεῖν
3119 4654 3342 4727 μᾶλλον,
3367 4656 3420 4707 εί
3453 4671 3508 4707 τι
3544 4653 3615 4708 ἄν

2028 4756 2123 4810 καὶ
2146 4754 2277 4828 ὅρᾷν
2332 4752 2589 4824 μέλλωσι.
2617 4751 2725 4806 Τοῦ
2764 4751 2944 4805 τοίνυν
2971 4748 3274 4803 ἐπισκόπου
3313 4746 3617 4815 ἐκκλησιὰ-

2029 4863 2242 4911 σαντος,
2268 4846 2362 4901 καὶ
2394 4847 2460 4916 τῇ
2490 4844 2620 4916 περὶ
2644 4842 2834 4897 τούτου
2866 4839 3184 4914 δημηγορίᾳ
3213 4838 3407 4893 ἑαυτὸν
3455 4837 3615 4907 ἐφέν-

2027 4957 2139 5005 τος,
2175 4939 2317 4997 ὥστε
2367 4939 2555 4992 πεῖσαι
2585 4935 2646 4991 τὺ
2669 4934 2875 5009 πλῆθος
2909 4934 2984 5006 μὴ
3014 4933 3319 5003 ἀντιλέγειν
3354 4930 3609 4997 ἐκείνοις,

2027 5034 2198 5106 ψόφος
2222 5030 2292 5107 ἦν
2319 5033 2487 5105 ἀργὸς
2522 5028 2717 5096 ταῦτα,
2751 5031 2846 5085 καὶ
2887 5027 3094 5101 ματαία
3116 5026 3224 5080 τῶν
3258 5025 3415 5079 ὢτων
3448 5025 3613 5096 δχλη-

2030 5142 2134 5189 σις.
2160 5123 2225 5177 Τί
2249 5123 2360 5195 γὰρ
2419 5122 2515 5176 καὶ
2541 5121 2717 5190 λέγων
2747 5120 2984 5192 ἠδύνατο
3015 5117 3246 5180 πείθειν,
3282 5117 3408 5170 ἐπεὶ
3434 5117 3611 5186 γλώτ-

2028 5232 2129 5286 της
2183 5214 2510 5287 ἀποστερεῖν
2563 5214 2765 5277 αύτοὺς
2815 5211 3032 5284 ἔμελλε,
3060 5210 3306 5283 γλώττης
3337 5208 3485 5264 οὕτω
3511 5209 3611 5280 μὲν

2031 5307 2198 5381 καλὸν
2255 5307 2511 5380 ᾀδούσης,
2543 5305 2687 5361 οὕτω
2719 5307 2777 5362 δὲ
2821 5306 3100 5378 ὠφέλιμον
3150 5306 3246 5359 καὶ
3312 5304 3606 5375 σωτήριον,

2027 5397 2096 5475 ἦς
2125 5402 2184 5457 τὸ
2221 5403 2297 5473 μὴ
2333 5401 2573 5467 ἀκούειν,
2598 5401 2771 5473 ζημία
2795 5399 2965 5473 δεινὴ,
2999 5401 3094 5454 καὶ⁵
3117 5400 3198 5464 είς
3234 5398 3406 5467 αὐτὴν
3442 5399 3614 5469 ἥκου-

2030 5512 2101 5551 σα
2125 5494 2225 5566 τὴν
2269 5494 2486 5566 ψυχήνς
2520 5489 2660 5548 Εἶτα
2708 5494 2816 5549 τῶν
2867 5491 3298 5562 ἀπεσταλμένων
3354 5490 3455 5546 καὶ
3486 5490 3611 5562 βίαν

2031 5588 2369 5661 προσθεῖναι,
2406 5589 2502 5644 καὶ
2531 5587 2705 5661 ταύτῃ
2729 5587 2820 5642 τὸν
2862 5586 3121 5657 Ἰωάννην
3150 5585 3377 5638 ἑλκύσαι
3403 5584 3610 5655 προθυ-

2033 5681 2317 5754 μουμένων
2346 5683 2508 5747 αὐτὸς
2541 5681 2676 5739 είσω
2695 5682 3005 5753 γενόμενος,
3040 5680 3132 5738 καὶ
3162 5680 3287 5734 ὅσον
3313 5680 3614 5750 πρόκριτον

2030 5776 2321 5848 ἐκπέμψας
2356 5776 2455 5847 τῆς
2494 5776 2722 5842 πόλεως,
2756 5774 2911 5847 ¹ίγξίου
2952 5776 3013 5830 τὸ
3039 5773 3247 5846 πλῆθος
3270 5773 3442 5844 μηδὲν
3470 5772 3609 5824 νεώ-

2030 5889 2189 5944 τερον
2230 5873 2519 5944 φρονῆσαι,
2565 5871 2698 5944 μηδὲ
2730 5870 3053 5943 πράγμασιν
3079 5868 3213 5933 ὅλως
3254 5865 3639 5938 Θερμοτέροιςι
