3828 6480
236 358 377 427 1035
1313 370 1487 431 ΥΙΤΑ
1531 370 1592 430 S.
1628 369 1842 431 JOAN!

1945 403 1949 423 .
1985 370 2514 435 CHRY‘ZUSTOMI
2523 424 2536 437 .
3345 374 3480 442 1086

233 477 601 551 ἐπιχειρῆσαι,
640 477 872 549 βεδαιῶν
915 479 990 544 ὼς
1013 479 1113 550 οὐχ
1142 479 1283 535 ἑκὼν
1323 482 1515 535 ἐαυτὸν
1547 484 1787 555 προήσε-
1817 487 1842 542 Α

1945 480 2103 539 nissis
2166 485 2270 551 iis,
2308 487 2400 557 qui
2454 497 2608 544 erant
2655 490 2912 560 praecipui
2965 490 3219 556 civitatis,
3263 492 3487 562 rogabat

233 593 325 631 ται
351 575 463 636 τοῖς
509 570 739 637 ἀπάξειν
783 571 1239 643 ἀπεσταλμένοις.
1272 573 1443 636 Μόλις
1480 576 1611 643 γοῦν
1666 577 1811 634 οὕτω

1945 578 2146 643 ηὶεικιηι,
2181 595 2248 634 ne
2274 581 2402 650 quid
2453 583 2580 637 novi
2613 582 2918 651 moliretur,
2951 601 3131 655 neque
3174 601 3262 641 res
3292 601 3486 658 aggre-

233 668 336 741 τὴν
396 664 597 735 πολλὴν
650 665 834 728 αὐτοῖς
880 664 1057 736 ὁρμὴν
1107 665 1339 735 ἵστησιν.
1393 667 1529 720 Οὐδὲ
1582 670 1691 741 γὰρ
1730 672 1811 734 είς

1952 675 2136 721 eretur
2161 667 2324 723 nimis
2357 669 2557 724 acriter
2582 679 2637 726 et
2672 671 3096 738 inconsiderate,
3122 671 3395 737 affirmans
3427 688 3488 726 se

235 759 383 816 ἅπαν
414 757 709 827 ἀνείῡησαν
734 757 842 810 τῶν
872 756 1189 828 φροντίδων,
1220 757 1335 814 ἀλλ’
1358 759 1416 812 ὲν
1430 758 1508 830 τῷ
1531 761 1689 833 μέρει
1719 765 1813 816 καὶ

238 850 487 922 φυλακὴν
539 848 842 916 ἐποιοῦντο,
885 847 1181 913 δεδοικότες
1214 851 1413 920 μήπως
1441 870 1524 917 τις
1552 855 1648 908 καὶ
1682 872 1815 927 προ-

235 943 393 998 δοσία
415 942 541 1016 περὶ
571 942 759 997 τοῦτον
794 943 1115 1014 συνενεχθῇ.
1164 942 1352 998 Ταῦτα
1377 945 1571 1016 καὶτῷ
1607 947 1817 1017 βασιλεῖ

236 1036 377 1106 δῆλα
422 1035 490 1089 δι’
555 1035 846 1103 ἐπιστολῆς
892 1037 1155 1104 γίνονται,
1206 1038 1297 1091 καὶ
1327 1038 1377 1090 οί
1413 1038 1816 1110 ἀπεσταλμένοι

238 1128 339 1199 τὴν
390 1126 500 1182 τῶν
566 1127 883 1198 Ἀντιοχέων
931 1127 1181 1182 ἔνστασιν
1244 1129 1538 1201 ὑφειμένον
1589 1130 1818 1202 ἔχουσαν

241 1219 419 1282 οὐδὲν,
465 1217 770 1272 ἐ6ε6αίουν.
830 1217 996 1271 Πλέον
1057 1213 1151 1272 οῦν
1192 1218 1340 1289 αὐτῷ
1362 1236 1422 1273 τε
1448 1222 1540 1273 καὶ
1570 1224 1682 1287 τοῖς
1714 1222 1815 1291 τῆς

242 1312 451 1375 πόλεως
480 1312 531 1365 oi
570 1311 704 1383 πρὸς
753 1311 1007 1380 Ἰωάννην
1066 1311 1267 1384 ἔρωτες
1287 1312 1682 1385 ἐξεκαύθησαν.
1705 1315 1816 1369 Καὶ

244 1404 358 1475 γάρ
405 1402 595 1458 εἴωθεν
629 1402 947 1473 ἀμελεῖσθαι
983 1402 1082 1473 μὲν
1107 1403 1169 1457 τὸ
1205 1405 1408 1476 ῥαδίως
1438 1406 1813 1477 χειρούμενον,

243 1500 306 1551 τδ
324 1497 381 1550 δὲ
412 1497 693 1569 διατριϐὴν
746 1498 841 1551 καὶ
896 1497 1058 1552 πόνον
1096 1498 1183 1566 ἐφ’
1217 1499 1378 1553 ἐαυτὺ
1448 1500 1559 1573 [Im
1613 1501 1819 1575 ἐαυτῷ]

245 1590 509 1662 παρέχον,
556 1590 837 1655 ὑποκνίζει
879 1591 970 1644 τὸν
1022 1591 1209 1647 πόθον.
1251 1593 1601 1663 Σκεψάμενος
1635 1595 1823 1651 τοίνυν

249 1686 371 1749 πῶς
421 1686 488 1741 ἂν
530 1685 677 1761 αύτῷ
724 1686 934 1756 γένοιτο
998 1686 1093 1741 τοῦ
1134 1705 1193 1741 τε
1254 1689 1693 1761 σπουδαζομένου
1747 1690 1822 1763 μὴ

245 1777 589 1849 διαμαρτεῖν,
617 1777 713 1832 καὶ
755 1778 959 1849 μηδένα
992 1778 1237 1833 κίνδυνον
1260 1778 1338 1849 τῷ
1362 1780 1647 1851 πράγματι
1677 1798 1741 1834 συ
1752 1799 1822 1851 μ-

1914 774 2025 813 non
2045 775 2142 815 sua
2165 773 2359 830 sponte
2378 777 2436 817 se
2465 763 2788 819 traditurum
2820 764 2909 827 iis,
2943 764 3037 834 qui
3065 763 3212 819 missi
3245 764 3485 820 fuerant.

1913 853 2051 908 Cum
2110 853 2189 908 sic
2237 853 2503 920 dixisset,
2535 856 2622 910 vix
2680 871 2934 927 magnum
2993 856 3254 926 repressit
3292 871 3486 911 eorum

1918 944 2206 1014 impetum.
2242 943 2429 1014 Neque
2456 944 2599 998 enim
2643 961 2702 1000 se
2735 961 2864 1001 cura
2890 947 3114 1007 omnino
3138 948 3439 1002 liberarunt
3470 964 3484 1000 :

1917 1039 2012 1094 sed
2035 1036 2195 1092 etiam
2229 1054 2325 1106 per
2356 1038 2502 1093 vices
2525 1038 2822 1093 custodiam
2850 1039 3199 1098 adhibebant.
3224 1055 3293 1094 ne
3310 1039 3489 1108 aliqua

1920 1130 1974 1184 in
2002 1145 2126 1183 eum
2152 1128 2305 1184 ﬁeret
2332 1122 2588 1198 prodi'lio.
2616 1128 2740 1185 llzcc
2770 1130 3082 1197 imperatori
3118 1131 3492 1201 signitlcantur

1920 1223 2138 1288 litteris,
2172 1232 2226 1277 et
2257 1224 2347 1293 qui
2381 1223 2530 1279 missi
2561 1222 2799 1288 fuerant,
2831 1222 3168 1278 aﬂirmabant
3196 1224 3496 1278 Antioche-

1923 1331 2115 1371 norum
2147 1316 2512 1371 constantiam
2557 1331 2616 1371 se
2655 1316 2790 1371 nihil
2831 1316 3129 1371 remittere.
3165 1316 3228 1371 Ei
3277 1297 3405 1386 ergo
3438 1326 3497 1369 et

1923 1409 2135 1465 civibus
2174 1394 2852 1464 vehementiusaccensus
2902 1409 3004 1464 fuit
3049 1424 3202 1463 amor
3240 1408 3293 1463 in
3333 1407 3497 1463 Joan-

1923 1515 2068 1555 nem.
2095 1499 2245 1556 Solet
2289 1501 2434 1554 enim
2468 1500 2686 1573 negligi,
2728 1501 2873 1571 quod
2903 1500 3058 1556 facile
3078 1501 3325 1571 capitur;
3352 1498 3497 1569 quod

1924 1604 2123 1653 autem,
2160 1594 2397 1664 aliquam
2436 1610 2645 1650 moram
2677 1594 2835 1650 all‘ert
2873 1602 2929 1649 et
2978 1593 3318 1653 dilationem,
3372 1607 3499 1661 proo

1925 1695 2084 1742 vocat
2116 1685 2469 1741 desiderium.
2494 1686 2630 1740 (Iuni
2664 1701 2792 1757 ergo
2825 1684 2967 1754 apud
2993 1699 3053 1738 se
3077 1682 3496 1740 considerasset.

1930 1781 2394 1851 quemadmodum
2428 1790 2613 1851 posset
2639 1788 2696 1835 et
2719 1779 2772 1835 id
2811 1779 2954 1849 quod
2980 1776 3325 1833 desiderabat
3348 1789 3498 1828 assc-

251 1846 461 1939 πεσεῖν,
494 1870 573 1942 τῷ
608 1846 828 1942 κόμητι-
866 1869 1196 1941 Ἀντιοχείας
1224 1846 1425 1943 γράφει
1466 1846 1534 1927 διι
1575 1846 1826 1946 ἀπορρή-

1945 1876 2042 1947 ιιιί,
2065 1891 2169 1931 nec
2207 1875 2329 1929 ideo
2351 1890 2439 1930 res
2467 1882 2614 1928 esset
2643 1873 2694 1927 in
2719 1873 2886 1926 ullum
2917 1879 3143 1925 ventura
3176 1867 3501 1938 perieulum,

248 1983 384 2021 των.
417 1966 528 2019 Καὶ
543 1964 706 2029 αὐτὸς
741 1963 845 2030 ἔξω
868 1965 967 2036 τῆς
1006 1965 1215 2031 πόλεως
1249 1964 1341 2019 τὸν
1378 1965 1632 2036 Ἰωάννην
1662 1982 1829 2035 μεταο

254 2056 641 2127 πεμψάμενος,
668 2057 744 2121 ὡς
772 2056 1088 2123 ἀναγκαίων
1136 2055 1300 2126 χάριν
1331 2055 1481 2126 αὐτῷ
1519 2056 1830 2127 κοινολογη-

255 2152 508 2221 σόμενος,
572 2149 819 2221 ἡμιόνοις
853 2149 1016 2214 εὐθὺς
1048 2149 1226 2203 καίτοι
1264 2149 1472 2220 σφόδρα
1500 2149 1831 2220 διατεινόμε-

260 2261 354 2299 νον
412 2243 767 2308 ἐπισιδάσας,
837 2244 931 2300 καὶ
986 2244 1131 2299 οὕτω
1174 2245 1275 2315 τὴν
1308 2245 1463 2300 πόλιν
1493 2243 1672 2300 λαθὼν
1721 2247 1832 2310 τοῖς

196 2336 211 2347 ’
263 2336 699 2410 ἀπεσταλμένοις
729 2337 893 2391 αὐτὸν
916 2337 1215 2447 ἐπϊτρέψας
1244 2338 1545 2409 ἐκπέμπει.

333 2600 411 2669 ις’
440 2603 570 2656 Ὅτε
600 2602 728 2671 γοῦν
754 2604 781 2656 6
803 2602 1007 2674 ἀληθὴς
1030 2604 1316 2677 ἄνθρωπος
1337 2605 1429 2659 τοῦ
1453 2604 1586 2658 Θεοῦ
1612 2607 1836 2677 πλησίον

258 2698 360 2768 τῆς
425 2696 815 2768 βασιλευούσης
840 2698 1072 2764 γένοιτο,
1104 2697 1330 2769 πρώτην
1360 2698 1567 2769 ταύτην
1606 2699 1838 2753 εἰσόδιον

265 2790 520 2862 βασιλικῇ
570 2789 763 2861 γνώμῃ
813 2792 1040 2862 τιμᾶται
1077 2792 1265 2861 τιμήν.
1304 2792 1419 2845 Πᾶν
1453 2794 1576 2845 ὅσον
1604 2809 1840 2863 περιφα-

261 2885 351 2948 νὲς
371 2884 431 2937 ού
462 2885 558 2954 τῆς
597 2884 924 2954 Ἐκκλησίας
970 2884 1152 2955 μόνον,
1190 2885 1325 2939 ἀλλὰ
1352 2888 1440 2940 καὶ
1475 2886 1582 2939 τῶν
1609 2888 1667 2941 ἐν
1695 2887 1841 2940 τέλει

262 2976 322 3044 ἐξ
352 2976 547 3047 μιλίοις
608 2976 1027 3047 προεξελθόντες
1079 2978 1178 3048 τῆς
1240 2977 1472 3041 πόλεως,
1506 2978 1841 3047 φιλοφρόνως

264 3069 568 3136 ἐδεξιοῦντο
619 3070 899 3141 λαμπραῖς
939 3069 1274 3139 ὑπαντήσεσι
1305 3069 1398 3123 καὶ
1433 3072 1642 3141 τιμαῖς.
1684 3069 1843 3124 Οὕτω

265 3167 363 3218 καὶ
420 3166 559 3229 τοῖς,
612 3165 707 3232 ἀφ’
747 3157 821 3217 ὧν
855 3163 1091 3234 ἀπέστη,
1139 3163 1341 3235 θερμὸν
1374 3162 1592 3231 ἐνέτηξε
1654 3162 1840 3228 πόθον,
1868 3201 1912 3263 C

264 3256 360 3310 καὶ
395 3254 631 3327 ἄρρητον
657 3256 838 3320 αὐτοῖς
864 3252 931 3327 ἦν
958 3256 1017 3310 τὸ
1052 3256 1152 3325 τῆς
1185 3253 1387 3326 ζημίας
1425 3256 1701 3321 ἐπίπονον,
1746 3254 1840 3308 καὶ

222 3392 229 3397 .
268 3347 406 3410 τοῖς,
478 3346 616 3417 πρὸς
641 3344 735 3409 οὓς
794 3347 1022 3416 ἐπέστη,
1060 3346 1262 3415 πολλὴν
1321 3345 1606 3411 ἐνέσταξεν
1628 3345 1843 3416 ἡδονὴν,

267 3439 363 3493 καὶ
410 3438 636 3511 ’ἑρμαόν
666 3456 719 3492 τι
761 3440 944 3502 αὐτοῖς
969 3439 1115 3504 ἔδοξε
1141 3440 1286 3492 θεῖον
1312 3440 1404 3493 καὶ
1424 3438 1613 3510 κέρδος
1648 3442 1844 3509 ἀπερι-

267 3530 480 3601 νόητον.
535 3532 849 3603 ’Δμφότερα
877 3532 933 3585 δὲ
966 3528 1033 3603 ῆν
1056 3534 1156 3602 τῆς
1197 3530 1537 3602 πολυτρόπου
1570 3529 1663 3584 τοῦ
1709 3530 1845 3584 Θεοῦ

267 3620 484 3690 σοφίας,
526 3622 742 3690 καὶτῆς
788 3622 968 3676 πάντα
1001 3622 1095 3675 καὶ
1141 3620 1266 3675 νοῦν
1299 3623 1394 3675 καὶ
1431 3622 1589 3691 λόγον
1610 3621 1849 3693 νικώσης

166 3750 167 3753 η
264 3713 661 3784 χρηστότητος,
717 3713 805 3768 ἵνα
837 3715 930 3767 καὶ
967 3713 1065 3784 τὴν
1096 3713 1260 3767 αὑτοῦ
1292 3712 1514 3785 ἀρετὴν.
1547 3715 1694 3777 ὅπως
1734 3714 1851 3768 ἐστὶ

266 3804 440 3857 πᾶσιν
502 3804 804 3875 ἐπέραστός
853 3823 911 3858 τε
943 3806 1038 3859 καὶ
1098 3806 1498 3877 περιμάχητος,
1548 3806 1716 3878 δείξῃ.
1754 3807 1851 3861 καὶ

272 3896 470 3969 μισθοῦ
533 3890 797 3970 πρόξενον
844 3898 1126 3970 ἑκατέροις
1172 3900 1336 3954 αὐτὸν
1365 3901 1705 3971 καταστήσῃ.
1741 3901 1850 3954 Καὶ

269 3990 386 4062 γάρ
408 3991 709 4062 ἀμφότεροι
740 3993 932 4062 φιλίως
957 3992 1093 4065 πρὸς
1128 3992 1187 4045 τὸ
1229 3993 1395 4047 καλὸν
1435 3994 1653 4063 ἔχοντες
1678 3995 1849 4063 ἐγνω-

271 4082 564 4161 ρίσθησαν,
593 4084 643 4137 οἱ
671 4084 772 4153 μὲν
802 4084 880 4155 τῷ
917 4086 1055 4153 μετά
1112 4085 1290 4156 λύπης
1358 4085 1678 4146 ἀποϐαλεῖν.
1723 4086 1774 4139 οἱ
1795 4085 1853 4140 δὲ

267 4174 353 4245 τῷ
383 4176 498 4245 μεθ’
531 4176 725 4247 ἡδονῆς
756 4177 1139 4243 ὐποδέξασθαι.
1195 4178 1348 4230 Ἐπεὶ
1377 4179 1435 4231 δὲ
1471 4178 1567 4232 καὶ
1596 4177 1851 4242 εἰσέλθοι,

272 4270 372 4322 καὶ
424 4268 619 4340 μικρόν
658 4270 791 4322 τιτὸ
825 4269 1025 4339 μεταξὺ
1082 4268 1314 4332 διελθὸν,
1339 4271 1372 4338 ἡ
1401 4270 1569 4341 κυρία
1610 4270 1711 4339 τῆς
1739 4287 1854 4342 χει-

276 4365 531 4437 ροτονίας
555 4364 759 4435 παρῆν,
809 4364 1065 4434 παρῆσαν
1119 4362 1219 4432 μὲν
1256 4361 1353 4415 καὶ
1379 4364 1427 4415 οἱ
1455 4365 1553 4434 τῆς
1583 4362 1853 4434 ἐπαρχίας

272 4456 587 4521 ἐπίσκοποι,
629 4456 812 4527 παρῆν
832 4455 889 4508 δὲ
918 4457 1014 4509 καὶ
1050 4456 1078 4509 ό
1112 4454 1208 4525 τῆς
1271 4454 1678 4525 Ἀλεξανδρείας
1724 4455 1853 4508 Θεό-

1930 1967 2120 2023 scribit
2143 1981 2242 2037 per
2278 1980 2477 2020 arcana
2512 1965 2580 2019 ad
2614 1963 2869 2037 comitem
2898 1958 3223 2016 Antiochiae.
3256 1958 3375 2027 Ipse
3403 1972 3503 2010 au-

1932 2069 2042 2115 tem
2092 2074 2216 2114 cum
2271 2058 2536 2114 Joannem
2588 2036 2967 2111 accersivisset
3004 2060 3156 2106 extra
3203 2050 3500 2113 civitatem,

1935 2161 2191 2222 tanquam
2227 2151 2295 2207 de
2334 2149 2660 2220 quibusdam
2707 2146 2872 2201 rebus
2916 2143 3243 2200 necessariis
3280 2158 3404 2197 cum
3437 2156 3506 2195 eo

1933 2243 2455 2305 communicaturus,
2499 2256 2625 2295 eum
2674 2240 2802 2295 licet
2860 2238 3016 2293 valde
3064 2238 3418 2293 reluctantem
3451 2244 3509 2290 et

1934 2343 2325 2408 repugnantem
2350 2333 2534 2399 mulis,
2551 2347 2687 2402 quos
2711 2332 2944 2387 habebat
2966 2338 3201 2401 paratos,
3228 2329 3505 2400 imposuit,

1936 2438 1992 2484 et
2017 2429 2096 2484 sic
2131 2426 2282 2481 nullo
2310 2425 2534 2480 omnino
2568 2427 2816 2478 animum
2846 2424 3187 2488 advertente,
3221 2421 3400 2492 ipsum
3446 2420 3511 2474 iis

1937 2524 2028 2593 qui
2060 2522 2212 2576 missi
2241 2521 2479 2586 fuerant,
2504 2519 2761 2574 traditum
2791 2517 3011 2572 emittit.

2007 2613 2155 2669 XVI.
2191 2612 2328 2669 Cum
2377 2628 2505 2683 ergo
2549 2612 2641 2667 ille
2671 2626 2836 2667 verus
2893 2611 3055 2664 homo
3107 2608 3221 2669 Dei,
3258 2618 3373 2663 toto
3419 2607 3513 2661 illo

1938 2706 2189 2762 confecto
2222 2705 2437 2766 itinere,
2479 2704 2591 2773 jam
2630 2710 2776 2757 esset
2822 2716 2990 2772 prope
3043 2700 3232 2755 urbem
3287 2699 3512 2771 regiam,

1940 2799 2046 2853 lioc
2072 2800 2303 2867 primum
2349 2797 2558 2851 honore
2607 2794 2839 2850 afﬁcitur
2872 2794 2925 2849 in
2961 2794 3205 2865 ingressu
3239 2792 3514 2846 voluntate

1942 2888 2284 2958 imperatoris
2310 2905 2324 2941 :
2356 2886 2618 2958 quidquid
2648 2895 2768 2941 erat
2810 2886 3017 2940 clarum
3050 2894 3106 2940 et
3138 2884 3368 2946 illustre,
3404 2898 3514 2936 non

1942 2981 2117 3036 solum
2157 2980 2211 3035 in
2240 2978 2503 3045 Ecclesia,
2542 2978 2638 3035 sed
2668 2977 2832 3033 etiam
2867 2993 2933 3033 ex
2964 2975 3388 3048 magistratibus.
3419 2990 3516 3030 sex

1940 3072 2195 3128 milliaria
2251 3086 2600 3144 progressum
2666 3082 2818 3126 extra
2865 3070 3164 3135 civitatem,
3211 3067 3518 3123 ridentibus

1946 3167 2121 3220 oculis
2153 3172 2210 3220 et
2238 3166 2362 3219 laeto
2398 3164 2548 3218 vultu
2570 3163 2938 3234 signiﬁcantes
2959 3161 3154 3216 animae
3180 3160 3439 3225 lmtitiam,
3467 3160 3518 3215 ei

1949 3261 2088 3313 ﬁunt
2118 3256 2358 3319 obviam.
2396 3264 2453 3312 et
2485 3271 2611 3312 eum
2648 3254 3109 3326 splendidissimis
3145 3252 3388 3308 alliciunt
3421 3251 3522 3307 bo-

1948 3350 2198 3405 noribus.
2233 3348 2325 3404 Sic
2351 3357 2408 3404 et
2451 3348 2536 3415 iis,
2564 3363 2594 3403 a
2627 3348 2826 3418 quibus
2865 3346 3138 3411 discessit,
3173 3344 3373 3400 ardens
3417 3344 3523 3397 im-

1948 3442 2100 3498 misit
2150 3440 2485 3498 desiderium
2536 3440 2626 3495 illa
2657 3437 3031 3495 desiderabilis
3079 3447 3135 3492 et
3173 3435 3391 3491 maximi
3440 3434 3524 3488 l'a-

1949 3532 2141 3589 cienda
2179 3532 2360 3587 anima
2392 3550 2406 3585 :
2436 3541 2493 3587 et
2535 3531 2622 3596 iis,
2662 3530 2728 3585 ad
2778 3544 2917 3601 quos
2950 3527 3202 3592 accessit,
3230 3525 3524 3581 maximam

1948 3625 2135 3682 attulit
2157 3625 2514 3695 voluptatem.
2547 3623 2714 3678 Erant
2739 3631 2922 3693 autem
2953 3630 3184 3689 utraque
3209 3615 3527 3688 multiplicis

1949 3717 2046 3773 Dei
2098 3715 2382 3787 sapientiae
2427 3724 2484 3769 et
2509 3712 2884 3785 benignitatis,
2919 3727 3040 3782 quxe
3077 3724 3294 3764 omnem
3332 3707 3530 3762 intelli-

1950 3809 2188 3881 gentiam
2220 3807 2387 3863 vincit
2410 3815 2465 3862 et
2491 3806 2799 3861 orationem
2832 3844 2848 3870 ,
2871 3812 2932 3858 ut
2964 3811 3020 3857 et
3045 3801 3188 3856 illius
3219 3799 3530 3856 ostenderet

1950 3911 2227 3965 v=rtutem,
2264 3909 2320 3956 et
2340 3914 2502 3970 quam
2533 3899 2603 3954 sit
2638 3897 2889 3953 amabilis
2916 3937 2931 3960 ,
2964 3904 3018 3950 et
3050 3892 3389 3959 eiﬁcerethut
3412 3892 3529 3961 ipse

1952 3996 2200 4066 utrisque
2220 3992 2526 4049 mercedem
2548 3990 2881 4047 conciliaret.
2910 3987 3115 4044 Ambos
3143 3985 3288 4041 enim
3313 3982 3528 4039 honesti

1952 4102 2139 4142 amore
2186 4085 2359 4142 teneri
2418 4084 2522 4139 fuit
2563 4082 2889 4154 cognitum:
2936 4080 3060 4136 illos
3108 4077 3351 4149 quidem,
3386 4076 3531 4146 quod

1952 4196 2079 4237 cum
2118 4180 2307 4235 dolore
2366 4176 2675 4234 dimiserint
2723 4217 2738 4242 ,
2794 4174 2896 4231 hos
2953 4182 3157 4238 autem,
3208 4170 3351 4241 quod
3407 4184 3533 4225 eum

1954 4275 2138 4331 laetitia
2197 4271 2536 4343 exceperint.
2592 4269 2728 4326 Cum
2774 4284 2904 4325 vero
2951 4276 3095 4323 esset
3142 4267 3439 4337 ingressus,
3481 4272 3536 4319 et

1953 4367 2359 4423 intercessisset
2381 4380 2610 4437 parvum
2636 4364 2872 4434 spatium
2899 4360 3185 4432 tempmis,
3213 4361 3400 4415 aderat
3419 4361 3536 4414 dies

1956 4458 2384 4519 consecrationis
2418 4476 2431 4512 :
2470 4466 2527 4513 et
2577 4472 2701 4512 cum
2758 4454 3011 4510 adessent
3041 4452 3259 4522 quidem
3294 4450 3533 4520 epise0pi

274 4547 432 4618 φιλος
485 4547 701 4618 πρῶτος
726 4547 835 4599 τῶν
864 4545 1036 4600 ἄλλων
1054 4547 1393 4610 ἐπισπεύσας
1443 4548 1511 4617 τῇ
1542 4545 1842 4617 τελεσιουρ-

1958 4553 2272 4625 provinciae,
2301 4551 2517 4607 adesset
2539 4558 2719 4605 autem
2741 4549 2905 4604 etiam
2931 4544 3266 4615 TheOpliilus
3297 4544 3531 4599 Alexan-

274 4641 376 4712 γίᾳ
423 4640 515 4693 τοῦ
580 4639 853 4711 μάκαρος.
916 4639 1125 4708 Ἕκτην
1185 4639 1283 4709 μὲν
1311 4635 1856 4710 οὗνὸΦεϐρουάριος

276 4730 395 4804 εἷχε
419 4733 555 4802 πρὸς
573 4735 640 4804 τῇ
663 4732 858 4797 εἰκάδι,
889 4732 1033 4802 ὑπῆν
1064 4732 1121 4785 δέ
1152 4732 1392 4795 εἰκάζειν
1441 4732 1528 4786 ὅτι
1558 4730 1858 4802 συνηδομέ-

279 4844 375 4883 νου
408 4826 531 4881 τότε
562 4826 658 4880 καὶ
704 4825 798 4894 τρῦ
836 4826 945 4880 τῶν
984 4826 1155 4896 ἁγίων
1185 4825 1371 4899 χοροῦ.
1394 4826 1489 4880 καὶ
1528 4824 1662 4896 μηδέ
1691 4823 1857 4894 ἀγγέ-

279 4921 392 4976 λων
430 4920 530 4991 τῆς
562 4920 711 4985 θείας
743 4918 948 4991 ταύτης
977 4921 1173 4991 ἑορτῆς
1202 4919 1679 4989 ἀπολειπομένων,
1708 4919 1737 4971 ό
1767 4917 1860 4970 ἐπὶ

279 5012 388 5084 γῆς
434 5012 667 5081 ἅγγελος
692 5011 769 5082 τῷ
804 5011 1066 5084 ἱερατικῷ
1087 5009 1392 5065 τελειοῦται
1421 5010 1708 5081 χρίσματι,
1761 5012 1858 5062 καὶ

280 5104 364 5175 τῷ
383 5104 484 5174 τῆς
516 5102 840 5170 Ἐκκλησίας
867 5100 991 5173 ὕψει
1018 5100 1331 5173 στηρίζεται
1359 5101 1386 5153 ό
1412 5098 1860 5171 διαφανὴςάστὴρ

282 5199 383 5252 val.
441 5196 869 5268 ὑπέρλαμπρος,
922 5196 1016 5250 καὶ
1050 5196 1192 5264 φωτὶ
1262 5194 1601 5267 χαριεστέρρ
1635 5196 1731 5257 τὰς
1753 5194 1860 5247 τῶν

280 5287 588 5361 ἀνθρώπων
622 5289 985 5361 περιλάμπων
1023 5288 1201 5359 ψυχάς
1230 5306 1243 5318 ·
1268 5288 1325 5352 ὃς
1357 5288 1451 5341 καὶ
1488 5286 1600 5358 βίον
1638 5282 1754 5358 εἶχε
1781 5287 1859 5357 τῷ

284 5382 431 5453 λόγῳ
460 5382 523 5435 σύ
533 5398 775 5453 μφωνον,
811 5382 906 5435 καὶ
927 5381 1085 5450 λόγον
1102 5381 1345 5435 τοιούτου
1369 5380 1484 5451 βίου
1518 5383 1866 5453 προσήκοντα

286 5476 639 5547 καθαρότητι.
670 5470 744 5546 ᾯ
773 5473 832 5529 τὸ
862 5475 1076 5528 πείθειν
1128 5474 1271 5527 οὕτω
1316 5474 1518 5545 ῥᾴδιον,
1575 5472 1651 5537 ὡς
1689 5474 1868 5526 οὐδενὶ

288 5572 434 5641 ἄλλῳ
470 5571 531 5624 τὸ
577 5570 756 5638 λέγειν
816 5568 1041 5632 ἀπὶ-ὦς’
1074 5560 1134 5621 οὗ
1188 5569 1388 5638 πραεῖα
1438 5567 1539 5638 μὲν
1688 5568 1862 5638 φωνὴ,

362 5712 440 5783 (9)
474 5711 631 5792 Anno
658 5709 762 5792 ἵξθὸ
794 5707 1871 5792 metropolitanis_ast:intilliusepiscopis,

293 5778 741 5854 suzeprmineize
792 5778 1163 5854 consecratur.
1220 5778 1873 5854 Theopliil.Ales_andria:

296 5849 585 5927 episcopus
654 5865 762 5908 non
827 5852 1120 5917 volentem,
1187 5851 1279 5905 sed
1332 5859 1576 5905 coactum
1634 5849 1869 5919 Chryso-

1954 4648 2086 4703 drize
2103 4646 2204 4717 (9),
2234 4645 2324 4715 qui
2362 4644 2568 4714 primus
2595 4658 2657 4697 ex
2691 4641 2810 4696 aliis
2834 4638 3128 4698 festinavit.
3159 4646 3219 4692 ut
3245 4638 3536 4709 interesset

1956 4740 2104 4795 beati
2147 4738 2377 4794 Joannis
2403 4732 2804 4792 consecrationi
2841 4752 2855 4786 :
2897 4742 2953 4788 et
2982 4739 3131 4787 esset
3172 4730 3393 4800 quidem
3429 4728 3535 4783 Fe-

1959 4830 2167 4889 bruarii
2199 4830 2318 4885 dies
2354 4826 2649 4883 vicesimus
2684 4830 2874 4879 sextus
2905 4840 2918 4876 :
2962 4822 3153 4876 liceret
3181 4829 3362 4876 autem
3404 4834 3537 4876 con-

1954 4923 2147 4994 jicere,
2170 4921 2314 4992 quod
2341 4934 2466 4974 cum
2486 4916 2647 4972 simul
2674 4916 2948 4969 laetaretur
2968 4912 3170 4967 cborus
3197 4918 3534 4976 sanctorum,

1968 5028 2039 5068 ne
2066 5012 2244 5078 angeli
2267 5009 2487 5080 quidem
2514 5008 2769 5063 abessent
2796 5004 2863 5059 ab
2897 5004 3001 5058 hoc
3035 5002 3221 5057 divino
3260 5000 3422 5063 festo,
3445 5000 3539 5071 qui

1968 5113 2087 5160 erat
2113 5104 2166 5157 in
2198 5113 2343 5157 terra
2373 5100 2616 5172 angelus,
2663 5112 2816 5154 sacro
2837 5095 3133 5152 chrismate
3164 5102 3537 5156 consecratur,

1969 5205 2024 5251 et
2074 5195 2130 5249 in
2178 5194 2395 5250 excelso
2444 5192 2562 5247 loco
2610 5190 2855 5246 ecclesiae
2899 5188 3233 5250 collocatur,
3275 5186 3367 5257 qui
3422 5193 3542 5240 erat

1971 5304 2157 5343 revera
2197 5286 2350 5342 stella
2382 5283 2742 5346 lucidissima,
2774 5291 2831 5337 et
2858 5279 3173 5352 jucundiori
3208 5280 3329 5335 luce
3364 5277 3542 5332 liomi-

1967 5397 2098 5435 num
2152 5377 2458 5434 illustrabat
2502 5375 2715 5430 animas
2757 5391 2771 5429 :
2828 5374 2921 5444 qui
2973 5384 3029 5429 et
3081 5372 3319 5428 habebat
3376 5369 3541 5423 vitain

1966 5471 2199 5528 orationi
2230 5468 2672 5532 convenientem,
2710 5475 2767 5521 et
2797 5466 3121 5530 orationem.
3159 5479 3279 5535 qua:
3317 5460 3545 5517 decebat

1969 5568 2131 5618 ta‘em
2171 5562 2292 5617 vitae
2331 5560 2622 5632 puritatem
2658 5575 2673 5613 :
2709 5558 2794 5613 cui
2830 5557 3159 5628 persuadere
3202 5569 3311 5609 non
3364 5552 3546 5608 minus

1986 5714 2219 5760 stomum
2243 5702 2558 5774 designasse
2587 5699 2826 5774 episcop‘.
2851 5712 2919 5752 ex
2943 5695 3161 5774 Socrat.
3186 5693 3276 5774 lib;
3306 5706 3378 5754 vn,
3411 5704 3459 5771 ς.
3486 5690 3542 5753 2,

1988 5777 2203 5831 Sozmn.
2261 5762 2395 5828 lib."
2437 5789 2554 5835 vm,
2617 5762 2738 5839 cap.
2775 5762 2841 5831 Ὠ,
2906 5772 3169 5823 memorat
3238 5762 3543 5828 Baronius,

1983 5856 2115 5902 tum.
2154 5844 2216 5901 V.
2248 5843 2441 5899 Annal.
2467 5845 2532 5899 ad
2564 5858 2693 5897 ann.
2717 5840 2841 5897 597.
