3834 6528
311 384 451 456 1087

1507 386 1790 451 ΜΕΝΞΙδ
1825 385 2284 451 JANUARIUS.

3419 377 3576 446 1088

303 513 425 560 erat
453 502 631 571 facile,
649 519 811 575 quam
831 504 1004 562 cuivis
1027 506 1119 561 alii
1145 504 1486 563 solummodo
1506 507 1709 564 dicere.
1723 507 1883 580 Cujus

1996 509 2200 575 πραεῖα
2222 506 2287 580 δὴ
2316 507 2349 579 ὴ
2380 504 2638 573 ἔντευξις,
2664 505 2693 560 ό
2721 504 2777 561 δὲ
2804 504 2958 576 λόγος
2984 507 3154 570 οὕτως
3192 503 3432 576 όμαλῶς,
3470 502 3575 555 καὶ

308 613 412 653 vox
453 597 671 668 quidetn
728 608 847 655 erat
891 601 1053 668 lenis,
1104 601 1244 656 lenis
1283 611 1468 658 antem
1522 601 1881 673 congressio:

308 689 486 743 oratio
511 704 665 752 vero,
702 705 823 759 quae
853 690 989 745 adeo
1018 691 1227 762 placide
1257 699 1313 746 et
1342 692 1584 763 jucunde
1606 691 1807 747 ﬂuebat
1828 692 1882 746 in

311 779 571 844 animam,
594 787 652 834 et
684 788 791 834 tam
824 780 1057 852 benigne
1088 798 1207 837 eam
1238 783 1556 854 attingebat,
1586 792 1647 837 ut
1675 783 1882 837 nullum

309 881 457 925 esset
497 871 766 941 ejusmodi
799 874 1256 929 medicamentum
1290 876 1553 947 corporis,
1583 876 1726 946 quod
1761 891 1884 931 cum

304 965 519 1037 juvaret
549 966 863 1034 plurimum,
887 967 1022 1022 nihil
1042 967 1260 1024 afferret
1288 967 1342 1022 in
1363 968 1562 1023 utendo
1592 967 1883 1022 molestia:

309 1054 585 1120 quomodo
610 1054 699 1108 illa
722 1056 925 1126 absque
951 1057 1060 1110 ullo
1085 1073 1270 1113 morsu
1303 1059 1595 1113 maximam
1627 1057 1889 1112 all'erehat

308 1141 622 1197 utilitatem.
654 1144 862 1200 Deinde
903 1144 992 1199 die
1033 1147 1283 1215 sequenti
1315 1146 1431 1216 ipse
1474 1146 1789 1217 imperator,
1834 1155 1889 1199 et

309 1233 625 1303 quicunque
665 1244 822 1290 erant
862 1235 915 1289 in
949 1237 1171 1292 civitate
1202 1238 1457 1292 honorati
1491 1248 1545 1293 et
1574 1238 1695 1292 aliis
1728 1252 1888 1308 supe-

309 1326 520 1393 riores,
582 1330 648 1385 ad
698 1329 919 1385 beatum
965 1331 1145 1387 virum
1196 1332 1521 1387 accedentes
1563 1332 1691 1400 (hoc
1739 1328 1886 1385 enim

309 1419 538 1473 omnino
586 1422 894 1491 volebant),
937 1423 1059 1494 ejus
1099 1438 1293 1494 preces
1341 1432 1397 1477 et
1450 1420 1887 1477 benedictionem

307 1510 703 1580 jucundissime
752 1525 882 1571 sunt
932 1517 1237 1571 consecuti.
1277 1515 1481 1570 Deinde
1523 1516 1632 1581 ille,
1687 1515 1890 1570 cumis

308 1603 617 1669 laudabilis,
644 1606 735 1675 qui
760 1608 934 1676 prius,
966 1624 1091 1663 eum
1124 1608 1412 1664 invasisset
1437 1616 1616 1662 metus
1671 1615 1726 1662 et
1746 1617 1892 1663 esset

307 1712 556 1753 summus
593 1698 833 1754 imitator
859 1700 989 1755 Jesu
1022 1702 1367 1767 humilitatis,
1409 1702 1604 1771 injecta
1645 1700 1891 1754 oratione

307 1786 387 1842 sic
440 1788 575 1843 dixit
618 1805 633 1842 :
680 1789 963 1846 Terribilis
1005 1792 1139 1846 mihi
1184 1794 1299 1847 visa
1331 1802 1433 1857 est,
1485 1806 1520 1846 ο
1569 1791 1884 1860 imperator,

310 1878 595 1946 terribilis,
629 1889 685 1934 et
732 1882 908 1948 major
944 1898 1105 1952 quam
1137 1890 1191 1937 ut
1239 1898 1372 1937 mea:
1400 1885 1544 1936 vires
1574 1882 1718 1935 ferre
1760 1897 1884 1951 pos-

308 1983 454 2036 sent,
486 1974 713 2046 insignis
741 1976 975 2047 dignitas
998 1975 1161 2059 hujus
1193 1977 1539 2047 pontificatus
1567 1994 1580 2030 :
1621 1976 1770 2046 quod
1797 1991 1885 2031 me

310 2067 477 2123 etiam
512 2068 771 2123 reddebat
802 2070 1052 2125 timidum
1078 2080 1425 2125 cunctantem
1455 2070 1521 2125 ad
1554 2071 1673 2141 ejus
1700 2086 1886 2125 susce—

308 2158 555 2228 ptionem
583 2176 598 2213 :
632 2159 777 2228 quod
808 2169 864 2215 et
904 2161 1181 2216 ad‘meam
1214 2161 1456 2215 intuerer
1496 2161 1882 2230 abjectionem,

308 2259 366 2304 et
397 2249 466 2305 ad
499 2250 930 2321 magnitudinem
960 2252 1101 2323 ejus,
1132 2253 1276 2321 quod
1311 2267 1448 2307 mea!
1473 2252 1595 2308 ﬁdei
1631 2252 1884 2307 commit-

311 2337 544 2392 tebatur.
588 2339 709 2405 Quo
737 2348 822 2395 est
853 2341 998 2395 enim
1027 2342 1263 2413 dignitas
1290 2342 1591 2409 sublimior,
1617 2359 1684 2398 eo
1714 2346 1885 2417 magis

309 2444 451 2497 opus
475 2429 639 2483 habet
670 2430 757 2497 iis,
784 2430 874 2500 qui
903 2440 1035 2487 sunt
1064 2433 1264 2488 excelsi
1297 2423 1525 2495 viribus,
1556 2444 1608 2487 et
1633 2435 1725 2504 qtti
1748 2449 1883 2489 con-

308 2520 480 2577 ﬁdere
517 2531 745 2592 possunt
780 2524 835 2578 in
871 2524 1195 2581 ministerio.
1228 2525 1363 2581 Cum
1405 2536 1585 2583 autem
1635 2543 1737 2583 nos
1784 2526 1884 2582 etsi

311 2616 564 2687 indignos
609 2626 665 2673 et
698 2618 963 2688 abjectos,
998 2620 1067 2676 iis
1102 2620 1302 2690 quibus
1343 2622 1444 2676 srit
1484 2621 1806 2685 rationibus,
1840 2621 1887 2675 is

308 2711 467 2781 cujus
490 2710 693 2781 judicia
718 2721 847 2768 sunt
865 2713 1095 2785 abyssus
1119 2716 1288 2769 multa
1309 2716 1372 2780 ⁸⁸,
1397 2715 1462 2769 ad
1496 2714 1635 2769 hanc
1663 2713 1887 2769 deduxit

310 2805 611 2874 speculam,
644 2815 700 2861 et
742 2806 953 2861 ratione
1007 2808 1218 2877 praiditi
1253 2809 1335 2863 sui
1391 2808 1566 2880 gregis
1613 2816 1884 2879 pastorem

309 2900 616 2961 constituit,
647 2916 795 2971 rogo,
829 2915 863 2954 o
884 2900 1202 2970 imperator.
1229 2917 1325 2970 per
1350 2917 1469 2955 eam
1514 2917 1688 2972 ipem,
1722 2918 1884 2972 quant

309 3004 506 3045 omnes
551 2990 818 3046 habemus
874 2999 1074 3062 (neque
1121 2992 1266 3046 enim
1314 2993 1448 3047 milii
1503 3003 1680 3048 tntum
1724 2994 1888 3050 fuerit

309 3082 572 3152 deinceps
595 3083 779 3145 silere,
812 3098 992 3153 neque
1034 3085 1175 3154 quod
1221 3101 1401 3138 ntettm
1433 3096 1518 3140 est
1554 3086 1728 3140 solum
1764 3101 1888 3157 spe-

1986 602 2160 674 ηδέως
2210 601 2352 674 ῥέων
2385 601 2466 664 είς
2492 599 2595 671 τὴν
2629 598 2827 671 ψυχὴν,
2856 600 2951 654 καὶ
2984 599 3159 664 οὑτως
3182 598 3360 670 ἠπίως
3386 595 3575 666 αὐτῆς

1987 693 2316 765 ἁπτόμενος,
2372 692 2514 748 ὥστε
2567 690 2737 765 μηδὲν
2793 691 3036 745 τοιοῦτον
3100 689 3239 745 εἶναι
3270 689 3579 760 φάρμακον

1989 784 2262 856 σώματος,
2293 783 2324 837 ὃ
2354 785 2424 838 τὰ
2475 784 2713 855 μέγιστα
2779 782 3025 852 ὠφελοῦν
3091 782 3243 836 οὐδὲν
3289 781 3456 833 λυπεῖ
3495 778 3573 849 τῇ

1987 877 2349 950 προσψαὺσει,
2405 878 2483 941 ὡς
2529 878 2736 941 ἐκεῖνος
2793 876 3038 947 μεγάλην
3092 892 3151 928 τε
3201 874 3295 929 καὶ
3359 871 3575 941 πολλὴν

1986 973 2233 1043 ἀδήκτως
2264 971 2485 1041 ἐμποιεῖ
2515 969 2611 1042 τὴν
2638 969 2931 1039 ὠφέλειαν.
2967 963 3103 1022 Εἶτα
3126 967 3226 1037 τὴν
3269 962 3576 1036 ὑστεραίαν

1958 1096 1963 1099 η
1990 1065 2244 1139 βασιλεὺς
2282 1065 2469 1130 αὑτὸς,
2521 1063 2616 1117 καὶ
2647 1062 2748 1133 τῆς
2774 1060 3053 1124 πολιτείας
3079 1061 3201 1113 ὅσον
3226 1059 3446 1128 ἔντιμον
3473 1055 3581 1109 καὶ

1987 1160 2114 1223 τοὺς
2146 1157 2376 1221 πολλοὺς
2408 1155 2807 1228 ὑπερϐεϐηκὸς,
2840 1152 3244 1223 προσελθόντες
3275 1148 3355 1220 τῷ
3388 1165 3576 1218 μακα-

1993 1248 2091 1320 ρίῳ
2151 1246 2328 1319 (τοῦτο
2376 1246 2484 1317 γὰρ
2514 1246 2578 1299 ὲκ
2606 1244 2805 1309 παντὸς
2861 1244 3069 1315 ἠξίουν)
3107 1241 3213 1297 τῶν
3239 1242 3373 1310 παρ’
3400 1236 3575 1291 αὑτοῦ

1989 1340 2165 1411 εὐχῶν
2204 1338 2401 1410 ἥδιστα
2426 1337 2520 1392 καὶ
2554 1336 2653 1407 τῆς
2683 1334 2937 1403 εὐλογίας
2962 1332 3253 1387 ἀπέλαυον.
3283 1325 3397 1383 Εἶθ’
3422 1328 3580 1383 οὕτω

1988 1430 2147 1498 λόγον
2220 1426 2476 1499 ἐμϐαλὼν
2518 1427 2747 1491 ἐκεῖνος,
2785 1426 2858 1490 ὡς
2890 1425 2995 1480 ὑπο
3024 1425 3123 1495 τῆς
3166 1422 3335 1493 αὑτῆς
3365 1419 3583 1481 δειλίας

1990 1525 2246 1595 ἐχόμενος
2295 1521 2393 1593 τῆς
2448 1520 2759 1590 έπαινετῆς,
2791 1513 2857 1590 ἧς
2897 1518 3300 1589 καὶπρότερον,
3353 1514 3448 1567 καὶ
3479 1529 3575 1583 μιν

1994 1615 2170 1686 μητὴς
2197 1613 2364 1668 τελῶν
2395 1614 2496 1685 τῆς
2536 1610 2712 1682 Ἰησοῦ
2735 1610 3140 1672 ταπεινώσεως,
3180 1604 3414 1675 Φοϐερόν
3452 1619 3574 1674 μοι,

1993 1705 2169 1771 εἶπεν,
2211 1700 2256 1760 ὦ
2294 1704 2541 1777 βασιλεῦ,
2578 1702 2672 1756 καὶ
2712 1702 2897 1773 μεῖζον
2927 1701 2959 1773 ἢ
2991 1700 3114 1755 κατ’
3145 1698 3284 1770 ἐμὴν
3314 1695 3574 1765 δύναμιν,

1992 1802 2091 1871 τῆς
2147 1802 2429 1872 ίεραρχίας
2463 1796 2670 1868 ταύτης
2696 1796 2797 1867 τῆς
2828 1793 3142 1866 ὑπερφυοῦς
3169 1792 3232 1845 τὸ
3265 1789 3507 1859 ἀξίωμα.
3543 1784 3578 1839 ὃ

1992 1913 2060 1966 με
2099 1895 2195 1948 καὶ
2234 1894 2412 1948 δειλὸν
2436 1892 2614 1946 ἒποίει
2660 1893 2762 1946 καὶ
2792 1891 2929 1963 πρὸς
2959 1890 3058 1960 τὴν
3101 1887 3313 1958 αἵρεσιν
3342 1879 3577 1952 διαμέλο

1986 1989 2146 2041 λοντα
2174 1985 2251 2057 τῷ
2283 1987 2421 2056 πρός
2450 2002 2510 2038 τε
2539 1984 2639 2057 τὴν
2690 1982 2831 2054 ἐμὴν
2884 1980 3144 2051 ἐσχατιὰν
3199 1978 3411 2048 ἀφορᾷν
3470 1973 3575 2028 καὶ

1984 2078 2083 2149 τὴν
2135 2077 2231 2132 τοῦ
2286 2079 2679 2149 πιστευομένου
2716 2075 3133 2148 μεγαλειότητα.
3163 2075 3316 2144 "no-qi
3364 2071 3474 2143 γὰρ
3507 2069 3575 2122 τὸ

1987 2173 2211 2245 ὑψηλὸν,
2244 2171 2482 2241 τοσούτῳ
2517 2172 2745 2227 καὶτῶν
2775 2174 2853 2237 είς
2888 2172 3116 2243 δύναμιν
3144 2169 3366 2241 ὑψηλῶν
3394 2169 3574 2221 δεῖται

1988 2264 2125 2336 πρὸς
2151 2266 2251 2335 τὴν
2303 2263 2629 2335 ὑπηρεσίαν.
2677 2262 2831 2315 Ἐπεὶ
2857 2261 2915 2315 δὲ
2944 2262 3039 2316 καὶ
3092 2259 3346 2326 ἀναξίους
3408 2257 3576 2320 ϐντας
3614 2328 3623 2333 _

1986 2362 2082 2413 καὶ
2134 2359 2306 2429 χαμαὶ
2354 2357 2641 2429 κειμένους
2703 2356 2870 2439 ήμιξς,
2900 2350 2981 2420 οἷς
3012 2354 3300 2409 ἐπίσταται
3352 2347 3564 2416 λόγοις,

1985 2446 2048 2507 οῦ
2070 2452 2137 2505 τὰ
2170 2452 2418 2523 κρίματα
2468 2451 2708 2514 ἄϐυσσος
2751 2449 2944 2521 πολλὴ,
3003 2451 3082 2513 εἰς
3133 2446 3342 2515 ταύτην
3391 2445 3572 2515 ἧγαγε

1986 2560 2053 2596 πε
2064 2543 2297 2614 ριωπὴν,
2318 2541 2412 2595 καὶ
2433 2540 2671 2612 ποιμένα
2695 2543 2795 2612 τῆς
2815 2540 3044 2609 λογικῆς
3060 2536 3226 2592 αὑτοῦ
3253 2535 3569 2603 κατέστησε

1988 2636 2245 2705 ποίμνης,
2300 2634 2515 2705 δέομαι,
2573 2632 2817 2702 βασιλεῦ,
2874 2632 3011 2703 πρὸς
3083 2628 3263 2683 αὐτῶν
3313 2628 3571 2696 ἐλπίδων,

1986 2720 2061 2782 ὧν
2092 2727 2292 2789 πάντες
2350 2725 2588 2796 ἐχόμεθα
2614 2725 2755 2794 (οὑδὲ
2786 2723 2896 2793 γὰρ
2929 2720 3211 2777 ἀκίνδυνόν
3243 2736 3333 2790 μοι
3356 2718 3420 2771 τὸ
3454 2715 3572 2770 ἀπὸ

1986 2819 2140 2874 τοῦδε
2168 2820 2346 2890 σιγᾷν,
2375 2817 2496 2870 οὑδὲ
2529 2817 2589 2869 τὸ
2640 2812 2881 2886 ξ’μαυτοῦ
2922 2814 3082 2895 μόνον
3112 2811 3328 2884 ὁρῶντα
3356 2809 3570 2879 μισθω-

1987 2913 2078 2967 τδν
2131 2907 2293 2976 εἶναι,
2326 2911 2420 2964 καὶ
2457 2911 2520 2963 οὑ
2560 2909 2817 2978 ποιμένα)
2854 2900 3357 2976 δέομαιτοιγαροῦν
3433 2917 3572 2971 προ-

1988 3005 2311 3075 ηγουμένως
2344 3003 2442 3074 μὲν
2503 3004 2614 3064 τοῖς
2647 2999 2740 3054 τοῦ
2783 2999 2918 3053 Θεοῦ
2945 2998 3125 3066 λόγοις
3155 2990 3248 3058 οῦς
3280 2991 3571 3047 εὑσὺνετον

1992 3097 2331 3166 ὑποσχόντας
2381 3096 2547 3165 ὑμᾶς,
2606 3094 2699 3146 ἐπὶ
2740 3091 2818 3162 τῷ
2878 3090 3114 3163 θεμελίῳ
3171 3088 3272 3156 τῆς
3327 3085 3572 3145 πίστεως

309 3175 529 3238 ctando,
563 3177 960 3230 mercenarium
987 3193 1131 3239 esse,
1165 3188 1219 3232 ct
1244 3193 1350 3232 non
1383 3180 1720 3248 pastorem);
1755 3195 1883 3250 rogo

1990 3187 2192 3260 χρυσὸν
2223 3188 2315 3241 καὶ
2342 3188 2580 3258 ἄργυρον
2616 3187 2708 3239 καὶ
2736 3185 2916 3248 λίθους
2936 3184 3170 3253 τιμίους,
3193 3178 3293 3240 τὰς
3322 3175 3565 3245 ἀγαθὰς,

310 3280 460 3336 ergo,
496 3275 553 3321 ut
586 3267 959 3335 principaliter
984 3269 1202 3337 quidem
1239 3285 1333 3324 vos
1362 3269 1455 3325 Dei
1486 3272 1665 3325 verbis
1699 3288 1884 3326 anrcnt

313 3358 620 3426 praebentes
651 3369 934 3423 attentam,
964 3377 1129 3430 super
1168 3363 1582 3417 fundamentum
1616 3365 1759 3430 ﬁdei,
1788 3381 1883 3419 au-

312 3466 432 3504 rnm
476 3461 532 3505 et
565 3462 852 3523 argintnm
884 3463 935 3508 ct
988 3455 1194 3525 lapides
1242 3457 1532 3527 pretiosos,
1592 3460 1778 3521 bonas,
1811 3460 1889 3516 in-

310 3558 496 3613 quam,
537 3546 800 3608 actiones,
855 3546 1152 3602 a-diticctis.
1177 3548 1230 3601 Si
1263 3548 1352 3618 qni
1395 3558 1577 3604 autem
1614 3566 1887 3620 praroccu-

308 3636 418 3706 pati
476 3636 718 3703 luerunt,
762 3648 879 3707 aut,
905 3640 1050 3709 quod
1080 3640 1252 3705 absit,
1304 3643 1409 3697 sint
1467 3648 1883 3717 pra‘oerupandi

309 3733 566 3788 humanis
594 3733 826 3801 delictis,
856 3750 919 3791 ea
952 3746 1083 3792 sunt
1141 3737 1459 3808 pteni'tentia
1490 3750 1544 3795 et
1569 3741 1751 3796 studio
1791 3756 1886 3797 ex-

308 3825 605 3899 purganda.
658 3829 738 3883 Ad
770 3845 887 3884 eam
920 3830 992 3884 sit
1038 3831 1198 3885 nobis
1252 3832 1544 3902 pulchrum
1573 3836 1884 3903 exemplum

308 3933 537 3989 magnus
561 3918 649 3974 ille
679 3919 846 3976 David
871 3922 937 3981 “.
977 3920 1069 3991 qui
1094 3936 1217 3976 cum
1243 3921 1301 3975 in
1327 3932 1607 3992 peccatum
1636 3932 1695 3977 ut
1721 3923 1887 3977 homo

310 4008 614 4076 incidisset,
659 4021 714 4067 et
752 4014 821 4067 ab
857 4013 1079 4068 homine
1112 4014 1305 4068 fuisset
1344 4014 1734 4084 reprehensus,
1771 4028 1884 4069 non

306 4112 369 4158 ut
398 4103 560 4161 homo
586 4106 946 4173 solummodo,
983 4122 1165 4177 neque
1198 4105 1451 4162 similiter
1497 4121 1561 4161 ac
1594 4106 1786 4177 vulgus
1825 4122 1885 4162 se

305 4197 474 4266 gessit
524 4200 831 4271 gratissima
896 4200 985 4256 illa
1045 4200 1265 4265 anima,
1324 4214 1505 4269 neque.
1553 4199 1883 4255 contumelia

306 4290 794 4359 reprehensionem
848 4291 1105 4363 pauperis
1137 4305 1229 4344 rex
1274 4290 1519 4360 repulit,
1549 4291 1643 4346 sed
1690 4306 1883 4362 magna

303 4382 679 4438 moderatione
702 4393 760 4440 et
789 4383 958 4439 animi
986 4381 1318 4439 contritione
1348 4383 1519 4451 ipsam
1545 4383 1667 4437 tulit
1701 4398 1885 4453 repre-

303 4467 649 4539 hensionem,
682 4482 738 4528 et
765 4490 888 4530 cum
912 4488 971 4528 se
987 4487 1245 4543 peccasse
1280 4487 1389 4526 non
1410 4481 1557 4527 esset
1581 4473 1875 4537 inﬁciatus,

1998 3283 2164 3351 φημὶ,
2187 3279 2415 3348 πράξεις
2446 3278 2769 3348 οἰκοδομεῖν.
2794 3276 2931 3346 Εἱδή
2951 3291 3095 3335 τινες
3121 3268 3568 3343 προελήφθησαν,

1987 3374 2136 3446 ﬁmi
2174 3372 2536 3445 «po).1;:,:’3$‘t’sv
2565 3372 2726 3441 (ὅπερ
2754 3366 3088 3439 ἀπεύχομαι)
3121 3363 3570 3435 παραπτώμασιν

1988 3465 2368 3536 ἀνθρωπίνοις,
2404 3464 2466 3533 τῇ
2506 3460 2765 3532 μετανοίᾳ
2798 3458 2973 3511 ταῦτα
3021 3455 3351 3527 καθαρτέον.
3382 3451 3570 3506 Καλὸν

1989 3557 2291 3626 ὑπόδειγμα
2331 3555 2466 3627 πρὸς
2492 3554 2661 3625 αὑτὴν
2696 3554 2724 3606 ὁ
2757 3551 2932 3623 μέγας
2989 3551 3120 3621 ἡμῖν
3176 3548 3317 3600 ἔστω
3375 3542 3567 3605 Δαϐὶδ,

1987 3651 2044 3714 δς
2076 3651 2387 3719 ἁνομήματι
2449 3646 2634 3710 ἁλοὺς,
2683 3638 2771 3698 οἷα
2804 3643 3111 3715 ἄνθρωπος.
3145 3641 3237 3695 ὑπ’
3273 3637 3567 3711 ἀνθρώπου

1987 3761 2045 3797 τε
2072 3744 2161 3796 τὸν
2217 3741 2441 3809 ἔλεγχον
2481 3737 2743 3800 ὑποστὰς,
2772 3737 2833 3789 οὐ
2869 3736 2990 3791 κατ’
3038 3734 3326 3806 ἄνθρωπον
3350 3729 3565 3796 ἁπλῶς,

1986 3834 2109 3887 οὐδὲ
2167 3835 2280 3896 τοῖς
2352 3829 2567 3893 πολλοῖς
2622 3830 2824 3899 ὁμοίως
2884 3830 2917 3901 ἡ
2967 3826 3304 3901 χαριεστάτη
3348 3822 3566 3893 διετέθη

1985 3925 2156 3996 ψυχή.
2213 3921 2350 3977 Οὑτε
2409 3922 2518 3994 γὰρ
2566 3922 2779 3993 βαρέως
2810 3921 3011 3994 ἤνεγκε
3067 3920 3204 3991 πρὸς
3235 3914 3568 3982 αὑτὸν,οὑδὲ

1989 4017 2143 4088 ὕϐρει
2195 4014 2295 4087 τὴν
2356 4015 2564 4087 μέμψιν
2591 4015 2619 4068 ό
2644 4014 2900 4086 βασιλεὺς
2923 4013 3017 4067 τοῦ
3048 4014 3282 4082 πένητος
3313 4007 3565 4077 διεκρού-

1989 4125 2143 4175 σατο,
2208 4109 2322 4162 ἀλλ’
2352 4110 2412 4162 ὲν
2442 4107 2622 4178 πολλῷ
2647 4106 2724 4177 τῷ
2759 4107 2967 4178 μετρίῳ
3020 4105 3115 4159 καὶ
3151 4107 3219 4177 τῇ
3255 4106 3354 4174 τῆς
3384 4101 3567 4173 ψυχῆς

1988 4201 2250 4273 συντριϐῇ
2303 4201 2468 4256 αὑτόν
2494 4217 2551 4254 τε
2581 4200 2671 4254 τὸν
2724 4199 2943 4270 ἔλεγχον
2968 4199 3187 4271 ἤνεγκε,
3255 4198 3352 4251 καὶ
3380 4196 3567 4267 πλημο

1990 4294 2222 4366 μελῆσαι
2258 4293 2333 4365 μὴ
2357 4292 2636 4365 ἀρνηθεὶς,
2672 4290 2889 4356 θᾶττον,
2917 4290 2951 4361 ἢ
2983 4290 3200 4360 δράσαι,
3226 4288 3320 4343 τοῦ
3356 4287 3565 4355 ἀφεθῆ-

1984 4404 2073 4442 ναι
2101 4387 2395 4457 τετύχηκε’
2426 4384 2605 4439 καίτοι
2630 4385 2692 4438 τὸ
2718 4384 2820 4456 μὲν
2843 4382 3131 4453 όλισθῆσαι
3174 4380 3380 4455 ῥᾴδιον,
3413 4377 3477 4431 τὸ
3508 4377 3564 4431 δὲ

1985 4480 2309 4550 ἀναστῆναι,
2328 4478 2422 4533 καὶ
2449 4479 2532 4540 είς
2548 4476 2646 4549 τὴν
2684 4476 2957 4548 προτέραν
2989 4476 3180 4543 στῆναι
3201 4472 3562 4533 κατάστασιν,

302 4567 466 4624 citius
498 4585 661 4640 quam
696 4570 921 4633 fecerat,
957 4577 1291 4624 consecutus
1327 4568 1431 4624 fuit
1471 4569 1875 4625 remissionem.

1986 4548 2220 4645 ἐργῶδες
2279 4574 2376 4626 καὶ
2428 4548 2686 4643 χαλεπόν.
2758 4569 2914 4624 Οὕτω
2975 4569 3147 4639 πρᾶος
3171 4561 3261 4637 ἦν,
3290 4563 3435 4618 οὑτω
3467 4563 3565 4634 μέ-

302 4664 468 4733 Atqui
506 4665 610 4721 labi
640 4663 859 4733 quidem
882 4671 969 4718 est
998 4661 1155 4717 facile
1185 4680 1199 4716 :
1247 4677 1471 4733 surgere
1500 4671 1703 4726 autem,
1738 4672 1794 4736 e_t
1824 4664 1879 4719 in

301 4764 504 4837 statum
537 4755 776 4825 priorem
815 4753 1049 4815 restitui,
1078 4760 1162 4808 est
1202 4767 1493 4823 operosum
1537 4768 1601 4808 ac
1642 4753 1877 4809 dillicile.

299 4849 455 4903 Adeo
500 4855 616 4901 erat
661 4846 830 4908 mitis,
874 4845 1012 4900 adeo
1068 4846 1428 4901 moderatus:
1464 4854 1572 4900 tam
1622 4861 1878 4916 magnum

301 4943 542 5012 fructum
588 4938 692 4993 fuit
742 4948 1074 4994 consecutus
1103 4955 1168 4994 ex
1216 4940 1400 4995 divina
1446 4939 1771 4994 humilitate.
1815 4938 1881 4994 Et

299 5048 402 5086 nos
427 5028 577 5103 er'go,
618 5030 710 5099 qui
758 5029 1128 5086 ineﬂ‘abilibus
1161 5030 1254 5084 Dei
1296 5030 1599 5097 rationibus
1646 5030 1769 5085 ideo
1808 5031 1875 5086 ad

299 5138 399 5176 vos
430 5124 705 5184 venimus.
738 5133 799 5179 ut
826 5124 1166 5179 voluntatem
1204 5123 1324 5193 ejus
1363 5123 1739 5189 testiﬁremur,
1774 5123 1879 5181 hoc

300 5217 539 5288 primum
563 5218 789 5273 verbum
819 5216 1081 5272 aChristo
1098 5225 1153 5272 et
1173 5210 1363 5272 divind
1390 5216 1509 5286 ejus
1532 5217 1877 5274 Praecursore

301 5305 660 5376 acripientes,
688 5307 843 5362 vobis
858 5307 1252 5362 aunttntiamus
1270 5316 1326 5362 et
1350 5308 1643 5363 suademus
1669 5324 1682 5360 :
1716 5326 1733 5357 ι
1757 5308 1879 5364 Poe-

300 5399 587 5455 nitentiam
647 5400 829 5470 agite:
877 5415 1050 5470 prope
1086 5408 1171 5454 est
1224 5399 1372 5454 enim
1426 5415 1653 5471 regnum
1710 5400 1878 5456 ecclo-

300 5508 422 5547 rnm
453 5493 517 5546 ".
557 5509 576 5544 ι
624 5488 749 5546 ίιειιο
783 5498 966 5547 autem
999 5508 1110 5548 non
1163 5492 1426 5548 dubitabo
1475 5494 1628 5549 vobis
1656 5493 1875 5549 assidue

301 5601 558 5641 revocare
588 5586 645 5639 in
678 5585 993 5640 memoriam
1018 5603 1033 5640 :
1054 5585 1210 5640 vobis
1231 5594 1413 5641 autem
1447 5587 1745 5642 timendum
1768 5596 1872 5651 est,

304 5695 390 5742 ne,
424 5678 466 5733 si
503 5677 722 5733 fueritis
756 5686 1164 5749 contemptores
1191 5678 1283 5734 Dei
1310 5677 1766 5742 testimoniorum,
1804 5680 1872 5734 ab

1977 4683 2151 4735 τριος,
2184 4664 2328 4718 οὓτω
2360 4663 2573 4735 μεγάλα
2601 4663 2742 4717 πάνυ
2765 4663 2865 4732 τῆς
2887 4659 3038 4724 θείας
3064 4658 3324 4715 ἀπώνατο
3361 4673 3560 4710 ταπει-
3642 4721 3659 4733 ἢ

1977 4757 2215 4822 νὼσεως.
2266 4757 2380 4811 Καὶ
2427 4758 2594 4827 ἡμεῖς
2648 4756 2834 4809 τοίνυν
2861 4755 2912 4808 οἱ
2944 4752 3091 4807 κατά
3121 4751 3253 4815 τοὺς
3280 4751 3559 4822 ἀρρήτους

1977 4850 2073 4906 τοῦ
2114 4849 2250 4905 Θεοῦ
2285 4844 2502 4920 ’λόγους
2539 4850 2621 4914 είς
2673 4847 2835 4903 τοῦτο
2885 4848 3013 4920 ὑμῖν
3042 4847 3294 4917 ἥκοντες,
3328 4843 3473 4897 ὥστε
3498 4842 3561 4895 τδ

1979 4932 2147 4999 αὑτοῦ
2192 4940 2665 5015 διαμαρτύρεσθαι
2708 4940 2945 5012 θέλημα,
2975 4938 3137 4993 τοῦτο
3157 4937 3380 5010 πρῶτον
3404 4934 3557 5006 ῥῆμα

1983 5052 2061 5091 πα
2070 5035 2136 5107 ρὰ
2171 5034 2410 5107 Χριστοῦ
2430 5035 2522 5089 καὶ
2544 5032 2640 5088 τοῦ
2670 5033 2815 5088 θείου
2836 5032 3092 5096 λαϐόντες
3112 5030 3453 5103 Προδρόμου,
3477 5027 3561 5080 εὑ·

1980 5128 2382 5200 αγγελιζόμεθά
2422 5144 2480 5181 τε
2500 5128 2594 5182 καὶ
2616 5124 2990 5197 παραινοῦμεν
3016 5125 3146 5195 ὑμῖν
3169 5138 3183 5152 ο
3204 5122 3557 5177 Μετανοεῖτε·

1980 5221 2179 5292 ἧγγικε
2205 5220 2315 5290 γὰρ
2337 5221 2371 5289 ἡ
2415 5217 2661 5290 βασιλεία
2691 5216 2799 5270 τῶν
2830 5212 3099 5287 οὑρανῶν.
3134 5211 3324 5266 Ταῦτα
3347 5211 3406 5264 δὲ
3434 5225 3559 5263 συν-

1980 5312 2120 5383 εχῶς
2162 5313 2312 5384 ἡμᾶς
2366 5312 2464 5382 μὲν
2505 5311 2952 5381 ὑπομιμνήσκειν
2992 5307 3092 5361 οὑκ
3113 5306 3397 5377 ὀκνητέον,
3427 5304 3557 5373 ὑμῖν

1980 5404 2038 5459 δὲ
2072 5403 2311 5473 ἀσφαλὲς
2360 5403 2422 5457 τὸ
2472 5402 2781 5473 φοϐεῖσθαι,
2842 5401 2918 5472 μὴ
2980 5397 3398 5470 καταφρονηταὶ
3449 5395 3558 5450 τῶν

1988 5495 2310 5569 μαρτυρίων
2355 5494 2449 5548 τοῦ
2496 5493 2630 5549 Θεοῦ
2671 5493 2977 5565 γενόμενοι,
3006 5490 3253 5544 ὑπόδικοι
3275 5487 3428 5558 αὑτῷ
3461 5486 3555 5559 λη-

1984 5587 2210 5659 φθείητε
2243 5588 2301 5641 ὲν
2327 5587 2511 5659 ἡμέρᾳ
2565 5587 2895 5657 ἐπισκοπῆς.
2927 5584 3000 5638 Οὑ
3037 5581 3145 5653 γάρ
3176 5578 3450 5652 ἡμέτερόν
3481 5596 3554 5642 τι,

1981 5680 2103 5733 οὐδὲ
2164 5678 2273 5736 ἀπὸ
2334 5680 2430 5750 τῆς
2492 5678 2766 5751 ἡμετέρας
2801 5677 3027 5744 κοιλίας,
3057 5676 3154 5729 εἰτ’
3193 5668 3288 5731 οῦν
3318 5671 3560 5735 διανοίας

376 5857 420 5889 ³⁸
447 5855 591 5915 Psal.
619 5877 779 5929 xxxv,
824 5866 873 5918 7.
954 5835 991 5896 ἶ¹
1024 5864 1066 5920 ll
1097 5865 1228 5936 Reg.
1264 5880 1314 5920 XI
1342 5873 1394 5919 ct
1430 5880 1525 5919 xtl.
1610 5865 1649 5895 ³³
1684 5862 1832 5920 Matt.
1870 5882 1928 5932 ιι,
1965 5867 2018 5922 3.
