3834 6466
235 352 379 437 mss

1259 354 1435 416 VITA
1476 355 1537 417 S.
1578 355 1894 422 IOANNIS
1927 362 2484 427 CHRYSOSTOMI.

3353 366 3491 433 1090

223 460 674 536 ἀπαγγελοῦμεν,
723 460 841 515 ἀλλ’
898 460 1000 515 ὅσα
1045 461 1139 516 τοῦ
1199 464 1347 519 θείου
1409 465 1656 537 νάματος
1701 470 1804 538 τῆς

1926 488 1973 525 eo
2022 464 2099 528 rei
2151 474 2636 546 deprehendamini
2697 476 2750 532 in
2807 476 2895 534 die
2943 479 3290 537 visitationis.
3345 484 3491 539 Nihil

225 556 588 611 θεοττνεύττου
657 555 883 627 Γραφῆς
932 554 1278 627 ήρυσάμεθα,
1315 558 1486 611 ταῦτα
1514 559 1569 612 δὲ
1608 561 1802 614 οὐδένα

226 645 720 717 ῦποστελλόμενοι,
777 644 899 699 οὐδὲ
958 644 1190 717 ἡμέρας,
1250 647 1410 700 τοῦτο
1468 649 1532 721 δὴ
1593 650 1654 703 τὸ
1711 651 1805 704 τοῦ

229 739 522 811 ίερωτάτου
572 739 736 792 Δαϐιδ
770 779 786 803 ,
833 737 1160 808 φοϐούμενοι
1192 778 1208 804 ,
1264 741 1613 810 φθεγξόμεθα
1670 743 1807 815 πρὸς

227 833 392 903 ὑμᾶς.
449 831 732 896 Συνιέντες
789 832 888 901 μὲν
946 826 1039 886 οῦν
1095 831 1253 903 ὑμεῖς
1287 834 1379 885 καὶ
1421 833 1514 898 οῦς
1550 834 1807 906 φιλήκοον

223 925 303 997 τῷ
333 925 477 994 λόγῳ
499 925 598 994 τῆς
623 925 846 996 διδαχῆς
873 925 1199 996 ὑπέχοντες,
1233 926 1449 991 ἑαυτοῖς
1486 926 1586 998 μὲν
1625 945 1805 998 σωτη-

227 1018 370 1092 ρίας,
418 1018 595 1089 χαρᾶς
622 1017 681 1071 δὲ
708 1019 824 1079 τοῖς
867 1019 925 1071 ἐν
955 1018 1172 1089 οὐρανῷ
1201 1018 1480 1089 ἀγγέλοις,
1516 1019 1719 1088 πολλῆς
1751 1018 1809 1072 δὲ

227 1110 324 1165 καὶ
348 1109 427 1180 τῷ
464 1109 585 1181 ἐμῷ
634 1109 907 1181 πνεύματι
956 1110 1318 1183 εὐφροσύνης,
1375 1111 1539 1164 αἴτιοι
1595 1110 1807 1164 ἔσεσθε.

225 1201 364 1258 Εῐδέ
397 1203 493 1257 καὶ
524 1203 634 1256 τῶν
659 1202 810 1272 ἐμῶν
834 1203 982 1273 εἴητε
1017 1203 1575 1277 καταρῤᾳθυμοῦντες
1607 1203 1805 1272 λόγων,

225 1296 321 1348 καὶ
348 1294 523 1349 ἄϐατα
551 1297 616 1367 τῇ
636 1295 825 1367 διδαχῇ
858 1296 927 1350 τά
969 1296 1068 1368 τῆς
1130 1296 1360 1367 καρδίας
1409 1290 1525 1350 ὦτα
1553 1296 1795 1360 τιθέντες

229 1388 389 1459 (ὅπερ
453 1388 643 1460 ἀπείη)
702 1388 1059 1459 ἀνιαθὴσεται
1082 1390 1182 1459 μὲν
1201 1390 1262 1442 τὸ
1286 1390 1512 1460 Πνεῦμα
1544 1388 1605 1441 τὸ
1633 1387 1809 1458 ἅγιον,

225 1479 583 1552 ἀνιαθήσεται
603 1479 661 1533 δὲ
690 1481 785 1534 καὶ
799 1480 858 1535 τὸ
873 1481 1007 1551 ἐμὸν
1034 1480 1271 1552 πνεῦμον
1296 1481 1357 1535 τὸ
1383 1481 1440 1536 δὲ
1462 1481 1809 1553 λειπόμενον,

225 1570 471 1641 λυπηρὸν
489 1570 606 1646 ,μὲν
628 1571 828 1634 εἰπεῖν,
865 1570 1159 1643 φιλαληθές
1180 1572 1258 1639 δὲ,
1295 1573 1395 1642 ἐμὲ
1417 1573 1518 1645 μὲν
1539 1573 1619 1635 εἰς
1649 1572 1814 1642 ὖχλον

230 1657 364 1731 ὑμῖν
398 1655 559 1727 εἶναι,
585 1659 618 1732 ἢ
642 1660 702 1713 τό
719 1677 783 1730 γε
819 1662 1202 1733 τρανέστερον,
1276 1665 1358 1727 είς
1419 1666 1594 1735 κρῖμα
1621 1662 1817 1734 ὑμέτε-

226 1765 347 1821 ρον,
381 1751 527 1823 ὑμᾶς
556 1751 613 1806 δέ
642 1769 732 1825 μοι
781 1754 862 1817 είς
886 1753 1111 1828 ἄλγημα
1140 1754 1263 1826 (φεῦ
1283 1755 1323 1827 !)
1366 1757 1461 1811 καὶ
1492 1755 1688 1821 πένθος
1712 1756 1816 1826 ψυ-

223 1842 332 1913 χῆς
371 1844 577 1913 ἄφατον
598 1845 690 1900 καὶ
720 1845 960 1902 ἀνίατον.

1910 565 2058 619 enim
2087 576 2360 632 nostrum,
2401 583 2578 639 neque
2616 584 2684 624 ex
2733 580 2925 626 nostro
2954 581 3144 627 ventre
3203 589 3299 627 seu
3345 576 3493 645 cogi-

1911 656 2118 711 talione
2156 658 2625 727 annuntiabimus,
2662 661 2757 716 sed
2787 678 2907 732 qua:
2957 664 3238 718 hausimus
3286 680 3352 718 ex
3405 665 3492 719 di-

1911 748 2041 803 vino
2089 748 2295 806 ﬂuente
2347 750 2646 822 Scriptura;
2690 754 2952 809 divinitus
3008 756 3305 825 inspiratur.
3365 757 3494 812 ":I‘C

1908 849 2116 907 autem,
2157 842 2435 898 neminem
2483 854 2823 912 rcverentes,
2871 862 3049 917 neque
3100 847 3238 911 dies,
3280 856 3339 902 ut
3389 848 3495 902 hoc

1909 933 2087 989 dicam
2130 934 2301 990 divini
2348 936 2658 999 Davidis“.
2704 930 2982 1005 timentes,
3029 941 3096 995 ad
3156 957 3253 995 vos
3306 941 3495 1010 loquo-

1912 1041 2057 1082 mur.
2109 1027 2168 1082 Si
2220 1043 2317 1084 vos
2355 1044 2485 1101 ergo
2547 1030 2883 1102 intelligatis,
2942 1041 2998 1087 et
3045 1047 3209 1088 aures
3257 1040 3497 1087 attentas

1920 1116 2089 1172 verbo
2117 1118 2382 1174 doctrinae
2430 1122 2742 1191 praebentis,
2773 1121 2930 1177 vobis
2961 1122 3180 1192 quidem
3230 1124 3365 1193 ipsis
3410 1138 3496 1175 sa-

1914 1207 2068 1273 lutis,
2095 1211 2274 1281 gaudii
2305 1227 2457 1277 vero,
2492 1213 2586 1283 qui
2617 1222 2745 1267 sunt
2775 1213 2829 1266 in
2867 1213 3041 1278 caelis,
3078 1230 3286 1285 magna
3314 1222 3495 1268 autem

1915 1315 2039 1356 meo
2062 1317 2283 1372 quoque
2312 1305 2529 1375 spiritui
2560 1321 2738 1361 causae
2761 1306 2915 1361 eritis
2946 1305 3169 1363 laetitia.
3193 1307 3289 1360 Sin
3313 1316 3494 1361 autem

1915 1408 2033 1449 mea
2071 1396 2237 1451 verba
2265 1399 2636 1469 neglexeritis.
2685 1407 2743 1454 et
2776 1398 3040 1454 doctrinae
3071 1413 3181 1452 non
3218 1397 3500 1468 patuerint

1918 1501 2082 1542 aures
2130 1489 2309 1545 cordis
2351 1492 2538 1557 vestri,
2592 1490 2739 1561 quod
2782 1490 2943 1555 absit,
2993 1488 3243 1544 molestia
3277 1488 3497 1557 quidem

1917 1576 2187 1634 afficietur
2220 1579 2458 1651 Spiritus
2489 1591 2736 1648 sanctus,
2766 1582 3016 1643 molestia
3043 1580 3311 1636 allicietur
3347 1593 3501 1633 uicus

1915 1682 2134 1740 Quoque
2168 1672 2414 1742 Spiritus.
2452 1673 2611 1740 Quod
2638 1683 2820 1729 autem
2848 1682 3037 1733 restat,
3062 1674 3247 1727 auditu
3277 1671 3498 1742 quidem

1920 1768 2007 1815 est.
2052 1762 2369 1831 molestum,
2412 1766 2511 1820 sed
2558 1775 2738 1821 tamen
2796 1774 2881 1821 est
2912 1781 3126 1828 verum,
3169 1778 3367 1835 nempe
3411 1777 3500 1817 me

1832 1843 2125 1923 Bquidem
2171 1857 2414 1914 futurum
2467 1861 2623 1916 vobis
2649 1861 2718 1916 ad
2756 1860 3258 1923 conturbationem,
3293 1864 3411 1919 aut,
3440 1863 3501 1909 ut

220 1942 470 2013 apertius
517 1940 737 2011 dicam,
784 1944 853 1999 ad
905 1944 1457 2002 condemnationem:
1511 1961 1610 2002 vos
1668 1961 1799 2002 vero
1860 1949 2024 2018 mihi,
2091 1954 2224 2024 proli
2263 1955 2462 2011 dolori
2521 1957 2587 2011 ad
2631 1956 2838 2013 luctum
2898 1965 2956 2011 et
2999 1955 3194 2011 animae
3255 1952 3500 2011 dolorem

223 2035 561 2092 inellabilem
601 2046 658 2103 et
689 2037 1165 2096 immedicabilem.

303 2134 406 2188 lZ'.
449 2132 596 2204 Πρδς
624 2131 801 2186 ταῦτα
825 2133 916 2187 τὸν
943 2133 1169 2204 βασιλέα
1198 2132 1294 2188 καὶ
1324 2133 1451 2197 τοὺς
1482 2133 1610 2205 περὶ
1644 2133 1808 2187 αὑτὸν

221 2221 517 2294 ⁴ἡσθέντας,
579 2223 675 2278 καὶ
698 2222 779 2295 τῷ
812 2224 1096 2296 μαρτυρίῳ
1161 2226 1261 2297 τῆς
1304 2224 1688 2296 συνειδήσεως,
1724 2224 1809 2278 ὅτι

192 2314 411 2379 ·καλῶς
444 2310 557 2388 εἷχε
582 2316 649 2371 τὰ
674 2315 956 2388 λεχθέντα,
989 2317 1396 2390 περιασμένους
1432 2318 1806 2389 ὑπάρχοντας,

223 2409 435 2479 πολλὴν
482 2409 765 2480 ὁμολογεῖν
820 2408 900 2481 τῷ
966 2409 1086 2481 Θεῷ
1139 2409 1301 2482 χάριν
1328 2450 1344 2475 ,
1377 2412 1453 2476 ὡς
1497 2410 1604 2463 ὑπὸ
1641 2409 1812 2481 πατρὶ

224 2499 458 2571 τοιούτῳ
512 2501 610 2555 καὶ⁸
658 2501 922 2572 παιδευτῇ
953 2501 1015 2555 τὸ
1051 2501 1267 2571 λογικὸν
1326 2499 1493 2557 αὑτοῦ
1541 2500 1811 2572 ηὐδόκησε

228 2594 620 2667 ποιμαίνεσθαι
671 2593 945 2666 ποίμνιον.
1003 2596 1125 2650 Ἔτι
1155 2594 1211 2649 δέ
1238 2594 1332 2649 τοῦ
1373 2594 1535 2665 ἁγίου
1571 2594 1670 2666 τὴν
1700 2594 1812 2666 ἡδί-

231 2705 372 2762 στην
404 2690 742 2761 συνείροντος
767 2689 1011 2761 διδαχὴν,
1047 2690 1143 2744 καὶ
1168 2691 1234 2759 τῇ
1264 2691 1441 2760 χρυσῇ
1472 2687 1691 2760 γλώττῃ
1716 2686 1813 2742 καὶ

230 2783 471 2853 μουσικῇ
498 2780 660 2836 καλὸν
689 2799 741 2834 τι
772 2783 866 2835 καὶ
888 2779 1083 2853 ᾡδικδν
1106 2784 1497 2851 τερετίζοντος,
1552 2780 1647 2833 τοῦ
1677 2777 1812 2831 Θεοῦ

229 2873 480 2941 δοξάζειν
508 2874 599 2928 τὸν
628 2874 793 2929 αὐτοῦ
841 2874 1151 2945 θεράποντα
1179 2872 1529 2945 βουλομένου,
1561 2873 1701 2944 ἀνὴρ
1729 2889 1822 2947 τις

229 2964 431 3035 ἀθρόον
477 2964 772 3037 ἀκαθάρτῳ
843 2965 1061 3036 δαίμονι
1119 2966 1352 3035 κάτοχος
1382 2958 1483 3018 ἐἰς
1520 2964 1684 3035 μέσον
1711 2964 1809 3034 τῆς

245 3055 551 3126 ἐκκλησίας
599 3057 790 3111 ἐαυτὸν
824 3057 1063 3123 εἰσωθεῖ,
1129 3058 1305 3129 ἀφρόν
1337 3074 1394 3110 τε
1426 3055 1518 3109 τοῦ
1550 3056 1816 3128 στόματος

233 3146 552 3220 ἀπορρέων,
616 3148 711 3202 καὶ
767 3147 865 3219 τὴν
911 3147 1193 3217 γλῶτταν,
1243 3148 1318 3211 ὡς
1359 3146 1605 3218 ἄκοσμον
1660 3147 1811 3209 ἰδεῖν,

228 3241 468 3303 καθιείς.
514 3240 738 3296 Πάντων
793 3236 887 3295 οῦν
938 3240 1208 3311 δεομένων
1252 3240 1353 3309 τῆς
1398 3240 1562 3308 ἁγίας
1600 3239 1817 3308 ἐκείνης

230 3335 418 3406 ψυχῆς
470 3334 614 3388 τασιν
661 3334 755 3388 τοῦ
812 3334 1114 3405 πάσχοντος
1166 3320 1592 3404 ὑπερεύξασθαι,
1652 3331 1813 3394 αὐτὸς

1980 2134 2148 2191 Χκτιι.
2175 2136 2269 2192 llis
2309 2138 2470 2194 betati
2499 2139 2812 2209 imperator,
2845 2149 2902 2195 et
2925 2139 3017 2210 qui
3057 2153 3182 2194 cum
3212 2152 3279 2191 eo
3320 2145 3501 2201 erant,

1910 2236 1967 2281 et
1996 2228 2311 2285 testimonio
2348 2229 2701 2286 conscientiae
2730 2231 3035 2296 credentes,
3071 2229 3218 2300 quod
3247 2244 3368 2299 quae
3418 2227 3502 2282 di-

1911 2327 1994 2372 ctzi
2023 2318 2260 2385 fuerant,
2284 2329 2431 2375 recte
2463 2336 2522 2377 se
2553 2321 2848 2386 habebant,
2868 2320 2989 2376 .Deo
3011 2335 3240 2392 magnas
3268 2318 3503 2389 agebant

1912 2410 2135 2482 gratias,
2170 2411 2315 2482 quod
2354 2428 2386 2468 a
2417 2412 2511 2468 tali
2547 2422 2702 2484 patre
2740 2420 2797 2468 et
2842 2422 3064 2484 pastore
3114 2412 3165 2467 ei
3210 2411 3503 2483 placuisset

1912 2504 2063 2575 pasci
2120 2521 2281 2561 suum
2340 2523 2557 2579 gregem
2615 2507 2842 2563 rationis
2900 2507 3245 2578 participem.
3301 2503 3502 2559 Sancto

1915 2603 2095 2652 autem
2133 2596 2313 2652 adhuc
2370 2596 2749 2653 suavissimam
2800 2605 3126 2652 contexente
3174 2595 3502 2659 doctrinam,

1913 2702 2189 2757 aureaque
2241 2703 2306 2744 ac
2359 2689 2567 2743 musica
2630 2688 2815 2757 lingua
2873 2696 3106 2744 canente
3161 2687 3388 2757 pulchre
3438 2702 3503 2740 ac

1916 2782 2212 2847 modulate,
2238 2782 2348 2837 Deo
2371 2781 2588 2837 volente
2616 2781 2795 2851 ipsum
2827 2779 3152 2852 gloriﬁcare,
3180 2778 3262 2833 vir
3283 2778 3502 2848 quidam

1918 2885 2143 2947 repente
2198 2892 2484 2947 possessus
2523 2892 2555 2932 a
2602 2876 2837 2948 maligno
2887 2874 3103 2945 spiritu,
3136 2874 3375 2946 seipsum
3416 2874 3504 2927 iu-

1921 2970 2087 3025 trudit
2124 2973 2178 3025 in
2205 2970 2437 3026 mediam
2468 2971 2778 3036 ecclesiam,
2811 2985 3056 3041 spumam
3091 2985 3186 3023 ore
3224 2969 3501 3029 emittens,

1918 3073 1972 3117 et
2010 3064 2195 3133 lingua
2234 3063 2390 3126 adeo,
2448 3071 2507 3117 ut
2571 3062 2689 3118 visu
2738 3071 2885 3116 esset
2913 3068 3136 3125 tetrum,
3187 3059 3503 3113 detnittcns.

1921 3154 2190 3209 Omnibus
2222 3170 2352 3225 ergo
2384 3154 2704 3226 rogantibus
2743 3162 2987 3207 sanctam
3038 3151 3182 3205 illam
3239 3149 3503 3211 animam,

1923 3257 1981 3301 nt
2011 3232 2367 3301 misereretur
2399 3244 2744 3310 calamitatis,
2791 3253 2846 3298 et
2898 3251 2959 3297 ut
3002 3252 3183 3298 oraret
3223 3259 3322 3313 pro
3350 3258 3509 3298 cura-

1924 3340 2072 3393 tione
2107 3340 2246 3408 ejus,
2276 3336 2367 3406 qiti
2413 3337 2740 3407 patiebatur,
2771 3337 2888 3406 ipse
2935 3351 3060 3390 cum
3100 3335 3355 3404 jussisset
3381 3351 3509 3405 pro-

233 3424 525 3497 ἐγγυτέρω
580 3424 835 3495 γενέσθαι
874 3424 1067 3479 τοῦτον
1106 3424 1299 3488 εἰπὼν,
1331 3422 1730 3495 φιλανθρώπως
1754 3441 1810 3476 τε

1929 3430 2051 3499 pius
2099 3427 2383 3487 accedere,
2428 3432 2482 3479 et
2538 3425 2771 3496 benigne
2828 3423 3275 3494 appropinquans
3303 3423 3383 3477 vir
3411 3424 3508 3477 bc-

234 3519 498 3591 προσχὼν
523 3519 552 3572 6
576 3518 981 3590 φιλάνθρωπος,
1031 3518 1126 3572 καὶ
1164 3520 1229 3589 τῇ
1276 3518 1422 3590 χειρὶ⁸
1485 3516 1818 3589 σφραγίσας.

231 3616 299 3670 τὸ
326 3615 500 3688 ὄνομά
518 3633 577 3669 τε
607 3616 706 3687 τῆς
746 3615 908 3684 ἁγίας
933 3612 1178 3669 ἐπειπὼν
1208 3614 1461 3685 Τριάδος,
1491 3612 1572 3685 τῷ
1599 3610 1821 3684 πονηρῷ

235 3707 463 3775 δαίμονι
512 3706 749 3774 ἐξελθεῖν
798 3706 1164 3776 ἐγκελεύεται·
1194 3708 1289 3763 καὶ
1320 3707 1486 3770 εὐθὺς
1517 3705 1824 3774 συνεπόμεο

234 3816 335 3855 νον
360 3794 428 3871 ἦν
463 3798 589 3854 ἰδεῖν
650 3798 728 3869 τῷ
751 3797 896 3870 λόγῳ
924 3798 983 3853 τὸ
1012 3797 1196 3870 ἔργον,
1256 3797 1353 3853 καὶ
1390 3798 1481 3852 τὸν
1533 3797 1824 3870 ἄνθρωπον

232 3892 300 3946 ἐν
330 3890 531 3963 ἀκαρεῖ
571 3891 768 3962 χρόνου
825 3890 933 3961 τῆς
973 3890 1278 3961 ἀνηκέστου
1325 3891 1531 3963 ταύτης
1573 3891 1826 3945 ἀπαλλα-

234 3982 411 4053 γέντα
444 3980 763 4046 κακώσεως.
818 3975 953 4037 Εἶτα
994 3981 1358 4054 διαναστήσας
1379 3982 1545 4037 αὐτὸν
1570 3983 1598 4036 6
1627 3982 1822 4053 μέγας,

238 4071 528 4145 σχολάζειν
556 4089 619 4126 τε
651 4074 717 4145 τῇ
748 4071 1017 4145 ἐκκλησίᾳ
1062 4082 1296 4145 παρῄνει
1346 4074 1443 4129 καὶ
1473 4075 1540 4145 τῇ
1566 4073 1686 4145 θείᾳ
1716 4074 1826 4129 τῶν

239 4162 604 4234 ἁγιασμάτων
652 4163 931 4236 κοινωνίᾳ,
971 4164 1250 4236 νηστείαις
1297 4181 1356 4218 τε
1413 4164 1704 4237 προσέχειν
1732 4167 1828 4220 καὶ

239 4255 601 4327 προσευχαῖς.
628 4254 737 4308 Καὶ
774 4254 937 4320 οὕτω,
969 4256 1123 4324 φησὶ,
1160 4254 1329 4309 ποιῶν
1350 4255 1531 4310 οὐκέτι
1552 4256 1629 4327 τῷ
1649 4256 1829 4331 ἐχθρῷ

237 4347 450 4418 ληπτδς
512 4346 633 4422 ἔσῃ,
684 4345 805 4400 οὐδὲ
846 4348 968 4408 ταῖς
1012 4345 1180 4400 αὑτοῦ
1258 4346 1465 4416 πάγαις
1528 4345 1825 4418 ἁλώσιμος.

254 4436 542 4493 Ἐντεῦθεν
603 4437 835 4508 ἄρχεται
885 4437 986 4508 τῆς
1033 4436 1179 4491 κατὰ
1216 4437 1395 4509 ψυχὴν
1439 4437 1684 4507 ἰατρείας
1717 4440 1826 4510 ὁτῇ

237 4530 416 4601 τέχνῃ
470 4526 645 4601 ταύτῃ
673 4529 797 4591 τοὺς
823 4527 1014 4592 ἄλλους
1059 4528 1240 4598 πολλῷ
1272 4527 1348 4599 τῷ
1377 4529 1528 4599 μέσῳ
1560 4545 1831 4599 παρενεγ-

241 4620 384 4678 κών.
412 4621 517 4675 Τὸν
533 4621 589 4673 δέ
617 4620 775 4690 λόγον
804 4620 1005 4692 κιρνῶν
1032 4620 1209 4691 μέλιτι
1241 4620 1470 4686 καὶτοῖς
1495 4621 1830 4693 ὴπιωτέροις

244 4713 592 4785 φαρμάκοις,
652 4712 727 4775 ὡς
755 4711 854 4783 ἥδη
915 4711 1221 4782 φθάσαντες
1266 4711 1519 4783 ἔφημεν,
1568 4714 1726 4769 εἵπου
1776 4732 1831 4768 τι

245 4807 350 4861 καὶ
413 4804 507 4858 τοῦ
570 4802 768 4876 πικροῦ
825 4804 919 4857 καὶ
981 4803 1277 4874 στῦφοντος
1326 4805 1469 4857 κατὰ
1516 4805 1704 4876 χρείαν
1734 4803 1831 4859 τοῦ

222 4901 687 4974 ’ἁρρωστήματος
750 4896 1000 4967 ἐμϐάλοι,
1038 4896 1272 4951 ἐνταῦθα
1310 4898 1409 4969 τῆς
1436 4898 1633 4969 τέχνης
1679 4898 1829 4971 αὐτῷ

245 4992 314 5047 τὸ
345 4990 533 5063 περιὸν
564 4990 658 5045 καὶ
689 4988 1021 5061 σοφώτατον,
1055 4989 1136 5042 ὅτι
1166 4989 1260 5043 καὶ
1283 4988 1496 5044 δάκνων
1527 4989 1669 5045 οὕτω
1702 4990 1830 5044 πολ-

246 5083 413 5147 λάκις
467 5083 561 5136 καὶ
619 5081 792 5153 τομὴν
830 5080 1078 5149 ἐμποιῶν
1106 5083 1134 5135 ὁ
1166 5079 1325 5149 λόγος
1350 5082 1445 5136 καὶ
1476 5081 1737 5136 διακαίων
1761 5082 1831 5137 τὰ

255 5175 335 5247 μὴ
373 5174 700 5245 φαινόμενα,
747 5174 846 5243 οὐχ
889 5173 1035 5236 ὅπως
1097 5172 1342 5243 λυπηρὸς
1376 5174 1438 5226 οὐ
1489 5174 1700 5241 γίνεται
1754 5174 1831 5246 τῷ

250 5264 520 5328 νοσοῦντι,
574 5265 668 5317 καὶ
725 5262 1187 5334 δυσπαράδεκτος,
1240 5262 1378 5317 ἀλλὰ
1430 5264 1524 5317 καὶ
1547 5264 1678 5335 ἡδύς
1711 5266 1832 5321 ἐστι

255 5359 461 5427 μᾶλλον
532 5358 767 5413 ἀκοῦσαι
830 5359 924 5412 καὶ
956 5355 1234 5432 μελιχρὸς,
1266 5359 1363 5413 καὶ
1405 5359 1665 5431 θέλκτρον
1718 5364 1835 5429 ταῖς

254 5449 451 5512 ἀκοαῖς
481 5449 718 5520 ἄμαχον.
1007 5446 1011 5451 ί

332 5536 441 5593 lll'.
493 5538 719 5609 Πρῶτον
774 5537 975 5603 τοίνυν,
1039 5537 1181 5594 κατὰ
1206 5538 1315 5595 τῶν
1344 5541 1616 5614 προφάσει
1638 5560 1834 5614 συγγε-

1929 3520 2148 3591 nignus,
2204 3534 2366 3573 manu
2426 3534 2549 3573 eum
2603 3516 2964 3588 obsignasset,
3018 3526 3071 3570 et
3109 3515 3310 3571 eli‘alus
3366 3520 3512 3570 esset

1929 3629 2126 3669 nomen
2148 3622 2350 3670 sancta:
2384 3610 2688 3674 Trinitatis,
2714 3611 3003 3682 malignum
3026 3609 3331 3664 daemonem
3355 3606 3511 3678 jubet

1928 3709 2131 3781 egredi.
2174 3706 2427 3763 Protinus
2448 3712 2629 3763 autem
2654 3704 2808 3759 licuit
2835 3703 3020 3758 videre
3078 3700 3280 3756 factum
3314 3715 3511 3755 consc-

1930 3803 2023 3873 qui
2083 3801 2411 3867 orationem,
2465 3809 2523 3855 et
2583 3798 2862 3854 hominem
2923 3809 3201 3852 momento
3252 3794 3512 3864 temporis

1934 3893 2099 3949 fuisse
2119 3893 2408 3948 liberatum
2432 3906 2462 3945 a
2493 3897 2600 3944 tam
2635 3890 2783 3961 gravi
2811 3887 3125 3944 alllictione.
3155 3886 3360 3941 Deinde
3384 3901 3512 3940 cum

1931 4002 2163 4060 magnus
2190 4001 2315 4042 eum
2363 3984 2583 4040 fecisset
2611 3999 2856 4056 surgere,
2893 3982 3174 4038 admonuit
3206 3989 3265 4035 ut
3293 3986 3514 4035 vacaret

1932 4080 2210 4143 ecclesiae,
2247 4086 2304 4135 et
2341 4062 2805 4134 sanetilicatorum
2858 4076 3059 4132 divina:
3112 4072 3511 4136 communioni,

1932 4181 1989 4229 et
2019 4186 2240 4243 operam
2266 4170 2421 4226 daret
2459 4153 2698 4240 jejuniis'
2733 4176 2790 4224 et
2836 4166 3196 4222 orationibus.
3233 4166 3291 4221 Si
3343 4166 3512 4226 enim,

1935 4265 2129 4336 inquit,
2184 4264 2267 4318 sic
2321 4261 2537 4327 feceris,
2569 4276 2679 4317 non
2726 4269 2779 4315 te
2826 4259 3060 4329 amplius
3090 4272 3285 4327 capere
3315 4255 3518 4326 poterit
3584 4287 3591 4295 -

1934 4356 2210 4421 inimicus,
2242 4369 2422 4423 neque
2450 4353 2571 4422 ejus
2601 4350 2869 4406 irretieris
2894 4349 3120 4419 laqueis.
3150 4348 3289 4402 llinc
3316 4348 3517 4401 animae
3609 4416 3618 4425 ‘

1935 4447 2128 4518 incipit
2175 4444 2537 4508 curationem,
2583 4442 2676 4513 qui
2739 4441 2842 4496 hac
2889 4450 3006 4494 arte
3042 4439 3177 4493 alios
3210 4437 3370 4508 longe
3416 4452 3515 4490 an-

1937 4540 2247 4597 tecellebat.
2306 4537 2462 4593 Melle
2510 4546 2692 4591 autem
2720 4534 2958 4589 miscens
2981 4531 3304 4594 orationem,
3330 4538 3383 4583 et
3412 4528 3519 4582 mi-

1939 4634 2169 4690 tioribus
2208 4626 2643 4693 medicamentis,
2696 4636 2754 4680 ut
2804 4625 2917 4695 jam
2969 4632 3094 4677 ante
3150 4622 3409 4686 diximus,
3469 4621 3517 4676 si

1939 4727 2067 4799 quid
2105 4723 2397 4796 aliquando
2430 4720 2709 4793 injecisset
2732 4716 2900 4772 amari
2932 4726 2986 4770 et
3022 4715 3331 4786 pungentis,
3370 4714 3516 4785 quod

1940 4817 2113 4872 morbi
2142 4830 2275 4870 usus
2314 4814 2386 4869 ita
2408 4810 2727 4884 postularet,
2758 4818 2887 4862 tunc
2905 4804 3228 4860 ostendebat
3251 4813 3517 4874 quantum

1938 4919 2087 4967 esset
2141 4909 2273 4965 artis
2324 4910 2555 4981 peritus.
2588 4903 2723 4959 Nam
2758 4902 2840 4959 sic
2867 4914 3008 4970 saepe
3038 4898 3292 4953 mordens
3332 4907 3389 4952 et
3429 4897 3517 4950 in-

1937 5007 2127 5061 cidens
2153 5004 2350 5068 oratio,
2386 5013 2442 5057 et
2476 5014 2641 5054 urens
2669 5012 2755 5063 ea,
2791 5011 2912 5065 qua:
2941 5008 3051 5047 non
3095 4995 3378 5063 apparent,
3406 5005 3517 5044 non

1938 5098 2101 5152 modo
2130 5111 2240 5150 non
2285 5094 2344 5148 ﬁt
2391 5093 2622 5149 molesta
2659 5089 2734 5156 ei,
2772 5086 2866 5159 qui
2922 5092 3168 5156 aegrotat,
3210 5083 3304 5138 sed
3348 5084 3516 5137 etiam

1934 5189 2123 5246 auditu
2159 5187 2339 5257 potius
2360 5184 2604 5257 jucunda
2629 5191 2686 5238 et
2712 5179 2919 5248 suavis,
2945 5193 3214 5249 auresque
3247 5177 3522 5233 deliniens

1934 5292 1992 5340 et
2028 5279 2365 5338 demulcens.

2013 5542 2198 5598 XVIII.
2227 5540 2465 5597 Primum
2496 5552 2624 5612 ergo
2672 5538 2936 5595 adversus
2982 5552 3097 5605 eos,
3125 5536 3216 5608 qui
3249 5539 3519 5607 praetextu

258 5627 412 5691 νείας
452 5629 550 5695 τὰς
584 5629 970 5695 συνεισάκτους
998 5630 1467 5703 παρεισαγόντων,
1502 5633 1605 5708 τὴν
1672 5633 1817 5708 εῦθη·

1944 5632 2294 5708 cognationis
2350 5630 2608 5689 mulieres
2666 5629 3132 5698 iutroducebant,
3191 5636 3411 5685 acutam
3461 5630 3523 5682 et

341 5807 387 5841 ⁸³
411 5805 552 5866 Psal.
584 5826 774 5878 ιιι-ιιι,
809 5810 864 5869 6⁴
