3834 6538
382 374 519 445 1091
1628 377 1913 442 MENSIS
1945 377 2080 440 IAN
2095 378 2401 445 UARIUS.
3510 372 3647 440 1092

377 492 643 551 musicam
696 504 880 553 movet
938 492 1176 566 linguam
1209 533 1223 559 ,
1284 501 1340 549 et
1396 492 1635 549 ostendit
1667 483 1771 548 eos'
1802 491 1890 549 lon

2134 496 2192 550 όν
2211 515 2267 552 τε
2288 499 2381 553 καὶ
2404 498 2673 571 μουσικὴν
2696 497 3125 570 γλῶτταν’κινετ,
3150 497 3244 552 καὶ
3261 492 3643 550 Gebmund-

378 588 597 660 gravius
643 604 891 659 peccare,
931 604 1094 660 quam
1148 604 1262 653 eos,
1303 588 1399 658 qui
1446 596 1634 657 aperte
1703 601 1892 641 exerce

2131 594 2191 655 ῦς
2212 591 2394 664 πολλῷ
2423 592 2804 665 χαλεπώτερον
2834 591 3293 666 πλημμελοῦντας
3306 588 3423 643 τῶν
3456 587 3644 653 αὐτοῖς

379 695 506 749 quae
537 689 667 735 sunt
698 680 1001 752 ﬂagitiosa:
1035 679 1475 751 quandoquidem
1505 678 1579 733 illi
1609 678 1827 749 quidem
1858 693 1893 733 si

2122 704 2247 754 ιγοις
2281 687 2576 758 μετιόντων
2601 686 2672 740 τά
2704 685 2885 756 φαῦλα
2910 702 2926 719 ο
2975 687 3099 740 ὅσον
3126 685 3319 738 ἐκεῖνοι
3352 683 3461 753 μὲν
3484 683 3636 752 μόνοι

379 782 435 849 et
463 790 562 845 per
591 790 651 830 se
678 785 805 831 sunt
840 774 1122 846 impudici,
1163 783 1219 829 et
1267 788 1421 828 suam
1451 781 1810 843 corrumpunt
1838 787 1893 826 an

2125 781 2160 834 tl.
2187 779 2308 836 καθ’
2349 779 2575 844 ἑαυτοὺς
2602 778 2983 849 ἀσελγαίνουσι
3003 777 3099 833 καὶ
3130 774 3307 848 ψυχὴν
3332 772 3639 843 λυμαίνον-

380 847 524 922 mam
564 885 577 922 :
613 868 901 929 hiantem,
946 867 1040 936 qui
1105 866 1161 921 in
1218 866 1364 923 clero
1422 872 1728 928 versantur,
1785 873 1894 919 totu

2127 891 2157 926 ιι
2180 870 2278 944 τὴν
2322 870 2479 936 ίδίαν,
2508 871 2557 924 οί
2582 870 2639 924 δὲ
2684 847 2887 941 μεταξὺ
2935 867 3030 922 τοῦ
3060 869 3263 938 κλήρου
3285 865 3387 928 τάς
3428 863 3641 934 διατρι-

380 975 578 1029 corpus
603 968 960 1030 corrumpunt
986 960 1267 1024 Ecclesize,
1296 958 1664 1025 verberantes,
1717 966 1774 1012 ut
1827 957 1894 1012 dit

2154 964 2417 1036 ῖὲχοντες,
2452 964 2571 1018 ὅλον
2600 962 2986 1035 ύποφθείρουσι
3013 960 3074 1014 τὸ
3105 960 3263 1031 σῶμα
3276 958 3378 1029 τῆς
3416 954 3668 1025 Ἐκκλη-·

378 1051 579 1109 Paulus
612 1052 677 1116 ¹⁶.
731 1068 918 1109 eorum
972 1052 1387 1119 conscientiam,
1435 1061 1491 1106 et
1542 1066 1602 1107 se
1651 1051 1892 1121 przebent

2129 1077 2207 1123 ις,
2259 1057 2553 1119 τύπτοντες
2615 1054 2798 1110 αὐτῶν
2857 1054 2958 1127 τὴν
3012 1051 3339 1122 συνείδησιν,
3378 1046 3532 1103 κατά
3558 1046 3643 1100 τὸν

380 1161 674 1203 commune
729 1147 1125 1204 monimentum
1184 1145 1636 1216 intemperantiae.
1702 1142 1808 1200 Sed
1870 1160 1894 1195 ν

2128 1154 2204 1204 ἴον
2235 1152 2409 1205 εἰπεῖν
2452 1148 2794 1211 ’Δπόστολον,
2822 1150 2916 1203 καὶ
2943 1145 3122 1201 κοινδν
3153 1144 3308 1207 ὄντες
3339 1139 3642 1203 ἀκολασίας

379 1240 586 1311 absque
637 1240 742 1304 his,
800 1248 1065 1310 quantum
1119 1240 1193 1295 illi
1238 1240 1496 1295 damnum
1527 1238 1754 1294 atferant
1787 1237 1889 1292 coh

2130 1242 2383 1314 τόμνημα.
2453 1239 2616 1295 Ἀλλά
2681 1240 2779 1294 καὶ
2834 1238 3004 1311 χωρὶς
3046 1237 3274 1302 τούτων,
3312 1235 3454 1304 ὅσην
3486 1235 3644 1292 αὐτοὶ

381 1333 644 1389 bitatione
705 1333 899 1388 harum
962 1348 1084 1403 quae
1138 1332 1584 1397 introducuntur,
1638 1330 1895 1385 mulierut

2127 1333 2484 1406 ›οστρίϐονται
2529 1330 2753 1404 βλάϐην,
2786 1333 2851 1386 ἐκ
2886 1330 3042 1384 τοῦδε
3099 1328 3194 1383 τοῦ
3260 1326 3370 1381 τῶν
3425 1342 3641 1379 συνεισ-

383 1434 530 1481 recte
558 1426 715 1490 sciet,
745 1426 834 1497 qui
876 1441 995 1481 eam
1028 1425 1331 1481 orationem
1376 1424 1566 1496 legerit
1604 1430 1664 1477 ut
1719 1433 1897 1493 oporte

2125 1446 2242 1484 ιτων
2259 1423 2632 1496 συνοικισμοῦ,
2649 1426 2678 1478 ό
2702 1424 2793 1477 τὸν
2821 1422 2979 1492 λόγον
3004 1423 3212 1475 ἐκεῖνον
3239 1418 3448 1491 μετιὼν
3481 1420 3639 1490 ἀκρι-

380 1518 587 1575 Deinde
617 1521 879 1576 adversus
918 1519 1171 1589 injustam
1216 1518 1370 1588 plura
1409 1516 1644 1572 habendi
1693 1516 1894 1586 cupidit

2127 1522 2174 1586 ὃς
2234 1520 2463 1574 εἵσεται.
2529 1513 2665 1572 Εἶτα
2713 1515 2854 1571 κατά
2895 1515 2995 1586 τῆς
3028 1511 3360 1577 πλεονεξίας,
3405 1511 3507 1564 καὶ
3535 1508 3641 1563 τῶν

384 1622 514 1678 tem,
542 1622 596 1669 et
626 1630 722 1669 eos
765 1615 856 1684 qui
907 1629 1124 1684 gravem
1159 1628 1377 1668 manum
1410 1611 1713 1667 immittunt
1743 1609 1898 1666 alieni

2128 1617 2221 1686 ἶρα
2286 1612 2512 1685 βαρεῖαν
2564 1610 2676 1674 τοῖς
2720 1606 3021 1679 ἀλλοτρίοις
3067 1603 3500 1668 ἐπιϐαλλόντων,
3548 1602 3639 1655 καὶ

380 1712 434 1759 et
462 1704 751 1760 ellunduut
783 1706 839 1760 in
882 1704 1045 1770 dolia,
1096 1712 1156 1759 ut
1185 1704 1409 1769 dicitur,
1441 1701 1809 1774 incxplebilia,
1838 1716 1894 1775 gr

2129 1724 2143 1772 ;
2199 1706 2328 1769 τοὺς
2382 1703 2689 1775 ἀπλήστους
2725 1701 2858 1773 (ὃδὴ
2882 1699 3120 1770 λέγεται)
3162 1697 3353 1761 πίθους
3388 1693 3643 1750 ἀντλούνο

380 1797 501 1852 vius
536 1797 815 1852 invehitur
847 1816 858 1851 :
905 1799 1063 1868 plane
1101 1798 1359 1866 majorem
1406 1812 1590 1853 curam
1644 1811 1893 1867 gerense

2127 1816 2192 1867 ιν,
2245 1795 2671 1870 ἐμϐριθέστερον
2723 1794 3087 1864 ἀγωνίζεται,
3143 1791 3253 1845 τῶν
3303 1787 3641 1844 ἀδικούντων

383 1905 504 1944 rum
578 1890 670 1960 qui
725 1891 932 1945 faciunt
967 1891 1245 1961 injuriam,
1285 1907 1445 1961 quam
1472 1905 1662 1945 eorum
1717 1888 1809 1959 qui
1860 1904 1892 1959 p

2129 1891 2270 1947 ἱλλον
2297 1888 2615 1960 κηδόμενος,
2639 1886 2673 1959 ἢ
2708 1885 2816 1939 τῶν
2845 1883 3240 1953 ἀδικουμένων·
3262 1882 3388 1936 ὅσον
3414 1878 3643 1941 ἐκείνοις

381 1982 593 2038 tiuntur
629 2002 642 2039 :
695 1984 1136 2055 quandoquidem
1198 1984 1303 2039 illis
1332 1983 1550 2054 quidem
1583 1983 1842 2038 damnum
1878 1997 1895 2036 ε

2128 2002 2168 2041 ιν
2196 1984 2326 2056 περὶ
2357 1983 2415 2037 ἓν
2443 1999 2497 2036 τι
2528 1979 2639 2035 τῶν
2664 1978 3038 2050 φθειρομένων
3068 1979 3100 2048 ἡ
3129 1975 3326 2048 βλάϐη,
3372 1974 3561 2039 αὐτοῖς
3589 1971 3642 2025 δὲ

381 2074 555 2131 l‘ertur
577 2076 629 2129 in
660 2077 841 2147 aliquo
865 2092 1054 2132 eorum
1104 2094 1222 2147 qum
1249 2077 1561 2132 intereunt:
1593 2076 1722 2145 ipsis
1753 2085 1895 2131 auter

2129 2076 2289 2149 ἰςτὴν
2310 2074 2525 2131 ἀδικίαν
2581 2070 2972 2146 ἐργαζομένοις
3016 2067 3330 2141 περίψυχὴν
3363 2064 3469 2137 τὴν
3516 2062 3643 2118 ἀθά-

380 2168 471 2236 qui
499 2166 703 2222 faciunt
725 2169 1004 2238 injuriam,
1025 2169 1079 2221 in
1102 2169 1283 2223 anima
1313 2183 1433 2237 qua:
1447 2176 1531 2223 est
1554 2168 1827 2237 punienda
1853 2167 1894 2221 ir

2125 2192 2199 2229 ιτα
2251 2168 2752 2241 κολασθησομένην.
2813 2162 3041 2235 Ἐφεξῆς
3102 2160 3194 2215 τὸν
3255 2158 3360 2212 τῶν
3420 2155 3639 2212 ἀσώτων

381 2258 703 2312 mortaliter.
739 2257 1003 2327 Deinceps
1026 2258 1188 2312 vitam
1211 2258 1566 2328 reprehendit
1587 2256 1895 2331 prodigorut

2125 2264 2343 2321 αϐἀλλει
2388 2261 2523 2333 βίον,
2565 2260 2691 2322 τοὺς
2726 2257 2853 2329 περὶ
2881 2255 2982 2317 τὰς
3010 2250 3292 2325 τραπέζας
3317 2248 3491 2320 φημὶ,
3521 2247 3639 2310 τοῦς

381 2349 473 2420 qui
541 2349 594 2404 in
649 2351 878 2414 mensis,
930 2350 982 2404 in
1017 2349 1282 2412 aediliciis,
1330 2351 1384 2422 in
1444 2350 1532 2406 tali
1579 2348 1744 2414 fastu,
1794 2359 1849 2405 et

2123 2358 2199 2432 ερλ.
2230 2356 2329 2421 τὰς
2379 2351 2690 2423 οἰκοδομὰς,
2719 2349 2848 2413 τοὺς
2886 2347 3019 2419 περὶ
3062 2345 3162 2415 τὴν
3188 2342 3454 2413 τοιαύτην
3486 2339 3637 2411 ’ύϐριν

382 2442 581 2498 talibus
645 2441 856 2498 deliciis
909 2441 1231 2513 gloriantur,
1289 2450 1347 2497 et
1395 2451 1456 2497 ut
1513 2442 1673 2514 vulgo
1730 2442 1896 2498 dicitu

2120 2453 2165 2508 tl.
2197 2449 2470 2523 μαλακίαν
2503 2441 3102 2517 ἐγκαλλωπιζομένους,
3158 2436 3333 2492 καὶτὸ
3357 2435 3634 2508 ᾀδόμενον,

380 2535 592 2605 seipsos
636 2535 795 2590 melle
842 2545 1158 2607 aspergunt.
1187 2536 1343 2593 Nunc
1371 2546 1593 2595 accusat
1620 2536 1894 2607 superbiat

2122 2545 2251 2599 έλιτι
2305 2538 2750 2600 καταπάττοντας
2820 2533 3068 2596 ἑαυτούς.
3140 2529 3255 2584 Νῦν
3316 2525 3636 2591 ἀλαζονείας

383 2643 528 2684 nunc
551 2644 745 2684 vanam
781 2629 1009 2701 gloriam
1060 2630 1362 2686 insectatur
1404 2650 1417 2686 :
1453 2648 1598 2687 nunc
1620 2630 1838 2702 expellit
1864 2647 1897 2686 c

2122 2638 2386 2711 ιτηγορεῖ,
2441 2633 2535 2689 νῦν
2593 2633 2690 2704 τῆς
2740 2629 2903 2700 κενῆς
2934 2624 3266 2695 κατατρέχει
3310 2620 3636 2692 δόξης,ἀρτι

383 2720 666 2785 Iumniam,
712 2730 968 2792 tanquam
1022 2722 1241 2793 dignam
1280 2739 1398 2794 quas
1438 2724 1800 2794 vituperetur.
1854 2724 1897 2776 νγ

2120 2734 2319 2807 αϐολὴν
2348 2732 2424 2796 ὡς
2460 2728 2716 2800 διαϐολῆς
2772 2726 2929 2792 ἀξίαν
2985 2721 3265 2799 ἀποσοϐεῖ,
3308 2716 3633 2792 ἀργολογίαν

383 2814 685 2884 alloquium
719 2830 909 2869 rursus
936 2815 1075 2870 tollit
1106 2815 1174 2871 de
1206 2817 1387 2872 medio
1427 2833 1526 2887 pro
1558 2817 1783 2873 viribus.
1823 2816 1896 2872 Pe

2122 2849 2147 2895 ς
2193 2806 2427 2899 δύναμιν
2472 2825 2706 2895 ἀναιρεῖ,
2742 2818 3030 2891 ἐπιορκίαν
3058 2816 3228 2879 οὕτως
3252 2812 3537 2883 ἀπείργει,
3568 2806 3635 2871 ὡς

382 2905 579 2976 μιτίυηι
610 2907 745 2962 adeo
769 2906 1037 2978 prohibet,
1071 2916 1132 2963 ut
1156 2923 1264 2963 non
1304 2908 1477 2965 solum
1512 2910 1719 2980 jurare,
1745 2910 1896 2965 etiam

2120 2923 2205 2996 ηδὲ
2228 2922 2289 2976 τὸ
2316 2918 2506 2982 ἁπλῶς
2532 2915 2764 2986 ὀμνύναι
2787 2915 2880 2968 καὶ
2912 2910 3225 2982 φιλαλήθως
3249 2905 3634 2976 ἀνεπιτίμητον

383 3014 531 3065 vere,
578 2999 849 3054 dimiserit
896 3000 1102 3070 absque
1136 3000 1564 3070 reprehensione
1590 3040 1606 3066 ,
1640 3002 1736 3057 sed
1791 3003 1897 3056 etia

2123 3018 2308 3090 ιρεᾷνο
2340 3012 2480 3069 ἀλλά
2533 3008 2761 3072 πολλοὺς
2815 3006 2936 3060 κατ’
2966 3002 3131 3058 αὐτοῦ
3166 3002 3260 3055 καὶ
3283 2998 3489 3061 καλοὺς
3532 2996 3637 3090 δια-

381 3092 644 3148 adversus
672 3092 726 3146 id
756 3092 958 3148 multas
989 3108 1190 3163 easque
1228 3093 1517 3163 praeclaras
1546 3095 1799 3150 habuerit
1830 3110 1895 3149 οιτ

2122 3087 2362 3181 ελαδῆσαι
2388 3104 2585 3176 λόγους
2614 3104 2672 3156 ἐν
2702 3099 2847 3174 μίξει
2880 3097 2975 3152 τοῦ
3006 3093 3237 3168 ἀληθοῦς
3270 3110 3330 3147 τε
3363 3091 3464 3146 καὶ
3492 3087 3636 3145 πιθα-

384 3185 583 3248 tiones,
631 3185 707 3241 ita
759 3186 1085 3250 elaboratas,
1144 3195 1205 3241 ut
1254 3187 1432 3243 mistae
1484 3198 1667 3243 essent
1700 3204 1850 3258 .vero

2119 3203 2157 3257 r3
2218 3194 2835 3273 μεμουσουργημένους,
2892 3190 2989 3244 καὶ
3019 3188 3192 3251 οὕτως
3234 3185 3453 3241 ἀνελεῖν
3476 3199 3633 3273 σπους

386 3278 694 3348 probabili:
741 3286 797 3333 et
833 3280 905 3333 ita
964 3279 1234 3334 studuerit
1271 3279 1324 3334 id
1379 3279 1449 3335 de
1504 3280 1687 3335 medio
1722 3280 1900 3335 auferr

2117 3271 2251 3359 ἰσαι,
2288 3291 2366 3356 ὡς
2416 3287 2656 3362 φανερὰν
2686 3286 2766 3350 είς
2788 3282 2921 3339 Θεὸν
2951 3281 3131 3353 ὓϐριν,
3163 3276 3376 3333 καὶτοῦ
3408 3271 3631 3348 φοϐεροῦ

385 3380 646 3442 tanquam
704 3370 1047 3427 manifestam
1095 3372 1150 3427 in
1211 3371 1379 3427 Deum
1433 3373 1840 3439 contumeliam,

1672 3373 1840 3439 “iam,
1909 3384 1965 3429 οι
2070 3390 2233 3444 πᾶσιν
2252 3386 2516 3457 ὀνόματος
2546 3380 2643 3437 καὶ
2674 3376 2904 3452 φρικτοῦ
2934 3377 3186 3430 κοίνωσιν

385 3466 643 3520 ouantibus
690 3464 981 3523 ineﬂ'ahilis
1020 3476 1077 3523 et
1107 3467 1404 3523 venerandi
1438 3467 1678 3526 nominis
1715 3468 1963 3540 coinqui-

383 3558 685 3613 nationem.

3347 3587 3391 3613 ῤ’

456 3650 599 3705 XIX.
654 3650 940 3720 Quomodo
990 3654 1139 3709 enim
1197 3653 1679 3725 prmstantissimus
1741 3662 1798 3708 et
1841 3653 1965 3709 dili-

2139 3652 2241 3708 IG’.
2308 3649 2398 3714 Ὠς
2447 3645 2556 3717 γὰρ
2619 3639 2842 3714 ἄριστός
2895 3653 2981 3699 τις
3033 3634 3127 3689 καὶ
3196 3628 3630 3725 φιλοπονώτατος

383 3744 737 3817 gentissimus
763 3744 1031 3815 quispiam
1062 3721 1320 3816 agricola,
1376 3744 1470 3816 qui
1521 3745 1638 3800 vult
1667 3745 1734 3800 de
1766 3746 1897 3802 virtu

2116 3742 2314 3815 ιωργδς
2373 3740 2499 3803 τοὺς
2529 3735 2659 3807 περὶ
2684 3731 2886 3805 ἀρετῆς
2918 3726 3242 3801 βουλόμενος
3272 3721 3630 3817 κατασπείραι

383 3837 655 3894 seminare
701 3836 999 3904 orationes,
1057 3839 1246 3894 statuit
1273 3840 1421 3910 prius
1457 3847 1713 3911 oportere
1743 3838 1890 3895 cxsci

2116 3812 2285 3905 Βγους,
2316 3832 2458 3902 ἔγνω
2522 3827 2791 3900 πρότερον
2827 3823 2938 3879 δεῖν
2992 3820 3090 3883 τάς
3118 3818 3221 3911 τῆς
3250 3817 3455 3911 κακίας
3487 3812 3630 3911 ῥίζας

383 3928 514 3983 dere
570 3929 779 3985 radices
839 3931 955 3986 vitii
1016 3939 1073 3985 et
1128 3931 1339 3985 semina
1397 3929 1657 4003 maligni,
1714 3938 1769 3984 et
1826 3930 1897 3984 nil

2115 3902 2164 3984 ιλ.
2184 3927 2254 3982 τὰ
2280 3924 2375 3981 τοῦ
2432 3918 2672 3993 πονηροῦ
2724 3917 3014 3987 σπέρματα
3069 3910 3300 3977 ἀνελεῖν,
3327 3902 3434 3961 εἶθ’
3472 3904 3629 3965 οὕτως

385 4018 663 4076 dimittere
689 4037 902 4085 eorum,
956 4038 1077 4093 quae
1115 4030 1340 4093 possent
1390 4023 1614 4078 omnino
1644 4022 1840 4077 lredere
1870 4038 1899 4077 a

2114 4019 2288 4083 καλῶς
2349 4014 2498 4087 αῦτῷ
2556 4012 2652 4069 καὶ
2695 4010 2918 4083 ἡμέρως
2953 4008 3055 4076 τῆς
3084 4005 3189 4075 γῆς
3218 4001 3475 4094 ἐχούσης,
3506 3999 3628 4094 ὅπερ

384 4109 690 4167 offendere.
741 4113 945 4169 Deinde
974 4130 1097 4169 cum
1130 4123 1275 4169 terra
1316 4113 1396 4168 sic
1427 4112 1591 4168 fuerit
1623 4114 1898 4183 complana

2114 4114 2187 4168 ττὶ
2214 4110 2325 4166 τῶν
2356 4085 2715 4180 ἀνθρωπίνων
2775 4101 2986 4173 ψυχῶν.
3031 4096 3100 4152 τὰ
3133 4097 3230 4191 τῇς
3289 4093 3496 4191 ἀρετῆς
3548 4085 3628 4191 uel

384 4211 440 4259 et
497 4202 906 4271 mansuefacta,
964 4205 1109 4275 quod
1182 4204 1402 4275 quidem
1462 4213 1545 4260 est
1601 4205 1898 4261 humanaru

2112 4203 2388 4276 ιλοσοφίας
2438 4199 2772 4258 καταθέσθαι
2828 4192 2991 4262 φυτά.
3055 4188 3213 4279 Μετά
3267 4186 3444 4241 ταῦτα
3509 4186 3626 4279 γοῦν

384 4294 715 4361 animarum,
766 4274 993 4351 virtutis,
1033 4307 1089 4351 et
1149 4274 1507 4366 philosophiae
1553 4298 1828 4368 deponere
1876 4315 1898 4355 s

2113 4301 2193 4365 >ὺς
2241 4274 2371 4369 περὶ
2421 4290 2793 4365 ἐλεημοσύνης
2839 4288 3053 4357 λόγους,
3100 4277 3189 4336 οἷά
3235 4296 3390 4344 τινας
3455 4274 3627 4369 ὑετοὺς

384 4384 558 4442 mina.
587 4385 719 4442 Post
758 4386 875 4443 ba-c
901 4388 968 4443 de
998 4387 1343 4459 eleemosyna
1379 4367 1671 4455 orationes,
1707 4395 1898 4460 tanqua

2111 4367 2358 4465 ὅκαίρους
2401 4387 2509 4443 τῶν
2552 4382 2913 4457 ἀνθρωπίνων
2966 4377 3226 4448 καταχέει
3273 4372 3487 4465 ψυχῶν,
3545 4367 3625 4465 καὶ

388 4478 594 4536 imbres
619 4481 834 4552 aliquos
860 4488 1197 4551 opportunos
1229 4479 1461 4536 eﬂ‘undit
1491 4482 1545 4537 in
1597 4484 1807 4540 animas
1860 4485 1902 4540 hi

2111 4460 2307 4557 εωργεί
2332 4483 2391 4535 τὸ
2412 4477 2751 4550 φιλόπτωχον
2772 4474 2854 4537 είς
2881 4469 3158 4532 τοσοῦτον,
3189 4466 3266 4533 ὡς
3296 4464 3511 4525 πολλοῖς
3542 4460 3625 4557 μέν

384 4573 592 4628 minum
636 4612 652 4638 ,
713 4551 767 4629 et
821 4588 992 4643 usque
1043 4571 1179 4627 adeo
1249 4572 1378 4628 colit
1429 4574 1843 4646 benignitatem,

2110 4551 2196 4650 ὴν.
2228 4551 2409 4640 δεξιὰν
2469 4567 2723 4641 ὀργῶσαν
2793 4565 2988 4630 θεῖναι,
3038 4561 3131 4615 καὶ
3160 4557 3506 4631 θερμοτάτην
3530 4551 3624 4650 τοῖς

383 4664 681 4719 multorum
712 4666 931 4736 quidem
975 4664 1255 4720 dexteram
1310 4675 1617 4737 promptam
1668 4668 1897 4724 reddide

2115 4646 2290 4743 ένησι,
2341 4665 2440 4737 τὴν
2479 4659 2679 4736 προτοῦ
2756 4657 3078 4731 μικρολόγον
3110 4651 3275 4709 οὖσαν
3322 4650 3416 4705 καὶ
3450 4646 3623 4743 ιρειδω-

385 4766 443 4810 ct
466 4755 701 4811 alacrem
727 4759 792 4812 ad
819 4758 1252 4814 succurrendum
1276 4760 1627 4830 pauperibus,
1660 4777 1782 4831 quae
1812 4763 1892 4834 pri

2113 4765 2162 4819 ὃν
2195 4738 2337 4829 ⁷(ἵνα
2394 4759 2470 4829 μὴ
2528 4755 2675 4825 λέγω
2736 4752 2832 4808 καὶ
2873 4748 3190 4821 λιχνοτέραν
3237 4745 3373 4814 πρὸς
3434 4741 3498 4796 τὸ
3531 4738 3627 4834 βλα-

387 4857 506 4902 erat
536 4864 699 4919 parca
728 4860 785 4906 et
818 4850 1120 4914 illiberalis,
1155 4866 1223 4905 ne
1250 4827 1425 4907 dicam
1456 4852 1612 4908 avida
1635 4827 1693 4908 et
1719 4827 1901 4925 rapien

2110 4858 2188 4912 εῖν
2215 4827 2284 4908 τὰ
2314 4827 2597 4923 ἀλλότρια)
2643 4846 2738 4902 καὶ
2762 4845 2888 4909 τοὺς
2934 4842 3032 4914 μὲν
3060 4837 3473 4913 μεγαλοψύχους
3504 4827 3622 4925 εἶναι

385 4942 561 4997 aliena
600 4960 614 4998 :
650 4952 706 4998 et
750 4944 884 5001 alios
945 4944 1165 5015 quidem
1226 4943 1469 5000 ell‘ecerit
1505 4960 1627 5002 esse
1675 4947 1898 5003 muniﬂc

2111 4921 2499 5022 παρασκευάσαι
2564 4938 2663 4994 καὶ
2725 4934 3098 4998 κοινωνικοὺς,
3126 4931 3191 4984 ἐκ
3209 4921 3625 5022 τῆςπληρεμστά·

384 5041 440 5087 et
488 5038 584 5087 sua
647 5034 900 5091 lubenter
954 5036 1464 5101 communicantes,
1527 5052 1591 5091 ex
1660 5038 1840 5108 pleno,

2108 5018 2187 5115 ης,
2253 5040 2282 5095 ὃ
2339 5052 2526 5109 φασιν,
2596 5034 2677 5096 είς
2770 5028 2869 5101 τὴν
2931 5022 3219 5117 κενοτέραν
3303 5018 3622 5117 ἀμφοτέραις

379 5123 606 5187 diiitur,
657 5126 708 5180 in
751 5128 909 5183 inane
964 5130 1210 5198 utrisque
1261 5130 1603 5186 etrundentes
1656 5132 1893 5186 manibus

2110 5113 2394 5193 ντλοῦντας
2427 5143 2444 5162 ⁸
2500 5125 2676 5187 ἐνίους
2708 5121 2766 5175 δὲ
2821 5119 2882 5173 τὸ
2949 5116 3115 5189 μηδὲν
3173 5113 3317 5185 ἔχειν
3376 5113 3624 5180 προτιμῆ-

382 5216 520 5272 alios
556 5227 737 5273 autem
776 5220 1035 5291 praeferre
1073 5222 1212 5276 nihil
1264 5221 1487 5288 habere,
1535 5232 1743 5277 etcum
1772 5204 1896 5279 omn

2107 5242 2182 5291 αι,
2236 5220 2332 5278 καὶ
2389 5219 2485 5274 τοῦ
2545 5214 2774 5271 πλούτου
2810 5210 3015 5273 παντὸς
3065 5208 3178 5270 τοῖς
3243 5206 3442 5275 πένησι
3493 5199 3621 5291 φιλο-

383 5321 513 5364 suas
567 5287 794 5366 divitias—
838 5314 1171 5383 pauperibus
1224 5313 1506 5386 magniﬁce
1567 5315 1763 5387 pieque
1822 5318 1897 5373 όίι

2109 5287 2242 5385 ίμως
2307 5308 2817 5382 παραχωρήσαντας
2884 5301 2976 5356 τδν
3041 5299 3252 5371 μονήρη
3328 5295 3443 5367 βίον
3516 5287 3623 5387 ἀνθ-

385 5400 611 5465 sissent,
652 5402 817 5458 vitam
851 5406 1205 5460 monasticam
1258 5384 1333 5461 etv
1371 5384 1691 5477 separatam
1737 5409 1899 5482 eliger

2106 5384 2289 5461 λέσθοιι
2315 5404 2408 5459 καὶ
2455 5399 2746 5466 ἰδιάζοντα,
2774 5396 2835 5464 ἐξ
2856 5389 2918 5450 οῦ
2942 5395 3003 5449 τὸ
3030 5394 3206 5448 πάντα
3261 5390 3408 5462 ἔχειν
3462 5384 3620 5491 αὑτοῖὲ

384 5491 460 5547 Ex
518 5509 628 5563 quo
667 5496 848 5581 omnia
882 5496 1083 5552 habere
1122 5498 1227 5555 alio
1281 5500 1443 5556 modo
1507 5502 1573 5556 ad
1624 5516 1718 5557 eos
1777 5503 1898 5558 redi

2104 5497 2400 5572 περιγέγονε
2457 5494 2592 5549 Θεὸν
2646 5492 2769 5547 ἀντὶ
2827 5488 3048 5545 πάντων
3079 5482 3536 5581 πεπλουτηκόσιν,

385 5596 442 5639 ιιι
481 5588 573 5656 qui
615 5587 725 5643 Deo
753 5579 852 5659 pro
893 5592 1146 5649 omnibus
1192 5593 1258 5650 iis
1295 5594 1451 5650 ditati
1497 5594 1723 5663 fuerint,
1776 5611 1805 5650 a
1854 5613 1899 5668 qi

2107 5593 2169 5658 ἀς
2200 5591 2302 5663 τῆς
2349 5589 2494 5660 ζωῆς
2519 5585 2739 5651 ἐλπίδας
2779 5584 3115 5654 ἀνήρτησαν,
3156 5579 3251 5633 καὶ
3280 5577 3416 5668 πρός
3452 5573 3508 5627 ἓν
3541 5573 3619 5668 pd.-

381 5678 730 5747 dependebat
778 5690 889 5737 tota
948 5699 1072 5754 spes
1131 5702 1322 5742 eorum
1373 5686 1519 5755 vitae,
1569 5696 1624 5742 et
1675 5659 1741 5742 ad
1800 5659 1895 5758 qui

2104 5703 2162 5739 ον
2195 5659 2443 5755 ἔγνωσαν
2487 5681 2718 5752 ἁφορᾷν,
2746 5677 2837 5748 ἀφ’
2876 5667 2938 5728 οὗ
2972 5672 3183 5743 πλούτῳ
3215 5667 3521 5740 προσέχειν,
3543 5659 3618 5716 καὶ

476 5860 504 5899 ιδ
532 5861 553 5915 1
580 5860 708 5917 Cor.
746 5878 865 5925 vnn,
901 5862 989 5917 li.
