3834 6532
286 395 425 461 1093

1309 401 1488 461 VITA
1523 391 1590 462 S.‘
1631 401 1955 464 JOANNIS
1995 403 2551 466 CHRYSOSTOMI.

3390 378 3528 465 teat

287 514 424 566 πᾶσι
485 511 596 573 τοῖς
651 507 856 573 ὑλικοῖς
891 507 1215 563 ἀπείπαντο.
1244 509 1763 582 ’ταπεινοφροσύνην
1796 512 1851 565 δὲ

1958 512 2133 568 solum
2189 513 2496 568 dilexerunt
2545 511 2794 568 intueri:
2844 524 2912 566 ex
2936 522 3045 580 quo
3068 506 3267 564 factum
3313 515 3417 571 est,
3472 519 3533 564 ut

283 613 378 670 xui
396 610 457 664 τδ
492 608 710 681 μέτριον
745 607 915 671 οὕτως
943 602 1069 678 ἦρε,
1110 607 1206 662 καὶ
1235 606 1506 679 τοσαύτην
1524 606 1725 673 ἔδειξεν
1757 607 1856 661 αὺ-

283 704 382 773 τῆς
420 711 520 772 τὴν
552 697 849 771 ὑπεροχὴν,
895 698 971 762 ὡς
1024 697 1296 769 μηδεμίαν
1347 698 1515 769 ἄλλην
1559 698 1667 754 τῶν
1729 699 1857 771 ἀρε-

281 797 394 848 τῶν
448 795 589 864 αὐτῇ
618 791 1112 862 ¹πιιιριιὸὁιλλρεσθσιι.
1172 791 1312 846 ἀλλὰ
1348 792 1440 847 καὶ
1484 792 1698 864 μητέρα
1760 792 1857 847 καὶ

284 886 504 956 φύλακα
563 884 675 938 τῶν
726 884 903 940 ἄλλων
955 882 1095 940 εἶναι
1150 887 1342 942 πασῶν
1368 905 1383 920 ο
1437 888 1498 942 ού
1542 888 1651 959 μὴν
1694 888 1856 967 ,ἀλλὰ

284 982 381 1032 καὶ
429 979 600 1050 χωρὶς
647 978 861 1048 ἐκείνης
920 979 1139 1045 ἁπάσας
1164 980 1318 1034 οὐδὲν
1350 981 1612 1052 ἐχέγγυον
1636 980 1852 1045 σώζειν,

280 1072 391 1125 οὐδ’
441 1071 703 1140 ἀσφαλὲς,
737 1071 873 1126 ἀλλὰ
921 1072 1084 1126 πόνον
1140 1072 1286 1144 (φεῦ)
1310 1070 1451 1128 εἶναι
1494 1073 1726 1144 μάταιον
1756 1074 1855 1128 καὶ

281 1161 458 1217 κενόν.
510 1161 873 1234 Σωφροσύνην
903 1162 961 1215 δὲ
999 1163 1094 1217 καὶ
1163 1164 1463 1236 παρθενίαν
1481 1164 1565 1228 τίς
1591 1164 1735 1219 οὕτω
1764 1182 1854 1219 τε-

286 1255 544 1326 τίμηκεν,
574 1255 608 1326 ἢ
650 1255 788 1326 πρὸς
850 1255 1054 1327 ταύτην
1089 1258 1346 1328 ἠρέθισεν
1369 1298 1384 1320 ,
1419 1257 1495 1321 ὡς
1526 1257 1726 1331 μικροῦ
1764 1259 1857 1311 καὶ

284 1347 521 1421 κρείττω
552 1348 646 1400 καὶ
678 1346 1018 1420 ὑψηλοτέραν
1048 1349 1220 1419 αὐτὴν
1255 1350 1449 1418 δεῖξαι.
1483 1352 1515 1421 ἢ
1549 1350 1689 1406 ὥστε
1754 1352 1849 1406 καὶ

284 1439 517 1509 βάσιμον
551 1435 692 1493 εἶναι
734 1438 896 1509 φύσει
931 1443 997 1511 τῇ
1025 1440 1364 1515 ἀνθρωπίνῃ,
1394 1444 1489 1498 καλ⁵
1520 1443 1658 1516 ὑπὲρ
1695 1445 1859 1499 αὑτὸν

283 1530 499 1585 κεῖσθαι
519 1532 612 1584 τὸν
651 1532 833 1602 νόμον,
866 1534 923 1586 ὲν
958 1532 1109 1600 τάξει
1132 1551 1190 1587 τε
1215 1535 1526 1606 φιλοτιμίας
1554 1533 1692 1592 εἶναι
1719 1536 1858 1608 μᾶλ-

283 1624 395 1689 λον,
423 1623 455 1695 ἢ
499 1625 718 1693 ἐντολῆς
757 1641 773 1691 ;
812 1626 1059 1698 Ἀγάπην
1077 1627 1133 1681 δὲ
1162 1629 1261 1699 τὴν
1290 1629 1723 1703 βασιλικωτάτην
1750 1630 1858 1686 τῶν

281 1715 493 1786 ἀρετῶν
520 1716 604 1780 τίς
620 1717 782 1771 πλέον
809 1719 1093 1790 ἠγάπησεν
1114 1719 1146 1790 ἢ
1178 1719 1482 1792 ἐξύμνησεν
1505 1763 1521 1788 ,
1544 1723 1619 1787 ὡς
1641 1725 1724 1775 ἐπ’
1751 1724 1859 1794 ἁμ-

254 1799 488 1879 ’φιὸόλῳ
518 1809 752 1874 κεῖσθαι,
783 1809 986 1879 πότερα
1009 1812 1135 1874 τοὺς
1161 1813 1417 1877 ἐπαίνους
1435 1814 1650 1880 πλείους
1679 1816 1859 1887 ὑπάρ-

279 1878 469 1972 χειν,ἧ
495 1903 618 1963 τοὺς
652 1903 789 1972 πρὸς
817 1903 985 1974 αὐτὴν
1010 1902 1219 1975 ἔρωτας
1251 1921 1266 1963 :
1293 1888 1389 1970 Τίς
1415 1907 1523 1979 γὰρ
1560 1878 1735 1973 οὕτως
1754 1878 1853 1962 αδυ
1883 1878 1932 1937 Β

280 1992 539 2065 τόχρημα
568 1992 737 2059 λίθος,
756 1994 850 2048 καὶ
871 1993 968 2066 τὴν
1000 1997 1234 2067 καρδίαν
1258 1998 1537 2070 ἀκίνητος,
1556 2000 1635 2064 ὡς
1659 2002 1855 2068 εἰπεῖν,

277 2085 313 2153 ἢ
351 2085 664 2149 άτίθασσος.
698 2085 774 2150 ὡς
813 2086 887 2157 μὴ
917 2087 1044 2151 τοὺς
1064 2088 1206 2159 ὑπὲρ
1221 2089 1395 2159 αὐτῆς
1419 2089 1612 2158 λόγους
1642 2090 1856 2145 ἁκούων

278 2178 444 2248 ἤπιός
481 2194 540 2231 τε
571 2177 666 2231 καὶ
695 2178 876 2249 ἱλαρὸς
931 2180 1030 2250 τὴν
1082 2180 1262 2253 ψυχὴν
1290 2181 1565 2251 γενέσθαι,
1599 2183 1695 2236 καὶ
1721 2184 1857 2251 πρὸς

275 2274 379 2343 τὴν
408 2271 500 2324 τοῦ
538 2271 764 2341 πλησίον
792 2272 1257 2344 διαθερμανθῆναι
1292 2273 1496 2345 φιλίαν,
1521 2276 1619 2345 τῆς
1639 2266 1854 2329 Παύλὶυ

272 2382 338 2417 τε
360 2364 537 2436 ψυχῆς
597 2366 891 2435 ἐκμαγεῖον
957 2362 1097 2420 εἶναι
1127 2366 1349 2437 νομίσαι
1384 2366 1483 2439 τὴν
1514 2367 1725 2421 ἐκείνου
1754 2367 1850 2437 ψυ-

282 2457 391 2528 χήν
417 2473 432 2523 ;
463 2458 524 2510 Ei
552 2457 609 2511 δὲ
644 2457 739 2511 καὶ
788 2457 884 2530 τὴν
910 2458 1017 2512 τῶν
1056 2458 1267 2512 ἐκεῖθεν
1324 2460 1544 2529 ἀγαθῶν
1582 2459 1855 2515 ἔκπτωσιν

274 2549 543 2613 (illaille;
594 2550 904 2621 κατηύξατο
951 2551 1168 2615 ἑαυτοῦ,
1226 2553 1323 2605 καὶ
1376 2553 1608 2623 φανερὸς
1658 2554 1853 2623 γέγονε

274 2642 439 2697 τοῦτο
506 2643 707 2713 μᾶλλον
756 2643 1106 2714 αἱρούμενος,
1138 2643 1172 2715 ἢ
1206 2644 1333 2708 τοὺς
1374 2645 1434 2712 ἐξ
1474 2645 1695 2717 Ἰσραὴλ
1733 2645 1855 2698 ἀπί-

279 2753 443 2800 στους
483 2735 588 2801 ἔξω
644 2738 745 2808 τῆς
795 2737 889 2792 τοῦ
941 2736 1181 2809 Χριστοῦ
1228 2737 1445 2792 κεῖσθαι
1482 2738 1723 2810 μερίδος,
1757 2739 1853 2792 καὶ

272 2826 377 2899 τὴν
403 2827 629 2899 καρδίαν
659 2830 717 2881 ἐν
744 2830 857 2891 τοῖς
878 2827 986 2880 τῶν
1018 2827 1193 2884 ἄλλων
1219 2828 1486 2900 ὲπυροῦτο
1510 2828 1850 2895 σκανδάλοις,

272 2918 415 2972 ἀλλὰ
462 2918 556 2972 καὶ
580 2917 743 2982 αὐτὸς
790 2918 942 2972 οὐδὲν
965 2913 1131 2991 ἦττον
1163 2918 1441 2990 πέφλεκτο
1465 2919 1533 2973 τὰ
1569 2919 1854 2990 σπλάγχνα

275 3009 342 3079 τῇ
384 3007 513 3080 περὶ
555 3007 646 3061 τὸν
705 3007 933 3078 πλησίον
988 3010 1216 3080 στοργῇ,
1253 3008 1348 3063 καὶ⁵
1378 3010 1475 3081 τῆς
1496 3009 1609 3064 τῶν
1644 3012 1854 3067 πιστῶν

272 3099 676 3170 περιεκέκαυτο
711 3100 1070 3173 σωτηρίας,εί
1097 3101 1175 3173 τῷ
1205 3101 1484 3157 πιστεύειν
1512 3102 1663 3169 ἄξιος
1691 3103 1853 3168 αὐτὸς

273 3191 505 3254 ἐκεῖνος,
568 3191 771 3245 οὑτωσὶ
825 3190 1000 3261 λέγων
1056 3193 1113 3245 ἐν
1135 3192 1213 3263 τῷ
1248 3191 1425 3264 at)th
1475 3194 1577 3263 τῆς
1619 3196 1677 3248 ὲν
1731 3196 1852 3260 ταῖς

274 3282 514 3356 Πράξεσι
540 3287 984 3357 τεσσαρακοστῆς
1009 3285 1279 3359 τετάρτης
1311 3287 1552 3356 ὁμιλίας·
1596 3287 1848 3342 Ἐϐουλό-

274 3378 475 3448 μην,εί
509 3372 619 3431 οἷόν
654 3376 872 3448 τε,δψει
899 3377 1036 3449 αὐτῇ
1062 3377 1160 3449 τὴν
1183 3378 1423 3450 ἀγάπην,
1444 3381 1511 3451 ἢν
1545 3382 1672 3453 περὶ
1705 3382 1851 3452 ὑμᾶς

271 3469 407 3540 ἔχω,
475 3469 869 3535 ἐπιδείξασθαι.
926 3469 1095 3522 Θύδὲν
1151 3469 1259 3539 γὰρ
1317 3470 1441 3541 ἐμοὶ
1471 3471 1851 3543 ποθεινότερον

272 3560 454 3632 ὑμῶν,
506 3562 627 3616 οὐδὲ
688 3561 844 3616 τοῦτο
867 3560 927 3615 τὸ
966 3561 1101 3630 φῶς.
1128 3562 1412 3633 Μυριάκις
1431 3562 1550 3635 γὰρ
1570 3564 1847 3637 ηὐξάμην,

271 3656 371 3709 καὶ
400 3655 466 3710 τὰ
487 3656 631 3725 ἑξῆς.

272 3877 383 3932 hoc
429 3875 617 3931 liceret
661 3885 870 3930 vestras
908 3875 1119 3932 animas
1167 3885 1507 3933 convertere.
1551 3878 1703 3936 Adeo
1732 3880 1849 3953 ipsa

271 3969 400 4023 luce
449 3967 583 4023 mihi
639 3977 722 4023 est
763 3975 943 4022 vestra
982 3969 1128 4023 salus
1160 3969 1476 4039 jucundior.
1511 3968 1653 4038 Quid
1701 3975 1848 4030 enim

271 4075 367 4115 me
407 4060 601 4131 juvant
653 4059 859 4115 solares
888 4058 1045 4125 radii,
1087 4052 1327 4130 quando,
1358 4077 1479 4132 qua:
1500 4073 1723 4135 propter
1752 4081 1850 4121 vos

270 4152 563 4223 accipitur,
599 4152 763 4207 animi
786 4152 1047 4224 aegritudo
1068 4152 1241 4208 oculis
1262 4154 1398 4209 meis
1421 4171 1645 4226 magnas
1671 4157 1853 4213 oﬁ‘un-

1957 620 2051 660 cor
2078 606 2283 662 divitiis
2314 621 2425 660 non
2464 612 2820 676 apponerent,
2860 618 3039 674 neque
3077 602 3332 659 omnibus
3365 604 3532 659 rebus

1958 699 2348 754 materialibus.
2381 698 2751 754 llnmilitatem
2788 707 2970 753 autem
3006 703 3063 752 et
3102 698 3530 754 moderationem

1959 793 2096 848 adeo
2128 792 2344 855 extulit,
2370 800 2662 847 et'tantam
2703 792 2822 861 ejus
2851 806 2975 847 esse
2998 791 3239 846 ostendit
3264 792 3322 847 in
3342 790 3532 865 humili

1957 884 2457 950 excellentiam,'ut
2513 885 2661 940 nulla
2713 884 2815 939 alia
2862 884 3034 939 virtus
3066 884 3237 954 possit
3286 899 3411 941 cum
3467 901 3531 939 ea

1957 979 2193 1036 conferri
2231 1018 2247 1045 ,
2281 979 2378 1035 sed
2408 994 2472 1035 ea
2518 980 2590 1035 sit
2640 986 2812 1034 mater
2855 985 2911 1033 et
2952 987 3135 1033 custos
3160 978 3384 1033 aliarum
3415 991 3533 1033 om-

1959 1073 2110 1127 nium
2149 1091 2161 1129 :
2205 1072 2318 1127 imo
2346 1087 2479 1128 vero
2510 1072 2629 1127 sine
2651 1086 2759 1141 qua
2782 1071 2900 1126 aliae
2927 1070 3063 1125 nihil
3118 1070 3338 1135 habent,
3387 1068 3534 1138 quod

1958 1166 2030 1223 sit
2062 1176 2272 1222 certum
2299 1176 2358 1222 et
2404 1165 2509 1222 ﬁde
2564 1164 2790 1236 dignum
2823 1182 2837 1218 :
2892 1163 2989 1218 sed
3028 1163 3157 1229 sint,
3192 1160 3331 1232 proh
3357 1160 3533 1218 dolor.

1958 1275 2131 1315 vanus
2158 1260 2377 1330 quidam
2406 1259 2561 1314 labor
2602 1267 2656 1314 et
2705 1257 2904 1311 inanis.
2945 1254 3391 1325 Temperantiam
3432 1268 3532 1307 au-

1959 1366 2066 1413 tem
2117 1366 2173 1412 et
2213 1371 2341 1412 vere
2386 1355 2669 1427 pulchram
2724 1353 3097 1424 virginitatem
3151 1348 3275 1419 quis
3323 1347 3400 1401 sic
3447 1346 3534 1401 vel

1959 1449 2180 1517 amavit,
2214 1449 2298 1505 vel
2329 1448 2467 1503 alios
2517 1447 2606 1518 qui
2657 1454 2788 1501 sunt
2837 1442 3201 1505 honestiores,
3247 1437 3537 1510 magnique

1959 1552 2016 1600 et
2042 1542 2244 1599 excelsi
2295 1542 2486 1606 animi,
2537 1540 2605 1596 ad
2667 1540 2787 1609 ejus
2837 1537 3107 1608 insignem
3138 1531 3385 1587 incitavit
3408 1529 3534 1600 pul-

1960 1634 2324 1692 chritudinem
2357 1673 2372 1699 ,
2413 1644 2473 1688 ut
2510 1648 2629 1688 eam
2662 1629 3053 1703 propemodum
3078 1622 3380 1680 ostenderit
3415 1636 3537 1677 esse

1961 1728 2222 1798 majorem
2259 1733 2313 1781 ct
2344 1725 2741 1788 sublimiorem,
2783 1738 2944 1793 quam
2994 1727 3054 1775 ut
3097 1718 3165 1774 ad
3199 1732 3319 1771 eam
3369 1713 3540 1785 possit

1961 1819 2199 1875 humana
2228 1827 2420 1874 natura
2457 1815 2763 1887 pervenire,
2815 1821 2873 1869 et
2919 1825 3178 1882 superare
3234 1809 3404 1878 ipsam
3456 1804 3538 1859 le-

1960 1928 2080 1983 gem
2107 1929 2121 1966 :
2154 1909 2601 1978 liberalitatisque
2625 1916 2681 1962 et
2706 1901 3128 1977 magniﬁcentiae
3148 1897 3329 1970 potius
3353 1897 3536 1952 locum

1960 2016 2175 2072 tenere,
2239 2020 2402 2076 quam
2460 2001 2764 2075 praecepti?
2822 1997 3155 2056 Charitatem
3202 2007 3356 2057 vero,
3415 2006 3538 2061 quae

1959 2107 2043 2154 est
2062 2098 2304 2153 omnium
2334 2097 2600 2153 virtutum
2631 2091 2864 2149 maxime
2892 2089 3060 2160 regia,
3086 2086 3214 2158 quis
3246 2084 3340 2139 illo
3364 2081 3536 2151 magis

1962 2190 2166 2245 amavit
2200 2197 2295 2244 aut
2353 2187 2594 2244 laudavit
2632 2226 2647 2251 ,
2686 2191 2749 2240 ut
2780 2182 3057 2239 dubitetur
3096 2179 3340 2250 majorne
3377 2173 3542 2230 fuerit

1956 2281 2215 2346 laudatio,
2246 2295 2315 2334 an
2344 2278 2465 2349 ejus
2493 2278 2547 2333 in
2577 2291 2699 2332 eam
2727 2273 2925 2331 amor?
2952 2271 3085 2338 Quis
3112 2278 3199 2326 est
3222 2267 3369 2324 enim
3399 2264 3539 2320 adeo

1957 2375 2117 2445 plane
2152 2372 2293 2443 lapis
2324 2381 2419 2426 aut
2449 2370 2593 2425 ferro
2626 2369 2682 2424 in
2718 2367 2883 2424 corde
2914 2364 3184 2437 frigidior,
3217 2369 3278 2416 ut
3307 2358 3539 2414 audiens

1953 2465 2073 2533 ejus
2105 2465 2174 2519 de
2226 2463 2316 2517 illa
2365 2461 2662 2527 orationes,
2715 2474 2829 2514 non
2883 2456 2979 2512 ﬁat
3031 2454 3179 2510 mitis
3232 2462 3286 2507 et
3326 2448 3537 2512 hilaris,

1956 2564 2011 2611 et
2064 2554 2133 2610 ad
2163 2553 2509 2609 dilectionem
2546 2549 2781 2622 proximi
2833 2549 3123 2607 excitetur,
3158 2552 3215 2601 et
3240 2559 3350 2598 non
3384 2540 3537 2595 Pauli

1955 2661 2267 2718 expressam
2339 2643 2569 2715 effigiem
2637 2650 2791 2712 putet
2851 2652 2975 2696 esse
3040 2638 3187 2691 illius
3255 2632 3542 2689 animam?

1954 2736 2108 2805 Quod
2132 2736 2177 2791 si
2199 2734 2399 2790 Paulus
2422 2722 2629 2804 optavit
2656 2732 2723 2797 ¹⁵,
2754 2739 2817 2786 ιιι
2854 2730 2939 2786 vel
2975 2727 3197 2784 a-bonis
3263 2739 3385 2795 quae
3426 2723 3538 2778 illic

1953 2836 2103 2892 Sunt,
2138 2827 2460 2884 excideret:
2504 2832 2558 2881 et
2591 2832 2778 2895 aperte
2822 2820 3082 2883 ostendit,
3125 2834 3185 2875 se
3233 2818 3340 2873 hoc
3367 2815 3538 2884 magis

1953 2919 2110 2983 velle,
2159 2932 2325 2988 quam
2370 2930 2469 2971 eos
2555 2914 2648 2986 qui
2701 2921 2831 2969 sunt
2874 2927 2941 2969 ex
2979 2911 3162 2976 Israel,
3216 2922 3339 2965 esse
3383 2914 3536 2963 extra

1953 3022 2162 3086 partem
2189 3010 2393 3068 Christi
2417 3027 2431 3065 :
2468 3016 2523 3066 et
2547 3009 2597 3065 ei
2638 3024 2733 3064 cor
2755 3006 2981 3063 omnino
3009 3005 3273 3059 urebatur
3303 3001 3537 3056 aliorum

1954 3101 2398 3159 offensionibus:
2454 3101 2573 3172 ipse
2627 3113 2845 3171 quoque
2894 3096 3139 3165 Joannes
3178 3090 3539 3150 nihilominus

1957 3192 2398 3250 inﬂammabatur
2450 3208 2636 3248 amore
2697 3192 2753 3246 in
2806 3190 3145 3262 proximum,
3201 3196 3256 3243 et
3309 3184 3539 3240 fratrum

1955 3289 2148 3344 salutis
2176 3288 2403 3343 ardebat
2433 3286 2725 3346 desiderio.
2751 3286 2796 3340 si
2822 3283 2899 3338 illi
2930 3283 3032 3354 ipsi
3055 3290 3139 3337 est
3161 3277 3495 3336 credendum
3517 3312 3536 3338 .

1944 3385 2002 3436 in
2041 3381 2235 3437 morali
2268 3381 2340 3435 24
2373 3380 2428 3434 in
2470 3380 2638 3434 Actus
2677 3376 2898 3433 homilia
2928 3377 3010 3431 sic
3031 3371 3274 3429 dicenti:
3308 3368 3542 3432 Vellem,

1949 3475 1997 3530 si
2054 3474 2172 3529 ﬁeri
2229 3481 2434 3546 posset,
2489 3472 2685 3527 vestris
2730 3470 2902 3524 oculis
2935 3466 3248 3530 ostendere,
3285 3478 3449 3535 quam
3481 3462 3538 3517 in

1952 3583 2049 3622 vos
2082 3567 2258 3621 habeo
2313 3565 2661 3622 eharitatem.
2705 3561 2851 3618 Nihil
2894 3570 2979 3617 est
3028 3560 3173 3615 enim
3222 3554 3356 3611 mihi
3384 3554 3539 3609 vobis

1945 3660 2251 3731 jucundius
2299 3666 2355 3714 et
2403 3656 2846 3718 desiderabilius.
2890 3667 2963 3709 ne
3000 3652 3118 3707 haec
3149 3649 3266 3719 ipsa
3316 3645 3537 3718 quidem

1945 3749 2065 3807 Iuv.
2099 3752 2298 3807 Millies
2337 3751 2486 3807 enim
2534 3757 2781 3819 optarem
2826 3746 2944 3817 ipse
2977 3757 3100 3800 esse
3133 3753 3333 3807 caecus,
3365 3738 3410 3793 si
3438 3751 3539 3808 per

1952 3891 2148 3960 gaudio
2178 3906 2300 3947 mea
2346 3889 2486 3946 mala
2539 3904 2647 3943 non
2688 3885 2884 3943 sentio.
2937 3883 2995 3940 Si
3034 3882 3224 3939 videro
3266 3895 3374 3939 non
3404 3894 3533 3949 pro-

1955 3981 2142 4047 ﬁcere,
2175 3999 2289 4053 pra:
2329 3979 2496 4036 animi
2524 3978 2846 4051 aegritudine
2875 3991 3067 4032 rursus
3104 3989 3226 4029 mea
3270 3971 3484 4028 dimitto
3520 3991 3537 4028 :

1957 4082 2016 4128 ut
2045 4072 2137 4143 qui
2166 4073 2321 4129 laetus
2348 4072 2448 4128 sim
2477 4062 2676 4127 vestris
2729 4068 2908 4131 bonis,
2951 4066 3056 4122 etsi
3111 4064 3253 4120 mala
3302 4064 3535 4118 habeam

1957 4162 2377 4218 innumerabilia
2404 4178 2419 4217 :
2446 4161 2618 4217 tristis
2656 4166 2837 4215 autem
2873 4165 3098 4228 propter
3136 4164 3313 4211 vestra
3363 4152 3535 4217 mala,

269 4247 679 4303 ἀίῑιεῐιθιπίιεῗ
735 4246 850 4300 Lux
887 4246 1033 4300 enim
1089 4257 1218 4302 tunc
1273 4256 1355 4302 εει
1410 4248 1574 4312 bona.
1633 4250 1887 4319 quando,
1955 4256 2168 4311 etiamsi
2201 4253 2747 4310 innumerabiliasint
2770 4250 2903 4306 mihi
2926 4258 3072 4304 recte
3098 4245 3538 4312 factn.Qua~nam

270 4347 507 4410 apparet.
538 4339 594 4393 in
653 4338 857 4393 laetitia.
917 4337 1169 4393 Animam
1219 4340 1389 4407 enim,
1445 4355 1567 4409 quae
1614 4318 1849 4397 maerore

1955 4349 2099 4404 enim
2130 4349 2288 4404 nobis
2311 4360 2395 4403 est
2416 4363 2564 4418 spes,
2589 4347 2634 4402 si
2665 4356 2761 4402 vos
2779 4359 2887 4399 non
2905 4341 3245 4414 proficiatis?
3274 4337 3537 4406 Quaenam

273 4439 365 4486 est
388 4428 599 4496 atl‘eeta,
639 4429 854 4486 videtur
909 4428 1073 4485 etiam
1120 4430 1366 4486 molestia
1427 4432 1662 4488 allicere.
1695 4434 1851 4501 Quod

274 4533 462 4578 autem
526 4539 637 4577 non
691 4523 949 4586 mentiar,
1007 4522 1149 4577 absit
1201 4523 1442 4593 quidem,
1504 4534 1562 4579 ut
1612 4542 1847 4595 unquam

274 4611 473 4667 faciam
540 4611 858 4681 periculum.
913 4612 1022 4668 Sed
1072 4612 1118 4667 si
1166 4613 1383 4683 quando
1434 4615 1725 4687 contigerit
1784 4632 1848 4671 ex

269 4701 432 4757 vobis
479 4717 706 4772 peccare
756 4701 1015 4771 aliquem,
1075 4703 1316 4758 accedite
1349 4703 1417 4759 ad
1450 4719 1537 4759 me
1569 4706 1849 4760 dormien-

273 4806 424 4851 tem:
455 4797 499 4849 si
535 4810 645 4849 non
681 4810 799 4849 sum
839 4795 1030 4850 similis
1063 4795 1374 4868 paralyticis
1423 4814 1437 4852 :
1490 4798 1534 4852 si
1578 4814 1687 4853 non
1783 4799 1849 4855 iis

270 4887 369 4958 qui
434 4902 466 4941 ιι
526 4902 585 4942 sc
639 4887 1044 4943 discesserunt:
1099 4898 1155 4943 et
1220 4897 1277 4943 ut
1338 4890 1514 4945 dicam
1569 4906 1692 4947 cum
1722 4872 1850 4962 pro-

273 4978 443 5053 pheta
468 4978 513 5011 ⁸³
546 4996 560 5033 :
603 4997 622 5031 ι
673 4978 740 5035 Ει
766 4979 950 5036 lumen
980 4980 1259 5036 oculorum
1290 4998 1557 5048 meorum,
1586 4994 1641 5038 et
1671 4985 1847 5056 ipsum

270 5088 387 5127 non
421 5081 504 5127 est
539 5087 754 5128 mecum
790 5087 805 5126 :
848 5090 868 5125 ι
914 5080 970 5127 ct
999 5072 1101 5127 nisi
1125 5074 1394 5144 judicaret
1415 5076 1704 5146 quispiam,
1764 5094 1850 5135 me

270 5180 399 5221 esse
427 5180 593 5236 supra
617 5164 836 5221 modum
881 5164 1229 5221 ambitiosum
1261 5175 1317 5221 et
1365 5166 1540 5222 laudis
1568 5168 1846 5238 cupidum,

267 5258 494 5313 videres
510 5272 603 5313 me
615 5257 858 5328 quotidie
881 5256 1060 5312 fontes
1080 5256 1442 5329 lacrymarum
1470 5261 1809 5315 emittentem
1831 5279 1845 5316 :

270 5349 472 5405 horum
507 5360 688 5404 autem
719 5356 803 5404 est
848 5347 982 5403 mihi
1028 5348 1246 5404 conscia
1293 5349 1621 5405 domuncula
1665 5360 1719 5405 et
1760 5368 1849 5407 so-

268 5441 470 5498 litudo.
523 5440 742 5496 Credite
784 5440 929 5497 enim
980 5440 1138 5508 mihi,
1198 5456 1350 5511 spem
1403 5442 1624 5511 quidem
1675 5444 1847 5514 abjeci

272 5548 409 5589 mea;
458 5532 687 5590 salutis:
737 5533 867 5589 dum
920 5548 1051 5590 vero
1093 5542 1273 5589 vestra
1325 5534 1517 5599 deﬂeo,
1568 5552 1843 5607 nunquam

269 5635 358 5682 est
415 5626 546 5682 mihi
602 5626 775 5681 otium
835 5641 957 5683 mea
1009 5627 1152 5681 mala
1209 5623 1463 5682 dedendi.
1514 5626 1665 5683 Adeo
1711 5629 1845 5683 mihi

270 5720 456 5773 omnia
485 5735 583 5775 vos
642 5719 793 5775 estis.
837 5717 893 5774 Si
950 5734 1176 5776 sensero
1232 5734 1329 5774 vos
1386 5718 1669 5790 prolicere,
1736 5738 1844 5790 prze

346 5859 388 5891 ¹⁸
425 5858 582 5916 Rom.
612 5876 671 5925 ιι,
712 5862 783 5928 5;
818 5862 859 5917 ll
888 5860 1014 5917 Cor.
1045 5879 1083 5927 ι,
1119 5862 1169 5916 6.
1253 5863 1296 5898 ¹⁶
1341 5860 1481 5918 Psal.
1513 5878 1721 5931 xxxvii,
1750 5866 1834 5920 ll.

1953 4447 2134 4495 autem
2162 4438 2407 4497 tristitia.
2456 4438 2501 4494 si
2538 4452 2633 4493 vos
2662 4444 2812 4492 recte
2844 4433 3092 4506 geratis?
3123 4432 3183 4486 In
3227 4430 3394 4484 altum
3434 4443 3535 4484 ex-

1955 4532 2066 4588 tolli
2098 4532 2309 4596 videor,
2343 4531 2563 4600 quando
2585 4528 2791 4599 aliquid
2813 4526 2941 4582 boni
2968 4525 3035 4579 de
3064 4523 3220 4578 vobis
3248 4520 3529 4576 audivero.

1955 4623 2181 4693 implete
2207 4623 2464 4694 gaudium
2488 4638 2671 4677 meum
2705 4644 2717 4677 :
2748 4621 2908 4675 liceat
2933 4616 3084 4672 vobis
3114 4615 3343 4670 salutem
3378 4627 3531 4667 assc-

1953 4713 2069 4781 qui,
2128 4727 2216 4767 me
2271 4722 2453 4767 autem
2503 4722 2731 4784 propter
2785 4725 2884 4765 vos
2937 4708 3163 4764 reddere
3218 4704 3531 4759 rationem:

1953 4805 2108 4860 vobis
2139 4805 2258 4861 dari
2280 4806 2554 4873 salutem,
2585 4822 2674 4860 me
2708 4820 2837 4860 vero
2865 4801 3131 4862 accusari.
3163 4797 3307 4870 quod
3347 4812 3532 4853 meum

1952 4912 2154 4950 munus
2178 4912 2286 4951 non
2321 4896 2682 4967 impleverim.
2709 4894 2828 4950 Non
2863 4893 3006 4948 enim
3033 4906 3185 4954 curo,
3217 4898 3277 4944 ut
3305 4903 3403 4959 per
3444 4903 3532 4942 me

1951 4988 2082 5043 salvi
2138 4989 2261 5045 sitis
2295 5031 2310 5055 ,
2365 4989 2460 5044 sed
2510 4998 2565 5045 ut
2601 4989 2775 5043 solum
2830 4986 2960 5042 salvi
3017 4984 3154 5048 sitis,
3207 4993 3532 5053 quacunque

1954 5080 2182 5136 ratione.
2211 5080 2323 5136 Hoc
2354 5081 2530 5136 solum
2567 5082 2622 5135 in
2647 5087 2831 5135 votum
2867 5077 3093 5144 contuli,
3116 5076 3261 5147 quod
3292 5083 3531 5131 vestrum

1950 5171 2256 5244 profectum
2279 5173 2548 5237 desidero,
2583 5173 2728 5243 quod
2756 5188 2853 5228 vos
2886 5186 3034 5236 amo,
3063 5170 3206 5241 quod
3248 5184 3345 5223 vos
3375 5183 3528 5223 com-

1950 5262 2176 5332 plector,
2213 5263 2358 5333 quod
2408 5278 2506 5319 vos
2545 5263 2678 5318 estis
2719 5262 2851 5317 mihi
2896 5260 3097 5327 omnia,
3139 5270 3196 5316 et
3248 5266 3420 5331 pater,
3473 5263 3529 5310 et

1951 5363 2146 5421 mater,
2178 5361 2234 5410 et
2260 5354 2476 5421 fratres,
2508 5364 2565 5412 et
2594 5354 2689 5409 lilii
2716 5373 2731 5410 :
2778 5364 2834 5411 et
2871 5354 2917 5409 si
2949 5354 3134 5409 liceret
3159 5368 3254 5408 eor
3274 5358 3527 5406 nostrum

1950 5462 2226 5517 rumpere,
2285 5455 2341 5503 et
2395 5447 2551 5504 vobis
2595 5446 2850 5503 omnibus
2906 5447 3215 5512 ostendere,
3268 5440 3529 5498 videretis

1951 5541 2005 5595 in
2038 5555 2231 5611 magna
2271 5539 2558 5597 latitudine
2589 5541 2739 5597 intus
2762 5554 2885 5597 esse
2918 5548 2973 5594 et
2997 5552 3194 5593 uxores
3215 5543 3271 5592 et
3296 5533 3437 5591 liiios
3466 5542 3522 5590 et

1952 5634 2196 5690 maritos.
2232 5633 2506 5706 Ejusmodi
2545 5634 2691 5691 enim
2732 5645 2815 5690 est
2869 5634 3041 5688 virtus
3091 5628 3390 5696 charitatis,
3441 5626 3528 5682 t‘au

1952 5727 2135 5797 eitque
2163 5726 2399 5783 animam
2433 5728 2519 5785 vel
2550 5727 2688 5784 coelo
2716 5727 2836 5798 ipso
2864 5725 3133 5780 latiorem.
