3834 6524
312 381 451 451 1995

1567 388 1853 451 MENSIS
1888 385 2347 451 JANUARIUS.

3443 368 3599 444 1095

381 500 498 556 XX.
554 497 681 555 [hec
730 507 912 556 autem
967 516 1074 556 non
1130 501 1307 556 solum
1366 501 1601 559 faciebat
1649 505 1704 558 in
1761 505 1894 558 urbe

2071 501 2156 558 K'.
2184 502 2374 556 Ταῦτα
2401 501 2458 555 δέ
2491 499 2592 555 ούκ
2620 501 2678 554 ἐν
2710 500 2849 575 μόνη
2867 504 2934 575 τῇ
2958 501 3192 574 βασιλίδι
3227 499 3339 555 τῶν
3370 497 3598 552 πόλεων

307 595 478 666 regia,
520 609 702 663 neque
740 609 834 648 eos
860 594 1006 649 solos
1037 595 1330 651 exercebat
1361 596 1428 650 ad
1456 597 1714 651 virtutem
1752 638 1766 662 ,
1799 597 1894 651 sed

310 705 405 760 per
434 703 655 742 onmem
689 695 889 742 terram
920 687 1340 745 extendebatur.
1367 697 1424 743 et
1455 689 1527 742 illi
1562 705 1709 743 curae
1738 696 1896 741 erant

307 794 501 833 omnes
552 779 820 845 ecclesire,
886 779 1115 849 ejusque
1163 795 1309 835 curae
1370 779 1692 835 unus-finis
1739 789 1895 834 erant

311 883 471 927 terra:
513 872 756 928 termini.
788 872 985 928 Joanni
1013 873 1159 928 enim
1189 889 1335 930 curae
1369 888 1481 928 nor
1506 882 1663 929 erant
1694 888 1895 927 mensa:

308 976 363 1016 et
391 965 585 1033 epulm,
620 981 886 1037 agrosque
913 966 1215 1037 possidere,
1245 975 1300 1022 ct
1340 982 1632 1023 crumenas
1662 966 1892 1037 replere,

307 1066 363 1112 et
383 1057 425 1112 si
457 1058 584 1128 quid
614 1068 698 1114 est
724 1059 892 1123 aliud,
921 1075 1154 1129 quorum
1190 1060 1373 1114 studio
1397 1060 1595 1132 vulgus
1626 1067 1846 1114 tenetur
1878 1098 1892 1121 ,

309 1152 407 1204 sed
442 1151 545 1206 hoc
592 1159 713 1207 erat
742 1152 788 1206 ei
819 1167 971 1217 cura,
1005 1167 1127 1223 quae
1177 1163 1451 1224 exstingui
1501 1167 1612 1208 non
1661 1160 1894 1223 poterat,

308 1258 363 1298 et
392 1243 598 1299 ossium
629 1244 772 1299 tinea
812 1254 1167 1315 uestrumque,
1197 1245 1343 1316 quod
1373 1245 1494 1300 eius
1527 1259 1624 1298 eor
1655 1243 1893 1306 subibat,

311 1345 637 1407 perpetuum
679 1336 800 1404 ejus
838 1337 1042 1392 bellum
1071 1338 1338 1393 adversus
1370 1340 1583 1393 hostem
1619 1343 1893 1400 nostrum,

310 1439 367 1484 et
410 1436 471 1484 ut
500 1430 615 1484 suis
638 1430 705 1484 ad
740 1445 842 1484 nos
888 1431 1252 1495 orationibus,
1293 1441 1346 1485 et
1388 1429 1771 1487 frequentibus
1800 1427 1895 1483 ad-

313 1521 708 1576 monitionibus
758 1531 973 1577 arceret
1050 1522 1171 1592 ejus
1247 1523 1507 1587 insidias,
1555 1540 1609 1577 et
1663 1520 1897 1576 iusultus

314 1615 646 1684 prohiberet,
673 1626 728 1671 et
748 1626 1011 1687 quantum
1044 1617 1263 1688 quidem
1294 1619 1359 1672 ad
1391 1617 1567 1687 ipsum
1602 1622 1894 1687 spectaret,

311 1708 522 1762 nullum
568 1708 775 1764 sineret
829 1725 896 1763 ex
940 1710 1170 1774 vocatis,
1219 1726 1330 1765 non
1381 1725 1443 1765 ex
1495 1708 1586 1777 iis,
1640 1709 1734 1780 qui
1767 1717 1898 1764 tunc

313 1809 491 1864 erant,
528 1816 635 1856 non
689 1816 756 1856 ex
804 1801 891 1866 iis,
952 1801 1045 1872 qui
1095 1811 1306 1873 postea,
1361 1801 1615 1857 excidere
1665 1816 1696 1856 a
1747 1810 1895 1857 Sorte

312 1894 637 1959 electorum,
693 1904 750 1950 et
796 1911 922 1951 esse
963 1897 1133 1967 partis
1180 1896 1441 1952 sinistrae.
1499 1896 1729 1968 Propter
1785 1896 1904 1951 bare

312 2000 596 2041 sermones
614 1992 880 2056 perpetuo
908 1987 1141 2044 habebat
1178 1997 1233 2043 et
1270 1988 1523 2053 docebat,
1546 1997 1602 2044 et
1622 2002 1901 2059 nunquam

314 2078 562 2133 cessabat
597 2079 797 2135 diserta
837 2080 924 2135 illa
950 2089 1005 2136 et
1040 2082 1312 2137 modulata
1336 2081 1518 2153 lingua
1558 2090 1775 2140 nostras
1815 2081 1902 2137 in-

315 2175 540 2223 cantare
588 2169 822 2225 animas.
860 2169 1159 2243 Propterea
1186 2181 1315 2228 sunt
1351 2173 1598 2244 pulchrae
1637 2173 1742 2229 illae
1781 2189 1902 2229 ver-

316 2258 512 2315 borum
541 2259 787 2329 Sirenes,
820 2262 1304 2319 innumerabilium
1355 2265 1489 2321 illud
1527 2281 1677 2322 mare
1726 2267 1901 2322 bono-

317 2368 462 2416 l'llm,
499 2352 805 2409 animarum
848 2355 1191 2423 lautissinue,
1220 2374 1341 2425 qua:
1374 2358 1623 2414 consumi
1677 2359 1902 2416 minime

316 2453 565 2515 possunt,
630 2446 841 2515 epulae,
900 2449 1058 2518 panis
1115 2450 1454 2522 angelorum,
1486 2467 1688 2507 mensae
1737 2453 1903 2510 totius

317 2539 486 2593 orbis.
523 2537 679 2605 Quod
711 2540 756 2596 si
796 2540 854 2608 ii,
904 2542 996 2612 qui
1028 2542 1411 2599 alimentorum
1462 2546 1748 2601 sensilium
1801 2563 1903 2603 eu-

316 2646 435 2686 ram
468 2643 776 2704 gesserunt,
807 2650 930 2702 qua:
970 2645 1203 2707 possunt
1249 2636 1411 2709 longo
1445 2647 1703 2710 tempore
1752 2638 1903 2695 διιΠί-

317 2738 440 2779 cere
462 2726 766 2797 egentibus,
791 2743 912 2799 qum
943 2729 1218 2800 appellare
1246 2730 1425 2786 solent
1452 2730 1899 2798 Gerontocomia,

319 2816 419 2886 ipsi
455 2819 799 2876 exsistimant
844 2837 903 2876 se
951 2837 1091 2892 Opus
1132 2821 1327 2878 fecisse
1368 2824 1530 2880 laude
1563 2825 1813 2895 dignum,
1848 2835 1905 2882 et

317 2908 391 2964 ita
448 2920 775 2982 reputantur
823 2914 892 2969 ab
944 2914 1067 2969 aliis
1109 2931 1124 2970 :
1180 2917 1270 2986 qui
1327 2917 1433 2972 hoc
1480 2917 1797 2973 diuturnum
1848 2929 1904 2974 et

316 3016 647 3073 permanens
705 3007 1126 3073 nutrimentum,
1188 3009 1577 3075 suavissimas,
1635 3012 1900 3082 inquam,

316 3098 616 3159 orationes,
657 3099 877 3153 assidue
903 3101 1309 3170 suppeditabat,
1342 3112 1402 3158 ut
1436 3119 1545 3158 non
1572 3103 1746 3158 solum
1777 3119 1902 3158 cum

318 3196 465 3242 esset
487 3200 788 3259 superstes,
823 3192 918 3246 sed
947 3193 1108 3247 etiam
1141 3208 1265 3248 cum
1310 3210 1527 3251 sursum
1550 3205 1694 3251 esset
1724 3206 1902 3251 trans-

322 3274 486 3338 latus,
521 3278 769 3334 sitientes
810 3280 1065 3351 impleret
1102 3283 1335 3351 animas,
1366 3295 1422 3340 et
1445 3285 1779 3342 inevitabilia
1810 3303 1906 3358 per

319 3366 471 3435 ipsas
500 3366 738 3424 solveret
766 3370 1003 3437 vincula,
1049 3381 1103 3428 et
1132 3388 1161 3428 a
1202 3390 1371 3429 manu
1404 3377 1622 3447 tyranni
1659 3379 1907 3448 captivas

318 3458 576 3516 liberaret
628 3463 861 3529 animas,
894 3474 946 3521 et
999 3465 1084 3533 iis,
1117 3468 1207 3538 qui
1240 3469 1373 3524 salii
1404 3470 1610 3526 ﬁebant
1653 3488 1903 3545 maguum

319 3550 544 3608 all'erret
571 3556 943 3612 accessionem
976 3576 989 3612 :
1024 3560 1116 3630 qui
1142 3561 1260 3617 haec
1289 3562 1509 3618 abunde
1550 3564 1829 3634 prmbebat
1852 3573 1906 3619 et

319 3644 623 3702 liberaliter
650 3658 704 3704 et
736 3650 790 3705 in
821 3651 1143 3709 universum
1174 3662 1392 3727 tempus
1429 3656 1535 3711 hoc
1557 3657 1762 3713 donum
1810 3673 1908 3713 ex-

319 3740 598 3807 tendebat,
632 3757 927 3812 quamnam
957 3747 1200 3815 potuerit
1238 3748 1454 3819 assequi
1484 3748 1748 3820 linguam,
1785 3765 1907 3819 quae

317 3830 372 3888 ei
399 3832 617 3906 dignam
668 3845 926 3892 eontexat
972 3837 1388 3896 laudationem?
1434 3839 1548 3897 lmo
1576 3857 1710 3898 vero
1739 3858 1907 3913 quas-

318 3940 445 3981 nam
497 3938 553 3983 et
604 3939 739 3998 quot
778 3930 1161 4001 linguas?Sed
1218 3933 1311 3987 tali
1347 3933 1569 4005 quidem
1617 3935 1803 3990 anima
1850 3946 1909 3993 et

319 4017 500 4093 lingua
534 4036 605 4076 ne
636 4023 751 4092 ipse
791 4024 1012 4093 quidem
1062 4035 1146 4080 est
1172 4026 1369 4097 dignus
1403 4028 1663 4093 mundus,
1710 4036 1772 4083 ut
1819 4028 1907 4084 di-

319 4126 436 4165 cam
467 4129 592 4168 cum
641 4115 829 4169 divino
860 4115 1030 4172 Paulo
1062 4119 1131 4173 ‘1.
1169 4116 1325 4184 Quod
1353 4128 1536 4175 autem
1571 4135 1689 4176 non
1712 4120 1750 4176 ii
1777 4122 1900 4189 soli,

318 4204 410 4273 qui
443 4205 765 4263 habitabant
794 4208 1348 4281 Constantinpolim,
1388 4212 1465 4267 illi
1521 4223 1709 4270 essent
1736 4230 1905 4282 curae,

318 4299 417 4356 sed
451 4304 651 4354 omnes
690 4299 827 4368 fere,
859 4319 999 4373 quos
1029 4305 1112 4358 sol
1169 4304 1433 4370 intuetur,
1466 4305 1595 4362 hinc
1630 4316 1788 4378 potes
1819 4309 1906 4364 iu-

321 4391 582 4459 telligere.
629 4390 765 4449 Cum
813 4395 1175 4451 intellexisset
1205 4396 1543 4453 Phwniciam
1592 4399 1906 4456 simulacris

319 4482 496 4538 adhuc
530 4492 585 4538 et
632 4484 972 4541 dminonibus
1002 4495 1059 4542 et
1092 4488 1377 4544 sceleratis
1401 4490 1621 4560 templis
1661 4506 1784 4547 esse
1817 4492 1907 4548 de-

2000 595 2217 667 ὑπῆρχε
2284 593 2492 657 ποιῶν,
2544 592 2667 647 οὐδὲ
2708 592 2936 658 τούτους
2990 594 3187 665 μόνους
3233 593 3393 665 ἤσκει
3441 589 3601 661 πρρς

1998 686 2222 760 ἀρετὴν,
2267 685 2404 740 ἀλλά
2433 687 2527 739 καὶ
2551 684 2834 757 πανταχοῦ
2855 686 2961 757 γῆς
2991 686 3311 754 ἐξετείνετο,
3337 683 3432 737 καὶ
3470 682 3601 737 τῶν

1997 776 2307 849 ἐκκλησιῶν
2349 776 2544 848 ἔμελλε
2574 775 2753 848 τούτῳ
2796 778 3012 844 πασῶν,
3063 778 3160 833 καὶ
3181 778 3307 850 ὅρος
3335 771 3403 847 ἦν
3432 772 3601 843 αὐτῷ

1998 870 2100 941 τῆς
2157 869 2473 942 φροντίδος,
2526 868 2598 923 τά
2647 868 2747 941 τῆς
2792 868 2901 940 γῆς
2963 869 3199 943 πέρατα.
3255 868 3425 923 Οδδέν
3472 866 3601 937 γὰρ

1999 964 2196 1035 ἐκείνῳ
2250 962 2413 1034 μέλον
2469 962 2747 1035 τράπεζαι
2778 962 2876 1017 καὶ
2902 963 3236 1034 φιλοτησίαι,
3263 962 3358 1017 καὶ
3391 960 3597 1029 ἀγρῶν

1998 1056 2249 1127 κτήσεις,
2282 1058 2379 1110 καὶ
2407 1054 2711 1126 βαλαντίων
2745 1055 3062 1129 ἀδρότητες,
3094 1056 3186 1110 καὶ
3215 1055 3269 1109 ετ
3290 1072 3343 1109 τι
3368 1054 3595 1125 ἓτερον,

1997 1151 2110 1206 τῶν
2158 1152 2270 1216 τοῖς
2336 1150 2552 1215 πολλοῖς
2611 1152 2866 1225 ἐκθύμως
2928 1150 3411 1220 σπουδαζομένων,
3442 1148 3596 1203 ἀλλὰ

1996 1243 2157 1298 τοῦτο
2174 1238 2243 1315 ἦν
2267 1241 2419 1314 αύτῷ
2436 1242 2497 1297 τὸ
2512 1242 2602 1297 διὰ
2630 1244 2812 1316 πάσης
2840 1244 3109 1313 ἀγόμενον
3141 1241 3245 1306 τῆς
3272 1240 3594 1314 φροντίδος,

1997 1334 2093 1389 καὶ
2110 1335 2313 1390 ὀστέων
2331 1336 2450 1408 σὴς,
2476 1336 2572 1391 καὶ
2600 1334 2762 1407 μύωψ
2778 1336 2859 1399 εἰς
2877 1335 3106 1407 καρδίαν
3149 1334 3596 1406 παραδυόμενος,

1999 1429 2097 1482 καὶ
2158 1428 2403 1500 φλογμὸς
2458 1428 2745 1493 ἄσϐεστος,
2816 1429 2909 1497 ὑφ’
2970 1420 3033 1481 οὗ
3093 1426 3267 1482 νύκτα
3312 1427 3405 1480 καὶ
3463 1425 3597 1496 μεθ’

1997 1522 2218 1591 ἡμέραν
2266 1522 2586 1593 ἐπίμπρατο
2637 1522 2737 1593 τὴν
2786 1520 3002 1592 ψυχὴν,
3059 1520 3088 1574 δ
3157 1519 3295 1591 πρὸς
3339 1518 3435 1572 τὸν
3484 1515 3595 1572 τοῦ

2002 1615 2203 1687 ἐχθροῦ
2264 1615 2389 1669 καθ’
2440 1615 2600 1686 ἡμῶν
2635 1616 2874 1686 πόλεμον
2917 1616 3197 1677 ἄπαυστος
3230 1610 3397 1665 αὑτοῦ
3430 1611 3602 1665 πόλε-

2003 1726 2122 1781 μος,
2159 1710 2253 1764 καὶ
2278 1710 2367 1764 ἵνα
2386 1713 2499 1774 τοῖς
2525 1708 2664 1782 πρὸς
2694 1711 2843 1782 ἡμᾶς
2868 1709 3049 1779 λόγοις
3085 1708 3183 1761 κα)⁵
3208 1709 3330 1771 ταῖς
3353 1705 3601 1770 πυκναῖς

2010 1805 2405 1875 παραινέσεσιν
2429 1804 2638 1877 εἵργειν
2691 1802 2842 1873 αὐτῷ
2869 1803 2969 1866 τὰς
2991 1800 3283 1865 ἐπιϐουλὰς
3321 1800 3441 1871 ἔχῃ,
3491 1797 3601 1853 καὶ

2003 1896 2266 1967 διωθῆναι
2300 1896 2400 1969 τὴν
2427 1895 2637 1966 ἔφοδον,
2662 1896 2779 1960 καὶ,
2806 1895 2869 1949 τό
2906 1912 2971 1964 γε
3002 1896 3083 1959 εἰς
3102 1894 3267 1948 αὐτὸν
3282 1888 3443 1965 ἧκον,
3482 1910 3602 1964 μη-

2003 1988 2132 2044 δένα
2178 1988 2289 2042 τῶν
2318 1987 2536 2060 κλητῶν
2564 1988 2639 2059 μὴ
2662 1988 2770 2042 τῶν
2803 1988 2953 2051 τότε.
2988 1988 3065 2059 μὴ
3095 1987 3208 2041 τῶν
3229 1989 3310 2052 εἰς
3334 1986 3597 2061 ὕστερον,

2004 2082 2110 2149 ἐξω
2160 2082 2255 2137 τοῦ
2294 2081 2406 2136 τῶν
2457 2082 2731 2136 ἐκλεκτῶν
2784 2080 2989 2153 κλήρου
3032 2084 3176 2156 ἐάσῃ
3233 2083 3443 2147 πεσεῖν,
3493 2081 3602 2135 καὶ

2002 2177 2102 2247 τῆς
2132 2176 2425 2247 ἀριστερᾶς
2456 2175 2714 2244 γενέσθαι
2749 2176 2993 2247 μερίδος.
3027 2174 3127 2229 Διά
3154 2173 3329 2229 ταῦτα
3354 2177 3411 2228 αἱ
3465 2191 3601 2228 συν-

2008 2271 2157 2341 εχεῖς
2215 2268 2366 2339 αὐτῷ
2427 2267 2639 2339 ὁμιλίαι
2673 2269 2784 2323 καὶ
2810 2268 3046 2339 διδαχαὶ,
3101 2267 3198 2323 καλ⁵
3224 2269 3286 2322 τδ
3317 2269 3601 2339 μηδέποτε

2004 2366 2193 2434 λήγειν
2214 2364 2314 2434 τὴν
2341 2361 2568 2417 εύλαλον
2592 2362 2816 2435 ἐκείνην
2841 2362 3092 2432 γλῶτταν
3122 2362 3217 2416 καὶ
3242 2362 3451 2435 ᾡδικὴν
3479 2362 3597 2417 τῶν

2005 2457 2293 2530 ἡμετέρων
2350 2453 2541 2526 ψυχῶν
2576 2454 2939 2527 κατᾴδουσαν.
2965 2455 3064 2509 Διά
3103 2453 3281 2509 ταῦτα
3309 2454 3365 2508 αἰ
3398 2452 3601 2508 πολλαὶ

2003 2550 2113 2604 τῶν
2161 2548 2337 2615 λόγων
2395 2546 2678 2618 Σειρῆνες,
2710 2546 2740 2599 ό
2776 2545 2887 2600 τῶν
2918 2545 3141 2615 ἀγαθῶν
3182 2545 3380 2616 σωρὸς,
3412 2546 3448 2616 ἡ
3477 2544 3599 2598 τῶν

2004 2641 2296 2713 θησαυρῶν
2355 2640 2623 2704 Θάλασσα,
2654 2639 2711 2693 αἰ
2745 2638 2855 2692 τῶν
2903 2636 3095 2709 ψυχῶν
3140 2637 3408 2692 ἀδάπανοι
3446 2653 3600 2694 mv-

2003 2735 2231 2802 δαισίαι,
2263 2735 2291 2788 δ
2319 2734 2429 2788 τῶν
2466 2733 2720 2802 ἀγγέλων
2741 2731 2927 2804 ἄρτος,
2957 2732 3013 2786 αἰ
3046 2730 3432 2801 οἰκουμενικαὶ
3450 2728 3597 2803 τρά-

2004 2828 2192 2894 πεζαι.
2230 2827 2293 2881 Εἰ
2319 2826 2376 2880 δέ
2403 2825 2498 2880 καὶ
2526 2826 2575 2879 οἰ
2606 2824 2829 2898 τροφῶν
2864 2823 3122 2895 πρόνοιαν
3154 2822 3453 2894 αἰσθητῶν,
3480 2820 3600 2875 τῶν

2004 2922 2096 2975 ἐπὶ
2118 2920 2253 2974 πολὺ
2289 2917 2385 2973 τοῦ
2414 2917 2611 2990 χρόνου
2641 2918 2889 2988 διαρκεῖν
2916 2915 3233 2984 δυναμένων
3253 2914 3462 2968 ἐνδεέσι
3493 2913 3600 2968 καὶ

2005 3014 2343 3085 πενομένοις,
2376 3014 2433 3066 ἐν
2465 3011 2673 3083 σπουδῇ
2697 3010 2942 3081 θέμενοι,
2979 3008 3016 3064 δ.
3043 3008 3108 3079 δὴ
3129 3008 3224 3062 καὶ
3248 3009 3600 3079 γηροκομεῖα

2003 3107 2191 3160 καλεῖν
2240 3104 2383 3168 ἐθος,
2425 3104 2742 3177 ἀξιέπαινον
2791 3102 2956 3173 ἐργον
2980 3102 3076 3156 καὶ
3104 3100 3336 3154 ἐλπίδων
3368 3099 3599 3169 ἀγαθῶν

1933 3225 1975 3283 (χ
2008 3202 2259 3274 ἔμπλεων
2328 3199 2697 3271 πεποιηκότες
2748 3197 2887 3251 εἰσίν
2909 3214 2922 3227 ·
2944 3198 2974 3253 ό
3006 3196 3106 3262 τὴν
3151 3194 3359 3268 τροφὴν
3385 3192 3599 3265 ταύτην

2009 3295 2110 3362 τὴν
2147 3292 2345 3364 διαρκῆ
2399 3292 2496 3345 καὶ
2544 3290 2842 3354 ἀδάπανον,
2874 3288 3003 3352 τοὺς
3029 3286 3225 3356 λόγους
3261 3285 3406 3357 φημὶ
3466 3285 3600 3348 τοὺς

2009 3388 2283 3461 ἠδίστους,
2306 3368 2313 3374 ’
2337 3384 2594 3439 ἑκάστοτε
2623 3380 2896 3455 χορηγῶν,
2924 3378 3024 3451 τὴν
3053 3378 3319 3450 ἄψευστον
3384 3376 3603 3448 ἀμϐρο-

2011 3480 2155 3546 σίαν,
2183 3477 2245 3533 τὸ
2276 3476 2476 3548 ἀληθὲς
2506 3475 2732 3545 νέκταρ,
2760 3470 2845 3538 οἷς
2872 3470 3335 3545 ψυχαὶπεινῶσαι
3363 3468 3600 3525 διαπανο

2009 3574 2098 3638 τὸς
2153 3572 2446 3645 τρέφονται
2490 3572 2587 3624 καί⁵
2644 3568 3026 3640 κατάρδονται,
3084 3566 3181 3620 καὶ
3206 3565 3281 3635 γῆ
3308 3558 3465 3619 οὖσαι
3497 3565 3601 3617 καὶ

2019 3666 2160 3738 ξηρὰ
2207 3665 2301 3719 καὶ
2347 3664 2600 3735 ἄνικμος,
2638 3661 2983 3734 καρποφόροι
3028 3657 3150 3731 Θεῷ
3175 3657 3269 3712 διὰ
3306 3657 3601 3729 μετανοίας

2009 3760 2390 3825 καθίστανται,
2424 3757 2453 3810 ὁ
2483 3754 2689 3827 ταύτης
2744 3751 3037 3824 τοιγαροῦν
3085 3750 3188 3823 τῆς
3213 3750 3422 3823 τροφῆς
3449 3749 3599 3820 πρύο

2008 3871 2182 3920 τανις,
2206 3855 2236 3908 δ
2275 3852 2352 3924 μὴ
2385 3849 2596 3922 περιὼν
2654 3849 2838 3921 μόνον,
2864 3847 3003 3902 ἀλλὰ
3020 3847 3119 3903 καὶ
3144 3845 3242 3899 νῦν
3273 3845 3415 3917 μετά
3437 3843 3598 3906 τέλος

2010 3944 2240 4009 πολλοὺς
2282 3941 2392 3995 τῶν
2436 3956 2709 4011 πεφορτισ
2717 3939 2895 4009 μένων
2959 3936 3156 3999 ἀνιεὶς,
3180 3934 3277 3989 καὶ
3296 3932 3600 4006 τραύματα

2008 4035 2197 4107 ψυχῶν
2246 4031 2589 4105 θεραπεύων,
2621 4032 2717 4084 καὶ
2760 4028 2904 4083 λύων
2942 4025 3328 4099 αἰχμαλώτους
3367 4024 3471 4095 τῆς
3499 4042 3601 4116 τὶ)-

2013 4124 2314 4198 ραννούσης
2376 4124 2581 4195 χειρὸς,
2613 4124 2706 4176 καὶ
2734 4120 2940 4192 πολλὴν
2983 4118 3308 4191 προσθήκην
3349 4120 3463 4181 τοῖς
3493 4135 3601 4171 σω-

2010 4216 2260 4289 ζομένοις
2304 4216 2505 4282 διδοὺς,
2542 4216 2577 4286 ἡ
2601 4212 2776 4269 ταῦτα
2802 4212 3068 4285 διηνεκῶς
3093 4212 3334 4265 ἁνύουσα
3354 4209 3596 4279 γλῶττα,

2008 4309 2154 4375 τίνος
2175 4309 2242 4363 ἂν
2265 4306 2417 4377 τύχοι
2475 4304 2724 4375 γλώττης
2786 4304 2938 4371 ἄξιον
2969 4302 3109 4373 αὐτῇ
3160 4300 3471 4370 πλεκούσης
3504 4301 3600 4354 τὸν

2008 4402 2267 4465 ἐπαινον;
2299 4398 2502 4470 μᾶλλον
2535 4396 2594 4450 δέ
2624 4394 2794 4448 ποίων
2821 4394 2931 4463 ἄρα
2964 4393 3058 4448 καὶ
3076 4393 3260 4447 πόσων
3293 4392 3595 4460 γλωσσῶν;

2009 4496 2124 4550 ἀλλ’
2160 4494 2303 4548 οὕτω
2360 4491 2459 4563 μὲν
2490 4493 2590 4563 τῆς
2623 4488 2839 4544 τοιᾶσδε
2869 4486 2966 4542 καὶ
2995 4487 3174 4557 ψυχῆς
3208 4486 3305 4540 καὶ
3339 4483 3599 4553 γλώσσης

318 4573 511 4638 ditam,
562 4576 767 4647 regiam
825 4593 1047 4633 manum
1098 4579 1304 4635 habens
1341 4581 1686 4652 adjutrieem,
1710 4592 1768 4639 et
1792 4601 1901 4639 ma-

2010 4585 2118 4639 οὐδ’
2179 4582 2342 4647 αὐτὸς
2393 4580 2547 4647 ἄξιος
2578 4583 2605 4634 ό
2633 4580 2860 4649 κόσμος,
2923 4578 3069 4632 κατὰ
3092 4577 3183 4630 τὸν
3219 4576 3365 4631 θεῖον
3416 4576 3596 4629 εἰπεῖν

319 4682 480 4738 gnam
512 4668 672 4723 aliam
704 4685 946 4732 manum.
977 4671 1065 4726 cui
1092 4683 1467 4742 persuaserat,
1504 4684 1564 4730 ut
1592 4677 1645 4730 in
1679 4677 1732 4733 id
1759 4678 1904 4747 quod

316 4761 602 4830 oportebat
644 4762 1046 4833 impenderent,
1082 4779 1270 4821 secum
1298 4765 1527 4832 ducens,
1564 4770 1906 4825 exsecranda

317 4851 535 4922 quidem
556 4854 641 4908 illa
662 4856 861 4926 templa
895 4857 1049 4912 humi
1075 4857 1273 4913 evertit
1302 4875 1316 4912 :
1343 4873 1533 4914 eorum
1565 4871 1753 4916 autem
1785 4862 1906 4917 loco

316 4959 502 5001 sacras
529 4948 676 5002 aedes
714 4952 933 5016 excitat,
962 4960 1018 5006 et
1043 4950 1290 5006 immittit
1322 4952 1641 5019 monachos,
1668 4954 1762 5024 qui
1796 4954 1911 5009 fer-

316 5050 534 5094 ventem
583 5041 756 5096 zelum
804 5044 1208 5113 quodammodo
1260 5044 1568 5114 spirabant,
1622 5057 1678 5101 et
1737 5045 1901 5105 ﬁdem

323 5133 583 5189 tenebant
640 5136 846 5205 optime
892 5146 946 5193 et
983 5138 1418 5193 accuratissime.
1472 5136 1742 5195 Praeterea
1776 5155 1904 5196 cum

315 5225 578 5281 audiisset
608 5226 788 5283 Celtas
831 5228 1136 5300 implicatos
1177 5245 1301 5286 esse
1349 5230 1559 5301 laqueis
1594 5232 1898 5299 arianismi,

317 5317 408 5372 ille
440 5319 703 5375 adversus
746 5321 1148 5391 improbitatem
1181 5333 1372 5380 contra
1409 5324 1487 5381 sic
1517 5325 1897 5380 machinatur:

317 5413 669 5485 presbyteros
708 5414 871 5468 simul
904 5423 960 5470 et
986 5416 1267 5483 diaconos,
1304 5427 1361 5473 et
1402 5432 1517 5484 cos,
1560 5418 1654 5488 qui
1685 5416 1902 5473 divinos

318 5505 486 5562 libros
541 5507 762 5578 legunt,
796 5508 890 5580 qui
938 5510 1171 5565 similent
1228 5511 1451 5582 quidem
1512 5520 1569 5566 et
1614 5519 1899 5583 cognatam

320 5596 596 5654 habebant
641 5598 901 5671 linguam,
953 5617 1086 5658 sana
1143 5612 1326 5659 autem
1379 5612 1539 5659 erant
1573 5603 1701 5665 ﬁde,
1758 5603 1908 5658 acci-

322 5689 496 5761 piens,
529 5701 586 5747 et
617 5707 711 5748 eos
746 5693 911 5751 veluti
938 5697 1252 5769 quemdam,
1276 5707 1357 5771 ut
1387 5697 1564 5763 aiunt,
1602 5705 1908 5768 magnetem

396 5868 439 5901 ⁸⁷
460 5866 626 5925 Hebr.
649 5886 706 5939 ιι,
729 5871 816 5933 58.

2016 4677 2363 4734 Ἀπόστολον.
2394 4677 2522 4730 Ὅτι
2551 4675 2606 4728 δὲ
2634 4674 2733 4745 οὐχ
2760 4675 2808 4728 οἰ
2842 4672 2941 4743 τὴν
2975 4669 3389 4726 Κωνσταντίνου
3438 4669 3600 4741 μόνον

2003 4769 2285 4834 οἰκοῦντες
2333 4769 2529 4840 ἐκείνῳ
2560 4768 2806 4838 φροντὶς,
2837 4766 2974 4820 ἀλλά
3012 4765 3203 4837 σχεδὸν
3246 4764 3468 4826 πάντες,
3504 4762 3597 4825 οὓς

2003 4843 2208 4933 «iam;
2246 4860 2439 4930 ἐφορᾷθ
2472 4859 2573 4932 τὴν
2601 4857 2864 4928 Φοινίκην
2888 4854 3077 4928 μαθὼν
3104 4852 3349 4917 εἰδώλοις
3384 4852 3465 4907 ἐτι
3503 4854 3597 4907 καὶ

2006 4952 2234 5024 δαίμοσι
2287 4950 2387 5005 καὶ
2435 4952 2655 5022 μιαροῖς
2687 4952 2836 5012 ναοῖς
2869 4946 3342 5019 προσανέχουσαν,
3374 4945 3600 5000 ἐπίκου-

2009 5064 2103 5120 ρον
2160 5048 2259 5119 τὴν
2310 5044 2600 5116 βασιλικὴν
2671 5043 2901 5115 δύναμιν
2933 5040 3283 5114 προσλαϐὼν,
3317 5041 3412 5095 καὶ
3442 5043 3599 5113 χεῖρα

2008 5140 2231 5211 συχνὴν,
2258 5138 2325 5211 ἢν
2358 5137 2523 5201 αὐτὸς
2569 5135 2790 5190 ἔπεισεν
2820 5133 3162 5198 ἀναλίσκειν,
3207 5134 3290 5197 είς
3321 5132 3444 5187 δέον
3467 5150 3597 5187 συν-

2006 5232 2394 5302 εφαπτομένην
2441 5226 2624 5284 λαϐὼν
2653 5270 2671 5297 ,
2720 5228 2848 5292 τοὺς
2894 5226 2993 5296 μὲν
3049 5226 3286 5297 μιαροὺς
3352 5226 3597 5293 ἐκείνους

2007 5323 2170 5384 ναοὺς
2203 5323 2282 5384 εἰς
2317 5320 2515 5390 ἔδαφος
2539 5319 2893 5385 καταϐάλλει,
2914 5319 3096 5388 ἱεροὺς
3126 5317 3184 5371 δέ
3214 5319 3595 5390 ἀντανίστησι,

2008 5417 2103 5469 καὶ
2140 5413 2410 5486 μοναχοὺς
2457 5414 2764 5485 ἐπιπέμπει
2788 5411 2989 5484 θερμὸν
3017 5409 3095 5481 τῷ
3124 5409 3276 5481 ζήλῳ
3310 5410 3592 5475 πνέοντας,

2011 5507 2106 5561 καὶ
2141 5506 2244 5578 τὴν
2276 5505 2459 5561 πίστιν
2486 5505 2687 5577 ἄριστα
2718 5502 3211 5577 διηκριὸωμὲνους.
3245 5501 3392 5573 Πρὸς
3416 5502 3475 5555 δὲ
3501 5506 3597 5557 καὶ

2006 5599 2247 5663 Κελτοὺς
2264 5598 2506 5664 ἀκούσας
2521 5599 2622 5669 τῆς
2637 5597 2981 5669 Ἀρειανικῆς
3008 5594 3142 5650 εἴσω
3172 5596 3349 5666 θήρας
3398 5594 3592 5664 κειμέ-

2009 5712 2154 5763 νους,
2187 5694 2363 5761 οὕτως
2403 5695 2783 5768 ἀντιτεχνᾶται
2811 5695 2877 5765 τῇ
2901 5692 3153 5764 πονηρίᾳ,
3186 5688 3595 5763 πρεσϐυτέρους
