3834 6472
239 324 380 395 1097

1278 343 1455 405 VITA
1494 345 1553 406 s.
1597 334 1922 412 JOANNIS
1969 351 2522 425 CHRYSOSTOMI.

3355 347 3494 418 1093

198 481 217 497 .
238 449 355 518 ἅμα
400 447 494 502 καὶ
553 449 833 515 διακόνους
864 450 958 505 καὶ
997 453 1124 518 τοῦς
1153 453 1222 508 τὰ
1290 456 1443 523 θείας
1464 459 1812 531 ὑπαναγινώο

1935 467 2002 532 i's,
2043 470 2133 539 qui
2166 480 2225 527 se
2268 487 2378 528 non
2416 480 2563 529 recte
2591 472 2884 535 habebant,
2912 470 3239 535 admiscens',
3271 466 3348 524 sic
3372 467 3492 524 illos

240 550 469 602 σκοντας
524 539 763 610 βίϐλους,
794 543 861 597 τὰ
898 543 996 613 μὲν
1049 545 1148 616 τῆς
1200 547 1447 620 γλώττης
1490 551 1691 622 ὁμοίως
1721 555 1815 607 καὶ

241 631 518 699 συγγενῶς
552 631 796 703 ἔχοντας,
830 634 1171 701 ὑγιαίνοντας
1199 638 1254 692 δὲ
1280 640 1379 709 τὴν
1407 643 1590 695 πίστιν
1613 644 1813 712 λαϐὼν,

238 722 334 776 καὶ
391 721 591 785 αὐτοὺς
643 724 1025 796 συμμεμίχθαι
1076 728 1292 801 τούτοις
1348 736 1812 811 παρασκευάσας,

238 812 475 876 ἀστείως
520 812 665 868 οὕτω
719 816 816 869 καὶ
856 819 1125 888 τεχνικῶς
1172 824 1309 889 πρὸς
1332 825 1444 892 ,τὴν
1470 827 1600 895 ὑγιᾶ
1633 829 1819 885 πίστιν

238 906 437 971 αὐτοὺς
486 909 772 978 ἐπάγεται.
841 911 930 977 Ὠς
962 913 1019 967 δὲ
1068 914 1181 987 [tan
1219 918 1313 981 '0;
1337 917 1417 991 δὲ]
1447 922 1542 974 καλ⁸
1595 922 1825 977 Σκυθῶν

237 997 365 1053 ἀλλο
408 1000 567 1069 γένος
618 1002 830 1072 μαθὼν,
859 1006 908 1059 οἳ
935 1006 1088 1077 παρά
1146 1007 1247 1072 τὰς
1302 1008 1395 1065 τοῦ
1439 1012 1657 1086 Ἴστρου
1691 1014 1825 1085 ῥοὰς

225 1091 516 1155 ,οἰκοῦντες
534 1095 661 1159 είσι,
694 1095 853 1168 διψῇν
868 1098 968 1167 μὲν
992 1100 1088 1153 τοῦ
1113 1103 1212 1172 τῆς
1240 1101 1521 1169 εὐσεϐείας
1552 1106 1814 1178 νάματος,

236 1179 332 1233 τοῦ
360 1180 417 1236 δὲ
444 1183 758 1247 ποτίσοντος
813 1187 1062 1257 ἀπορεῖν,
1093 1188 1347 1263 γνώριμα
1373 1177 1608 1266 Λεοντίῳ
1633 1177 1822 1254 ταῦτα

236 1271 314 1340 τῷ
347 1272 448 1342 τῆς
495 1273 773 1344 Ἀγκύρας
798 1278 1088 1352 ὲπισκόπῳ
1118 1286 1283 1337 ποιεί.
1320 1285 1430 1339 Καὶ
1459 1288 1581 1339 ἐπεὶ
1615 1289 1820 1353 ἐκεῖνος

236 1363 450 1435 ἀνδρῶν
496 1368 750 1440 εὐπορῶν
781 1367 849 1440 ἦν
883 1371 993 1426 τῶν
1046 1375 1186 1446 πρὸς
1236 1376 1411 1431 ταῦτα
1463 1381 1811 1452 ἐπιτηδείων,

238 1458 513 1523 τοιούτους
568 1460 777 1515 ἐκεῖθεν
825 1461 1030 1530 λαϐὼν,
1091 1468 1187 1520 καλ⁸
1224 1461 1306 1531 οἷς
1342 1468 1555 1541 ἔφημεν
1582 1472 1822 1544 ἐπιπέμ-

238 1548 349 1620 ψας
400 1549 658 1619 Σκύθαις,
712 1553 900 1624 ὁδηγεῖ
946 1556 1085 1626 πρὸς
1115 1558 1396 1631 ἀλήθειαν.
1431 1562 1573 1633 Πρὸς
1600 1563 1818 1629 τούτοις

236 1641 337 1715 τὴν
361 1644 687 1716 Μαρκίωνος
721 1646 934 1717 αἵρεσιν
962 1649 1041 1713 είς
1068 1665 1219 1715 τινας
1251 1652 1362 1707 τῶν
1389 1652 1489 1725 τῆς
1530 1652 1823 1728 ’Δνατολῆς

236 1735 445 1806 κωμῶν
498 1735 688 1807 μαθὼν
748 1738 1125 1811 ὑφέρπουσαν,
1178 1744 1276 1799 καὶ
1322 1747 1552 1817 συχνοὺς
1576 1748 1811 1809 ὑποκλέ-

1917 574 2135 633 qnoqu‘e
2171 565 2400 620 comiter
2431 556 2657 622 attrahit
2688 567 2757 623 ad
2807 566 3086 637 pietatem.
3132 564 3266 619 Cum
3310 560 3491 617 autem

1918 653 2066 739 aliud
2099 658 2315 726 quoque
2347 672 2520 737 genus
2555 654 2901 730 Scytharum,
2932 657 3024 728 qui
3067 654 3386 739 habitabant
3424 650 3495 709 ad

1919 738 2121 801 ﬂuenta
2158 748 2408 815 Danubii,
2433 744 2753 819 accepisset,
2788 749 2944 805 sitire
2975 747 3196 818 quidem
3224 738 3491 800 fluentum

1918 838 2156 909 pietatis,
2180 855 2320 910 opus
2346 846 2479 896 Vero
2508 841 2711 896 habere
2741 842 2828 904 eo,
2860 838 2952 911 qui
2993 845 3139 894 esset
3180 843 3489 908 potaturus,

1920 928 2036 987 haec
2083 932 2354 1004 signiﬁcat
2404 931 2636 989 Leontio
2666 935 2896 1003 Ancyra:
2930 930 3227 1002 episcopo:
3259 935 3316 983 et
3352 940 3495 996 quo-

1919 1022 2065 1077 niam
2106 1023 2195 1078 ille
2243 1040 2382 1095 opus
2421 1012 2656 1079 habebat
2685 1022 2817 1079 viris
2847 1010 2917 1078 ad
2960 1023 3076 1076 hare
3117 1019 3348 1083 idoneis,
3372 1031 3495 1072 cum

1920 1114 2054 1169 tales
2107 1114 2258 1169 illinc
2307 1112 2629 1186 accepisset,
2678 1123 2734 1170 et
2784 1114 2851 1169 ad
2884 1128 3008 1179 eos,
3049 1124 3187 1181 quos
3232 1109 3494 1166 diximus.

1921 1201 2174 1278 Scythas.
2209 1207 2375 1262 veluti
2407 1207 2666 1278 quasdam
2714 1206 2900 1261 stellas
2955 1203 3193 1259 misisset
3226 1201 3295 1255 ad
3350 1198 3499 1255 occi-

1920 1298 2188 1385 dentales,
2219 1300 2442 1357 deducit
2488 1301 2554 1356 ad
2605 1301 2912 1385 veritatem;
2965 1296 3167 1351 Praeter
3216 1295 3335 1349 haec
3371 1292 3499 1347 cum

1920 1384 2210 1445 Marcionis
2246 1390 2493 1445 haeresim
2540 1382 2853 1445 rescivisse:
2902 1402 3120 1458 serpere
3150 1385 3206 1440 in
3237 1382 3501 1454 quasdam

1921 1482 2071 1539 vicos
2130 1482 2390 1548 Orientis,
2432 1492 2487 1538 et
2535 1482 2735 1537 multos
2782 1493 3176 1551 corrumpere,
3216 1491 3327 1531 non
3379 1468 3506 1529 tulit

1926 1574 2241 1641 toleranter,
2279 1580 2461 1646 neque
2493 1570 2851 1630 dilationibus
2905 1582 2961 1628 et
3012 1570 3355 1642 temporibus
3386 1580 3506 1639 pro-

1924 1670 2087 1747 traxit
2117 1670 2513 1725 correctionem
2550 1708 2567 1736 ,
2616 1667 2712 1723 sed
2746 1665 2928 1740 statim
2965 1664 3128 1720 simul
3161 1662 3378 1734 quidem
3409 1674 3502 1716 re-

1924 1761 2008 1835 gia
2038 1761 2301 1835 potentia,
2338 1761 2499 1818 simul
2524 1771 2706 1817 autem
2763 1775 2860 1816 sua
2888 1772 3106 1830 quoque
3134 1771 3267 1812 usus
3306 1761 3502 1809 aucto-

236 1842 500 1907 πτουσαν,
551 1829 653 1883 οὐκ
704 1832 948 1898 ἀνεκτῶς
999 1833 1180 1907 ἔσχεν,
1250 1838 1362 1892 οὐδ’
1397 1840 1691 1907 ἀναϐολαῖς
1721 1842 1816 1897 καὶ

1930 1816 2109 1919 :itaie.
2155 1864 2212 1911 et
2244 1854 2441 1911 litteris
2519 1853 2589 1910 ad
2641 1850 2744 1909 hec
2792 1816 2957 1908 simili
3002 1816 3214 1906 vicinos
3253 1838 3505 1902 excitans

237 1918 453 1989 χρόνοις
474 1920 743 1993 ἐπέτρεψε
768 1923 832 1977 τὸ
858 1925 1201 1997 γιγνόμενον,
1231 1928 1348 1984 ἀλλ’
1375 1931 1541 1999 εὐθὺς
1568 1933 1833 2008 βασιλικῇὲ

239 2011 473 2083 δυνάμει
526 2015 621 2067 καὶ
649 2018 717 2088 τῇ
752 2017 885 2089 παρ’
918 2019 1115 2075 ἑαυτοῦ
1143 2024 1490 2096 χρησάμενος
1535 2026 1819 2100 αὑθεντίᾳ,

240 2107 536 2179 γράμμασί
568 2126 628 2163 τε
654 2111 796 2182 πρὸς
837 2112 998 2167 τοῦτο
1052 2115 1182 2181 τοὺς
1212 2118 1278 2171 ὲκ
1305 2118 1566 2186 γειτόνων
1596 2120 1826 2175 ἐπισκό-

238 2216 378 2264 πους
431 2202 815 2275 διαναστήσας,
849 2204 926 2269 ῶς
958 2220 1082 2262 τινα
1112 2208 1320 2281 φθορὰν
1376 2211 1470 2264 καὶ
1503 2210 1659 2266 νόσον
1678 2212 1738 2265 οὐ
1759 2212 1830 2266 τά

244 2293 443 2365 μέτρια
494 2294 852 2364 λυμαίνεσθαι
899 2297 1229 2371 δυναμένην,
1295 2304 1516 2373 μακρὰν
1573 2303 1827 2373 γενέσθαι

242 2389 344 2458 τῆς
377 2386 703 2459 Ἐκκλησίας
740 2391 1174 2461 παρασκευάζει.
1217 2394 1357 2451 Ἀλλ’
1388 2397 1538 2461 ὅπως
1566 2397 1662 2466 μὲν
1679 2399 1830 2471 αὐτῷ

246 2480 390 2534 κατά
414 2478 627 2536 Παῦλον
658 2485 691 2555 ἡ
723 2483 964 2556 μέριμνα
1002 2489 1197 2544 πασῶν
1216 2489 1327 2543 τῶν
1362 2490 1711 2561 Ἐκκλησιῶν
1736 2488 1827 2565 ἦν,

244 2573 484 2643 μετρίως
513 2575 615 2646 ἤδη
648 2578 967 2655 δεδήλωται.

312 2666 443 2722 KA'.
498 2671 591 2724 Δεῖ
618 2671 674 2724 δὲ
723 2674 825 2739 ⁸καὶ
871 2673 982 2727 τῶν
1020 2673 1198 2729 ἄλλων
1250 2672 1710 2748 ἐπιμνησθῆναι(
1744 2672 1828 2742 οἷς

239 2761 471 2827 ἐκεῖνος,
533 2764 636 2834 τῆς
673 2764 922 2836 γλώττης
942 2766 1092 2838 αὐτῷ
1122 2768 1332 2840 σιωπὴν
1364 2769 1620 2842 ἐχούσης,
1653 2763 1826 2841 ὴσχόιέ

239 2853 391 2924 λητο,
422 2856 516 2910 καὶ
563 2856 699 2911 οἴων
749 2858 927 2929 ἔργων
971 2859 1067 2912 καὶ
1112 2862 1438 2932 οἰκονομιῶν
1470 2862 1703 2934 ἥπτετο.
1741 2861 1825 2916 Τὰ

239 2949 340 3019 τῆς
370 2949 698 3021 Ἐκκλησίας
744 2951 1180 3023 ἐπισκεψάμενος
1229 2954 1581 3026 ἀναλώματα,
1617 2954 1710 3008 καὶ
1739 2955 1828 3008 εύ-

243 3043 358 3113 ρὼν
410 3044 510 3097 οὐκ
563 3046 644 3108 είς
699 3044 818 3098 δέον
864 3044 1162 3116 πάμπολλα
1186 3047 1580 3119 δαπανώμενα,
1617 3047 1826 3120 ταύτην

1928 1947 2235 2019 episcopos,
2276 1954 2533 2016 tanquam
2589 1944 2842 2000 morbum
2872 1942 3109 2013 aliquem
3156 1937 3504 2011 pestiferum,

1927 2039 2020 2110 qui
2057 2045 2270 2110 poterat
2290 2053 2400 2094 non
2436 2036 2712 2091 mediocre
2752 2034 3045 2104 importare
3088 2032 3502 2094 detrimentum,

1928 2129 2093 2185 efficit
2140 2130 2333 2185 abesse
2387 2125 2578 2198 procul
2610 2125 2678 2180 ab
2704 2121 2964 2179 Ecclesia.
3003 2122 3109 2177 Sed
3138 2118 3505 2193 quemadmo—

1928 2221 2058 2276 dum
2088 2219 2181 2276 ille
2217 2217 2459 2290 quidem,
2494 2216 2639 2271 sicut
2667 2213 2886 2269 divinus
2914 2211 3117 2266 Paulus
3152 2211 3216 2277 ",
3250 2219 3368 2265 erat
3400 2208 3508 2263 sol-

1929 2311 2112 2367 licitus
2165 2310 2233 2366 de
2270 2309 2527 2365 omnibus
2572 2304 2852 2369 Ecclesiis,
2884 2303 3025 2359 sient
3054 2317 3084 2356 a
3110 2301 3269 2358 nobis
3297 2299 3508 2357 medio-

1930 2402 2114 2469 criter,
2146 2402 2218 2460 ita
2246 2402 2410 2475 etiam
2440 2408 2566 2456 vere
2597 2398 2700 2454 fuit
2733 2405 3037 2453 ostensum.

2004 2680 2148 2735 XXI.
2179 2678 2408 2750 Oportet
2455 2684 2639 2734 autem
2682 2676 2910 2732 aliormn
2934 2689 3151 2746 quoque
3174 2666 3510 2735 meminisse,

1933 2773 1989 2827 in
2023 2771 2220 2843 quibus
2276 2770 2388 2834 ille,
2416 2770 2604 2842 lingua
2648 2768 2767 2839 ejus
2824 2776 3059 2830 tacente,
3112 2764 3231 2821 erat
3277 2778 3513 2834 occupa-

1934 2872 2042 2930 tus‘,
2079 2873 2132 2919 et
2162 2866 2412 2934 quaenam
2443 2861 2857 2933 aggrediebatur
2885 2874 3070 2931 opera.
3101 2856 3237 2915 Cum
3257 2852 3513 2912 conside~

1932 2965 2110 3024 rasset
2145 2957 2422 3027 impensas
2460 2954 2744 3020 Ecclesia),
2779 2961 2833 3008 et
2855 2952 3153 3006 invenisset
3193 2946 3514 3020 earumplu-

1933 3051 2100 3107 rimas
2121 3054 2463 3120 nequaquam
2479 3045 2725 3102 consumi
2745 3044 2894 3109 inea,
2917 3058 3036 3114 qua:
3050 3042 3360 3113 oportebat,
3378 3038 3505 3097 eum

245 3135 368 3206 μὲν,
400 3133 475 3199 ῶς
509 3151 639 3228 τινα
675 3137 849 3209 φορὰν
909 3137 1124 3208 ἄλογον,
1168 3139 1351 3211 ἵστησι
1411 3140 1512 3212 τὴν
1542 3141 1816 3213 δαπάνηψ

1933 3142 2152 3214 quidem
2179 3140 2324 3197 sistit
2346 3138 2644 3210 sumptum,
2671 3146 2925 3206 tanquam
2949 3133 3168 3190 modum
3193 3132 3509 3202 quempiam

244 3230 593 3298 μετοχετεύει
623 3227 678 3281 δὲ
708 3229 846 3300 πρὸς
885 3229 1106 3301 θεοφιλῆ
1137 3231 1216 3302 τῷ
1245 3232 1357 3288 ϐντι
1392 3236 1487 3289 καὶ
1516 3235 1823 3308 φιλάνθρω-

246 3333 354 3372 πον
404 3319 694 3391 ἀφορμήν·
727 3320 823 3374 καὶ
843 3313 1165 3392 νοσοκομᾶα
1213 3326 1324 3388 τοῖς
1355 3324 1526 3390 ξένοις
1556 3328 1583 3381 ό
1611 3327 1689 3398 τῷ
1712 3326 1830 3399 Θεῷ

243 3410 482 3479 ἑγγίζων
538 3412 925 3485 οἰκοδομήσας,
964 3416 1083 3468 ἐκεῖ
1107 3415 1175 3469 τά
1207 3418 1439 3487 περιττὰ
1476 3418 1622 3488 ῥέειν
1648 3438 1827 3492 παρα-

243 3503 524 3568 σκευάζει,
591 3503 1001 3577 πρεσϐυτέρους
1046 3520 1107 3558 τε
1140 3507 1436 3573 ἐπιτάξας,
1492 3510 1585 3561 καὶ
1632 3509 1831 3573 αὐτοὺς

241 3595 357 3649 τῶν
392 3596 530 3664 ἄγαν
578 3597 825 3651 εὐλαϐῶν
880 3596 978 3652 καὶ
1011 3597 1253 3667 ἀζύγων,
1298 3599 1435 3653 ἀλλά
1482 3599 1577 3654 καὶ
1626 3600 1831 3671 ἰατρῶν

243 3690 375 3752 τοὺς
399 3689 803 3761 δοκιμωτάτους
829 3692 907 3756 είς
936 3690 1034 3762 τὴν
1072 3691 1180 3745 τῶν
1218 3691 1457 3747 ἀσθενῶν
1487 3693 1826 3764 ἐπιμέλειαν.

247 3782 485 3852 Ἕτερον
545 3784 706 3853 ἔργον
770 3783 919 3855 αύτῷ
972 3784 1065 3838 καὶ
1113 3784 1334 3853 φροντὶς
1375 3786 1574 3857 ἥκιστα
1609 3784 1828 3857 μετρία,

240 3874 307 3926 τὸ
335 3873 444 3927 τῶν
486 3875 674 3946 χηρῶν
716 3877 921 3946 τάγμα.
961 3876 1179 3947 ’Ᾱσπερ
1227 3875 1291 3948 δὴ
1330 3875 1564 3930 κατιδὼν
1610 3876 1671 3929 οὐ
1730 3892 1823 3930 τεο

242 3967 556 4037 ταγμένως,
620 3969 761 4023 ἀλλά
804 3971 1145 4043 πλημμελῶς
1195 3971 1445 4041 ἐχούσας,
1502 3972 1708 4044 διαιρεῖ
1729 3972 1828 4042 μὲν

243 4061 451 4126 καλῶς,
511 4064 787 4134 οἰκονομεῖ
816 4065 872 4118 δὲ
899 4066 1078 4118 καὶτὸ
1122 4070 1250 4137 περὶ
1305 4066 1475 4129 αὑτὰς
1535 4065 1822 4135 φιλοθέως.

244 4156 468 4209 τούτων
525 4158 629 4228 γὰρ
667 4158 788 4212 ὅσαι
822 4158 916 4212 καὶ
952 4158 1305 4231 φρεσὶνῆσαν
1333 4161 1431 4213 καὶ
1469 4159 1655 4232 ἡλικίᾳ
1695 4161 1827 4214 νεά-

249 4247 467 4313 (eum,
498 4251 593 4302 καὶ
619 4249 707 4303 διὰ
753 4249 912 4303 τοῦτο
946 4250 1042 4304 καὶ
1073 4250 1212 4321 πρὸς
1272 4251 1466 4322 ήδονάς
1515 4253 1833 4324 εὐπερίτρε·

245 4357 398 4402 πτοι,
451 4340 688 4412 δευτέρῳ
742 4338 1053 4412 χρήσασθαι
1094 4345 1257 4415 γάμῳ
1313 4344 1572 4409 κελεύει,
1622 4344 1830 4416 βέλτιον

1934 3235 2421 3298 inconsideratum,
2457 3242 2513 3287 et
2545 3229 2777 3287 traducit
2824 3227 2891 3284 ad
2922 3242 3081 3285 usum
3114 3241 3237 3281 vere
3270 3224 3422 3296 pium
3456 3232 3514 3282 et

1933 3318 2233 3388 humanum
2296 3338 2398 3385 :et
2457 3343 2580 3383 cum
2627 3324 2928 3397 peregrinis
2972 3322 3292 3378 aediﬁcasset
3340 3335 3511 3377 noso~

1933 3423 2110 3479 comia
2141 3422 2209 3484 is,
2256 3419 2350 3491 qui
2381 3421 2490 3485 Deo
2534 3416 3024 3489 appropinquabat,
3056 3415 3238 3472 ell'ecit
3295 3423 3358 3469 ut
3387 3414 3516 3469 illuc

1931 3516 2096 3572 etiam
2126 3512 2435 3579 allluerent,
2470 3527 2593 3582 quae
2623 3517 2752 3565 sunt
2779 3507 3129 3565 necessaria:
3168 3507 3248 3562 eis
3282 3507 3516 3579 presby-

1933 3616 2079 3661 teros
2113 3600 2411 3674 prmﬁeiens
2440 3600 2595 3656 valde
2624 3598 2743 3670 pios
2768 3598 2841 3666 {et
2871 3596 3113 3668 conjugii
3157 3606 3430 3668 expertes,
3459 3605 3516 3653 et

1930 3698 2173 3754 medicos
2204 3710 2422 3767 quoque
2454 3690 2873 3765 probatissimos
2898 3690 2966 3747 ad
2998 3704 3185 3746 curam
3218 3690 3513 3760 gerendam

1929 3800 2278 3863 aegrotorum.
2319 3785 2452 3842 Erat
2499 3794 2681 3841 autem
2731 3785 2837 3839 boc
2890 3797 3104 3854 quoque
3134 3781 3255 3852 ejus
3291 3798 3429 3853 opus
3460 3792 3517 3837 et

1932 3898 2062 3940 cura
2099 3898 2211 3938 non
2249 3880 2565 3946 mediocris,
2615 3892 2816 3948 nempe
2849 3876 2983 3931 ordo
3038 3874 3345 3930 viduarum.
3380 3872 3515 3929 Nam

1932 3990 2057 4031 cum
2091 3987 2184 4028 eas
2221 3971 2447 4027 vidisset
2490 3968 2786 4041 praeclarus
2814 3983 2953 4023 .non
3001 3974 3151 4022 recte
3186 3976 3242 4022 et
3290 3965 3507 4031 ordine,

1931 4068 2028 4125 sed
2056 4080 2225 4140 prave
2267 4080 2329 4143 se
2366 4078 2578 4137 gerere,
2612 4061 2841 4133 pulchre
2883 4061 3108 4134 quidem
3155 4059 3367 4126 dividit,
3406 4073 3518 4113 non

1930 4162 2113 4217 minus
2139 4168 2321 4217 autem
2356 4159 2446 4232 pie
2475 4156 2755 4227 dispensat
2788 4164 2845 4212 et
2876 4154 3223 4212 administrat
3267 4152 3342 4219 id,
3373 4151 3517 4223 quod

1930 4254 1999 4311 ad
2028 4270 2122 4310 eas
2159 4252 2490 4326 pertinebat.
2538 4248 2893 4317 Quaecunque
2940 4248 3087 4326 enim
3141 4262 3205 4301 ex
3265 4246 3334 4325 iis
3362 4254 3520 4300 erant

1931 4352 2090 4400 relate
2131 4320 2397 4415 juvenes,
2432 4350 2487 4398 et
2530 4340 2651 4396 ideo
2699 4353 2986 4410 propensae
3035 4324 3103 4390 ad
3181 4320 3515 4403 voluptates.

245 4431 600 4507 ἡγησάμενος
640 4433 701 4484 τὸ
728 4433 785 4485 ὲν
802 4431 878 4502 τῷ
912 4431 1147 4500 ἀσφαλεῖ
1198 4432 1587 4503 ταπεινότερον
1619 4433 1713 4487 τοῦ
1753 4433 1824 4505 μὴ

1930 4438 2086 4509 jubet
2128 4433 2387 4493 secundis
2417 4434 2497 4490 uti
2524 4433 2732 4504 nuptiis
2770 4449 2784 4485 :
2827 4430 3023 4486 melius
3061 4443 3182 4483 esse
3220 4427 3519 4482 arbitratus

245 4526 421 4596 χωρὶς
443 4525 624 4595 φόϐων
641 4524 996 4597 ὑψηλοτέρου.
1031 4526 1165 4591 Ταῖς
1193 4526 1376 4596 μέντοι
1399 4526 1492 4580 τὸν
1527 4526 1824 4598 βίονσπου-

1939 4529 2013 4591 id.
2042 4528 2187 4600 quod
2224 4536 2310 4582 est
2351 4526 2407 4581 in
2446 4534 2587 4588 tuto,
2618 4522 2846 4588 humile,
2887 4536 3049 4592 quam
3080 4517 3333 4580 sublime,
3375 4516 3519 4587 quod

244 4615 577 4702 δαιοτέραις,
630 4617 725 4670 καὶ
775 4619 898 4672 ὅσαι
930 4616 1041 4670 τῶν
1065 4618 1244 4673 ἄλλων
1280 4618 1712 4700 ἀφηλικέστεραι
1738 4621 1824 4673 καὶ

1936 4632 2048 4673 non
2098 4624 2182 4672 est
2223 4616 2341 4672 sine
2377 4612 2650 4670 metu.'lis
2684 4621 2889 4675 autem,
2922 4626 3041 4680 qua:
3074 4619 3231 4664 erant
3252 4607 3375 4662 vita:
3402 4622 3520 4663 me-

249 4705 331 4779 μὴ
384 4705 667 4779 ἔλαττονῆ
711 4708 973 4779 ἐξήκοντα
1014 4709 1109 4778 ἔτη
1136 4712 1435 4779 γεγονυῖαι,
1481 4712 1706 4777 ταύταις
1760 4712 1846 4784 δὴ·

249 4800 532 4868 νηστείαις
586 4800 689 4871 μὲν
754 4796 1037 4871 σχολάζειν
1063 4804 1157 4856 καὶ
1185 4807 1517 4874 προσευχαῖς
1550 4807 1829 4873 παραινεῖ,

247 4889 495 4962 λουτρῶν
521 4891 578 4945 δὲ
627 4892 931 4963 ἀπέχεσθαι
989 4893 1084 4947 xei.
1140 4896 1342 4961 πότων,
1403 4897 1498 4949 καὶ
1539 4896 1641 4966 τῆς
1686 4897 1828 4950 κατά

249 4982 352 5054 τὴν
382 4984 586 5054 ἐσθῆτα
614 4985 985 5049 πολυτελείας.
1034 4978 1179 5041 Οὐδὲ
1199 4988 1356 5042 τοῦτο
1386 4988 1700 5059 ἀκόσμητον
1731 4990 1825 5043 καὶ

247 5073 352 5145 τῆς
401 5076 544 5138 κατά
595 5075 759 5144 λόγον
817 5078 1132 5148 οἰκονομίας
1192 5074 1398 5150 ἔρημον
1461 5079 1825 5148 καταλείπει,

247 5165 480 5236 ἀνδράσι
508 5166 653 5233 λέγω
681 5169 774 5222 καὶ
799 5168 1018 5247 γυναιξὶ
1042 5170 1139 5234 τὰς
1175 5173 1257 5234 είς
1276 5172 1377 5241 τὴν
1406 5172 1560 5243 ἱέράν
1607 5172 1829 5240 σύναξιν

248 5261 607 5330 ἀπαντήσεις,
639 5261 776 5315 ἀλλά
805 5260 1005 5333 διαιρεῖ
1028 5262 1306 5325 κάνταῦθα
1333 5264 1538 5328 καλῶς.
1571 5267 1666 5320 καῖ
1696 5267 1826 5331 τοὺς

254 5349 358 5421 μὲν
423 5352 619 5417 νυκτὸς
673 5354 756 5406 δτι
815 5353 1104 5420 πλείστους
1135 5355 1347 5410 κελεύει
1394 5360 1610 5430 φοιτᾷν,
1644 5361 1743 5424 τὰς
1778 5359 1839 5412 δὲ

1936 4707 2104 4772 lioris,
2165 4716 2221 4763 et
2266 4704 2442 4761 aetatis
2491 4701 3061 4775 aliisprovectioris,
3102 4707 3163 4754 ut
3226 4712 3347 4768 qua».
3408 4712 3520 4759 non

1935 4809 2120 4856 essent
2145 4808 2286 4853 natae
2312 4798 2494 4852 minus
2511 4812 2672 4867 quam
2692 4795 2970 4867 sexaginta
2998 4806 3192 4856 annos,
3224 4791 3303 4845 eis
3325 4788 3522 4846 suadet

1935 4901 1997 4949 ut
2049 4900 2247 4948 vacent
2266 4890 2493 4963 jejuniis
2524 4897 2580 4944 et
2605 4888 2861 4960 precibus
2893 4905 2906 4941 :
2935 4875 3245 4942 abstineant
3272 4892 3455 4938 autem
3485 4895 3520 4937 a

1934 4985 2162 5041 lavacris
2204 4994 2260 5039 et
2304 4982 2540 5038 maxime
2587 4980 2854 5036 conviviis
2879 5021 2893 5045 ,
2929 4988 2984 5034 et
3012 4994 3042 5033 a
3073 4976 3405 5047 sumptuosis
3425 4989 3521 5031 ve-

1936 5078 2129 5133 stibus.
2157 5075 2355 5139 Habes,
2377 5071 2617 5129 studiose
2635 5070 2872 5135 auditor,
2916 5062 3073 5127 aliud
3093 5083 3331 5141 quoque,
3361 5067 3519 5137 cujus

1935 5169 2116 5227 studio
2151 5167 2461 5230 tenebatur,
2493 5165 2636 5236 quod
2672 5170 2782 5219 non
2814 5158 2899 5219 est
2931 5163 3033 5218 vile
3062 5177 3164 5217 nee
3193 5148 3467 5216 triﬁdiocre
3499 5146 3525 5212 ε’

1935 5262 2132 5332 nempe
2182 5260 2249 5315 ad
2288 5273 2495 5314 sacram
2540 5256 2786 5328 synaxim
2849 5255 3144 5311 adventum
3179 5252 3422 5309 virorum
3462 5259 3518 5304 et

1935 5356 2246 5410 mulierum.
2287 5352 2423 5408 Nam
2459 5352 2562 5407 nec
2613 5350 2716 5406 hoc
2750 5365 2967 5421 quoque
3010 5346 3270 5418 relinquit
3307 5340 3519 5401 inordi-

248 5444 448 5510 νυκτὸς
513 5445 611 5515 μὲν
671 5448 973 5516 οἰκουρεῖν,-
1015 5446 1229 5518 ἡμέρας
1260 5440 1320 5503 δί
1383 5426 1546 5503 κατι
1578 5449 1712 5504 πολῦ
1772 5450 1824 5504 τι

1934 5456 2144 5513 natum,
2191 5463 2294 5502 nec
2318 5446 2373 5501 in
2412 5440 2716 5516 periculum
2745 5438 3057 5506 adductum,
3103 5452 3206 5496 nec
3238 5426 3513 5495 defectum

250 5536 539 5609 πρόθυμον
593 5539 863 5609 ἀπαντᾷν.
904 5536 1062 5593 οὕτω
1094 5539 1273 5593 ποιῶν
1295 5542 1388 5594 καὶ
1421 5532 1607 5613 ἔργοις
1640 5542 1824 5597 ἐαυτδι

1935 5538 2338 5610 dispensatione
2362 5580 2375 5603 ,
2413 5555 2535 5609 qua;
2566 5534 2641 5589 ιιι
2668 5550 2732 5589 ex
2780 5520 3156 5588 rationeCSed
3185 5528 3273 5584 hic
3300 5540 3519 5598 quoque

249 5629 348 5685 καὶ
409 5629 658 5702 φροντίσι
716 5630 996 5692 τοιαύταις
1053 5628 1384 5701 ἔνασχολῶν,
1428 5633 1652 5687 ἔσπευδε
1691 5632 1824 5688 κατὰ

1939 5632 2168 5704 pulchre
2204 5640 2259 5689 et
2313 5640 2430 5686 tuto
2467 5627 2752 5687 distribuit
2804 5641 2904 5697 pro
2957 5613 3168 5679 viribus
3208 5635 3221 5672 :
3268 5628 3322 5674 et
3370 5617 3516 5687 viro;

325 5805 370 5841 ⁸⁸
406 5805 453 5865 II
478 5807 602 5864 Cor.
637 5824 696 5873 ιι,
731 5808 824 5864 28.

583 5904 851 5969 ΡΑτιιοι..
899 5906 1013 5969 Gn.
1061 5908 1279 5973 CXIV.

2832 5898 2839 5907 ’
3084 5901 3154 5963 55
