3834 6536
324 339 462 409 1039

1567 336 1860 416 ,MENSIS
1896 333 2361 397 nummus.

3428 324 3578 391 llOO

317 460 539 531 quidem
567 460 723 531 jubet
769 467 937 514 noctu
966 456 1127 516 simul
1166 453 1434 510 ventitare
1470 459 1525 508 et
1557 453 1611 507 in
1641 452 1889 507 multitu-

2003 449 2205 503 Παῦλον
2233 446 2583 518 ἀπρόσκοπος
2620 437 2761 498 εἶναι
2808 442 2964 498 πᾶσι.
3005 440 3116 495 Καὶ
3145 439 3334 510 ὥσπερ
3360 439 3577 504 ἐκεῖ-ως
3609 472 3625 485 .

318 548 473 617 dine,
522 560 583 606 ut
637 548 949 605 voluerint:
983 548 1241 603 mulieres
1273 561 1402 602 vero
1459 553 1624 601 noctu
1670 543 1891 615 quidem

321 657 538 698 servare
581 642 799 698 domum
833 658 848 698 :
880 638 1116 695 interdiu
1165 646 1347 694 autem
1373 678 1387 704 ,
1420 636 1609 693 venire
1641 645 1892 707 prompto

321 740 378 788 et
406 731 570 788 alacri
601 732 803 786 animo.
855 731 946 788 Sic
975 732 1206 796 faciens,
1242 737 1297 785 et
1345 728 1401 784 in
1445 728 1646 784 talibus
1672 742 1895 783 versans

320 825 579 896 operibus
607 834 663 881 et
693 823 1182 889 sollicitudinibus,
1207 821 1482 884 studebat,
1514 821 1657 876 sicut
1696 819 1894 875 Paulus

321 931 443 971 esse
474 916 729 973 omnibus
755 914 874 971 sine
912 911 1217 970 offensione
1246 914 1312 978 ",
1346 922 1403 968 et
1428 913 1570 967 sicut
1601 911 1692 967 ille
1719 911 1898 966 omni-

321 1006 426 1063 bus
451 1007 568 1063 sine
610 1017 830 1078 sumptu
864 1006 1144 1078 praebebat
1168 1005 1521 1078 Evangelium
1549 1005 1594 1038 '°
1636 1023 1649 1058 :
1688 1003 1768 1059 sic
1799 1018 1897 1058 au-

324 1105 433 1154 tem
456 1098 573 1169 ipse
618 1114 835 1170 quoque
877 1098 1031 1153 nullo
1064 1114 1128 1153 ex
1160 1097 1226 1153 iis
1273 1112 1394 1168 qum
1423 1105 1578 1152 erant
1616 1094 1894 1161 Ecclesiae,

322 1198 379 1245 et
405 1192 603 1262 quibus
651 1206 843 1247 secure
877 1191 1076 1246 licebat
1125 1189 1378 1245 omnibus
1415 1188 1707 1259 episcopis,
1743 1187 1894 1242 nullo

323 1283 487 1339 modo
513 1292 596 1339 cst
628 1299 778 1347 usus,
824 1293 883 1339 ut
914 1283 1008 1356 qui
1054 1298 1331 1356 nunquam
1362 1283 1637 1354 aspexerit
1663 1281 1729 1336 ad
1758 1280 1896 1335 deli-

324 1375 437 1431 cias
461 1383 517 1430 et
554 1375 936 1431 recreationes.
965 1352 1443 1449 Quomodo'enim,
1476 1375 1569 1445 qui
1599 1374 1687 1427 vix
1721 1371 1895 1427 Solum

325 1465 626 1539 attingebat
654 1466 1070 1527 nutrimentum.
1090 1464 1339 1520 convivia
1380 1474 1562 1519 autem
1594 1472 1650 1519 et
1678 1478 1899 1533 compo-

324 1555 559 1611 tationes
591 1557 660 1610 ita
694 1555 948 1628 fugiebat,
982 1556 1122 1610 sicut
1162 1554 1313 1625 prius
1366 1555 1620 1618 diximus,
1685 1562 1743 1609 ut
1771 1569 1894 1608 cum

325 1649 477 1705 nullo
532 1649 678 1704 vesci
730 1649 1013 1703 induceret
1064 1648 1121 1702 in
1164 1645 1450 1701 animum?
1481 1643 1898 1712 Quamobrem?

325 1740 510 1798 Satius
550 1742 695 1797 enim
719 1741 884 1797 fuerit
912 1740 1096 1796 dicere
1125 1755 1344 1795 causam
1374 1755 1387 1793 :
1417 1738 1592 1794 visum
1622 1746 1707 1793 est
1748 1737 1894 1792 enim

324 1830 431 1885 hoc
461 1830 646 1888 multis
691 1846 945 1901 asperum
993 1839 1049 1886 et
1098 1832 1367 1901 ingratum
1389 1870 1403 1894 .
1436 1838 1492 1885 et
1519 1828 1679 1884 ulline
1706 1843 1894 1899 repre-
1926 1800 1973 1861 Β

324 1923 595 1981 bensioni.
652 1923 894 1979 Primum
950 1923 1195 1994 quidem,
1231 1923 1374 1994 quod
1408 1937 1533 1977 cum
1581 1922 1649 1977 ab
1676 1921 1898 1977 ineunte

324 2023 491 2072 aetate
559 2017 895 2074 assuevisset
959 2015 1171 2087 jejunio
1204 2054 1219 2081 ,
1261 2015 1422 2086 idque
1444 2023 1589 2070 esset
1635 2014 1682 2069 ei
1731 2012 1900 2069 veluti

325 2109 587 2166 coalitum
644 2117 701 2166 et
756 2109 1045 2176 usitatum,
1097 2124 1128 2164 a
1193 2108 1427 2179 vinoque
1470 2115 1527 2162 et
1553 2108 1747 2177 quovis
1768 2107 1897 2175 alio,

324 2200 472 2281 quod
507 2210 593 2257 est
624 2200 801 2258 ventri
829 2212 1064 2275 gratum,
1101 2202 1328 2258 omnino
1356 2200 1730 2265 abstinuisset,
1764 2200 1900 2255 adeo

326 2301 391 2349 ut
436 2292 554 2349 solo
610 2293 801 2350 hordei
855 2308 1020 2351 succo
1070 2294 1281 2349 viveret
1318 2302 1375 2349 et
1421 2308 1588 2348 carne
1626 2292 1900 2365 superior,

326 2385 545 2457 cibique
598 2394 653 2443 et
689 2396 853 2457 potus
887 2401 1084 2457 expers
1134 2384 1530 2457 propemodum
1571 2385 1899 2442 videretur:

326 2491 455 2534 cum
484 2477 576 2533 ille
605 2478 946 2534 stomachum
988 2478 1092 2534 hac
1116 2492 1309 2548 aspera
1339 2486 1394 2533 et
1426 2493 1546 2548 quae
1573 2478 1710 2533 nihil
1734 2477 1901 2533 hilare

328 2565 586 2632 habebat,
615 2566 832 2622 vivendi
866 2566 1077 2622 ratione
1107 2567 1264 2623 valde
1304 2568 1657 2638 corrupisset,
1688 2577 1744 2623 et
1769 2567 1904 2624 effe-

328 2655 496 2713 cisset
549 2667 611 2714 ut
659 2659 729 2715 ad
786 2660 997 2716 nullum
1047 2660 1194 2725 aliud
1229 2660 1553 2716 sumendum
1594 2661 1900 2716 nutrimen-

329 2755 446 2806 tum
482 2760 629 2807 esset
680 2751 929 2817 idoneus,
957 2767 1098 2825 aegre
1125 2761 1339 2823 poterat
1383 2753 1586 2825 aliquid
1615 2752 1902 2819 admittere

329 2855 395 2897 ex
422 2841 509 2906 iis,
542 2858 665 2914 quae
694 2843 814 2899 aliis
861 2853 991 2899 sunt
1038 2852 1211 2915 grata.
1244 2842 1312 2897 Et
1338 2843 1461 2900 ideo
1492 2859 1605 2900 non
1647 2843 1902 2899 lubenter

327 2932 627 3004 aspiciebat
674 2934 912 3006 aliquid,
952 2936 1097 3006 quod
1146 2944 1293 2991 esset
1342 2945 1556 3007 gratum
1607 2936 1812 3008 gutturi
1845 2944 1901 2993 et

328 3039 454 3080 cum
487 3026 767 3097 voluptate
814 3037 1144 3082 sumeretur.
1180 3029 1355 3097 Atque
1401 3028 1519 3083 hac
1548 3027 1768 3099 quidem
1818 3034 1903 3082 est

1995 540 2272 595 ἀδάπανον
2333 538 2499 593 ἐτίθει
2525 538 2588 593 τὸ
2621 537 2975 607 Εὑαγγέλιον,
3000 534 3145 590 οὕτω
3182 534 3247 607 δὴ
3278 535 3373 589 καὶ
3401 533 3576 598 αὐτος

1995 634 2173 688 οὐδενὶ
2221 636 2490 704 ἐκέχρητο
2537 630 2645 685 τῶν
2672 631 2771 700 τῆς
2804 628 3153 701 Ἐκκλησίας,
3180 628 3280 681 ὅσα
3304 643 3369 696 γε
3394 642 3574 698 προτ-

1996 726 2119 798 ήκει
2152 728 2266 790 τοῖς
2322 727 2643 798 επισκόποις
2686 723 2870 787 πόθεν,
2901 724 2960 787 ὃς
2987 740 3051 792 γε
3076 722 3170 776 καὶ
3202 722 3375 791 αὐτῆς
3407 719 3575 788 μόλις

2000 794 2171 888 φάναι
2200 794 2408 890 τροφῆς
2456 818 2661 888 ἥπτετο
2692 832 2706 847 ·
2741 816 3020 886 συμπόσια
3047 815 3103 868 δὲ
3134 812 3228 867 καὶ¹
3247 811 3576 881 φιλοτησίας

1995 909 2139 964 οὕτω
2168 910 2408 980 παρεῖδε,
2439 909 2535 962 καὶ
2571 907 2979 979 βιωτικωτέρας
3011 907 3190 977 ἔκρινε
3221 903 3392 959 ταὺτα
3422 903 3581 972 φιλο-

1995 1002 2205 1073 τιμίας,
2235 1001 2308 1066 ὡς
2331 1002 2464 1072 μηδὲ
2489 1003 2761 1053 συσσιτεῖν
2786 998 3076 1068 ἀνέχεσθαι
3107 995 3316 1067 μηδενί.
3345 996 3445 1048 Διὰ
3476 992 3533 1046 τί
3558 1011 3574 1059 ;

1999 1093 2133 1149 Οὐδὲ
2187 1093 2295 1165 γὰρ
2349 1095 2530 1163 χεῖρον
2576 1089 3038 1160 ἀπολογήσασθαι,
3076 1088 3198 1143 ἐπεὶ
3233 1088 3327 1141 καὶ
3352 1087 3579 1149 πολλοῖς

2000 1189 2235 1259 σκληρὸν
2286 1190 2379 1242 καὶ
2406 1187 2596 1257 ἄφιλον
2626 1185 2772 1252 εδοξε
2803 1185 2981 1249 τοῦτο,
3017 1185 3109 1237 καὶ
3139 1180 3233 1234 τοῦ
3256 1180 3451 1250 ψέγειν
3485 1181 3580 1246 ἐγ.

1997 1278 2119 1346 γύς.
2170 1278 2366 1350 Πρῶτα
2413 1278 2514 1346 μὲν
2560 1277 2642 1331 ὅτι
2673 1278 2736 1328 ἐκ
2770 1275 2892 1328 νέου
2926 1274 3006 1346 τῷ
3037 1271 3324 1342 νηστεύειν
3356 1270 3579 1323 συνεθςο

2001 1372 2168 1436 αθεῖς.
2225 1371 2321 1425 καὶ
2378 1370 2675 1442 σύντροφον
2721 1367 2872 1438 αὐτῷ
2906 1367 3001 1420 καὶ
3062 1365 3239 1434 φίλον,
3296 1359 3464 1431 εἴπερ
3494 1376 3581 1419 τις

1997 1464 2204 1535 ἕτερος,
2258 1460 2650 1533 ποιησάμενος,
2706 1460 2851 1514 οἴνου
2886 1476 2943 1511 τε
2978 1456 3075 1510 καὶ
3142 1453 3345 1515 παντὸς
3375 1452 3580 1523 ἑτέρου

1998 1555 2094 1610 τοῦ
2129 1555 2331 1626 γαστρὶ
2398 1551 2798 1625 κεχαρισμένου
2831 1548 3157 1620 παμπληθὲς
3194 1545 3582 1618 ἀποσχόμενος

2002 1648 2083 1710 είς
2119 1645 2399 1712 τοσοῦτον,
2432 1645 2505 1709 ὡς
2536 1642 2682 1715 χυλῷ
2735 1647 2830 1697 καὶ
2886 1641 3034 1712 μόνῳ
3068 1639 3269 1713 κριθῆς
3292 1638 3416 1692 καθ’
3450 1637 3583 1690 ἑαυ-

1998 1738 2092 1792 τὸν
2114 1736 2344 1809 ἀποζῆν,
2375 1735 2639 1806 κρείττων
2671 1750 2731 1788 τε
2756 1733 2959 1802 σαρκὸς
2985 1732 3215 1803 ὁρᾶσθαι
3248 1729 3340 1783 καὶ
3385 1728 3591 1799 σχεδὸν

2000 1830 2185 1893 ἄσιτός
2211 1846 2270 1882 τε
2306 1829 2399 1884 καὶ
2451 1827 2687 1897 ἄτροφος
2748 1821 2911 1891 εἶναι,
2966 1825 3062 1877 καὶ
3120 1824 3248 1876 ὅσον
3283 1822 3347 1874 ὲκ
3380 1819 3581 1874 τούτου

2001 1922 2140 1996 μηδὲ
2201 1919 2302 1992 ζῇν
2352 1920 2783 1990 πιστευόμενος,
2836 1920 2920 1982 είς
2983 1917 3037 1971 τί
3093 1916 3453 1987 καταλήγει;
3512 1916 3581 1984 τῇ

2001 2013 2214 2086 σκληρᾷ
2251 2011 2422 2081 ταύτῃ
2456 2012 2551 2065 καὶ
2588 2010 2741 2065 οὐδὲν
2778 2009 2965 2080 ίλαρον
2997 2007 3198 2081 ἑκούσῃ
3253 2009 3352 2062 καὶ
3387 2007 3581 2076 φιλάν-

2001 2105 2221 2175 θρωπον
2276 2106 2466 2176 ἀγωγῇ
2503 2103 2593 2157 τὸν
2654 2102 2926 2174 στόμαχον
2955 2100 3305 2171 διαφθείρας,
3339 2100 3585 2171 χαλεπὸς

1997 2192 2067 2269 ἦν
2097 2196 2397 2268 προσέσθαι
2428 2214 2481 2252 τι
2514 2197 2623 2250 τῶν
2648 2194 2939 2265 ἀσυνήθων
3002 2193 3099 2247 καὶ⁵
3151 2192 3425 2265 στερεῶνσ
3487 2194 3610 2246 καὶ.

1998 2291 2088 2347 διὰ
2117 2290 2276 2345 τοῦτο
2300 2289 2480 2363 ἀηδῶς
2507 2289 2656 2362 ἑώρα
2688 2287 2824 2359 πρὸς
2854 2289 2966 2341 πᾶν
2996 2287 3027 2340 ὅ
3059 2303 3111 2340 τι
3138 2285 3328 2357 χάριέν
3356 2286 3478 2339 ἐστι
3502 2285 3585 2355 τῷ

1998 2383 2199 2455 λαιμῷ,
2264 2383 2360 2437 καὶ
2407 2384 2506 2453 τὴν
2554 2381 2738 2455 ὄρεξιν
2784 2379 3120 2435 ἐκκαλεῖται.
3149 2376 3300 2449 Αὕτη
3353 2377 3459 2446 μὲν
3484 2375 3582 2432 οὔ)

1998 2475 2144 2531 αἰτία
2217 2474 2315 2545 μία
2358 2473 2451 2528 τοῦ
2503 2473 2577 2546 μὴ
2628 2473 2880 2543 στέργειν
2965 2469 3127 2524 αὐτὸν
3188 2469 3251 2524 τὸ
3293 2468 3580 2539 όμόσιτον.

2004 2568 2236 2622 Ἔπειτα
2274 2566 2467 2638 κρίνας
2518 2563 2644 2618 καθ’
2671 2563 2864 2639 ξαυτδν
2888 2558 2975 2635 ἦν,
3018 2561 3096 2627 ὡς
3123 2561 3243 2631 εἴγε
3276 2560 3424 2615 τισὶν
3455 2559 3584 2613 ἀνείς⁵

2004 2679 2184 2735 σχοιτο
2204 2662 2364 2734 τῶνῆ
2398 2660 2551 2732 φιλίᾳ
2574 2660 2964 2731 διαφερόντων,
2993 2658 3031 2731 ᾗ
3056 2657 3358 2728 ἀξιώμασι,
3390 2655 3577 2727 κοινῆς

2005 2755 2251 2826 μετέχειν
2303 2752 2605 2824 τραπέζης,
2632 2753 2877 2822 ἀνάγκην
2904 2750 3018 2816 ἕξει
3048 2751 3142 2804 καὶ
3170 2750 3308 2821 προς
3342 2749 3573 2822 ἑτέρους

2000 2845 2160 2900 τοῦτο
2212 2848 2406 2899 ποιεῖν.
2473 2844 2629 2898 Ἐπεὶ
2681 2843 2799 2909 πῶς
2835 2843 2901 2897 ἂν
2930 2843 3081 2915 μένοι
3147 2841 3391 2914 καθαρὸν
3433 2839 3585 2911 αὐτῷ

2002 2936 2065 2993 τδ
2115 2938 2619 3008 ἀπροσωπόληπτόν
2686 2954 2747 2991 τε
2813 2936 2910 2992 καὶ
2965 2936 3398 2991 ἀσκανδάλιστον
3429 2934 3579 3003 ;Καὶ

2006 3029 2178 3093 οὕτως
2219 3031 2300 3093 είς
2344 3030 2573 3093 πολλοὺς
2591 3029 2654 3083 τὸ
2679 3031 2912 3103 πρᾶγμα
2967 3029 3268 3090 διαϐαῖνον,
3308 3028 3374 3082 ού
3426 3026 3586 3099 μόνον

330 3129 441 3170 una
474 3130 640 3173 causa
663 3108 813 3181 {cur
859 3115 1069 3188 fugeret
1101 3132 1342 3179 men<as.
1377 3126 1429 3174 et
1460 3133 1585 3175 cum
1617 3118 1738 3174 aliis
1792 3132 1900 3172 non

2006 3118 2240 3187 ἔγκοπον
2283 3120 2475 3191 ἐκείνῳ
2507 3120 2663 3173 ἔσται
2699 3123 2793 3173 καὶ
2817 3120 3049 3191 ὀχληρὸν
3074 3118 3399 3190 ἀμελετήτῳ
3440 3117 3580 3172 πάνυ

332 3206 499 3261 iniret
527 3207 803 3263 convivia.
847 3205 1055 3263 Deinde
1089 3208 1276 3273 etiam,
1317 3209 1461 3279 quod
1495 3224 1617 3265 cum
1656 3208 1801 3280 apud
1848 3224 1906 3263 se

325 3296 646 3368 iudicasset,
686 3298 832 3369 quod
866 3298 910 3353 si
937 3299 1244 3356 induxisset
1284 3299 1338 3355 in
1366 3300 1632 3364 animum,
1669 3309 1728 3355 ut
1754 3315 1904 3356 eom-

330 3388 573 3444 muniter
615 3399 931 3445 vesceretur
956 3406 1080 3446 eum
1105 3391 1192 3457 iis,
1223 3391 1316 3463 qui
1354 3392 1438 3448 vel
1476 3392 1714 3447 amicitia
1747 3401 1907 3447 ante-

329 3478 536 3536 cellunt
577 3488 673 3535 aut
728 3481 1014 3554 dignitate,
1072 3498 1301 3539 necesse
1351 3482 1578 3539 habebit
1628 3483 1684 3539 id
1740 3485 1906 3539 etiam

329 3568 511 3627 facere
538 3585 661 3627 cum
700 3571 840 3628 aliis.
874 3573 1007 3629 Nam
1040 3576 1315 3646 quomodo
1350 3580 1664 3634 conservari
1713 3588 1909 3648 potue-

329 3665 423 3731 rit,
450 3672 511 3719 ut
540 3664 673 3719 nulll
705 3665 776 3720 sit
814 3665 1127 3733 offensioni,
1180 3683 1357 3740 neque
1404 3670 1656 3742 cuiquam
1717 3670 1910 3726 afferat

328 3753 677 3811 molestiam?
714 3755 910 3828 Sicque
962 3775 1052 3815 res
1093 3760 1160 3815 ad
1187 3761 1389 3816 multos
1444 3764 1716 3818 transiens
1745 3804 1761 3829 ,
1796 3778 1909 3819 non

329 3847 506 3904 solum
534 3848 609 3905 illi
644 3849 828 3906 futura
872 3860 1021 3907 esset
1057 3852 1331 3910 laboriosa
1353 3863 1409 3910 et
1435 3856 1683 3918 molesta,
1721 3864 1781 3911 ut
1817 3856 1909 3926 qui

329 3952 439 3995 non
465 3948 612 3995 esset
635 3948 886 3996 versatus
924 3941 980 3996 in
1022 3943 1185 3999 rebus
1221 3944 1537 4014 huiusmodi
1572 3985 1588 4010 ,
1624 3946 1721 4002 sed
1745 3947 1910 4003 etiam

329 4029 704 4102 interruptura
747 4041 894 4087 esset
942 4034 1258 4090 necessario
1314 4042 1365 4089 et
1416 4050 1501 4102 ea,
1549 4036 1750 4106 quibus
1794 4037 1912 4107 ipse

331 4136 527 4179 vacare
559 4133 939 4188 consueverat,
959 4125 1290 4189 orationem,
1321 4128 1568 4197 inquam,
1605 4136 1663 4183 et
1688 4128 1913 4184 medita-

332 4217 537 4271 tionem
590 4223 648 4271 et
692 4232 877 4272 rerum
927 4218 1282 4274 honestarum
1312 4218 1616 4276 doctrinam
1661 4222 1911 4292 :quihus

328 4308 468 4366 adeo
497 4322 615 4365 erat
643 4309 879 4374 deditus,
924 4322 985 4365 ut
1016 4311 1121 4367 hoc
1167 4326 1313 4383 saepe
1342 4328 1570 4384 parvum
1614 4314 1912 4387 negligeret

2005 3209 2261 3264 τοιούτων
2321 3209 2435 3263 δντι
2486 3210 2919 3282 περισπασμῶν,
2961 3209 3095 3263 ἀλλά
3138 3209 3231 3264 καὶ
3269 3207 3583 3279 περικοπὴν

2006 3299 2234 3371 παρέξει
2258 3301 2370 3364 τοῖς
2415 3301 2766 3369 ἀναγκαίοις,
2829 3303 2924 3356 καὶ
2949 3295 3031 3364 οἷς
3061 3300 3224 3364 αὐτὸς
3257 3300 3423 3353 εῐωθε
3464 3315 3585 3369 σχο·

2007 3394 2211 3459 λάζειν,
2267 3397 2546 3464 προσευχῇ
2600 3394 2744 3461 λέγω
2786 3394 2883 3449 καλ⁵
2932 3394 3199 3465 προσοχῇ,
3245 3391 3342 3446 καὶ
3382 3394 3451 3464 τῇ
3478 3391 3585 3444 τῶν

2008 3485 2192 3540 καλῶν
2245 3484 2467 3557 διδαχῇ·
2523 3478 2597 3538 ὧν
2651 3485 2825 3549 οὕτως
2886 3485 3118 3554 ἐγίνετο,
3176 3483 3251 3547 ὡς
3278 3484 3377 3537 καὶ
3413 3483 3581 3554 αὐτῆς

2010 3578 2270 3643 πολλάκις
2296 3577 2397 3648 τῆς
2457 3579 2658 3649 μικρᾶς
2683 3576 2900 3647 ἐκείνης
2921 3575 3132 3648 τροφῆς
3157 3574 3582 3646 κατολιγωρεῐν,

2009 3674 2110 3744 οὐχ
2166 3674 2247 3726 ὅτι
2297 3671 2394 3725 καὶ
2445 3669 2747 3742 τραπέζαις
2806 3669 2950 3740 ἔχειν
2995 3668 3201 3723 διδόναι
3241 3669 3469 3740 σχολὴν,
3495 3668 3584 3720 καὶ

2009 3766 2271 3829 τοιούτοις
2300 3766 2588 3837 ἀνονήτοις
2641 3766 2734 3819 καὶ
2757 3765 3057 3835 περιττοῖς,
3091 3763 3176 3833 ἐφ’
3200 3752 3281 3826 οἷς
3344 3762 3500 3816 οὐδὲν
3521 3756 3586 3831 ἦν

2010 3859 2218 3930 ἀπᾷδον
2257 3858 2425 3912 αὐτὸν
2480 3857 2661 3926 λέγειν
2689 3856 2750 3911 τὸ
2798 3855 3156 3911 ἀποστολικδν
3206 3856 3385 3910 ἐκεῖνό
3426 3848 3583 3924 φημι·

2025 3971 2043 4004 ι
2056 3952 2181 4005 Ὅτι
2199 3952 2300 4005 οὐκ
2327 3946 2447 4015 tam
2466 3952 2594 4021 ἡμῖν
2615 3950 3013 4013 καταλιπόντας
3030 3948 3121 4002 τὸν
3150 3947 3306 4017 λόγον
3319 3948 3417 4001 τοῦ
3433 3945 3585 4008 θεοῦ,

2012 4043 2312 4114 τραπέζαις
2342 4041 2888 4105 διακονεῖν.ι’Λλλως
2908 4057 2965 4093 τε
2990 4040 3067 4105 δὲ,
3091 4039 3199 4094 κᾶν
3229 4038 3411 4104 ἔδοξεν
3438 4037 3585 4108 αύτῷ

2011 4134 2171 4189 τοῦτο
2226 4136 2420 4199 ποιεῖν,
2481 4135 2695 4205 ἀνάγκη
2745 4132 2855 4188 τῶν
2892 4132 2991 4188 δύο
3018 4134 3237 4195 πάντως
3262 4130 3586 4203 συμϐαίνειν

2014 4229 2262 4298 θάτερον.
2296 4228 2329 4299 ἢ
2360 4228 2630 4299 ἀφέμενον
2651 4226 2749 4298 τῆς
2782 4226 3045 4298 συνήθους
3078 4226 3304 4296 τροφῆς,
3345 4222 3584 4292 ἀναγκά-

2013 4318 2202 4384 ζεσθαι
2273 4320 2517 4390 μετέχειν
2568 4318 2677 4373 τῶν
2736 4317 3079 4390 παχυτέρων,
3129 4316 3225 4371 καὶ
3247 4309 3375 4370 ὦνὸ
3401 4313 3587 4383 καιρός,

333 4401 729 4458 nutrimentum
782 4418 796 4455 :
851 4412 1066 4459 tantum
1107 4403 1334 4471 aberat,
1376 4414 1435 4461 ut
1479 4416 1667 4476 posset
1715 4422 1900 4463 vacare

2012 4410 2182 4464 ἐδίδου
2226 4410 2354 4473 τοὺς
2405 4409 2693 4480 ὁμοσίτους
2779 4406 3221 4478 μεταλαμϐάνειν
3289 4406 3449 4476 (ὅπερ
3489 4406 3584 4475 ούχ

331 4491 538 4551 mensis
571 4501 627 4548 et
668 4492 792 4548 aliis
822 4493 1110 4550 inutilibus
1147 4504 1203 4550 et
1226 4498 1674 4566 supervacaneis.
1702 4497 1900 4566 Quam«

2018 4500 2165 4563 ὅπως
2197 4499 2347 4570 αύτῷ
2397 4499 2698 4571 συμφέρον,
2747 4498 2884 4553 ἀλλά
2916 4498 3013 4552 καὶ
3033 4498 3170 4561 ὅλως
3201 4496 3467 4552 ἀδύνατον
3493 4494 3579 4547 τοῦ

332 4584 522 4641 obrem
561 4585 695 4642 satis
716 4594 841 4656 apte
879 4594 1089 4656 poterat
1115 4588 1300 4644 dicere
1330 4588 1462 4645 illud
1490 4588 1868 4662 Apostolicum
1893 4609 1900 4648 :

2020 4591 2321 4662 στομάχου,
2374 4591 2625 4663 καθάπερ
2652 4590 2811 4661 ἔφην,
2842 4589 3189 4662 διεφθορότος
3214 4588 3308 4642 καὶ
3334 4588 3473 4655 πονῆ
3484 4602 3583 4657 ρως

335 4693 356 4727 ε
395 4674 513 4732 Νοη
570 4677 697 4733 licet
747 4677 941 4746 nobis,
985 4678 1178 4736 relicto
1224 4680 1393 4736 verbo
1446 4681 1542 4737 Dei
1597 4682 1900 4739 ministrare

2020 4683 2122 4756 ἤδη
2150 4682 2543 4756 διακειμένου),
2580 4682 2614 4754 ἢ
2639 4681 2796 4737 τοῦτο
2819 4682 3110 4752 φεύγοντα,
3146 4680 3362 4750 καὶτῆς
3391 4677 3585 4746 λεπτῆς

330 4769 541 4824 mensis
570 4772 613 4802 "
655 4787 673 4821 ι
718 4769 933 4843 Alioqui
985 4780 1167 4829 autem
1207 4773 1250 4828 si
1288 4774 1466 4830 visum
1518 4774 1569 4829 ei
1617 4783 1762 4831 esset
1807 4775 1900 4831 h0t

2012 4777 2273 4847 ἐχόμενον
2293 4777 2387 4830 κα⁶ι
2410 4775 2544 4848 μηδὶ
2565 4777 2792 4846 πτηνοῖς
2808 4774 3085 4846 ἀρκούσης
3103 4773 3332 4846 τροφῆς,
3360 4771 3585 4840 ἄκαιρον

335 4859 534 4923 facere,
574 4874 801 4917 necesse
833 4870 953 4918 erat
981 4861 1228 4927 omnino,
1286 4873 1346 4919 ut
1405 4863 1639 4920 duorum
1676 4863 1900 4920 alterum

2011 4872 2126 4933 τοῖς
2190 4870 2642 4940 συνεστιωμένοις
2695 4867 3027 4938 ὑπειλῆφθαι
3057 4868 3150 4921 καὶ
3183 4864 3464 4937 φορτικὸν,
3494 4863 3599 4915 καὶ.

335 4951 581 5008 eveniret
612 4968 625 5005 :
660 4955 857 5024 nempe
885 4962 947 5010 ut
976 4962 1071 5009 aut
1098 4963 1364 5011 consueto
1405 4955 1667 5011 alimento
1698 4954 1900 5022 relicto,

2018 4959 2079 5014 τὸ
2097 4960 2219 5017 ὅλον
2274 4960 2444 5032 τύφου
2489 4962 2584 5017 καὶ
2615 4962 2780 5034 κενῆς
2811 4959 2972 5030 δόξης
2995 4960 3233 5032 πρᾶγμα
3256 4955 3579 5029 διαπραττό-

335 5054 623 5118 cogeretur
673 5049 816 5104 vesci
876 5048 1242 5105 crassioribus
1284 5058 1342 5105 et
1368 5048 1457 5116 iis,
1490 5048 1689 5119 quibus
1723 5064 1900 5106 vesce-

2020 5070 2206 5125 μενον.
2241 5053 2441 5125 Ἔργον
2465 5055 2563 5126 μὲν
2582 5049 2676 5110 οὖν
2704 5052 2853 5124 αὐτῷ
2883 5051 3328 5114 σπουδαιότατον,
3361 5050 3455 5104 καὶ
3481 5046 3582 5100 ὦσε-

336 5140 537 5195 bantur
644 5139 818 5195 nvivae
853 5157 866 5194 :
897 5138 1045 5211 quod
1085 5140 1308 5211 quidem
1345 5157 1453 5196 non
1505 5141 1667 5197 modo
1711 5141 1761 5198 ei
1804 5157 1900 5197 non

338 5155 725 5287 cont'enigat.
781 5231 877 5287 sed
925 5246 1027 5287 nec
1077 5232 1301 5287 ouznino
1350 5234 1407 5287 "id
1453 5233 1635 5287 facere
1680 5242 1900 5287 notet-at,

2021 5163 2126 5218 περ
2153 5146 2216 5219 δή
2240 5164 2392 5216 φασι,
2419 5146 2516 5202 καὶ
2543 5146 2799 5218 ἀσχολίας
2818 5143 3208 5218 ύπέρτερον,τδ
3220 5145 3284 5214 τῇ
3306 5140 3578 5214 προσευχῇ

2020 5240 2380 5287 armentalia:
2429 5240 2523 5287 καὶ
2574 5241 2841 5287 «concavi-
2873 5239 2970 5287 καὶ
2990 5239 3104 5287 τοῖς
3134 5237 3216 5287 sl:
3235 5234 3370 5287 Θεδν
3395 5233 3577 5287 alvom.

338 5231 725 5299 conveniebat,
781 5231 877 5287 sed
925 5246 1027 5287 nec
1077 5232 1301 5288 ouznino
1350 5234 1407 5287 "id
1453 5233 1635 5291 facere
1680 5242 1900 5306 poterat,

2020 5240 2380 5311 προσκεῖσθαι
2429 5240 2523 5295 καὶ
2574 5241 2841 5312 προσοχῇ,
2873 5239 3104 5302 καὶτοῖς
3134 5237 3216 5302 είς
3235 5234 3370 5290 Θεδν
3395 5233 3577 5294 αῐνοις.

340 5340 465 5382 cum
494 5324 654 5391 male,
679 5333 739 5380 ut
762 5324 1021 5391 diximus,
1049 5334 1196 5382 esset
1233 5327 1283 5382 ei
1305 5326 1535 5384 allectus
1562 5330 1879 5385 stomachus

2018 5330 2168 5403 Πλὴν
2199 5330 2322 5385 οὐδὲ
2367 5330 2479 5385 τῶν
2507 5330 2702 5385 κοινῶν
2724 5328 2918 5401 ἡμέλει
2944 5328 3240 5394 συνάξεων,
3266 5328 3361 5382 καὶ
3384 5326 3484 5379 δῖα
3515 5322 3575 5391 δὴ

338 5428 436 5478 aut
461 5419 509 5477 si
546 5419 650 5476 hoc
686 5417 921 5493 fugeret,
961 5427 1017 5475 et
1048 5420 1200 5475 tenui
1226 5419 1373 5476 victu
1424 5431 1690 5491 uteretur,
1733 5423 1799 5478 iis
1830 5439 1900 5493 qu

2017 5423 2110 5478 τὸν
2158 5425 2351 5495 καιρὸν
2397 5423 2513 5494 ἔχει
2572 5423 2927 5495 τεταγμένον,
2975 5416 3087 5477 οἷον
3138 5422 3455 5493 νυκτερινῆς
3491 5416 3578 5470 καὶ

340 5512 795 5579 eonvivabantur,
830 5510 1009 5582 gravis
1049 5512 1327 5570 videretur
1379 5524 1435 5571 et
1492 5516 1756 5572 molestus
1809 5534 1823 5571 :
1866 5532 1896 5571 e

2021 5516 2242 5588 ὀρθρίου
2283 5517 2377 5571 καὶ
2403 5516 2502 5587 τῆς
2526 5516 2649 5571 καθ’
2680 5516 2924 5586 ἑσπέραν
2955 5513 3283 5583 δοξολογίας,
3323 5510 3457 5565 ἀλλά
3490 5504 3577 5561 καὶ

344 5603 475 5675 quid
499 5605 642 5660 aliud
666 5604 1097 5672 existimaretur,
1129 5623 1291 5679 quam
1320 5607 1423 5663 hoc
1451 5606 1630 5665 facere
1654 5608 1900 5681 superbi-1

2021 5609 2083 5663 τὸ
2115 5607 2313 5679 φθάσαι
2371 5610 2500 5674 τοὺς
2542 5608 2737 5675 ἄλλους
2762 5609 2860 5682 τῆς
2893 5606 3086 5670 νυκτὸς
3115 5603 3440 5671 ἀναστάντα,
3492 5592 3577 5652 καὶ

362 5762 880 5853 ntemnas.
957 5784 1426 5853 "|Cor..t.15.
1502 5791 1878 5853 "Act.vl.2.
