  <div class='ocr_page' id='page_1' title='image "/cluster/home/n/w/nwhite01/storage/ocr_20150623/114/hvd.32044019208123/592.png"; bbox 0 0 3834 6528; ppageno 0'>
   <div class='ocr_carea' id='block_1_1' title="bbox 322 345 452 418">
    <p class='ocr_par' dir='ltr' id='par_1_1' title="bbox 322 345 452 418">
     <span class='ocr_line' id='line_1_1' title="bbox 322 345 452 418; baseline 0.015 -4"><span class='ocrx_word' id='word_1_1' title='bbox 322 345 452 418; x_wconf 84' lang='lat' dir='ltr'><strong>llOl</strong></span> 
     </span>
    </p>
   </div>
   <div class='ocr_carea' id='block_1_2' title="bbox 1371 316 2584 417">
    <p class='ocr_par' dir='ltr' id='par_1_2' title="bbox 1371 316 2584 417">
     <span class='ocr_line' id='line_1_2' title="bbox 1371 316 2584 417; baseline -0.001 0"><span class='ocrx_word' id='word_1_2' title='bbox 1371 350 1550 417; x_wconf 75' lang='lat' dir='ltr'><strong>VITA</strong></span> <span class='ocrx_word' id='word_1_3' title='bbox 1579 353 1639 414; x_wconf 86' lang='lat' dir='ltr'><strong>s.</strong></span> <span class='ocrx_word' id='word_1_4' title='bbox 1675 351 1992 414; x_wconf 77' lang='lat' dir='ltr'><strong>JOANNIS</strong></span> <span class='ocrx_word' id='word_1_5' title='bbox 2031 316 2584 417; x_wconf 74' lang='lat' dir='ltr'><strong>CHRYSOSTOMI.</strong></span> 
     </span>
    </p>
   </div>
   <div class='ocr_carea' id='block_1_3' title="bbox 3430 358 3573 427">
    <p class='ocr_par' dir='ltr' id='par_1_3' title="bbox 3430 358 3573 427">
     <span class='ocr_line' id='line_1_3' title="bbox 3430 358 3573 427; baseline 0.014 -4"><span class='ocrx_word' id='word_1_6' title='bbox 3430 358 3573 427; x_wconf 77' lang='lat'><strong>1102</strong></span> 
     </span>
    </p>
   </div>
   <div class='ocr_carea' id='block_1_4' title="bbox 319 458 1884 535">
    <p class='ocr_par' dir='ltr' id='par_1_4' title="bbox 319 458 1884 534">
     <span class='ocr_line' id='line_1_4' title="bbox 319 458 1884 534; baseline -0.004 -16"><span class='ocrx_word' id='word_1_7' title='bbox 319 463 420 527; x_wconf 83' lang='grc' dir='ltr'>τὰς</span> <span class='ocrx_word' id='word_1_8' title='bbox 468 459 564 515; x_wconf 81' lang='grc' dir='ltr'><strong>τοῦ</strong></span> <span class='ocrx_word' id='word_1_9' title='bbox 612 477 742 516; x_wconf 87' lang='grc' dir='ltr'>ναου</span> <span class='ocrx_word' id='word_1_10' title='bbox 805 459 980 526; x_wconf 87' lang='grc' dir='ltr'>πύλας</span> <span class='ocrx_word' id='word_1_11' title='bbox 1024 459 1241 534; x_wconf 83' lang='grc' dir='ltr'>πρῶτον</span> <span class='ocrx_word' id='word_1_12' title='bbox 1288 458 1598 527; x_wconf 80' lang='grc' dir='ltr'><strong>ὑπανοῖξαι,</strong></span> <span class='ocrx_word' id='word_1_13' title='bbox 1641 460 1884 515; x_wconf 80' lang='grc' dir='ltr'>Ἰωάννοι</span> 
     </span>
    </p>
   </div>
   <div class='ocr_carea' id='block_1_5' title="bbox 1985 458 3571 535">
    <p class='ocr_par' dir='ltr' id='par_1_5' title="bbox 1999 460 3571 535">
     <span class='ocr_line' id='line_1_5' title="bbox 1999 460 3571 535; baseline 0.007 -20"><span class='ocrx_word' id='word_1_14' title='bbox 1999 475 2165 516; x_wconf 88' lang='lat' dir='ltr'><strong>causa</strong></span> <span class='ocrx_word' id='word_1_15' title='bbox 2205 469 2262 516; x_wconf 90' lang='lat' dir='ltr'><strong>et</strong></span> <span class='ocrx_word' id='word_1_16' title='bbox 2304 476 2455 516; x_wconf 74' lang='lat' dir='ltr'><strong>vana:</strong></span> <span class='ocrx_word' id='word_1_17' title='bbox 2504 460 2735 533; x_wconf 69' lang='lat' dir='ltr'><strong>gloriae?</strong></span> <span class='ocrx_word' id='word_1_18' title='bbox 2770 460 2876 518; x_wconf 90' lang='lat' dir='ltr'><strong>Sed</strong></span> <span class='ocrx_word' id='word_1_19' title='bbox 2908 460 2975 518; x_wconf 92' lang='lat' dir='ltr'><strong>de</strong></span> <span class='ocrx_word' id='word_1_20' title='bbox 3011 462 3098 520; x_wconf 87' lang='lat' dir='ltr'><strong>his</strong></span> <span class='ocrx_word' id='word_1_21' title='bbox 3126 463 3349 535; x_wconf 97' lang='lat' dir='ltr'><strong>quidem</strong></span> <span class='ocrx_word' id='word_1_22' title='bbox 3388 470 3523 526; x_wconf 91' lang='lat' dir='ltr'><strong>satis</strong></span> <span class='ocrx_word' id='word_1_23' title='bbox 3549 485 3571 526; x_wconf 86' lang='lat'><strong>:</strong></span> 
     </span>
    </p>
   </div>
   <div class='ocr_carea' id='block_1_6' title="bbox 322 549 1891 624">
    <p class='ocr_par' dir='ltr' id='par_1_6' title="bbox 322 549 1891 624">
     <span class='ocr_line' id='line_1_6' title="bbox 322 549 1891 624; baseline -0.002 -18"><span class='ocrx_word' id='word_1_24' title='bbox 322 552 755 624; x_wconf 73' lang='grc' dir='ltr'><strong>φιλοτιμήματα.</strong></span> <span class='ocrx_word' id='word_1_25' title='bbox 787 549 895 606; x_wconf 84' lang='grc' dir='ltr'><strong>Ἶιν</strong></span> <span class='ocrx_word' id='word_1_26' title='bbox 922 553 979 608; x_wconf 85' lang='grc' dir='ltr'><strong>δὲ</strong></span> <span class='ocrx_word' id='word_1_27' title='bbox 1013 555 1040 608; x_wconf 85' lang='grc' dir='ltr'><strong>ὁ</strong></span> <span class='ocrx_word' id='word_1_28' title='bbox 1063 553 1310 622; x_wconf 79' lang='grc' dir='ltr'><strong>γενναῖος</strong></span> <span class='ocrx_word' id='word_1_29' title='bbox 1331 555 1392 606; x_wconf 85' lang='grc' dir='ltr'><strong>ού</strong></span> <span class='ocrx_word' id='word_1_30' title='bbox 1432 553 1672 607; x_wconf 80' lang='grc' dir='ltr'>συνιέναι</span> <span class='ocrx_word' id='word_1_31' title='bbox 1732 551 1891 622; x_wconf 83' lang='grc' dir='ltr'>μόνον</span> 
     </span>
    </p>
   </div>
   <div class='ocr_carea' id='block_1_7' title="bbox 321 642 1889 716">
    <p class='ocr_par' dir='ltr' id='par_1_7' title="bbox 321 642 1889 716">
     <span class='ocr_line' id='line_1_7' title="bbox 321 642 1889 716; baseline -0.003 -17"><span class='ocrx_word' id='word_1_32' title='bbox 321 643 578 709; x_wconf 76' lang='grc' dir='ltr'>ὀξύτατος</span> <span class='ocrx_word' id='word_1_33' title='bbox 607 644 676 698; x_wconf 85' lang='grc' dir='ltr'>τὰ</span> <span class='ocrx_word' id='word_1_34' title='bbox 710 644 786 716; x_wconf 76' lang='grc' dir='ltr'>μὴ</span> <span class='ocrx_word' id='word_1_35' title='bbox 813 648 926 709; x_wconf 86' lang='grc' dir='ltr'>τοῖς</span> <span class='ocrx_word' id='word_1_36' title='bbox 980 645 1196 709; x_wconf 81' lang='grc' dir='ltr'>πολλοῖς</span> <span class='ocrx_word' id='word_1_37' title='bbox 1238 644 1433 715; x_wconf 73' lang='grc' dir='ltr'>ἔνδηλα</span> <span class='ocrx_word' id='word_1_38' title='bbox 1465 644 1572 698; x_wconf 83' lang='grc' dir='ltr'>τῶν</span> <span class='ocrx_word' id='word_1_39' title='bbox 1633 642 1889 715; x_wconf 79' lang='grc' dir='ltr'>Γραφῶν,</span> 
     </span>
    </p>
   </div>
   <div class='ocr_carea' id='block_1_8' title="bbox 321 734 1891 806">
    <p class='ocr_par' dir='ltr' id='par_1_8' title="bbox 321 734 1891 806">
     <span class='ocr_line' id='line_1_8' title="bbox 321 734 1891 806; baseline -0.001 -18"><span class='ocrx_word' id='word_1_40' title='bbox 321 735 592 805; x_wconf 66' lang='grc' dir='ltr'>εὐστόχως</span> <span class='ocrx_word' id='word_1_41' title='bbox 615 752 673 788; x_wconf 83' lang='grc' dir='ltr'><strong>τε</strong></span> <span class='ocrx_word' id='word_1_42' title='bbox 698 735 1211 806; x_wconf 73' lang='grc' dir='ltr'>καταστοχσὶσασθαι</span> <span class='ocrx_word' id='word_1_43' title='bbox 1243 737 1340 806; x_wconf 83' lang='grc' dir='ltr'>τῆς</span> <span class='ocrx_word' id='word_1_44' title='bbox 1363 735 1456 790; x_wconf 86' lang='grc' dir='ltr'><strong>τοῦ</strong></span> <span class='ocrx_word' id='word_1_45' title='bbox 1485 735 1735 804; x_wconf 71' lang='grc' dir='ltr'>λέγοντος</span> <span class='ocrx_word' id='word_1_46' title='bbox 1771 734 1891 787; x_wconf 79' lang='grc' dir='ltr'>δια-</span> 
     </span>
    </p>
   </div>
   <div class='ocr_carea' id='block_1_9' title="bbox 318 822 1892 897">
    <p class='ocr_par' dir='ltr' id='par_1_9' title="bbox 318 822 1892 897">
     <span class='ocr_line' id='line_1_9' title="bbox 318 822 1892 897; baseline -0.002 -19"><span class='ocrx_word' id='word_1_47' title='bbox 318 824 465 888; x_wconf 81' lang='grc' dir='ltr'>νοίας</span> <span class='ocrx_word' id='word_1_48' title='bbox 525 825 643 897; x_wconf 74' lang='grc' dir='ltr'>(καὶ</span> <span class='ocrx_word' id='word_1_49' title='bbox 699 824 856 879; x_wconf 87' lang='grc' dir='ltr'>τοῦτο</span> <span class='ocrx_word' id='word_1_50' title='bbox 877 827 942 891; x_wconf 80' lang='grc' dir='ltr'><strong>δὴ</strong></span> <span class='ocrx_word' id='word_1_51' title='bbox 982 824 1043 878; x_wconf 82' lang='grc' dir='ltr'>τὸ</span> <span class='ocrx_word' id='word_1_52' title='bbox 1091 824 1185 879; x_wconf 89' lang='grc' dir='ltr'><strong>τοῦ</strong></span> <span class='ocrx_word' id='word_1_53' title='bbox 1246 824 1621 895; x_wconf 78' lang='grc' dir='ltr'>Σαλομῶντος,</span> <span class='ocrx_word' id='word_1_54' title='bbox 1677 822 1892 888; x_wconf 78' lang='grc' dir='ltr'>Ῥἠσεις</span> 
     </span>
    </p>
   </div>
   <div class='ocr_carea' id='block_1_10' title="bbox 317 916 1890 989">
    <p class='ocr_par' dir='ltr' id='par_1_10' title="bbox 317 916 1890 989">
     <span class='ocr_line' id='line_1_10' title="bbox 317 916 1890 989; baseline 0 -21"><span class='ocrx_word' id='word_1_55' title='bbox 317 918 518 986; x_wconf 82' lang='grc' dir='ltr'>γνῶναι</span> <span class='ocrx_word' id='word_1_56' title='bbox 550 917 731 985; x_wconf 80' lang='grc' dir='ltr'>σοφῶν</span> <span class='ocrx_word' id='word_1_57' title='bbox 763 921 856 970; x_wconf 75' lang='grc' dir='ltr'>καὶ</span> <span class='ocrx_word' id='word_1_58' title='bbox 883 919 1232 988; x_wconf 85' lang='grc' dir='ltr'>αίνίγματα),</span> <span class='ocrx_word' id='word_1_59' title='bbox 1268 917 1406 971; x_wconf 78' lang='grc' dir='ltr'>ἀλλὰ</span> <span class='ocrx_word' id='word_1_60' title='bbox 1435 918 1527 970; x_wconf 81' lang='grc' dir='ltr'>καὶ</span> <span class='ocrx_word' id='word_1_61' title='bbox 1550 916 1890 989; x_wconf 81' lang='grc' dir='ltr'>ἑρμηνεῦσαι</span> 
     </span>
    </p>
   </div>
   <div class='ocr_carea' id='block_1_11' title="bbox 316 1007 1882 1081">
    <p class='ocr_par' dir='ltr' id='par_1_11' title="bbox 316 1007 1882 1081">
     <span class='ocr_line' id='line_1_11' title="bbox 316 1007 1882 1081; baseline 0 -19"><span class='ocrx_word' id='word_1_62' title='bbox 316 1009 380 1062; x_wconf 81' lang='grc' dir='ltr'><strong>τὺ</strong></span> <span class='ocrx_word' id='word_1_63' title='bbox 410 1010 602 1081; x_wconf 84' lang='grc' dir='ltr'>νοητὸν</span> <span class='ocrx_word' id='word_1_64' title='bbox 628 1008 871 1080; x_wconf 77' lang='grc' dir='ltr'><strong>εὔληπτα</strong></span> <span class='ocrx_word' id='word_1_65' title='bbox 901 1010 994 1064; x_wconf 80' lang='grc' dir='ltr'><strong>καὶ</strong></span> <span class='ocrx_word' id='word_1_66' title='bbox 1022 1008 1366 1079; x_wconf 80' lang='grc' dir='ltr'>διαφωτίσαι,</span> <span class='ocrx_word' id='word_1_67' title='bbox 1390 1008 1486 1063; x_wconf 80' lang='grc' dir='ltr'>καὶ</span> <span class='ocrx_word' id='word_1_68' title='bbox 1515 1010 1577 1062; x_wconf 85' lang='grc' dir='ltr'>τὸ</span> <span class='ocrx_word' id='word_1_69' title='bbox 1606 1009 1699 1062; x_wconf 88' lang='grc' dir='ltr'><strong>τοῦ</strong></span> <span class='ocrx_word' id='word_1_70' title='bbox 1722 1007 1882 1075; x_wconf 68' lang='grc' dir='ltr'>λόγου</span> 
     </span>
    </p>
   </div>
   <div class='ocr_carea' id='block_1_12' title="bbox 315 1100 1891 1172">
    <p class='ocr_par' dir='ltr' id='par_1_12' title="bbox 315 1100 1891 1172">
     <span class='ocr_line' id='line_1_12' title="bbox 315 1100 1891 1172; baseline -0.001 -19"><span class='ocrx_word' id='word_1_71' title='bbox 315 1100 474 1169; x_wconf 80' lang='grc' dir='ltr'>δῆλον</span> <span class='ocrx_word' id='word_1_72' title='bbox 534 1101 683 1170; x_wconf 78' lang='grc' dir='ltr'>αύτῷ</span> <span class='ocrx_word' id='word_1_73' title='bbox 710 1103 806 1154; x_wconf 75' lang='grc' dir='ltr'>καὶ</span> <span class='ocrx_word' id='word_1_74' title='bbox 857 1102 1044 1172; x_wconf 81' lang='grc' dir='ltr'>τυφλῷ</span> <span class='ocrx_word' id='word_1_75' title='bbox 1083 1101 1290 1165; x_wconf 78' lang='grc' dir='ltr'><strong>θέσθαι,</strong></span> <span class='ocrx_word' id='word_1_76' title='bbox 1327 1101 1436 1155; x_wconf 86' lang='grc' dir='ltr'>τῶν</span> <span class='ocrx_word' id='word_1_77' title='bbox 1463 1101 1528 1153; x_wconf 82' lang='grc' dir='ltr'>ὲκ</span> <span class='ocrx_word' id='word_1_78' title='bbox 1548 1100 1642 1153; x_wconf 90' lang='grc' dir='ltr'><strong>τοῦ</strong></span> <span class='ocrx_word' id='word_1_79' title='bbox 1693 1100 1891 1164; x_wconf 84' lang='grc' dir='ltr'>παντὸς</span> 
     </span>
    </p>
   </div>
   <div class='ocr_carea' id='block_1_13' title="bbox 320 1192 1890 1261">
    <p class='ocr_par' dir='ltr' id='par_1_13' title="bbox 320 1192 1890 1261">
     <span class='ocr_line' id='line_1_13' title="bbox 320 1192 1890 1261; baseline 0.001 -16"><span class='ocrx_word' id='word_1_80' title='bbox 320 1192 517 1257; x_wconf 83' lang='grc' dir='ltr'>αἰῶνος</span> <span class='ocrx_word' id='word_1_81' title='bbox 589 1192 960 1261; x_wconf 80' lang='grc' dir='ltr'>εύγλώττατός</span> <span class='ocrx_word' id='word_1_82' title='bbox 984 1211 1043 1246; x_wconf 87' lang='grc' dir='ltr'><strong>τε</strong></span> <span class='ocrx_word' id='word_1_83' title='bbox 1074 1194 1169 1247; x_wconf 69' lang='grc' dir='ltr'>καὶ</span> <span class='ocrx_word' id='word_1_84' title='bbox 1207 1192 1559 1257; x_wconf 70' lang='grc' dir='ltr'>ἱκανώτατος.</span> <span class='ocrx_word' id='word_1_85' title='bbox 1584 1192 1768 1260; x_wconf 82' lang='grc' dir='ltr'>Τούτῳ</span> <span class='ocrx_word' id='word_1_86' title='bbox 1787 1193 1890 1246; x_wconf 79' lang='grc' dir='ltr'>πό-</span> 
     </span>
    </p>
   </div>
   <div class='ocr_carea' id='block_1_14' title="bbox 320 1270 1890 1356">
    <p class='ocr_par' dir='ltr' id='par_1_14' title="bbox 320 1270 1890 1356">
     <span class='ocr_line' id='line_1_14' title="bbox 320 1270 1890 1356; baseline 0.001 -21"><span class='ocrx_word' id='word_1_87' title='bbox 320 1282 410 1345; x_wconf 85' lang='grc' dir='ltr'><strong>θος</strong></span> <span class='ocrx_word' id='word_1_88' title='bbox 469 1282 569 1353; x_wconf 83' lang='grc' dir='ltr'>μὲν</span> <span class='ocrx_word' id='word_1_89' title='bbox 621 1280 689 1354; x_wconf 78' lang='grc' dir='ltr'>ἦν</span> <span class='ocrx_word' id='word_1_90' title='bbox 730 1285 822 1338; x_wconf 77' lang='grc' dir='ltr'>καὶ</span> <span class='ocrx_word' id='word_1_91' title='bbox 853 1285 988 1356; x_wconf 70' lang='grc' dir='ltr'>πρὸς</span> <span class='ocrx_word' id='word_1_92' title='bbox 1052 1285 1261 1349; x_wconf 80' lang='grc' dir='ltr'>πάντας</span> <span class='ocrx_word' id='word_1_93' title='bbox 1309 1270 1435 1349; x_wconf 76' lang='grc' dir='ltr'>τοῦς</span> <span class='ocrx_word' id='word_1_94' title='bbox 1482 1285 1678 1352; x_wconf 82' lang='grc' dir='ltr'>σοφούς</span> <span class='ocrx_word' id='word_1_95' title='bbox 1707 1301 1766 1337; x_wconf 83' lang='grc' dir='ltr'><strong>τε</strong></span> <span class='ocrx_word' id='word_1_96' title='bbox 1798 1285 1890 1339; x_wconf 74' lang='grc' dir='ltr'>καὶ</span> 
     </span>
    </p>
   </div>
   <div class='ocr_carea' id='block_1_15' title="bbox 318 1375 1889 1462">
    <p class='ocr_par' dir='ltr' id='par_1_15' title="bbox 318 1375 1889 1462">
     <span class='ocr_line' id='line_1_15' title="bbox 318 1375 1889 1462; baseline 0.003 -35"><span class='ocrx_word' id='word_1_97' title='bbox 318 1376 628 1445; x_wconf 80' lang='grc' dir='ltr'>μακαρίους</span> <span class='ocrx_word' id='word_1_98' title='bbox 659 1375 878 1447; x_wconf 79' lang='grc' dir='ltr'>ἄνδρας,</span> <span class='ocrx_word' id='word_1_99' title='bbox 922 1378 1210 1462; x_wconf 81' lang='grc' dir='ltr'>προφήτας</span> <span class='ocrx_word' id='word_1_100' title='bbox 1234 1377 1377 1448; x_wconf 78' lang='grc' dir='ltr'>φημὶ</span> <span class='ocrx_word' id='word_1_101' title='bbox 1408 1376 1502 1433; x_wconf 74' lang='grc' dir='ltr'>καὶ</span> <span class='ocrx_word' id='word_1_102' title='bbox 1534 1375 1836 1431; x_wconf 82' lang='grc' dir='ltr'>ἀποστόλου</span> <span class='ocrx_word' id='word_1_103' title='bbox 1849 1398 1889 1438; x_wconf 68' lang='grc' dir='ltr'><strong>ς,</strong></span> 
     </span>
    </p>
   </div>
   <div class='ocr_carea' id='block_1_16' title="bbox 314 1467 1890 1541">
    <p class='ocr_par' dir='ltr' id='par_1_16' title="bbox 314 1467 1890 1541">
     <span class='ocr_line' id='line_1_16' title="bbox 314 1467 1890 1541; baseline 0.001 -21"><span class='ocrx_word' id='word_1_104' title='bbox 314 1468 409 1521; x_wconf 77' lang='grc' dir='ltr'>καὶ</span> <span class='ocrx_word' id='word_1_105' title='bbox 428 1469 568 1531; x_wconf 71' lang='grc' dir='ltr'>ὅσοις</span> <span class='ocrx_word' id='word_1_106' title='bbox 599 1468 664 1538; x_wconf 79' lang='grc' dir='ltr'><strong>δὴ</strong></span> <span class='ocrx_word' id='word_1_107' title='bbox 690 1467 777 1523; x_wconf 75' lang='grc' dir='ltr'><strong>διὰ</strong></span> <span class='ocrx_word' id='word_1_108' title='bbox 805 1469 1114 1541; x_wconf 80' lang='grc' dir='ltr'>πνεύματος</span> <span class='ocrx_word' id='word_1_109' title='bbox 1136 1471 1164 1524; x_wconf 92' lang='lat'><strong>6</strong></span> <span class='ocrx_word' id='word_1_110' title='bbox 1190 1469 1348 1538; x_wconf 76' lang='grc' dir='ltr'>λόγος</span> <span class='ocrx_word' id='word_1_111' title='bbox 1379 1468 1652 1539; x_wconf 82' lang='grc' dir='ltr'><strong>προήχθη,</strong></span> <span class='ocrx_word' id='word_1_112' title='bbox 1697 1469 1890 1539; x_wconf 87' lang='grc' dir='ltr'>ἀμέλει</span> 
     </span>
    </p>
   </div>
   <div class='ocr_carea' id='block_1_17' title="bbox 313 1554 1890 1634">
    <p class='ocr_par' dir='ltr' id='par_1_17' title="bbox 313 1554 1890 1634">
     <span class='ocr_line' id='line_1_17' title="bbox 313 1554 1890 1634; baseline 0 -22"><span class='ocrx_word' id='word_1_113' title='bbox 313 1558 411 1613; x_wconf 82' lang='grc' dir='ltr'>καὶ</span> <span class='ocrx_word' id='word_1_114' title='bbox 463 1559 586 1613; x_wconf 82' lang='grc' dir='ltr'>ὅσαι</span> <span class='ocrx_word' id='word_1_115' title='bbox 634 1554 774 1631; x_wconf 81' lang='grc' dir='ltr'>ὧραι</span> <span class='ocrx_word' id='word_1_116' title='bbox 824 1562 931 1615; x_wconf 83' lang='grc' dir='ltr'>τῶν</span> <span class='ocrx_word' id='word_1_117' title='bbox 961 1562 1183 1634; x_wconf 78' lang='grc' dir='ltr'>βιϐλίων</span> <span class='ocrx_word' id='word_1_118' title='bbox 1220 1560 1403 1615; x_wconf 77' lang='grc' dir='ltr'>αὐτῶν</span> <span class='ocrx_word' id='word_1_119' title='bbox 1426 1562 1625 1631; x_wconf 82' lang='grc' dir='ltr'>εῖχετο,</span> <span class='ocrx_word' id='word_1_120' title='bbox 1664 1561 1890 1623; x_wconf 76' lang='grc' dir='ltr'>καὶτοῖς</span> 
     </span>
    </p>
   </div>
   <div class='ocr_carea' id='block_1_18' title="bbox 315 1650 1887 1726">
    <p class='ocr_par' dir='ltr' id='par_1_18' title="bbox 315 1650 1887 1726">
     <span class='ocr_line' id='line_1_18' title="bbox 315 1650 1887 1726; baseline 0.004 -25"><span class='ocrx_word' id='word_1_121' title='bbox 315 1650 559 1719; x_wconf 77' lang='grc' dir='ltr'>ῥήμασιν</span> <span class='ocrx_word' id='word_1_122' title='bbox 600 1653 867 1723; x_wconf 77' lang='grc' dir='ltr'>ἑνετρύφα</span> <span class='ocrx_word' id='word_1_123' title='bbox 891 1653 988 1725; x_wconf 78' lang='grc' dir='ltr'>(τῷ</span> <span class='ocrx_word' id='word_1_124' title='bbox 1015 1655 1124 1724; x_wconf 80' lang='grc' dir='ltr'><strong>γὰρ</strong></span> <span class='ocrx_word' id='word_1_125' title='bbox 1154 1654 1346 1726; x_wconf 83' lang='grc' dir='ltr'>ὁμοίῳ,</span> <span class='ocrx_word' id='word_1_126' title='bbox 1380 1656 1511 1722; x_wconf 75' lang='grc' dir='ltr'>φασὶ</span> <span class='ocrx_word' id='word_1_127' title='bbox 1530 1693 1545 1719; x_wconf 94' lang='grc'><strong>,</strong></span> <span class='ocrx_word' id='word_1_128' title='bbox 1576 1654 1637 1707; x_wconf 84' lang='grc' dir='ltr'>τὸ</span> <span class='ocrx_word' id='word_1_129' title='bbox 1658 1654 1887 1725; x_wconf 82' lang='grc' dir='ltr'>ὅμοιον).</span> 
     </span>
    </p>
   </div>
   <div class='ocr_carea' id='block_1_19' title="bbox 313 1739 1891 1821">
    <p class='ocr_par' dir='ltr' id='par_1_19' title="bbox 313 1739 1891 1821">
     <span class='ocr_line' id='line_1_19' title="bbox 313 1739 1891 1821; baseline 0.008 -31"><span class='ocrx_word' id='word_1_130' title='bbox 313 1739 512 1811; x_wconf 82' lang='grc' dir='ltr'>Παύλῳ</span> <span class='ocrx_word' id='word_1_131' title='bbox 540 1740 598 1795; x_wconf 83' lang='grc' dir='ltr'><strong>δὲ</strong></span> <span class='ocrx_word' id='word_1_132' title='bbox 628 1743 706 1811; x_wconf 82' lang='grc' dir='ltr'>τῷ</span> <span class='ocrx_word' id='word_1_133' title='bbox 733 1746 935 1814; x_wconf 87' lang='grc' dir='ltr'>κήρυκι</span> <span class='ocrx_word' id='word_1_134' title='bbox 978 1749 1073 1801; x_wconf 75' lang='grc' dir='ltr'>καὶ</span> <span class='ocrx_word' id='word_1_135' title='bbox 1105 1750 1517 1821; x_wconf 83' lang='grc' dir='ltr'>προσετετήκει,</span> <span class='ocrx_word' id='word_1_136' title='bbox 1547 1749 1641 1802; x_wconf 77' lang='grc' dir='ltr'><strong>καὶ</strong></span> <span class='ocrx_word' id='word_1_137' title='bbox 1678 1749 1891 1819; x_wconf 78' lang='grc' dir='ltr'>ἱμέροις</span> 
     </span>
    </p>
   </div>
   <div class='ocr_carea' id='block_1_20' title="bbox 309 1833 1887 1912">
    <p class='ocr_par' dir='ltr' id='par_1_20' title="bbox 309 1833 1887 1912">
     <span class='ocr_line' id='line_1_20' title="bbox 309 1833 1887 1912; baseline 0.007 -28"><span class='ocrx_word' id='word_1_138' title='bbox 309 1833 456 1885; x_wconf 79' lang='grc' dir='ltr'>τισὶν</span> <span class='ocrx_word' id='word_1_139' title='bbox 503 1835 834 1906; x_wconf 79' lang='grc' dir='ltr'>ἀπορρήτοις</span> <span class='ocrx_word' id='word_1_140' title='bbox 872 1840 1021 1909; x_wconf 74' lang='grc' dir='ltr'>αὐτῷ</span> <span class='ocrx_word' id='word_1_141' title='bbox 1066 1842 1394 1912; x_wconf 80' lang='grc' dir='ltr'>συνήπτετο,</span> <span class='ocrx_word' id='word_1_142' title='bbox 1420 1842 1515 1894; x_wconf 78' lang='grc' dir='ltr'>καὶ</span> <span class='ocrx_word' id='word_1_143' title='bbox 1565 1840 1744 1909; x_wconf 81' lang='grc' dir='ltr'>λόγοις</span> <span class='ocrx_word' id='word_1_144' title='bbox 1774 1843 1887 1905; x_wconf 85' lang='grc' dir='ltr'>τοῖς</span> 
     </span>
    </p>
   </div>
   <div class='ocr_carea' id='block_1_21' title="bbox 311 1922 1885 2001">
    <p class='ocr_par' dir='ltr' id='par_1_21' title="bbox 311 1922 1885 2001">
     <span class='ocr_line' id='line_1_21' title="bbox 311 1922 1885 2001; baseline 0.006 -28"><span class='ocrx_word' id='word_1_145' title='bbox 311 1922 526 1976; x_wconf 72' lang='grc' dir='ltr'>ἐκείνου</span> <span class='ocrx_word' id='word_1_146' title='bbox 573 1925 745 1995; x_wconf 77' lang='grc' dir='ltr'>διέζη.</span> <span class='ocrx_word' id='word_1_147' title='bbox 776 1929 883 1981; x_wconf 79' lang='grc' dir='ltr'><strong>Καὶ</strong></span> <span class='ocrx_word' id='word_1_148' title='bbox 910 1929 1069 2000; x_wconf 79' lang='grc' dir='ltr'>δῆλός</span> <span class='ocrx_word' id='word_1_149' title='bbox 1136 1932 1256 1984; x_wconf 81' lang='grc' dir='ltr'>ἐστι</span> <span class='ocrx_word' id='word_1_150' title='bbox 1297 1930 1541 2001; x_wconf 81' lang='grc' dir='ltr'>πολλαχῆ</span> <span class='ocrx_word' id='word_1_151' title='bbox 1568 1930 1676 1984; x_wconf 84' lang='grc' dir='ltr'>τῶν</span> <span class='ocrx_word' id='word_1_152' title='bbox 1709 1930 1885 2000; x_wconf 82' lang='grc' dir='ltr'>λόγων</span> 
     </span>
    </p>
   </div>
   <div class='ocr_carea' id='block_1_22' title="bbox 309 2014 1881 2093">
    <p class='ocr_par' dir='ltr' id='par_1_22' title="bbox 309 2014 1881 2093">
     <span class='ocr_line' id='line_1_22' title="bbox 309 2014 1881 2093; baseline 0.006 -26"><span class='ocrx_word' id='word_1_153' title='bbox 309 2014 479 2069; x_wconf 79' lang='grc' dir='ltr'>αὑτοῦ</span> <span class='ocrx_word' id='word_1_154' title='bbox 524 2021 892 2090; x_wconf 75' lang='grc' dir='ltr'><strong>μεμνημένος,</strong></span> <span class='ocrx_word' id='word_1_155' title='bbox 920 2023 1018 2076; x_wconf 73' lang='grc' dir='ltr'>καὶ</span> <span class='ocrx_word' id='word_1_156' title='bbox 1049 2022 1208 2076; x_wconf 81' lang='grc' dir='ltr'>τοῦτο</span> <span class='ocrx_word' id='word_1_157' title='bbox 1236 2023 1443 2093; x_wconf 83' lang='grc' dir='ltr'>τροφὴν</span> <span class='ocrx_word' id='word_1_158' title='bbox 1475 2023 1658 2093; x_wconf 73' lang='grc' dir='ltr'>ἡδεῖαν</span> <span class='ocrx_word' id='word_1_159' title='bbox 1690 2021 1881 2076; x_wconf 87' lang='grc' dir='ltr'>ποιού-</span> 
     </span>
    </p>
   </div>
   <div class='ocr_carea' id='block_1_23' title="bbox 313 2111 1886 2186">
    <p class='ocr_par' dir='ltr' id='par_1_23' title="bbox 313 2111 1886 2186">
     <span class='ocr_line' id='line_1_23' title="bbox 313 2111 1886 2186; baseline 0.005 -27"><span class='ocrx_word' id='word_1_160' title='bbox 313 2124 500 2177; x_wconf 81' lang='grc' dir='ltr'>μενος,</span> <span class='ocrx_word' id='word_1_161' title='bbox 537 2112 632 2163; x_wconf 81' lang='grc' dir='ltr'>καὶ</span> <span class='ocrx_word' id='word_1_162' title='bbox 670 2111 771 2176; x_wconf 73' lang='grc' dir='ltr'>τῆς</span> <span class='ocrx_word' id='word_1_163' title='bbox 793 2115 852 2166; x_wconf 81' lang='grc' dir='ltr'>ὲν</span> <span class='ocrx_word' id='word_1_164' title='bbox 885 2113 1036 2185; x_wconf 87' lang='grc' dir='ltr'><strong>αύτῷ</strong></span> <span class='ocrx_word' id='word_1_165' title='bbox 1073 2114 1286 2184; x_wconf 76' lang='grc' dir='ltr'>φλογὸς</span> <span class='ocrx_word' id='word_1_166' title='bbox 1327 2114 1694 2186; x_wconf 88' lang='grc' dir='ltr'>παραμύθιον.</span> <span class='ocrx_word' id='word_1_167' title='bbox 1721 2114 1886 2169; x_wconf 85' lang='grc' dir='ltr'><strong>Ὅθεν</strong></span> 
     </span>
    </p>
   </div>
   <div class='ocr_carea' id='block_1_24' title="bbox 310 2202 1886 2279">
    <p class='ocr_par' dir='ltr' id='par_1_24' title="bbox 310 2202 1886 2279">
     <span class='ocr_line' id='line_1_24' title="bbox 310 2202 1886 2279; baseline 0.004 -25"><span class='ocrx_word' id='word_1_168' title='bbox 310 2202 407 2254; x_wconf 61' lang='grc' dir='ltr'>καὶ</span> <span class='ocrx_word' id='word_1_169' title='bbox 452 2204 596 2257; x_wconf 78' lang='grc' dir='ltr'>κατὰ</span> <span class='ocrx_word' id='word_1_170' title='bbox 642 2207 768 2269; x_wconf 74' lang='grc' dir='ltr'>τοὺς</span> <span class='ocrx_word' id='word_1_171' title='bbox 821 2205 1033 2278; x_wconf 77' lang='grc' dir='ltr'>δριμεῖς</span> <span class='ocrx_word' id='word_1_172' title='bbox 1064 2209 1302 2279; x_wconf 77' lang='grc' dir='ltr'>ἐραστὰς</span> <span class='ocrx_word' id='word_1_173' title='bbox 1327 2210 1421 2262; x_wconf 73' lang='grc' dir='ltr'>καὶ</span> <span class='ocrx_word' id='word_1_174' title='bbox 1452 2208 1592 2261; x_wconf 83' lang='grc' dir='ltr'>πάνυ</span> <span class='ocrx_word' id='word_1_175' title='bbox 1644 2207 1886 2271; x_wconf 78' lang='grc' dir='ltr'>διακαῶς</span> 
     </span>
    </p>
   </div>
   <div class='ocr_carea' id='block_1_25' title="bbox 307 2292 1881 2375">
    <p class='ocr_par' dir='ltr' id='par_1_25' title="bbox 307 2292 1881 2375">
     <span class='ocr_line' id='line_1_25' title="bbox 307 2292 1881 2375; baseline 0.006 -28"><span class='ocrx_word' id='word_1_176' title='bbox 307 2292 553 2366; x_wconf 70' lang='grc' dir='ltr'>ἔχοντας,</span> <span class='ocrx_word' id='word_1_177' title='bbox 602 2300 695 2353; x_wconf 74' lang='grc' dir='ltr'>καὶ</span> <span class='ocrx_word' id='word_1_178' title='bbox 738 2301 1001 2374; x_wconf 74' lang='grc' dir='ltr'>ἡττῆσθαι</span> <span class='ocrx_word' id='word_1_179' title='bbox 1029 2303 1221 2356; x_wconf 87' lang='grc' dir='ltr'>τούτου</span> <span class='ocrx_word' id='word_1_180' title='bbox 1247 2302 1502 2375; x_wconf 79' lang='grc' dir='ltr'>ὁμολογεῖ</span> <span class='ocrx_word' id='word_1_181' title='bbox 1523 2304 1619 2357; x_wconf 74' lang='grc' dir='ltr'>καὶ</span> <span class='ocrx_word' id='word_1_182' title='bbox 1643 2303 1881 2357; x_wconf 58' lang='grc' dir='ltr'>δυσαπο-</span> 
     </span>
    </p>
   </div>
   <div class='ocr_carea' id='block_1_26' title="bbox 309 2389 1886 2469">
    <p class='ocr_par' dir='ltr' id='par_1_26' title="bbox 309 2389 1886 2469">
     <span class='ocr_line' id='line_1_26' title="bbox 309 2389 1886 2469; baseline 0.006 -26"><span class='ocrx_word' id='word_1_183' title='bbox 309 2389 569 2457; x_wconf 84' lang='grc' dir='ltr'>σπάστως</span> <span class='ocrx_word' id='word_1_184' title='bbox 621 2393 765 2465; x_wconf 70' lang='grc' dir='ltr'>ἔχειν</span> <span class='ocrx_word' id='word_1_185' title='bbox 788 2412 801 2426; x_wconf 90' lang='grc'><strong>·</strong></span> <span class='ocrx_word' id='word_1_186' title='bbox 852 2398 946 2451; x_wconf 69' lang='grc' dir='ltr'>καὶ</span> <span class='ocrx_word' id='word_1_187' title='bbox 969 2397 1044 2462; x_wconf 84' lang='grc' dir='ltr'><strong>ὡς</strong></span> <span class='ocrx_word' id='word_1_188' title='bbox 1074 2397 1309 2469; x_wconf 76' lang='grc' dir='ltr'>ἀλλαχοῦ</span> <span class='ocrx_word' id='word_1_189' title='bbox 1374 2398 1475 2468; x_wconf 79' lang='grc' dir='ltr'>μὲν</span> <span class='ocrx_word' id='word_1_190' title='bbox 1505 2396 1653 2468; x_wconf 83' lang='grc' dir='ltr'>αὐτῷ</span> <span class='ocrx_word' id='word_1_191' title='bbox 1685 2395 1886 2468; x_wconf 76' lang='grc' dir='ltr'>ὴόρμὴ</span> 
     </span>
    </p>
   </div>
   <div class='ocr_carea' id='block_1_27' title="bbox 306 2483 1887 2561">
    <p class='ocr_par' dir='ltr' id='par_1_27' title="bbox 306 2483 1887 2561">
     <span class='ocr_line' id='line_1_27' title="bbox 306 2483 1887 2561; baseline 0.003 -26"><span class='ocrx_word' id='word_1_192' title='bbox 306 2483 406 2536; x_wconf 86' lang='grc' dir='ltr'><strong>τοῦ</strong></span> <span class='ocrx_word' id='word_1_193' title='bbox 453 2484 637 2555; x_wconf 84' lang='grc' dir='ltr'>λόγου,</span> <span class='ocrx_word' id='word_1_194' title='bbox 690 2489 879 2541; x_wconf 86' lang='grc' dir='ltr'>τούτου</span> <span class='ocrx_word' id='word_1_195' title='bbox 908 2491 965 2544; x_wconf 77' lang='grc' dir='ltr'><strong>δὲ</strong></span> <span class='ocrx_word' id='word_1_196' title='bbox 992 2492 1071 2554; x_wconf 83' lang='grc' dir='ltr'>εἰς</span> <span class='ocrx_word' id='word_1_197' title='bbox 1109 2490 1330 2561; x_wconf 82' lang='grc' dir='ltr'>μνήμην</span> <span class='ocrx_word' id='word_1_198' title='bbox 1373 2489 1603 2553; x_wconf 85' lang='grc' dir='ltr'>ὲλθόντι,</span> <span class='ocrx_word' id='word_1_199' title='bbox 1638 2487 1887 2556; x_wconf 82' lang='grc' dir='ltr'>καθάπερ</span> 
     </span>
    </p>
   </div>
   <div class='ocr_carea' id='block_1_28' title="bbox 308 2574 1886 2652">
    <p class='ocr_par' dir='ltr' id='par_1_28' title="bbox 308 2574 1886 2652">
     <span class='ocr_line' id='line_1_28' title="bbox 308 2574 1886 2652; baseline 0.001 -23"><span class='ocrx_word' id='word_1_200' title='bbox 308 2574 420 2629; x_wconf 76' lang='grc' dir='ltr'>ὑπό</span> <span class='ocrx_word' id='word_1_201' title='bbox 466 2593 631 2632; x_wconf 88' lang='grc' dir='ltr'>τινων</span> <span class='ocrx_word' id='word_1_202' title='bbox 676 2579 883 2634; x_wconf 79' lang='grc' dir='ltr'>ἁλῶναι</span> <span class='ocrx_word' id='word_1_203' title='bbox 943 2580 1180 2652; x_wconf 83' lang='grc' dir='ltr'>δεσμῶν,</span> <span class='ocrx_word' id='word_1_204' title='bbox 1217 2581 1311 2635; x_wconf 78' lang='grc' dir='ltr'>καὶ</span> <span class='ocrx_word' id='word_1_205' title='bbox 1352 2581 1446 2633; x_wconf 76' lang='grc' dir='ltr'><strong>ἐπὶ</strong></span> <span class='ocrx_word' id='word_1_206' title='bbox 1484 2578 1619 2632; x_wconf 78' lang='grc' dir='ltr'>πολὺ</span> <span class='ocrx_word' id='word_1_207' title='bbox 1646 2581 1886 2632; x_wconf 85' lang='grc' dir='ltr'>συνεῖναι</span> 
     </span>
    </p>
   </div>
   <div class='ocr_carea' id='block_1_29' title="bbox 310 2665 1886 2743">
    <p class='ocr_par' dir='ltr' id='par_1_29' title="bbox 310 2665 1886 2743">
     <span class='ocr_line' id='line_1_29' title="bbox 310 2665 1886 2743; baseline -0.001 -24"><span class='ocrx_word' id='word_1_208' title='bbox 310 2665 510 2734; x_wconf 77' lang='grc' dir='ltr'>φιλεῖν,</span> <span class='ocrx_word' id='word_1_209' title='bbox 533 2669 627 2722; x_wconf 76' lang='grc' dir='ltr'>καὶ</span> <span class='ocrx_word' id='word_1_210' title='bbox 670 2670 745 2739; x_wconf 80' lang='grc' dir='ltr'>μὴ</span> <span class='ocrx_word' id='word_1_211' title='bbox 774 2670 973 2743; x_wconf 73' lang='grc' dir='ltr'>ῥᾳδίως</span> <span class='ocrx_word' id='word_1_212' title='bbox 1003 2670 1386 2741; x_wconf 78' lang='grc' dir='ltr'>ἀπαλλαγῆναι</span> <span class='ocrx_word' id='word_1_213' title='bbox 1416 2669 1700 2725; x_wconf 83' lang='grc' dir='ltr'>δύνασθαι.</span> <span class='ocrx_word' id='word_1_214' title='bbox 1728 2666 1886 2721; x_wconf 85' lang='grc' dir='ltr'>Οῦτω</span> 
     </span>
    </p>
   </div>
   <div class='ocr_carea' id='block_1_30' title="bbox 309 2751 1883 2834">
    <p class='ocr_par' dir='ltr' id='par_1_30' title="bbox 309 2751 1883 2834">
     <span class='ocr_line' id='line_1_30' title="bbox 309 2751 1883 2834; baseline -0.003 -19"><span class='ocrx_word' id='word_1_215' title='bbox 309 2756 481 2822; x_wconf 77' lang='grc' dir='ltr'>πολὺς</span> <span class='ocrx_word' id='word_1_216' title='bbox 524 2758 673 2831; x_wconf 86' lang='grc' dir='ltr'><strong>αύτῷ</strong></span> <span class='ocrx_word' id='word_1_217' title='bbox 727 2765 821 2815; x_wconf 68' lang='grc' dir='ltr'><strong>καλ⁵</strong></span> <span class='ocrx_word' id='word_1_218' title='bbox 861 2751 1173 2834; x_wconf 70' lang='grc' dir='ltr'>ἀπόρρητος</span> <span class='ocrx_word' id='word_1_219' title='bbox 1198 2763 1226 2816; x_wconf 98' lang='lat'><strong>6</strong></span> <span class='ocrx_word' id='word_1_220' title='bbox 1256 2762 1392 2833; x_wconf 72' lang='grc' dir='ltr'>πρὸς</span> <span class='ocrx_word' id='word_1_221' title='bbox 1448 2761 1659 2815; x_wconf 86' lang='grc' dir='ltr'>Παῦλον</span> <span class='ocrx_word' id='word_1_222' title='bbox 1696 2758 1883 2821; x_wconf 83' lang='grc' dir='ltr'>πόθος,</span> 
     </span>
    </p>
   </div>
   <div class='ocr_carea' id='block_1_31' title="bbox 308 2846 1882 2927">
    <p class='ocr_par' dir='ltr' id='par_1_31' title="bbox 308 2846 1882 2927">
     <span class='ocr_line' id='line_1_31' title="bbox 308 2846 1882 2927; baseline 0.002 -26"><span class='ocrx_word' id='word_1_223' title='bbox 308 2846 451 2903; x_wconf 74' lang='grc' dir='ltr'>ὥστε</span> <span class='ocrx_word' id='word_1_224' title='bbox 475 2850 826 2923; x_wconf 80' lang='grc' dir='ltr'>ἁρμοζόντως</span> <span class='ocrx_word' id='word_1_225' title='bbox 854 2856 1053 2921; x_wconf 77' lang='grc' dir='ltr'>εἰπεῖν,</span> <span class='ocrx_word' id='word_1_226' title='bbox 1070 2854 1227 2908; x_wconf 88' lang='grc' dir='ltr'>τοῦτο</span> <span class='ocrx_word' id='word_1_227' title='bbox 1248 2848 1627 2927; x_wconf 70' lang='grc' dir='ltr'>εἷναιῚωᾶννῃ</span> <span class='ocrx_word' id='word_1_228' title='bbox 1651 2851 1882 2915; x_wconf 80' lang='grc' dir='ltr'>Παῦλον,</span> 
     </span>
    </p>
   </div>
   <div class='ocr_carea' id='block_1_32' title="bbox 307 2938 1885 3016">
    <p class='ocr_par' dir='ltr' id='par_1_32' title="bbox 307 2938 1885 3016">
     <span class='ocr_line' id='line_1_32' title="bbox 307 2938 1885 3016; baseline 0.001 -25"><span class='ocrx_word' id='word_1_229' title='bbox 307 2938 449 3008; x_wconf 79' lang='grc' dir='ltr'>ὅπερ</span> <span class='ocrx_word' id='word_1_230' title='bbox 512 2944 710 3012; x_wconf 82' lang='grc' dir='ltr'>Παύλῳ</span> <span class='ocrx_word' id='word_1_231' title='bbox 757 2944 994 3016; x_wconf 81' lang='grc' dir='ltr'>Χριστὸς</span> <span class='ocrx_word' id='word_1_232' title='bbox 1046 2943 1312 3014; x_wconf 73' lang='grc' dir='ltr'>ἐτύγχανε</span> <span class='ocrx_word' id='word_1_233' title='bbox 1340 2985 1355 3010; x_wconf 92' lang='grc'><strong>,</strong></span> <span class='ocrx_word' id='word_1_234' title='bbox 1429 2943 1629 3014; x_wconf 81' lang='grc' dir='ltr'>μᾶλλον</span> <span class='ocrx_word' id='word_1_235' title='bbox 1676 2942 1733 2995; x_wconf 84' lang='grc' dir='ltr'><strong>δὲ</strong></span> <span class='ocrx_word' id='word_1_236' title='bbox 1789 2942 1885 2993; x_wconf 75' lang='grc' dir='ltr'>καὶ</span> 
     </span>
    </p>
   </div>
   <div class='ocr_carea' id='block_1_33' title="bbox 1994 555 3569 633">
    <p class='ocr_par' dir='ltr' id='par_1_33' title="bbox 1994 555 3569 633">
     <span class='ocr_line' id='line_1_33' title="bbox 1994 555 3569 633; baseline 0.006 -23"><span class='ocrx_word' id='word_1_237' title='bbox 1994 555 2172 610; x_wconf 90' lang='lat' dir='ltr'><strong>oratio</strong></span> <span class='ocrx_word' id='word_1_238' title='bbox 2202 564 2384 609; x_wconf 88' lang='lat' dir='ltr'><strong>autem</strong></span> <span class='ocrx_word' id='word_1_239' title='bbox 2414 555 2673 627; x_wconf 86' lang='lat' dir='ltr'><strong>deinceps</strong></span> <span class='ocrx_word' id='word_1_240' title='bbox 2709 556 2917 627; x_wconf 84' lang='lat' dir='ltr'><strong>reliqua</strong></span> <span class='ocrx_word' id='word_1_241' title='bbox 2945 557 3156 614; x_wconf 86' lang='lat' dir='ltr'><strong>ordine</strong></span> <span class='ocrx_word' id='word_1_242' title='bbox 3184 571 3569 633; x_wconf 76' lang='lat' dir='ltr'><strong>persequatur.</strong></span> 
     </span>
    </p>
   </div>
   <div class='ocr_carea' id='block_1_34' title="bbox 1993 646 3573 719">
    <p class='ocr_par' dir='ltr' id='par_1_34' title="bbox 1993 646 3573 719">
     <span class='ocr_line' id='line_1_34' title="bbox 1993 646 3573 719; baseline 0.005 -18"><span class='ocrx_word' id='word_1_243' title='bbox 1993 646 2287 701; x_wconf 77' lang='lat' dir='ltr'><strong>Maximum</strong></span> <span class='ocrx_word' id='word_1_244' title='bbox 2337 662 2466 719; x_wconf 89' lang='lat' dir='ltr'><strong>ergo</strong></span> <span class='ocrx_word' id='word_1_245' title='bbox 2501 649 2555 702; x_wconf 91' lang='lat' dir='ltr'><strong>in</strong></span> <span class='ocrx_word' id='word_1_246' title='bbox 2611 649 2715 703; x_wconf 86' lang='lat' dir='ltr'><strong>hoc</strong></span> <span class='ocrx_word' id='word_1_247' title='bbox 2748 648 2983 718; x_wconf 84' lang='lat' dir='ltr'><strong>ponebat</strong></span> <span class='ocrx_word' id='word_1_248' title='bbox 3035 650 3299 717; x_wconf 90' lang='lat' dir='ltr'><strong>studium,</strong></span> <span class='ocrx_word' id='word_1_249' title='bbox 3333 661 3395 707; x_wconf 90' lang='lat' dir='ltr'><strong>ut</strong></span> <span class='ocrx_word' id='word_1_250' title='bbox 3431 656 3573 711; x_wconf 68' lang='lat' dir='ltr'><strong>assi-</strong></span> 
     </span>
    </p>
   </div>
   <div class='ocr_carea' id='block_1_35' title="bbox 1992 739 3540 809">
    <p class='ocr_par' dir='ltr' id='par_1_35' title="bbox 1992 739 3540 809">
     <span class='ocr_line' id='line_1_35' title="bbox 1992 739 3540 809; baseline 0.006 -15"><span class='ocrx_word' id='word_1_251' title='bbox 1992 739 2100 794; x_wconf 88' lang='lat' dir='ltr'><strong>due</strong></span> <span class='ocrx_word' id='word_1_252' title='bbox 2135 750 2449 795; x_wconf 74' lang='lat' dir='ltr'><strong>versaretur</strong></span> <span class='ocrx_word' id='word_1_253' title='bbox 2497 741 2550 795; x_wconf 91' lang='lat' dir='ltr'><strong>in</strong></span> <span class='ocrx_word' id='word_1_254' title='bbox 2608 742 2854 797; x_wconf 87' lang='lat' dir='ltr'><strong>oratione</strong></span> <span class='ocrx_word' id='word_1_255' title='bbox 2896 753 2948 796; x_wconf 78' lang='lat' dir='ltr'><strong>et</strong></span> <span class='ocrx_word' id='word_1_256' title='bbox 2985 744 3357 809; x_wconf 75' lang='lat' dir='ltr'><strong>meditatione,</strong></span> <span class='ocrx_word' id='word_1_257' title='bbox 3391 756 3449 802; x_wconf 92' lang='lat' dir='ltr'><strong>et</strong></span> <span class='ocrx_word' id='word_1_258' title='bbox 3478 764 3540 802; x_wconf 87' lang='lat' dir='ltr'><strong>ro</strong></span> 
     </span>
    </p>
   </div>
   <div class='ocr_carea' id='block_1_36' title="bbox 1991 830 3570 893">
    <p class='ocr_par' dir='ltr' id='par_1_36' title="bbox 1991 830 3570 893">
     <span class='ocr_line' id='line_1_36' title="bbox 1991 830 3570 893; baseline 0.005 -8"><span class='ocrx_word' id='word_1_259' title='bbox 1991 845 2113 885; x_wconf 91' lang='lat' dir='ltr'><strong>rum</strong></span> <span class='ocrx_word' id='word_1_260' title='bbox 2149 830 2501 887; x_wconf 85' lang='lat' dir='ltr'><strong>honestarum</strong></span> <span class='ocrx_word' id='word_1_261' title='bbox 2543 832 2791 887; x_wconf 84' lang='lat' dir='ltr'><strong>doctrina</strong></span> <span class='ocrx_word' id='word_1_262' title='bbox 2839 841 2896 887; x_wconf 91' lang='lat' dir='ltr'><strong>et</strong></span> <span class='ocrx_word' id='word_1_263' title='bbox 2937 833 3033 889; x_wconf 87' lang='lat' dir='ltr'><strong>Dei</strong></span> <span class='ocrx_word' id='word_1_264' title='bbox 3078 833 3413 891; x_wconf 85' lang='lat' dir='ltr'><strong>laudatione.</strong></span> <span class='ocrx_word' id='word_1_265' title='bbox 3461 836 3570 893; x_wconf 90' lang='lat' dir='ltr'><strong>Sed</strong></span> 
     </span>
    </p>
   </div>
   <div class='ocr_carea' id='block_1_37' title="bbox 1991 924 3570 996">
    <p class='ocr_par' dir='ltr' id='par_1_37' title="bbox 1991 924 3570 996">
     <span class='ocr_line' id='line_1_37' title="bbox 1991 924 3570 996; baseline 0.005 -20"><span class='ocrx_word' id='word_1_266' title='bbox 1991 936 2172 992; x_wconf 89' lang='lat' dir='ltr'><strong>neque</strong></span> <span class='ocrx_word' id='word_1_267' title='bbox 2201 937 2522 977; x_wconf 87' lang='lat' dir='ltr'><strong>communes</strong></span> <span class='ocrx_word' id='word_1_268' title='bbox 2555 924 2860 995; x_wconf 84' lang='lat' dir='ltr'><strong>negligcbat</strong></span> <span class='ocrx_word' id='word_1_269' title='bbox 2887 926 3355 996; x_wconf 83' lang='lat' dir='ltr'><strong>congregationes,</strong></span> <span class='ocrx_word' id='word_1_270' title='bbox 3396 936 3454 982; x_wconf 90' lang='lat' dir='ltr'><strong>et</strong></span> <span class='ocrx_word' id='word_1_271' title='bbox 3484 943 3570 992; x_wconf 82' lang='lat' dir='ltr'><strong>ea,</strong></span> 
     </span>
    </p>
   </div>
   <div class='ocr_carea' id='block_1_38' title="bbox 1991 1014 3569 1088">
    <p class='ocr_par' dir='ltr' id='par_1_38' title="bbox 1991 1014 3569 1088">
     <span class='ocr_line' id='line_1_38' title="bbox 1991 1014 3569 1088; baseline 0.004 -21"><span class='ocrx_word' id='word_1_272' title='bbox 1991 1029 2112 1084; x_wconf 67' lang='lat' dir='ltr'><strong>qua:</strong></span> <span class='ocrx_word' id='word_1_273' title='bbox 2177 1021 2391 1084; x_wconf 90' lang='lat' dir='ltr'><strong>tempus</strong></span> <span class='ocrx_word' id='word_1_274' title='bbox 2437 1014 2641 1069; x_wconf 87' lang='lat' dir='ltr'><strong>habent</strong></span> <span class='ocrx_word' id='word_1_275' title='bbox 2682 1016 3064 1082; x_wconf 79' lang='lat' dir='ltr'><strong>constitutum,</strong></span> <span class='ocrx_word' id='word_1_276' title='bbox 3099 1026 3290 1088; x_wconf 89' lang='lat' dir='ltr'><strong>utpote</strong></span> <span class='ocrx_word' id='word_1_277' title='bbox 3342 1028 3569 1075; x_wconf 87' lang='lat' dir='ltr'><strong>noctur-</strong></span> 
     </span>
    </p>
   </div>
   <div class='ocr_carea' id='block_1_39' title="bbox 1990 1107 3566 1182">
    <p class='ocr_par' dir='ltr' id='par_1_39' title="bbox 1990 1107 3566 1182">
     <span class='ocr_line' id='line_1_39' title="bbox 1990 1107 3566 1182; baseline 0.006 -24"><span class='ocrx_word' id='word_1_278' title='bbox 1990 1120 2140 1171; x_wconf 86' lang='lat' dir='ltr'><strong>nam,</strong></span> <span class='ocrx_word' id='word_1_279' title='bbox 2173 1114 2229 1160; x_wconf 92' lang='lat' dir='ltr'><strong>et</strong></span> <span class='ocrx_word' id='word_1_280' title='bbox 2270 1107 2612 1171; x_wconf 76' lang='lat' dir='ltr'><strong>matutinum,</strong></span> <span class='ocrx_word' id='word_1_281' title='bbox 2650 1117 2705 1162; x_wconf 92' lang='lat' dir='ltr'><strong>et</strong></span> <span class='ocrx_word' id='word_1_282' title='bbox 2737 1124 2858 1178; x_wconf 63' lang='lat' dir='ltr'><strong>quae</strong></span> <span class='ocrx_word' id='word_1_283' title='bbox 2904 1108 2969 1162; x_wconf 92' lang='lat' dir='ltr'><strong>fit</strong></span> <span class='ocrx_word' id='word_1_284' title='bbox 3010 1125 3256 1179; x_wconf 79' lang='lat' dir='ltr'><strong>vespere,</strong></span> <span class='ocrx_word' id='word_1_285' title='bbox 3296 1111 3566 1182; x_wconf 84' lang='lat' dir='ltr'><strong>gloriﬁca-</strong></span> 
     </span>
    </p>
   </div>
   <div class='ocr_carea' id='block_1_40' title="bbox 1994 1197 3572 1275">
    <p class='ocr_par' dir='ltr' id='par_1_40' title="bbox 1994 1197 3572 1275">
     <span class='ocr_line' id='line_1_40' title="bbox 1994 1197 3572 1275; baseline 0.004 -23"><span class='ocrx_word' id='word_1_286' title='bbox 1994 1197 2215 1254; x_wconf 87' lang='lat' dir='ltr'><strong>tionem.</strong></span> <span class='ocrx_word' id='word_1_287' title='bbox 2246 1197 2554 1263; x_wconf 86' lang='lat' dir='ltr'><strong>Quinetiam</strong></span> <span class='ocrx_word' id='word_1_288' title='bbox 2587 1200 2952 1254; x_wconf 89' lang='lat' dir='ltr'><strong>contendebat</strong></span> <span class='ocrx_word' id='word_1_289' title='bbox 2975 1199 3217 1256; x_wconf 80' lang='lat' dir='ltr'><strong>Joannes</strong></span> <span class='ocrx_word' id='word_1_290' title='bbox 3243 1213 3406 1258; x_wconf 91' lang='lat' dir='ltr'><strong>noctu</strong></span> <span class='ocrx_word' id='word_1_291' title='bbox 3445 1219 3572 1275; x_wconf 80' lang='lat' dir='ltr'><strong>pro-</strong></span> 
     </span>
    </p>
   </div>
   <div class='ocr_carea' id='block_1_41' title="bbox 1992 1292 3569 1367">
    <p class='ocr_par' dir='ltr' id='par_1_41' title="bbox 1992 1292 3569 1367">
     <span class='ocr_line' id='line_1_41' title="bbox 1992 1292 3569 1367; baseline 0.003 -22"><span class='ocrx_word' id='word_1_292' title='bbox 1992 1292 2191 1346; x_wconf 88' lang='lat' dir='ltr'><strong>cedens</strong></span> <span class='ocrx_word' id='word_1_293' title='bbox 2219 1292 2353 1346; x_wconf 83' lang='lat' dir='ltr'><strong>alios</strong></span> <span class='ocrx_word' id='word_1_294' title='bbox 2395 1294 2717 1362; x_wconf 71' lang='lat' dir='ltr'><strong>prmvenire,</strong></span> <span class='ocrx_word' id='word_1_295' title='bbox 2750 1305 2805 1348; x_wconf 87' lang='lat' dir='ltr'><strong>ct</strong></span> <span class='ocrx_word' id='word_1_296' title='bbox 2863 1295 3050 1364; x_wconf 86' lang='lat' dir='ltr'><strong>templi</strong></span> <span class='ocrx_word' id='word_1_297' title='bbox 3099 1304 3283 1365; x_wconf 80' lang='lat' dir='ltr'><strong>portas</strong></span> <span class='ocrx_word' id='word_1_298' title='bbox 3331 1297 3569 1367; x_wconf 85' lang='lat' dir='ltr'><strong>primum</strong></span> 
     </span>
    </p>
   </div>
   <div class='ocr_carea' id='block_1_42' title="bbox 1990 1383 3572 1461">
    <p class='ocr_par' dir='ltr' id='par_1_42' title="bbox 1990 1383 3572 1461">
     <span class='ocr_line' id='line_1_42' title="bbox 1990 1383 3572 1461; baseline 0.004 -24"><span class='ocrx_word' id='word_1_299' title='bbox 1990 1384 2224 1452; x_wconf 86' lang='lat' dir='ltr'><strong>aperire.</strong></span> <span class='ocrx_word' id='word_1_300' title='bbox 2254 1383 2379 1440; x_wconf 69' lang='lat' dir='ltr'><strong>Haec</strong></span> <span class='ocrx_word' id='word_1_301' title='bbox 2408 1394 2589 1440; x_wconf 87' lang='lat' dir='ltr'><strong>autem</strong></span> <span class='ocrx_word' id='word_1_302' title='bbox 2621 1386 2966 1455; x_wconf 87' lang='lat' dir='ltr'><strong>cujusmodi?</strong></span> <span class='ocrx_word' id='word_1_303' title='bbox 2997 1385 3122 1442; x_wconf 83' lang='lat' dir='ltr'><strong>Erat</strong></span> <span class='ocrx_word' id='word_1_304' title='bbox 3153 1388 3299 1443; x_wconf 88' lang='lat' dir='ltr'><strong>enim</strong></span> <span class='ocrx_word' id='word_1_305' title='bbox 3324 1390 3572 1461; x_wconf 84' lang='lat' dir='ltr'><strong>egregius</strong></span> 
     </span>
    </p>
   </div>
   <div class='ocr_carea' id='block_1_43' title="bbox 1989 1475 3570 1553">
    <p class='ocr_par' dir='ltr' id='par_1_43' title="bbox 1989 1475 3570 1553">
     <span class='ocr_line' id='line_1_43' title="bbox 1989 1475 3570 1553; baseline 0.004 -23"><span class='ocrx_word' id='word_1_306' title='bbox 1989 1475 2229 1532; x_wconf 80' lang='lat' dir='ltr'><strong>Joannes</strong></span> <span class='ocrx_word' id='word_1_307' title='bbox 2266 1477 2612 1532; x_wconf 78' lang='lat' dir='ltr'><strong>acutissimus</strong></span> <span class='ocrx_word' id='word_1_308' title='bbox 2641 1519 2655 1541; x_wconf 88' lang='lat'><strong>,</strong></span> <span class='ocrx_word' id='word_1_309' title='bbox 2700 1494 2804 1532; x_wconf 90' lang='lat' dir='ltr'><strong>non</strong></span> <span class='ocrx_word' id='word_1_310' title='bbox 2841 1479 3015 1533; x_wconf 91' lang='lat' dir='ltr'><strong>solum</strong></span> <span class='ocrx_word' id='word_1_311' title='bbox 3066 1480 3133 1535; x_wconf 83' lang='lat' dir='ltr'><strong>ad</strong></span> <span class='ocrx_word' id='word_1_312' title='bbox 3183 1482 3570 1553; x_wconf 85' lang='lat' dir='ltr'><strong>intelligendas</strong></span> 
     </span>
    </p>
   </div>
   <div class='ocr_carea' id='block_1_44' title="bbox 1992 1565 3564 1641">
    <p class='ocr_par' dir='ltr' id='par_1_44' title="bbox 1992 1565 3564 1641">
     <span class='ocr_line' id='line_1_44' title="bbox 1992 1565 3564 1641; baseline 0.005 -20"><span class='ocrx_word' id='word_1_313' title='bbox 1992 1565 2323 1637; x_wconf 77' lang='lat' dir='ltr'><strong>Scripturas,</strong></span> <span class='ocrx_word' id='word_1_314' title='bbox 2346 1582 2466 1637; x_wconf 68' lang='lat' dir='ltr'><strong>qum</strong></span> <span class='ocrx_word' id='word_1_315' title='bbox 2493 1583 2522 1622; x_wconf 90' lang='lat' dir='ltr'><strong>a</strong></span> <span class='ocrx_word' id='word_1_316' title='bbox 2560 1568 2719 1639; x_wconf 85' lang='lat' dir='ltr'><strong>vulgo</strong></span> <span class='ocrx_word' id='word_1_317' title='bbox 2742 1584 2850 1625; x_wconf 90' lang='lat' dir='ltr'><strong>non</strong></span> <span class='ocrx_word' id='word_1_318' title='bbox 2883 1580 3111 1640; x_wconf 80' lang='lat' dir='ltr'><strong>possunt</strong></span> <span class='ocrx_word' id='word_1_319' title='bbox 3142 1573 3564 1641; x_wconf 86' lang='lat' dir='ltr'><strong>comprehendi,</strong></span> 
     </span>
    </p>
   </div>
   <div class='ocr_carea' id='block_1_45' title="bbox 1990 1645 3572 1732">
    <p class='ocr_par' dir='ltr' id='par_1_45' title="bbox 1990 1645 3572 1732">
     <span class='ocr_line' id='line_1_45' title="bbox 1990 1645 3572 1732; baseline 0.003 -18"><span class='ocrx_word' id='word_1_320' title='bbox 1990 1667 2048 1714; x_wconf 85' lang='lat' dir='ltr'><strong>et</strong></span> <span class='ocrx_word' id='word_1_321' title='bbox 2103 1660 2171 1715; x_wconf 88' lang='lat' dir='ltr'><strong>ad</strong></span> <span class='ocrx_word' id='word_1_322' title='bbox 2214 1660 2347 1715; x_wconf 89' lang='lat' dir='ltr'><strong>dicti</strong></span> <span class='ocrx_word' id='word_1_323' title='bbox 2385 1660 2785 1722; x_wconf 74' lang='lat' dir='ltr'><strong>conﬁciendam</strong></span> <span class='ocrx_word' id='word_1_324' title='bbox 2833 1678 3089 1732; x_wconf 78' lang='lat' dir='ltr'><strong>germane</strong></span> <span class='ocrx_word' id='word_1_325' title='bbox 3125 1645 3454 1719; x_wconf 86' lang='lat' dir='ltr'><strong>sententiam</strong></span> <span class='ocrx_word' id='word_1_326' title='bbox 3486 1666 3572 1719; x_wconf 90' lang='lat' dir='ltr'><strong>in-</strong></span> 
     </span>
    </p>
   </div>
   <div class='ocr_carea' id='block_1_46' title="bbox 1990 1752 3573 1827">
    <p class='ocr_par' dir='ltr' id='par_1_46' title="bbox 1990 1752 3573 1827">
     <span class='ocr_line' id='line_1_46' title="bbox 1990 1752 3573 1827; baseline 0.003 -21"><span class='ocrx_word' id='word_1_327' title='bbox 1990 1752 2403 1823; x_wconf 84' lang='lat' dir='ltr'><strong>geniosissimus</strong></span> <span class='ocrx_word' id='word_1_328' title='bbox 2428 1792 2443 1815; x_wconf 90' lang='lat'><strong>.</strong></span> <span class='ocrx_word' id='word_1_329' title='bbox 2511 1763 2568 1807; x_wconf 88' lang='lat' dir='ltr'><strong>et</strong></span> <span class='ocrx_word' id='word_1_330' title='bbox 2602 1762 2660 1808; x_wconf 90' lang='lat' dir='ltr'><strong>ut</strong></span> <span class='ocrx_word' id='word_1_331' title='bbox 2689 1753 2820 1808; x_wconf 89' lang='lat' dir='ltr'><strong>dicit</strong></span> <span class='ocrx_word' id='word_1_332' title='bbox 2871 1753 3126 1809; x_wconf 88' lang='lat' dir='ltr'><strong>Salomon</strong></span> <span class='ocrx_word' id='word_1_333' title='bbox 3171 1756 3237 1822; x_wconf 82' lang='lat'><strong>“,</strong></span> <span class='ocrx_word' id='word_1_334' title='bbox 3265 1756 3330 1810; x_wconf 91' lang='lat' dir='ltr'><strong>ad</strong></span> <span class='ocrx_word' id='word_1_335' title='bbox 3371 1772 3573 1827; x_wconf 81' lang='lat' dir='ltr'><strong>cogno-</strong></span> 
     </span>
    </p>
   </div>
   <div class='ocr_carea' id='block_1_47' title="bbox 1921 1825 3568 1915">
    <p class='ocr_par' dir='ltr' id='par_1_47' title="bbox 1921 1825 3568 1915">
     <span class='ocr_line' id='line_1_47' title="bbox 1921 1825 3568 1915; baseline 0.002 -19"><span class='ocrx_word' id='word_1_336' title='bbox 1921 1825 1961 1884; x_wconf 72' lang='grc' dir='ltr'><strong><em>Β</em></strong></span> <span class='ocrx_word' id='word_1_337' title='bbox 1990 1843 2189 1898; x_wconf 85' lang='lat' dir='ltr'><strong>scenda</strong></span> <span class='ocrx_word' id='word_1_338' title='bbox 2247 1843 2388 1897; x_wconf 89' lang='lat' dir='ltr'><strong>dicta</strong></span> <span class='ocrx_word' id='word_1_339' title='bbox 2444 1842 2752 1912; x_wconf 80' lang='lat' dir='ltr'><strong>sapientum</strong></span> <span class='ocrx_word' id='word_1_340' title='bbox 2804 1852 2858 1898; x_wconf 88' lang='lat' dir='ltr'><strong>et</strong></span> <span class='ocrx_word' id='word_1_341' title='bbox 2896 1844 3182 1915; x_wconf 74' lang='lat' dir='ltr'><strong>aenigmata</strong></span> <span class='ocrx_word' id='word_1_342' title='bbox 3218 1886 3233 1911; x_wconf 91' lang='lat'><strong>,</strong></span> <span class='ocrx_word' id='word_1_343' title='bbox 3268 1846 3364 1901; x_wconf 89' lang='lat' dir='ltr'><strong>sed</strong></span> <span class='ocrx_word' id='word_1_344' title='bbox 3405 1825 3568 1902; x_wconf 82' lang='lat' dir='ltr'><strong>etiam</strong></span> 
     </span>
    </p>
   </div>
   <div class='ocr_carea' id='block_1_48' title="bbox 1987 1931 3572 2006">
    <p class='ocr_par' dir='ltr' id='par_1_48' title="bbox 1987 1931 3572 2006">
     <span class='ocr_line' id='line_1_48' title="bbox 1987 1931 3572 2006; baseline 0.003 -20"><span class='ocrx_word' id='word_1_345' title='bbox 1987 1933 2054 1986; x_wconf 88' lang='lat' dir='ltr'><strong>ad</strong></span> <span class='ocrx_word' id='word_1_346' title='bbox 2093 1931 2167 1995; x_wconf 89' lang='lat' dir='ltr'><strong>id,</strong></span> <span class='ocrx_word' id='word_1_347' title='bbox 2198 1933 2343 2002; x_wconf 90' lang='lat' dir='ltr'><strong>quod</strong></span> <span class='ocrx_word' id='word_1_348' title='bbox 2394 1932 2760 1998; x_wconf 85' lang='lat' dir='ltr'><strong>intellexerat,</strong></span> <span class='ocrx_word' id='word_1_349' title='bbox 2798 1933 2958 1989; x_wconf 80' lang='lat' dir='ltr'><strong>facile</strong></span> <span class='ocrx_word' id='word_1_350' title='bbox 3005 1936 3482 2006; x_wconf 86' lang='lat' dir='ltr'><strong>interpretandum</strong></span> <span class='ocrx_word' id='word_1_351' title='bbox 3514 1948 3572 1993; x_wconf 88' lang='lat' dir='ltr'><strong>et</strong></span> 
     </span>
    </p>
   </div>
   <div class='ocr_carea' id='block_1_49' title="bbox 1988 2022 3570 2100">
    <p class='ocr_par' dir='ltr' id='par_1_49' title="bbox 1988 2022 3570 2100">
     <span class='ocr_line' id='line_1_49' title="bbox 1988 2022 3570 2100; baseline 0.003 -24"><span class='ocrx_word' id='word_1_352' title='bbox 1988 2022 2413 2100; x_wconf 28' lang='lat' dir='ltr'><strong>illustrandumt</strong></span> <span class='ocrx_word' id='word_1_353' title='bbox 2442 2029 2499 2077; x_wconf 91' lang='lat' dir='ltr'><strong>et</strong></span> <span class='ocrx_word' id='word_1_354' title='bbox 2534 2033 2591 2078; x_wconf 92' lang='lat' dir='ltr'><strong>ut</strong></span> <span class='ocrx_word' id='word_1_355' title='bbox 2619 2022 2841 2086; x_wconf 87' lang='lat' dir='ltr'><strong>dicitur,</strong></span> <span class='ocrx_word' id='word_1_356' title='bbox 2880 2024 2949 2077; x_wconf 91' lang='lat' dir='ltr'><strong>ad</strong></span> <span class='ocrx_word' id='word_1_357' title='bbox 2981 2024 3031 2077; x_wconf 86' lang='lat' dir='ltr'><strong>id</strong></span> <span class='ocrx_word' id='word_1_358' title='bbox 3073 2025 3159 2079; x_wconf 87' lang='lat' dir='ltr'><strong>vel</strong></span> <span class='ocrx_word' id='word_1_359' title='bbox 3192 2040 3338 2081; x_wconf 69' lang='lat' dir='ltr'><strong>caeco</strong></span> <span class='ocrx_word' id='word_1_360' title='bbox 3375 2035 3570 2097; x_wconf 88' lang='lat' dir='ltr'><strong>aperte</strong></span> 
     </span>
    </p>
   </div>
   <div class='ocr_carea' id='block_1_50' title="bbox 1987 2111 3559 2182">
    <p class='ocr_par' dir='ltr' id='par_1_50' title="bbox 1987 2111 3559 2182">
     <span class='ocr_line' id='line_1_50' title="bbox 1987 2111 3559 2182; baseline 0.004 -16"><span class='ocrx_word' id='word_1_361' title='bbox 1987 2111 2407 2178; x_wconf 84' lang='lat' dir='ltr'><strong>ostendendum,</strong></span> <span class='ocrx_word' id='word_1_362' title='bbox 2439 2127 2649 2178; x_wconf 91' lang='lat' dir='ltr'><strong>eorum,</strong></span> <span class='ocrx_word' id='word_1_363' title='bbox 2687 2114 2779 2182; x_wconf 88' lang='lat' dir='ltr'><strong>qui</strong></span> <span class='ocrx_word' id='word_1_364' title='bbox 2811 2112 3033 2168; x_wconf 90' lang='lat' dir='ltr'><strong>fuerunt</strong></span> <span class='ocrx_word' id='word_1_365' title='bbox 3061 2128 3129 2168; x_wconf 82' lang='lat' dir='ltr'><strong>ex</strong></span> <span class='ocrx_word' id='word_1_366' title='bbox 3156 2115 3307 2169; x_wconf 91' lang='lat' dir='ltr'><strong>omni</strong></span> <span class='ocrx_word' id='word_1_367' title='bbox 3334 2116 3559 2179; x_wconf 68' lang='lat' dir='ltr'><strong>saeculo.</strong></span> 
     </span>
    </p>
   </div>
   <div class='ocr_carea' id='block_1_51' title="bbox 1987 2203 3569 2277">
    <p class='ocr_par' dir='ltr' id='par_1_51' title="bbox 1987 2203 3569 2277">
     <span class='ocr_line' id='line_1_51' title="bbox 1987 2203 3569 2277; baseline 0 -17"><span class='ocrx_word' id='word_1_368' title='bbox 1987 2203 2414 2260; x_wconf 82' lang='lat' dir='ltr'><strong>facundissimus</strong></span> <span class='ocrx_word' id='word_1_369' title='bbox 2469 2214 2525 2259; x_wconf 90' lang='lat' dir='ltr'><strong>et</strong></span> <span class='ocrx_word' id='word_1_370' title='bbox 2563 2209 2801 2259; x_wconf 80' lang='lat' dir='ltr'><strong>maxime</strong></span> <span class='ocrx_word' id='word_1_371' title='bbox 2848 2205 3101 2264; x_wconf 89' lang='lat' dir='ltr'><strong>idoneus.</strong></span> <span class='ocrx_word' id='word_1_372' title='bbox 3158 2206 3293 2277; x_wconf 83' lang='lat' dir='ltr'><strong>Ejus</strong></span> <span class='ocrx_word' id='word_1_373' title='bbox 3348 2207 3569 2276; x_wconf 86' lang='lat' dir='ltr'><strong>quidem</strong></span> 
     </span>
    </p>
   </div>
   <div class='ocr_carea' id='block_1_52' title="bbox 1987 2296 3563 2369">
    <p class='ocr_par' dir='ltr' id='par_1_52' title="bbox 1987 2296 3563 2369">
     <span class='ocr_line' id='line_1_52' title="bbox 1987 2296 3563 2369; baseline 0.001 -18"><span class='ocrx_word' id='word_1_374' title='bbox 1987 2305 2105 2351; x_wconf 89' lang='lat' dir='ltr'><strong>erat</strong></span> <span class='ocrx_word' id='word_1_375' title='bbox 2142 2312 2370 2367; x_wconf 78' lang='lat' dir='ltr'><strong>magnus</strong></span> <span class='ocrx_word' id='word_1_376' title='bbox 2425 2311 2599 2359; x_wconf 23' lang='lat' dir='ltr'><strong>amor,</strong></span> <span class='ocrx_word' id='word_1_377' title='bbox 2627 2296 2681 2350; x_wconf 90' lang='lat' dir='ltr'><strong>in</strong></span> <span class='ocrx_word' id='word_1_378' title='bbox 2715 2311 2929 2362; x_wconf 89' lang='lat' dir='ltr'><strong>omnes,</strong></span> <span class='ocrx_word' id='word_1_379' title='bbox 2962 2298 3057 2367; x_wconf 92' lang='lat' dir='ltr'><strong>qui</strong></span> <span class='ocrx_word' id='word_1_380' title='bbox 3105 2312 3229 2353; x_wconf 90' lang='lat' dir='ltr'><strong>cum</strong></span> <span class='ocrx_word' id='word_1_381' title='bbox 3281 2312 3370 2364; x_wconf 90' lang='lat' dir='ltr'><strong>eo,</strong></span> <span class='ocrx_word' id='word_1_382' title='bbox 3417 2299 3563 2369; x_wconf 87' lang='lat' dir='ltr'><strong>quod</strong></span> 
     </span>
    </p>
   </div>
   <div class='ocr_carea' id='block_1_53' title="bbox 1985 2387 3573 2465">
    <p class='ocr_par' dir='ltr' id='par_1_53' title="bbox 1985 2387 3573 2465">
     <span class='ocr_line' id='line_1_53' title="bbox 1985 2387 3573 2465; baseline 0.004 -23"><span class='ocrx_word' id='word_1_383' title='bbox 1985 2389 2059 2459; x_wconf 87' lang='lat' dir='ltr'><strong>pii</strong></span> <span class='ocrx_word' id='word_1_384' title='bbox 2094 2387 2318 2453; x_wconf 83' lang='lat' dir='ltr'><strong>fuerunt</strong></span> <span class='ocrx_word' id='word_1_385' title='bbox 2349 2403 2417 2443; x_wconf 81' lang='lat' dir='ltr'><strong>ex</strong></span> <span class='ocrx_word' id='word_1_386' title='bbox 2451 2388 2580 2452; x_wconf 78' lang='lat' dir='ltr'><strong>Deo,</strong></span> <span class='ocrx_word' id='word_1_387' title='bbox 2624 2391 2792 2445; x_wconf 87' lang='lat' dir='ltr'><strong>etiam</strong></span> <span class='ocrx_word' id='word_1_388' title='bbox 2832 2391 2999 2445; x_wconf 89' lang='lat' dir='ltr'><strong>vitam</strong></span> <span class='ocrx_word' id='word_1_389' title='bbox 3025 2401 3259 2462; x_wconf 85' lang='lat' dir='ltr'><strong>egerunt</strong></span> <span class='ocrx_word' id='word_1_390' title='bbox 3289 2409 3303 2447; x_wconf 88' lang='lat'><strong>:</strong></span> <span class='ocrx_word' id='word_1_391' title='bbox 3330 2394 3573 2465; x_wconf 69' lang='lat' dir='ltr'><strong>prophr-</strong></span> 
     </span>
    </p>
   </div>
   <div class='ocr_carea' id='block_1_54' title="bbox 1988 2479 3570 2555">
    <p class='ocr_par' dir='ltr' id='par_1_54' title="bbox 1988 2479 3570 2555">
     <span class='ocr_line' id='line_1_54' title="bbox 1988 2479 3570 2555; baseline 0.002 -19"><span class='ocrx_word' id='word_1_392' title='bbox 1988 2491 2091 2545; x_wconf 88' lang='lat' dir='ltr'><strong>tas,</strong></span> <span class='ocrx_word' id='word_1_393' title='bbox 2139 2479 2379 2550; x_wconf 86' lang='lat' dir='ltr'><strong>inquam,</strong></span> <span class='ocrx_word' id='word_1_394' title='bbox 2426 2489 2481 2535; x_wconf 90' lang='lat' dir='ltr'><strong>et</strong></span> <span class='ocrx_word' id='word_1_395' title='bbox 2522 2481 2842 2550; x_wconf 85' lang='lat' dir='ltr'><strong>apostolos,</strong></span> <span class='ocrx_word' id='word_1_396' title='bbox 2889 2490 2946 2537; x_wconf 92' lang='lat' dir='ltr'><strong>et</strong></span> <span class='ocrx_word' id='word_1_397' title='bbox 2995 2482 3198 2552; x_wconf 87' lang='lat' dir='ltr'><strong>quibus</strong></span> <span class='ocrx_word' id='word_1_398' title='bbox 3242 2484 3418 2541; x_wconf 89' lang='lat' dir='ltr'><strong>oratio</strong></span> <span class='ocrx_word' id='word_1_399' title='bbox 3468 2500 3570 2555; x_wconf 86' lang='lat' dir='ltr'><strong>per</strong></span> 
     </span>
    </p>
   </div>
   <div class='ocr_carea' id='block_1_55' title="bbox 1985 2571 3555 2643">
    <p class='ocr_par' dir='ltr' id='par_1_55' title="bbox 1985 2571 3555 2643">
     <span class='ocr_line' id='line_1_55' title="bbox 1985 2571 3555 2643; baseline 0.002 -17"><span class='ocrx_word' id='word_1_400' title='bbox 1985 2571 2234 2643; x_wconf 74' lang='lat' dir='ltr'><strong>Spiritum</strong></span> <span class='ocrx_word' id='word_1_401' title='bbox 2290 2572 2690 2642; x_wconf 57' lang='lat' dir='ltr'><strong>promanavita</strong></span> <span class='ocrx_word' id='word_1_402' title='bbox 2724 2571 2777 2625; x_wconf 91' lang='lat' dir='ltr'><strong>in</strong></span> <span class='ocrx_word' id='word_1_403' title='bbox 2819 2587 3011 2627; x_wconf 88' lang='lat' dir='ltr'><strong>eorum</strong></span> <span class='ocrx_word' id='word_1_404' title='bbox 3064 2580 3214 2629; x_wconf 89' lang='lat' dir='ltr'><strong>certe</strong></span> <span class='ocrx_word' id='word_1_405' title='bbox 3247 2574 3402 2630; x_wconf 88' lang='lat' dir='ltr'><strong>libris</strong></span> <span class='ocrx_word' id='word_1_406' title='bbox 3430 2590 3555 2631; x_wconf 85' lang='lat' dir='ltr'><strong>ver-</strong></span> 
     </span>
    </p>
   </div>
   <div class='ocr_carea' id='block_1_56' title="bbox 1985 2663 3564 2727">
    <p class='ocr_par' dir='ltr' id='par_1_56' title="bbox 1985 2663 3564 2727">
     <span class='ocr_line' id='line_1_56' title="bbox 1985 2663 3564 2727; baseline 0.002 -8"><span class='ocrx_word' id='word_1_407' title='bbox 1985 2664 2210 2719; x_wconf 75' lang='lat' dir='ltr'><strong>Sabatur</strong></span> <span class='ocrx_word' id='word_1_408' title='bbox 2236 2663 2473 2726; x_wconf 83' lang='lat' dir='ltr'><strong>assidue,</strong></span> <span class='ocrx_word' id='word_1_409' title='bbox 2507 2675 2563 2718; x_wconf 90' lang='lat' dir='ltr'><strong>et</strong></span> <span class='ocrx_word' id='word_1_410' title='bbox 2602 2663 2657 2718; x_wconf 90' lang='lat' dir='ltr'><strong>in</strong></span> <span class='ocrx_word' id='word_1_411' title='bbox 2703 2679 2892 2720; x_wconf 87' lang='lat' dir='ltr'><strong>eorum</strong></span> <span class='ocrx_word' id='word_1_412' title='bbox 2931 2665 3113 2720; x_wconf 78' lang='lat' dir='ltr'><strong>verbis</strong></span> <span class='ocrx_word' id='word_1_413' title='bbox 3143 2667 3439 2727; x_wconf 51' lang='lat' dir='ltr'><strong>maximam,</strong></span> <span class='ocrx_word' id='word_1_414' title='bbox 3471 2681 3564 2722; x_wconf 84' lang='lat' dir='ltr'><strong>ca-</strong></span> 
     </span>
    </p>
   </div>
   <div class='ocr_carea' id='block_1_57' title="bbox 1983 2756 3564 2828">
    <p class='ocr_par' dir='ltr' id='par_1_57' title="bbox 1983 2756 3564 2828">
     <span class='ocr_line' id='line_1_57' title="bbox 1983 2756 3564 2828; baseline -0.001 -17"><span class='ocrx_word' id='word_1_415' title='bbox 1983 2756 2165 2828; x_wconf 88' lang='lat' dir='ltr'><strong>piebat</strong></span> <span class='ocrx_word' id='word_1_416' title='bbox 2216 2757 2572 2827; x_wconf 86' lang='lat' dir='ltr'><strong>voluptatem.</strong></span> <span class='ocrx_word' id='word_1_417' title='bbox 2627 2756 2818 2811; x_wconf 88' lang='lat' dir='ltr'><strong>Simile</strong></span> <span class='ocrx_word' id='word_1_418' title='bbox 2868 2756 3037 2824; x_wconf 84' lang='lat' dir='ltr'><strong>enim‘,</strong></span> <span class='ocrx_word' id='word_1_419' title='bbox 3096 2766 3156 2812; x_wconf 90' lang='lat' dir='ltr'><strong>ut</strong></span> <span class='ocrx_word' id='word_1_420' title='bbox 3192 2758 3368 2821; x_wconf 87' lang='lat' dir='ltr'><strong>aiunt,</strong></span> <span class='ocrx_word' id='word_1_421' title='bbox 3398 2758 3564 2812; x_wconf 88' lang='lat' dir='ltr'><strong>simili</strong></span> 
     </span>
    </p>
   </div>
   <div class='ocr_carea' id='block_1_58' title="bbox 1982 2846 3565 2917">
    <p class='ocr_par' dir='ltr' id='par_1_58' title="bbox 1982 2846 3565 2917">
     <span class='ocr_line' id='line_1_58' title="bbox 1982 2846 3565 2917; baseline -0.001 -14"><span class='ocrx_word' id='word_1_422' title='bbox 1982 2848 2304 2904; x_wconf 89' lang='lat' dir='ltr'><strong>delectatur.</strong></span> <span class='ocrx_word' id='word_1_423' title='bbox 2360 2847 2525 2901; x_wconf 90' lang='lat' dir='ltr'><strong>Paulo</strong></span> <span class='ocrx_word' id='word_1_424' title='bbox 2586 2856 2768 2901; x_wconf 90' lang='lat' dir='ltr'><strong>autem</strong></span> <span class='ocrx_word' id='word_1_425' title='bbox 2831 2846 3068 2917; x_wconf 75' lang='lat' dir='ltr'><strong>praeconi</strong></span> <span class='ocrx_word' id='word_1_426' title='bbox 3125 2855 3272 2902; x_wconf 89' lang='lat' dir='ltr'><strong>totus</strong></span> <span class='ocrx_word' id='word_1_427' title='bbox 3312 2847 3565 2903; x_wconf 54' lang='lat' dir='ltr'><strong>adhaere-</strong></span> 
     </span>
    </p>
   </div>
   <div class='ocr_carea' id='block_1_59' title="bbox 1983 2938 3569 3009">
    <p class='ocr_par' dir='ltr' id='par_1_59' title="bbox 1983 2938 3569 3009">
     <span class='ocr_line' id='line_1_59' title="bbox 1983 2938 3569 3009; baseline -0.004 -11"><span class='ocrx_word' id='word_1_428' title='bbox 1983 2941 2188 3006; x_wconf 84' lang='lat' dir='ltr'><strong>scebat,</strong></span> <span class='ocrx_word' id='word_1_429' title='bbox 2237 2947 2294 2995; x_wconf 91' lang='lat' dir='ltr'><strong>et</strong></span> <span class='ocrx_word' id='word_1_430' title='bbox 2326 2938 2590 2994; x_wconf 80' lang='lat' dir='ltr'><strong>iuell&#39;abili</strong></span> <span class='ocrx_word' id='word_1_431' title='bbox 2652 2939 2890 3009; x_wconf 83' lang='lat' dir='ltr'><strong>quodam</strong></span> <span class='ocrx_word' id='word_1_432' title='bbox 2944 2938 3224 2994; x_wconf 74' lang='lat' dir='ltr'><strong>desiderio</strong></span> <span class='ocrx_word' id='word_1_433' title='bbox 3258 2947 3381 2994; x_wconf 86' lang='lat' dir='ltr'><strong>erat</strong></span> <span class='ocrx_word' id='word_1_434' title='bbox 3434 2953 3569 2994; x_wconf 83' lang='lat' dir='ltr'><strong>con-</strong></span> 
     </span>
    </p>
   </div>
   <div class='ocr_carea' id='block_1_60' title="bbox 322 3029 1884 3109">
    <p class='ocr_par' dir='ltr' id='par_1_60' title="bbox 322 3029 1882 3109">
     <span class='ocr_line' id='line_1_60' title="bbox 322 3029 1882 3109; baseline -0.002 -22"><span class='ocrx_word' id='word_1_435' title='bbox 322 3029 543 3107; x_wconf 69' lang='grc' dir='ltr'><strong>Ἷωάοινῃ</strong></span> <span class='ocrx_word' id='word_1_436' title='bbox 601 3035 742 3091; x_wconf 81' lang='grc' dir='ltr'>κατὰ</span> <span class='ocrx_word' id='word_1_437' title='bbox 792 3036 1002 3091; x_wconf 78' lang='grc' dir='ltr'>Παῦλον</span> <span class='ocrx_word' id='word_1_438' title='bbox 1029 3036 1273 3109; x_wconf 39' lang='grc' dir='ltr'>,Χριστός</span> <span class='ocrx_word' id='word_1_439' title='bbox 1302 3053 1316 3068; x_wconf 81' lang='lat'><strong>&#39;</strong></span> <span class='ocrx_word' id='word_1_440' title='bbox 1358 3039 1481 3092; x_wconf 71' lang='grc' dir='ltr'>ἐπεὶ</span> <span class='ocrx_word' id='word_1_441' title='bbox 1511 3037 1605 3091; x_wconf 69' lang='grc' dir='ltr'>καὶ</span> <span class='ocrx_word' id='word_1_442' title='bbox 1639 3032 1882 3089; x_wconf 77' lang='grc' dir='ltr'>τοσοῦτοι</span> 
     </span>
    </p>
   </div>
   <div class='ocr_carea' id='block_1_61' title="bbox 1985 3029 3568 3109">
    <p class='ocr_par' dir='ltr' id='par_1_61' title="bbox 1985 3029 3568 3103">
     <span class='ocr_line' id='line_1_61' title="bbox 1985 3029 3568 3103; baseline 0.002 -23"><span class='ocrx_word' id='word_1_443' title='bbox 1985 3030 2224 3103; x_wconf 76' lang='lat' dir='ltr'><strong>iunctus,</strong></span> <span class='ocrx_word' id='word_1_444' title='bbox 2261 3038 2318 3084; x_wconf 89' lang='lat' dir='ltr'><strong>et</strong></span> <span class='ocrx_word' id='word_1_445' title='bbox 2352 3029 2569 3086; x_wconf 87' lang='lat' dir='ltr'><strong>vivebat</strong></span> <span class='ocrx_word' id='word_1_446' title='bbox 2620 3029 2767 3086; x_wconf 79' lang='lat' dir='ltr'><strong>illius</strong></span> <span class='ocrx_word' id='word_1_447' title='bbox 2801 3029 3167 3086; x_wconf 77' lang='lat' dir='ltr'><strong>sermonibus.</strong></span> <span class='ocrx_word' id='word_1_448' title='bbox 3216 3029 3568 3102; x_wconf 66' lang='lat' dir='ltr'><strong>Namaperte</strong></span> 
     </span>
    </p>
   </div>
   <div class='ocr_carea' id='block_1_62' title="bbox 308 3119 1884 3203">
    <p class='ocr_par' dir='ltr' id='par_1_62' title="bbox 308 3127 1677 3203">
     <span class='ocr_line' id='line_1_62' title="bbox 308 3127 1677 3203; baseline 0.004 -24"><span class='ocrx_word' id='word_1_449' title='bbox 308 3127 564 3182; x_wconf 83' lang='grc' dir='ltr'>κάκείνου</span> <span class='ocrx_word' id='word_1_450' title='bbox 587 3128 675 3183; x_wconf 76' lang='grc' dir='ltr'>διὰ</span> <span class='ocrx_word' id='word_1_451' title='bbox 693 3131 930 3202; x_wconf 74' lang='grc' dir='ltr'>Χριστὸν</span> <span class='ocrx_word' id='word_1_452' title='bbox 960 3132 1011 3185; x_wconf 79' lang='lat' dir='ltr'><strong>oi</strong></span> <span class='ocrx_word' id='word_1_453' title='bbox 1051 3131 1184 3203; x_wconf 78' lang='grc' dir='ltr'>πρὸς</span> <span class='ocrx_word' id='word_1_454' title='bbox 1219 3129 1429 3185; x_wconf 82' lang='grc' dir='ltr'>Παῦλον</span> <span class='ocrx_word' id='word_1_455' title='bbox 1454 3129 1677 3200; x_wconf 75' lang='grc' dir='ltr'>ἔρωτες.</span> 
     </span>
    </p>
   </div>
   <div class='ocr_carea' id='block_1_63' title="bbox 1985 3119 3575 3203">
    <p class='ocr_par' dir='ltr' id='par_1_63' title="bbox 1985 3119 3575 3192">
     <span class='ocr_line' id='line_1_63' title="bbox 1985 3119 3575 3192; baseline -0.002 -16"><span class='ocrx_word' id='word_1_456' title='bbox 1985 3120 2171 3176; x_wconf 85' lang='lat' dir='ltr'><strong>multis</strong></span> <span class='ocrx_word' id='word_1_457' title='bbox 2205 3121 2262 3176; x_wconf 91' lang='lat' dir='ltr'><strong>in</strong></span> <span class='ocrx_word' id='word_1_458' title='bbox 2304 3120 2441 3176; x_wconf 81' lang='lat' dir='ltr'><strong>locis</strong></span> <span class='ocrx_word' id='word_1_459' title='bbox 2470 3119 2760 3176; x_wconf 75' lang='lat' dir='ltr'><strong>verborum</strong></span> <span class='ocrx_word' id='word_1_460' title='bbox 2791 3121 2911 3191; x_wconf 90' lang='lat' dir='ltr'><strong>ejus</strong></span> <span class='ocrx_word' id='word_1_461' title='bbox 2947 3121 3216 3184; x_wconf 85' lang='lat' dir='ltr'><strong>meminit,</strong></span> <span class='ocrx_word' id='word_1_462' title='bbox 3253 3121 3415 3192; x_wconf 83' lang='lat' dir='ltr'><strong>idque</strong></span> <span class='ocrx_word' id='word_1_463' title='bbox 3447 3138 3575 3189; x_wconf 49' lang='lat' dir='ltr'><strong>uia-1</strong></span> 
     </span>
    </p>
   </div>
   <div class='ocr_carea' id='block_1_64' title="bbox 278 3212 3566 3288">
    <p class='ocr_par' dir='ltr' id='par_1_64' title="bbox 278 3212 3566 3288">
     <span class='ocr_line' id='line_1_64' title="bbox 278 3212 3566 3288; baseline -0.001 -16"><span class='ocrx_word' id='word_1_464' title='bbox 278 3220 446 3288; x_wconf 54' lang='lat' dir='ltr'><strong>&#39;mas</strong></span> <span class='ocrx_word' id='word_1_465' title='bbox 485 3218 633 3274; x_wconf 87' lang='lat' dir='ltr'><strong>ducit</strong></span> <span class='ocrx_word' id='word_1_466' title='bbox 664 3235 787 3276; x_wconf 90' lang='lat' dir='ltr'><strong>esse</strong></span> <span class='ocrx_word' id='word_1_467' title='bbox 816 3221 1042 3277; x_wconf 89' lang='lat' dir='ltr'><strong>delicias</strong></span> <span class='ocrx_word' id='word_1_468' title='bbox 1063 3230 1120 3277; x_wconf 91' lang='lat' dir='ltr'><strong>et</strong></span> <span class='ocrx_word' id='word_1_469' title='bbox 1160 3222 1389 3278; x_wconf 67' lang='lat' dir='ltr'><strong>internae</strong></span> <span class='ocrx_word' id='word_1_470' title='bbox 1420 3220 1649 3276; x_wconf 71' lang='lat' dir='ltr'><strong>ﬂamma:</strong></span> <span class='ocrx_word' id='word_1_471' title='bbox 1700 3213 2153 3276; x_wconf 86' lang='lat' dir='ltr'><strong>consolationem.</strong></span> <span class='ocrx_word' id='word_1_472' title='bbox 2200 3212 2433 3284; x_wconf 86' lang='lat' dir='ltr'><strong>Propter</strong></span> <span class='ocrx_word' id='word_1_473' title='bbox 2465 3232 2472 3239; x_wconf 54' lang='grc' dir='ltr'>ε</span> <span class='ocrx_word' id='word_1_474' title='bbox 2507 3228 2667 3284; x_wconf 92' lang='lat' dir='ltr'><strong>quam</strong></span> <span class='ocrx_word' id='word_1_475' title='bbox 2734 3227 2955 3269; x_wconf 83' lang='lat' dir='ltr'><strong>causam</strong></span> <span class='ocrx_word' id='word_1_476' title='bbox 3025 3213 3116 3270; x_wconf 89' lang='lat' dir='ltr'><strong>ille</strong></span> <span class='ocrx_word' id='word_1_477' title='bbox 3154 3229 3370 3285; x_wconf 88' lang='lat' dir='ltr'><strong>quoque</strong></span> <span class='ocrx_word' id='word_1_478' title='bbox 3410 3215 3566 3270; x_wconf 87' lang='lat' dir='ltr'><strong>simi-</strong></span> 
     </span>
    </p>
   </div>
   <div class='ocr_carea' id='block_1_65' title="bbox 310 3307 3565 3386">
    <p class='ocr_par' dir='ltr' id='par_1_65' title="bbox 310 3307 3565 3386">
     <span class='ocr_line' id='line_1_65' title="bbox 310 3307 3565 3386; baseline -0.001 -22"><span class='ocrx_word' id='word_1_479' title='bbox 310 3308 438 3367; x_wconf 88' lang='lat' dir='ltr'><strong>liter</strong></span> <span class='ocrx_word' id='word_1_480' title='bbox 468 3322 628 3383; x_wconf 86' lang='lat' dir='ltr'><strong>atque</strong></span> <span class='ocrx_word' id='word_1_481' title='bbox 662 3314 697 3369; x_wconf 91' lang='lat' dir='ltr'><strong>ii</strong></span> <span class='ocrx_word' id='word_1_482' title='bbox 732 3314 823 3386; x_wconf 91' lang='lat' dir='ltr'><strong>qui</strong></span> <span class='ocrx_word' id='word_1_483' title='bbox 869 3324 1055 3371; x_wconf 88' lang='lat' dir='ltr'><strong>amant</strong></span> <span class='ocrx_word' id='word_1_484' title='bbox 1089 3316 1297 3380; x_wconf 83' lang='lat' dir='ltr'><strong>insane,</strong></span> <span class='ocrx_word' id='word_1_485' title='bbox 1329 3324 1387 3372; x_wconf 89' lang='lat' dir='ltr'><strong>et</strong></span> <span class='ocrx_word' id='word_1_486' title='bbox 1434 3323 1562 3370; x_wconf 87' lang='lat' dir='ltr'><strong>sunt</strong></span> <span class='ocrx_word' id='word_1_487' title='bbox 1603 3314 1760 3369; x_wconf 80' lang='lat' dir='ltr'><strong>valde</strong></span> <span class='ocrx_word' id='word_1_488' title='bbox 1801 3308 2143 3372; x_wconf 81' lang='lat' dir='ltr'><strong>inflammati,</strong></span> <span class='ocrx_word' id='word_1_489' title='bbox 2208 3307 2406 3364; x_wconf 85' lang='lat' dir='ltr'><strong>fatetur</strong></span> <span class='ocrx_word' id='word_1_490' title='bbox 2437 3322 2498 3363; x_wconf 90' lang='lat' dir='ltr'><strong>se</strong></span> <span class='ocrx_word' id='word_1_491' title='bbox 2552 3307 2622 3362; x_wconf 91' lang='lat' dir='ltr'><strong>ab</strong></span> <span class='ocrx_word' id='word_1_492' title='bbox 2692 3322 2759 3364; x_wconf 91' lang='lat' dir='ltr'><strong>eo</strong></span> <span class='ocrx_word' id='word_1_493' title='bbox 2820 3322 2941 3363; x_wconf 90' lang='lat' dir='ltr'><strong>esse</strong></span> <span class='ocrx_word' id='word_1_494' title='bbox 2993 3316 3330 3379; x_wconf 79' lang='lat' dir='ltr'><strong>snperatum,</strong></span> <span class='ocrx_word' id='word_1_495' title='bbox 3360 3316 3416 3364; x_wconf 91' lang='lat' dir='ltr'><strong>et</strong></span> <span class='ocrx_word' id='word_1_496' title='bbox 3454 3323 3565 3364; x_wconf 88' lang='lat' dir='ltr'><strong>non</strong></span> 
     </span>
    </p>
   </div>
   <div class='ocr_carea' id='block_1_66' title="bbox 312 3399 3560 3479">
    <p class='ocr_par' dir='ltr' id='par_1_66' title="bbox 312 3399 3560 3479">
     <span class='ocr_line' id='line_1_66' title="bbox 312 3399 3560 3479; baseline -0 -20"><span class='ocrx_word' id='word_1_497' title='bbox 312 3419 473 3474; x_wconf 73' lang='lat' dir='ltr'><strong>posse</strong></span> <span class='ocrx_word' id='word_1_498' title='bbox 508 3406 576 3461; x_wconf 89' lang='lat' dir='ltr'><strong>ab</strong></span> <span class='ocrx_word' id='word_1_499' title='bbox 609 3422 675 3462; x_wconf 91' lang='lat' dir='ltr'><strong>eo</strong></span> <span class='ocrx_word' id='word_1_500' title='bbox 704 3406 911 3471; x_wconf 88' lang='lat' dir='ltr'><strong>divelli,</strong></span> <span class='ocrx_word' id='word_1_501' title='bbox 954 3416 1008 3463; x_wconf 93' lang='lat' dir='ltr'><strong>et</strong></span> <span class='ocrx_word' id='word_1_502' title='bbox 1033 3409 1229 3464; x_wconf 89' lang='lat' dir='ltr'><strong>alicubi</strong></span> <span class='ocrx_word' id='word_1_503' title='bbox 1264 3408 1482 3479; x_wconf 84' lang='lat' dir='ltr'><strong>quidem</strong></span> <span class='ocrx_word' id='word_1_504' title='bbox 1537 3407 1595 3461; x_wconf 89' lang='lat' dir='ltr'><strong>in</strong></span> <span class='ocrx_word' id='word_1_505' title='bbox 1656 3405 1774 3475; x_wconf 87' lang='lat' dir='ltr'><strong>ipso</strong></span> <span class='ocrx_word' id='word_1_506' title='bbox 1845 3404 2049 3474; x_wconf 85' lang='lat' dir='ltr'><strong>impetu</strong></span> <span class='ocrx_word' id='word_1_507' title='bbox 2103 3400 2405 3465; x_wconf 87' lang='lat' dir='ltr'><strong>orationis,</strong></span> <span class='ocrx_word' id='word_1_508' title='bbox 2445 3415 2567 3455; x_wconf 88' lang='lat' dir='ltr'><strong>cum</strong></span> <span class='ocrx_word' id='word_1_509' title='bbox 2619 3399 2709 3455; x_wconf 88' lang='lat' dir='ltr'><strong>ille</strong></span> <span class='ocrx_word' id='word_1_510' title='bbox 2758 3400 2809 3457; x_wconf 92' lang='lat' dir='ltr'><strong>ei</strong></span> <span class='ocrx_word' id='word_1_511' title='bbox 2860 3403 3103 3457; x_wconf 85' lang='lat' dir='ltr'><strong>venisset</strong></span> <span class='ocrx_word' id='word_1_512' title='bbox 3142 3402 3195 3456; x_wconf 91' lang='lat' dir='ltr'><strong>in</strong></span> <span class='ocrx_word' id='word_1_513' title='bbox 3269 3411 3508 3458; x_wconf 76' lang='lat' dir='ltr'><strong>mentem</strong></span> <span class='ocrx_word' id='word_1_514' title='bbox 3544 3447 3560 3467; x_wconf 82' lang='lat'><strong>.</strong></span> 
     </span>
    </p>
   </div>
   <div class='ocr_carea' id='block_1_67' title="bbox 310 3482 3567 3570">
    <p class='ocr_par' dir='ltr' id='par_1_67' title="bbox 310 3482 3567 3570">
     <span class='ocr_line' id='line_1_67' title="bbox 310 3482 3567 3570; baseline 0 -17"><span class='ocrx_word' id='word_1_515' title='bbox 310 3507 505 3569; x_wconf 85' lang='lat' dir='ltr'><strong>captus</strong></span> <span class='ocrx_word' id='word_1_516' title='bbox 524 3496 625 3553; x_wconf 89' lang='lat' dir='ltr'><strong>fuit</strong></span> <span class='ocrx_word' id='word_1_517' title='bbox 647 3500 864 3556; x_wconf 82' lang='lat' dir='ltr'><strong>velutia</strong></span> <span class='ocrx_word' id='word_1_518' title='bbox 888 3501 1208 3570; x_wconf 87' lang='lat' dir='ltr'><strong>quibusdam</strong></span> <span class='ocrx_word' id='word_1_519' title='bbox 1234 3482 1483 3566; x_wconf 78' lang='lat' dir='ltr'><strong>vinculis,</strong></span> <span class='ocrx_word' id='word_1_520' title='bbox 1509 3507 1564 3556; x_wconf 88' lang='lat' dir='ltr'><strong>et</strong></span> <span class='ocrx_word' id='word_1_521' title='bbox 1587 3497 1877 3568; x_wconf 88' lang='lat' dir='ltr'><strong>plurimum</strong></span> <span class='ocrx_word' id='word_1_522' title='bbox 1918 3510 2040 3550; x_wconf 87' lang='lat' dir='ltr'><strong>cum</strong></span> <span class='ocrx_word' id='word_1_523' title='bbox 2080 3507 2149 3547; x_wconf 93' lang='lat' dir='ltr'><strong>eo</strong></span> <span class='ocrx_word' id='word_1_524' title='bbox 2210 3493 2406 3547; x_wconf 89' lang='lat' dir='ltr'><strong>morari</strong></span> <span class='ocrx_word' id='word_1_525' title='bbox 2441 3493 2775 3564; x_wconf 83' lang='lat' dir='ltr'><strong>magnifacit,</strong></span> <span class='ocrx_word' id='word_1_526' title='bbox 2811 3504 2867 3551; x_wconf 95' lang='lat' dir='ltr'><strong>et</strong></span> <span class='ocrx_word' id='word_1_527' title='bbox 2937 3511 3047 3550; x_wconf 91' lang='lat' dir='ltr'><strong>non</strong></span> <span class='ocrx_word' id='word_1_528' title='bbox 3088 3495 3247 3551; x_wconf 79' lang='lat' dir='ltr'><strong>facile</strong></span> <span class='ocrx_word' id='word_1_529' title='bbox 3289 3505 3468 3566; x_wconf 81' lang='lat' dir='ltr'><strong>potest</strong></span> <span class='ocrx_word' id='word_1_530' title='bbox 3497 3500 3567 3554; x_wconf 88' lang='lat' dir='ltr'><strong>ah</strong></span> 
     </span>
    </p>
   </div>
   <div class='ocr_carea' id='block_1_68' title="bbox 311 3580 3566 3659">
    <p class='ocr_par' dir='ltr' id='par_1_68' title="bbox 311 3580 3566 3659">
     <span class='ocr_line' id='line_1_68' title="bbox 311 3580 3566 3659; baseline 0.001 -18"><span class='ocrx_word' id='word_1_531' title='bbox 311 3603 379 3644; x_wconf 90' lang='lat' dir='ltr'><strong>eo</strong></span> <span class='ocrx_word' id='word_1_532' title='bbox 406 3588 707 3644; x_wconf 81' lang='lat' dir='ltr'><strong>discedere.</strong></span> <span class='ocrx_word' id='word_1_533' title='bbox 742 3588 877 3643; x_wconf 86' lang='lat' dir='ltr'><strong>Tam</strong></span> <span class='ocrx_word' id='word_1_534' title='bbox 911 3604 1142 3659; x_wconf 85' lang='lat' dir='ltr'><strong>magnus</strong></span> <span class='ocrx_word' id='word_1_535' title='bbox 1171 3596 1226 3642; x_wconf 93' lang='lat' dir='ltr'><strong>et</strong></span> <span class='ocrx_word' id='word_1_536' title='bbox 1261 3596 1370 3643; x_wconf 90' lang='lat' dir='ltr'><strong>tam</strong></span> <span class='ocrx_word' id='word_1_537' title='bbox 1423 3584 1715 3641; x_wconf 80' lang='lat' dir='ltr'><strong>ineﬂ&#39;abilis</strong></span> <span class='ocrx_word' id='word_1_538' title='bbox 1770 3583 1872 3638; x_wconf 90' lang='lat' dir='ltr'><strong>fuit</strong></span> <span class='ocrx_word' id='word_1_539' title='bbox 1907 3583 2033 3652; x_wconf 86' lang='lat' dir='ltr'><strong>ejus</strong></span> <span class='ocrx_word' id='word_1_540' title='bbox 2060 3596 2214 3636; x_wconf 77' lang='lat' dir='ltr'><strong>amor</strong></span> <span class='ocrx_word' id='word_1_541' title='bbox 2262 3581 2317 3635; x_wconf 88' lang='lat' dir='ltr'><strong>in</strong></span> <span class='ocrx_word' id='word_1_542' title='bbox 2364 3580 2616 3647; x_wconf 89' lang='lat' dir='ltr'><strong>Paulum,</strong></span> <span class='ocrx_word' id='word_1_543' title='bbox 2681 3592 2740 3639; x_wconf 89' lang='lat' dir='ltr'><strong>ut</strong></span> <span class='ocrx_word' id='word_1_544' title='bbox 2782 3584 2873 3654; x_wconf 92' lang='lat' dir='ltr'><strong>qui</strong></span> <span class='ocrx_word' id='word_1_545' title='bbox 2924 3585 3005 3640; x_wconf 89' lang='lat' dir='ltr'><strong>sic</strong></span> <span class='ocrx_word' id='word_1_546' title='bbox 3073 3585 3227 3652; x_wconf 87' lang='lat' dir='ltr'><strong>dicit,</strong></span> <span class='ocrx_word' id='word_1_547' title='bbox 3258 3602 3388 3642; x_wconf 82' lang='lat' dir='ltr'><strong>vere</strong></span> <span class='ocrx_word' id='word_1_548' title='bbox 3418 3588 3566 3644; x_wconf 88' lang='lat' dir='ltr'><strong>dicat</strong></span> 
     </span>
    </p>
   </div>
   <div class='ocr_carea' id='block_1_69' title="bbox 314 3672 3561 3750">
    <p class='ocr_par' dir='ltr' id='par_1_69' title="bbox 314 3672 3561 3750">
     <span class='ocr_line' id='line_1_69' title="bbox 314 3672 3561 3750; baseline -0.001 -10"><span class='ocrx_word' id='word_1_549' title='bbox 314 3686 420 3742; x_wconf 90' lang='lat' dir='ltr'><strong>hoc</strong></span> <span class='ocrx_word' id='word_1_550' title='bbox 439 3682 635 3739; x_wconf 77' lang='lat' dir='ltr'><strong>Joanni</strong></span> <span class='ocrx_word' id='word_1_551' title='bbox 665 3696 788 3737; x_wconf 87' lang='lat' dir='ltr'><strong>esse</strong></span> <span class='ocrx_word' id='word_1_552' title='bbox 818 3680 1065 3745; x_wconf 83' lang='lat' dir='ltr'><strong>Paulum,</strong></span> <span class='ocrx_word' id='word_1_553' title='bbox 1092 3679 1236 3750; x_wconf 93' lang='lat' dir='ltr'><strong>quod</strong></span> <span class='ocrx_word' id='word_1_554' title='bbox 1266 3678 1431 3734; x_wconf 89' lang='lat' dir='ltr'><strong>Paulo</strong></span> <span class='ocrx_word' id='word_1_555' title='bbox 1456 3678 1559 3734; x_wconf 89' lang='lat' dir='ltr'><strong>fuit</strong></span> <span class='ocrx_word' id='word_1_556' title='bbox 1590 3675 1840 3731; x_wconf 89' lang='lat' dir='ltr'><strong>Christus</strong></span> <span class='ocrx_word' id='word_1_557' title='bbox 1868 3690 1883 3726; x_wconf 90' lang='lat'><strong>:</strong></span> <span class='ocrx_word' id='word_1_558' title='bbox 1921 3672 2032 3728; x_wconf 91' lang='lat' dir='ltr'><strong>imo</strong></span> <span class='ocrx_word' id='word_1_559' title='bbox 2070 3687 2199 3728; x_wconf 82' lang='lat' dir='ltr'><strong>vero</strong></span> <span class='ocrx_word' id='word_1_560' title='bbox 2227 3672 2425 3728; x_wconf 85' lang='lat' dir='ltr'><strong>Joanni</strong></span> <span class='ocrx_word' id='word_1_561' title='bbox 2464 3688 2680 3745; x_wconf 87' lang='lat' dir='ltr'><strong>quoque</strong></span> <span class='ocrx_word' id='word_1_562' title='bbox 2741 3675 2844 3730; x_wconf 87' lang='lat' dir='ltr'><strong>fuit</strong></span> <span class='ocrx_word' id='word_1_563' title='bbox 2872 3674 3123 3734; x_wconf 87' lang='lat' dir='ltr'><strong>Christus</strong></span> <span class='ocrx_word' id='word_1_564' title='bbox 3177 3678 3321 3734; x_wconf 89' lang='lat' dir='ltr'><strong>sicut</strong></span> <span class='ocrx_word' id='word_1_565' title='bbox 3368 3679 3561 3740; x_wconf 84' lang='lat' dir='ltr'><strong>Paulo.</strong></span> 
     </span>
    </p>
   </div>
   <div class='ocr_carea' id='block_1_70' title="bbox 310 3766 2827 3849">
    <p class='ocr_par' dir='ltr' id='par_1_70' title="bbox 310 3766 2827 3849">
     <span class='ocr_line' id='line_1_70' title="bbox 310 3766 2827 3849; baseline -0.006 -17"><span class='ocrx_word' id='word_1_566' title='bbox 310 3777 446 3836; x_wconf 82' lang='lat' dir='ltr'><strong>Nam</strong></span> <span class='ocrx_word' id='word_1_567' title='bbox 505 3785 688 3831; x_wconf 87' lang='lat' dir='ltr'><strong>lautus</strong></span> <span class='ocrx_word' id='word_1_568' title='bbox 742 3790 955 3846; x_wconf 85' lang='lat' dir='ltr'><strong>quoque</strong></span> <span class='ocrx_word' id='word_1_569' title='bbox 1019 3774 1159 3828; x_wconf 90' lang='lat' dir='ltr'><strong>illius</strong></span> <span class='ocrx_word' id='word_1_570' title='bbox 1203 3782 1428 3845; x_wconf 83' lang='lat' dir='ltr'><strong>propter</strong></span> <span class='ocrx_word' id='word_1_571' title='bbox 1464 3771 1740 3827; x_wconf 87' lang='lat' dir='ltr'><strong>Christum</strong></span> <span class='ocrx_word' id='word_1_572' title='bbox 1792 3768 1895 3824; x_wconf 87' lang='lat' dir='ltr'><strong>fuit</strong></span> <span class='ocrx_word' id='word_1_573' title='bbox 1931 3767 2172 3849; x_wconf 42' lang='lat' dir='ltr'><strong>amor-in</strong></span> <span class='ocrx_word' id='word_1_574' title='bbox 2204 3766 2456 3822; x_wconf 89' lang='lat' dir='ltr'><strong>Paulum.</strong></span> <span class='ocrx_word' id='word_1_575' title='bbox 2822 3812 2827 3817; x_wconf 81' lang='lat'><strong>.</strong></span> 
     </span>
    </p>
   </div>
   <div class='ocr_carea' id='block_1_71' title="bbox 378 3857 1884 3937">
    <p class='ocr_par' dir='ltr' id='par_1_71' title="bbox 378 3860 1884 3934">
     <span class='ocr_line' id='line_1_71' title="bbox 378 3860 1884 3934; baseline -0.01 -8"><span class='ocrx_word' id='word_1_576' title='bbox 378 3870 510 3926; x_wconf 78' lang='lat' dir='ltr'><strong>KB’.</strong></span> <span class='ocrx_word' id='word_1_577' title='bbox 559 3869 762 3923; x_wconf 83' lang='grc' dir='ltr'>Τούτου</span> <span class='ocrx_word' id='word_1_578' title='bbox 824 3870 944 3929; x_wconf 87' lang='grc' dir='ltr'>ταῖς</span> <span class='ocrx_word' id='word_1_579' title='bbox 996 3865 1304 3929; x_wconf 75' lang='grc' dir='ltr'>ἐπιστολαῖς</span> <span class='ocrx_word' id='word_1_580' title='bbox 1368 3864 1762 3934; x_wconf 80' lang='grc' dir='ltr'>ἐντυγχάνοντα</span> <span class='ocrx_word' id='word_1_581' title='bbox 1793 3860 1884 3914; x_wconf 77' lang='grc' dir='ltr'><strong>τὸν</strong></span> 
     </span>
    </p>
   </div>
   <div class='ocr_carea' id='block_1_72' title="bbox 1985 3857 3607 3937">
    <p class='ocr_par' dir='ltr' id='par_1_72' title="bbox 2058 3857 3607 3937">
     <span class='ocr_line' id='line_1_72' title="bbox 2058 3857 3607 3937; baseline 0.009 -26"><span class='ocrx_word' id='word_1_582' title='bbox 2058 3857 2228 3913; x_wconf 80' lang='lat' dir='ltr'><strong>XXII.</strong></span> <span class='ocrx_word' id='word_1_583' title='bbox 2255 3858 2391 3915; x_wconf 90' lang='lat' dir='ltr'><strong>Cum</strong></span> <span class='ocrx_word' id='word_1_584' title='bbox 2444 3858 2564 3931; x_wconf 85' lang='lat' dir='ltr'><strong>ejus</strong></span> <span class='ocrx_word' id='word_1_585' title='bbox 2593 3871 2775 3918; x_wconf 91' lang='lat' dir='ltr'><strong>autem</strong></span> <span class='ocrx_word' id='word_1_586' title='bbox 2803 3859 3074 3933; x_wconf 77' lang='lat' dir='ltr'><strong>Epistolas</strong></span> <span class='ocrx_word' id='word_1_587' title='bbox 3098 3862 3302 3937; x_wconf 80' lang='lat' dir='ltr'><strong>legeret</strong></span> <span class='ocrx_word' id='word_1_588' title='bbox 3326 3866 3416 3924; x_wconf 86' lang='lat' dir='ltr'><strong>hic</strong></span> <span class='ocrx_word' id='word_1_589' title='bbox 3446 3884 3565 3924; x_wconf 86' lang='lat' dir='ltr'><strong>ma-</strong></span> <span class='ocrx_word' id='word_1_590' title='bbox 3603 3890 3607 3895; x_wconf 58' lang='grc'><strong>’</strong></span> 
     </span>
    </p>
   </div>
   <div class='ocr_carea' id='block_1_73' title="bbox 312 3946 1880 4040">
    <p class='ocr_par' dir='ltr' id='par_1_73' title="bbox 312 3946 1880 4040">
     <span class='ocr_line' id='line_1_73' title="bbox 312 3946 1880 4040; baseline -0.009 -20"><span class='ocrx_word' id='word_1_591' title='bbox 312 3965 487 4040; x_wconf 83' lang='grc' dir='ltr'>μέγαν</span> <span class='ocrx_word' id='word_1_592' title='bbox 507 3946 692 4029; x_wconf 65' lang='grc' dir='ltr'>τοῦτον</span> <span class='ocrx_word' id='word_1_593' title='bbox 728 3959 983 4031; x_wconf 85' lang='grc' dir='ltr'>Ἰωάννην</span> <span class='ocrx_word' id='word_1_594' title='bbox 1008 3960 1170 4030; x_wconf 70' lang='grc' dir='ltr'>φημὶ,</span> <span class='ocrx_word' id='word_1_595' title='bbox 1210 3960 1301 4013; x_wconf 72' lang='grc' dir='ltr'>καὶ</span> <span class='ocrx_word' id='word_1_596' title='bbox 1331 3957 1563 4029; x_wconf 81' lang='grc' dir='ltr'>μελέτην</span> <span class='ocrx_word' id='word_1_597' title='bbox 1588 3954 1757 4018; x_wconf 81' lang='grc' dir='ltr'>αὐτὰς</span> <span class='ocrx_word' id='word_1_598' title='bbox 1782 3955 1880 4023; x_wconf 83' lang='grc' dir='ltr'><strong>ὲμ-</strong></span> 
     </span>
    </p>
   </div>
   <div class='ocr_carea' id='block_1_74' title="bbox 313 4047 1877 4130">
    <p class='ocr_par' dir='ltr' id='par_1_74' title="bbox 313 4047 1877 4130">
     <span class='ocr_line' id='line_1_74' title="bbox 313 4047 1877 4130; baseline -0.008 -19"><span class='ocrx_word' id='word_1_599' title='bbox 313 4057 451 4130; x_wconf 84' lang='grc' dir='ltr'>μελῆ</span> <span class='ocrx_word' id='word_1_600' title='bbox 519 4055 613 4111; x_wconf 76' lang='grc' dir='ltr'>καὶ</span> <span class='ocrx_word' id='word_1_601' title='bbox 648 4050 854 4125; x_wconf 74' lang='grc' dir='ltr'>τροφὴν</span> <span class='ocrx_word' id='word_1_602' title='bbox 896 4051 1118 4122; x_wconf 75' lang='grc' dir='ltr'>ἡδίστην</span> <span class='ocrx_word' id='word_1_603' title='bbox 1176 4050 1518 4122; x_wconf 84' lang='grc' dir='ltr'>ποιούμενον,</span> <span class='ocrx_word' id='word_1_604' title='bbox 1567 4048 1704 4103; x_wconf 78' lang='grc' dir='ltr'>ἀλλὰ</span> <span class='ocrx_word' id='word_1_605' title='bbox 1762 4047 1877 4113; x_wconf 74' lang='grc' dir='ltr'>καὶ,</span> 
     </span>
    </p>
   </div>
   <div class='ocr_carea' id='block_1_75' title="bbox 307 4137 1881 4213">
    <p class='ocr_par' dir='ltr' id='par_1_75' title="bbox 307 4137 1881 4213">
     <span class='ocr_line' id='line_1_75' title="bbox 307 4137 1881 4213; baseline -0.006 -11"><span class='ocrx_word' id='word_1_606' title='bbox 307 4147 385 4211; x_wconf 83' lang='grc' dir='ltr'>ὡς</span> <span class='ocrx_word' id='word_1_607' title='bbox 407 4141 522 4200; x_wconf 81' lang='grc' dir='ltr'>οἷόν</span> <span class='ocrx_word' id='word_1_608' title='bbox 548 4162 629 4210; x_wconf 88' lang='grc' dir='ltr'><strong>τε,</strong></span> <span class='ocrx_word' id='word_1_609' title='bbox 664 4143 732 4198; x_wconf 78' lang='grc' dir='ltr'><strong>δι’</strong></span> <span class='ocrx_word' id='word_1_610' title='bbox 762 4142 963 4208; x_wconf 83' lang='grc' dir='ltr'>αὐτῶν,</span> <span class='ocrx_word' id='word_1_611' title='bbox 989 4137 1099 4206; x_wconf 76' lang='grc' dir='ltr'>οἷος</span> <span class='ocrx_word' id='word_1_612' title='bbox 1126 4142 1223 4212; x_wconf 81' lang='grc' dir='ltr'>τὴν</span> <span class='ocrx_word' id='word_1_613' title='bbox 1249 4140 1428 4213; x_wconf 75' lang='grc' dir='ltr'>ψυχὴν</span> <span class='ocrx_word' id='word_1_614' title='bbox 1459 4143 1487 4195; x_wconf 90' lang='lat'><strong>6</strong></span> <span class='ocrx_word' id='word_1_615' title='bbox 1510 4139 1742 4204; x_wconf 84' lang='grc' dir='ltr'>Παῦλος,</span> <span class='ocrx_word' id='word_1_616' title='bbox 1777 4155 1881 4193; x_wconf 89' lang='grc' dir='ltr'>κα-</span> 
     </span>
    </p>
   </div>
   <div class='ocr_carea' id='block_1_76' title="bbox 307 4228 1880 4307">
    <p class='ocr_par' dir='ltr' id='par_1_76' title="bbox 307 4228 1880 4307">
     <span class='ocr_line' id='line_1_76' title="bbox 307 4228 1880 4307; baseline -0.005 -17"><span class='ocrx_word' id='word_1_617' title='bbox 307 4235 573 4307; x_wconf 82' lang='grc' dir='ltr'>ταμαθεῖν</span> <span class='ocrx_word' id='word_1_618' title='bbox 617 4233 937 4303; x_wconf 72' lang='grc' dir='ltr'>γλιχόμενον</span> <span class='ocrx_word' id='word_1_619' title='bbox 970 4232 1109 4303; x_wconf 79' lang='grc' dir='ltr'>ἔρως</span> <span class='ocrx_word' id='word_1_620' title='bbox 1141 4232 1358 4302; x_wconf 81' lang='grc' dir='ltr'>εἰσῆλθε</span> <span class='ocrx_word' id='word_1_621' title='bbox 1384 4232 1475 4286; x_wconf 83' lang='grc' dir='ltr'><strong>τοῦ</strong></span> <span class='ocrx_word' id='word_1_622' title='bbox 1506 4230 1603 4285; x_wconf 64' lang='grc' dir='ltr'><strong>καὶ⁸</strong></span> <span class='ocrx_word' id='word_1_623' title='bbox 1635 4231 1725 4284; x_wconf 70' lang='grc' dir='ltr'>τὸν</span> <span class='ocrx_word' id='word_1_624' title='bbox 1754 4228 1880 4283; x_wconf 86' lang='grc' dir='ltr'>νοῦν</span> 
     </span>
    </p>
   </div>
   <div class='ocr_carea' id='block_1_77' title="bbox 310 4318 1876 4398">
    <p class='ocr_par' dir='ltr' id='par_1_77' title="bbox 310 4318 1876 4398">
     <span class='ocr_line' id='line_1_77' title="bbox 310 4318 1876 4398; baseline -0.006 -16"><span class='ocrx_word' id='word_1_625' title='bbox 310 4326 586 4398; x_wconf 69' lang='grc' dir='ltr'>ἐκφράσαι</span> <span class='ocrx_word' id='word_1_626' title='bbox 629 4325 721 4378; x_wconf 84' lang='grc' dir='ltr'>τὸν</span> <span class='ocrx_word' id='word_1_627' title='bbox 757 4321 815 4376; x_wconf 79' lang='grc' dir='ltr'>ἐν</span> <span class='ocrx_word' id='word_1_628' title='bbox 857 4322 1068 4389; x_wconf 84' lang='grc' dir='ltr'>αὑταῖς,</span> <span class='ocrx_word' id='word_1_629' title='bbox 1125 4322 1217 4374; x_wconf 82' lang='grc' dir='ltr'>καὶ</span> <span class='ocrx_word' id='word_1_630' title='bbox 1246 4323 1307 4374; x_wconf 73' lang='grc' dir='ltr'>τὸ</span> <span class='ocrx_word' id='word_1_631' title='bbox 1342 4321 1539 4385; x_wconf 84' lang='grc' dir='ltr'>κάλλος</span> <span class='ocrx_word' id='word_1_632' title='bbox 1568 4322 1662 4374; x_wconf 74' lang='grc' dir='ltr'><strong>καὶ</strong></span> <span class='ocrx_word' id='word_1_633' title='bbox 1692 4318 1876 4391; x_wconf 77' lang='grc' dir='ltr'>βάθος,</span> 
     </span>
    </p>
   </div>
   <div class='ocr_carea' id='block_1_78' title="bbox 249 4408 1876 4487">
    <p class='ocr_par' dir='ltr' id='par_1_78' title="bbox 249 4408 1876 4487">
     <span class='ocr_line' id='line_1_78' title="bbox 249 4408 1876 4487; baseline -0.006 -13"><span class='ocrx_word' id='word_1_634' title='bbox 249 4425 255 4429; x_wconf 76' lang='grc'><strong><em>’</em></strong></span> <span class='ocrx_word' id='word_1_635' title='bbox 308 4419 450 4487; x_wconf 83' lang='grc' dir='ltr'>ὅπερ</span> <span class='ocrx_word' id='word_1_636' title='bbox 509 4416 680 4471; x_wconf 84' lang='grc' dir='ltr'>είσέτι</span> <span class='ocrx_word' id='word_1_637' title='bbox 739 4418 850 4479; x_wconf 86' lang='grc' dir='ltr'>τοῖς</span> <span class='ocrx_word' id='word_1_638' title='bbox 898 4414 1114 4478; x_wconf 83' lang='grc' dir='ltr'>πολλοῖς</span> <span class='ocrx_word' id='word_1_639' title='bbox 1170 4413 1363 4480; x_wconf 83' lang='grc' dir='ltr'>ἄδηλον</span> <span class='ocrx_word' id='word_1_640' title='bbox 1426 4408 1516 4484; x_wconf 77' lang='grc' dir='ltr'>ἦν,</span> <span class='ocrx_word' id='word_1_641' title='bbox 1547 4411 1876 4480; x_wconf 74' lang='grc' dir='ltr'>ἐκκαλύψαι.</span> 
     </span>
    </p>
   </div>
   <div class='ocr_carea' id='block_1_79' title="bbox 310 4502 1877 4581">
    <p class='ocr_par' dir='ltr' id='par_1_79' title="bbox 310 4502 1877 4581">
     <span class='ocr_line' id='line_1_79' title="bbox 310 4502 1877 4581; baseline -0.005 -18"><span class='ocrx_word' id='word_1_642' title='bbox 310 4510 519 4581; x_wconf 80' lang='grc' dir='ltr'>Ἔργον</span> <span class='ocrx_word' id='word_1_643' title='bbox 549 4506 839 4577; x_wconf 89' lang='grc' dir='ltr'>τοιγαροῦν</span> <span class='ocrx_word' id='word_1_644' title='bbox 886 4505 1186 4575; x_wconf 75' lang='grc' dir='ltr'>ἁψάμενος,</span> <span class='ocrx_word' id='word_1_645' title='bbox 1218 4506 1311 4559; x_wconf 79' lang='grc' dir='ltr'>καὶ</span> <span class='ocrx_word' id='word_1_646' title='bbox 1339 4504 1477 4574; x_wconf 84' lang='grc' dir='ltr'>πρὸς</span> <span class='ocrx_word' id='word_1_647' title='bbox 1505 4502 1650 4569; x_wconf 80' lang='grc' dir='ltr'>λέξιν</span> <span class='ocrx_word' id='word_1_648' title='bbox 1675 4502 1877 4565; x_wconf 88' lang='grc' dir='ltr'>ταύτας</span> 
     </span>
    </p>
   </div>
   <div class='ocr_carea' id='block_1_80' title="bbox 304 4595 1877 4675">
    <p class='ocr_par' dir='ltr' id='par_1_80' title="bbox 304 4595 1877 4675">
     <span class='ocr_line' id='line_1_80' title="bbox 304 4595 1877 4675; baseline -0.005 -18"><span class='ocrx_word' id='word_1_649' title='bbox 304 4601 697 4672; x_wconf 74' lang='grc' dir='ltr'>διερμηνεύων,</span> <span class='ocrx_word' id='word_1_650' title='bbox 718 4598 1036 4675; x_wconf 49' lang='grc' dir='ltr'>,ὲπδοιάζων</span> <span class='ocrx_word' id='word_1_651' title='bbox 1074 4615 1189 4660; x_wconf 85' lang='grc' dir='ltr'><strong>πως</strong></span> <span class='ocrx_word' id='word_1_652' title='bbox 1218 4600 1313 4651; x_wconf 63' lang='grc' dir='ltr'>καὶ</span> <span class='ocrx_word' id='word_1_653' title='bbox 1364 4597 1727 4668; x_wconf 81' lang='grc' dir='ltr'>ἀναδυόμενος</span> <span class='ocrx_word' id='word_1_654' title='bbox 1756 4595 1877 4651; x_wconf 81' lang='grc' dir='ltr'>καθ’</span> 
     </span>
    </p>
   </div>
   <div class='ocr_carea' id='block_1_81' title="bbox 305 4689 1876 4764">
    <p class='ocr_par' dir='ltr' id='par_1_81' title="bbox 305 4689 1876 4764">
     <span class='ocr_line' id='line_1_81' title="bbox 305 4689 1876 4764; baseline -0.003 -17"><span class='ocrx_word' id='word_1_655' title='bbox 305 4693 498 4747; x_wconf 72' lang='grc' dir='ltr'>ἑαυτὸν</span> <span class='ocrx_word' id='word_1_656' title='bbox 525 4689 720 4764; x_wconf 72' lang='grc' dir='ltr'>ἦν’καὶ</span> <span class='ocrx_word' id='word_1_657' title='bbox 742 4691 899 4745; x_wconf 81' lang='grc' dir='ltr'>τοῦτο</span> <span class='ocrx_word' id='word_1_658' title='bbox 936 4691 990 4743; x_wconf 80' lang='grc' dir='ltr'><strong>δὲ</strong></span> <span class='ocrx_word' id='word_1_659' title='bbox 1015 4691 1233 4753; x_wconf 76' lang='grc' dir='ltr'>πάντως</span> <span class='ocrx_word' id='word_1_660' title='bbox 1271 4690 1374 4744; x_wconf 78' lang='grc' dir='ltr'><strong>ὑπὸ</strong></span> <span class='ocrx_word' id='word_1_661' title='bbox 1402 4690 1495 4744; x_wconf 91' lang='grc' dir='ltr'><strong>τοῦ</strong></span> <span class='ocrx_word' id='word_1_662' title='bbox 1535 4690 1740 4760; x_wconf 83' lang='grc' dir='ltr'>σφόδρα</span> <span class='ocrx_word' id='word_1_663' title='bbox 1782 4706 1876 4759; x_wconf 87' lang='grc' dir='ltr'>φι-</span> 
     </span>
    </p>
   </div>
   <div class='ocr_carea' id='block_1_82' title="bbox 268 4782 1879 4858">
    <p class='ocr_par' dir='ltr' id='par_1_82' title="bbox 268 4782 1879 4858">
     <span class='ocr_line' id='line_1_82' title="bbox 268 4782 1879 4858; baseline -0.004 -17"><span class='ocrx_word' id='word_1_664' title='bbox 268 4809 279 4815; x_wconf 90' lang='grc'><strong>·</strong></span> <span class='ocrx_word' id='word_1_665' title='bbox 303 4787 419 4842; x_wconf 81' lang='grc' dir='ltr'>λεῖν</span> <span class='ocrx_word' id='word_1_666' title='bbox 435 4787 527 4841; x_wconf 78' lang='grc' dir='ltr'>καὶ</span> <span class='ocrx_word' id='word_1_667' title='bbox 545 4787 799 4858; x_wconf 73' lang='grc' dir='ltr'>ἀρέσκειν</span> <span class='ocrx_word' id='word_1_668' title='bbox 812 4782 1049 4854; x_wconf 80' lang='grc' dir='ltr'>ἀτεχνῶς</span> <span class='ocrx_word' id='word_1_669' title='bbox 1079 4783 1382 4854; x_wconf 80' lang='grc' dir='ltr'>βούλεσθαι.</span> <span class='ocrx_word' id='word_1_670' title='bbox 1420 4783 1493 4836; x_wconf 81' lang='grc' dir='ltr'><strong>Ἰὸ</strong></span> <span class='ocrx_word' id='word_1_671' title='bbox 1512 4783 1569 4837; x_wconf 78' lang='grc' dir='ltr'><strong>δὲ</strong></span> <span class='ocrx_word' id='word_1_672' title='bbox 1598 4783 1879 4855; x_wconf 76' lang='grc' dir='ltr'>ἀμφισϐη-</span> 
     </span>
    </p>
   </div>
   <div class='ocr_carea' id='block_1_83' title="bbox 303 4874 1874 4950">
    <p class='ocr_par' dir='ltr' id='par_1_83' title="bbox 303 4874 1874 4950">
     <span class='ocr_line' id='line_1_83' title="bbox 303 4874 1874 4950; baseline -0.002 -18"><span class='ocrx_word' id='word_1_673' title='bbox 303 4876 565 4950; x_wconf 87' lang='grc' dir='ltr'>τούμενον</span> <span class='ocrx_word' id='word_1_674' title='bbox 576 4875 747 4941; x_wconf 77' lang='grc' dir='ltr'>οὕτως</span> <span class='ocrx_word' id='word_1_675' title='bbox 763 4875 875 4949; x_wconf 79' lang='grc' dir='ltr'>[ῖσ.</span> <span class='ocrx_word' id='word_1_676' title='bbox 896 4876 1075 4948; x_wconf 85' lang='grc' dir='ltr'>τοῦτο]</span> <span class='ocrx_word' id='word_1_677' title='bbox 1099 4874 1188 4948; x_wconf 80' lang='grc' dir='ltr'>ἦν,</span> <span class='ocrx_word' id='word_1_678' title='bbox 1203 4878 1251 4929; x_wconf 88' lang='grc' dir='ltr'><strong>εί</strong></span> <span class='ocrx_word' id='word_1_679' title='bbox 1271 4876 1348 4946; x_wconf 74' lang='grc' dir='ltr'>τῷ</span> <span class='ocrx_word' id='word_1_680' title='bbox 1366 4874 1563 4947; x_wconf 83' lang='grc' dir='ltr'>Παύλῳ</span> <span class='ocrx_word' id='word_1_681' title='bbox 1582 4875 1723 4929; x_wconf 82' lang='grc' dir='ltr'>κατὰ</span> <span class='ocrx_word' id='word_1_682' title='bbox 1738 4874 1874 4943; x_wconf 80' lang='grc' dir='ltr'>γνῶ·</span> 
     </span>
    </p>
   </div>
   <div class='ocr_carea' id='block_1_84' title="bbox 309 4966 1877 5042">
    <p class='ocr_par' dir='ltr' id='par_1_84' title="bbox 309 4966 1877 5042">
     <span class='ocr_line' id='line_1_84' title="bbox 309 4966 1877 5042; baseline -0.003 -17"><span class='ocrx_word' id='word_1_683' title='bbox 309 4971 466 5042; x_wconf 85' lang='grc' dir='ltr'>μηνό</span> <span class='ocrx_word' id='word_1_684' title='bbox 498 4970 678 5035; x_wconf 88' lang='grc' dir='ltr'>πόνος,</span> <span class='ocrx_word' id='word_1_685' title='bbox 709 4971 760 5023; x_wconf 81' lang='grc' dir='ltr'><strong>εί</strong></span> <span class='ocrx_word' id='word_1_686' title='bbox 800 4968 1393 5040; x_wconf 67' lang='grc' dir='ltr'>καλῶςὲφικνούμενός</span> <span class='ocrx_word' id='word_1_687' title='bbox 1416 4968 1533 5021; x_wconf 76' lang='grc' dir='ltr'>ἐστι</span> <span class='ocrx_word' id='word_1_688' title='bbox 1584 4968 1683 5038; x_wconf 77' lang='grc' dir='ltr'>τῆς</span> <span class='ocrx_word' id='word_1_689' title='bbox 1710 4966 1877 5022; x_wconf 77' lang='grc' dir='ltr'>αὑτοῦ</span> 
     </span>
    </p>
   </div>
   <div class='ocr_carea' id='block_1_85' title="bbox 305 5057 1878 5132">
    <p class='ocr_par' dir='ltr' id='par_1_85' title="bbox 305 5057 1878 5132">
     <span class='ocr_line' id='line_1_85' title="bbox 305 5057 1878 5132; baseline -0.004 -16"><span class='ocrx_word' id='word_1_690' title='bbox 305 5061 572 5126; x_wconf 80' lang='grc' dir='ltr'>διανοίας,</span> <span class='ocrx_word' id='word_1_691' title='bbox 641 5062 737 5116; x_wconf 74' lang='grc' dir='ltr'>καὶ</span> <span class='ocrx_word' id='word_1_692' title='bbox 766 5059 841 5132; x_wconf 80' lang='grc' dir='ltr'>μὴ</span> <span class='ocrx_word' id='word_1_693' title='bbox 863 5060 1051 5131; x_wconf 74' lang='grc' dir='ltr'>πόρρω</span> <span class='ocrx_word' id='word_1_694' title='bbox 1084 5060 1181 5129; x_wconf 80' lang='grc' dir='ltr'>τῆς</span> <span class='ocrx_word' id='word_1_695' title='bbox 1211 5059 1469 5130; x_wconf 80' lang='grc' dir='ltr'>ἀληθείας</span> <span class='ocrx_word' id='word_1_696' title='bbox 1531 5057 1741 5129; x_wconf 84' lang='grc' dir='ltr'>βάλλων</span> <span class='ocrx_word' id='word_1_697' title='bbox 1785 5059 1878 5113; x_wconf 75' lang='grc' dir='ltr'>καὶ</span> 
     </span>
    </p>
   </div>
   <div class='ocr_carea' id='block_1_86' title="bbox 307 5150 1879 5229">
    <p class='ocr_par' dir='ltr' id='par_1_86' title="bbox 307 5150 1879 5229">
     <span class='ocr_line' id='line_1_86' title="bbox 307 5150 1879 5229; baseline -0.005 -18"><span class='ocrx_word' id='word_1_698' title='bbox 307 5153 405 5211; x_wconf 85' lang='grc' dir='ltr'><strong>τοῦ</strong></span> <span class='ocrx_word' id='word_1_699' title='bbox 436 5154 666 5229; x_wconf 81' lang='grc' dir='ltr'>σκοποῦ.</span> <span class='ocrx_word' id='word_1_700' title='bbox 727 5152 898 5207; x_wconf 91' lang='grc' dir='ltr'>Τοῦτο</span> <span class='ocrx_word' id='word_1_701' title='bbox 926 5152 1071 5207; x_wconf 82' lang='grc' dir='ltr'>κατὰ</span> <span class='ocrx_word' id='word_1_702' title='bbox 1092 5151 1216 5205; x_wconf 90' lang='grc' dir='ltr'>νοῦν</span> <span class='ocrx_word' id='word_1_703' title='bbox 1247 5152 1533 5223; x_wconf 85' lang='grc' dir='ltr'>στρέφοντι</span> <span class='ocrx_word' id='word_1_704' title='bbox 1573 5151 1667 5204; x_wconf 76' lang='grc' dir='ltr'>καὶ</span> <span class='ocrx_word' id='word_1_705' title='bbox 1687 5150 1879 5204; x_wconf 85' lang='grc' dir='ltr'>διαπο-</span> 
     </span>
    </p>
   </div>
   <div class='ocr_carea' id='block_1_87' title="bbox 1981 3950 3565 4024">
    <p class='ocr_par' dir='ltr' id='par_1_87' title="bbox 1981 3950 3565 4024">
     <span class='ocr_line' id='line_1_87' title="bbox 1981 3950 3565 4024; baseline 0.007 -20"><span class='ocrx_word' id='word_1_706' title='bbox 1981 3966 2122 4023; x_wconf 88' lang='lat' dir='ltr'><strong>gnus</strong></span> <span class='ocrx_word' id='word_1_707' title='bbox 2156 3950 2415 4018; x_wconf 84' lang='lat' dir='ltr'><strong>Joannes,</strong></span> <span class='ocrx_word' id='word_1_708' title='bbox 2448 3961 2503 4008; x_wconf 90' lang='lat' dir='ltr'><strong>et</strong></span> <span class='ocrx_word' id='word_1_709' title='bbox 2528 3952 2583 4007; x_wconf 90' lang='lat' dir='ltr'><strong>in</strong></span> <span class='ocrx_word' id='word_1_710' title='bbox 2614 3968 2802 4009; x_wconf 90' lang='lat' dir='ltr'><strong>earum</strong></span> <span class='ocrx_word' id='word_1_711' title='bbox 2830 3955 3179 4024; x_wconf 83' lang='lat' dir='ltr'><strong>convenienti</strong></span> <span class='ocrx_word' id='word_1_712' title='bbox 3209 3959 3565 4016; x_wconf 88' lang='lat' dir='ltr'><strong>meditatione</strong></span> 
     </span>
    </p>
   </div>
   <div class='ocr_carea' id='block_1_88' title="bbox 1981 4045 3564 4121">
    <p class='ocr_par' dir='ltr' id='par_1_88' title="bbox 1981 4045 3564 4121">
     <span class='ocr_line' id='line_1_88' title="bbox 1981 4045 3564 4121; baseline 0.001 -21"><span class='ocrx_word' id='word_1_713' title='bbox 1981 4060 2238 4115; x_wconf 89' lang='lat' dir='ltr'><strong>magnum</strong></span> <span class='ocrx_word' id='word_1_714' title='bbox 2285 4045 2527 4101; x_wconf 86' lang='lat' dir='ltr'><strong>studium</strong></span> <span class='ocrx_word' id='word_1_715' title='bbox 2568 4056 2820 4116; x_wconf 88' lang='lat' dir='ltr'><strong>poneret,</strong></span> <span class='ocrx_word' id='word_1_716' title='bbox 2873 4046 3174 4117; x_wconf 89' lang='lat' dir='ltr'><strong>quinetiam</strong></span> <span class='ocrx_word' id='word_1_717' title='bbox 3214 4049 3397 4119; x_wconf 71' lang='lat' dir='ltr'><strong>quoad</strong></span> <span class='ocrx_word' id='word_1_718' title='bbox 3442 4051 3564 4121; x_wconf 64' lang='lat' dir='ltr'><strong>eius</strong></span> 
     </span>
    </p>
   </div>
   <div class='ocr_carea' id='block_1_89' title="bbox 1981 4136 3566 4212">
    <p class='ocr_par' dir='ltr' id='par_1_89' title="bbox 1981 4136 3566 4212">
     <span class='ocr_line' id='line_1_89' title="bbox 1981 4136 3566 4212; baseline 0.004 -21"><span class='ocrx_word' id='word_1_719' title='bbox 1981 4136 2101 4192; x_wconf 79' lang='lat' dir='ltr'><strong>ﬁeri</strong></span> <span class='ocrx_word' id='word_1_720' title='bbox 2128 4146 2334 4208; x_wconf 91' lang='lat' dir='ltr'><strong>posset,</strong></span> <span class='ocrx_word' id='word_1_721' title='bbox 2360 4137 2539 4208; x_wconf 73' lang='lat' dir='ltr'><strong>qualis</strong></span> <span class='ocrx_word' id='word_1_722' title='bbox 2581 4146 2727 4194; x_wconf 89' lang='lat' dir='ltr'><strong>esset</strong></span> <span class='ocrx_word' id='word_1_723' title='bbox 2769 4139 2986 4195; x_wconf 89' lang='lat' dir='ltr'><strong>animus</strong></span> <span class='ocrx_word' id='word_1_724' title='bbox 3015 4139 3189 4203; x_wconf 87' lang='lat' dir='ltr'><strong>Pauli,</strong></span> <span class='ocrx_word' id='word_1_725' title='bbox 3227 4142 3368 4197; x_wconf 90' lang='lat' dir='ltr'><strong>scire</strong></span> <span class='ocrx_word' id='word_1_726' title='bbox 3394 4157 3566 4212; x_wconf 90' lang='lat' dir='ltr'><strong>cupe-</strong></span> 
     </span>
    </p>
   </div>
   <div class='ocr_carea' id='block_1_90' title="bbox 1980 4230 3563 4302">
    <p class='ocr_par' dir='ltr' id='par_1_90' title="bbox 1980 4230 3563 4302">
     <span class='ocr_line' id='line_1_90' title="bbox 1980 4230 3563 4302; baseline 0.004 -19"><span class='ocrx_word' id='word_1_727' title='bbox 1980 4239 2065 4285; x_wconf 91' lang='lat' dir='ltr'><strong>ret</strong></span> <span class='ocrx_word' id='word_1_728' title='bbox 2093 4268 2109 4294; x_wconf 92' lang='lat'><strong>,</strong></span> <span class='ocrx_word' id='word_1_729' title='bbox 2139 4245 2264 4284; x_wconf 91' lang='lat' dir='ltr'><strong>eum</strong></span> <span class='ocrx_word' id='word_1_730' title='bbox 2291 4230 2459 4286; x_wconf 90' lang='lat' dir='ltr'><strong>subiit</strong></span> <span class='ocrx_word' id='word_1_731' title='bbox 2485 4231 2815 4287; x_wconf 87' lang='lat' dir='ltr'><strong>desiderium</strong></span> <span class='ocrx_word' id='word_1_732' title='bbox 2845 4247 3031 4287; x_wconf 88' lang='lat' dir='ltr'><strong>earum</strong></span> <span class='ocrx_word' id='word_1_733' title='bbox 3061 4234 3366 4302; x_wconf 82' lang='lat' dir='ltr'><strong>explicandi</strong></span> <span class='ocrx_word' id='word_1_734' title='bbox 3399 4233 3563 4289; x_wconf 83' lang='lat' dir='ltr'><strong>intel-</strong></span> 
     </span>
    </p>
   </div>
   <div class='ocr_carea' id='block_1_91' title="bbox 1980 4321 3564 4396">
    <p class='ocr_par' dir='ltr' id='par_1_91' title="bbox 1980 4321 3564 4396">
     <span class='ocr_line' id='line_1_91' title="bbox 1980 4321 3564 4396; baseline 0.002 -21"><span class='ocrx_word' id='word_1_735' title='bbox 1980 4321 2283 4392; x_wconf 81' lang='lat' dir='ltr'><strong>ligentiam,</strong></span> <span class='ocrx_word' id='word_1_736' title='bbox 2316 4330 2371 4378; x_wconf 88' lang='lat' dir='ltr'><strong>et</strong></span> <span class='ocrx_word' id='word_1_737' title='bbox 2395 4321 2685 4386; x_wconf 76' lang='lat' dir='ltr'><strong>efﬁciendi,</strong></span> <span class='ocrx_word' id='word_1_738' title='bbox 2718 4332 2777 4377; x_wconf 91' lang='lat' dir='ltr'><strong>ut</strong></span> <span class='ocrx_word' id='word_1_739' title='bbox 2807 4323 3080 4393; x_wconf 86' lang='lat' dir='ltr'><strong>perveniri</strong></span> <span class='ocrx_word' id='word_1_740' title='bbox 3129 4336 3313 4393; x_wconf 87' lang='lat' dir='ltr'><strong>posset</strong></span> <span class='ocrx_word' id='word_1_741' title='bbox 3337 4326 3403 4380; x_wconf 88' lang='lat' dir='ltr'><strong>ad</strong></span> <span class='ocrx_word' id='word_1_742' title='bbox 3444 4326 3564 4396; x_wconf 84' lang='lat' dir='ltr'><strong>ejus</strong></span> 
     </span>
    </p>
   </div>
   <div class='ocr_carea' id='block_1_92' title="bbox 1978 4414 3561 4487">
    <p class='ocr_par' dir='ltr' id='par_1_92' title="bbox 1978 4414 3561 4487">
     <span class='ocr_line' id='line_1_92' title="bbox 1978 4414 3561 4487; baseline 0.004 -19"><span class='ocrx_word' id='word_1_743' title='bbox 1978 4414 2336 4484; x_wconf 89' lang='lat' dir='ltr'><strong>profundum,</strong></span> <span class='ocrx_word' id='word_1_744' title='bbox 2360 4415 2503 4484; x_wconf 88' lang='lat' dir='ltr'><strong>quod</strong></span> <span class='ocrx_word' id='word_1_745' title='bbox 2527 4431 2558 4468; x_wconf 90' lang='lat' dir='ltr'><strong>a</strong></span> <span class='ocrx_word' id='word_1_746' title='bbox 2607 4415 2792 4470; x_wconf 89' lang='lat' dir='ltr'><strong>multis</strong></span> <span class='ocrx_word' id='word_1_747' title='bbox 2813 4417 3056 4471; x_wconf 88' lang='lat' dir='ltr'><strong>nondum</strong></span> <span class='ocrx_word' id='word_1_748' title='bbox 3090 4426 3238 4471; x_wconf 87' lang='lat' dir='ltr'><strong>recte</strong></span> <span class='ocrx_word' id='word_1_749' title='bbox 3262 4432 3561 4487; x_wconf 85' lang='lat' dir='ltr'><strong>cognosce-</strong></span> 
     </span>
    </p>
   </div>
   <div class='ocr_carea' id='block_1_93' title="bbox 1978 4502 3562 4577">
    <p class='ocr_par' dir='ltr' id='par_1_93' title="bbox 1978 4502 3562 4577">
     <span class='ocr_line' id='line_1_93' title="bbox 1978 4502 3562 4577; baseline 0.001 -18"><span class='ocrx_word' id='word_1_750' title='bbox 1978 4504 2160 4559; x_wconf 85' lang='lat' dir='ltr'><strong>batur.</strong></span> <span class='ocrx_word' id='word_1_751' title='bbox 2183 4502 2318 4559; x_wconf 84' lang='lat' dir='ltr'><strong>Rem</strong></span> <span class='ocrx_word' id='word_1_752' title='bbox 2351 4505 2536 4573; x_wconf 86' lang='lat' dir='ltr'><strong>itaque</strong></span> <span class='ocrx_word' id='word_1_753' title='bbox 2579 4519 2886 4577; x_wconf 78' lang='lat' dir='ltr'><strong>aggressus,</strong></span> <span class='ocrx_word' id='word_1_754' title='bbox 2910 4515 2966 4560; x_wconf 93' lang='lat' dir='ltr'><strong>et</strong></span> <span class='ocrx_word' id='word_1_755' title='bbox 2988 4506 3107 4560; x_wconf 90' lang='lat' dir='ltr'><strong>illas</strong></span> <span class='ocrx_word' id='word_1_756' title='bbox 3129 4507 3197 4561; x_wconf 91' lang='lat' dir='ltr'><strong>ad</strong></span> <span class='ocrx_word' id='word_1_757' title='bbox 3223 4506 3446 4562; x_wconf 69' lang='lat' dir='ltr'><strong>verbum</strong></span> <span class='ocrx_word' id='word_1_758' title='bbox 3475 4509 3562 4562; x_wconf 79' lang='lat' dir='ltr'><strong>in-</strong></span> 
     </span>
    </p>
   </div>
   <div class='ocr_carea' id='block_1_94' title="bbox 1981 4596 3563 4667">
    <p class='ocr_par' dir='ltr' id='par_1_94' title="bbox 1981 4596 3563 4667">
     <span class='ocr_line' id='line_1_94' title="bbox 1981 4596 3563 4667; baseline 0.003 -17"><span class='ocrx_word' id='word_1_759' title='bbox 1981 4604 2304 4665; x_wconf 87' lang='lat' dir='ltr'><strong>terpretans,</strong></span> <span class='ocrx_word' id='word_1_760' title='bbox 2339 4596 2486 4667; x_wconf 89' lang='lat' dir='ltr'><strong>apud</strong></span> <span class='ocrx_word' id='word_1_761' title='bbox 2537 4612 2597 4653; x_wconf 91' lang='lat' dir='ltr'><strong>se</strong></span> <span class='ocrx_word' id='word_1_762' title='bbox 2630 4598 3034 4666; x_wconf 87' lang='lat' dir='ltr'><strong>quodammodo</strong></span> <span class='ocrx_word' id='word_1_763' title='bbox 3063 4598 3347 4653; x_wconf 80' lang='lat' dir='ltr'><strong>dubitabat</strong></span> <span class='ocrx_word' id='word_1_764' title='bbox 3379 4609 3435 4654; x_wconf 90' lang='lat' dir='ltr'><strong>et</strong></span> <span class='ocrx_word' id='word_1_765' title='bbox 3456 4599 3563 4655; x_wconf 81' lang='lat' dir='ltr'><strong>dif-</strong></span> 
     </span>
    </p>
   </div>
   <div class='ocr_carea' id='block_1_95' title="bbox 1978 4686 3560 4760">
    <p class='ocr_par' dir='ltr' id='par_1_95' title="bbox 1978 4686 3560 4760">
     <span class='ocr_line' id='line_1_95' title="bbox 1978 4686 3560 4760; baseline 0.001 -18"><span class='ocrx_word' id='word_1_766' title='bbox 1978 4686 2207 4743; x_wconf 80' lang='lat' dir='ltr'><strong>ferebat.</strong></span> <span class='ocrx_word' id='word_1_767' title='bbox 2238 4687 2289 4742; x_wconf 94' lang='lat' dir='ltr'><strong>Id</strong></span> <span class='ocrx_word' id='word_1_768' title='bbox 2318 4698 2502 4744; x_wconf 89' lang='lat' dir='ltr'><strong>autem</strong></span> <span class='ocrx_word' id='word_1_769' title='bbox 2527 4704 2591 4744; x_wconf 80' lang='lat' dir='ltr'><strong>ex</strong></span> <span class='ocrx_word' id='word_1_770' title='bbox 2624 4705 2690 4744; x_wconf 90' lang='lat' dir='ltr'><strong>co</strong></span> <span class='ocrx_word' id='word_1_771' title='bbox 2713 4689 3011 4755; x_wconf 89' lang='lat' dir='ltr'><strong>oriebatur,</strong></span> <span class='ocrx_word' id='word_1_772' title='bbox 3048 4690 3192 4760; x_wconf 90' lang='lat' dir='ltr'><strong>quod</strong></span> <span class='ocrx_word' id='word_1_773' title='bbox 3224 4690 3373 4745; x_wconf 90' lang='lat' dir='ltr'><strong>illum</strong></span> <span class='ocrx_word' id='word_1_774' title='bbox 3404 4690 3560 4746; x_wconf 85' lang='lat' dir='ltr'><strong>valde</strong></span> 
     </span>
    </p>
   </div>
   <div class='ocr_carea' id='block_1_96' title="bbox 1979 4778 3561 4852">
    <p class='ocr_par' dir='ltr' id='par_1_96' title="bbox 1979 4778 3561 4852">
     <span class='ocr_line' id='line_1_96' title="bbox 1979 4778 3561 4852; baseline 0.003 -18"><span class='ocrx_word' id='word_1_775' title='bbox 1979 4778 2249 4851; x_wconf 84' lang='lat' dir='ltr'><strong>diligeret,</strong></span> <span class='ocrx_word' id='word_1_776' title='bbox 2293 4788 2350 4835; x_wconf 91' lang='lat' dir='ltr'><strong>et</strong></span> <span class='ocrx_word' id='word_1_777' title='bbox 2399 4781 2449 4836; x_wconf 90' lang='lat' dir='ltr'><strong>ei</strong></span> <span class='ocrx_word' id='word_1_778' title='bbox 2480 4781 2640 4836; x_wconf 83' lang='lat' dir='ltr'><strong>vellet</strong></span> <span class='ocrx_word' id='word_1_779' title='bbox 2672 4781 2899 4836; x_wconf 87' lang='lat' dir='ltr'><strong>omnino</strong></span> <span class='ocrx_word' id='word_1_780' title='bbox 2932 4782 3168 4852; x_wconf 87' lang='lat' dir='ltr'><strong>placere.</strong></span> <span class='ocrx_word' id='word_1_781' title='bbox 3201 4782 3261 4838; x_wconf 85' lang='lat' dir='ltr'><strong>Id</strong></span> <span class='ocrx_word' id='word_1_782' title='bbox 3303 4797 3458 4847; x_wconf 90' lang='lat' dir='ltr'><strong>vero,</strong></span> <span class='ocrx_word' id='word_1_783' title='bbox 3490 4782 3561 4838; x_wconf 84' lang='lat' dir='ltr'><strong>de</strong></span> 
     </span>
    </p>
   </div>
   <div class='ocr_carea' id='block_1_97' title="bbox 1978 4872 3561 4946">
    <p class='ocr_par' dir='ltr' id='par_1_97' title="bbox 1978 4872 3561 4946">
     <span class='ocr_line' id='line_1_97' title="bbox 1978 4872 3561 4946; baseline 0.003 -20"><span class='ocrx_word' id='word_1_784' title='bbox 1978 4888 2089 4943; x_wconf 91' lang='lat' dir='ltr'><strong>quo</strong></span> <span class='ocrx_word' id='word_1_785' title='bbox 2119 4872 2427 4939; x_wconf 84' lang='lat' dir='ltr'><strong>dubitabat,</strong></span> <span class='ocrx_word' id='word_1_786' title='bbox 2452 4881 2590 4938; x_wconf 89' lang='lat' dir='ltr'><strong>erat,</strong></span> <span class='ocrx_word' id='word_1_787' title='bbox 2631 4887 2764 4927; x_wconf 88' lang='lat' dir='ltr'><strong>num</strong></span> <span class='ocrx_word' id='word_1_788' title='bbox 2815 4872 2985 4930; x_wconf 90' lang='lat' dir='ltr'><strong>Paulo</strong></span> <span class='ocrx_word' id='word_1_789' title='bbox 3027 4881 3214 4946; x_wconf 83' lang='lat' dir='ltr'><strong>gratus</strong></span> <span class='ocrx_word' id='word_1_790' title='bbox 3249 4883 3398 4930; x_wconf 89' lang='lat' dir='ltr'><strong>esset</strong></span> <span class='ocrx_word' id='word_1_791' title='bbox 3442 4874 3561 4943; x_wconf 77' lang='lat' dir='ltr'><strong>ejus</strong></span> 
     </span>
    </p>
   </div>
   <div class='ocr_carea' id='block_1_98' title="bbox 1979 4965 3558 5038">
    <p class='ocr_par' dir='ltr' id='par_1_98' title="bbox 1979 4965 3558 5038">
     <span class='ocr_line' id='line_1_98' title="bbox 1979 4965 3558 5038; baseline 0.003 -20"><span class='ocrx_word' id='word_1_792' title='bbox 1979 4965 2134 5020; x_wconf 88' lang='lat' dir='ltr'><strong>labor</strong></span> <span class='ocrx_word' id='word_1_793' title='bbox 2167 4982 2183 5032; x_wconf 90' lang='lat'><strong>;</strong></span> <span class='ocrx_word' id='word_1_794' title='bbox 2215 4980 2284 5019; x_wconf 89' lang='lat' dir='ltr'><strong>an</strong></span> <span class='ocrx_word' id='word_1_795' title='bbox 2315 4973 2465 5021; x_wconf 89' lang='lat' dir='ltr'><strong>recte</strong></span> <span class='ocrx_word' id='word_1_796' title='bbox 2516 4972 2901 5035; x_wconf 89' lang='lat' dir='ltr'><strong>assequeretur</strong></span> <span class='ocrx_word' id='word_1_797' title='bbox 2954 4973 3195 5020; x_wconf 86' lang='lat' dir='ltr'><strong>mentem</strong></span> <span class='ocrx_word' id='word_1_798' title='bbox 3231 4965 3371 5037; x_wconf 86' lang='lat' dir='ltr'><strong>ejus,</strong></span> <span class='ocrx_word' id='word_1_799' title='bbox 3394 4981 3558 5038; x_wconf 89' lang='lat' dir='ltr'><strong>quem</strong></span> 
     </span>
    </p>
   </div>
   <div class='ocr_carea' id='block_1_99' title="bbox 1979 5055 3559 5129">
    <p class='ocr_par' dir='ltr' id='par_1_99' title="bbox 1979 5055 3559 5129">
     <span class='ocr_line' id='line_1_99' title="bbox 1979 5055 3559 5129; baseline 0.001 -17"><span class='ocrx_word' id='word_1_800' title='bbox 1979 5055 2258 5127; x_wconf 81' lang='lat' dir='ltr'><strong>diligebat.</strong></span> <span class='ocrx_word' id='word_1_801' title='bbox 2285 5065 2340 5111; x_wconf 88' lang='lat' dir='ltr'><strong>et</strong></span> <span class='ocrx_word' id='word_1_802' title='bbox 2359 5071 2489 5111; x_wconf 90' lang='lat' dir='ltr'><strong>num</strong></span> <span class='ocrx_word' id='word_1_803' title='bbox 2507 5055 2666 5126; x_wconf 82' lang='lat' dir='ltr'><strong>longe</strong></span> <span class='ocrx_word' id='word_1_804' title='bbox 2689 5071 2719 5110; x_wconf 90' lang='lat' dir='ltr'><strong>a</strong></span> <span class='ocrx_word' id='word_1_805' title='bbox 2740 5057 2971 5111; x_wconf 85' lang='lat' dir='ltr'><strong>veritate</strong></span> <span class='ocrx_word' id='word_1_806' title='bbox 2991 5056 3204 5112; x_wconf 89' lang='lat' dir='ltr'><strong>abesset</strong></span> <span class='ocrx_word' id='word_1_807' title='bbox 3226 5068 3282 5112; x_wconf 93' lang='lat' dir='ltr'><strong>et</strong></span> <span class='ocrx_word' id='word_1_808' title='bbox 3313 5072 3344 5112; x_wconf 91' lang='lat' dir='ltr'><strong>a</strong></span> <span class='ocrx_word' id='word_1_809' title='bbox 3371 5071 3559 5129; x_wconf 90' lang='lat' dir='ltr'><strong>scopo.</strong></span> 
     </span>
    </p>
   </div>
   <div class='ocr_carea' id='block_1_100' title="bbox 1986 5147 3558 5216">
    <p class='ocr_par' dir='ltr' id='par_1_100' title="bbox 1986 5147 3558 5216">
     <span class='ocr_line' id='line_1_100' title="bbox 1986 5147 3558 5216; baseline 0.001 -14"><span class='ocrx_word' id='word_1_810' title='bbox 1986 5147 2099 5203; x_wconf 86' lang='lat' dir='ltr'><strong>Hoc</strong></span> <span class='ocrx_word' id='word_1_811' title='bbox 2129 5164 2255 5204; x_wconf 90' lang='lat' dir='ltr'><strong>cum</strong></span> <span class='ocrx_word' id='word_1_812' title='bbox 2298 5148 2352 5203; x_wconf 89' lang='lat' dir='ltr'><strong>in</strong></span> <span class='ocrx_word' id='word_1_813' title='bbox 2414 5154 2878 5203; x_wconf 84' lang='lat' dir='ltr'><strong>mente&#39;versaret</strong></span> <span class='ocrx_word' id='word_1_814' title='bbox 2907 5158 2962 5204; x_wconf 91' lang='lat' dir='ltr'><strong>et</strong></span> <span class='ocrx_word' id='word_1_815' title='bbox 2980 5149 3278 5216; x_wconf 87' lang='lat' dir='ltr'><strong>dubitaret,</strong></span> <span class='ocrx_word' id='word_1_816' title='bbox 3302 5158 3360 5206; x_wconf 90' lang='lat' dir='ltr'><strong>et</strong></span> <span class='ocrx_word' id='word_1_817' title='bbox 3388 5150 3558 5207; x_wconf 84' lang='lat' dir='ltr'><strong>Deum</strong></span> 
     </span>
    </p>
   </div>
   <div class='ocr_carea' id='block_1_101' title="bbox 311 5207 1884 5318">
    <p class='ocr_par' dir='ltr' id='par_1_101' title="bbox 311 5207 1876 5318">
     <span class='ocr_line' id='line_1_101' title="bbox 311 5207 1876 5318; baseline -0.006 -14"><span class='ocrx_word' id='word_1_818' title='bbox 311 5207 517 5318; x_wconf 65' lang='grc' dir='ltr'>ροῦντι,</span> <span class='ocrx_word' id='word_1_819' title='bbox 566 5247 711 5314; x_wconf 83' lang='grc' dir='ltr'>μάλα</span> <span class='ocrx_word' id='word_1_820' title='bbox 735 5261 794 5299; x_wconf 84' lang='grc' dir='ltr'><strong>τε</strong></span> <span class='ocrx_word' id='word_1_821' title='bbox 821 5243 915 5298; x_wconf 86' lang='grc' dir='ltr'><strong>τοῦ</strong></span> <span class='ocrx_word' id='word_1_822' title='bbox 945 5242 1082 5297; x_wconf 86' lang='grc' dir='ltr'>Θεοῦ</span> <span class='ocrx_word' id='word_1_823' title='bbox 1101 5207 1342 5315; x_wconf 63' lang='grc' dir='ltr'>δεομένιρ</span> <span class='ocrx_word' id='word_1_824' title='bbox 1363 5207 1697 5312; x_wconf 70' lang='grc' dir='ltr'>διασαφῆσαι</span> <span class='ocrx_word' id='word_1_825' title='bbox 1726 5239 1876 5311; x_wconf 84' lang='grc' dir='ltr'>αὐτῷ</span> 
     </span>
    </p>
   </div>
   <div class='ocr_carea' id='block_1_102' title="bbox 1985 5207 3558 5318">
    <p class='ocr_par' dir='ltr' id='par_1_102' title="bbox 1985 5207 3558 5313">
     <span class='ocr_line' id='line_1_102' title="bbox 1985 5207 3558 5313; baseline 0 -18"><span class='ocrx_word' id='word_1_826' title='bbox 1985 5239 2137 5296; x_wconf 83' lang='lat' dir='ltr'><strong>valde</strong></span> <span class='ocrx_word' id='word_1_827' title='bbox 2178 5248 2412 5313; x_wconf 82' lang='lat' dir='ltr'><strong>rogaret,</strong></span> <span class='ocrx_word' id='word_1_828' title='bbox 2471 5249 2533 5296; x_wconf 90' lang='lat' dir='ltr'><strong>ut</strong></span> <span class='ocrx_word' id='word_1_829' title='bbox 2572 5241 2647 5306; x_wconf 89' lang='lat' dir='ltr'><strong>id,</strong></span> <span class='ocrx_word' id='word_1_830' title='bbox 2698 5242 2766 5297; x_wconf 89' lang='lat' dir='ltr'><strong>de</strong></span> <span class='ocrx_word' id='word_1_831' title='bbox 2807 5255 2917 5313; x_wconf 93' lang='lat' dir='ltr'><strong>quo</strong></span> <span class='ocrx_word' id='word_1_832' title='bbox 2953 5207 3339 5307; x_wconf 45' lang='lat' dir='ltr'><strong>dubitabat,&quot;&#39;ei</strong></span> <span class='ocrx_word' id='word_1_833' title='bbox 3365 5252 3558 5300; x_wconf 86' lang='lat' dir='ltr'><strong>notum</strong></span> 
     </span>
    </p>
   </div>
   <div class='ocr_carea' id='block_1_103' title="bbox 305 5329 1884 5414">
    <p class='ocr_par' dir='ltr' id='par_1_103' title="bbox 305 5329 1880 5406">
     <span class='ocr_line' id='line_1_103' title="bbox 305 5329 1880 5406; baseline -0.003 -18"><span class='ocrx_word' id='word_1_834' title='bbox 305 5335 372 5390; x_wconf 83' lang='grc' dir='ltr'>τὸ</span> <span class='ocrx_word' id='word_1_835' title='bbox 395 5334 894 5406; x_wconf 74' lang='grc' dir='ltr'>ἁμφιὸαλλόμενοψ</span> <span class='ocrx_word' id='word_1_836' title='bbox 973 5333 1075 5386; x_wconf 84' lang='grc' dir='ltr'><strong>οῦκ</strong></span> <span class='ocrx_word' id='word_1_837' title='bbox 1128 5334 1209 5395; x_wconf 84' lang='grc' dir='ltr'><strong>εἰς</strong></span> <span class='ocrx_word' id='word_1_838' title='bbox 1253 5330 1473 5402; x_wconf 84' lang='grc' dir='ltr'>μακρὰν</span> <span class='ocrx_word' id='word_1_839' title='bbox 1510 5329 1789 5385; x_wconf 82' lang='grc' dir='ltr'>ὲπιλύεται</span> <span class='ocrx_word' id='word_1_840' title='bbox 1818 5331 1880 5384; x_wconf 77' lang='grc' dir='ltr'><strong>τὸ</strong></span> 
     </span>
    </p>
   </div>
   <div class='ocr_carea' id='block_1_104' title="bbox 1985 5329 3561 5414">
    <p class='ocr_par' dir='ltr' id='par_1_104' title="bbox 1985 5331 3561 5414">
     <span class='ocr_line' id='line_1_104' title="bbox 1985 5331 3561 5414; baseline 0.001 -28"><span class='ocrx_word' id='word_1_841' title='bbox 1985 5331 2152 5397; x_wconf 80' lang='lat' dir='ltr'><strong>ﬂeret,</strong></span> <span class='ocrx_word' id='word_1_842' title='bbox 2182 5346 2291 5386; x_wconf 90' lang='lat' dir='ltr'><strong>non</strong></span> <span class='ocrx_word' id='word_1_843' title='bbox 2338 5331 2432 5389; x_wconf 91' lang='lat' dir='ltr'><strong>diu</strong></span> <span class='ocrx_word' id='word_1_844' title='bbox 2460 5332 2637 5389; x_wconf 87' lang='lat' dir='ltr'><strong>abfuit</strong></span> <span class='ocrx_word' id='word_1_845' title='bbox 2664 5332 2883 5390; x_wconf 86' lang='lat' dir='ltr'><strong>solutio.</strong></span> <span class='ocrx_word' id='word_1_846' title='bbox 2913 5332 3105 5390; x_wconf 81' lang='lat' dir='ltr'><strong>Modus</strong></span> <span class='ocrx_word' id='word_1_847' title='bbox 3136 5343 3318 5390; x_wconf 90' lang='lat' dir='ltr'><strong>autem</strong></span> <span class='ocrx_word' id='word_1_848' title='bbox 3348 5335 3561 5414; x_wconf 57' lang='lat' dir='ltr'><strong>qualis?</strong></span> 
     </span>
    </p>
   </div>
   <div class='ocr_carea' id='block_1_105' title="bbox 310 5421 1884 5499">
    <p class='ocr_par' dir='ltr' id='par_1_105' title="bbox 310 5421 1880 5499">
     <span class='ocr_line' id='line_1_105' title="bbox 310 5421 1880 5499; baseline -0.003 -17"><span class='ocrx_word' id='word_1_849' title='bbox 310 5427 649 5499; x_wconf 77' lang='grc' dir='ltr'>ζητούμενον</span> <span class='ocrx_word' id='word_1_850' title='bbox 670 5443 686 5459; x_wconf 77' lang='grc' dir='ltr'><strong>ο</strong></span> <span class='ocrx_word' id='word_1_851' title='bbox 714 5429 809 5481; x_wconf 77' lang='grc' dir='ltr'>καὶ</span> <span class='ocrx_word' id='word_1_852' title='bbox 839 5428 873 5496; x_wconf 84' lang='grc' dir='ltr'>ὴ</span> <span class='ocrx_word' id='word_1_853' title='bbox 902 5424 1057 5490; x_wconf 87' lang='grc' dir='ltr'>λύσις</span> <span class='ocrx_word' id='word_1_854' title='bbox 1087 5424 1327 5496; x_wconf 74' lang='grc' dir='ltr'>καθαρὰ,</span> <span class='ocrx_word' id='word_1_855' title='bbox 1364 5423 1460 5477; x_wconf 82' lang='grc' dir='ltr'>καὶ</span> <span class='ocrx_word' id='word_1_856' title='bbox 1486 5421 1654 5494; x_wconf 68' lang='grc' dir='ltr'>μηδὲν</span> <span class='ocrx_word' id='word_1_857' title='bbox 1681 5422 1880 5494; x_wconf 70' lang='grc' dir='ltr'>ἔχουσα</span> 
     </span>
    </p>
   </div>
   <div class='ocr_carea' id='block_1_106' title="bbox 1985 5421 3559 5499">
    <p class='ocr_par' dir='ltr' id='par_1_106' title="bbox 1985 5422 3559 5499">
     <span class='ocr_line' id='line_1_106' title="bbox 1985 5422 3559 5499; baseline 0.001 -21"><span class='ocrx_word' id='word_1_858' title='bbox 1985 5422 2074 5479; x_wconf 87' lang='lat' dir='ltr'><strong>Est</strong></span> <span class='ocrx_word' id='word_1_859' title='bbox 2099 5423 2244 5480; x_wconf 89' lang='lat' dir='ltr'><strong>enim</strong></span> <span class='ocrx_word' id='word_1_860' title='bbox 2269 5438 2457 5479; x_wconf 89' lang='lat' dir='ltr'><strong>revera</strong></span> <span class='ocrx_word' id='word_1_861' title='bbox 2507 5423 2621 5481; x_wconf 87' lang='lat' dir='ltr'><strong>Deo</strong></span> <span class='ocrx_word' id='word_1_862' title='bbox 2649 5425 2848 5495; x_wconf 83' lang='lat' dir='ltr'><strong>dignus</strong></span> <span class='ocrx_word' id='word_1_863' title='bbox 2886 5434 2938 5482; x_wconf 92' lang='lat' dir='ltr'><strong>et</strong></span> <span class='ocrx_word' id='word_1_864' title='bbox 2962 5425 3108 5482; x_wconf 87' lang='lat' dir='ltr'><strong>illius</strong></span> <span class='ocrx_word' id='word_1_865' title='bbox 3130 5426 3419 5499; x_wconf 85' lang='lat' dir='ltr'><strong>sapientia.</strong></span> <span class='ocrx_word' id='word_1_866' title='bbox 3452 5425 3559 5481; x_wconf 88' lang='lat' dir='ltr'><strong>Sed</strong></span> 
     </span>
    </p>
   </div>
   <div class='ocr_carea' id='block_1_107' title="bbox 306 5509 1884 5592">
    <p class='ocr_par' dir='ltr' id='par_1_107' title="bbox 306 5509 1879 5592">
     <span class='ocr_line' id='line_1_107' title="bbox 306 5509 1879 5592; baseline -0.003 -19"><span class='ocrx_word' id='word_1_867' title='bbox 306 5516 584 5589; x_wconf 71' lang='grc' dir='ltr'>δδσμαθὲς</span> <span class='ocrx_word' id='word_1_868' title='bbox 603 5517 648 5592; x_wconf 7' lang='grc' dir='ltr'>,ἢ</span> <span class='ocrx_word' id='word_1_869' title='bbox 675 5515 993 5589; x_wconf 80' lang='grc' dir='ltr'>ἀμφίδοξον,</span> <span class='ocrx_word' id='word_1_870' title='bbox 1036 5518 1064 5571; x_wconf 88' lang='lat'><strong>6</strong></span> <span class='ocrx_word' id='word_1_871' title='bbox 1085 5514 1144 5569; x_wconf 76' lang='grc' dir='ltr'><strong>δὲ</strong></span> <span class='ocrx_word' id='word_1_872' title='bbox 1165 5515 1366 5587; x_wconf 84' lang='grc' dir='ltr'>τρόπος</span> <span class='ocrx_word' id='word_1_873' title='bbox 1415 5513 1727 5585; x_wconf 84' lang='grc' dir='ltr'>θαυμαστὸς</span> <span class='ocrx_word' id='word_1_874' title='bbox 1744 5509 1879 5578; x_wconf 77' lang='grc' dir='ltr'>οἷος.</span> 
     </span>
    </p>
   </div>
   <div class='ocr_carea' id='block_1_108' title="bbox 1985 5509 3560 5592">
    <p class='ocr_par' dir='ltr' id='par_1_108' title="bbox 1985 5514 3560 5588">
     <span class='ocr_line' id='line_1_108' title="bbox 1985 5514 3560 5588; baseline 0 -17"><span class='ocrx_word' id='word_1_875' title='bbox 1985 5523 2063 5571; x_wconf 86' lang='lat' dir='ltr'><strong>est</strong></span> <span class='ocrx_word' id='word_1_876' title='bbox 2089 5514 2506 5571; x_wconf 88' lang='lat' dir='ltr'><strong>attendendum.</strong></span> <span class='ocrx_word' id='word_1_877' title='bbox 2555 5516 2733 5573; x_wconf 82' lang='lat' dir='ltr'><strong>Habet</strong></span> <span class='ocrx_word' id='word_1_878' title='bbox 2765 5518 2911 5574; x_wconf 89' lang='lat' dir='ltr'><strong>enim</strong></span> <span class='ocrx_word' id='word_1_879' title='bbox 2955 5517 3168 5573; x_wconf 87' lang='lat' dir='ltr'><strong>varium</strong></span> <span class='ocrx_word' id='word_1_880' title='bbox 3219 5517 3475 5588; x_wconf 85' lang='lat' dir='ltr'><strong>quiddam</strong></span> <span class='ocrx_word' id='word_1_881' title='bbox 3505 5529 3560 5572; x_wconf 81' lang='lat' dir='ltr'><strong>et</strong></span> 
     </span>
    </p>
   </div>
   <div class='ocr_carea' id='block_1_109' title="bbox 307 5605 1884 5683">
    <p class='ocr_par' dir='ltr' id='par_1_109' title="bbox 307 5605 1882 5682">
     <span class='ocr_line' id='line_1_109' title="bbox 307 5605 1882 5682; baseline -0.003 -18"><span class='ocrx_word' id='word_1_882' title='bbox 307 5607 421 5665; x_wconf 77' lang='grc' dir='ltr'><strong>Καὶ</strong></span> <span class='ocrx_word' id='word_1_883' title='bbox 474 5608 584 5682; x_wconf 83' lang='grc' dir='ltr'><strong>γὰρ</strong></span> <span class='ocrx_word' id='word_1_884' title='bbox 632 5609 735 5681; x_wconf 77' lang='grc' dir='ltr'>τῆς</span> <span class='ocrx_word' id='word_1_885' title='bbox 776 5607 872 5663; x_wconf 90' lang='grc' dir='ltr'><strong>τοῦ</strong></span> <span class='ocrx_word' id='word_1_886' title='bbox 923 5606 1059 5663; x_wconf 82' lang='grc' dir='ltr'>Θεοῦ</span> <span class='ocrx_word' id='word_1_887' title='bbox 1115 5606 1305 5677; x_wconf 80' lang='grc' dir='ltr'>σοφίας</span> <span class='ocrx_word' id='word_1_888' title='bbox 1335 5605 1451 5659; x_wconf 71' lang='grc' dir='ltr'>ἐστὶ</span> <span class='ocrx_word' id='word_1_889' title='bbox 1482 5605 1574 5659; x_wconf 74' lang='grc' dir='ltr'><strong>καὶ</strong></span> <span class='ocrx_word' id='word_1_890' title='bbox 1607 5605 1716 5660; x_wconf 84' lang='grc' dir='ltr'>τῶν</span> <span class='ocrx_word' id='word_1_891' title='bbox 1745 5605 1882 5660; x_wconf 78' lang='grc' dir='ltr'>ὁδῶν</span> 
     </span>
    </p>
   </div>
   <div class='ocr_carea' id='block_1_110' title="bbox 1985 5605 3559 5683">
    <p class='ocr_par' dir='ltr' id='par_1_110' title="bbox 1985 5606 3559 5683">
     <span class='ocr_line' id='line_1_110' title="bbox 1985 5606 3559 5683; baseline 0.001 -20"><span class='ocrx_word' id='word_1_892' title='bbox 1985 5607 2323 5665; x_wconf 69' lang='lat' dir='ltr'><strong>admirabile.</strong></span> <span class='ocrx_word' id='word_1_893' title='bbox 2354 5606 2451 5664; x_wconf 77' lang='lat' dir='ltr'><strong>Vir</strong></span> <span class='ocrx_word' id='word_1_894' title='bbox 2479 5610 2723 5681; x_wconf 85' lang='lat' dir='ltr'><strong>quidam,</strong></span> <span class='ocrx_word' id='word_1_895' title='bbox 2774 5612 2865 5682; x_wconf 91' lang='lat' dir='ltr'><strong>qui</strong></span> <span class='ocrx_word' id='word_1_896' title='bbox 2909 5611 3287 5683; x_wconf 83' lang='lat' dir='ltr'><strong>magistratum</strong></span> <span class='ocrx_word' id='word_1_897' title='bbox 3316 5617 3559 5682; x_wconf 76' lang='lat' dir='ltr'><strong>gesserat</strong></span> 
     </span>
    </p>
   </div>
   <div class='ocr_carea' id='block_1_111' title="bbox 386 5784 759 5858">
    <p class='ocr_par' dir='ltr' id='par_1_111' title="bbox 386 5784 759 5858">
     <span class='ocr_line' id='line_1_111' title="bbox 386 5784 759 5858; baseline 0.008 -17"><span class='ocrx_word' id='word_1_898' title='bbox 386 5784 433 5819; x_wconf 81' lang='grc'><em>⁸³</em></span> <span class='ocrx_word' id='word_1_899' title='bbox 452 5784 609 5844; x_wconf 79' lang='lat' dir='ltr'><strong>Prov.</strong></span> <span class='ocrx_word' id='word_1_900' title='bbox 638 5803 679 5858; x_wconf 83' lang='grc' dir='ltr'><strong>ι,</strong></span> <span class='ocrx_word' id='word_1_901' title='bbox 707 5790 759 5844; x_wconf 82' lang='grc'><strong>6.</strong></span> 
     </span>
    </p>
   </div>
  </div>
