  <div class='ocr_page' id='page_1' title='image "/cluster/home/n/w/nwhite01/storage/ocr_20150623/114/hvd.32044019208123/595.png"; bbox 0 0 3834 6464; ppageno 0'>
   <div class='ocr_carea' id='block_1_1' title="bbox 327 469 467 535">
    <p class='ocr_par' dir='ltr' id='par_1_1' title="bbox 327 469 467 535">
     <span class='ocr_line' id='line_1_1' title="bbox 327 469 467 535; baseline -0.021 0"><span class='ocrx_word' id='word_1_1' title='bbox 327 469 467 535; x_wconf 79' lang='grc'>1107</span> 
     </span>
    </p>
   </div>
   <div class='ocr_carea' id='block_1_2' title="bbox 1556 463 2347 529">
    <p class='ocr_par' dir='ltr' id='par_1_2' title="bbox 1556 463 2347 529">
     <span class='ocr_line' id='line_1_2' title="bbox 1556 463 2347 529; baseline -0.004 -4"><span class='ocrx_word' id='word_1_2' title='bbox 1556 463 1843 527; x_wconf 76' lang='lat' dir='ltr'><strong>MENSIS</strong></span> <span class='ocrx_word' id='word_1_3' title='bbox 1888 463 2347 529; x_wconf 78' lang='lat' dir='ltr'><strong>JANUARIUS.</strong></span> 
     </span>
    </p>
   </div>
   <div class='ocr_carea' id='block_1_3' title="bbox 3447 459 3596 529">
    <p class='ocr_par' dir='ltr' id='par_1_3' title="bbox 3447 459 3596 529">
     <span class='ocr_line' id='line_1_3' title="bbox 3447 459 3596 529; baseline 0.007 -3"><span class='ocrx_word' id='word_1_4' title='bbox 3447 459 3596 529; x_wconf 78' lang='grc'><strong>1108</strong></span> 
     </span>
    </p>
   </div>
   <div class='ocr_carea' id='block_1_4' title="bbox 323 551 1901 644">
    <p class='ocr_par' dir='ltr' id='par_1_4' title="bbox 323 572 1893 644">
     <span class='ocr_line' id='line_1_4' title="bbox 323 572 1893 644; baseline -0.004 -8"><span class='ocrx_word' id='word_1_5' title='bbox 323 580 453 636; x_wconf 86' lang='lat' dir='ltr'><strong>huic</strong></span> <span class='ocrx_word' id='word_1_6' title='bbox 481 576 676 633; x_wconf 78' lang='lat' dir='ltr'><strong>similis</strong></span> <span class='ocrx_word' id='word_1_7' title='bbox 710 615 725 641; x_wconf 90' lang='lat'><strong>,</strong></span> <span class='ocrx_word' id='word_1_8' title='bbox 750 576 1045 633; x_wconf 78' lang='lat' dir='ltr'><strong>ostendens</strong></span> <span class='ocrx_word' id='word_1_9' title='bbox 1079 573 1233 630; x_wconf 83' lang='lat' dir='ltr'><strong>Pauli</strong></span> <span class='ocrx_word' id='word_1_10' title='bbox 1280 572 1591 644; x_wconf 87' lang='lat' dir='ltr'><strong>imaginem,</strong></span> <span class='ocrx_word' id='word_1_11' title='bbox 1614 589 1735 643; x_wconf 68' lang='lat' dir='ltr'><strong>qua:</strong></span> <span class='ocrx_word' id='word_1_12' title='bbox 1768 588 1893 644; x_wconf 88' lang='lat' dir='ltr'><strong>per-</strong></span> 
     </span>
    </p>
   </div>
   <div class='ocr_carea' id='block_1_5' title="bbox 2008 551 3596 644">
    <p class='ocr_par' dir='ltr' id='par_1_5' title="bbox 2008 551 3596 644">
     <span class='ocr_line' id='line_1_5' title="bbox 2008 551 3596 644; baseline -0.001 -17"><span class='ocrx_word' id='word_1_13' title='bbox 2008 577 2195 644; x_wconf 68' lang='grc' dir='ltr'>ῇγησις</span> <span class='ocrx_word' id='word_1_14' title='bbox 2217 592 2231 606; x_wconf 79' lang='grc' dir='ltr'><strong>ο</strong></span> <span class='ocrx_word' id='word_1_15' title='bbox 2273 576 2367 631; x_wconf 78' lang='grc' dir='ltr'>καὶ</span> <span class='ocrx_word' id='word_1_16' title='bbox 2396 574 2485 631; x_wconf 74' lang='grc' dir='ltr'><strong>διὰ</strong></span> <span class='ocrx_word' id='word_1_17' title='bbox 2514 571 2674 630; x_wconf 86' lang='grc' dir='ltr'>τοῦτο</span> <span class='ocrx_word' id='word_1_18' title='bbox 2703 572 2871 642; x_wconf 72' lang='grc' dir='ltr'>δεῖξαι</span> <span class='ocrx_word' id='word_1_19' title='bbox 2900 551 3062 629; x_wconf 73' lang='grc' dir='ltr'>αὐτὸν</span> <span class='ocrx_word' id='word_1_20' title='bbox 3104 574 3309 628; x_wconf 71' lang='grc' dir='ltr'>ἐκεῖνον</span> <span class='ocrx_word' id='word_1_21' title='bbox 3355 574 3596 629; x_wconf 76' lang='grc' dir='ltr'><strong>συνόντα</strong></span> 
     </span>
    </p>
   </div>
   <div class='ocr_carea' id='block_1_6' title="bbox 320 665 1905 742">
    <p class='ocr_par' dir='ltr' id='par_1_6' title="bbox 320 665 1905 742">
     <span class='ocr_line' id='line_1_6' title="bbox 320 665 1905 742; baseline -0.001 -17"><span class='ocrx_word' id='word_1_22' title='bbox 320 677 487 742; x_wconf 89' lang='lat' dir='ltr'><strong>petuo</strong></span> <span class='ocrx_word' id='word_1_23' title='bbox 507 668 684 724; x_wconf 90' lang='lat' dir='ltr'><strong>stabat</strong></span> <span class='ocrx_word' id='word_1_24' title='bbox 714 678 842 724; x_wconf 94' lang='lat' dir='ltr'><strong>ante</strong></span> <span class='ocrx_word' id='word_1_25' title='bbox 864 668 1153 733; x_wconf 89' lang='lat' dir='ltr'><strong>Joannem,</strong></span> <span class='ocrx_word' id='word_1_26' title='bbox 1184 674 1239 722; x_wconf 91' lang='lat' dir='ltr'><strong>et</strong></span> <span class='ocrx_word' id='word_1_27' title='bbox 1269 680 1428 737; x_wconf 88' lang='lat' dir='ltr'><strong>quam</strong></span> <span class='ocrx_word' id='word_1_28' title='bbox 1447 665 1655 722; x_wconf 87' lang='lat' dir='ltr'><strong>solebat</strong></span> <span class='ocrx_word' id='word_1_29' title='bbox 1688 666 1905 724; x_wconf 84' lang='lat' dir='ltr'><strong>assidue</strong></span> 
     </span>
    </p>
   </div>
   <div class='ocr_carea' id='block_1_7' title="bbox 317 755 1903 829">
    <p class='ocr_par' dir='ltr' id='par_1_7' title="bbox 317 755 1903 829">
     <span class='ocr_line' id='line_1_7' title="bbox 317 755 1903 829; baseline -0.003 -13"><span class='ocrx_word' id='word_1_30' title='bbox 317 759 520 816; x_wconf 89' lang='lat' dir='ltr'><strong>intueri</strong></span> <span class='ocrx_word' id='word_1_31' title='bbox 540 776 557 815; x_wconf 87' lang='lat'><strong>:</strong></span> <span class='ocrx_word' id='word_1_32' title='bbox 574 760 667 829; x_wconf 90' lang='lat' dir='ltr'><strong>qui</strong></span> <span class='ocrx_word' id='word_1_33' title='bbox 682 760 846 815; x_wconf 90' lang='lat' dir='ltr'><strong>ctiam</strong></span> <span class='ocrx_word' id='word_1_34' title='bbox 865 757 1151 813; x_wconf 77' lang='lat' dir='ltr'><strong>videbatur</strong></span> <span class='ocrx_word' id='word_1_35' title='bbox 1182 756 1280 812; x_wconf 91' lang='lat' dir='ltr'><strong>tibi</strong></span> <span class='ocrx_word' id='word_1_36' title='bbox 1303 755 1514 811; x_wconf 86' lang='lat' dir='ltr'><strong>sedenti</strong></span> <span class='ocrx_word' id='word_1_37' title='bbox 1540 764 1595 811; x_wconf 90' lang='lat' dir='ltr'><strong>et</strong></span> <span class='ocrx_word' id='word_1_38' title='bbox 1613 755 1903 827; x_wconf 85' lang='lat' dir='ltr'><strong>scriptioni</strong></span> 
     </span>
    </p>
   </div>
   <div class='ocr_carea' id='block_1_8' title="bbox 316 848 1903 921">
    <p class='ocr_par' dir='ltr' id='par_1_8' title="bbox 316 848 1903 921">
     <span class='ocr_line' id='line_1_8' title="bbox 316 848 1903 921; baseline -0.003 -15"><span class='ocrx_word' id='word_1_39' title='bbox 316 852 654 908; x_wconf 79' lang='lat' dir='ltr'><strong>incumbenti</strong></span> <span class='ocrx_word' id='word_1_40' title='bbox 686 851 891 911; x_wconf 89' lang='lat' dir='ltr'><strong>sensim</strong></span> <span class='ocrx_word' id='word_1_41' title='bbox 937 850 992 905; x_wconf 93' lang='lat' dir='ltr'><strong>in</strong></span> <span class='ocrx_word' id='word_1_42' title='bbox 1024 850 1280 905; x_wconf 82' lang='lat' dir='ltr'><strong>humeros</strong></span> <span class='ocrx_word' id='word_1_43' title='bbox 1306 848 1589 921; x_wconf 86' lang='lat' dir='ltr'><strong>inclinare,</strong></span> <span class='ocrx_word' id='word_1_44' title='bbox 1632 856 1687 902; x_wconf 89' lang='lat' dir='ltr'><strong>et</strong></span> <span class='ocrx_word' id='word_1_45' title='bbox 1720 856 1903 903; x_wconf 88' lang='lat' dir='ltr'><strong>tecum</strong></span> 
     </span>
    </p>
   </div>
   <div class='ocr_carea' id='block_1_9' title="bbox 316 940 1903 1015">
    <p class='ocr_par' dir='ltr' id='par_1_9' title="bbox 316 940 1903 1015">
     <span class='ocr_line' id='line_1_9' title="bbox 316 940 1903 1015; baseline -0.002 -16"><span class='ocrx_word' id='word_1_46' title='bbox 316 945 463 1015; x_wconf 87' lang='lat' dir='ltr'><strong>loqui</strong></span> <span class='ocrx_word' id='word_1_47' title='bbox 496 946 553 999; x_wconf 89' lang='lat' dir='ltr'><strong>in</strong></span> <span class='ocrx_word' id='word_1_48' title='bbox 582 959 794 999; x_wconf 88' lang='lat' dir='ltr'><strong>aurem.</strong></span> <span class='ocrx_word' id='word_1_49' title='bbox 825 941 897 999; x_wconf 81' lang='lat' dir='ltr'><strong>Ut</strong></span> <span class='ocrx_word' id='word_1_50' title='bbox 920 952 1106 998; x_wconf 88' lang='lat' dir='ltr'><strong>autem</strong></span> <span class='ocrx_word' id='word_1_51' title='bbox 1138 956 1239 1013; x_wconf 87' lang='lat' dir='ltr'><strong>ego</strong></span> <span class='ocrx_word' id='word_1_52' title='bbox 1258 941 1475 1012; x_wconf 92' lang='lat' dir='ltr'><strong>opinor,</strong></span> <span class='ocrx_word' id='word_1_53' title='bbox 1504 950 1622 996; x_wconf 89' lang='lat' dir='ltr'><strong>erat</strong></span> <span class='ocrx_word' id='word_1_54' title='bbox 1659 940 1749 995; x_wconf 85' lang='lat' dir='ltr'><strong>ille</strong></span> <span class='ocrx_word' id='word_1_55' title='bbox 1782 941 1903 1011; x_wconf 86' lang='lat' dir='ltr'><strong>ipse</strong></span> 
     </span>
    </p>
   </div>
   <div class='ocr_carea' id='block_1_10' title="bbox 316 1032 1901 1107">
    <p class='ocr_par' dir='ltr' id='par_1_10' title="bbox 316 1032 1901 1107">
     <span class='ocr_line' id='line_1_10' title="bbox 316 1032 1901 1107; baseline -0.003 -16"><span class='ocrx_word' id='word_1_56' title='bbox 316 1051 528 1091; x_wconf 79' lang='lat' dir='ltr'><strong>revera.</strong></span> <span class='ocrx_word' id='word_1_57' title='bbox 582 1035 851 1107; x_wconf 76' lang='lat' dir='ltr'><strong>Cognovit</strong></span> <span class='ocrx_word' id='word_1_58' title='bbox 883 1034 1065 1105; x_wconf 82' lang='lat' dir='ltr'><strong>itaque</strong></span> <span class='ocrx_word' id='word_1_59' title='bbox 1098 1048 1326 1105; x_wconf 83' lang='lat' dir='ltr'><strong>magnus</strong></span> <span class='ocrx_word' id='word_1_60' title='bbox 1362 1032 1601 1088; x_wconf 89' lang='lat' dir='ltr'><strong>Joannes</strong></span> <span class='ocrx_word' id='word_1_61' title='bbox 1642 1048 1700 1087; x_wconf 91' lang='lat' dir='ltr'><strong>se</strong></span> <span class='ocrx_word' id='word_1_62' title='bbox 1729 1048 1761 1087; x_wconf 91' lang='lat' dir='ltr'><strong>a</strong></span> <span class='ocrx_word' id='word_1_63' title='bbox 1789 1033 1901 1087; x_wconf 91' lang='lat' dir='ltr'><strong>Deo</strong></span> 
     </span>
    </p>
   </div>
   <div class='ocr_carea' id='block_1_11' title="bbox 314 1124 1896 1199">
    <p class='ocr_par' dir='ltr' id='par_1_11' title="bbox 314 1124 1896 1199">
     <span class='ocr_line' id='line_1_11' title="bbox 314 1124 1896 1199; baseline -0.004 -14"><span class='ocrx_word' id='word_1_64' title='bbox 314 1130 485 1185; x_wconf 80' lang='lat' dir='ltr'><strong>fuisse</strong></span> <span class='ocrx_word' id='word_1_65' title='bbox 531 1129 847 1184; x_wconf 76' lang='lat' dir='ltr'><strong>exanditum</strong></span> <span class='ocrx_word' id='word_1_66' title='bbox 892 1128 960 1184; x_wconf 90' lang='lat' dir='ltr'><strong>de</strong></span> <span class='ocrx_word' id='word_1_67' title='bbox 1012 1127 1104 1190; x_wconf 92' lang='lat' dir='ltr'><strong>iis,</strong></span> <span class='ocrx_word' id='word_1_68' title='bbox 1156 1142 1277 1197; x_wconf 74' lang='lat' dir='ltr'><strong>qua:</strong></span> <span class='ocrx_word' id='word_1_69' title='bbox 1319 1125 1576 1199; x_wconf 88' lang='lat' dir='ltr'><strong>cupiebat</strong></span> <span class='ocrx_word' id='word_1_70' title='bbox 1608 1124 1770 1190; x_wconf 90' lang='lat' dir='ltr'><strong>scire,</strong></span> <span class='ocrx_word' id='word_1_71' title='bbox 1824 1139 1896 1179; x_wconf 88' lang='lat' dir='ltr'><strong>an</strong></span> 
     </span>
    </p>
   </div>
   <div class='ocr_carea' id='block_1_12' title="bbox 314 1216 1900 1292">
    <p class='ocr_par' dir='ltr' id='par_1_12' title="bbox 314 1216 1900 1292">
     <span class='ocr_line' id='line_1_12' title="bbox 314 1216 1900 1292; baseline -0.003 -16"><span class='ocrx_word' id='word_1_72' title='bbox 314 1221 485 1276; x_wconf 87' lang='lat' dir='ltr'><strong>Paulo</strong></span> <span class='ocrx_word' id='word_1_73' title='bbox 531 1231 681 1292; x_wconf 83' lang='lat' dir='ltr'><strong>grata</strong></span> <span class='ocrx_word' id='word_1_74' title='bbox 738 1228 885 1275; x_wconf 81' lang='lat' dir='ltr'><strong>esset</strong></span> <span class='ocrx_word' id='word_1_75' title='bbox 941 1218 1303 1290; x_wconf 81' lang='lat' dir='ltr'><strong>Epistolarum</strong></span> <span class='ocrx_word' id='word_1_76' title='bbox 1337 1216 1614 1287; x_wconf 52' lang='lat' dir='ltr'><strong>:expositio</strong></span> <span class='ocrx_word' id='word_1_77' title='bbox 1648 1226 1744 1271; x_wconf 92' lang='lat' dir='ltr'><strong>:et</strong></span> <span class='ocrx_word' id='word_1_78' title='bbox 1778 1216 1900 1272; x_wconf 92' lang='lat' dir='ltr'><strong>ideo</strong></span> 
     </span>
    </p>
   </div>
   <div class='ocr_carea' id='block_1_13' title="bbox 315 1309 1899 1380">
    <p class='ocr_par' dir='ltr' id='par_1_13' title="bbox 315 1309 1899 1380">
     <span class='ocr_line' id='line_1_13' title="bbox 315 1309 1899 1380; baseline -0.003 -13"><span class='ocrx_word' id='word_1_79' title='bbox 315 1312 622 1370; x_wconf 76' lang='lat' dir='ltr'><strong>ostendisse</strong></span> <span class='ocrx_word' id='word_1_80' title='bbox 663 1312 816 1366; x_wconf 91' lang='lat' dir='ltr'><strong>illum</strong></span> <span class='ocrx_word' id='word_1_81' title='bbox 863 1312 1037 1380; x_wconf 90' lang='lat' dir='ltr'><strong>ipsum</strong></span> <span class='ocrx_word' id='word_1_82' title='bbox 1066 1309 1315 1373; x_wconf 77' lang='lat' dir='ltr'><strong>Paulum,</strong></span> <span class='ocrx_word' id='word_1_83' title='bbox 1342 1310 1435 1380; x_wconf 91' lang='lat' dir='ltr'><strong>qui</strong></span> <span class='ocrx_word' id='word_1_84' title='bbox 1468 1324 1590 1365; x_wconf 92' lang='lat' dir='ltr'><strong>cum</strong></span> <span class='ocrx_word' id='word_1_85' title='bbox 1623 1325 1689 1364; x_wconf 90' lang='lat' dir='ltr'><strong>eo</strong></span> <span class='ocrx_word' id='word_1_86' title='bbox 1716 1324 1899 1364; x_wconf 85' lang='lat' dir='ltr'><strong>versa-</strong></span> 
     </span>
    </p>
   </div>
   <div class='ocr_carea' id='block_1_14' title="bbox 316 1400 1901 1474">
    <p class='ocr_par' dir='ltr' id='par_1_14' title="bbox 316 1400 1901 1474">
     <span class='ocr_line' id='line_1_14' title="bbox 316 1400 1901 1474; baseline -0.002 -15"><span class='ocrx_word' id='word_1_87' title='bbox 316 1406 499 1468; x_wconf 88' lang='lat' dir='ltr'><strong>batur,</strong></span> <span class='ocrx_word' id='word_1_88' title='bbox 523 1405 645 1460; x_wconf 90' lang='lat' dir='ltr'><strong>etei</strong></span> <span class='ocrx_word' id='word_1_89' title='bbox 683 1414 941 1474; x_wconf 81' lang='lat' dir='ltr'><strong>tanquam</strong></span> <span class='ocrx_word' id='word_1_90' title='bbox 975 1402 1241 1474; x_wconf 83' lang='lat' dir='ltr'><strong>discipulo</strong></span> <span class='ocrx_word' id='word_1_91' title='bbox 1265 1417 1423 1472; x_wconf 89' lang='lat' dir='ltr'><strong>opem</strong></span> <span class='ocrx_word' id='word_1_92' title='bbox 1457 1400 1667 1457; x_wconf 82' lang='lat' dir='ltr'><strong>ferebat</strong></span> <span class='ocrx_word' id='word_1_93' title='bbox 1698 1402 1753 1456; x_wconf 92' lang='lat' dir='ltr'><strong>in</strong></span> <span class='ocrx_word' id='word_1_94' title='bbox 1777 1417 1901 1456; x_wconf 90' lang='lat' dir='ltr'><strong>ora-</strong></span> 
     </span>
    </p>
   </div>
   <div class='ocr_carea' id='block_1_15' title="bbox 317 1492 1896 1564">
    <p class='ocr_par' dir='ltr' id='par_1_15' title="bbox 317 1492 1896 1564">
     <span class='ocr_line' id='line_1_15' title="bbox 317 1492 1896 1564; baseline -0.004 -12"><span class='ocrx_word' id='word_1_95' title='bbox 317 1496 499 1552; x_wconf 81' lang='lat' dir='ltr'><strong>tione:</strong></span> <span class='ocrx_word' id='word_1_96' title='bbox 525 1495 636 1549; x_wconf 90' lang='lat' dir='ltr'><strong>imo</strong></span> <span class='ocrx_word' id='word_1_97' title='bbox 672 1510 823 1558; x_wconf 89' lang='lat' dir='ltr'><strong>vero,</strong></span> <span class='ocrx_word' id='word_1_98' title='bbox 884 1494 977 1563; x_wconf 90' lang='lat' dir='ltr'><strong>qui</strong></span> <span class='ocrx_word' id='word_1_99' title='bbox 1010 1494 1145 1548; x_wconf 86' lang='lat' dir='ltr'><strong>nihil</strong></span> <span class='ocrx_word' id='word_1_100' title='bbox 1194 1493 1426 1564; x_wconf 87' lang='lat' dir='ltr'><strong>amplius</strong></span> <span class='ocrx_word' id='word_1_101' title='bbox 1467 1492 1750 1558; x_wconf 79' lang='lat' dir='ltr'><strong>allerebat,</strong></span> <span class='ocrx_word' id='word_1_102' title='bbox 1790 1492 1896 1547; x_wconf 87' lang='lat' dir='ltr'><strong>nisi</strong></span> 
     </span>
    </p>
   </div>
   <div class='ocr_carea' id='block_1_16' title="bbox 315 1585 1899 1657">
    <p class='ocr_par' dir='ltr' id='par_1_16' title="bbox 315 1585 1899 1657">
     <span class='ocr_line' id='line_1_16' title="bbox 315 1585 1899 1657; baseline -0.001 -16"><span class='ocrx_word' id='word_1_103' title='bbox 315 1588 461 1657; x_wconf 87' lang='lat' dir='ltr'><strong>quod</strong></span> <span class='ocrx_word' id='word_1_104' title='bbox 495 1588 581 1651; x_wconf 88' lang='lat' dir='ltr'><strong>iis,</strong></span> <span class='ocrx_word' id='word_1_105' title='bbox 609 1603 729 1657; x_wconf 77' lang='lat' dir='ltr'><strong>qua:</strong></span> <span class='ocrx_word' id='word_1_106' title='bbox 756 1587 1103 1652; x_wconf 79' lang='lat' dir='ltr'><strong>dicebantur,</strong></span> <span class='ocrx_word' id='word_1_107' title='bbox 1133 1587 1307 1641; x_wconf 84' lang='lat' dir='ltr'><strong>solum</strong></span> <span class='ocrx_word' id='word_1_108' title='bbox 1358 1589 1687 1641; x_wconf 88' lang='lat' dir='ltr'><strong>servientem</strong></span> <span class='ocrx_word' id='word_1_109' title='bbox 1723 1585 1899 1656; x_wconf 91' lang='lat' dir='ltr'><strong>porri-</strong></span> 
     </span>
    </p>
   </div>
   <div class='ocr_carea' id='block_1_17' title="bbox 315 1677 1895 1750">
    <p class='ocr_par' dir='ltr' id='par_1_17' title="bbox 315 1677 1895 1750">
     <span class='ocr_line' id='line_1_17' title="bbox 315 1677 1895 1750; baseline 0.001 -18"><span class='ocrx_word' id='word_1_110' title='bbox 315 1680 476 1750; x_wconf 88' lang='lat' dir='ltr'><strong>gebat</strong></span> <span class='ocrx_word' id='word_1_111' title='bbox 499 1679 799 1734; x_wconf 78' lang='lat' dir='ltr'><strong>dexteram.</strong></span> <span class='ocrx_word' id='word_1_112' title='bbox 832 1680 965 1735; x_wconf 82' lang='lat' dir='ltr'><strong>Cum</strong></span> <span class='ocrx_word' id='word_1_113' title='bbox 998 1678 1076 1733; x_wconf 90' lang='lat' dir='ltr'><strong>sic</strong></span> <span class='ocrx_word' id='word_1_114' title='bbox 1105 1678 1208 1733; x_wconf 86' lang='lat' dir='ltr'><strong>sibi</strong></span> <span class='ocrx_word' id='word_1_115' title='bbox 1238 1678 1603 1749; x_wconf 85' lang='lat' dir='ltr'><strong>persuasisset</strong></span> <span class='ocrx_word' id='word_1_116' title='bbox 1628 1677 1895 1743; x_wconf 82' lang='lat' dir='ltr'><strong>Joannes,</strong></span> 
     </span>
    </p>
   </div>
   <div class='ocr_carea' id='block_1_18' title="bbox 312 1771 1893 1843">
    <p class='ocr_par' dir='ltr' id='par_1_18' title="bbox 312 1771 1893 1843">
     <span class='ocr_line' id='line_1_18' title="bbox 312 1771 1893 1843; baseline -0.001 -17"><span class='ocrx_word' id='word_1_117' title='bbox 312 1772 477 1843; x_wconf 82' lang='lat' dir='ltr'><strong>jussit</strong></span> <span class='ocrx_word' id='word_1_118' title='bbox 509 1773 730 1842; x_wconf 85' lang='lat' dir='ltr'><strong>quidem</strong></span> <span class='ocrx_word' id='word_1_119' title='bbox 780 1772 1031 1827; x_wconf 89' lang='lat' dir='ltr'><strong>Proclum</strong></span> <span class='ocrx_word' id='word_1_120' title='bbox 1072 1787 1265 1843; x_wconf 90' lang='lat' dir='ltr'><strong>parum</strong></span> <span class='ocrx_word' id='word_1_121' title='bbox 1299 1771 1574 1827; x_wconf 90' lang='lat' dir='ltr'><strong>recedere.</strong></span> <span class='ocrx_word' id='word_1_122' title='bbox 1601 1771 1693 1827; x_wconf 89' lang='lat' dir='ltr'><strong>Ille</strong></span> <span class='ocrx_word' id='word_1_123' title='bbox 1711 1781 1893 1826; x_wconf 91' lang='lat' dir='ltr'><strong>autem</strong></span> 
     </span>
    </p>
   </div>
   <div class='ocr_carea' id='block_1_19' title="bbox 317 1864 1895 1936">
    <p class='ocr_par' dir='ltr' id='par_1_19' title="bbox 317 1864 1895 1936">
     <span class='ocr_line' id='line_1_19' title="bbox 317 1864 1895 1936; baseline -0.001 -15"><span class='ocrx_word' id='word_1_124' title='bbox 317 1865 580 1928; x_wconf 80' lang='lat' dir='ltr'><strong>inclusus,</strong></span> <span class='ocrx_word' id='word_1_125' title='bbox 608 1864 850 1935; x_wconf 79' lang='lat' dir='ltr'><strong>procedit</strong></span> <span class='ocrx_word' id='word_1_126' title='bbox 881 1866 933 1920; x_wconf 90' lang='lat' dir='ltr'><strong>in</strong></span> <span class='ocrx_word' id='word_1_127' title='bbox 977 1880 1177 1936; x_wconf 83' lang='lat' dir='ltr'><strong>genua,</strong></span> <span class='ocrx_word' id='word_1_128' title='bbox 1209 1874 1264 1920; x_wconf 93' lang='lat' dir='ltr'><strong>ct</strong></span> <span class='ocrx_word' id='word_1_129' title='bbox 1296 1865 1550 1936; x_wconf 85' lang='lat' dir='ltr'><strong>lacrymis</strong></span> <span class='ocrx_word' id='word_1_130' title='bbox 1575 1864 1763 1935; x_wconf 88' lang='lat' dir='ltr'><strong>plenos</strong></span> <span class='ocrx_word' id='word_1_131' title='bbox 1794 1864 1895 1920; x_wconf 90' lang='lat' dir='ltr'><strong>ha-</strong></span> 
     </span>
    </p>
   </div>
   <div class='ocr_carea' id='block_1_20' title="bbox 2008 665 3595 739">
    <p class='ocr_par' dir='ltr' id='par_1_20' title="bbox 2008 665 3595 739">
     <span class='ocr_line' id='line_1_20' title="bbox 2008 665 3595 739; baseline 0.001 -20"><span class='ocrx_word' id='word_1_132' title='bbox 2008 665 2101 719; x_wconf 77' lang='grc' dir='ltr'><strong>τὸν</strong></span> <span class='ocrx_word' id='word_1_133' title='bbox 2132 666 2364 732; x_wconf 78' lang='grc' dir='ltr'><strong>Παῦλον,</strong></span> <span class='ocrx_word' id='word_1_134' title='bbox 2396 668 2492 722; x_wconf 79' lang='grc' dir='ltr'>καὶ</span> <span class='ocrx_word' id='word_1_135' title='bbox 2532 667 2625 722; x_wconf 86' lang='grc' dir='ltr'><strong>τοῦ</strong></span> <span class='ocrx_word' id='word_1_136' title='bbox 2660 668 2819 738; x_wconf 79' lang='grc' dir='ltr'>λόγου</span> <span class='ocrx_word' id='word_1_137' title='bbox 2852 665 3106 737; x_wconf 78' lang='grc' dir='ltr'>καθάπερ</span> <span class='ocrx_word' id='word_1_138' title='bbox 3127 665 3192 738; x_wconf 79' lang='grc' dir='ltr'>δὴ</span> <span class='ocrx_word' id='word_1_139' title='bbox 3230 666 3325 719; x_wconf 74' lang='grc' dir='ltr'>καὶ</span> <span class='ocrx_word' id='word_1_140' title='bbox 3367 666 3595 739; x_wconf 68' lang='grc' dir='ltr'>μαθητῇ</span> 
     </span>
    </p>
   </div>
   <div class='ocr_carea' id='block_1_21' title="bbox 2011 755 3600 831">
    <p class='ocr_par' dir='ltr' id='par_1_21' title="bbox 2011 755 3600 831">
     <span class='ocr_line' id='line_1_21' title="bbox 2011 755 3600 831; baseline -0.002 -19"><span class='ocrx_word' id='word_1_141' title='bbox 2011 760 2426 831; x_wconf 78' lang='grc' dir='ltr'><strong>συναιρόμενον,</strong></span> <span class='ocrx_word' id='word_1_142' title='bbox 2470 762 2563 815; x_wconf 70' lang='grc' dir='ltr'>καὶ</span> <span class='ocrx_word' id='word_1_143' title='bbox 2620 760 2681 815; x_wconf 84' lang='grc' dir='ltr'><strong>τδ</strong></span> <span class='ocrx_word' id='word_1_144' title='bbox 2715 759 2837 815; x_wconf 84' lang='grc' dir='ltr'>ὅλον</span> <span class='ocrx_word' id='word_1_145' title='bbox 2884 757 3143 829; x_wconf 79' lang='grc' dir='ltr'><strong>τοιαύτην</strong></span> <span class='ocrx_word' id='word_1_146' title='bbox 3190 755 3436 826; x_wconf 84' lang='grc' dir='ltr'>γίνεσθαι</span> <span class='ocrx_word' id='word_1_147' title='bbox 3486 756 3600 827; x_wconf 77' lang='grc' dir='ltr'>τὴν</span> 
     </span>
    </p>
   </div>
   <div class='ocr_carea' id='block_1_22' title="bbox 2007 847 3599 923">
    <p class='ocr_par' dir='ltr' id='par_1_22' title="bbox 2007 847 3599 923">
     <span class='ocr_line' id='line_1_22' title="bbox 2007 847 3599 923; baseline -0.003 -19"><span class='ocrx_word' id='word_1_148' title='bbox 2007 850 2292 923; x_wconf 77' lang='grc' dir='ltr'>ἐξήγησιν,</span> <span class='ocrx_word' id='word_1_149' title='bbox 2344 851 2463 907; x_wconf 75' lang='grc' dir='ltr'>οἷαν</span> <span class='ocrx_word' id='word_1_150' title='bbox 2508 847 2646 906; x_wconf 73' lang='grc' dir='ltr'>εἶναι</span> <span class='ocrx_word' id='word_1_151' title='bbox 2696 849 2773 923; x_wconf 81' lang='grc' dir='ltr'>τῷ</span> <span class='ocrx_word' id='word_1_152' title='bbox 2827 848 3141 920; x_wconf 78' lang='grc' dir='ltr'>Ἀποστόλῳ</span> <span class='ocrx_word' id='word_1_153' title='bbox 3178 848 3387 914; x_wconf 79' lang='grc' dir='ltr'>δοκοῦν,</span> <span class='ocrx_word' id='word_1_154' title='bbox 3419 847 3599 901; x_wconf 72' lang='grc' dir='ltr'>αὑτὸν</span> 
     </span>
    </p>
   </div>
   <div class='ocr_carea' id='block_1_23' title="bbox 2006 941 3596 1019">
    <p class='ocr_par' dir='ltr' id='par_1_23' title="bbox 2006 941 3596 1019">
     <span class='ocr_line' id='line_1_23' title="bbox 2006 941 3596 1019; baseline -0.001 -21"><span class='ocrx_word' id='word_1_155' title='bbox 2006 944 2158 998; x_wconf 67' lang='grc' dir='ltr'>οὐδὲν</span> <span class='ocrx_word' id='word_1_156' title='bbox 2194 946 2618 1019; x_wconf 79' lang='grc' dir='ltr'>συνεισφέροντα</span> <span class='ocrx_word' id='word_1_157' title='bbox 2655 946 2839 1013; x_wconf 86' lang='grc' dir='ltr'>πλέον,</span> <span class='ocrx_word' id='word_1_158' title='bbox 2865 946 2949 1000; x_wconf 84' lang='grc' dir='ltr'><strong>δτι</strong></span> <span class='ocrx_word' id='word_1_159' title='bbox 2979 944 3055 1018; x_wconf 81' lang='grc' dir='ltr'>μὴ</span> <span class='ocrx_word' id='word_1_160' title='bbox 3082 947 3244 1016; x_wconf 86' lang='grc' dir='ltr'>μόνον</span> <span class='ocrx_word' id='word_1_161' title='bbox 3275 941 3596 1015; x_wconf 72' lang='grc' dir='ltr'>ὑπηρετοῦ-</span> 
     </span>
    </p>
   </div>
   <div class='ocr_carea' id='block_1_24' title="bbox 2010 1037 3595 1119">
    <p class='ocr_par' dir='ltr' id='par_1_24' title="bbox 2010 1037 3595 1119">
     <span class='ocr_line' id='line_1_24' title="bbox 2010 1037 3595 1119; baseline 0 -28"><span class='ocrx_word' id='word_1_162' title='bbox 2010 1054 2108 1092; x_wconf 89' lang='grc' dir='ltr'><strong>σαν</strong></span> <span class='ocrx_word' id='word_1_163' title='bbox 2154 1039 2252 1111; x_wconf 82' lang='grc' dir='ltr'>τὴν</span> <span class='ocrx_word' id='word_1_164' title='bbox 2284 1040 2466 1106; x_wconf 77' lang='grc' dir='ltr'>δεξιάν</span> <span class='ocrx_word' id='word_1_165' title='bbox 2517 1040 2849 1119; x_wconf 84' lang='grc' dir='ltr'>παρέχοντα.</span> <span class='ocrx_word' id='word_1_166' title='bbox 2892 1039 3050 1093; x_wconf 86' lang='grc' dir='ltr'>Οῦτω</span> <span class='ocrx_word' id='word_1_167' title='bbox 3096 1037 3434 1091; x_wconf 84' lang='grc' dir='ltr'>πιστωθέντα</span> <span class='ocrx_word' id='word_1_168' title='bbox 3487 1038 3595 1091; x_wconf 68' lang='grc' dir='ltr'>τὶν</span> 
     </span>
    </p>
   </div>
   <div class='ocr_carea' id='block_1_25' title="bbox 2018 1129 3593 1205">
    <p class='ocr_par' dir='ltr' id='par_1_25' title="bbox 2018 1129 3593 1205">
     <span class='ocr_line' id='line_1_25' title="bbox 2018 1129 3593 1205; baseline -0.001 -20"><span class='ocrx_word' id='word_1_169' title='bbox 2018 1129 2273 1204; x_wconf 75' lang='grc' dir='ltr'>Ἰωάννην</span> <span class='ocrx_word' id='word_1_170' title='bbox 2301 1133 2554 1188; x_wconf 87' lang='grc' dir='ltr'>κελεῦσαι</span> <span class='ocrx_word' id='word_1_171' title='bbox 2585 1134 2677 1187; x_wconf 73' lang='grc' dir='ltr'><strong>τον</strong></span> <span class='ocrx_word' id='word_1_172' title='bbox 2712 1132 2953 1205; x_wconf 81' lang='grc' dir='ltr'><strong>Πρόκλον</strong></span> <span class='ocrx_word' id='word_1_173' title='bbox 2986 1130 3293 1201; x_wconf 75' lang='grc' dir='ltr'>ἀποστῆναι</span> <span class='ocrx_word' id='word_1_174' title='bbox 3343 1129 3547 1201; x_wconf 67' lang='grc' dir='ltr'>μικρόν</span> <span class='ocrx_word' id='word_1_175' title='bbox 3573 1144 3593 1160; x_wconf 75' lang='grc' dir='ltr'><strong>ο</strong></span> 
     </span>
    </p>
   </div>
   <div class='ocr_carea' id='block_1_26' title="bbox 2005 1223 3597 1297">
    <p class='ocr_par' dir='ltr' id='par_1_26' title="bbox 2005 1223 3597 1297">
     <span class='ocr_line' id='line_1_26' title="bbox 2005 1223 3597 1297; baseline 0.001 -21"><span class='ocrx_word' id='word_1_176' title='bbox 2005 1224 2214 1277; x_wconf 73' lang='grc' dir='ltr'>ἐκεῖνον</span> <span class='ocrx_word' id='word_1_177' title='bbox 2252 1226 2308 1280; x_wconf 80' lang='grc' dir='ltr'>δὲ</span> <span class='ocrx_word' id='word_1_178' title='bbox 2339 1227 2764 1297; x_wconf 74' lang='grc' dir='ltr'>ἐγκλεισάμενον</span> <span class='ocrx_word' id='word_1_179' title='bbox 2798 1226 2937 1296; x_wconf 79' lang='grc' dir='ltr'>πρὸς</span> <span class='ocrx_word' id='word_1_180' title='bbox 2959 1225 3087 1294; x_wconf 81' lang='grc' dir='ltr'>γόνυ</span> <span class='ocrx_word' id='word_1_181' title='bbox 3120 1226 3329 1286; x_wconf 85' lang='grc' dir='ltr'>πεσεῖν,</span> <span class='ocrx_word' id='word_1_182' title='bbox 3368 1224 3456 1277; x_wconf 79' lang='grc' dir='ltr'><strong>καὶ</strong></span> <span class='ocrx_word' id='word_1_183' title='bbox 3485 1223 3597 1277; x_wconf 80' lang='grc' dir='ltr'>δα.-</span> 
     </span>
    </p>
   </div>
   <div class='ocr_carea' id='block_1_27' title="bbox 2006 1312 3595 1388">
    <p class='ocr_par' dir='ltr' id='par_1_27' title="bbox 2006 1312 3595 1388">
     <span class='ocr_line' id='line_1_27' title="bbox 2006 1312 3595 1388; baseline -0.003 -18"><span class='ocrx_word' id='word_1_184' title='bbox 2006 1317 2193 1388; x_wconf 87' lang='grc' dir='ltr'>κρύων</span> <span class='ocrx_word' id='word_1_185' title='bbox 2223 1318 2483 1372; x_wconf 78' lang='grc' dir='ltr'>ύπόπλεω</span> <span class='ocrx_word' id='word_1_186' title='bbox 2508 1320 2634 1382; x_wconf 80' lang='grc' dir='ltr'>τοὺς</span> <span class='ocrx_word' id='word_1_187' title='bbox 2657 1317 2970 1387; x_wconf 77' lang='grc' dir='ltr'>ὀφθαλμοὺς</span> <span class='ocrx_word' id='word_1_188' title='bbox 3000 1315 3249 1386; x_wconf 78' lang='grc' dir='ltr'>θέμενον,</span> <span class='ocrx_word' id='word_1_189' title='bbox 3284 1313 3486 1385; x_wconf 75' lang='grc' dir='ltr'>πολλὴν</span> <span class='ocrx_word' id='word_1_190' title='bbox 3507 1312 3595 1385; x_wconf 80' lang='grc' dir='ltr'>τῷ</span> 
     </span>
    </p>
   </div>
   <div class='ocr_carea' id='block_1_28' title="bbox 2005 1406 3591 1481">
    <p class='ocr_par' dir='ltr' id='par_1_28' title="bbox 2005 1406 3591 1481">
     <span class='ocr_line' id='line_1_28' title="bbox 2005 1406 3591 1481; baseline -0.001 -18"><span class='ocrx_word' id='word_1_191' title='bbox 2005 1408 2126 1481; x_wconf 86' lang='grc' dir='ltr'><strong>Θεῷ</strong></span> <span class='ocrx_word' id='word_1_192' title='bbox 2175 1412 2337 1481; x_wconf 81' lang='grc' dir='ltr'>χάριν</span> <span class='ocrx_word' id='word_1_193' title='bbox 2377 1412 2476 1481; x_wconf 82' lang='grc' dir='ltr'>τῆς</span> <span class='ocrx_word' id='word_1_194' title='bbox 2506 1411 2615 1465; x_wconf 86' lang='grc' dir='ltr'><strong>τῶν</strong></span> <span class='ocrx_word' id='word_1_195' title='bbox 2660 1409 2980 1481; x_wconf 79' lang='grc' dir='ltr'>ἀμφιϐόλων</span> <span class='ocrx_word' id='word_1_196' title='bbox 3012 1406 3312 1471; x_wconf 77' lang='grc' dir='ltr'>ἐπιλύσεως</span> <span class='ocrx_word' id='word_1_197' title='bbox 3340 1407 3591 1477; x_wconf 86' lang='grc' dir='ltr'>καθομο-</span> 
     </span>
    </p>
   </div>
   <div class='ocr_carea' id='block_1_29' title="bbox 2003 1498 3592 1574">
    <p class='ocr_par' dir='ltr' id='par_1_29' title="bbox 2003 1498 3592 1574">
     <span class='ocr_line' id='line_1_29' title="bbox 2003 1498 3592 1574; baseline -0.002 -19"><span class='ocrx_word' id='word_1_198' title='bbox 2003 1501 2205 1569; x_wconf 86' lang='grc' dir='ltr'>λογεῖν.</span> <span class='ocrx_word' id='word_1_199' title='bbox 2239 1500 2351 1557; x_wconf 77' lang='grc' dir='ltr'>Εἶθ’</span> <span class='ocrx_word' id='word_1_200' title='bbox 2386 1503 2557 1566; x_wconf 74' lang='grc' dir='ltr'>οὕτως</span> <span class='ocrx_word' id='word_1_201' title='bbox 2599 1502 2889 1573; x_wconf 63' lang='grc' dir='ltr'>ἐπιτρέψαι</span> <span class='ocrx_word' id='word_1_202' title='bbox 2920 1501 2999 1574; x_wconf 80' lang='grc' dir='ltr'><strong>τῷ</strong></span> <span class='ocrx_word' id='word_1_203' title='bbox 3028 1500 3276 1571; x_wconf 82' lang='grc' dir='ltr'>Πρόκλω,</span> <span class='ocrx_word' id='word_1_204' title='bbox 3313 1500 3453 1552; x_wconf 77' lang='grc' dir='ltr'>κατὰ</span> <span class='ocrx_word' id='word_1_205' title='bbox 3485 1498 3592 1570; x_wconf 77' lang='grc' dir='ltr'>τὴν</span> 
     </span>
    </p>
   </div>
   <div class='ocr_carea' id='block_1_30' title="bbox 2003 1586 3593 1661">
    <p class='ocr_par' dir='ltr' id='par_1_30' title="bbox 2003 1586 3593 1661">
     <span class='ocr_line' id='line_1_30' title="bbox 2003 1586 3593 1661; baseline -0.004 -18"><span class='ocrx_word' id='word_1_206' title='bbox 2003 1590 2264 1645; x_wconf 75' lang='grc' dir='ltr'>ἐπιοῦσαν</span> <span class='ocrx_word' id='word_1_207' title='bbox 2295 1591 2465 1647; x_wconf 91' lang='grc' dir='ltr'>νύκτα</span> <span class='ocrx_word' id='word_1_208' title='bbox 2492 1592 2584 1646; x_wconf 72' lang='grc' dir='ltr'>τὸν</span> <span class='ocrx_word' id='word_1_209' title='bbox 2626 1589 2913 1661; x_wconf 79' lang='grc' dir='ltr'>ἄνθρωπον</span> <span class='ocrx_word' id='word_1_210' title='bbox 2968 1590 3219 1657; x_wconf 81' lang='grc' dir='ltr'>ἀγαγεῖν.</span> <span class='ocrx_word' id='word_1_211' title='bbox 3266 1586 3449 1657; x_wconf 79' lang='grc' dir='ltr'>Μηδὲν</span> <span class='ocrx_word' id='word_1_212' title='bbox 3475 1586 3593 1655; x_wconf 79' lang='grc' dir='ltr'><strong>γὰρ</strong></span> 
     </span>
    </p>
   </div>
   <div class='ocr_carea' id='block_1_31' title="bbox 2001 1676 3594 1754">
    <p class='ocr_par' dir='ltr' id='par_1_31' title="bbox 2001 1676 3594 1754">
     <span class='ocr_line' id='line_1_31' title="bbox 2001 1676 3594 1754; baseline -0.004 -18"><span class='ocrx_word' id='word_1_213' title='bbox 2001 1682 2082 1736; x_wconf 76' lang='grc' dir='ltr'>ἔτι</span> <span class='ocrx_word' id='word_1_214' title='bbox 2126 1685 2261 1754; x_wconf 56' lang='grc' dir='ltr'><strong>φησὶ⁸</strong></span> <span class='ocrx_word' id='word_1_215' title='bbox 2310 1683 2555 1737; x_wconf 89' lang='grc' dir='ltr'>τοιοῦτον</span> <span class='ocrx_word' id='word_1_216' title='bbox 2610 1681 2983 1752; x_wconf 77' lang='grc' dir='ltr'>ὀφθήσεσθαι,</span> <span class='ocrx_word' id='word_1_217' title='bbox 3037 1679 3130 1733; x_wconf 73' lang='grc' dir='ltr'><strong>καὶ</strong></span> <span class='ocrx_word' id='word_1_218' title='bbox 3175 1677 3266 1732; x_wconf 70' lang='grc' dir='ltr'><strong>τὸν</strong></span> <span class='ocrx_word' id='word_1_219' title='bbox 3316 1676 3594 1746; x_wconf 65' lang='grc' dir='ltr'>κληθέντα</span> 
     </span>
    </p>
   </div>
   <div class='ocr_carea' id='block_1_32' title="bbox 2001 1763 3594 1848">
    <p class='ocr_par' dir='ltr' id='par_1_32' title="bbox 2001 1763 3594 1848">
     <span class='ocr_line' id='line_1_32' title="bbox 2001 1763 3594 1848; baseline -0.007 -18"><span class='ocrx_word' id='word_1_220' title='bbox 2001 1776 2345 1848; x_wconf 75' lang='grc' dir='ltr'>προσελθεῖν,</span> <span class='ocrx_word' id='word_1_221' title='bbox 2369 1776 2463 1829; x_wconf 72' lang='grc' dir='ltr'>καὶ</span> <span class='ocrx_word' id='word_1_222' title='bbox 2487 1774 2717 1839; x_wconf 78' lang='grc' dir='ltr'>ἀξιῶσαι</span> <span class='ocrx_word' id='word_1_223' title='bbox 2744 1773 2871 1844; x_wconf 80' lang='grc' dir='ltr'>περὶ</span> <span class='ocrx_word' id='word_1_224' title='bbox 2896 1772 3005 1825; x_wconf 84' lang='grc' dir='ltr'><strong>τῶν</strong></span> <span class='ocrx_word' id='word_1_225' title='bbox 3030 1769 3434 1842; x_wconf 75' lang='grc' dir='ltr'>προκειμένωνο</span> <span class='ocrx_word' id='word_1_226' title='bbox 3466 1763 3594 1820; x_wconf 83' lang='grc' dir='ltr'>εἶτα</span> 
     </span>
    </p>
   </div>
   <div class='ocr_carea' id='block_1_33' title="bbox 2003 1858 3593 1938">
    <p class='ocr_par' dir='ltr' id='par_1_33' title="bbox 2003 1858 3593 1938">
     <span class='ocr_line' id='line_1_33' title="bbox 2003 1858 3593 1938; baseline -0.007 -16"><span class='ocrx_word' id='word_1_227' title='bbox 2003 1869 2094 1928; x_wconf 82' lang='grc' dir='ltr'>τὸν</span> <span class='ocrx_word' id='word_1_228' title='bbox 2139 1869 2394 1938; x_wconf 81' lang='grc' dir='ltr'>Ἰωάννην</span> <span class='ocrx_word' id='word_1_229' title='bbox 2441 1867 2596 1921; x_wconf 77' lang='grc' dir='ltr'>οὐδὲν</span> <span class='ocrx_word' id='word_1_230' title='bbox 2643 1866 3017 1937; x_wconf 83' lang='grc' dir='ltr'>ὑπερθέμενον</span> <span class='ocrx_word' id='word_1_231' title='bbox 3049 1863 3190 1936; x_wconf 85' lang='grc' dir='ltr'>(πῶς</span> <span class='ocrx_word' id='word_1_232' title='bbox 3239 1860 3380 1932; x_wconf 77' lang='grc' dir='ltr'>γὰρ,</span> <span class='ocrx_word' id='word_1_233' title='bbox 3432 1858 3492 1923; x_wconf 81' lang='grc' dir='ltr'>ὃς</span> <span class='ocrx_word' id='word_1_234' title='bbox 3526 1859 3593 1912; x_wconf 81' lang='grc' dir='ltr'>ὲν</span> 
     </span>
    </p>
   </div>
   <div class='ocr_carea' id='block_1_34' title="bbox 315 1934 1901 2029">
    <p class='ocr_par' dir='ltr' id='par_1_34' title="bbox 315 1934 1899 2028">
     <span class='ocr_line' id='line_1_34' title="bbox 315 1934 1899 2028; baseline 0.001 -18"><span class='ocrx_word' id='word_1_235' title='bbox 315 1957 450 2013; x_wconf 89' lang='lat' dir='ltr'><strong>bcns</strong></span> <span class='ocrx_word' id='word_1_236' title='bbox 473 1934 682 2021; x_wconf 90' lang='lat' dir='ltr'><strong>oculos,</strong></span> <span class='ocrx_word' id='word_1_237' title='bbox 708 1956 819 2011; x_wconf 89' lang='lat' dir='ltr'><strong>Deo</strong></span> <span class='ocrx_word' id='word_1_238' title='bbox 840 1934 1064 2028; x_wconf 75' lang='lat' dir='ltr'><strong>magnas</strong></span> <span class='ocrx_word' id='word_1_239' title='bbox 1084 1956 1197 2027; x_wconf 84' lang='lat' dir='ltr'><strong>egit</strong></span> <span class='ocrx_word' id='word_1_240' title='bbox 1219 1934 1441 2027; x_wconf 78' lang='lat' dir='ltr'><strong>gratias,</strong></span> <span class='ocrx_word' id='word_1_241' title='bbox 1471 1934 1617 2027; x_wconf 85' lang='lat' dir='ltr'><strong>quod</strong></span> <span class='ocrx_word' id='word_1_242' title='bbox 1643 1957 1899 2012; x_wconf 87' lang='lat' dir='ltr'><strong>solvisset</strong></span> 
     </span>
    </p>
   </div>
   <div class='ocr_carea' id='block_1_35' title="bbox 2008 1934 3593 2029">
    <p class='ocr_par' dir='ltr' id='par_1_35' title="bbox 2008 1934 3593 2029">
     <span class='ocr_line' id='line_1_35' title="bbox 2008 1934 3593 2029; baseline -0.005 -18"><span class='ocrx_word' id='word_1_243' title='bbox 2008 1961 2111 2023; x_wconf 84' lang='grc' dir='ltr'>τοῖς</span> <span class='ocrx_word' id='word_1_244' title='bbox 2136 1934 2412 2021; x_wconf 73' lang='grc' dir='ltr'>τοσούτοις</span> <span class='ocrx_word' id='word_1_245' title='bbox 2444 1958 2581 2029; x_wconf 73' lang='grc' dir='ltr'>πυρὶ</span> <span class='ocrx_word' id='word_1_246' title='bbox 2611 1957 2712 2029; x_wconf 78' lang='grc' dir='ltr'>τὴν</span> <span class='ocrx_word' id='word_1_247' title='bbox 2732 1934 3066 2028; x_wconf 80' lang='grc' dir='ltr'>θερμότητα</span> <span class='ocrx_word' id='word_1_248' title='bbox 3090 1951 3284 2016; x_wconf 73' lang='grc' dir='ltr'>ἐοικὼς</span> <span class='ocrx_word' id='word_1_249' title='bbox 3332 1947 3401 2023; x_wconf 81' lang='grc' dir='ltr'>ἦν</span> <span class='ocrx_word' id='word_1_250' title='bbox 3428 1952 3480 2021; x_wconf 79' lang='grc' dir='ltr'><strong>ς’)</strong></span> <span class='ocrx_word' id='word_1_251' title='bbox 3503 1949 3593 2021; x_wconf 85' lang='grc' dir='ltr'><strong>τῷ</strong></span> 
     </span>
    </p>
   </div>
   <div class='ocr_carea' id='block_1_36' title="bbox 316 2047 1902 2118">
    <p class='ocr_par' dir='ltr' id='par_1_36' title="bbox 316 2047 1902 2118">
     <span class='ocr_line' id='line_1_36' title="bbox 316 2047 1902 2118; baseline 0.001 -17"><span class='ocrx_word' id='word_1_252' title='bbox 316 2064 404 2115; x_wconf 83' lang='lat' dir='ltr'><strong>ea,</strong></span> <span class='ocrx_word' id='word_1_253' title='bbox 432 2064 551 2118; x_wconf 73' lang='lat' dir='ltr'><strong>qua:</strong></span> <span class='ocrx_word' id='word_1_254' title='bbox 570 2048 932 2104; x_wconf 89' lang='lat' dir='ltr'><strong>erantdubia.</strong></span> <span class='ocrx_word' id='word_1_255' title='bbox 965 2048 1171 2104; x_wconf 89' lang='lat' dir='ltr'><strong>Deinde</strong></span> <span class='ocrx_word' id='word_1_256' title='bbox 1202 2047 1369 2118; x_wconf 87' lang='lat' dir='ltr'><strong>jussit</strong></span> <span class='ocrx_word' id='word_1_257' title='bbox 1407 2047 1621 2116; x_wconf 84' lang='lat' dir='ltr'><strong>Proelo,</strong></span> <span class='ocrx_word' id='word_1_258' title='bbox 1658 2064 1729 2104; x_wconf 91' lang='lat' dir='ltr'><strong>ne</strong></span> <span class='ocrx_word' id='word_1_259' title='bbox 1776 2065 1902 2105; x_wconf 90' lang='lat' dir='ltr'><strong>eum</strong></span> 
     </span>
    </p>
   </div>
   <div class='ocr_carea' id='block_1_37' title="bbox 316 2140 1905 2214">
    <p class='ocr_par' dir='ltr' id='par_1_37' title="bbox 316 2140 1905 2214">
     <span class='ocr_line' id='line_1_37' title="bbox 316 2140 1905 2214; baseline 0 -19"><span class='ocrx_word' id='word_1_260' title='bbox 316 2142 633 2214; x_wconf 90' lang='lat' dir='ltr'><strong>negligeret,</strong></span> <span class='ocrx_word' id='word_1_261' title='bbox 660 2141 751 2211; x_wconf 92' lang='lat' dir='ltr'><strong>qui</strong></span> <span class='ocrx_word' id='word_1_262' title='bbox 786 2140 1014 2212; x_wconf 88' lang='lat' dir='ltr'><strong>petierat</strong></span> <span class='ocrx_word' id='word_1_263' title='bbox 1042 2149 1100 2195; x_wconf 91' lang='lat' dir='ltr'><strong>ut</strong></span> <span class='ocrx_word' id='word_1_264' title='bbox 1122 2155 1247 2195; x_wconf 90' lang='lat' dir='ltr'><strong>enm</strong></span> <span class='ocrx_word' id='word_1_265' title='bbox 1284 2140 1646 2206; x_wconf 83' lang='lat' dir='ltr'><strong>conveniret,</strong></span> <span class='ocrx_word' id='word_1_266' title='bbox 1685 2140 1780 2196; x_wconf 90' lang='lat' dir='ltr'><strong>sed</strong></span> <span class='ocrx_word' id='word_1_267' title='bbox 1816 2141 1905 2210; x_wconf 86' lang='lat' dir='ltr'><strong>ju-</strong></span> 
     </span>
    </p>
   </div>
   <div class='ocr_carea' id='block_1_38' title="bbox 318 2231 1907 2303">
    <p class='ocr_par' dir='ltr' id='par_1_38' title="bbox 318 2231 1907 2303">
     <span class='ocr_line' id='line_1_38' title="bbox 318 2231 1907 2303; baseline -0.001 -14"><span class='ocrx_word' id='word_1_268' title='bbox 318 2236 494 2298; x_wconf 88' lang='lat' dir='ltr'><strong>beret,</strong></span> <span class='ocrx_word' id='word_1_269' title='bbox 525 2243 585 2290; x_wconf 92' lang='lat' dir='ltr'><strong>nt</strong></span> <span class='ocrx_word' id='word_1_270' title='bbox 614 2242 777 2289; x_wconf 89' lang='lat' dir='ltr'><strong>nocte</strong></span> <span class='ocrx_word' id='word_1_271' title='bbox 809 2231 1060 2303; x_wconf 84' lang='lat' dir='ltr'><strong>sequenti</strong></span> <span class='ocrx_word' id='word_1_272' title='bbox 1089 2232 1394 2287; x_wconf 86' lang='lat' dir='ltr'><strong>accederet.</strong></span> <span class='ocrx_word' id='word_1_273' title='bbox 1422 2232 1561 2287; x_wconf 90' lang='lat' dir='ltr'><strong>Dicit</strong></span> <span class='ocrx_word' id='word_1_274' title='bbox 1591 2233 1734 2287; x_wconf 89' lang='lat' dir='ltr'><strong>enim</strong></span> <span class='ocrx_word' id='word_1_275' title='bbox 1765 2233 1907 2288; x_wconf 84' lang='lat' dir='ltr'><strong>nihil</strong></span> 
     </span>
    </p>
   </div>
   <div class='ocr_carea' id='block_1_39' title="bbox 317 2323 1906 2397">
    <p class='ocr_par' dir='ltr' id='par_1_39' title="bbox 317 2323 1906 2397">
     <span class='ocr_line' id='line_1_39' title="bbox 317 2323 1906 2397; baseline 0 -16"><span class='ocrx_word' id='word_1_276' title='bbox 317 2325 425 2382; x_wconf 80' lang='lat' dir='ltr'><strong>tale</strong></span> <span class='ocrx_word' id='word_1_277' title='bbox 452 2326 686 2397; x_wconf 89' lang='lat' dir='ltr'><strong>amplius</strong></span> <span class='ocrx_word' id='word_1_278' title='bbox 714 2325 784 2381; x_wconf 92' lang='lat' dir='ltr'><strong>ab</strong></span> <span class='ocrx_word' id='word_1_279' title='bbox 814 2340 878 2381; x_wconf 90' lang='lat' dir='ltr'><strong>eo</strong></span> <span class='ocrx_word' id='word_1_280' title='bbox 909 2324 1086 2381; x_wconf 87' lang='lat' dir='ltr'><strong>visum</strong></span> <span class='ocrx_word' id='word_1_281' title='bbox 1120 2324 1208 2379; x_wconf 91' lang='lat' dir='ltr'><strong>iri.</strong></span> <span class='ocrx_word' id='word_1_282' title='bbox 1246 2323 1295 2378; x_wconf 91' lang='lat' dir='ltr'><strong>ls</strong></span> <span class='ocrx_word' id='word_1_283' title='bbox 1325 2332 1506 2379; x_wconf 88' lang='lat' dir='ltr'><strong>autem</strong></span> <span class='ocrx_word' id='word_1_284' title='bbox 1545 2334 1770 2380; x_wconf 83' lang='lat' dir='ltr'><strong>vocatus</strong></span> <span class='ocrx_word' id='word_1_285' title='bbox 1810 2341 1906 2381; x_wconf 90' lang='lat' dir='ltr'><strong>ac-</strong></span> 
     </span>
    </p>
   </div>
   <div class='ocr_carea' id='block_1_40' title="bbox 316 2416 1894 2491">
    <p class='ocr_par' dir='ltr' id='par_1_40' title="bbox 316 2416 1894 2491">
     <span class='ocr_line' id='line_1_40' title="bbox 316 2416 1894 2491; baseline 0.001 -19"><span class='ocrx_word' id='word_1_286' title='bbox 316 2419 515 2485; x_wconf 75' lang='lat' dir='ltr'><strong>cessit,</strong></span> <span class='ocrx_word' id='word_1_287' title='bbox 582 2427 641 2474; x_wconf 91' lang='lat' dir='ltr'><strong>et</strong></span> <span class='ocrx_word' id='word_1_288' title='bbox 681 2417 892 2491; x_wconf 79' lang='lat' dir='ltr'><strong>rogavit</strong></span> <span class='ocrx_word' id='word_1_289' title='bbox 941 2417 1009 2473; x_wconf 89' lang='lat' dir='ltr'><strong>de</strong></span> <span class='ocrx_word' id='word_1_290' title='bbox 1076 2416 1163 2483; x_wconf 89' lang='lat' dir='ltr'><strong>iis,</strong></span> <span class='ocrx_word' id='word_1_291' title='bbox 1216 2431 1338 2487; x_wconf 71' lang='lat' dir='ltr'><strong>quae</strong></span> <span class='ocrx_word' id='word_1_292' title='bbox 1378 2424 1537 2471; x_wconf 90' lang='lat' dir='ltr'><strong>erant</strong></span> <span class='ocrx_word' id='word_1_293' title='bbox 1593 2417 1894 2488; x_wconf 88' lang='lat' dir='ltr'><strong>pr0posita.</strong></span> 
     </span>
    </p>
   </div>
   <div class='ocr_carea' id='block_1_41' title="bbox 317 2506 1895 2578">
    <p class='ocr_par' dir='ltr' id='par_1_41' title="bbox 317 2506 1895 2578">
     <span class='ocr_line' id='line_1_41' title="bbox 317 2506 1895 2578; baseline 0.001 -16"><span class='ocrx_word' id='word_1_294' title='bbox 317 2509 524 2565; x_wconf 78' lang='lat' dir='ltr'><strong>Deinde</strong></span> <span class='ocrx_word' id='word_1_295' title='bbox 550 2508 790 2564; x_wconf 83' lang='lat' dir='ltr'><strong>Joannes</strong></span> <span class='ocrx_word' id='word_1_296' title='bbox 818 2507 955 2562; x_wconf 86' lang='lat' dir='ltr'><strong>nihil</strong></span> <span class='ocrx_word' id='word_1_297' title='bbox 981 2506 1240 2562; x_wconf 82' lang='lat' dir='ltr'><strong>dill&#39;erens</strong></span> <span class='ocrx_word' id='word_1_298' title='bbox 1272 2506 1572 2576; x_wconf 90' lang='lat' dir='ltr'><strong>(quomodo</strong></span> <span class='ocrx_word' id='word_1_299' title='bbox 1598 2506 1767 2572; x_wconf 86' lang='lat' dir='ltr'><strong>enim,</strong></span> <span class='ocrx_word' id='word_1_300' title='bbox 1799 2509 1895 2578; x_wconf 90' lang='lat' dir='ltr'><strong>qui</strong></span> 
     </span>
    </p>
   </div>
   <div class='ocr_carea' id='block_1_42' title="bbox 317 2598 1897 2672">
    <p class='ocr_par' dir='ltr' id='par_1_42' title="bbox 317 2598 1897 2672">
     <span class='ocr_line' id='line_1_42' title="bbox 317 2598 1897 2672; baseline 0 -16"><span class='ocrx_word' id='word_1_301' title='bbox 317 2603 372 2657; x_wconf 92' lang='lat' dir='ltr'><strong>in</strong></span> <span class='ocrx_word' id='word_1_302' title='bbox 402 2601 599 2658; x_wconf 87' lang='lat' dir='ltr'><strong>talibus</strong></span> <span class='ocrx_word' id='word_1_303' title='bbox 629 2610 745 2656; x_wconf 91' lang='lat' dir='ltr'><strong>erat</strong></span> <span class='ocrx_word' id='word_1_304' title='bbox 772 2601 880 2672; x_wconf 89' lang='lat' dir='ltr'><strong>igni</strong></span> <span class='ocrx_word' id='word_1_305' title='bbox 909 2600 1104 2655; x_wconf 89' lang='lat' dir='ltr'><strong>ardore</strong></span> <span class='ocrx_word' id='word_1_306' title='bbox 1136 2599 1330 2654; x_wconf 91' lang='lat' dir='ltr'><strong>similis</strong></span> <span class='ocrx_word' id='word_1_307' title='bbox 1346 2598 1389 2663; x_wconf 68' lang='grc' dir='ltr'><strong>ἲ)</strong></span> <span class='ocrx_word' id='word_1_308' title='bbox 1438 2599 1752 2670; x_wconf 82' lang='lat' dir='ltr'><strong>imperatori</strong></span> <span class='ocrx_word' id='word_1_309' title='bbox 1779 2602 1897 2671; x_wconf 88' lang='lat' dir='ltr'><strong>qui-</strong></span> 
     </span>
    </p>
   </div>
   <div class='ocr_carea' id='block_1_43' title="bbox 316 2692 1895 2766">
    <p class='ocr_par' dir='ltr' id='par_1_43' title="bbox 316 2692 1895 2766">
     <span class='ocr_line' id='line_1_43' title="bbox 316 2692 1895 2766; baseline 0.001 -17"><span class='ocrx_word' id='word_1_310' title='bbox 316 2696 442 2750; x_wconf 85' lang='lat' dir='ltr'><strong>dem</strong></span> <span class='ocrx_word' id='word_1_311' title='bbox 474 2696 541 2751; x_wconf 87' lang='lat' dir='ltr'><strong>de</strong></span> <span class='ocrx_word' id='word_1_312' title='bbox 570 2711 637 2751; x_wconf 86' lang='lat' dir='ltr'><strong>eo</strong></span> <span class='ocrx_word' id='word_1_313' title='bbox 666 2695 936 2766; x_wconf 83' lang='lat' dir='ltr'><strong>signiﬁcat</strong></span> <span class='ocrx_word' id='word_1_314' title='bbox 962 2710 979 2748; x_wconf 75' lang='lat'><strong>.&#39;</strong></span> <span class='ocrx_word' id='word_1_315' title='bbox 1007 2701 1063 2747; x_wconf 93' lang='lat' dir='ltr'><strong>et</strong></span> <span class='ocrx_word' id='word_1_316' title='bbox 1093 2693 1183 2748; x_wconf 90' lang='lat' dir='ltr'><strong>ille</strong></span> <span class='ocrx_word' id='word_1_317' title='bbox 1209 2692 1428 2763; x_wconf 87' lang='lat' dir='ltr'><strong>quidem</strong></span> <span class='ocrx_word' id='word_1_318' title='bbox 1477 2695 1660 2748; x_wconf 89' lang='lat' dir='ltr'><strong>statim</strong></span> <span class='ocrx_word' id='word_1_319' title='bbox 1684 2696 1850 2751; x_wconf 85' lang='lat' dir='ltr'><strong>cessit</strong></span> <span class='ocrx_word' id='word_1_320' title='bbox 1879 2712 1895 2751; x_wconf 91' lang='lat'><strong>:</strong></span> 
     </span>
    </p>
   </div>
   <div class='ocr_carea' id='block_1_44' title="bbox 2002 2043 3592 2123">
    <p class='ocr_par' dir='ltr' id='par_1_44' title="bbox 2002 2043 3592 2123">
     <span class='ocr_line' id='line_1_44' title="bbox 2002 2043 3592 2123; baseline -0.005 -18"><span class='ocrx_word' id='word_1_321' title='bbox 2002 2052 2215 2123; x_wconf 84' lang='grc' dir='ltr'>βασιλεῖ</span> <span class='ocrx_word' id='word_1_322' title='bbox 2261 2051 2529 2123; x_wconf 77' lang='grc' dir='ltr'>γνωρίσαι</span> <span class='ocrx_word' id='word_1_323' title='bbox 2575 2051 2703 2121; x_wconf 71' lang='grc' dir='ltr'>περὶ</span> <span class='ocrx_word' id='word_1_324' title='bbox 2750 2048 2917 2105; x_wconf 72' lang='grc' dir='ltr'>αὐτοῦ</span> <span class='ocrx_word' id='word_1_325' title='bbox 2949 2064 2962 2078; x_wconf 79' lang='grc'><strong><em>⁸</em></strong></span> <span class='ocrx_word' id='word_1_326' title='bbox 3010 2048 3107 2101; x_wconf 71' lang='grc' dir='ltr'>καὶ</span> <span class='ocrx_word' id='word_1_327' title='bbox 3144 2046 3240 2099; x_wconf 77' lang='grc' dir='ltr'>τὸν</span> <span class='ocrx_word' id='word_1_328' title='bbox 3281 2046 3380 2117; x_wconf 74' lang='grc' dir='ltr'>μὲν</span> <span class='ocrx_word' id='word_1_329' title='bbox 3422 2043 3592 2109; x_wconf 69' lang='grc' dir='ltr'>εὐθὺς</span> 
     </span>
    </p>
   </div>
   <div class='ocr_carea' id='block_1_45' title="bbox 2000 2135 3591 2212">
    <p class='ocr_par' dir='ltr' id='par_1_45' title="bbox 2000 2135 3591 2212">
     <span class='ocr_line' id='line_1_45' title="bbox 2000 2135 3591 2212; baseline -0.005 -16"><span class='ocrx_word' id='word_1_330' title='bbox 2000 2139 2162 2208; x_wconf 77' lang='grc' dir='ltr'>εἶξαι,</span> <span class='ocrx_word' id='word_1_331' title='bbox 2200 2142 2289 2196; x_wconf 66' lang='grc' dir='ltr'><strong>τὸν</strong></span> <span class='ocrx_word' id='word_1_332' title='bbox 2323 2141 2379 2195; x_wconf 80' lang='grc' dir='ltr'>δὲ</span> <span class='ocrx_word' id='word_1_333' title='bbox 2414 2139 2814 2212; x_wconf 78' lang='grc' dir='ltr'>ἀνακληθῆναι,</span> <span class='ocrx_word' id='word_1_334' title='bbox 2855 2141 2949 2193; x_wconf 71' lang='grc' dir='ltr'>καὶ</span> <span class='ocrx_word' id='word_1_335' title='bbox 2978 2138 3079 2209; x_wconf 76' lang='grc' dir='ltr'>τῆς</span> <span class='ocrx_word' id='word_1_336' title='bbox 3124 2139 3396 2208; x_wconf 81' lang='grc' dir='ltr'>προτέρας</span> <span class='ocrx_word' id='word_1_337' title='bbox 3426 2135 3591 2199; x_wconf 75' lang='grc' dir='ltr'>αὖθις</span> 
     </span>
    </p>
   </div>
   <div class='ocr_carea' id='block_1_46' title="bbox 2001 2228 3592 2307">
    <p class='ocr_par' dir='ltr' id='par_1_46' title="bbox 2001 2228 3592 2307">
     <span class='ocr_line' id='line_1_46' title="bbox 2001 2228 3592 2307; baseline -0.001 -18"><span class='ocrx_word' id='word_1_338' title='bbox 2001 2228 2301 2307; x_wconf 74' lang='grc' dir='ltr'>ἀξιωθῆναι</span> <span class='ocrx_word' id='word_1_339' title='bbox 2332 2236 2519 2307; x_wconf 77' lang='grc' dir='ltr'>τιμῆς.</span> <span class='ocrx_word' id='word_1_340' title='bbox 2557 2237 2613 2290; x_wconf 91' lang='grc' dir='ltr'>Ὀ</span> <span class='ocrx_word' id='word_1_341' title='bbox 2649 2233 2832 2305; x_wconf 84' lang='grc' dir='ltr'>μέντοι</span> <span class='ocrx_word' id='word_1_342' title='bbox 2856 2233 3093 2306; x_wconf 75' lang='grc' dir='ltr'>χρυσοῦς</span> <span class='ocrx_word' id='word_1_343' title='bbox 3129 2233 3382 2303; x_wconf 78' lang='grc' dir='ltr'>Ἰωάννης</span> <span class='ocrx_word' id='word_1_344' title='bbox 3403 2231 3592 2302; x_wconf 80' lang='grc' dir='ltr'>ὁρμῆς</span> 
     </span>
    </p>
   </div>
   <div class='ocr_carea' id='block_1_47' title="bbox 1998 2323 3593 2400">
    <p class='ocr_par' dir='ltr' id='par_1_47' title="bbox 1998 2323 3593 2400">
     <span class='ocr_line' id='line_1_47' title="bbox 1998 2323 3593 2400; baseline -0.005 -17"><span class='ocrx_word' id='word_1_345' title='bbox 1998 2346 2057 2383; x_wconf 83' lang='grc' dir='ltr'><strong>τε</strong></span> <span class='ocrx_word' id='word_1_346' title='bbox 2082 2329 2179 2383; x_wconf 75' lang='grc' dir='ltr'>καὶ</span> <span class='ocrx_word' id='word_1_347' title='bbox 2206 2326 2517 2400; x_wconf 78' lang='grc' dir='ltr'>προθυμίας</span> <span class='ocrx_word' id='word_1_348' title='bbox 2544 2327 2607 2380; x_wconf 83' lang='grc' dir='ltr'>ὲκ</span> <span class='ocrx_word' id='word_1_349' title='bbox 2632 2326 2726 2381; x_wconf 85' lang='grc' dir='ltr'><strong>τοῦ</strong></span> <span class='ocrx_word' id='word_1_350' title='bbox 2770 2327 2962 2399; x_wconf 83' lang='grc' dir='ltr'>μαθεῖν</span> <span class='ocrx_word' id='word_1_351' title='bbox 2993 2326 3125 2397; x_wconf 68' lang='grc' dir='ltr'>περὶ</span> <span class='ocrx_word' id='word_1_352' title='bbox 3167 2324 3266 2396; x_wconf 78' lang='grc' dir='ltr'><strong>τῆς</strong></span> <span class='ocrx_word' id='word_1_353' title='bbox 3306 2323 3593 2394; x_wconf 79' lang='grc' dir='ltr'>θειοτέρας</span> 
     </span>
    </p>
   </div>
   <div class='ocr_carea' id='block_1_48' title="bbox 2000 2417 3594 2497">
    <p class='ocr_par' dir='ltr' id='par_1_48' title="bbox 2000 2417 3594 2497">
     <span class='ocr_line' id='line_1_48' title="bbox 2000 2417 3594 2497; baseline -0.003 -19"><span class='ocrx_word' id='word_1_354' title='bbox 2000 2425 2215 2497; x_wconf 64' lang='grc' dir='ltr'>ἐκείνης</span> <span class='ocrx_word' id='word_1_355' title='bbox 2242 2424 2421 2494; x_wconf 66' lang='grc' dir='ltr'>ὅψεως</span> <span class='ocrx_word' id='word_1_356' title='bbox 2454 2422 2848 2495; x_wconf 72' lang='grc' dir='ltr'>ὑποπλησθεὶς,</span> <span class='ocrx_word' id='word_1_357' title='bbox 2889 2423 2980 2477; x_wconf 77' lang='grc' dir='ltr'>καὶ</span> <span class='ocrx_word' id='word_1_358' title='bbox 3018 2417 3105 2476; x_wconf 75' lang='grc' dir='ltr'><strong>οἷα</strong></span> <span class='ocrx_word' id='word_1_359' title='bbox 3127 2422 3192 2493; x_wconf 81' lang='grc' dir='ltr'>δὴ</span> <span class='ocrx_word' id='word_1_360' title='bbox 3228 2420 3478 2493; x_wconf 82' lang='grc' dir='ltr'>μαθητὴς</span> <span class='ocrx_word' id='word_1_361' title='bbox 3506 2418 3594 2491; x_wconf 76' lang='grc' dir='ltr'><strong>τῷ</strong></span> 
     </span>
    </p>
   </div>
   <div class='ocr_carea' id='block_1_49' title="bbox 2001 2515 3590 2589">
    <p class='ocr_par' dir='ltr' id='par_1_49' title="bbox 2001 2515 3590 2589">
     <span class='ocr_line' id='line_1_49' title="bbox 2001 2515 3590 2589; baseline -0.003 -19"><span class='ocrx_word' id='word_1_362' title='bbox 2001 2516 2304 2587; x_wconf 82' lang='grc' dir='ltr'>διδασκάλῳ</span> <span class='ocrx_word' id='word_1_363' title='bbox 2334 2516 2737 2589; x_wconf 76' lang='grc' dir='ltr'>ἐπιθαρῤήσας,</span> <span class='ocrx_word' id='word_1_364' title='bbox 2776 2516 2845 2570; x_wconf 73' lang='grc' dir='ltr'><strong>τα</strong></span> <span class='ocrx_word' id='word_1_365' title='bbox 2884 2515 3200 2569; x_wconf 75' lang='grc' dir='ltr'>ἐλλείποντα</span> <span class='ocrx_word' id='word_1_366' title='bbox 3222 2515 3329 2568; x_wconf 85' lang='grc' dir='ltr'>τῶν</span> <span class='ocrx_word' id='word_1_367' title='bbox 3363 2515 3590 2567; x_wconf 80' lang='grc' dir='ltr'>ἐπιστο-</span> 
     </span>
    </p>
   </div>
   <div class='ocr_carea' id='block_1_50' title="bbox 2002 2603 3596 2680">
    <p class='ocr_par' dir='ltr' id='par_1_50' title="bbox 2002 2603 3596 2680">
     <span class='ocr_line' id='line_1_50' title="bbox 2002 2603 3596 2680; baseline -0.002 -18"><span class='ocrx_word' id='word_1_368' title='bbox 2002 2608 2111 2662; x_wconf 87' lang='grc' dir='ltr'>λῶν</span> <span class='ocrx_word' id='word_1_369' title='bbox 2160 2611 2241 2673; x_wconf 85' lang='grc' dir='ltr'><strong>εἰς</strong></span> <span class='ocrx_word' id='word_1_370' title='bbox 2289 2610 2463 2680; x_wconf 82' lang='grc' dir='ltr'>πέρας</span> <span class='ocrx_word' id='word_1_371' title='bbox 2510 2606 2752 2678; x_wconf 78' lang='grc' dir='ltr'>ἐνεγκὼν</span> <span class='ocrx_word' id='word_1_372' title='bbox 2808 2608 2902 2662; x_wconf 68' lang='grc' dir='ltr'><strong>καὶ</strong></span> <span class='ocrx_word' id='word_1_373' title='bbox 2934 2608 3307 2677; x_wconf 71' lang='grc' dir='ltr'>διασαφήσας,</span> <span class='ocrx_word' id='word_1_374' title='bbox 3354 2603 3596 2659; x_wconf 82' lang='grc' dir='ltr'>πλοῦτον</span> 
     </span>
    </p>
   </div>
   <div class='ocr_carea' id='block_1_51' title="bbox 2004 2698 3439 2781">
    <p class='ocr_par' dir='ltr' id='par_1_51' title="bbox 2004 2698 3439 2773">
     <span class='ocr_line' id='line_1_51' title="bbox 2004 2698 3439 2773; baseline -0.001 -18"><span class='ocrx_word' id='word_1_375' title='bbox 2004 2702 2258 2770; x_wconf 86' lang='grc' dir='ltr'>δωρεῖται</span> <span class='ocrx_word' id='word_1_376' title='bbox 2287 2703 2354 2772; x_wconf 78' lang='grc' dir='ltr'>τῇ</span> <span class='ocrx_word' id='word_1_377' title='bbox 2400 2701 2701 2771; x_wconf 72' lang='grc' dir='ltr'>Ἐκκλησία</span> <span class='ocrx_word' id='word_1_378' title='bbox 2729 2700 2997 2773; x_wconf 73' lang='grc' dir='ltr'>μηδέποτε</span> <span class='ocrx_word' id='word_1_379' title='bbox 3024 2698 3439 2770; x_wconf 74' lang='grc' dir='ltr'>δαπανώμενον.</span> 
     </span>
    </p>
   </div>
   <div class='ocr_carea' id='block_1_52' title="bbox 319 2783 3593 2868">
    <p class='ocr_par' dir='ltr' id='par_1_52' title="bbox 319 2783 3593 2868">
     <span class='ocr_line' id='line_1_52' title="bbox 319 2783 3593 2868; baseline 0.001 -21"><span class='ocrx_word' id='word_1_380' title='bbox 319 2794 409 2848; x_wconf 81' lang='lat' dir='ltr'><strong>hic</strong></span> <span class='ocrx_word' id='word_1_381' title='bbox 443 2783 633 2849; x_wconf 79' lang='lat' dir='ltr'><strong>autem</strong></span> <span class='ocrx_word' id='word_1_382' title='bbox 667 2790 771 2846; x_wconf 80' lang='lat' dir='ltr'><strong>luit</strong></span> <span class='ocrx_word' id='word_1_383' title='bbox 794 2799 1106 2857; x_wconf 85' lang='lat' dir='ltr'><strong>revocatus,</strong></span> <span class='ocrx_word' id='word_1_384' title='bbox 1138 2799 1194 2844; x_wconf 90' lang='lat' dir='ltr'><strong>et</strong></span> <span class='ocrx_word' id='word_1_385' title='bbox 1222 2790 1466 2860; x_wconf 87' lang='lat' dir='ltr'><strong>priorem</strong></span> <span class='ocrx_word' id='word_1_386' title='bbox 1494 2790 1759 2846; x_wconf 88' lang='lat' dir='ltr'><strong>honorem</strong></span> <span class='ocrx_word' id='word_1_387' title='bbox 1820 2810 2014 2852; x_wconf 87' lang='lat' dir='ltr'><strong>rursus</strong></span> <span class='ocrx_word' id='word_1_388' title='bbox 2072 2796 2176 2853; x_wconf 76' lang='lat' dir='ltr'><strong>fuit</strong></span> <span class='ocrx_word' id='word_1_389' title='bbox 2227 2807 2536 2854; x_wconf 89' lang='lat' dir='ltr'><strong>assecutus.</strong></span> <span class='ocrx_word' id='word_1_390' title='bbox 2596 2799 2812 2854; x_wconf 80' lang='lat' dir='ltr'><strong>Aureus</strong></span> <span class='ocrx_word' id='word_1_391' title='bbox 2875 2814 3005 2853; x_wconf 87' lang='lat' dir='ltr'><strong>vero</strong></span> <span class='ocrx_word' id='word_1_392' title='bbox 3041 2797 3283 2852; x_wconf 88' lang='lat' dir='ltr'><strong>Joannes</strong></span> <span class='ocrx_word' id='word_1_393' title='bbox 3329 2804 3593 2868; x_wconf 85' lang='lat' dir='ltr'><strong>prompto</strong></span> 
     </span>
    </p>
   </div>
   <div class='ocr_carea' id='block_1_53' title="bbox 228 2879 3593 2958">
    <p class='ocr_par' dir='ltr' id='par_1_53' title="bbox 228 2879 3593 2958">
     <span class='ocr_line' id='line_1_53' title="bbox 228 2879 3593 2958; baseline 0.003 -25"><span class='ocrx_word' id='word_1_394' title='bbox 228 2920 241 2933; x_wconf 85' lang='grc'><strong><em>,</em></strong></span> <span class='ocrx_word' id='word_1_395' title='bbox 315 2892 372 2937; x_wconf 88' lang='lat' dir='ltr'><strong>et</strong></span> <span class='ocrx_word' id='word_1_396' title='bbox 400 2882 567 2938; x_wconf 90' lang='lat' dir='ltr'><strong>alacri</strong></span> <span class='ocrx_word' id='word_1_397' title='bbox 604 2881 789 2936; x_wconf 91' lang='lat' dir='ltr'><strong>animo</strong></span> <span class='ocrx_word' id='word_1_398' title='bbox 830 2881 1070 2951; x_wconf 89' lang='lat' dir='ltr'><strong>repletus</strong></span> <span class='ocrx_word' id='word_1_399' title='bbox 1099 2894 1277 2945; x_wconf 79' lang='lat' dir='ltr'><strong>exeo,</strong></span> <span class='ocrx_word' id='word_1_400' title='bbox 1310 2880 1455 2951; x_wconf 90' lang='lat' dir='ltr'><strong>quod</strong></span> <span class='ocrx_word' id='word_1_401' title='bbox 1479 2880 1624 2935; x_wconf 87' lang='lat' dir='ltr'><strong>illam</strong></span> <span class='ocrx_word' id='word_1_402' title='bbox 1654 2879 1894 2939; x_wconf 78' lang='lat' dir='ltr'><strong>divinam</strong></span> <span class='ocrx_word' id='word_1_403' title='bbox 1934 2888 2238 2958; x_wconf 90' lang='lat' dir='ltr'><strong>accepisset</strong></span> <span class='ocrx_word' id='word_1_404' title='bbox 2297 2887 2590 2952; x_wconf 88' lang='lat' dir='ltr'><strong>visionem,</strong></span> <span class='ocrx_word' id='word_1_405' title='bbox 2658 2897 2713 2943; x_wconf 92' lang='lat' dir='ltr'><strong>et</strong></span> <span class='ocrx_word' id='word_1_406' title='bbox 2759 2898 3017 2958; x_wconf 88' lang='lat' dir='ltr'><strong>tanquam</strong></span> <span class='ocrx_word' id='word_1_407' title='bbox 3048 2887 3347 2958; x_wconf 85' lang='lat' dir='ltr'><strong>discipulus</strong></span> <span class='ocrx_word' id='word_1_408' title='bbox 3371 2887 3424 2942; x_wconf 92' lang='lat' dir='ltr'><strong>in</strong></span> <span class='ocrx_word' id='word_1_409' title='bbox 3465 2903 3593 2943; x_wconf 74' lang='lat' dir='ltr'><strong>ma-</strong></span> 
     </span>
    </p>
   </div>
   <div class='ocr_carea' id='block_1_54' title="bbox 314 2975 3599 3055">
    <p class='ocr_par' dir='ltr' id='par_1_54' title="bbox 314 2975 3599 3055">
     <span class='ocr_line' id='line_1_54' title="bbox 314 2975 3599 3055; baseline 0.001 -22"><span class='ocrx_word' id='word_1_410' title='bbox 314 2979 482 3050; x_wconf 73' lang='lat' dir='ltr'><strong>gistro</strong></span> <span class='ocrx_word' id='word_1_411' title='bbox 512 2978 739 3032; x_wconf 84' lang='lat' dir='ltr'><strong>haberet</strong></span> <span class='ocrx_word' id='word_1_412' title='bbox 770 2976 1047 3037; x_wconf 82' lang='lat' dir='ltr'><strong>ﬁduciam,</strong></span> <span class='ocrx_word' id='word_1_413' title='bbox 1089 2990 1212 3030; x_wconf 92' lang='lat' dir='ltr'><strong>cum</strong></span> <span class='ocrx_word' id='word_1_414' title='bbox 1245 2991 1365 3045; x_wconf 67' lang='lat' dir='ltr'><strong>qua:</strong></span> <span class='ocrx_word' id='word_1_415' title='bbox 1396 2975 1679 3031; x_wconf 87' lang='lat' dir='ltr'><strong>restabant</strong></span> <span class='ocrx_word' id='word_1_416' title='bbox 1708 2992 1990 3037; x_wconf 89' lang='lat' dir='ltr'><strong>sacrarum</strong></span> <span class='ocrx_word' id='word_1_417' title='bbox 2035 2983 2180 3039; x_wconf 86' lang='lat' dir='ltr'><strong>illius</strong></span> <span class='ocrx_word' id='word_1_418' title='bbox 2212 2983 2603 3055; x_wconf 85' lang='lat' dir='ltr'><strong>Epistolarum,</strong></span> <span class='ocrx_word' id='word_1_419' title='bbox 2632 2983 2701 3039; x_wconf 90' lang='lat' dir='ltr'><strong>ad</strong></span> <span class='ocrx_word' id='word_1_420' title='bbox 2763 2982 2929 3039; x_wconf 83' lang='lat' dir='ltr'><strong>linem</strong></span> <span class='ocrx_word' id='word_1_421' title='bbox 2992 2982 3312 3038; x_wconf 77' lang='lat' dir='ltr'><strong>deduxisset</strong></span> <span class='ocrx_word' id='word_1_422' title='bbox 3372 2992 3425 3038; x_wconf 91' lang='lat' dir='ltr'><strong>et</strong></span> <span class='ocrx_word' id='word_1_423' title='bbox 3485 2997 3599 3049; x_wconf 43' lang='lat' dir='ltr'><strong>ex:</strong></span> 
     </span>
    </p>
   </div>
   <div class='ocr_carea' id='block_1_55' title="bbox 318 3065 2183 3142">
    <p class='ocr_par' dir='ltr' id='par_1_55' title="bbox 318 3065 2183 3142">
     <span class='ocr_line' id='line_1_55' title="bbox 318 3065 2183 3142; baseline 0.002 -18"><span class='ocrx_word' id='word_1_424' title='bbox 318 3070 598 3142; x_wconf 88' lang='lat' dir='ltr'><strong>plicasset,</strong></span> <span class='ocrx_word' id='word_1_425' title='bbox 630 3067 722 3123; x_wconf 82' lang='lat' dir='ltr'><strong>dat</strong></span> <span class='ocrx_word' id='word_1_426' title='bbox 754 3066 1013 3122; x_wconf 72' lang='lat' dir='ltr'><strong>Ecclesia:</strong></span> <span class='ocrx_word' id='word_1_427' title='bbox 1050 3065 1290 3133; x_wconf 84' lang='lat' dir='ltr'><strong>divitias,</strong></span> <span class='ocrx_word' id='word_1_428' title='bbox 1315 3083 1437 3137; x_wconf 73' lang='lat' dir='ltr'><strong>qua:</strong></span> <span class='ocrx_word' id='word_1_429' title='bbox 1473 3082 1753 3137; x_wconf 91' lang='lat' dir='ltr'><strong>nunquam</strong></span> <span class='ocrx_word' id='word_1_430' title='bbox 1780 3084 2183 3142; x_wconf 77' lang='lat' dir='ltr'><strong>consumuntur</strong></span> 
     </span>
    </p>
   </div>
   <div class='ocr_carea' id='block_1_56' title="bbox 2159 3113 2204 3192">
    <p class='ocr_par' dir='ltr' id='par_1_56' title="bbox 2159 3113 2204 3192">
     <span class='ocr_line' id='line_1_56' title="bbox 2159 3113 2204 3192; baseline 0 0"><span class='ocrx_word' id='word_1_431' title='bbox 2159 3113 2204 3192; x_wconf 52' lang='grc' dir='ltr'><em>ἤ</em></span> 
     </span>
    </p>
   </div>
   <div class='ocr_carea' id='block_1_57' title="bbox 388 3162 1901 3246">
    <p class='ocr_par' dir='ltr' id='par_1_57' title="bbox 388 3162 1897 3246">
     <span class='ocr_line' id='line_1_57' title="bbox 388 3162 1897 3246; baseline 0.003 -28"><span class='ocrx_word' id='word_1_432' title='bbox 388 3162 583 3218; x_wconf 75' lang='lat' dir='ltr'><strong>XXIV.</strong></span> <span class='ocrx_word' id='word_1_433' title='bbox 618 3163 746 3218; x_wconf 62' lang='lat' dir='ltr'><strong>liene</strong></span> <span class='ocrx_word' id='word_1_434' title='bbox 766 3178 895 3235; x_wconf 87' lang='lat' dir='ltr'><strong>ergo</strong></span> <span class='ocrx_word' id='word_1_435' title='bbox 922 3162 1151 3234; x_wconf 74' lang='lat' dir='ltr'><strong>insignis</strong></span> <span class='ocrx_word' id='word_1_436' title='bbox 1180 3171 1235 3218; x_wconf 85' lang='lat' dir='ltr'><strong>et</strong></span> <span class='ocrx_word' id='word_1_437' title='bbox 1256 3163 1402 3219; x_wconf 86' lang='lat' dir='ltr'><strong>clara</strong></span> <span class='ocrx_word' id='word_1_438' title='bbox 1427 3164 1583 3220; x_wconf 88' lang='lat' dir='ltr'><strong>stella</strong></span> <span class='ocrx_word' id='word_1_439' title='bbox 1615 3165 1897 3246; x_wconf 65' lang='lat' dir='ltr'><strong>Ecclesiae,</strong></span> 
     </span>
    </p>
   </div>
   <div class='ocr_carea' id='block_1_58' title="bbox 2008 3162 3587 3246">
    <p class='ocr_par' dir='ltr' id='par_1_58' title="bbox 2084 3162 3587 3246">
     <span class='ocr_line' id='line_1_58' title="bbox 2084 3162 3587 3246; baseline -0.003 -18"><span class='ocrx_word' id='word_1_440' title='bbox 2084 3162 2212 3229; x_wconf 60' lang='grc' dir='ltr'><strong>ΚΔἺ.</strong></span> <span class='ocrx_word' id='word_1_441' title='bbox 2244 3164 2411 3237; x_wconf 71' lang='grc' dir='ltr'>Οὗτος</span> <span class='ocrx_word' id='word_1_442' title='bbox 2436 3171 3089 3246; x_wconf 76' lang='grc' dir='ltr'>τοιγαροῦνόπεριφανὴς</span> <span class='ocrx_word' id='word_1_443' title='bbox 3122 3170 3221 3241; x_wconf 83' lang='grc' dir='ltr'>τῆς</span> <span class='ocrx_word' id='word_1_444' title='bbox 3252 3169 3587 3241; x_wconf 83' lang='grc' dir='ltr'>Ἐκκλησίας</span> 
     </span>
    </p>
   </div>
   <div class='ocr_carea' id='block_1_59' title="bbox 316 3245 1901 3350">
    <p class='ocr_par' dir='ltr' id='par_1_59' title="bbox 316 3245 1900 3328">
     <span class='ocr_line' id='line_1_59' title="bbox 316 3245 1900 3328; baseline 0.001 -17"><span class='ocrx_word' id='word_1_445' title='bbox 316 3267 371 3311; x_wconf 89' lang='lat' dir='ltr'><strong>et</strong></span> <span class='ocrx_word' id='word_1_446' title='bbox 392 3256 585 3311; x_wconf 89' lang='lat' dir='ltr'><strong>doctor</strong></span> <span class='ocrx_word' id='word_1_447' title='bbox 614 3264 925 3319; x_wconf 90' lang='lat' dir='ltr'><strong>accuratus,</strong></span> <span class='ocrx_word' id='word_1_448' title='bbox 960 3255 1177 3310; x_wconf 85' lang='lat' dir='ltr'><strong>virtutis</strong></span> <span class='ocrx_word' id='word_1_449' title='bbox 1212 3269 1479 3312; x_wconf 77' lang='lat' dir='ltr'><strong>accensus</strong></span> <span class='ocrx_word' id='word_1_450' title='bbox 1503 3245 1750 3328; x_wconf 69' lang='lat' dir='ltr'><strong>zelo&#39;pro</strong></span> <span class='ocrx_word' id='word_1_451' title='bbox 1777 3256 1900 3328; x_wconf 68' lang='lat' dir='ltr'><strong>,Ec-</strong></span> 
     </span>
    </p>
   </div>
   <div class='ocr_carea' id='block_1_60' title="bbox 2008 3245 3592 3350">
    <p class='ocr_par' dir='ltr' id='par_1_60' title="bbox 2008 3245 3592 3335">
     <span class='ocr_line' id='line_1_60' title="bbox 2008 3245 3592 3335; baseline -0.003 -19"><span class='ocrx_word' id='word_1_452' title='bbox 2008 3263 2203 3335; x_wconf 81' lang='grc' dir='ltr'>άστὴρ,</span> <span class='ocrx_word' id='word_1_453' title='bbox 2237 3263 2332 3317; x_wconf 76' lang='grc' dir='ltr'>καὶ</span> <span class='ocrx_word' id='word_1_454' title='bbox 2379 3264 2479 3335; x_wconf 83' lang='grc' dir='ltr'>τῆς</span> <span class='ocrx_word' id='word_1_455' title='bbox 2521 3245 2722 3335; x_wconf 80' lang='grc' dir='ltr'>ἀρετῆς</span> <span class='ocrx_word' id='word_1_456' title='bbox 2775 3261 3096 3323; x_wconf 87' lang='grc' dir='ltr'>διδάσκαλος</span> <span class='ocrx_word' id='word_1_457' title='bbox 3125 3260 3393 3333; x_wconf 75' lang='grc' dir='ltr'>ἀκριϐὴς,</span> <span class='ocrx_word' id='word_1_458' title='bbox 3434 3259 3592 3332; x_wconf 74' lang='grc' dir='ltr'><strong>ζήλῳ</strong></span> 
     </span>
    </p>
   </div>
   <div class='ocr_carea' id='block_1_61' title="bbox 317 3348 1897 3422">
    <p class='ocr_par' dir='ltr' id='par_1_61' title="bbox 317 3348 1897 3422">
     <span class='ocr_line' id='line_1_61' title="bbox 317 3348 1897 3422; baseline 0.002 -18"><span class='ocrx_word' id='word_1_459' title='bbox 317 3348 509 3413; x_wconf 79' lang='lat' dir='ltr'><strong>clesia,</strong></span> <span class='ocrx_word' id='word_1_460' title='bbox 528 3357 583 3403; x_wconf 90' lang='lat' dir='ltr'><strong>et</strong></span> <span class='ocrx_word' id='word_1_461' title='bbox 608 3362 841 3418; x_wconf 89' lang='lat' dir='ltr'><strong>arguens</strong></span> <span class='ocrx_word' id='word_1_462' title='bbox 859 3348 1192 3414; x_wconf 86' lang='lat' dir='ltr'><strong>sacerdotes,</strong></span> <span class='ocrx_word' id='word_1_463' title='bbox 1216 3348 1308 3419; x_wconf 91' lang='lat' dir='ltr'><strong>qui</strong></span> <span class='ocrx_word' id='word_1_464' title='bbox 1331 3348 1516 3419; x_wconf 91' lang='lat' dir='ltr'><strong>inique</strong></span> <span class='ocrx_word' id='word_1_465' title='bbox 1535 3365 1590 3404; x_wconf 90' lang='lat' dir='ltr'><strong>se</strong></span> <span class='ocrx_word' id='word_1_466' title='bbox 1608 3350 1897 3422; x_wconf 88' lang='lat' dir='ltr'><strong>gerebant:</strong></span> 
     </span>
    </p>
   </div>
   <div class='ocr_carea' id='block_1_62' title="bbox 314 3439 1899 3512">
    <p class='ocr_par' dir='ltr' id='par_1_62' title="bbox 314 3439 1899 3512">
     <span class='ocr_line' id='line_1_62' title="bbox 314 3439 1899 3512; baseline 0 -15"><span class='ocrx_word' id='word_1_467' title='bbox 314 3442 410 3512; x_wconf 84' lang='lat' dir='ltr'><strong>qui</strong></span> <span class='ocrx_word' id='word_1_468' title='bbox 443 3440 607 3496; x_wconf 92' lang='lat' dir='ltr'><strong>etiam</strong></span> <span class='ocrx_word' id='word_1_469' title='bbox 637 3456 750 3506; x_wconf 91' lang='lat' dir='ltr'><strong>eos,</strong></span> <span class='ocrx_word' id='word_1_470' title='bbox 781 3440 874 3510; x_wconf 91' lang='lat' dir='ltr'><strong>qui</strong></span> <span class='ocrx_word' id='word_1_471' title='bbox 925 3452 1032 3493; x_wconf 85' lang='lat' dir='ltr'><strong>neu</strong></span> <span class='ocrx_word' id='word_1_472' title='bbox 1081 3439 1444 3497; x_wconf 88' lang='lat' dir='ltr'><strong>admittebant</strong></span> <span class='ocrx_word' id='word_1_473' title='bbox 1481 3442 1899 3507; x_wconf 89' lang='lat' dir='ltr'><strong>correctionem,</strong></span> 
     </span>
    </p>
   </div>
   <div class='ocr_carea' id='block_1_63' title="bbox 315 3531 1900 3595">
    <p class='ocr_par' dir='ltr' id='par_1_63' title="bbox 315 3531 1900 3595">
     <span class='ocr_line' id='line_1_63' title="bbox 315 3531 1900 3595; baseline 0.003 -8"><span class='ocrx_word' id='word_1_474' title='bbox 315 3550 345 3587; x_wconf 90' lang='lat' dir='ltr'><strong>a</strong></span> <span class='ocrx_word' id='word_1_475' title='bbox 379 3531 550 3587; x_wconf 88' lang='lat' dir='ltr'><strong>sacris</strong></span> <span class='ocrx_word' id='word_1_476' title='bbox 577 3547 773 3587; x_wconf 88' lang='lat' dir='ltr'><strong>arcens</strong></span> <span class='ocrx_word' id='word_1_477' title='bbox 803 3532 1109 3595; x_wconf 83' lang='lat' dir='ltr'><strong>vestibulis,</strong></span> <span class='ocrx_word' id='word_1_478' title='bbox 1139 3541 1195 3588; x_wconf 90' lang='lat' dir='ltr'><strong>et</strong></span> <span class='ocrx_word' id='word_1_479' title='bbox 1229 3549 1338 3589; x_wconf 93' lang='lat' dir='ltr'><strong>non</strong></span> <span class='ocrx_word' id='word_1_480' title='bbox 1363 3534 1494 3590; x_wconf 89' lang='lat' dir='ltr'><strong>solis</strong></span> <span class='ocrx_word' id='word_1_481' title='bbox 1526 3535 1708 3591; x_wconf 79' lang='lat' dir='ltr'><strong>verbis</strong></span> <span class='ocrx_word' id='word_1_482' title='bbox 1735 3537 1900 3591; x_wconf 88' lang='lat' dir='ltr'><strong>casti-</strong></span> 
     </span>
    </p>
   </div>
   <div class='ocr_carea' id='block_1_64' title="bbox 315 3624 1902 3697">
    <p class='ocr_par' dir='ltr' id='par_1_64' title="bbox 315 3624 1902 3697">
     <span class='ocr_line' id='line_1_64' title="bbox 315 3624 1902 3697; baseline 0.002 -18"><span class='ocrx_word' id='word_1_483' title='bbox 315 3640 473 3697; x_wconf 86' lang='lat' dir='ltr'><strong>gans,</strong></span> <span class='ocrx_word' id='word_1_484' title='bbox 509 3625 602 3680; x_wconf 87' lang='lat' dir='ltr'><strong>sed</strong></span> <span class='ocrx_word' id='word_1_485' title='bbox 620 3624 785 3680; x_wconf 87' lang='lat' dir='ltr'><strong>etiam</strong></span> <span class='ocrx_word' id='word_1_486' title='bbox 813 3625 1117 3680; x_wconf 87' lang='lat' dir='ltr'><strong>canonibus</strong></span> <span class='ocrx_word' id='word_1_487' title='bbox 1153 3625 1539 3681; x_wconf 89' lang='lat' dir='ltr'><strong>ecclesiasticis</strong></span> <span class='ocrx_word' id='word_1_488' title='bbox 1572 3626 1624 3680; x_wconf 84' lang='lat' dir='ltr'><strong>in</strong></span> <span class='ocrx_word' id='word_1_489' title='bbox 1659 3636 1902 3697; x_wconf 84' lang='lat' dir='ltr'><strong>tempore</strong></span> 
     </span>
    </p>
   </div>
   <div class='ocr_carea' id='block_1_65' title="bbox 315 3716 1897 3790">
    <p class='ocr_par' dir='ltr' id='par_1_65' title="bbox 315 3716 1897 3790">
     <span class='ocr_line' id='line_1_65' title="bbox 315 3716 1897 3790; baseline 0.003 -21"><span class='ocrx_word' id='word_1_490' title='bbox 315 3716 551 3788; x_wconf 85' lang='lat' dir='ltr'><strong>puniens</strong></span> <span class='ocrx_word' id='word_1_491' title='bbox 579 3716 1011 3788; x_wconf 87' lang='lat' dir='ltr'><strong>improbitatem,</strong></span> <span class='ocrx_word' id='word_1_492' title='bbox 1062 3719 1211 3773; x_wconf 88' lang='lat' dir='ltr'><strong>visus</strong></span> <span class='ocrx_word' id='word_1_493' title='bbox 1250 3727 1337 3773; x_wconf 86' lang='lat' dir='ltr'><strong>est</strong></span> <span class='ocrx_word' id='word_1_494' title='bbox 1376 3718 1666 3788; x_wconf 88' lang='lat' dir='ltr'><strong>aliquando</strong></span> <span class='ocrx_word' id='word_1_495' title='bbox 1696 3720 1897 3790; x_wconf 83' lang='lat' dir='ltr'><strong>gravis,</strong></span> 
     </span>
    </p>
   </div>
   <div class='ocr_carea' id='block_1_66' title="bbox 317 3808 1902 3879">
    <p class='ocr_par' dir='ltr' id='par_1_66' title="bbox 317 3808 1902 3879">
     <span class='ocr_line' id='line_1_66' title="bbox 317 3808 1902 3879; baseline 0.001 -15"><span class='ocrx_word' id='word_1_496' title='bbox 317 3810 410 3879; x_wconf 79' lang='lat' dir='ltr'><strong>qui</strong></span> <span class='ocrx_word' id='word_1_497' title='bbox 439 3816 557 3864; x_wconf 89' lang='lat' dir='ltr'><strong>erat</strong></span> <span class='ocrx_word' id='word_1_498' title='bbox 585 3808 744 3864; x_wconf 86' lang='lat' dir='ltr'><strong>valde</strong></span> <span class='ocrx_word' id='word_1_499' title='bbox 774 3808 921 3862; x_wconf 89' lang='lat' dir='ltr'><strong>mitis</strong></span> <span class='ocrx_word' id='word_1_500' title='bbox 965 3816 1022 3863; x_wconf 92' lang='lat' dir='ltr'><strong>et</strong></span> <span class='ocrx_word' id='word_1_501' title='bbox 1074 3808 1340 3865; x_wconf 90' lang='lat' dir='ltr'><strong>clemens.</strong></span> <span class='ocrx_word' id='word_1_502' title='bbox 1376 3810 1513 3877; x_wconf 79' lang='lat' dir='ltr'><strong>Quid</strong></span> <span class='ocrx_word' id='word_1_503' title='bbox 1541 3811 1688 3864; x_wconf 87' lang='lat' dir='ltr'><strong>enim</strong></span> <span class='ocrx_word' id='word_1_504' title='bbox 1711 3811 1757 3866; x_wconf 94' lang='lat' dir='ltr'><strong>si</strong></span> <span class='ocrx_word' id='word_1_505' title='bbox 1795 3811 1902 3867; x_wconf 88' lang='lat' dir='ltr'><strong>mel</strong></span> 
     </span>
    </p>
   </div>
   <div class='ocr_carea' id='block_1_67' title="bbox 315 3902 1894 3972">
    <p class='ocr_par' dir='ltr' id='par_1_67' title="bbox 315 3902 1894 3972">
     <span class='ocr_line' id='line_1_67' title="bbox 315 3902 1894 3972; baseline 0.004 -18"><span class='ocrx_word' id='word_1_506' title='bbox 315 3916 535 3971; x_wconf 85' lang='lat' dir='ltr'><strong>quoque</strong></span> <span class='ocrx_word' id='word_1_507' title='bbox 594 3902 806 3956; x_wconf 87' lang='lat' dir='ltr'><strong>mordet</strong></span> <span class='ocrx_word' id='word_1_508' title='bbox 849 3902 1095 3966; x_wconf 85' lang='lat' dir='ltr'><strong>vulnera,</strong></span> <span class='ocrx_word' id='word_1_509' title='bbox 1152 3902 1208 3956; x_wconf 92' lang='lat' dir='ltr'><strong>in</strong></span> <span class='ocrx_word' id='word_1_510' title='bbox 1256 3903 1454 3972; x_wconf 86' lang='lat' dir='ltr'><strong>quibus</strong></span> <span class='ocrx_word' id='word_1_511' title='bbox 1502 3904 1645 3959; x_wconf 89' lang='lat' dir='ltr'><strong>inest</strong></span> <span class='ocrx_word' id='word_1_512' title='bbox 1699 3905 1894 3960; x_wconf 88' lang='lat' dir='ltr'><strong>ulcus?</strong></span> 
     </span>
    </p>
   </div>
   <div class='ocr_carea' id='block_1_68' title="bbox 319 3993 1902 4063">
    <p class='ocr_par' dir='ltr' id='par_1_68' title="bbox 319 3993 1902 4063">
     <span class='ocr_line' id='line_1_68' title="bbox 319 3993 1902 4063; baseline 0.001 -14"><span class='ocrx_word' id='word_1_513' title='bbox 319 3994 479 4050; x_wconf 77' lang='lat' dir='ltr'><strong>Visus</strong></span> <span class='ocrx_word' id='word_1_514' title='bbox 498 4002 581 4049; x_wconf 85' lang='lat' dir='ltr'><strong>est</strong></span> <span class='ocrx_word' id='word_1_515' title='bbox 617 4002 800 4047; x_wconf 89' lang='lat' dir='ltr'><strong>autem</strong></span> <span class='ocrx_word' id='word_1_516' title='bbox 829 3993 915 4058; x_wconf 90' lang='lat' dir='ltr'><strong>iis,</strong></span> <span class='ocrx_word' id='word_1_517' title='bbox 950 3993 1221 4063; x_wconf 89' lang='lat' dir='ltr'><strong>quierant</strong></span> <span class='ocrx_word' id='word_1_518' title='bbox 1258 3995 1484 4050; x_wconf 87' lang='lat' dir='ltr'><strong>omnino</strong></span> <span class='ocrx_word' id='word_1_519' title='bbox 1522 3995 1902 4053; x_wconf 84' lang='lat' dir='ltr'><strong>immedicabi-</strong></span> 
     </span>
    </p>
   </div>
   <div class='ocr_carea' id='block_1_69' title="bbox 318 4084 1902 4157">
    <p class='ocr_par' dir='ltr' id='par_1_69' title="bbox 318 4084 1902 4157">
     <span class='ocr_line' id='line_1_69' title="bbox 318 4084 1902 4157; baseline 0.004 -20"><span class='ocrx_word' id='word_1_520' title='bbox 318 4086 421 4148; x_wconf 88' lang='lat' dir='ltr'><strong>les,</strong></span> <span class='ocrx_word' id='word_1_521' title='bbox 452 4093 508 4139; x_wconf 92' lang='lat' dir='ltr'><strong>et</strong></span> <span class='ocrx_word' id='word_1_522' title='bbox 532 4100 763 4153; x_wconf 90' lang='lat' dir='ltr'><strong>quorum</strong></span> <span class='ocrx_word' id='word_1_523' title='bbox 793 4084 1003 4139; x_wconf 86' lang='lat' dir='ltr'><strong>curatio</strong></span> <span class='ocrx_word' id='word_1_524' title='bbox 1032 4093 1151 4139; x_wconf 91' lang='lat' dir='ltr'><strong>erat</strong></span> <span class='ocrx_word' id='word_1_525' title='bbox 1173 4085 1400 4140; x_wconf 89' lang='lat' dir='ltr'><strong>omnino</strong></span> <span class='ocrx_word' id='word_1_526' title='bbox 1429 4086 1736 4157; x_wconf 88' lang='lat' dir='ltr'><strong>desperata.</strong></span> <span class='ocrx_word' id='word_1_527' title='bbox 1766 4087 1902 4144; x_wconf 77' lang='lat' dir='ltr'><strong>Nam</strong></span> 
     </span>
    </p>
   </div>
   <div class='ocr_carea' id='block_1_70' title="bbox 317 4174 1903 4249">
    <p class='ocr_par' dir='ltr' id='par_1_70' title="bbox 317 4174 1903 4249">
     <span class='ocr_line' id='line_1_70' title="bbox 317 4174 1903 4249; baseline 0.004 -20"><span class='ocrx_word' id='word_1_528' title='bbox 317 4176 442 4247; x_wconf 87' lang='lat' dir='ltr'><strong>quis</strong></span> <span class='ocrx_word' id='word_1_529' title='bbox 503 4184 598 4230; x_wconf 90' lang='lat' dir='ltr'><strong>aut</strong></span> <span class='ocrx_word' id='word_1_530' title='bbox 651 4176 1018 4231; x_wconf 86' lang='lat' dir='ltr'><strong>curandarum</strong></span> <span class='ocrx_word' id='word_1_531' title='bbox 1076 4176 1382 4231; x_wconf 86' lang='lat' dir='ltr'><strong>animarum</strong></span> <span class='ocrx_word' id='word_1_532' title='bbox 1436 4174 1680 4249; x_wconf 85' lang='lat' dir='ltr'><strong>peritior,</strong></span> <span class='ocrx_word' id='word_1_533' title='bbox 1715 4189 1809 4236; x_wconf 89' lang='lat' dir='ltr'><strong>aut</strong></span> <span class='ocrx_word' id='word_1_534' title='bbox 1846 4180 1903 4235; x_wconf 88' lang='lat' dir='ltr'><strong>in</strong></span> 
     </span>
    </p>
   </div>
   <div class='ocr_carea' id='block_1_71' title="bbox 321 4272 1904 4345">
    <p class='ocr_par' dir='ltr' id='par_1_71' title="bbox 321 4272 1904 4345">
     <span class='ocr_line' id='line_1_71' title="bbox 321 4272 1904 4345; baseline 0.001 -17"><span class='ocrx_word' id='word_1_535' title='bbox 321 4273 760 4345; x_wconf 79' lang='lat' dir='ltr'><strong>medicamentis,</strong></span> <span class='ocrx_word' id='word_1_536' title='bbox 785 4289 905 4344; x_wconf 73' lang='lat' dir='ltr'><strong>qua:</strong></span> <span class='ocrx_word' id='word_1_537' title='bbox 922 4272 1201 4344; x_wconf 87' lang='lat' dir='ltr'><strong>pertinent</strong></span> <span class='ocrx_word' id='word_1_538' title='bbox 1226 4272 1291 4327; x_wconf 92' lang='lat' dir='ltr'><strong>ad</strong></span> <span class='ocrx_word' id='word_1_539' title='bbox 1317 4272 1677 4338; x_wconf 88' lang='lat' dir='ltr'><strong>curationem,</strong></span> <span class='ocrx_word' id='word_1_540' title='bbox 1707 4289 1904 4344; x_wconf 87' lang='lat' dir='ltr'><strong>nempe</strong></span> 
     </span>
    </p>
   </div>
   <div class='ocr_carea' id='block_1_72' title="bbox 320 4363 1905 4436">
    <p class='ocr_par' dir='ltr' id='par_1_72' title="bbox 320 4363 1905 4436">
     <span class='ocr_line' id='line_1_72' title="bbox 320 4363 1905 4436; baseline 0.002 -19"><span class='ocrx_word' id='word_1_541' title='bbox 320 4368 378 4419; x_wconf 85' lang='lat' dir='ltr'><strong>in</strong></span> <span class='ocrx_word' id='word_1_542' title='bbox 405 4365 656 4421; x_wconf 88' lang='lat' dir='ltr'><strong>oratione</strong></span> <span class='ocrx_word' id='word_1_543' title='bbox 679 4376 733 4421; x_wconf 89' lang='lat' dir='ltr'><strong>et</strong></span> <span class='ocrx_word' id='word_1_544' title='bbox 772 4365 828 4419; x_wconf 90' lang='lat' dir='ltr'><strong>in</strong></span> <span class='ocrx_word' id='word_1_545' title='bbox 855 4364 1031 4420; x_wconf 87' lang='lat' dir='ltr'><strong>modis</strong></span> <span class='ocrx_word' id='word_1_546' title='bbox 1060 4363 1559 4419; x_wconf 84' lang='lat' dir='ltr'><strong>administrationis</strong></span> <span class='ocrx_word' id='word_1_547' title='bbox 1592 4379 1659 4420; x_wconf 92' lang='lat' dir='ltr'><strong>ac</strong></span> <span class='ocrx_word' id='word_1_548' title='bbox 1682 4364 1905 4436; x_wconf 89' lang='lat' dir='ltr'><strong>dispen-</strong></span> 
     </span>
    </p>
   </div>
   <div class='ocr_carea' id='block_1_73' title="bbox 319 4456 1903 4528">
    <p class='ocr_par' dir='ltr' id='par_1_73' title="bbox 319 4456 1903 4528">
     <span class='ocr_line' id='line_1_73' title="bbox 319 4456 1903 4528; baseline -0.003 -13"><span class='ocrx_word' id='word_1_549' title='bbox 319 4458 566 4523; x_wconf 88' lang='lat' dir='ltr'><strong>sationis,</strong></span> <span class='ocrx_word' id='word_1_550' title='bbox 603 4458 786 4513; x_wconf 92' lang='lat' dir='ltr'><strong>mitior</strong></span> <span class='ocrx_word' id='word_1_551' title='bbox 824 4472 891 4513; x_wconf 90' lang='lat' dir='ltr'><strong>ac</strong></span> <span class='ocrx_word' id='word_1_552' title='bbox 914 4456 1219 4528; x_wconf 79' lang='lat' dir='ltr'><strong>benignior,</strong></span> <span class='ocrx_word' id='word_1_553' title='bbox 1250 4458 1391 4511; x_wconf 91' lang='lat' dir='ltr'><strong>sicut</strong></span> <span class='ocrx_word' id='word_1_554' title='bbox 1422 4457 1583 4512; x_wconf 89' lang='lat' dir='ltr'><strong>etiam</strong></span> <span class='ocrx_word' id='word_1_555' title='bbox 1602 4458 1712 4526; x_wconf 84' lang='lat' dir='ltr'><strong>jam</strong></span> <span class='ocrx_word' id='word_1_556' title='bbox 1743 4466 1903 4512; x_wconf 87' lang='lat' dir='ltr'><strong>antea</strong></span> 
     </span>
    </p>
   </div>
   <div class='ocr_carea' id='block_1_74' title="bbox 319 4546 1902 4621">
    <p class='ocr_par' dir='ltr' id='par_1_74' title="bbox 319 4546 1902 4621">
     <span class='ocr_line' id='line_1_74' title="bbox 319 4546 1902 4621; baseline -0.004 -12"><span class='ocrx_word' id='word_1_557' title='bbox 319 4546 699 4609; x_wconf 79' lang='lat' dir='ltr'><strong>ostendimus?</strong></span> <span class='ocrx_word' id='word_1_558' title='bbox 755 4550 1026 4607; x_wconf 59' lang='lat' dir='ltr'><strong>Caeterum</strong></span> <span class='ocrx_word' id='word_1_559' title='bbox 1081 4549 1340 4620; x_wconf 90' lang='lat' dir='ltr'><strong>quamdiu</strong></span> <span class='ocrx_word' id='word_1_560' title='bbox 1370 4549 1515 4605; x_wconf 89' lang='lat' dir='ltr'><strong>circa</strong></span> <span class='ocrx_word' id='word_1_561' title='bbox 1546 4550 1721 4605; x_wconf 82' lang='lat' dir='ltr'><strong>solum</strong></span> <span class='ocrx_word' id='word_1_562' title='bbox 1778 4550 1902 4621; x_wconf 90' lang='lat' dir='ltr'><strong>qui-</strong></span> 
     </span>
    </p>
   </div>
   <div class='ocr_carea' id='block_1_75' title="bbox 2006 3350 3591 3426">
    <p class='ocr_par' dir='ltr' id='par_1_75' title="bbox 2006 3350 3591 3426">
     <span class='ocr_line' id='line_1_75' title="bbox 2006 3350 3591 3426; baseline -0.001 -19"><span class='ocrx_word' id='word_1_563' title='bbox 2006 3353 2148 3423; x_wconf 81' lang='grc' dir='ltr'>ύπὲρ</span> <span class='ocrx_word' id='word_1_564' title='bbox 2180 3353 2282 3425; x_wconf 78' lang='grc' dir='ltr'>τῆς</span> <span class='ocrx_word' id='word_1_565' title='bbox 2341 3353 2671 3425; x_wconf 84' lang='grc' dir='ltr'>Ἐκκλησίας</span> <span class='ocrx_word' id='word_1_566' title='bbox 2721 3353 3102 3426; x_wconf 82' lang='grc' dir='ltr'>πυρούμενος,</span> <span class='ocrx_word' id='word_1_567' title='bbox 3164 3353 3329 3421; x_wconf 77' lang='grc' dir='ltr'>ἱερεῖς</span> <span class='ocrx_word' id='word_1_568' title='bbox 3386 3368 3448 3405; x_wconf 90' lang='grc' dir='ltr'><strong>τε</strong></span> <span class='ocrx_word' id='word_1_569' title='bbox 3505 3350 3591 3405; x_wconf 87' lang='grc' dir='ltr'>δι-</span> 
     </span>
    </p>
   </div>
   <div class='ocr_carea' id='block_1_76' title="bbox 2005 3440 3595 3517">
    <p class='ocr_par' dir='ltr' id='par_1_76' title="bbox 2005 3440 3595 3517">
     <span class='ocr_line' id='line_1_76' title="bbox 2005 3440 3595 3517; baseline -0.001 -20"><span class='ocrx_word' id='word_1_570' title='bbox 2005 3444 2244 3517; x_wconf 88' lang='grc' dir='ltr'>ελέγχων</span> <span class='ocrx_word' id='word_1_571' title='bbox 2291 3446 2782 3515; x_wconf 78' lang='grc' dir='ltr'>παρανομοῦντας,</span> <span class='ocrx_word' id='word_1_572' title='bbox 2832 3443 2971 3497; x_wconf 79' lang='grc' dir='ltr'><strong>ἀλλὰ</strong></span> <span class='ocrx_word' id='word_1_573' title='bbox 3027 3444 3123 3497; x_wconf 75' lang='grc' dir='ltr'>καὶ</span> <span class='ocrx_word' id='word_1_574' title='bbox 3155 3444 3255 3511; x_wconf 75' lang='grc' dir='ltr'>τὴν</span> <span class='ocrx_word' id='word_1_575' title='bbox 3296 3440 3595 3514; x_wconf 81' lang='grc' dir='ltr'>διόρθωσιν</span> 
     </span>
    </p>
   </div>
   <div class='ocr_carea' id='block_1_77' title="bbox 2007 3526 3588 3608">
    <p class='ocr_par' dir='ltr' id='par_1_77' title="bbox 2007 3526 3588 3608">
     <span class='ocr_line' id='line_1_77' title="bbox 2007 3526 3588 3608; baseline -0.003 -19"><span class='ocrx_word' id='word_1_576' title='bbox 2007 3536 2084 3608; x_wconf 82' lang='grc' dir='ltr'>μὴ</span> <span class='ocrx_word' id='word_1_577' title='bbox 2126 3526 2516 3608; x_wconf 79' lang='grc' dir='ltr'>προσιεμένους</span> <span class='ocrx_word' id='word_1_578' title='bbox 2553 3536 2662 3589; x_wconf 82' lang='grc' dir='ltr'><strong>τῶν</strong></span> <span class='ocrx_word' id='word_1_579' title='bbox 2714 3535 2877 3607; x_wconf 85' lang='grc' dir='ltr'>ίερῶν</span> <span class='ocrx_word' id='word_1_580' title='bbox 2932 3534 3215 3603; x_wconf 85' lang='grc' dir='ltr'>άπείργων</span> <span class='ocrx_word' id='word_1_581' title='bbox 3268 3533 3588 3606; x_wconf 82' lang='grc' dir='ltr'>προθύρων,</span> 
     </span>
    </p>
   </div>
   <div class='ocr_carea' id='block_1_78' title="bbox 2003 3625 3591 3702">
    <p class='ocr_par' dir='ltr' id='par_1_78' title="bbox 2003 3625 3591 3702">
     <span class='ocr_line' id='line_1_78' title="bbox 2003 3625 3591 3702; baseline -0.003 -19"><span class='ocrx_word' id='word_1_582' title='bbox 2003 3633 2064 3684; x_wconf 77' lang='grc' dir='ltr'><strong>ού</strong></span> <span class='ocrx_word' id='word_1_583' title='bbox 2119 3629 2264 3702; x_wconf 82' lang='grc' dir='ltr'>λόγῳ</span> <span class='ocrx_word' id='word_1_584' title='bbox 2314 3647 2371 3683; x_wconf 89' lang='grc' dir='ltr'><strong>τε</strong></span> <span class='ocrx_word' id='word_1_585' title='bbox 2436 3629 2597 3699; x_wconf 86' lang='grc' dir='ltr'>μόνον</span> <span class='ocrx_word' id='word_1_586' title='bbox 2645 3627 2919 3683; x_wconf 81' lang='grc' dir='ltr'>παιδεύων</span> <span class='ocrx_word' id='word_1_587' title='bbox 2949 3668 2964 3693; x_wconf 93' lang='grc'><strong>,</strong></span> <span class='ocrx_word' id='word_1_588' title='bbox 3010 3625 3145 3682; x_wconf 76' lang='grc' dir='ltr'>ἀλλὰ</span> <span class='ocrx_word' id='word_1_589' title='bbox 3209 3627 3303 3679; x_wconf 74' lang='grc' dir='ltr'>καὶ</span> <span class='ocrx_word' id='word_1_590' title='bbox 3360 3627 3591 3681; x_wconf 77' lang='grc' dir='ltr'>κανόσιν</span> 
     </span>
    </p>
   </div>
   <div class='ocr_carea' id='block_1_79' title="bbox 2006 3718 3588 3795">
    <p class='ocr_par' dir='ltr' id='par_1_79' title="bbox 2006 3718 3588 3795">
     <span class='ocr_line' id='line_1_79' title="bbox 2006 3718 3588 3795; baseline -0.004 -16"><span class='ocrx_word' id='word_1_591' title='bbox 2006 3723 2483 3795; x_wconf 83' lang='grc' dir='ltr'>ὲκκλησιαστικοῖς</span> <span class='ocrx_word' id='word_1_592' title='bbox 2520 3724 2579 3776; x_wconf 75' lang='grc' dir='ltr'>ὲν</span> <span class='ocrx_word' id='word_1_593' title='bbox 2624 3720 2801 3792; x_wconf 82' lang='grc' dir='ltr'>καιρῷ</span> <span class='ocrx_word' id='word_1_594' title='bbox 2831 3720 3080 3785; x_wconf 71' lang='grc' dir='ltr'>κολάζων</span> <span class='ocrx_word' id='word_1_595' title='bbox 3112 3719 3212 3791; x_wconf 81' lang='grc' dir='ltr'>τὴν</span> <span class='ocrx_word' id='word_1_596' title='bbox 3257 3718 3588 3790; x_wconf 78' lang='grc' dir='ltr'>μοχθηρίαν,</span> 
     </span>
    </p>
   </div>
   <div class='ocr_carea' id='block_1_80' title="bbox 2006 3812 3593 3886">
    <p class='ocr_par' dir='ltr' id='par_1_80' title="bbox 2006 3812 3593 3886">
     <span class='ocr_line' id='line_1_80' title="bbox 2006 3812 3593 3886; baseline -0.005 -14"><span class='ocrx_word' id='word_1_597' title='bbox 2006 3817 2152 3883; x_wconf 75' lang='grc' dir='ltr'>ἔδοξέ</span> <span class='ocrx_word' id='word_1_598' title='bbox 2188 3833 2318 3870; x_wconf 79' lang='grc' dir='ltr'>ποτε</span> <span class='ocrx_word' id='word_1_599' title='bbox 2340 3815 2435 3869; x_wconf 75' lang='grc' dir='ltr'>καὶ</span> <span class='ocrx_word' id='word_1_600' title='bbox 2457 3814 2629 3886; x_wconf 72' lang='grc' dir='ltr'>βαρὺς</span> <span class='ocrx_word' id='word_1_601' title='bbox 2660 3816 2688 3867; x_wconf 83' lang='grc' dir='ltr'>ὁ</span> <span class='ocrx_word' id='word_1_602' title='bbox 2717 3812 2837 3867; x_wconf 90' lang='grc' dir='ltr'>λίαν</span> <span class='ocrx_word' id='word_1_603' title='bbox 2868 3813 3120 3884; x_wconf 77' lang='grc' dir='ltr'>ἐπιεικής</span> <span class='ocrx_word' id='word_1_604' title='bbox 3150 3830 3207 3866; x_wconf 87' lang='grc' dir='ltr'><strong>τε</strong></span> <span class='ocrx_word' id='word_1_605' title='bbox 3238 3812 3334 3866; x_wconf 75' lang='grc' dir='ltr'>καὶ</span> <span class='ocrx_word' id='word_1_606' title='bbox 3363 3812 3593 3885; x_wconf 77' lang='grc' dir='ltr'>ἡμερὼ-</span> 
     </span>
    </p>
   </div>
   <div class='ocr_carea' id='block_1_81' title="bbox 2006 3901 3593 3979">
    <p class='ocr_par' dir='ltr' id='par_1_81' title="bbox 2006 3901 3593 3979">
     <span class='ocr_line' id='line_1_81' title="bbox 2006 3901 3593 3979; baseline -0.004 -14"><span class='ocrx_word' id='word_1_607' title='bbox 2006 3928 2189 3974; x_wconf 91' lang='grc' dir='ltr'>τατος.</span> <span class='ocrx_word' id='word_1_608' title='bbox 2218 3910 2328 3963; x_wconf 78' lang='grc' dir='ltr'><strong>Καὶ</strong></span> <span class='ocrx_word' id='word_1_609' title='bbox 2359 3908 2413 3962; x_wconf 91' lang='grc' dir='ltr'><strong>τί</strong></span> <span class='ocrx_word' id='word_1_610' title='bbox 2445 3908 2577 3979; x_wconf 83' lang='grc' dir='ltr'>γὰρ,</span> <span class='ocrx_word' id='word_1_611' title='bbox 2615 3910 2663 3959; x_wconf 80' lang='grc' dir='ltr'><strong>εί</strong></span> <span class='ocrx_word' id='word_1_612' title='bbox 2709 3908 2803 3960; x_wconf 69' lang='grc' dir='ltr'>καὶ</span> <span class='ocrx_word' id='word_1_613' title='bbox 2841 3906 2903 3958; x_wconf 69' lang='grc' dir='ltr'><strong>τὸ</strong></span> <span class='ocrx_word' id='word_1_614' title='bbox 2948 3905 3069 3977; x_wconf 82' lang='grc' dir='ltr'>μέλι</span> <span class='ocrx_word' id='word_1_615' title='bbox 3122 3907 3341 3959; x_wconf 78' lang='grc' dir='ltr'>δάκνειν</span> <span class='ocrx_word' id='word_1_616' title='bbox 3368 3901 3479 3959; x_wconf 82' lang='grc' dir='ltr'>οἶδε</span> <span class='ocrx_word' id='word_1_617' title='bbox 3517 3905 3593 3959; x_wconf 79' lang='grc' dir='ltr'><strong>τὰ</strong></span> 
     </span>
    </p>
   </div>
   <div class='ocr_carea' id='block_1_82' title="bbox 2006 3999 3598 4074">
    <p class='ocr_par' dir='ltr' id='par_1_82' title="bbox 2006 3999 3598 4074">
     <span class='ocr_line' id='line_1_82' title="bbox 2006 3999 3598 4074; baseline -0.003 -17"><span class='ocrx_word' id='word_1_618' title='bbox 2006 4004 2162 4067; x_wconf 73' lang='grc' dir='ltr'>ἕλκος</span> <span class='ocrx_word' id='word_1_619' title='bbox 2189 4002 2386 4074; x_wconf 78' lang='grc' dir='ltr'>ἔχοντα</span> <span class='ocrx_word' id='word_1_620' title='bbox 2417 4000 2746 4072; x_wconf 74' lang='grc' dir='ltr'>τραύματας</span> <span class='ocrx_word' id='word_1_621' title='bbox 2779 3999 2965 4063; x_wconf 79' lang='grc' dir='ltr'>Ἔδοξε</span> <span class='ocrx_word' id='word_1_622' title='bbox 2996 3999 3054 4051; x_wconf 81' lang='grc' dir='ltr'>δὲ</span> <span class='ocrx_word' id='word_1_623' title='bbox 3083 4001 3197 4063; x_wconf 86' lang='grc' dir='ltr'>τοῖς</span> <span class='ocrx_word' id='word_1_624' title='bbox 3227 4000 3419 4052; x_wconf 77' lang='grc' dir='ltr'>ἀνίατα</span> <span class='ocrx_word' id='word_1_625' title='bbox 3447 3999 3598 4052; x_wconf 72' lang='grc' dir='ltr'><strong>ιιτεῑνε⁵</strong></span> 
     </span>
    </p>
   </div>
   <div class='ocr_carea' id='block_1_83' title="bbox 2004 4091 3594 4163">
    <p class='ocr_par' dir='ltr' id='par_1_83' title="bbox 2004 4091 3594 4163">
     <span class='ocr_line' id='line_1_83' title="bbox 2004 4091 3594 4163; baseline -0.003 -16"><span class='ocrx_word' id='word_1_626' title='bbox 2004 4110 2112 4159; x_wconf 88' lang='grc' dir='ltr'><strong>τως</strong></span> <span class='ocrx_word' id='word_1_627' title='bbox 2142 4093 2358 4148; x_wconf 86' lang='grc' dir='ltr'>νοσοῦσι</span> <span class='ocrx_word' id='word_1_628' title='bbox 2388 4094 2484 4148; x_wconf 82' lang='grc' dir='ltr'>καὶ</span> <span class='ocrx_word' id='word_1_629' title='bbox 2503 4092 2599 4163; x_wconf 80' lang='grc' dir='ltr'>τὴν</span> <span class='ocrx_word' id='word_1_630' title='bbox 2630 4092 2931 4163; x_wconf 77' lang='grc' dir='ltr'>θεραπείαν</span> <span class='ocrx_word' id='word_1_631' title='bbox 2946 4091 3594 4160; x_wconf 62' lang='grc' dir='ltr'>άπεγνωσμέντις.“Επιὶ</span> 
     </span>
    </p>
   </div>
   <div class='ocr_carea' id='block_1_84' title="bbox 2005 4183 3595 4258">
    <p class='ocr_par' dir='ltr' id='par_1_84' title="bbox 2005 4183 3595 4258">
     <span class='ocr_line' id='line_1_84' title="bbox 2005 4183 3595 4258; baseline -0.002 -18"><span class='ocrx_word' id='word_1_632' title='bbox 2005 4187 2090 4250; x_wconf 89' lang='grc' dir='ltr'><strong>τίς</strong></span> <span class='ocrx_word' id='word_1_633' title='bbox 2123 4185 2296 4250; x_wconf 75' lang='grc' dir='ltr'>οὕτως</span> <span class='ocrx_word' id='word_1_634' title='bbox 2327 4187 2361 4258; x_wconf 82' lang='grc' dir='ltr'>ἢ</span> <span class='ocrx_word' id='word_1_635' title='bbox 2394 4185 2454 4239; x_wconf 82' lang='grc' dir='ltr'>τὸ</span> <span class='ocrx_word' id='word_1_636' title='bbox 2478 4184 2751 4257; x_wconf 77' lang='grc' dir='ltr'>ἰατρεύειν</span> <span class='ocrx_word' id='word_1_637' title='bbox 2792 4185 2971 4255; x_wconf 75' lang='grc' dir='ltr'>ψυχᾶς</span> <span class='ocrx_word' id='word_1_638' title='bbox 2999 4184 3416 4258; x_wconf 69' lang='grc' dir='ltr'>ἐμπειρότατος,</span> <span class='ocrx_word' id='word_1_639' title='bbox 3451 4184 3486 4255; x_wconf 81' lang='grc' dir='ltr'>ἢ</span> <span class='ocrx_word' id='word_1_640' title='bbox 3518 4183 3595 4237; x_wconf 70' lang='grc' dir='ltr'>τὰ</span> 
     </span>
    </p>
   </div>
   <div class='ocr_carea' id='block_1_85' title="bbox 2008 4275 3605 4349">
    <p class='ocr_par' dir='ltr' id='par_1_85' title="bbox 2008 4275 3605 4349">
     <span class='ocr_line' id='line_1_85' title="bbox 2008 4275 3605 4349; baseline -0.001 -18"><span class='ocrx_word' id='word_1_641' title='bbox 2008 4280 2144 4348; x_wconf 68' lang='grc' dir='ltr'>πρὸς</span> <span class='ocrx_word' id='word_1_642' title='bbox 2173 4276 2269 4349; x_wconf 82' lang='grc' dir='ltr'>τὴν</span> <span class='ocrx_word' id='word_1_643' title='bbox 2308 4276 2553 4349; x_wconf 77' lang='grc' dir='ltr'>ίατρείαν</span> <span class='ocrx_word' id='word_1_644' title='bbox 2588 4277 2880 4348; x_wconf 78' lang='grc' dir='ltr'>φάρμακα,</span> <span class='ocrx_word' id='word_1_645' title='bbox 2913 4277 3002 4329; x_wconf 74' lang='grc' dir='ltr'>τὸν</span> <span class='ocrx_word' id='word_1_646' title='bbox 3030 4277 3187 4345; x_wconf 86' lang='grc' dir='ltr'>λόγον</span> <span class='ocrx_word' id='word_1_647' title='bbox 3220 4275 3463 4346; x_wconf 81' lang='grc' dir='ltr'>δηλονότι</span> <span class='ocrx_word' id='word_1_648' title='bbox 3492 4278 3605 4339; x_wconf 54' lang='grc' dir='ltr'>καὶ,</span> 
     </span>
    </p>
   </div>
   <div class='ocr_carea' id='block_1_86' title="bbox 2004 4368 3594 4440">
    <p class='ocr_par' dir='ltr' id='par_1_86' title="bbox 2004 4368 3594 4440">
     <span class='ocr_line' id='line_1_86' title="bbox 2004 4368 3594 4440; baseline -0.002 -16"><span class='ocrx_word' id='word_1_649' title='bbox 2004 4373 2131 4435; x_wconf 76' lang='grc' dir='ltr'>τοὺς</span> <span class='ocrx_word' id='word_1_650' title='bbox 2161 4372 2258 4440; x_wconf 79' lang='grc' dir='ltr'>τῆς</span> <span class='ocrx_word' id='word_1_651' title='bbox 2287 4370 2597 4439; x_wconf 62' lang='grc' dir='ltr'>οἰκονομίας</span> <span class='ocrx_word' id='word_1_652' title='bbox 2649 4369 2905 4440; x_wconf 73' lang='grc' dir='ltr'>τρόπους,</span> <span class='ocrx_word' id='word_1_653' title='bbox 2939 4368 3342 4438; x_wconf 78' lang='grc' dir='ltr'>ὲμμελέστατός</span> <span class='ocrx_word' id='word_1_654' title='bbox 3396 4384 3455 4420; x_wconf 84' lang='grc' dir='ltr'><strong>τε</strong></span> <span class='ocrx_word' id='word_1_655' title='bbox 3490 4368 3594 4421; x_wconf 71' lang='grc' dir='ltr'>καὶ</span> 
     </span>
    </p>
   </div>
   <div class='ocr_carea' id='block_1_87' title="bbox 2007 4458 3597 4540">
    <p class='ocr_par' dir='ltr' id='par_1_87' title="bbox 2007 4458 3597 4540">
     <span class='ocr_line' id='line_1_87' title="bbox 2007 4458 3597 4540; baseline -0.003 -24"><span class='ocrx_word' id='word_1_656' title='bbox 2007 4462 2339 4531; x_wconf 77' lang='grc' dir='ltr'>ἠπιώτατος,</span> <span class='ocrx_word' id='word_1_657' title='bbox 2371 4460 2560 4528; x_wconf 83' lang='grc' dir='ltr'>ὥσπερ</span> <span class='ocrx_word' id='word_1_658' title='bbox 2610 4460 2712 4532; x_wconf 70' lang='grc' dir='ltr'>ἤδη</span> <span class='ocrx_word' id='word_1_659' title='bbox 2748 4461 2842 4513; x_wconf 68' lang='grc' dir='ltr'><strong>κα)⁸</strong></span> <span class='ocrx_word' id='word_1_660' title='bbox 2880 4458 3171 4530; x_wconf 86' lang='grc' dir='ltr'>προλαϐὼν</span> <span class='ocrx_word' id='word_1_661' title='bbox 3202 4462 3231 4514; x_wconf 86' lang='grc' dir='ltr'><strong>ὁ</strong></span> <span class='ocrx_word' id='word_1_662' title='bbox 3264 4459 3421 4528; x_wconf 82' lang='grc' dir='ltr'>λόγος</span> <span class='ocrx_word' id='word_1_663' title='bbox 3463 4460 3597 4540; x_wconf 64' lang='grc' dir='ltr'>ὲδητ</span> 
     </span>
    </p>
   </div>
   <div class='ocr_carea' id='block_1_88' title="bbox 2005 4552 3595 4625">
    <p class='ocr_par' dir='ltr' id='par_1_88' title="bbox 2005 4552 3595 4625">
     <span class='ocr_line' id='line_1_88' title="bbox 2005 4552 3595 4625; baseline -0.001 -17"><span class='ocrx_word' id='word_1_664' title='bbox 2005 4554 2144 4608; x_wconf 87' lang='grc' dir='ltr'>λωσε</span> <span class='ocrx_word' id='word_1_665' title='bbox 2169 4571 2185 4621; x_wconf 87' lang='grc'><strong>;</strong></span> <span class='ocrx_word' id='word_1_666' title='bbox 2210 4553 2354 4624; x_wconf 82' lang='grc' dir='ltr'>Πλὴν</span> <span class='ocrx_word' id='word_1_667' title='bbox 2376 4552 2490 4607; x_wconf 79' lang='grc' dir='ltr'>ἀλλ’</span> <span class='ocrx_word' id='word_1_668' title='bbox 2513 4553 2618 4616; x_wconf 71' lang='grc' dir='ltr'>ἕως</span> <span class='ocrx_word' id='word_1_669' title='bbox 2647 4553 2746 4623; x_wconf 81' lang='grc' dir='ltr'>μὲν</span> <span class='ocrx_word' id='word_1_670' title='bbox 2774 4552 2902 4624; x_wconf 73' lang='grc' dir='ltr'>περὶ</span> <span class='ocrx_word' id='word_1_671' title='bbox 2930 4552 3018 4605; x_wconf 79' lang='grc' dir='ltr'>τὸν</span> <span class='ocrx_word' id='word_1_672' title='bbox 3044 4552 3243 4623; x_wconf 74' lang='grc' dir='ltr'>κλῆρον</span> <span class='ocrx_word' id='word_1_673' title='bbox 3265 4555 3313 4607; x_wconf 77' lang='lat' dir='ltr'><strong>oi</strong></span> <span class='ocrx_word' id='word_1_674' title='bbox 3340 4552 3595 4625; x_wconf 76' lang='grc' dir='ltr'>ἔλεγχοι,</span> 
     </span>
    </p>
   </div>
   <div class='ocr_carea' id='block_1_89' title="bbox 322 4641 1901 4716">
    <p class='ocr_par' dir='ltr' id='par_1_89' title="bbox 322 4641 1901 4711">
     <span class='ocr_line' id='line_1_89' title="bbox 322 4641 1901 4711; baseline -0.003 -11"><span class='ocrx_word' id='word_1_675' title='bbox 322 4648 446 4700; x_wconf 89' lang='lat' dir='ltr'><strong>dem</strong></span> <span class='ocrx_word' id='word_1_676' title='bbox 474 4644 679 4699; x_wconf 85' lang='lat' dir='ltr'><strong>clerum</strong></span> <span class='ocrx_word' id='word_1_677' title='bbox 729 4642 1068 4698; x_wconf 87' lang='lat' dir='ltr'><strong>consistebat</strong></span> <span class='ocrx_word' id='word_1_678' title='bbox 1100 4641 1583 4711; x_wconf 88' lang='lat' dir='ltr'><strong>reprehensio,-et</strong></span> <span class='ocrx_word' id='word_1_679' title='bbox 1617 4652 1735 4696; x_wconf 90' lang='lat' dir='ltr'><strong>erat</strong></span> <span class='ocrx_word' id='word_1_680' title='bbox 1769 4643 1901 4697; x_wconf 85' lang='lat' dir='ltr'><strong>intra</strong></span> 
     </span>
    </p>
   </div>
   <div class='ocr_carea' id='block_1_90' title="bbox 2008 4641 3595 4716">
    <p class='ocr_par' dir='ltr' id='par_1_90' title="bbox 2013 4641 3595 4716">
     <span class='ocr_line' id='line_1_90' title="bbox 2013 4641 3595 4716; baseline -0.002 -16"><span class='ocrx_word' id='word_1_681' title='bbox 2013 4645 2108 4700; x_wconf 71' lang='grc' dir='ltr'>καὶ</span> <span class='ocrx_word' id='word_1_682' title='bbox 2146 4646 2277 4698; x_wconf 84' lang='grc' dir='ltr'>εἴσω</span> <span class='ocrx_word' id='word_1_683' title='bbox 2321 4646 2420 4715; x_wconf 82' lang='grc' dir='ltr'>τῆς</span> <span class='ocrx_word' id='word_1_684' title='bbox 2456 4643 2784 4713; x_wconf 82' lang='grc' dir='ltr'>Ἑκκλησίας</span> <span class='ocrx_word' id='word_1_685' title='bbox 2846 4644 2879 4714; x_wconf 79' lang='grc' dir='ltr'>ἡ</span> <span class='ocrx_word' id='word_1_686' title='bbox 2928 4641 3161 4697; x_wconf 87' lang='grc' dir='ltr'>δοκοῦσα</span> <span class='ocrx_word' id='word_1_687' title='bbox 3214 4641 3490 4716; x_wconf 79' lang='grc' dir='ltr'>βαρύτης,</span> <span class='ocrx_word' id='word_1_688' title='bbox 3527 4645 3595 4697; x_wconf 72' lang='grc' dir='ltr'><strong>οῦ</strong></span> 
     </span>
    </p>
   </div>
   <div class='ocr_carea' id='block_1_91' title="bbox 319 4732 1905 4806">
    <p class='ocr_par' dir='ltr' id='par_1_91' title="bbox 319 4732 1905 4806">
     <span class='ocr_line' id='line_1_91' title="bbox 319 4732 1905 4806; baseline -0.004 -15"><span class='ocrx_word' id='word_1_689' title='bbox 319 4737 645 4802; x_wconf 77' lang='lat' dir='ltr'><strong>Ecclesiatn,</strong></span> <span class='ocrx_word' id='word_1_690' title='bbox 685 4750 807 4806; x_wconf 71' lang='lat' dir='ltr'><strong>qua:</strong></span> <span class='ocrx_word' id='word_1_691' title='bbox 861 4733 1172 4795; x_wconf 77' lang='lat' dir='ltr'><strong>videbatur,</strong></span> <span class='ocrx_word' id='word_1_692' title='bbox 1213 4732 1474 4804; x_wconf 90' lang='lat' dir='ltr'><strong>gravitas,</strong></span> <span class='ocrx_word' id='word_1_693' title='bbox 1523 4747 1632 4787; x_wconf 90' lang='lat' dir='ltr'><strong>non</strong></span> <span class='ocrx_word' id='word_1_694' title='bbox 1679 4732 1905 4787; x_wconf 87' lang='lat' dir='ltr'><strong>cr.-.tni-</strong></span> 
     </span>
    </p>
   </div>
   <div class='ocr_carea' id='block_1_92' title="bbox 199 4825 1906 4897">
    <p class='ocr_par' dir='ltr' id='par_1_92' title="bbox 199 4825 1906 4897">
     <span class='ocr_line' id='line_1_92' title="bbox 199 4825 1906 4897; baseline -0.004 -9"><span class='ocrx_word' id='word_1_695' title='bbox 199 4847 216 4862; x_wconf 87' lang='grc'><strong>·</strong></span> <span class='ocrx_word' id='word_1_696' title='bbox 321 4831 465 4887; x_wconf 90' lang='lat' dir='ltr'><strong>mius</strong></span> <span class='ocrx_word' id='word_1_697' title='bbox 494 4829 667 4895; x_wconf 71' lang='lat' dir='ltr'><strong>dolor,</strong></span> <span class='ocrx_word' id='word_1_698' title='bbox 699 4844 803 4884; x_wconf 89' lang='lat' dir='ltr'><strong>nec</strong></span> <span class='ocrx_word' id='word_1_699' title='bbox 826 4827 884 4883; x_wconf 89' lang='lat' dir='ltr'><strong>in</strong></span> <span class='ocrx_word' id='word_1_700' title='bbox 914 4842 1041 4883; x_wconf 89' lang='lat' dir='ltr'><strong>eum</strong></span> <span class='ocrx_word' id='word_1_701' title='bbox 1068 4835 1189 4882; x_wconf 83' lang='lat' dir='ltr'><strong>erat</strong></span> <span class='ocrx_word' id='word_1_702' title='bbox 1217 4825 1403 4882; x_wconf 90' lang='lat' dir='ltr'><strong>odium</strong></span> <span class='ocrx_word' id='word_1_703' title='bbox 1430 4834 1640 4897; x_wconf 86' lang='lat' dir='ltr'><strong>agreste</strong></span> <span class='ocrx_word' id='word_1_704' title='bbox 1661 4836 1716 4880; x_wconf 93' lang='lat' dir='ltr'><strong>ct</strong></span> <span class='ocrx_word' id='word_1_705' title='bbox 1736 4825 1906 4881; x_wconf 76' lang='lat' dir='ltr'><strong>furio-</strong></span> 
     </span>
    </p>
   </div>
   <div class='ocr_carea' id='block_1_93' title="bbox 319 4918 1907 4988">
    <p class='ocr_par' dir='ltr' id='par_1_93' title="bbox 319 4918 1907 4988">
     <span class='ocr_line' id='line_1_93' title="bbox 319 4918 1907 4988; baseline -0.004 -9"><span class='ocrx_word' id='word_1_706' title='bbox 319 4937 465 4986; x_wconf 87' lang='lat' dir='ltr'><strong>sum,</strong></span> <span class='ocrx_word' id='word_1_707' title='bbox 494 4921 592 4977; x_wconf 89' lang='lat' dir='ltr'><strong>sed</strong></span> <span class='ocrx_word' id='word_1_708' title='bbox 623 4921 916 4976; x_wconf 89' lang='lat' dir='ltr'><strong>remissum</strong></span> <span class='ocrx_word' id='word_1_709' title='bbox 976 4928 1032 4974; x_wconf 90' lang='lat' dir='ltr'><strong>et</strong></span> <span class='ocrx_word' id='word_1_710' title='bbox 1088 4918 1392 4983; x_wconf 88' lang='lat' dir='ltr'><strong>tolerabile,</strong></span> <span class='ocrx_word' id='word_1_711' title='bbox 1430 4932 1531 4972; x_wconf 92' lang='lat' dir='ltr'><strong>nec</strong></span> <span class='ocrx_word' id='word_1_712' title='bbox 1575 4918 1907 4988; x_wconf 89' lang='lat' dir='ltr'><strong>procedebat</strong></span> 
     </span>
    </p>
   </div>
   <div class='ocr_carea' id='block_1_94' title="bbox 322 5007 1906 5083">
    <p class='ocr_par' dir='ltr' id='par_1_94' title="bbox 322 5007 1906 5083">
     <span class='ocr_line' id='line_1_94' title="bbox 322 5007 1906 5083; baseline -0.003 -14"><span class='ocrx_word' id='word_1_713' title='bbox 322 5024 479 5070; x_wconf 81' lang='lat' dir='ltr'><strong>extra</strong></span> <span class='ocrx_word' id='word_1_714' title='bbox 509 5013 661 5068; x_wconf 89' lang='lat' dir='ltr'><strong>labra</strong></span> <span class='ocrx_word' id='word_1_715' title='bbox 692 5020 958 5083; x_wconf 76' lang='lat' dir='ltr'><strong>concepta</strong></span> <span class='ocrx_word' id='word_1_716' title='bbox 987 5010 1262 5066; x_wconf 85' lang='lat' dir='ltr'><strong>molestia.</strong></span> <span class='ocrx_word' id='word_1_717' title='bbox 1305 5008 1441 5064; x_wconf 87' lang='lat' dir='ltr'><strong>Cum</strong></span> <span class='ocrx_word' id='word_1_718' title='bbox 1471 5018 1654 5063; x_wconf 90' lang='lat' dir='ltr'><strong>autem</strong></span> <span class='ocrx_word' id='word_1_719' title='bbox 1684 5008 1737 5063; x_wconf 94' lang='lat' dir='ltr'><strong>in</strong></span> <span class='ocrx_word' id='word_1_720' title='bbox 1763 5007 1906 5064; x_wconf 88' lang='lat' dir='ltr'><strong>mul-</strong></span> 
     </span>
    </p>
   </div>
   <div class='ocr_carea' id='block_1_95' title="bbox 319 5101 1909 5177">
    <p class='ocr_par' dir='ltr' id='par_1_95' title="bbox 319 5101 1909 5177">
     <span class='ocr_line' id='line_1_95' title="bbox 319 5101 1909 5177; baseline -0.005 -14"><span class='ocrx_word' id='word_1_721' title='bbox 319 5117 406 5163; x_wconf 90' lang='lat' dir='ltr'><strong>tos</strong></span> <span class='ocrx_word' id='word_1_722' title='bbox 441 5120 683 5177; x_wconf 90' lang='lat' dir='ltr'><strong>quoque,</strong></span> <span class='ocrx_word' id='word_1_723' title='bbox 712 5105 805 5175; x_wconf 91' lang='lat' dir='ltr'><strong>qui</strong></span> <span class='ocrx_word' id='word_1_724' title='bbox 836 5104 1101 5176; x_wconf 84' lang='lat' dir='ltr'><strong>gerebant</strong></span> <span class='ocrx_word' id='word_1_725' title='bbox 1133 5101 1508 5174; x_wconf 80' lang='lat' dir='ltr'><strong>magistratus,</strong></span> <span class='ocrx_word' id='word_1_726' title='bbox 1548 5103 1909 5173; x_wconf 86' lang='lat' dir='ltr'><strong>processisset</strong></span> 
     </span>
    </p>
   </div>
   <div class='ocr_carea' id='block_1_96' title="bbox 319 5194 1906 5271">
    <p class='ocr_par' dir='ltr' id='par_1_96' title="bbox 319 5194 1906 5271">
     <span class='ocr_line' id='line_1_96' title="bbox 319 5194 1906 5271; baseline -0.004 -16"><span class='ocrx_word' id='word_1_727' title='bbox 319 5198 682 5271; x_wconf 87' lang='lat' dir='ltr'><strong>reprehensio</strong></span> <span class='ocrx_word' id='word_1_728' title='bbox 729 5197 1044 5270; x_wconf 89' lang='lat' dir='ltr'><strong>(oportebat</strong></span> <span class='ocrx_word' id='word_1_729' title='bbox 1085 5196 1232 5251; x_wconf 86' lang='lat' dir='ltr'><strong>enim</strong></span> <span class='ocrx_word' id='word_1_730' title='bbox 1285 5204 1512 5266; x_wconf 87' lang='lat' dir='ltr'><strong>propter</strong></span> <span class='ocrx_word' id='word_1_731' title='bbox 1561 5194 1906 5265; x_wconf 86' lang='lat' dir='ltr'><strong>splendorem</strong></span> 
     </span>
    </p>
   </div>
   <div class='ocr_carea' id='block_1_97' title="bbox 319 5287 1911 5365">
    <p class='ocr_par' dir='ltr' id='par_1_97' title="bbox 319 5287 1911 5365">
     <span class='ocr_line' id='line_1_97' title="bbox 319 5287 1911 5365; baseline -0.004 -15"><span class='ocrx_word' id='word_1_732' title='bbox 319 5307 707 5365; x_wconf 81' lang='lat' dir='ltr'><strong>personarum,</strong></span> <span class='ocrx_word' id='word_1_733' title='bbox 740 5301 796 5347; x_wconf 91' lang='lat' dir='ltr'><strong>ct</strong></span> <span class='ocrx_word' id='word_1_734' title='bbox 819 5291 968 5361; x_wconf 92' lang='lat' dir='ltr'><strong>quod</strong></span> <span class='ocrx_word' id='word_1_735' title='bbox 998 5299 1048 5346; x_wconf 89' lang='lat' dir='ltr'><strong>el</strong></span> <span class='ocrx_word' id='word_1_736' title='bbox 1084 5305 1142 5346; x_wconf 91' lang='lat' dir='ltr'><strong>se</strong></span> <span class='ocrx_word' id='word_1_737' title='bbox 1188 5298 1244 5343; x_wconf 91' lang='lat' dir='ltr'><strong>ct</strong></span> <span class='ocrx_word' id='word_1_738' title='bbox 1273 5289 1409 5343; x_wconf 87' lang='lat' dir='ltr'><strong>alios</strong></span> <span class='ocrx_word' id='word_1_739' title='bbox 1436 5299 1620 5358; x_wconf 82' lang='lat' dir='ltr'><strong>posset</strong></span> <span class='ocrx_word' id='word_1_740' title='bbox 1649 5288 1801 5343; x_wconf 87' lang='lat' dir='ltr'><strong>valde</strong></span> <span class='ocrx_word' id='word_1_741' title='bbox 1826 5287 1911 5343; x_wconf 65' lang='lat' dir='ltr'><strong>la:-</strong></span> 
     </span>
    </p>
   </div>
   <div class='ocr_carea' id='block_1_98' title="bbox 321 5379 1907 5451">
    <p class='ocr_par' dir='ltr' id='par_1_98' title="bbox 321 5379 1907 5451">
     <span class='ocr_line' id='line_1_98' title="bbox 321 5379 1907 5451; baseline -0.006 -8"><span class='ocrx_word' id='word_1_742' title='bbox 321 5389 477 5451; x_wconf 86' lang='lat' dir='ltr'><strong>dere,</strong></span> <span class='ocrx_word' id='word_1_743' title='bbox 528 5393 589 5441; x_wconf 93' lang='lat' dir='ltr'><strong>ut</strong></span> <span class='ocrx_word' id='word_1_744' title='bbox 633 5399 746 5439; x_wconf 90' lang='lat' dir='ltr'><strong>non</strong></span> <span class='ocrx_word' id='word_1_745' title='bbox 798 5392 949 5439; x_wconf 89' lang='lat' dir='ltr'><strong>esset</strong></span> <span class='ocrx_word' id='word_1_746' title='bbox 984 5383 1207 5437; x_wconf 87' lang='lat' dir='ltr'><strong>remissa</strong></span> <span class='ocrx_word' id='word_1_747' title='bbox 1249 5379 1590 5450; x_wconf 76' lang='lat' dir='ltr'><strong>improbitas,</strong></span> <span class='ocrx_word' id='word_1_748' title='bbox 1648 5388 1907 5449; x_wconf 88' lang='lat' dir='ltr'><strong>tanquam</strong></span> 
     </span>
    </p>
   </div>
   <div class='ocr_carea' id='block_1_99' title="bbox 323 5471 1910 5551">
    <p class='ocr_par' dir='ltr' id='par_1_99' title="bbox 323 5471 1910 5551">
     <span class='ocr_line' id='line_1_99' title="bbox 323 5471 1910 5551; baseline -0.008 -15"><span class='ocrx_word' id='word_1_749' title='bbox 323 5482 563 5551; x_wconf 88' lang='lat' dir='ltr'><strong>impetus</strong></span> <span class='ocrx_word' id='word_1_750' title='bbox 603 5493 759 5549; x_wconf 58' lang='lat' dir='ltr'><strong>aqua!</strong></span> <span class='ocrx_word' id='word_1_751' title='bbox 812 5475 972 5531; x_wconf 78' lang='lat' dir='ltr'><strong>facile</strong></span> <span class='ocrx_word' id='word_1_752' title='bbox 1031 5474 1271 5540; x_wconf 80' lang='lat' dir='ltr'><strong>liuentis,</strong></span> <span class='ocrx_word' id='word_1_753' title='bbox 1323 5484 1379 5529; x_wconf 90' lang='lat' dir='ltr'><strong>et</strong></span> <span class='ocrx_word' id='word_1_754' title='bbox 1427 5488 1547 5545; x_wconf 69' lang='lat' dir='ltr'><strong>qua:</strong></span> <span class='ocrx_word' id='word_1_755' title='bbox 1595 5471 1772 5526; x_wconf 82' lang='lat' dir='ltr'><strong>fertur</strong></span> <span class='ocrx_word' id='word_1_756' title='bbox 1812 5485 1910 5541; x_wconf 91' lang='lat' dir='ltr'><strong>per</strong></span> 
     </span>
    </p>
   </div>
   <div class='ocr_carea' id='block_1_100' title="bbox 328 5563 1909 5645">
    <p class='ocr_par' dir='ltr' id='par_1_100' title="bbox 328 5563 1909 5645">
     <span class='ocr_line' id='line_1_100' title="bbox 328 5563 1909 5645; baseline -0.005 -17"><span class='ocrx_word' id='word_1_757' title='bbox 328 5574 510 5645; x_wconf 84' lang='lat' dir='ltr'><strong>plana,</strong></span> <span class='ocrx_word' id='word_1_758' title='bbox 542 5586 661 5627; x_wconf 90' lang='lat' dir='ltr'><strong>eam</strong></span> <span class='ocrx_word' id='word_1_759' title='bbox 693 5570 813 5641; x_wconf 83' lang='lat' dir='ltr'><strong>ejus</strong></span> <span class='ocrx_word' id='word_1_760' title='bbox 842 5568 1027 5625; x_wconf 86' lang='lat' dir='ltr'><strong>verbis</strong></span> <span class='ocrx_word' id='word_1_761' title='bbox 1080 5575 1339 5636; x_wconf 88' lang='lat' dir='ltr'><strong>tanquam</strong></span> <span class='ocrx_word' id='word_1_762' title='bbox 1368 5564 1791 5637; x_wconf 88' lang='lat' dir='ltr'><strong>propugnaculis</strong></span> <span class='ocrx_word' id='word_1_763' title='bbox 1820 5563 1909 5620; x_wconf 88' lang='lat' dir='ltr'><strong>in-</strong></span> 
     </span>
    </p>
   </div>
   <div class='ocr_carea' id='block_1_101' title="bbox 332 5656 1909 5733">
    <p class='ocr_par' dir='ltr' id='par_1_101' title="bbox 332 5656 1909 5733">
     <span class='ocr_line' id='line_1_101' title="bbox 332 5656 1909 5733; baseline -0.004 -15"><span class='ocrx_word' id='word_1_764' title='bbox 332 5662 595 5733; x_wconf 87' lang='lat' dir='ltr'><strong>terrumpi</strong></span> <span class='ocrx_word' id='word_1_765' title='bbox 624 5680 637 5715; x_wconf 94' lang='lat'><strong>:</strong></span> <span class='ocrx_word' id='word_1_766' title='bbox 670 5676 739 5716; x_wconf 91' lang='lat' dir='ltr'><strong>ne</strong></span> <span class='ocrx_word' id='word_1_767' title='bbox 770 5660 816 5714; x_wconf 91' lang='lat' dir='ltr'><strong>si</strong></span> <span class='ocrx_word' id='word_1_768' title='bbox 860 5669 1007 5715; x_wconf 89' lang='lat' dir='ltr'><strong>esset</strong></span> <span class='ocrx_word' id='word_1_769' title='bbox 1029 5660 1236 5727; x_wconf 89' lang='lat' dir='ltr'><strong>absque</strong></span> <span class='ocrx_word' id='word_1_770' title='bbox 1266 5656 1377 5712; x_wconf 90' lang='lat' dir='ltr'><strong>ullo</strong></span> <span class='ocrx_word' id='word_1_771' title='bbox 1401 5665 1549 5711; x_wconf 91' lang='lat' dir='ltr'><strong>metu</strong></span> <span class='ocrx_word' id='word_1_772' title='bbox 1576 5668 1630 5712; x_wconf 87' lang='lat' dir='ltr'><strong>et</strong></span> <span class='ocrx_word' id='word_1_773' title='bbox 1657 5656 1827 5712; x_wconf 91' lang='lat' dir='ltr'><strong>libere</strong></span> <span class='ocrx_word' id='word_1_774' title='bbox 1851 5670 1909 5711; x_wconf 87' lang='lat' dir='ltr'><strong>se</strong></span> 
     </span>
    </p>
   </div>
   <div class='ocr_carea' id='block_1_102' title="bbox 326 5747 1903 5826">
    <p class='ocr_par' dir='ltr' id='par_1_102' title="bbox 326 5747 1903 5826">
     <span class='ocr_line' id='line_1_102' title="bbox 326 5747 1903 5826; baseline -0.003 -17"><span class='ocrx_word' id='word_1_775' title='bbox 326 5757 579 5826; x_wconf 86' lang='lat' dir='ltr'><strong>jactarct,</strong></span> <span class='ocrx_word' id='word_1_776' title='bbox 606 5748 724 5809; x_wconf 81' lang='lat' dir='ltr'><strong>lusé</strong></span> <span class='ocrx_word' id='word_1_777' title='bbox 753 5766 851 5823; x_wconf 88' lang='lat' dir='ltr'><strong>per</strong></span> <span class='ocrx_word' id='word_1_778' title='bbox 881 5750 1063 5806; x_wconf 88' lang='lat' dir='ltr'><strong>omnia</strong></span> <span class='ocrx_word' id='word_1_779' title='bbox 1099 5751 1444 5821; x_wconf 89' lang='lat' dir='ltr'><strong>procederet,</strong></span> <span class='ocrx_word' id='word_1_780' title='bbox 1494 5758 1551 5806; x_wconf 91' lang='lat' dir='ltr'><strong>et</strong></span> <span class='ocrx_word' id='word_1_781' title='bbox 1596 5748 1796 5805; x_wconf 91' lang='lat' dir='ltr'><strong>multos</strong></span> <span class='ocrx_word' id='word_1_782' title='bbox 1823 5747 1903 5804; x_wconf 87' lang='lat' dir='ltr'><strong>in-</strong></span> 
     </span>
    </p>
   </div>
   <div class='ocr_carea' id='block_1_103' title="bbox 333 5842 1907 5914">
    <p class='ocr_par' dir='ltr' id='par_1_103' title="bbox 333 5842 1907 5914">
     <span class='ocr_line' id='line_1_103' title="bbox 333 5842 1907 5914; baseline -0.005 -11"><span class='ocrx_word' id='word_1_783' title='bbox 333 5847 559 5903; x_wconf 80' lang='lat' dir='ltr'><strong>duceret</strong></span> <span class='ocrx_word' id='word_1_784' title='bbox 584 5845 654 5901; x_wconf 87' lang='lat' dir='ltr'><strong>ad</strong></span> <span class='ocrx_word' id='word_1_785' title='bbox 679 5843 1084 5900; x_wconf 68' lang='lat' dir='ltr'><strong>aemulationem</strong></span> <span class='ocrx_word' id='word_1_786' title='bbox 1113 5849 1339 5914; x_wconf 89' lang='lat' dir='ltr'><strong>propter</strong></span> <span class='ocrx_word' id='word_1_787' title='bbox 1367 5842 1672 5897; x_wconf 89' lang='lat' dir='ltr'><strong>libertatem</strong></span> <span class='ocrx_word' id='word_1_788' title='bbox 1693 5856 1907 5906; x_wconf 86' lang='lat' dir='ltr'><strong>eorum,</strong></span> 
     </span>
    </p>
   </div>
   <div class='ocr_carea' id='block_1_104' title="bbox 330 5914 1903 6016">
    <p class='ocr_par' dir='ltr' id='par_1_104' title="bbox 330 5914 1903 6016">
     <span class='ocr_line' id='line_1_104' title="bbox 330 5914 1903 6016; baseline -0.006 -20"><span class='ocrx_word' id='word_1_789' title='bbox 330 5955 451 6016; x_wconf 70' lang='lat' dir='ltr'><strong>quae</strong></span> <span class='ocrx_word' id='word_1_790' title='bbox 485 5936 981 6016; x_wconf 84' lang='lat' dir='ltr'><strong>perpetrabantur).</strong></span> <span class='ocrx_word' id='word_1_791' title='bbox 1009 5935 1145 5995; x_wconf 85' lang='lat' dir='ltr'><strong>Cum</strong></span> <span class='ocrx_word' id='word_1_792' title='bbox 1177 5934 1255 5993; x_wconf 82' lang='lat' dir='ltr'><strong>sic</strong></span> <span class='ocrx_word' id='word_1_793' title='bbox 1291 5932 1516 6003; x_wconf 73' lang='lat' dir='ltr'><strong>faceret,</strong></span> <span class='ocrx_word' id='word_1_794' title='bbox 1558 5947 1611 5991; x_wconf 87' lang='lat' dir='ltr'><strong>et</strong></span> <span class='ocrx_word' id='word_1_795' title='bbox 1641 5914 1903 5999; x_wconf 71' lang='lat' dir='ltr'><strong>studeret,</strong></span> 
     </span>
    </p>
   </div>
   <div class='ocr_carea' id='block_1_105' title="bbox 2012 4729 3597 4807">
    <p class='ocr_par' dir='ltr' id='par_1_105' title="bbox 2012 4729 3597 4807">
     <span class='ocr_line' id='line_1_105' title="bbox 2012 4729 3597 4807; baseline -0.003 -17"><span class='ocrx_word' id='word_1_796' title='bbox 2012 4736 2148 4791; x_wconf 74' lang='grc' dir='ltr'>πολὺ</span> <span class='ocrx_word' id='word_1_797' title='bbox 2188 4735 2249 4790; x_wconf 81' lang='grc' dir='ltr'>τὸ</span> <span class='ocrx_word' id='word_1_798' title='bbox 2277 4735 2439 4806; x_wconf 76' lang='grc' dir='ltr'>ἄχθος</span> <span class='ocrx_word' id='word_1_799' title='bbox 2467 4729 2558 4807; x_wconf 80' lang='grc' dir='ltr'>ἦν,</span> <span class='ocrx_word' id='word_1_800' title='bbox 2595 4733 2714 4788; x_wconf 74' lang='grc' dir='ltr'>οὐδὲ</span> <span class='ocrx_word' id='word_1_801' title='bbox 2754 4734 2814 4787; x_wconf 78' lang='grc' dir='ltr'>τὸ</span> <span class='ocrx_word' id='word_1_802' title='bbox 2845 4733 2979 4806; x_wconf 70' lang='grc' dir='ltr'>πρὸς</span> <span class='ocrx_word' id='word_1_803' title='bbox 3011 4733 3174 4787; x_wconf 74' lang='grc' dir='ltr'>αὐτὸν</span> <span class='ocrx_word' id='word_1_804' title='bbox 3206 4739 3362 4805; x_wconf 87' lang='grc' dir='ltr'>μῖσος</span> <span class='ocrx_word' id='word_1_805' title='bbox 3396 4735 3597 4806; x_wconf 64' lang='grc' dir='ltr'>ἄγριον</span> 
     </span>
    </p>
   </div>
   <div class='ocr_carea' id='block_1_106' title="bbox 2011 4825 3595 4898">
    <p class='ocr_par' dir='ltr' id='par_1_106' title="bbox 2011 4825 3595 4898">
     <span class='ocr_line' id='line_1_106' title="bbox 2011 4825 3595 4898; baseline 0.002 -20"><span class='ocrx_word' id='word_1_806' title='bbox 2011 4827 2111 4898; x_wconf 69' lang='grc' dir='ltr'>ἤδη</span> <span class='ocrx_word' id='word_1_807' title='bbox 2140 4827 2231 4880; x_wconf 75' lang='grc' dir='ltr'>καὶ</span> <span class='ocrx_word' id='word_1_808' title='bbox 2258 4826 2506 4898; x_wconf 69' lang='grc' dir='ltr'>μανικὸν,</span> <span class='ocrx_word' id='word_1_809' title='bbox 2530 4825 2663 4879; x_wconf 73' lang='grc' dir='ltr'>ἀλλὰ</span> <span class='ocrx_word' id='word_1_810' title='bbox 2694 4825 2929 4897; x_wconf 75' lang='grc' dir='ltr'>φορητὸν</span> <span class='ocrx_word' id='word_1_811' title='bbox 2958 4825 3049 4879; x_wconf 59' lang='grc' dir='ltr'><strong>καὶ⁵</strong></span> <span class='ocrx_word' id='word_1_812' title='bbox 3076 4826 3376 4895; x_wconf 80' lang='grc' dir='ltr'>ἐνδόσιμον,</span> <span class='ocrx_word' id='word_1_813' title='bbox 3402 4826 3499 4881; x_wconf 78' lang='grc' dir='ltr'>καὶ</span> <span class='ocrx_word' id='word_1_814' title='bbox 3525 4827 3595 4881; x_wconf 75' lang='grc' dir='ltr'>οὐ</span> 
     </span>
    </p>
   </div>
   <div class='ocr_carea' id='block_1_107' title="bbox 2019 4919 3600 4991">
    <p class='ocr_par' dir='ltr' id='par_1_107' title="bbox 2019 4919 3600 4991">
     <span class='ocr_line' id='line_1_107' title="bbox 2019 4919 3600 4991; baseline 0.004 -20"><span class='ocrx_word' id='word_1_815' title='bbox 2019 4921 2203 4991; x_wconf 72' lang='grc' dir='ltr'>πόρρω</span> <span class='ocrx_word' id='word_1_816' title='bbox 2236 4919 2463 4990; x_wconf 85' lang='grc' dir='ltr'>χειλέων</span> <span class='ocrx_word' id='word_1_817' title='bbox 2485 4920 2778 4989; x_wconf 78' lang='grc' dir='ltr'>προϐαῖνον</span> <span class='ocrx_word' id='word_1_818' title='bbox 2802 4920 2861 4972; x_wconf 84' lang='grc' dir='ltr'>τὸ</span> <span class='ocrx_word' id='word_1_819' title='bbox 2888 4919 3168 4990; x_wconf 87' lang='grc' dir='ltr'>δυσχερές.</span> <span class='ocrx_word' id='word_1_820' title='bbox 3223 4919 3376 4973; x_wconf 83' lang='grc' dir='ltr'>Ἐπεὶ</span> <span class='ocrx_word' id='word_1_821' title='bbox 3407 4921 3464 4974; x_wconf 78' lang='grc' dir='ltr'>δὲ</span> <span class='ocrx_word' id='word_1_822' title='bbox 3495 4922 3600 4979; x_wconf 74' lang='grc' dir='ltr'>καὶ</span> 
     </span>
    </p>
   </div>
   <div class='ocr_carea' id='block_1_108' title="bbox 2013 5008 3683 5085">
    <p class='ocr_par' dir='ltr' id='par_1_108' title="bbox 2013 5008 3683 5085">
     <span class='ocr_line' id='line_1_108' title="bbox 2013 5008 3683 5085; baseline 0.002 -22"><span class='ocrx_word' id='word_1_823' title='bbox 2013 5009 2156 5063; x_wconf 76' lang='grc' dir='ltr'>κατὰ</span> <span class='ocrx_word' id='word_1_824' title='bbox 2186 5009 2398 5063; x_wconf 81' lang='grc' dir='ltr'>πολλῶν</span> <span class='ocrx_word' id='word_1_825' title='bbox 2429 5008 2537 5063; x_wconf 83' lang='grc' dir='ltr'><strong>τῶν</strong></span> <span class='ocrx_word' id='word_1_826' title='bbox 2564 5012 2622 5063; x_wconf 84' lang='grc' dir='ltr'>ὲν</span> <span class='ocrx_word' id='word_1_827' title='bbox 2652 5009 2796 5063; x_wconf 85' lang='grc' dir='ltr'>τέλει</span> <span class='ocrx_word' id='word_1_828' title='bbox 2831 5011 3142 5081; x_wconf 74' lang='grc' dir='ltr'>προήνεγκε</span> <span class='ocrx_word' id='word_1_829' title='bbox 3175 5011 3301 5075; x_wconf 75' lang='grc' dir='ltr'>τοὺς</span> <span class='ocrx_word' id='word_1_830' title='bbox 3332 5012 3596 5084; x_wconf 75' lang='grc' dir='ltr'>ἐλέγχους</span> <span class='ocrx_word' id='word_1_831' title='bbox 3678 5080 3683 5085; x_wconf 11' lang='grc' dir='ltr'><strong><em>ἢ</em></strong></span> 
     </span>
    </p>
   </div>
   <div class='ocr_carea' id='block_1_109' title="bbox 2016 5100 3598 5172">
    <p class='ocr_par' dir='ltr' id='par_1_109' title="bbox 2016 5100 3598 5172">
     <span class='ocr_line' id='line_1_109' title="bbox 2016 5100 3598 5172; baseline 0.003 -18"><span class='ocrx_word' id='word_1_832' title='bbox 2016 5102 2145 5166; x_wconf 79' lang='grc' dir='ltr'>(ἔδει</span> <span class='ocrx_word' id='word_1_833' title='bbox 2190 5101 2297 5172; x_wconf 77' lang='grc' dir='ltr'><strong>γάρ</strong></span> <span class='ocrx_word' id='word_1_834' title='bbox 2330 5101 2417 5155; x_wconf 75' lang='grc' dir='ltr'>διὰ</span> <span class='ocrx_word' id='word_1_835' title='bbox 2459 5100 2521 5154; x_wconf 81' lang='grc' dir='ltr'>τὸ</span> <span class='ocrx_word' id='word_1_836' title='bbox 2547 5100 2658 5155; x_wconf 88' lang='grc' dir='ltr'><strong>τῶν</strong></span> <span class='ocrx_word' id='word_1_837' title='bbox 2693 5100 3002 5171; x_wconf 71' lang='grc' dir='ltr'>προσώπων</span> <span class='ocrx_word' id='word_1_838' title='bbox 3060 5103 3345 5171; x_wconf 70' lang='grc' dir='ltr'>ἐπιφανὲς,</span> <span class='ocrx_word' id='word_1_839' title='bbox 3383 5106 3481 5157; x_wconf 80' lang='grc' dir='ltr'>καὶ</span> <span class='ocrx_word' id='word_1_840' title='bbox 3531 5104 3598 5159; x_wconf 76' lang='grc' dir='ltr'>τὸ</span> 
     </span>
    </p>
   </div>
   <div class='ocr_carea' id='block_1_110' title="bbox 2014 5193 3595 5266">
    <p class='ocr_par' dir='ltr' id='par_1_110' title="bbox 2014 5193 3595 5266">
     <span class='ocr_line' id='line_1_110' title="bbox 2014 5193 3595 5266; baseline 0.001 -20"><span class='ocrx_word' id='word_1_841' title='bbox 2014 5193 2228 5265; x_wconf 87' lang='grc' dir='ltr'>μεγάλα</span> <span class='ocrx_word' id='word_1_842' title='bbox 2258 5193 2516 5265; x_wconf 83' lang='grc' dir='ltr'>βλάπτειν</span> <span class='ocrx_word' id='word_1_843' title='bbox 2542 5193 2770 5258; x_wconf 78' lang='grc' dir='ltr'>ἑαυτούς</span> <span class='ocrx_word' id='word_1_844' title='bbox 2801 5211 2860 5248; x_wconf 87' lang='grc' dir='ltr'><strong>τε</strong></span> <span class='ocrx_word' id='word_1_845' title='bbox 2895 5196 2989 5249; x_wconf 81' lang='grc' dir='ltr'>καὶ</span> <span class='ocrx_word' id='word_1_846' title='bbox 3039 5194 3260 5266; x_wconf 80' lang='grc' dir='ltr'>ἐτέρους</span> <span class='ocrx_word' id='word_1_847' title='bbox 3305 5194 3595 5264; x_wconf 76' lang='grc' dir='ltr'>δύνασθαι,</span> 
     </span>
    </p>
   </div>
   <div class='ocr_carea' id='block_1_111' title="bbox 2011 5281 3596 5359">
    <p class='ocr_par' dir='ltr' id='par_1_111' title="bbox 2011 5281 3596 5359">
     <span class='ocr_line' id='line_1_111' title="bbox 2011 5281 3596 5359; baseline 0.002 -19"><span class='ocrx_word' id='word_1_848' title='bbox 2011 5287 2153 5351; x_wconf 73' lang='grc' dir='ltr'>ὥστε</span> <span class='ocrx_word' id='word_1_849' title='bbox 2187 5285 2263 5358; x_wconf 81' lang='grc' dir='ltr'>μὴ</span> <span class='ocrx_word' id='word_1_850' title='bbox 2285 5287 2420 5341; x_wconf 83' lang='grc' dir='ltr'>ἀδεᾶ</span> <span class='ocrx_word' id='word_1_851' title='bbox 2455 5287 2549 5341; x_wconf 74' lang='grc' dir='ltr'>καὶ</span> <span class='ocrx_word' id='word_1_852' title='bbox 2595 5286 2783 5341; x_wconf 76' lang='grc' dir='ltr'>ἄνετον</span> <span class='ocrx_word' id='word_1_853' title='bbox 2813 5281 2956 5341; x_wconf 78' lang='grc' dir='ltr'>εἶναι</span> <span class='ocrx_word' id='word_1_854' title='bbox 3001 5287 3100 5358; x_wconf 81' lang='grc' dir='ltr'>τὴν</span> <span class='ocrx_word' id='word_1_855' title='bbox 3151 5286 3478 5359; x_wconf 86' lang='grc' dir='ltr'>μοχθηρίαν,</span> <span class='ocrx_word' id='word_1_856' title='bbox 3504 5283 3596 5343; x_wconf 79' lang='grc' dir='ltr'>οἶα</span> 
     </span>
    </p>
   </div>
   <div class='ocr_carea' id='block_1_112' title="bbox 2015 5379 3596 5453">
    <p class='ocr_par' dir='ltr' id='par_1_112' title="bbox 2015 5379 3596 5453">
     <span class='ocr_line' id='line_1_112' title="bbox 2015 5379 3596 5453; baseline 0.001 -19"><span class='ocrx_word' id='word_1_857' title='bbox 2015 5380 2196 5452; x_wconf 76' lang='grc' dir='ltr'>ῥύμην</span> <span class='ocrx_word' id='word_1_858' title='bbox 2235 5380 2425 5444; x_wconf 78' lang='grc' dir='ltr'>ὕδατος</span> <span class='ocrx_word' id='word_1_859' title='bbox 2476 5379 2721 5443; x_wconf 79' lang='grc' dir='ltr'>εὐπετῶς</span> <span class='ocrx_word' id='word_1_860' title='bbox 2762 5380 2976 5453; x_wconf 80' lang='grc' dir='ltr'>ῥέοντος</span> <span class='ocrx_word' id='word_1_861' title='bbox 3026 5380 3122 5434; x_wconf 75' lang='grc' dir='ltr'>καὶ</span> <span class='ocrx_word' id='word_1_862' title='bbox 3160 5380 3250 5434; x_wconf 78' lang='grc' dir='ltr'><strong>διά</strong></span> <span class='ocrx_word' id='word_1_863' title='bbox 3297 5379 3445 5435; x_wconf 89' lang='grc' dir='ltr'>λείου</span> <span class='ocrx_word' id='word_1_864' title='bbox 3496 5381 3596 5436; x_wconf 86' lang='grc' dir='ltr'><strong>τοῦ</strong></span> 
     </span>
    </p>
   </div>
   <div class='ocr_carea' id='block_1_113' title="bbox 2012 5469 3595 5543">
    <p class='ocr_par' dir='ltr' id='par_1_113' title="bbox 2012 5469 3595 5543">
     <span class='ocr_line' id='line_1_113' title="bbox 2012 5469 3595 5543; baseline 0 -18"><span class='ocrx_word' id='word_1_865' title='bbox 2012 5472 2214 5535; x_wconf 78' lang='grc' dir='ltr'>παντὸς</span> <span class='ocrx_word' id='word_1_866' title='bbox 2258 5471 2585 5543; x_wconf 77' lang='grc' dir='ltr'>φερομένου,</span> <span class='ocrx_word' id='word_1_867' title='bbox 2638 5469 2774 5524; x_wconf 74' lang='grc' dir='ltr'>ἀλλὰ</span> <span class='ocrx_word' id='word_1_868' title='bbox 2828 5470 3202 5541; x_wconf 85' lang='grc' dir='ltr'>άνακεκόφθαι</span> <span class='ocrx_word' id='word_1_869' title='bbox 3254 5472 3369 5534; x_wconf 81' lang='grc' dir='ltr'>τοῖς</span> <span class='ocrx_word' id='word_1_870' title='bbox 3422 5470 3595 5525; x_wconf 78' lang='grc' dir='ltr'>αὑτοῦ</span> 
     </span>
    </p>
   </div>
   <div class='ocr_carea' id='block_1_114' title="bbox 2015 5557 3597 5635">
    <p class='ocr_par' dir='ltr' id='par_1_114' title="bbox 2015 5557 3597 5635">
     <span class='ocr_line' id='line_1_114' title="bbox 2015 5557 3597 5635; baseline -0.001 -16"><span class='ocrx_word' id='word_1_871' title='bbox 2015 5566 2193 5635; x_wconf 73' lang='grc' dir='ltr'>λόγοις</span> <span class='ocrx_word' id='word_1_872' title='bbox 2225 5562 2416 5635; x_wconf 70' lang='grc' dir='ltr'>ὥσπέρ</span> <span class='ocrx_word' id='word_1_873' title='bbox 2448 5564 2740 5635; x_wconf 72' lang='grc' dir='ltr'>ἐρύμασιν,</span> <span class='ocrx_word' id='word_1_874' title='bbox 2772 5562 2864 5618; x_wconf 76' lang='grc' dir='ltr'>ἵνα</span> <span class='ocrx_word' id='word_1_875' title='bbox 2897 5563 2994 5634; x_wconf 80' lang='grc' dir='ltr'>μὴ,</span> <span class='ocrx_word' id='word_1_876' title='bbox 3030 5562 3109 5634; x_wconf 81' lang='grc' dir='ltr'>τῷ</span> <span class='ocrx_word' id='word_1_877' title='bbox 3152 5564 3414 5633; x_wconf 84' lang='grc' dir='ltr'>ἄτρεστος</span> <span class='ocrx_word' id='word_1_878' title='bbox 3448 5557 3597 5617; x_wconf 74' lang='grc' dir='ltr'>εἶναι</span> 
     </span>
    </p>
   </div>
   <div class='ocr_carea' id='block_1_115' title="bbox 2013 5652 3600 5727">
    <p class='ocr_par' dir='ltr' id='par_1_115' title="bbox 2013 5652 3600 5727">
     <span class='ocr_line' id='line_1_115' title="bbox 2013 5652 3600 5727; baseline -0.002 -17"><span class='ocrx_word' id='word_1_879' title='bbox 2013 5657 2107 5711; x_wconf 73' lang='grc' dir='ltr'>καὶ</span> <span class='ocrx_word' id='word_1_880' title='bbox 2133 5654 2695 5727; x_wconf 80' lang='grc' dir='ltr'>πεπαρῤησιασμένη,</span> <span class='ocrx_word' id='word_1_881' title='bbox 2727 5654 2894 5726; x_wconf 82' lang='grc' dir='ltr'>χύδην</span> <span class='ocrx_word' id='word_1_882' title='bbox 2924 5653 3013 5708; x_wconf 72' lang='grc' dir='ltr'><strong>διὰ</strong></span> <span class='ocrx_word' id='word_1_883' title='bbox 3047 5653 3266 5709; x_wconf 87' lang='grc' dir='ltr'>πάντων</span> <span class='ocrx_word' id='word_1_884' title='bbox 3286 5655 3465 5725; x_wconf 74' lang='grc' dir='ltr'>χωρῇ,</span> <span class='ocrx_word' id='word_1_885' title='bbox 3495 5652 3600 5709; x_wconf 73' lang='grc' dir='ltr'>καὶ</span> 
     </span>
    </p>
   </div>
   <div class='ocr_carea' id='block_1_116' title="bbox 2014 5742 3598 5817">
    <p class='ocr_par' dir='ltr' id='par_1_116' title="bbox 2014 5742 3598 5817">
     <span class='ocr_line' id='line_1_116' title="bbox 2014 5742 3598 5817; baseline -0.003 -16"><span class='ocrx_word' id='word_1_886' title='bbox 2014 5747 2243 5811; x_wconf 76' lang='grc' dir='ltr'>πολλοὺς</span> <span class='ocrx_word' id='word_1_887' title='bbox 2272 5746 2551 5817; x_wconf 82' lang='grc' dir='ltr'>ὲπάγηται</span> <span class='ocrx_word' id='word_1_888' title='bbox 2586 5746 2723 5817; x_wconf 78' lang='grc' dir='ltr'>πρὸς</span> <span class='ocrx_word' id='word_1_889' title='bbox 2754 5746 2846 5799; x_wconf 73' lang='grc' dir='ltr'><strong>τὸν</strong></span> <span class='ocrx_word' id='word_1_890' title='bbox 2876 5744 3039 5815; x_wconf 80' lang='grc' dir='ltr'>ζῆλον</span> <span class='ocrx_word' id='word_1_891' title='bbox 3069 5744 3158 5799; x_wconf 81' lang='grc' dir='ltr'><strong>διά</strong></span> <span class='ocrx_word' id='word_1_892' title='bbox 3192 5744 3291 5814; x_wconf 73' lang='grc' dir='ltr'>τὴν</span> <span class='ocrx_word' id='word_1_893' title='bbox 3321 5744 3434 5798; x_wconf 82' lang='grc' dir='ltr'><strong>τῶν</strong></span> <span class='ocrx_word' id='word_1_894' title='bbox 3468 5742 3598 5798; x_wconf 74' lang='grc' dir='ltr'>τολ-</span> 
     </span>
    </p>
   </div>
   <div class='ocr_carea' id='block_1_117' title="bbox 2017 5830 3598 5909">
    <p class='ocr_par' dir='ltr' id='par_1_117' title="bbox 2017 5830 3598 5909">
     <span class='ocr_line' id='line_1_117' title="bbox 2017 5830 3598 5909; baseline -0.004 -16"><span class='ocrx_word' id='word_1_895' title='bbox 2017 5838 2284 5909; x_wconf 88' lang='grc' dir='ltr'>μωμένων</span> <span class='ocrx_word' id='word_1_896' title='bbox 2310 5836 2673 5908; x_wconf 75' lang='grc' dir='ltr'>ἐλευθερίαν).</span> <span class='ocrx_word' id='word_1_897' title='bbox 2714 5835 2871 5891; x_wconf 69' lang='grc' dir='ltr'>Ἐπεὶ</span> <span class='ocrx_word' id='word_1_898' title='bbox 2897 5830 2992 5890; x_wconf 82' lang='grc' dir='ltr'>οὖν</span> <span class='ocrx_word' id='word_1_899' title='bbox 3046 5834 3220 5901; x_wconf 73' lang='grc' dir='ltr'>οὕτως</span> <span class='ocrx_word' id='word_1_900' title='bbox 3266 5834 3443 5896; x_wconf 69' lang='grc' dir='ltr'>ἐποίει</span> <span class='ocrx_word' id='word_1_901' title='bbox 3496 5834 3598 5888; x_wconf 73' lang='grc' dir='ltr'>καὶ</span> 
     </span>
    </p>
   </div>
   <div class='ocr_carea' id='block_1_118' title="bbox 2013 5926 3597 6006">
    <p class='ocr_par' dir='ltr' id='par_1_118' title="bbox 2013 5926 3597 6006">
     <span class='ocr_line' id='line_1_118' title="bbox 2013 5926 3597 6006; baseline -0.003 -21"><span class='ocrx_word' id='word_1_902' title='bbox 2013 5929 2262 6006; x_wconf 83' lang='grc' dir='ltr'>διορθοῦν</span> <span class='ocrx_word' id='word_1_903' title='bbox 2294 5931 2475 5995; x_wconf 74' lang='grc' dir='ltr'>αὐτοῖς</span> <span class='ocrx_word' id='word_1_904' title='bbox 2498 5929 2726 5986; x_wconf 81' lang='grc' dir='ltr'>ἔσπευδε</span> <span class='ocrx_word' id='word_1_905' title='bbox 2757 5930 2847 5984; x_wconf 64' lang='grc' dir='ltr'>τὶν</span> <span class='ocrx_word' id='word_1_906' title='bbox 2872 5928 2986 6003; x_wconf 79' lang='grc' dir='ltr'>βίον</span> <span class='ocrx_word' id='word_1_907' title='bbox 3020 5928 3204 5995; x_wconf 84' lang='grc' dir='ltr'>κακῶς</span> <span class='ocrx_word' id='word_1_908' title='bbox 3245 5929 3335 5984; x_wconf 62' lang='grc' dir='ltr'>καὶ</span> <span class='ocrx_word' id='word_1_909' title='bbox 3368 5926 3597 5999; x_wconf 80' lang='grc' dir='ltr'>ἀναγώ-</span> 
     </span>
    </p>
   </div>
  </div>
