3834 6486
283 471 421 539 1103

1299 454 1477 518 VITA
1512 453 1573 513 S.
1612 447 1929 512 JOANNIS
1971 442 2525 508 CHRYSOSTOMI.

3381 432 3523 501 tuo

280 597 395 652 γως
422 577 639 649 ἔχοντα,
680 570 838 627 τοῦτο
889 569 987 641 μὲν
1040 567 1317 640 ἁρπαγαῖς
1348 562 1444 616 καῖ
1492 555 1851 624 πλεονεξίαις,

1974 565 2020 611 at
2042 555 2079 609 ii
2113 554 2276 609 vitam
2305 568 2458 609 suam
2490 549 2843 622 corrigerent,
2867 565 2986 620 quae
3028 549 3166 604 male
3196 557 3249 604 et
3278 547 3528 618 nequiter

277 650 443 729 ⁶τοῦτο
467 669 525 724 δὲ
557 666 655 746 καὶ
680 664 862 728 ἄλλοις
902 660 1138 717 πάθεσιν
1187 654 1513 729 ἀνηκέστοις
1540 650 1725 705 οὐκέτι
1756 666 1853 720 φο-

281 767 449 842 ρητὸς
474 741 581 836 ἦν,
597 757 734 815 ἀλλά
765 755 937 829 βαρὺς
965 755 1065 825 τὴν
1098 750 1346 822 γλῶτταν
1366 748 1460 802 καὶ
1484 742 1734 815 δηκτικδς
1759 741 1857 795 καὶ

281 834 537 931 ιρανερῶς
589 852 953 924 δύσχρηστος,
980 845 1041 902 οὗ
1095 843 1247 914 παρά
1275 841 1373 914 τὴν
1417 839 1625 894 οἰκείαν
1670 834 1853 905 φύσιν,

281 925 597 1017 ἀλλὰ-παρὰ
623 943 686 997 τὺ
714 940 823 995 τῶν
850 935 1224 1007 ἐλεγχομένων
1249 930 1520 1001 κακόηθες
1540 944 1554 961 ·
1584 925 1858 1017 συνήρατο

280 1043 342 1099 δέ
367 1040 464 1096 καί
511 1016 595 1103 τις
626 1034 780 1090 αἰτία
823 1034 936 1096 τοῖς
974 1028 1153 1101 μάτην
1183 1023 1332 1097 αὐτῷ
1375 1022 1441 1077 δι’
1472 1020 1672 1094 ἔχθρας
1710 1016 1858 1088 γίνε-

283 1133 408 1203 σθαι
437 1128 812 1203 βουλομένοις.

249 1396 261 1405 ’
357 1400 487 1457 KE'.
520 1395 825 1469 Εὐτρύπιος
846 1391 956 1466 γὰρ
979 1391 1008 1446 ὁ
1036 1388 1131 1445 τοῦ
1162 1384 1442 1461 βασιλικοῦ
1464 1384 1585 1439 τότε
1604 1380 1862 1444 κοιτῶνος

286 1490 667 1567 προεστηκὼς,
696 1486 786 1541 ἐπ’
814 1484 1063 1552 ἐξουσίας
1090 1480 1398 1553 χρήσασθαι
1430 1476 1509 1549 τῷ
1535 1472 1693 1545 θυμῷ
1719 1471 1862 1526 κατά

285 1561 450 1641 τινων
485 1576 1008 1652 προσκεκρουκότων
1045 1573 1143 1645 μέν
1173 1570 1344 1641 αὐτῷ,
1376 1571 1441 1640 τῇ
1479 1562 1776 1637 Ἐκκλησία
1803 1561 1862 1616 δὲ

289 1671 788 1750 προσπεφευγότων
828 1665 1175 1738 βουλόμενος,
1206 1664 1371 1733 νόμον
1411 1661 1472 1715 τὸ
1506 1657 1703 1713 ἐαυτοῦ
1756 1655 1860 1710 πά-

288 1748 380 1834 θος
408 1769 573 1832 ποιεῖ,
594 1764 690 1819 καὶ
712 1761 889 1817 πείθει
937 1758 1162 1832 βασιλέα
1174 1755 1536 1828 νομοθετῆσαι
1565 1751 1639 1823 μὴ
1662 1748 1861 1818 ἐξεῖναί

288 1880 401 1916 τισι
432 1858 541 1913 τῶν
569 1855 751 1912 αἰτίαν
780 1853 1014 1925 ἐχόντων
1044 1849 1416 1923 προσφεύγειν
1439 1849 1504 1917 τῇ
1541 1841 1859 1915 Ἐκκλησία,

1957 661 2016 702 se
2050 644 2327 701 habebat:
2360 644 2553 716 partim
2578 639 2796 714 quidem
2829 640 3016 711 rapina
3042 649 3097 696 et
3125 639 3370 704 avaritia,
3402 654 3529 709 par-

1958 738 2055 794 tim
2085 745 2266 792 autem
2286 735 2406 791 aliis
2434 751 2650 807 quoque
2694 732 3075 788 affectionibus
3097 740 3151 787 et
3176 730 3322 787 vitiis
3347 729 3527 785 maxi-

1956 831 2081 893 mis,
2117 845 2224 885 non
2255 836 2373 884 erat
2397 827 2627 899 amplius
2667 825 2964 881 tolerabilis
2998 841 3013 879 :
3039 823 3137 879 sed
3167 822 3346 894 lingua
3372 837 3528 878 acer-

1958 921 2060 978 bus
2081 930 2135 976 et
2153 920 2397 980 mordax.
2423 928 2478 973 et
2529 919 2689 988 plane
2733 931 2843 972 non
2873 915 3132 971 ferendus
3158 928 3269 969 non
3296 929 3392 970 sua
3423 928 3522 967 na-

1957 1022 2081 1069 tura
2109 1012 2403 1084 (quomodo
2438 1009 2605 1075 enim,
2656 1009 2747 1079 qui
2790 1008 2873 1063 vel
2918 1006 3080 1062 melle
3118 1014 3235 1062 erat
3257 1003 3524 1073 dulcior?)

1959 1106 2055 1162 sed
2085 1120 2149 1160 ex
2178 1103 2372 1159 morbo
2405 1108 2461 1157 et
2488 1101 2823 1173 malignitate
2852 1114 3061 1162 eorum,
3093 1096 3185 1169 qui
3226 1096 3526 1166 reprehen-

1959 1197 2246 1253 debantur.
2290 1194 2460 1250 Porro
2502 1201 2682 1248 autem
2712 1190 2956 1262 quaedam
2984 1188 3148 1245 etiam
3179 1203 3342 1244 causa
3371 1182 3531 1259 opem

1961 1289 2085 1344 tulit
2114 1288 2202 1355 iis,
2225 1285 2318 1356 qui
2351 1294 2555 1342 temere
2577 1282 2831 1338 volebant
2851 1282 2901 1336 ei
2927 1295 3049 1336 esse
3070 1279 3298 1334 inimici.

2030 1378 2196 1435 XXV.
2227 1375 2522 1449 Eutropius
2547 1375 2716 1442 enim,
2748 1373 2839 1445 qui
2877 1380 3007 1429 tunc
3029 1379 3260 1442 praeerat
3284 1369 3535 1427 cubiculo

1961 1469 2332 1541 imperatoris,
2367 1468 2557 1525 volens
2586 1481 2688 1523 suo
2719 1466 2984 1521 arbitratu
3037 1465 3176 1519 iram
3202 1477 3459 1519 exercere
3479 1461 3535 1516 in

1961 1562 2247 1634 quosdam,
2275 1560 2364 1631 qui
2391 1573 2513 1614 eum
2535 1546 2752 1630 quidem
2776 1553 3142 1621 offendebant,
3163 1553 3230 1609 ad
3250 1551 3537 1627 ecclesiam

1960 1666 2142 1710 autem
2172 1652 2551 1721 confugerant,
2575 1663 2673 1720 pro
2703 1648 2817 1719 lege
2841 1647 3004 1702 habet
3030 1660 3182 1701 suam
3209 1642 3375 1699 animi
3410 1657 3538 1713 per-

1962 1747 2328 1809 turbationem
2364 1762 2377 1801 :
2415 1754 2470 1799 et
2524 1741 2839 1814 imperatori
2894 1738 3209 1811 persuadet,
3251 1746 3313 1792 ut
3364 1736 3536 1807 legem

1963 1842 2123 1906 ferat,
2169 1854 2283 1895 non
2322 1838 2488 1894 licere
2528 1836 2621 1891 ulli
2651 1850 2744 1891 reo
2775 1833 3070 1904 confugere
3097 1831 3166 1887 ad
3196 1828 3484 1886 ecclesiam
3518 1844 3535 1885 :

268 1958 324 2026 οῆ
361 1920 1031 2026 προσφεύγοντας-ἐξεῖναι
1067 1920 1210 1999 κατά
1239 1932 1419 1997 πᾶσαν
1453 1939 1638 1995 ἄδειαν
1667 1936 1861 2000 αὐτοὺς

1974 1943 2058 1989 aut
2088 1933 2133 1989 si
2159 1929 2495 2003 confugiant,
2536 1928 2707 1984 licere
2736 1942 2831 1982 eos
2866 1940 3057 1981 secure
3096 1923 3385 1993 expellere.
3410 1920 3538 1976 Haec

290 2046 535 2113 ἐξωθεῖν.
573 2043 757 2097 Ταῦτα
783 2042 988 2101 ἐκεῖνος
1019 2034 1336 2100 σπουδάζων
1359 2032 1564 2105 ἠγνόει,
1596 2028 1717 2085 καθ’
1740 2030 1864 2083 ἐαυ-

289 2137 383 2191 τοῦ
415 2137 515 2205 τὴν
549 2134 825 2206 μάχαιραν
861 2131 1094 2195 ἀκονῶν,
1127 2121 1220 2183 xui
1259 2126 1438 2198 ἐαυτῷ
1468 2124 1774 2195 νομοθετῶν
1805 2123 1865 2178 τὸ

288 2227 690 2298 ἀσύγγνωστον,
751 2225 937 2296 πηγήν
1000 2238 1059 2274 τε
1093 2219 1458 2290 ἀποφράττων
1524 2216 1619 2272 καὶ
1672 2215 1867 2288 λιμένα

182 2341 187 2346 '
290 2323 510 2388 κλείων,
542 2316 617 2376 ῶν
669 2319 872 2392 μᾶλλον
918 2319 1028 2372 τῶν
1078 2315 1253 2372 ἀλλων
1283 2314 1446 2378 αὐτὸς
1489 2313 1762 2384 δεήσεται.
1800 2313 1866 2366 Ἡ

291 2416 402 2489 γὰρ
422 2416 540 2470 θεῖα
564 2415 712 2485 δίκη,
742 2413 922 2468 καίτοι
954 2410 1165 2483 μέλλειν
1194 2409 1270 2474 ώς
1296 2406 1368 2462 τά
1387 2406 1558 2461 πολλὰ
1588 2405 1867 2476 πεφυκυῖα

292 2513 389 2561 καὶ
415 2505 655 2578 βραδέως
687 2505 902 2559 ἐπιέναι
924 2506 1035 2567 τοῖς
1065 2501 1495 2574 ἁμαρτάνουσιν,
1524 2498 1661 2554 ἀλλὰ
1693 2498 1868 2569 τούτῳ

290 2617 359 2669 γε
387 2597 567 2665 καλῶς
637 2596 871 2651 ποιοῦσα
924 2594 1066 2649 κατά
1109 2594 1277 2656 πόδας
1336 2590 1564 2663 ἐπέστη.
1607 2588 1718 2644 Καὶ
1758 2589 1868 2659 γὰρ

292 2695 501 2756 ἐκεῖνος
555 2693 672 2761 μετ’
700 2690 760 2742 ού
813 2689 948 2743 πολὺ
983 2688 1042 2742 τὸ
1089 2686 1274 2758 μέσον,
1348 2682 1730 2756 προσκρούσας
1772 2676 1868 2753 ’τῷ

295 2782 509 2853 βασιλεί
560 2781 728 2852 μόνην
774 2779 914 2848 ἔγνω
941 2800 944 2803 ⁷
969 2778 1065 2850 τὴν
1122 2775 1423 2847 ἐκκλησίαν
1462 2774 1737 2847 βοήθειαν,
1773 2771 1871 2827 καὶ

300 2872 636 2948 προσφυγὼν
704 2874 882 2927 ἐκεῖσε
941 2872 1035 2927 καὶ
1091 2869 1300 2941 ταύτης
1355 2869 1602 2939 ώςῐερᾶς
1624 2865 1870 2938 ἀγκύρας

189 3028 193 3032 ς
294 2951 705 3035 ἐπιλαϐόμενος,
738 2963 867 3034 παρ’
919 2960 1091 3031 αὐτῆς
1130 2962 1158 3014 ὁ
1197 2958 1390 3031 ἄφρων
1420 2960 1605 3029 ἐζήτει
1635 2957 1735 3029 τὴν
1767 2972 1871 3010 σω-

294 3056 510 3128 τηρῖαν,
542 3055 610 3128 ἦν
631 3056 853 3126 ἐτέρους
905 3051 1105 3125 ὁμοίως
1136 3051 1359 3122 ἔχοντας
1412 3049 1617 3103 ἐκώλυε
1654 3048 1869 3114 σώζειν.

296 3149 396 3215 Τίς
449 3148 557 3219 ἄρα
587 3146 713 3203 νοῦν
744 3147 884 3218 ἔχων
919 3145 1015 3200 καλ⁸
1046 3144 1239 3218 καιρὸν
1266 3142 1634 3215 χρηστότητος
1670 3142 1773 3197 ικαὶ
1795 3141 1874 3196 δι-

296 3238 592 3310 καιοσύνης
644 3236 822 3303 εἰδὼς,
872 3236 1055 3300 ἐλέους
1118 3233 1284 3290 αὑτὸν
1334 3233 1483 3299 ἀξιον
1528 3234 1745 3303 ἔκρινεν
1767 3231 1868 3297 άν;

1966 2026 2056 2082 ille
2100 2027 2328 2081 studens
2357 2031 2620 2087 statuere,
2675 2019 2971 2091 ignorabat
3000 2032 3059 2073 se
3109 2014 3345 2087 gladium
3393 2012 3449 2067 in
3479 2026 3538 2067 se

1965 2119 2148 2195 ipsum.
2171 2131 2389 2180 acuere,
2423 2124 2481 2170 et
2504 2114 2680 2185 legem
2706 2111 2848 2167 ferre
2879 2109 2946 2165 de
2971 2108 3130 2165 venia
3162 2107 3213 2162 ei
3241 2120 3349 2160 non
3362 2103 3537 2159 danda

1967 2221 2022 2268 et
2052 2220 2268 2282 portum
2299 2207 2574 2272 claudere,
2613 2220 2722 2277 quo
2749 2204 2864 2276 ipse
2916 2201 3088 2274 magis
3114 2213 3252 2270 opus
3289 2204 3407 2252 erat
3432 2195 3537 2250 ba-

1966 2304 2201 2367 biturus,
2232 2316 2394 2373 quam
2420 2299 2530 2355 alii.
2560 2297 2751 2355 Divina
2772 2296 2917 2352 enim
2942 2293 3173 2367 justitia,
3210 2290 3311 2347 etsi
3344 2303 3540 2360 magna

1967 2411 2035 2453 ex
2062 2404 2212 2466 parte
2236 2392 2407 2450 soleat
2428 2389 2667 2456 differre,
2707 2402 2942 2459 sequens
2982 2385 3129 2466 leges
3168 2379 3537 2456 benignitatis,

1968 2497 2023 2544 ct
2063 2465 2207 2557 quod
2254 2492 2465 2556 quaerat
2513 2480 2894 2555 paenitentiam
2928 2465 3023 2534 :at
3060 2477 3114 2532 in
3167 2477 3271 2531 hoc
3317 2472 3540 2545 quidem

1968 2586 2115 2635 certe
2133 2585 2281 2632 recte
2321 2575 2547 2641 faciens,
2596 2589 2721 2629 eum
2775 2570 2973 2628 invasit
3015 2570 3295 2641 evestigio.
3326 2567 3540 2623 Etenim

1969 2671 2058 2727 ille
2083 2686 2194 2726 non
2237 2669 2409 2726 multo
2449 2663 2738 2736 interiecto
2777 2673 3025 2734 tempore
3068 2678 3190 2718 cum
3223 2659 3543 2716 offendisset

1970 2765 2378 2836 imperatorem,
2413 2760 2585 2816 solam
2642 2756 2949 2821 ecclesiam,
2986 2770 3148 2826 quam
3175 2753 3429 2809 affecerat
3458 2752 3543 2806 in-

1964 2857 2130 2929 juria,
2163 2853 2384 2928 agnovit
2412 2852 2697 2917 auxilium,
2726 2858 2783 2905 et
2819 2848 2886 2904 ad
2913 2863 3031 2904 eam
3064 2843 3383 2917 confugiens
3407 2842 3541 2915 (ιι),

1971 2962 2027 3008 et
2056 2959 2310 3019 tanquam
2353 2959 2565 3004 sacram
2610 2956 2865 2999 ancoram
2900 2937 3338 3012 apprehendens,
3382 2937 3451 2993 ab
3480 2950 3545 2991 ea
3586 2963 3590 2968 “

1971 3044 2245 3116 ηυιυτθὶιαι
2277 3041 2532 3105 salutem,
2568 3052 2732 3108 quam
2782 3035 2900 3106 ipse
2959 3033 3124 3089 stulte
3162 3033 3380 3086 servare
3412 3044 3543 3100 pro-

1973 3137 2243 3193 hibuerat.
2274 3133 2406 3200 Quis
2436 3146 2565 3203 ergo
2596 3144 2740 3185 sanae
2769 3125 2967 3182 mentis
3005 3133 3060 3180 et
3088 3123 3269 3180 sciens
3296 3121 3547 3193 benigni.

1977 3232 2100 3286 tatis
2149 3239 2363 3299 tempus
2417 3237 2471 3282 et
2517 3226 2763 3298 iustitiae,
2797 3239 2923 3279 eum
2962 3219 3288 3293 judicaverit
3323 3218 3545 3290 dignum

295 3331 494 3386 οὐκοῦν
539 3299 662 3386 οῦδὲ
694 3332 723 3384 ὁ
750 3299 925 3401 μέγας
961 3299 1053 3382 τοῦ
1084 3320 1220 3381 Θεοῦ
1251 3326 1561 3395 ἄνθρωπος,
1594 3299 1687 3380 καὶ
1717 3323 1872 3389 εἰδὼς

1976 3321 2371 3388 misericordia,
2394 3319 2508 3391 qui,
2538 3326 2597 3375 ut
2633 3316 2854 3379 dicitur,
2892 3323 3082 3384 captus
3119 3320 3238 3367 erat
3262 3311 3376 3366 suis
3408 3322 3547 3380 pen-

296 3424 484 3493 νέμειν
508 3438 568 3474 τε
603 3420 751 3475 ἔλεον
788 3413 976 3490 ὲφόἷς
1013 3419 1115 3486 δεῖ,
1170 3418 1266 3473 καὶ
1322 3413 1502 3472 οἶκτον
1544 3417 1760 3487 ἐπέχειν
1785 3416 1873 3469 ὅτε

295 3515 399 3580 δεῖ,
450 3514 547 3569 καὶ
590 3511 989 3568 ἀναϐάλλεσθαι
1016 3499 1145 3583 τῆν’
1168 3508 1539 3582 συμπάθειαν.
1579 3508 1735 3581 "nam
1765 3501 1875 3579 γὰρ

301 3609 383 3669 εἰς
432 3607 590 3661 τοῦτο
649 3605 837 3676 φέρειν
870 3603 1058 3660 καὶτὸ
1092 3601 1185 3657 τοῦ
1213 3602 1381 3667 θείου,
1422 3603 1587 3673 φημὶ,
1630 3600 1872 3666 Ἡσαΐου,

299 3697 364 3750 τὸ
389 3697 471 3761 εἰς
530 3695 803 3766 σταθμοὺς
862 3695 956 3748 καὶ
991 3693 1167 3766 μέτρα
1215 3692 1430 3746 κεῖσθαι
1463 3691 1616 3762 παρὰ
1636 3689 1754 3762 Θεῷ
1786 3691 1878 3746 τὸν

302 3789 474 3843 ἔλεον.
505 3786 681 3841 Δύτοῦ
708 3784 999 3857 τοιγαροῦν
1023 3785 1158 3857 πρὸς
1183 3783 1262 3855 τῷ
1277 3781 1650 3855 θυσιαστηρίῳ
1682 3782 1875 3854 κειμέ-

301 3895 420 3945 νου,
453 3877 548 3932 καὶ
609 3877 770 3948 μόνον
797 3876 898 3930 οὐκ
920 3874 1166 3930 ἐκθανεῖν
1196 3874 1303 3929 ὑπὸ
1328 3873 1420 3928 τοῦ
1448 3875 1614 3943 φόϐου
1668 3874 1880 3945 μέλλον-

304 3987 418 4036 τος,
468 3963 619 4033 οὗτος
649 3967 899 4040 ζηλώσας
925 3966 1066 4038 ὑπὲρ
1094 3966 1197 4039 τῆς
1245 3965 1598 4039 Ἐκκλησίας,
1637 3966 1704 4037 ἢν
1731 3963 1879 4037 ἐώρα

285 4063 523 4126 ,πάντως
569 4059 674 4115 ὑπὸ
707 4061 816 4114 τῶν
867 4059 1079 4114 ἐκείνου
1103 4059 1287 4131 νόμων
1330 4058 1755 4131 ὲξυϐρισμένην,
1779 4056 1877 4112 τοῦ

306 4153 499 4225 καιροῦ
558 4153 692 4225 πρὸς
746 4151 904 4206 τοῦτο
933 4152 1244 4219 καλοῦντος,
1271 4151 1479 4216 ἀναϐάς
1509 4150 1597 4205 ἐπ’
1617 4149 1880 4222 ὁκρίϐὰν-

307 4262 419 4312 τος,
441 4240 579 4299 ὥστε
604 4247 736 4299 πᾶσι
765 4243 1016 4314 γενέσθαι
1044 4242 1383 4314 καταφανὴς,
1414 4243 1611 4314 ἧλεγχέ
1633 4258 1692 4295 τε
1717 4240 1880 4296 αὐτὸν

311 4337 634 4409 ἐπικαίρως,
683 4337 777 4391 καὶ
826 4335 1128 4407 λαμϐάνειν
1180 4336 1488 4406 ἀπόπειραν
1536 4333 1633 4387 τοῦ
1696 4332 1880 4396 καλῶς

313 4432 526 4504 ἔχοντος
551 4430 770 4484 ἐκέλευέ
794 4431 979 4502 νόμου.
1011 4429 1077 4481 ΤΞ
1101 4428 1259 4481 τοῦτο
1280 4426 1450 4480 ποιῶν
1479 4428 1507 4479 ὁ
1537 4425 1877 4495 σοφώτατος;

310 4524 432 4593 ἃμα
497 4523 596 4594 μὲν
647 4523 746 4594 τὴν
798 4521 891 4593 τοῦ
943 4519 1080 4574 Θεοῦ
1124 4519 1471 4590 δικαιοσύνην
1498 4518 1592 4571 καὶ
1630 4517 1753 4580 τοὺς
1784 4516 1879 4584 τῆς

1975 3417 2083 3481 nis,
2116 3425 2172 3471 et
2192 3415 2293 3470 bos
2322 3428 2388 3469 ex
2418 3426 2476 3468 se
2517 3410 2795 3482 praebebat
2819 3406 3084 3478 ﬂagellum
3112 3401 3267 3458 iNec
3295 3416 3423 3473 ergo
3454 3400 3549 3456 illo

1975 3522 2203 3580 magnus
2232 3505 2392 3561 homo
2416 3502 2534 3569 Dei,
2557 3501 2648 3573 qui
2679 3509 2735 3556 et
2772 3498 2977 3554 sciebat
2998 3494 3424 3551 misericordiam
3451 3494 3548 3549 tri-

1976 3601 2144 3656 buere
2179 3598 2267 3653 ubi
2306 3604 2540 3673 oportet,
2588 3601 2643 3649 et
2681 3591 2954 3647 sustinere
2983 3589 3202 3660 quando
3230 3596 3465 3658 oportet,
3491 3594 3548 3642 et

1976 3692 2198 3749 differre
2238 3685 2794 3745 commiserationem.
2836 3681 3053 3738 Sciebat
3078 3678 3224 3736 enim
3269 3694 3335 3734 eo
3360 3687 3548 3749 aperto

1979 3770 2229 3856 spectare
2252 3780 2383 3837 illud
2411 3778 2581 3836 divini
2614 3777 2766 3832 Isaiae
2784 3775 2831 3806 “
2862 3793 2875 3829 :
2901 3773 2962 3829 In
2989 3771 3207 3828 stateris
3231 3778 3287 3825 et
3317 3785 3548 3826 mensu-

1980 3877 2054 3932 ris
2110 3875 2271 3930 sitam
2321 3887 2440 3928 esse
2467 3870 2610 3942 apud
2655 3867 2824 3923 Deum
2851 3864 3145 3937 justitiam.
3173 3862 3308 3919 Cum
3342 3860 3389 3916 is
3418 3876 3549 3931 ergo

1975 3965 2183 4038 jaceret
2224 3960 2293 4019 ad
2317 3976 2489 4028 aram,
2516 3968 2577 4019 ,et
2606 3961 2800 4015 timore
2843 3971 3012 4028 prope
3052 3964 3199 4010 esset
3227 3953 3546 4010 moriturus.

1981 4058 2072 4114 hic
2105 4057 2186 4113 vir
2218 4055 2435 4113 divinus
2461 4053 2578 4110 zelo
2607 4060 2792 4108 motus
2818 4064 2919 4121 pro
2949 4046 3214 4114 Ecclesia,
3238 4060 3399 4117 quam
3427 4059 3549 4099 om—

1982 4151 2112 4207 nino
2142 4149 2361 4205 videbat
2399 4146 2570 4203 fuisse
2615 4144 2869 4201 affectam
2927 4138 3261 4197 contumelia
3310 4139 3379 4192 ab
3410 4136 3552 4192 illius

1980 4243 2215 4314 legibus,
2240 4241 2309 4297 ad
2338 4239 2394 4295 id
2430 4246 2657 4296 vocante
2683 4233 2992 4298 occasione,
3029 4231 3405 4292 conscendens
3430 4242 3556 4298 sug-

1982 4326 2215 4408 gestum,
2244 4342 2305 4389 ut
2342 4341 2487 4388 esset
2529 4329 2784 4385 omnibus
2812 4326 3156 4388 manifestus,
3203 4337 3325 4378 cum
3357 4333 3557 4391 oppor-

1985 4437 2116 4483 tune
2143 4426 2341 4498 arguit,
2375 4433 2430 4479 et
2450 4422 2612 4494 jussit
2631 4420 2904 4492 prmclarae
2926 4433 3038 4474 suae
3056 4414 3189 4486 legis
3213 4413 3390 4467 facere
3408 4409 3555 4480 peri-

1985 4519 2190 4575 culum.
2221 4516 2332 4572 Cur
2359 4522 2542 4569 autem
2576 4511 2681 4566 hoc
2723 4508 2952 4565 faciebat
2975 4506 3056 4563 vir
3087 4499 3555 4581 sapientissimus?

318 4592 585 4687 Προνοῖας
645 4592 843 4686 νόμους
872 4602 1143 4683 ἐπαίρων,
1177 4611 1293 4683 ἃμα
1317 4612 1373 4665 δὲ
1406 4611 1501 4665 καὶ
1540 4599 1649 4674 τοῖς
1677 4608 1872 4679 σφόδρα

1988 4611 2159 4673 Simul
2190 4609 2430 4681 quidem,
2491 4618 2550 4662 ut
2589 4603 2870 4660 extolleret
2890 4600 2982 4655 Dei
3010 4595 3276 4669 justitiam
3319 4601 3374 4648 et
3408 4592 3555 4663 leges

313 4708 607 4779 τολμηροῖς
634 4707 1076 4777 ὑποτεμνόμενος
1103 4706 1202 4776 τὴν
1231 4696 1542 4771 αὐθάδειαν,
1578 4704 1657 4766 εἰς
1691 4702 1880 4773 καιρόν

311 4817 373 4852 τε
408 4800 656 4853 κάκεῖνον
706 4799 1160 4869 ὑπομιμνήσκων,
1217 4798 1339 4851 ὅσον
1382 4797 1501 4850 ἐστὶ
1531 4798 1640 4857 τοῖς
1672 4793 1882 4865 ἀνθρώ-

319 4908 440 4956 ποις
502 4894 774 4963 χρήσιμον
794 4891 855 4944 τὸ
887 4891 1288 4960 φιλάνθρωπον.
1349 4888 1535 4942 Ταῦτα
1566 4889 1675 4951 τοῖς
1702 4887 1762 4939 οὔ
1787 4903 1884 4939 κα-

316 4984 428 5046 λοῖς
477 4986 772 5054 λογισταῖς,
814 4984 933 5038 οὐδὲ
949 4986 1011 5038 το
1053 4985 1260 5038 ἐκείνου
1284 4981 1500 5053 πνεῦμα
1522 4980 1883 5052 γινώσκουσιν

315 5076 421 5141 ἔξω
447 5076 541 5130 τοῦ
587 5077 781 5148 καιροῦ
818 5076 1035 5131 πίπτειν
1068 5076 1262 5144 ἐδόκει,
1294 5061 1388 5130 καὶ
1413 5074 1669 5146 φορτικὸς
1698 5071 1885 5144 ἐνομίο

317 5167 462 5231 ζετο,
515 5167 612 5219 καὶ
658 5170 737 5230 εἰς
780 5166 1157 5237 άσπλαγχνίαν
1192 5167 1221 5219 ὁ
1253 5164 1470 5218 πάντων
1500 5162 1883 5235 φιλανθρωπὸ-

315 5274 478 5322 τατος
535 5256 863 5311 διεϐάλλετο·
901 5257 963 5312 τὸ
986 5259 1041 5312 δὲ
1073 5253 1141 5328 ἦν
1190 5256 1326 5322 ὅλως
1360 5255 1760 5328 φιλανθρωπία.
1792 5254 1886 5307 καὶ

318 5350 476 5418 ζῆλος
526 5350 668 5421 ὑπὲρ
732 5351 903 5422 αὐτῆς
971 5350 1369 5421 καιριώτατος,
1434 5348 1520 5403 ἵνα
1571 5347 1784 5401 εἰδῶσιν
1835 5348 1884 5400 οἱ

319 5441 547 5512 σκληροὶ
607 5445 924 5498 παντάπασι
961 5447 1057 5496 καὶ
1093 5442 1397 5514 ώμὸθυμοι,
1427 5441 1701 5513 ἄνθρωποι
1735 5441 1887 5503 ὅντες

301 5533 415 5584 ’καὶ
483 5533 829 5604 ἀνθρωπίνης
876 5526 1174 5607 ἡττώμενοι
1218 5532 1520 5601 ἀσθενείας,
1553 5533 1645 5587 καὶ
1685 5534 1805 5586 ἐπεὶ
1829 5536 1887 5585 τὸ

397 5675 442 5704 ⁸³
482 5674 584 5728 lsa.
622 5688 814 5738 sunt,
853 5674 934 5729 l7.

1986 4701 2368 4768 Providentiae,
2390 4708 2446 4755 et
2472 4698 2759 4754 audacium
2786 4693 3067 4750 hominum
3096 4690 3376 4758 frangeret
3405 4698 3557 4740 arro-

1987 4795 2250 4871 gantiam,
2284 4802 2340 4849 et
2383 4800 2443 4848 ut
2472 4790 2623 4846 illum
2657 4788 2715 4843 in
2734 4796 2991 4871 tempore
3026 4782 3348 4839 admoneret
3381 4794 3555 4850 quan‘

1992 4852 2105 4946 rum
2124 4884 2439 4943 hominibus
2452 4882 2658 4938 bonum
2682 4867 2751 4935 sit
2770 4874 3076 4932 clementia.
3111 4872 3235 4928 Haec
3262 4886 3372 4927 non
3400 4867 3559 4925 bonis
3614 4852 3631 4866 ’

1990 4977 2481 5041 ratiocinatoribus,
2523 4983 2578 5053 et
2595 4973 2686 5045 qui
2709 4971 2828 5043 ejus
2849 4967 3099 5040 spiritum
3130 4980 3239 5021 non
3269 4969 3556 5027 noverant,

1992 5073 2313 5131 videbantur
2338 5080 2489 5125 extra
2522 5076 2737 5137 tempus
2760 5060 3026 5120 cecidisse
3061 5076 3074 5113 :
3105 5066 3160 5114 et
3190 5057 3556 5129 importunus,

1995 5165 2131 5238 proh
2160 5164 2334 5230 dolor,
2365 5159 2798 5223 existimabatur,
2830 5154 2922 5225 qui
2955 5161 3074 5209 erat
3108 5150 3428 5207 mitissimus
3462 5165 3475 5201 :
3504 5156 3560 5200 et

1994 5257 2351 5313 accusabatur
2407 5250 2647 5316 saevitiae,
2682 5249 2774 5320 qui
2802 5255 2920 5302 erat
2957 5243 3201 5328 omnium
3226 5238 3560 5297 humanissi—

1994 5363 2137 5404 mus.
2176 5348 2231 5402 ld
2260 5353 2443 5401 autem
2500 5350 2620 5397 erat
2647 5339 2869 5395 omnino
2900 5334 3233 5400 humanitas,
3276 5340 3332 5386 et
3363 5343 3462 5400 pro
3495 5343 3559 5380 ea

1995 5441 2142 5495 zelus
2189 5438 2273 5493 vel
2323 5432 2838 5508 opportunissimus,
2888 5438 2947 5485 ut
3000 5430 3419 5499 cognoscerent,
3466 5418 3586 5488 qui.

1995 5540 2153 5585 erant
2182 5529 2403 5584 omnino
2443 5526 2565 5582 dnri
2621 5535 2675 5581 et
2704 5524 2908 5580 crudeli
2946 5522 3152 5587 animo,
3186 5531 3244 5571 se
3288 5512 3558 5575 homines,

396 5838 513 5906 (Μ’),
539 5835 852 5906 Eutropium
884 5837 947 5893 ad
976 5835 1260 5893 ecclesiam
1326 5834 1485 5904 paulo
1520 5841 1639 5906 post
1686 5829 1965 5888 Paschalis
2003 5829 2161 5899 dies,
2212 5844 2355 5883 anno
2420 5826 2543 5895 599,
2612 5823 2919 5895 confugisse
2985 5824 3250 5876 memorat
3293 5813 3566 5872 Baronins

323 5915 456 5964 tom.
507 5905 545 5961 V
580 5905 773 5963 Annal.
