3834 6540
314 410 445 481 illi

1553 405 1841 469 MENSIS
1877 404 2340 473 JANUARIUS.

3461 400 3615 470 illi

314 530 400 584 vel
426 528 495 582 ab
520 537 755 581 humana
790 522 917 578 victi
962 520 1320 576 infirmitate:
1357 529 1556 575 etcum
1588 519 1640 574 in
1668 519 1897 587 fratrum

2029 519 2237 590 ἱρηστὺν
2267 520 2325 572 ὲν
2351 519 2464 582 τοῖς
2510 517 2618 574 τῶν
2681 518 2924 589 ἀδελφῶν
2978 517 3250 601 mea“,
3281 519 3607 591 παραπτώ.

317 620 530 677 delictis
558 616 857 689 iguorarint
899 613 1312 686 benignitatem,
1356 627 1477 666 eam
1521 612 1792 667 discerent
1845 611 1901 677 in

319 713 433 768 suis
467 729 481 766 :
515 720 719 766 etcum
769 706 1111 772 didicissent,
1163 704 1423 777 quidquid
1473 713 1559 761 est
1602 704 1903 769 humanum

316 812 374 859 et
402 800 813 866 immisericors,
857 808 914 853 et
942 796 1165 869 benigni
1195 807 1251 852 et
1286 796 1668 853 misericordes
1705 796 1903 850 fierent

317 911 418 969 per
443 892 841 966 paenitentiam.
866 890 959 947 Sic
979 906 1109 962 ergo
1133 889 1391 960 paulatim
1424 887 1481 943 in
1512 887 1902 943 nonnullorum

315 987 511 1047 animis
541 1001 649 1040 non
686 993 834 1041 recte
857 985 912 1038 in
935 998 1060 1038 cum
1092 982 1415 1037 versabatur
1437 980 1646 1036 odium.
1694 976 1801 1032 Sed
1833 978 1903 1045 de

319 1095 422 1137 nae
446 1095 506 1134 re
559 1076 779 1149 quidem
808 1083 864 1130 et
908 1076 976 1131 de
1032 1074 1218 1139 exilio,
1253 1073 1396 1144 quod
1423 1086 1641 1137 omnem
1682 1082 1904 1141 superat

316 1170 664 1242 injustitiam,
699 1174 1011 1237 exspectate
1040 1165 1343 1236 paululum.
1378 1161 1532 1217 Nunc
1555 1169 1759 1225 autem,
1783 1175 1904 1230 quae

315 1266 372 1321 id
408 1268 824 1335 praecesserunt,
884 1268 940 1313 et
982 1273 1103 1328 quae
1133 1271 1236 1312 nec
1264 1262 1393 1321 sunt
1425 1254 1644 1324 quidem
1676 1261 1903 1325 praeter-

317 1354 604 1419 mittenda,
645 1352 870 1407 mandet
891 1351 1116 1409 auribus
1141 1349 1340 1404 oratio.

389 1446 578 1502 XXVI.
617 1445 878 1500 Sanctum
907 1446 1083 1498 virum
1112 1458 1179 1499 eo
1209 1452 1455 1512 tempore
1505 1456 1594 1496 res
1650 1438 1899 1510 quaedam

319 1538 590 1611 alliciebat
624 1536 975 1597 inoleStia,et
1006 1535 1130 1605 igne
1175 1533 1274 1588 zeli
1308 1532 1571 1603 implebat
1619 1531 1737 1602 ejus
1786 1531 1903 1587 ani-

320 1646 486 1699 mam.
519 1629 732 1693 Etenim
757 1626 1088 1699 permissum
1121 1634 1241 1681 erat
1266 1625 1482 1680 Arianis
1542 1625 1685 1679 intra
1714 1623 1903 1678 civita—

325 1733 434 1776 tem
479 1721 687 1777 habere
753 1717 1209 1773 conciliabulum:
1258 1715 1400 1787 quod
1450 1715 1668 1785 quidem
1728 1714 1906 1775 fuerat

2005 626 2196 680 μασιν,
2228 611 2287 663 ὲν
2313 612 2425 674 τοῖς
2490 608 2701 664 ἑαυτῶν
2750 610 2986 682 μάθωσι,
3010 611 3103 665 καὶ
3136 610 3460 681 ποθήσωσι,
3513 612 3612 677 καὶ

2004 702 2235 773 χρηστοὶ
2290 703 2559 771 γένωνται
2624 702 2713 757 διὰ
2764 700 3078 773 μετανοίας.
3107 686 3294 765 Οὓτμές
3334 701 3444 757 οὖν
3482 703 3613 763 κατ’

2002 796 2184 864 ὀλίγον
2204 794 2403 869 ψυχαῖς
2424 813 2566 849 τισιν
2591 796 2652 849 οὑ
2681 796 2880 867 καλαῖς
2907 796 2971 857 τὸ
2999 795 3137 867 πρὸς
3190 796 3352 861 αὑτὸν
3400 795 3614 866 Δἑστρέυ

2008 908 2140 957 (peto
2190 893 2371 959 μῖσος.
2447 889 2611 947 Ἀλλά
2642 890 2713 959 τά
2755 890 2858 961 μὲν
2916 891 3047 962 περὶ
3094 889 3287 944 τούτου
3340 891 3456 949 καὶ
3508 888 3616 957 τῆς

2004 982 2216 1038 ἀδικίαν
2246 981 2426 1035 πᾶσαν
2451 981 2898 1052 ὑπερϐαλλούσης
2916 981 3237 1053 ὑπερορίας,
3256 982 3401 1053 πρὸς
3416 980 3616 1049 ὀλίγον

2007 1074 2356 1145 ἀναμεινάτω
2398 1089 2411 1104 ·
2464 1074 2560 1128 νῦν
2620 1073 2679 1126 δὲ
2723 1074 2791 1129 τὰ
2834 1075 3116 1144 φθάσαντα
3179 1074 3393 1146 ταύτην
3432 1114 3450 1139 ,
3516 1074 3615 1127 καὶ

1982 1160 2104 1219 ¹ὅσα
2162 1165 2296 1235 μηδὲ
2347 1165 2640 1237 παρελθεῖν
2692 1166 2868 1234 ἀξιον,
2920 1168 2949 1219 ὁ
2997 1166 3154 1235 λόγος
3204 1167 3430 1237 νεμέτω
3487 1166 3614 1230 ταῖς

2005 1258 2220 1322 ἀκοαῖς.

2074 1438 2219 1508 KQ".
2263 1440 2483 1494 Ἐλύπει
2530 1440 2620 1494 τὸν
2658 1438 2817 1508 ἅγιον
2847 1441 3079 1511 πρᾶγμα
3098 1440 3192 1495 τοῦ
3222 1440 3345 1493 τότε
3375 1437 3612 1508 καιροῦ.

2006 1532 2103 1587 κα).
2163 1532 2297 1605 πυρὶ
2359 1533 2526 1604 ζήλου
2559 1532 2659 1605 τὴν
2697 1532 2862 1589 αὑτοῦ
2888 1532 3067 1604 ψυχὴν
3094 1531 3450 1602 ἐνεπίμπρα.
3493 1528 3623 1585 Καὶ

2006 1624 2115 1696 γὰρ
2144 1625 2276 1678 εἴσω
2305 1625 2402 1697 τῆς
2431 1624 2640 1688 πόλεως
2672 1625 2794 1677 τότε
2826 1623 2895 1678 τά
2929 1624 3184 1695 συνέδρια
3208 1626 3321 1687 τοῖς
3371 1624 3612 1694 ’Δρεια-

2005 1719 2119 1780 νοῖς
2148 1711 2240 1786 ἦν’
2276 1717 2414 1788 ὅπερ
2474 1715 2695 1780 πολλοῖς
2729 1716 2901 1771 αῖτιον
2938 1715 3176 1787 κατέστη
3224 1714 3335 1769 τῶν
3390 1714 3613 1769 ἁπλου-

322 1812 511 1885 tnultis
550 1826 735 1874 causa,
773 1818 835 1863 ut
858 1809 1195 1877 eodem,quo
1227 1807 1353 1877 ipsi,
1377 1805 1693 1862 laborarent
1714 1804 1905 1860 tnorbo

2029 1810 2238 1879 πτέρων,
2266 1810 2361 1863 τοῦ
2388 1809 2486 1883 την
2516 1811 2688 1883 αὑτὴν
2717 1811 2951 1887 ἐκείνοις
2974 1794 3211 1881 ’νοσῆσαι
3238 1809 3604 1874 κακοδοξίαν.

322 1874 478 1979 ᾖυειεε
506 1901 808 1973 Opinionis.
835 1900 1216 1971 Opportunum
1246 1868 1431 1968 itaque
1449 1908 1663 1967 tempus
1689 1906 1901 1960 nactus,

2029 1901 2219 1974 (αιροῦ
2270 1902 2450 1968 τοίνυν
2503 1902 2813 1975 ἐπιτηδείου
2862 1901 3066 1974 τυχὼν,
3096 1902 3311 1974 ήνίκαὸ
3338 1901 3612 1973 βασιλεὺς

322 1997 542 2069 quando
574 1996 875 2066 imperator
897 1993 1049 2049 venit
1092 1992 1159 2048 ad
1191 2006 1431 2058 sacrum,
1464 1989 1604 2046 festo
1647 2004 1773 2044 eum
1835 1988 1903 2044 ad

321 2084 381 2153 id
399 2098 624 2145 vocante
655 2088 794 2158 (erat
853 2099 1035 2141 autem
1096 2084 1213 2141 dies
1266 2083 1696 2155 Epiphaniorum
1738 2080 1853 2152 (12)
1886 2098 1911 2136 τι

322 2182 420 2238 Dic
446 2182 599 2247 mihi,
625 2180 822 2250 inquit,
843 2193 876 2233 ο
898 2179 1200 2248 imperator
1233 2194 1245 2231 :
1278 2175 1322 2229 si
1346 2176 1468 2246 quis
1495 2174 1624 2229 buie
1660 2173 1905 2245 pulchrae

323 2282 379 2328 et
400 2269 988 2345 pretioste(ostendens
1039 2281 1320 2333 coronam,
1367 2280 1530 2336 quam
1576 2263 1812 2319 habebat
1847 2261 1903 2317 in

322 2364 522 2438 capite)
545 2363 807 2437 quosdam
836 2360 1076 2429 abjectos
1109 2367 1165 2413 et
1184 2357 1448 2413 obscuros
1501 2355 1711 2426 lapides
1758 2354 1907 2409 inse-

325 2460 546 2521 ruisset,
570 2455 919 2510 videreturne
941 2450 1035 2505 tibi
1069 2450 1170 2506 hoc
1192 2464 1312 2505 esse
1334 2448 1697 2514 tolerandum,
1720 2454 1905 2501 etnon

325 2558 583 2620 tanqtlarn
614 2545 867 2601 universa
900 2558 1000 2615 per
1022 2541 1146 2596 illos
1194 2539 1502 2595 afﬁceretur
1548 2537 1902 2605 contumelia,

324 2658 468 2716 aegre
495 2640 717 2696 tulisses
745 2636 769 2690 τ
794 2635 930 2690 Cum
960 2635 1007 2690 is
1024 2643 1206 2689 autem
1232 2632 1449 2697 veritati
1497 2629 1767 2687 sermonis
1805 2645 1906 2684 au-

327 2736 581 2791 nuisset:
613 2729 755 2798 Quid
784 2725 936 2793 vero,
980 2726 1179 2798 inquit,
1220 2741 1331 2781 non
1373 2724 1654 2780 existimas
1684 2723 1909 2777 univer-

328 2842 511 2887 sorum
540 2823 742 2895 Regem
768 2803 952 2887 irasci,
984 2818 1027 2874 si
1062 2819 1117 2872 in
1153 2816 1240 2889 pia
1270 2816 1517 2885 civitate,
1548 2823 1602 2869 et
1619 2830 1740 2886 qua
1792 2830 1909 2870 om-

2005 1992 2088 2064 τῷ
2124 1992 2256 2065 ἱερῷ
2285 1992 2585 2065 προσῆλθε,
2626 1993 2725 2064 τῆς
2760 1993 2957 2064 ἑορτῆς
3000 1994 3080 2056 εἰς
3118 1993 3279 2047 τοῦτο
3316 1992 3611 2062 καλούσης

2009 2082 2098 2159 (ἦν
2124 2086 2179 2140 δὲ
2203 2088 2236 2157 ἠ
2261 2086 2369 2145 τῶν
2406 2086 2740 2157 Ἑπιφανίων
2789 2085 3021 2161 ἡμέρα),
3070 2086 3206 2141 Εἰπέ
3240 2104 3354 2155 μοι,
3389 2086 3528 2158 ἔφη,
3564 2078 3609 2140 ὦ

2006 2178 2254 2251 βασιλεῦ,
2276 2180 2436 2244 εἴτις
2468 2179 2545 2249 τῷ
2576 2178 2729 2250 καλῷ
2759 2179 2934 2251 τούτῳ
2965 2180 3059 2233 καὶ⁸
3081 2179 3389 2250 πολυτίμῳ,
3419 2180 3606 2248 δείξας

2006 2274 2207 2328 τὸνέπὶ
2254 2266 2631 2344 τῆς-κεφαλῆς
2666 2272 2952 2343 στέφανον,
2975 2271 3160 2334 λίθους
3175 2273 3331 2337 τινάς
3357 2272 3607 2343 ἀζήλους

2007 2368 2103 2423 καὶ
2161 2367 2446 2438 ἀμαυροὺς
2511 2366 2669 2437 ἔτυχε
2738 2365 3095 2438 παρενείρας,
3121 2360 3230 2438 ἆρά
3261 2382 3347 2420 σοι
3368 2365 3605 2419 ἀνεκτὸν

2007 2459 2177 2525 εδοξε,
2236 2460 2333 2513 καὶ
2395 2457 2495 2529 οὑχ
2523 2458 2600 2523 ὡς
2640 2456 2737 2512 τοῦ
2795 2457 2998 2521 παντὸς
3050 2457 3220 2521 δήπου
3248 2456 3321 2513 δι’
3369 2456 3607 2511 ἐκείνων

2010 2551 2366 2622 ὑϐριζομένου
2432 2550 2687 2621 χαλεπῶς
2724 2549 3005 2621 ἤνεγκας
3063 2548 3157 2603 τοῦ
3192 2549 3247 2602 δὲ
3281 2547 3362 2619 τῷ
3397 2549 3601 2619 ἀληθεῖ

2011 2644 2105 2698 τοῦ
2142 2642 2302 2711 λόγου
2335 2641 2891 2712 συγκατανεύσαντος,
2925 2641 2990 2694 Τί
3022 2639 3100 2703 δὲ,
3130 2640 3316 2710 φησὶν,
3341 2641 3471 2713 οὑχὶ
3514 2641 3604 2693 καὶ

2009 2734 2089 2807 τῷ
2122 2735 2337 2805 βασιλεῖ
2376 2733 2485 2787 τῶν
2544 2734 2681 2788 ὅλων
2708 2733 2775 2787 δι’
2805 2733 2977 2806 ὀργῆς
3032 2729 3171 2787 εἶναι
3200 2732 3404 2795 δοκεῖς,
3432 2730 3595 2803 εἴπερ

2010 2829 2071 2893 έν
2099 2825 2315 2880 εὐσεϐεῖ
2360 2824 2535 2891 πόλει,
2576 2825 2673 2881 καὶ
2722 2824 2812 2881 διὰ
2872 2808 3090 2878 πάντων
3143 2824 3348 2897 ἐχούσῃ
3393 2823 3600 2888 καλῶς,

328 2919 461 2977 uiuo
491 2924 640 2970 recte
666 2928 726 2971 se
756 2910 943 2974 habet,
972 2925 1118 2979 pars,
1149 2924 1271 2981 quae
1302 2907 1447 2962 male
1479 2907 1665 2972 sentit,
1696 2906 1907 2963 sinatur

2029 2915 2321 2983 ιακοδόξων
2382 2917 2569 2987 ὅμιλος
2625 2917 2835 2971 ἀνίεται
2891 2918 3188 2984 κατοικεῖν,
3241 2906 3362 2970 δέον
3424 2915 3460 2988 ἢ
3504 2915 3598 2985 τὴν

326 3007 589 3071 habitare,
655 3019 780 3059 eum
831 3008 1079 3071 oporteat
1128 2999 1215 3055 vel
1244 2998 1312 3054 ab
1366 2997 1499 3069 ipsis
1554 2996 1790 3069 exigere,
1849 3004 1907 3051 ut

2029 3010 2348 3081 ίπιστροφὴν
2406 3008 2605 3073 αὑτοὺς
2681 3010 2968 3076 ἀπαιτεῖν,
3027 3009 3059 3080 ἢ
3126 2994 3474 3081 ἐμμένοντας
3529 3009 3600 3072 ὡς

327 3105 720 3155 convertantur
752 3111 767 3150 :
796 3093 882 3148 vel
915 3092 963 3148 si
1002 3097 1378 3162 perseverent,
1410 3089 1666 3160 protinus
1722 3088 1907 3160 expel-

2029 3102 2244 3174 τάχιστα
2299 3101 2675 3167 ἀπελαύνεινζ
2722 3100 2942 3157 Τούτων
2987 3102 3226 3164 ἀκούσας
3249 3103 3277 3155 ὁ
3306 3100 3593 3170 βασιλεὺς,

326 3186 631 3253 lere?i_i2ec
665 3200 791 3241 cum
840 3182 1102 3238 audiisset
1148 3182 1466 3259 imperator,
1521 3194 1632 3234 non
1673 3179 1907 3249 distulit,

2029 3193 2142 3256 τοὺς
2195 3191 2449 3262 πρώτους
2489 3191 2669 3245 αὑτῶν
2707 3192 3158 3263 μεταπέμπεται,
3194 3194 3396 3264 πεῖραν
3429 3191 3600 3262 ληψόο

328 3297 432 3338 nee
461 3288 544 3335 est
571 3284 859 3333 cunctatus
884 3292 896 3326 :
930 3272 1026 3327 sed
1059 3271 1264 3347 primos
1295 3286 1485 3327 eorum
1508 3270 1690 3325 statim
1720 3284 1907 3325 accer-

2029 3300 2202 3353 μενος,
2231 3283 2281 3337 εί
2304 3283 2605 3353 ἀποστῆναι
2632 3282 2731 3355 τῆς
2762 3284 3000 3354 φευκτῆς
3026 3281 3303 3337 πείθονται
3330 3281 3454 3355 [γρ.
3480 3281 3595 3335 πείο

328 3376 442 3438 siit,
478 3384 533 3429 et
556 3387 623 3427 ex
654 3370 734 3429 eis
763 3368 904 3424 scire
932 3365 1123 3432 voluit,
1154 3380 1222 3419 an
1244 3365 1301 3420 in
1323 3364 1567 3420 animum
1591 3364 1907 3420 indueerent

2029 3378 2251 3452 θωνται]
2274 3378 2456 3450 δόξης,
2487 3379 2786 3452 ὑπερορίαν
2831 3379 3139 3450 ἀπειλήσας
3170 3382 3281 3447 τοῖς
3309 3375 3596 3432 ἀπειθοῦσι

332 3487 362 3524 ιι
413 3465 667 3538 fugienda
719 3462 982 3518 desistere
1026 3459 1309 3530 Opinione,
1371 3457 1610 3513 minatus
1659 3456 1907 3512 exsilium

2029 3470 2113 3526 καὶ
2162 3472 2264 3543 την
2312 3472 2423 3525 τῶν
2471 3470 2643 3525 ὄντων
2688 3472 2971 3544 στέρησιν.
3016 3469 3105 3536 Ὦς
3132 3471 3191 3525 δὲ
3232 3469 3383 3541 ἑώρα
3434 3466 3596 3541 μηδὲν

330 3568 388 3614 et
407 3560 675 3615 bonorum
706 3571 927 3610 suorum
950 3552 1317 3626 privationem
1352 3550 1442 3618 iis,
1492 3552 1584 3622 qui
1608 3568 1718 3608 non
1750 3567 1916 3624 parca

330 3661 471 3709 rent.
501 3650 638 3705 Cum
691 3657 873 3703 autem
906 3647 1131 3703 vidisset
1188 3658 1285 3700 eos
1313 3659 1436 3701 esse
1462 3645 1909 3711 immedicabiles,

331 3745 511 3800 minas
540 3742 766 3798 deduxit
790 3741 858 3796 ad
891 3740 1172 3804 effectum,
1204 3747 1259 3793 et
1285 3735 1455 3805 jussit
1507 3753 1604 3794 eos
1660 3737 1914 3810 expellie

331 3836 570 3890 civitate.
604 3831 719 3887 Hoc
749 3830 951 3899 ell‘ecit,
976 3838 1036 3886 ut
1083 3829 1239 3883 multi
1268 3843 1512 3883 errorem
1546 3827 1914 3894 dediscentes,

331 3943 389 3982 se
414 3934 578 3981 rectae
611 3924 975 3995 adiungerent
1002 3921 1271 3992 Opinioni,
1303 3919 1447 3991 quod
1472 3919 1682 3974 nollent
1720 3934 1919 3990 corpo-

272 4027 279 4034 ‘
332 4021 410 4074 ris
439 4015 1109 4076 sustinere-afﬂictionem,
1141 4012 1336 4067 animae
1389 4011 1580 4066 vitium
1603 4011 1920 4083 ejicientes:

332 4121 389 4165 et
418 4107 565 4179 quod
595 4106 929 4162 laboriosum
970 4102 1223 4174 fugerent
1254 4101 1528 4165 exsilium,
1580 4116 1640 4155 se
1686 4100 1921 4171 improbi

2021 3562 2542 3633 μεταπειθομένους,
2591 3563 2693 3634 τῆς
2744 3563 2953 3625 πόλεως
2981 3560 3321 3633 ἀπελαθῆναι
3356 3558 3592 3614 κελεύει.

2019 3655 2128 3708 Καὶ
2176 3653 2318 3708 οὑτω
2347 3654 2535 3709 πολλοὶ
2566 3655 2665 3729 τὴν
2696 3654 2907 3726 πλάνην
2936 3653 3348 3724 ἐξομοσάμενοι,
3368 3656 3436 3724 τῇ
3468 3649 3592 3721 ὀρθῇ

2026 3746 2355 3820 προσέθεντο
2382 3747 2507 3820 δόξῃ
2527 3762 2539 3775 ·
2580 3749 2696 3802 ὅσοι
2723 3747 2780 3801 δὲ
2821 3749 2897 3818 μὴ
2922 3743 3064 3819 ἦσαν
3091 3746 3190 3818 τὴν
3222 3746 3430 3809 κακίαν
3456 3744 3594 3798 ἰάσι-

2025 3859 2137 3913 μοι,
2196 3835 2346 3895 οὑτοι
2404 3842 2504 3909 τὴν
2547 3841 2846 3912 ὑπερορίαν
2875 3841 3327 3912 κατακριθέντες,
3357 3840 3465 3905 ἔξω
3498 3854 3591 3892 που

2021 3935 2122 4002 τῆς
2153 3932 2421 4004 βασιλίδος
2479 3932 2748 4005 διέτριϐον
2775 3932 3002 3996 πόλεως.
3062 3926 3197 3985 Elea
3225 3929 3425 4001 χρόνου
3459 3927 3593 3989 τινὸς

2021 4023 2468 4104 διαρρεύσαντος,
2514 4024 2621 4079 ὑπὸ
2645 4010 2754 4078 τῶν
2782 4026 2915 4079 εἴσω
2947 4024 3057 4079 τῶν
3097 4021 3389 4095 βασιλείων
3426 4019 3595 4077 αὐλῶν

2021 4116 2092 4175 τὰ
2127 4113 2219 4171 ίσα
2258 4116 2557 4172 νοσούντων
2582 4115 2725 4171 κατά
2758 4115 2821 4170 τὸ
2847 4114 3074 4187 λεληθὸς
3101 4113 3589 4186 συγκρατούμενοιο

334 4201 517 4273 potius
546 4196 814 4269 dogmatis
848 4193 1103 4250 laudabili
1158 4192 1349 4249 exsilio
1366 4192 1820 4259 condemnantes,
1868 4204 1907 4253 e1

2029 4205 2163 4262 ἀλλά
2190 4222 2256 4274 γε
2283 4206 2379 4260 καὶ
2415 4206 2727 4279 παρρησίας
2753 4208 2937 4272 αὐτοῖς
2962 4208 3104 4261 κατά
3140 4207 3337 4279 μικρὸν
3373 4207 3591 4261 ὑπανοι·

335 4304 566 4364 utraque
594 4299 742 4346 recte
772 4288 1064 4362 fugientes.
1096 4286 1423 4358 Quicunque
1452 4296 1639 4343 autem
1689 4286 1907 4347 fuerunt

2029 4311 2290 4370 γομενης,
2326 4295 2642 4368 ἐθάρσησαν
2666 4297 2724 4351 έν
2748 4313 2861 4351 τισι
2879 4296 2998 4357 ,τῶν
3019 4298 3309 4368 ἐπισήμων
3349 4296 3588 4368 ἡμερῶν.

335 4390 563 4447 omnino
615 4386 967 4453 incurabiles,
1017 4385 1055 4440 ii
1111 4392 1379 4457 perpetuo
1405 4384 1648 4442 damnati
1708 4385 1922 4449 exsilio,

2028 4390 2087 4451 ὲν
2119 4384 2209 4455 αἷς
2256 4387 2482 4443 εἰώθασι
2520 4387 2771 4458 γίνεσθαι
2832 4386 3111 4456 συνάξεις,
3150 4390 3253 4442 καὶ
3304 4389 3462 4443 αὑτοὶ
3499 4385 3590 4455 τὴν

333 4481 698 4541 τοι-εσϋξιηιυι·
736 4485 891 4534 extra
949 4474 1153 4548 regiam
1220 4473 1523 4537 civitatem,
1575 4489 1687 4530 suae.
1729 4475 1907 4531 anima

2030 4486 2186 4542 πόλιν
2240 4484 2487 4550 εἰσιέναι,
2555 4484 2651 4538 καὶ
2697 4483 2827 4557 περὶ
2875 4483 2975 4548 τὰς
3007 4485 3173 4548 στοάς
3215 4482 3587 4555 ἀθροῖζεσθαι,

334 4575 528 4630 morbo
559 4589 619 4629 se
648 4571 1007 4634 obiectantes,
1038 4576 1094 4624 et
1130 4581 1255 4623 eum
1284 4566 1582 4638 deponere,
1605 4582 1715 4623 non
1738 4576 1907 4624 autem

2029 4578 2169 4653 ᾤδάς
2197 4578 2257 4631 τέ
2287 4592 2441 4641 τινας
2474 4573 2808 4645 ἀντιφὼνους
2839 4574 3009 4648 ᾄδειν,
3030 4575 3212 4640 καθὼς
3239 4571 3387 4646 εἶχον
3419 4573 3587 4642 δόξης,

336 4667 541 4724 habere
605 4662 996 4721 miserabiliter
1060 4660 1474 4716 erubescentes.
1534 4658 1739 4716 Deinde
1795 4676 1921 4719 cum

233 4812 239 4819 ,
336 4770 555 4828 tempus
585 4754 804 4825 aliquod
857 4749 1254 4813 ellluxissetah
1304 4749 1371 4804 iis
1402 4749 1494 4820 qui
1544 4750 1684 4821 intra
1740 4751 1920 4807 aulam

282 4888 292 4898 .
333 4846 685 4920 imperatoris
722 4839 915 4901 eadem
968 4841 1280 4901 sentiebant
1320 4840 1455 4911 (15),
1504 4840 1740 4901 latenter
1786 4857 1922 4898 con-

340 4940 564 5012 gregati,
611 4938 691 4993 sic
733 4937 813 4991 eis
849 4934 1110 5009 paulatim
1145 4942 1335 5004 aperta
1379 4932 1595 4993 dicendi
1646 4933 1919 5001 libertate,

340 5036 454 5089 ausi
485 5041 612 5087 sunt
644 5032 717 5085 illi
754 5032 809 5085 in
857 5028 1190 5100 quibusdam
1226 5027 1422 5083 diebus
1477 5027 1804 5105 insignibus,
1867 5029 1921 5083 in

341 5127 539 5201 quibus
561 5125 736 5181 solent
770 5134 947 5179 coetus
976 5122 1293 5189 convenire,
1327 5120 1431 5199 ipsi
1459 5136 1677 5191 quoque
1713 5121 1921 5195 ingredi

338 5221 615 5275 civitatem
648 5228 701 5271 et
732 5216 849 5289 cogi
878 5216 932 5270 in
977 5216 1298 5286 porticibus,
1355 5223 1410 5270 et
1458 5215 1626 5270 libere
1667 5217 1915 5285 quaedam

336 5309 635 5385 antiphona
688 5307 794 5380 ipsi
839 5322 1038 5363 canere
1091 5307 1325 5373 cantica,
1367 5306 1667 5378 composita
1710 5323 1915 5362 conve-

340 5406 552 5459 nienter
578 5388 766 5458 eorum
795 5400 1040 5472 opinioni
1067 5418 1082 5466 ;
1117 5406 1174 5455 et
1220 5400 1364 5472 quod
1395 5400 1601 5472 quaevis
1628 5401 1716 5470 pia
1770 5401 1921 5456 auris

339 5495 705 5562 abborruerit,
751 5494 1013 5565 paulatim
1048 5502 1431 5565 processerunt
1451 5510 1516 5549 co
1545 5494 1919 5565 impudentia},

341 5599 403 5644 ut
422 5589 585 5645 etiam
615 5586 940 5643 ortbodoxis
991 5586 1345 5658 psallentibus
1378 5588 1778 5658 etrprobrarent
1820 5589 1923 5644 bo-

416 5794 527 5868 (l2)
556 5795 683 5872 llaec
707 5797 999 5872 contigisse
1018 5806 1264 5872 autumat
1289 5798 1555 5867 Baronius
1587 5811 1712 5872 post
1763 5817 1919 5859 exor-

342 5866 453 5924 tam
485 5866 815 5926 OHhOdO‘KOS
844 5866 985 5926 inter
1012 5880 1063 5925 et
1094 5866 1323 5926 Ariauos
1352 5866 1803 5930 controversiam.

2027 4669 2466 4743 συντεθειμένας.
2511 4669 2606 4732 Εἰς
2665 4668 2824 4724 τοῦτο
2862 4669 2921 4724 δὲ
2974 4669 3256 4733 ἀναιδείας
3299 4666 3587 4740 προῆλθον,

2026 4764 2102 4826 ὡς
2157 4763 2254 4817 καὶ
2321 4762 2433 4824 τοῖς
2491 4758 2793 4832 ὀρθοδόξοις
2844 4759 3145 4830 ψάλλοντας
3206 4758 3489 4823 ὀνειδίζειν
3537 4753 3590 4808 τὸ

2025 4853 2331 4925 ὀμοούσιον,
2360 4851 2458 4907 καὶ
2494 4852 2574 4915 είς
2597 4849 2741 4921 ᾠδὴν
2768 4851 2899 4905 αὑτὸ
2932 4852 3145 4916 θέσθαι,
3169 4850 3283 4906 Ποῦ
3312 4851 3444 4905 ποτέ
3474 4849 3586 4921 alios,

2029 4948 2313 5016 λέγοντας,
2341 4946 2390 4999 οί
2427 4945 2495 4999 τὰ
2515 4943 2645 5014 τρία
2677 4944 2809 5014 μίαν
2860 4942 2999 5001 εἶναι
3023 4945 3415 5017 πρεσϐεύοντες
3445 4943 3590 4999 δύνα·

2031 5056 2156 5112 μιν;
2188 5040 2362 5094 ταῦτα
2392 5038 2482 5092 τὸν
2524 5019 2702 5111 ρίέγαν
2726 5037 3036 5094 ἀκούσαντα
3063 5038 3247 5111 πολλῷ
3272 5039 3434 5093 πλέον
3459 5034 3586 5103 ὁτῆς

2026 5130 2310 5195 εὐσεϐείας
2362 5128 2628 5199 ἀνέφλεγε
2682 5130 2864 5202 ζῆλος.
2906 5130 3194 5186 Ἐδεδοίκει
3250 5132 3358 5203 γὰρ
3419 5130 3492 5203 μὴ
3534 5127 3587 5180 τδ

2025 5224 2195 5281 κακὸν
2215 5222 2529 5296 παρρησίας
2555 5220 2701 5276 οὑτω
2728 5223 2869 5278 κατὰ
2894 5224 3091 5297 μικρὸν
3117 5225 3392 5281 ἀπολαῦον
3421 5219 3585 5294 ἐντρέ-

2026 5315 2148 5387 ψειέ
2202 5332 2355 5380 τινας
2386 5314 2495 5370 τῶν
2543 5314 2945 5388 ἀφελεστέρων,
2978 5316 3077 5371 καὶ
3100 5317 3199 5389 τὴν
3235 5317 3400 5390 ὀρθὴν
3427 5317 3586 5372 πίστιν

2029 5408 2325 5478 ἀπώμοτον
2385 5409 2567 5475 αὐτοῖς
2625 5408 2856 5479 θέμενον
2908 5411 3260 5481 ἐπαγάγηται
3321 5413 3457 5483 πρὸς
3500 5406 3583 5475 τὴν

2032 5501 2267 5571 πλάνην.
2308 5500 2451 5553 Ἀλλ’
2499 5498 2906 5569 ἀντισοφίζεται
2931 5503 3164 5575 η’ἀρετὴ
3187 5505 3253 5574 τῇ
3286 5502 3471 5575 κακίᾳ,
3505 5497 3584 5553 καὶ

2035 5592 2369 5661 ἀντιφώνους
2420 5592 2563 5664 ᾠδὰς
2612 5594 2710 5648 καὶ
2777 5594 2940 5658 αὑτὸς
3002 5594 3242 5664 συνθεὶς,
3278 5598 3371 5652 καὶ
3397 5596 3471 5669 τῷ
3490 5588 3583 5661 λαῷ

2103 5798 2213 5926 (ΙΞέ
2234 5798 2357 5886 Vide
2378 5799 2603 5881 Nieepb.
2632 5815 2752 5872 cap.
2786 5802 2835 5869 8,
2867 5803 2962 5862 lib.
2996 5820 3090 5861 xm
3126 5823 3140 5872 ;
3184 5805 3392 5864 Socrat.
3420 5806 3580 5867 ηιμτι.

2103 5888 2146 5926 a.
2242 5888 2254 5926 :
2294 5870 2509 5926 bozom.
2542 5872 2635 5926 Ιώ.
2672 5889 2788 5926 vm.
2818 5891 2936 5926 can.
2965 5876 3030 5926 8:
3066 5877 3258 5926 Bamn-
3284 5894 3372 5926 an.
3413 5876 3522 5926 ιοο.

2028 5887 2146 5942 cap.
2177 5870 2209 5926 8
2242 5888 2254 5939 ;
2294 5870 2635 5927 Sozomflib.
2672 5870 2788 5942 vin,
2818 5891 2936 5947 cap.
2965 5876 3032 5937 8:
3065 5870 3258 5935 Baron.
3284 5894 3372 5934 an.
3413 5876 3522 5935 £00.
3600 5950 3603 5951 ν
