  <div class='ocr_page' id='page_1' title='image "/cluster/home/n/w/nwhite01/storage/ocr_20150623/114/hvd.32044019208123/599.png"; bbox 0 0 3834 6486; ppageno 0'>
   <div class='ocr_carea' id='block_1_1' title="bbox 336 428 478 497">
    <p class='ocr_par' dir='ltr' id='par_1_1' title="bbox 336 428 478 497">
     <span class='ocr_line' id='line_1_1' title="bbox 336 428 478 497; baseline 0 -1"><span class='ocrx_word' id='word_1_1' title='bbox 336 428 478 497; x_wconf 66' lang='lat'><strong>1115</strong></span> 
     </span>
    </p>
   </div>
   <div class='ocr_carea' id='block_1_2' title="bbox 1589 425 2380 491">
    <p class='ocr_par' dir='ltr' id='par_1_2' title="bbox 1589 425 2380 491">
     <span class='ocr_line' id='line_1_2' title="bbox 1589 425 2380 491; baseline 0.001 -1"><span class='ocrx_word' id='word_1_2' title='bbox 1589 426 1875 490; x_wconf 73' lang='lat' dir='ltr'><strong>MENSIS</strong></span> <span class='ocrx_word' id='word_1_3' title='bbox 1911 425 2380 491; x_wconf 74' lang='lat' dir='ltr'><strong>JANUABIUS.</strong></span> 
     </span>
    </p>
   </div>
   <div class='ocr_carea' id='block_1_3' title="bbox 3465 421 3637 495">
    <p class='ocr_par' dir='ltr' id='par_1_3' title="bbox 3465 421 3637 495">
     <span class='ocr_line' id='line_1_3' title="bbox 3465 421 3637 495; baseline -0.017 -1"><span class='ocrx_word' id='word_1_4' title='bbox 3465 421 3637 495; x_wconf 74' lang='lat'><strong>1116</strong></span> 
     </span>
    </p>
   </div>
   <div class='ocr_carea' id='block_1_4' title="bbox 330 536 1908 621">
    <p class='ocr_par' dir='ltr' id='par_1_4' title="bbox 330 540 1908 621">
     <span class='ocr_line' id='line_1_4' title="bbox 330 540 1908 621; baseline -0.004 -17"><span class='ocrx_word' id='word_1_5' title='bbox 330 546 601 621; x_wconf 81' lang='lat' dir='ltr'><strong>tomachls</strong></span> <span class='ocrx_word' id='word_1_6' title='bbox 626 543 786 617; x_wconf 82' lang='lat' dir='ltr'><strong>panis</strong></span> <span class='ocrx_word' id='word_1_7' title='bbox 815 551 1023 616; x_wconf 88' lang='lat' dir='ltr'><strong>partem</strong></span> <span class='ocrx_word' id='word_1_8' title='bbox 1051 540 1377 615; x_wconf 82' lang='lat' dir='ltr'><strong>accepisset,</strong></span> <span class='ocrx_word' id='word_1_9' title='bbox 1400 555 1519 597; x_wconf 83' lang='lat' dir='ltr'><strong>eam</strong></span> <span class='ocrx_word' id='word_1_10' title='bbox 1569 540 1790 613; x_wconf 85' lang='lat' dir='ltr'><strong>quidem</strong></span> <span class='ocrx_word' id='word_1_11' title='bbox 1834 541 1908 597; x_wconf 85' lang='lat' dir='ltr'><strong>la-</strong></span> 
     </span>
    </p>
   </div>
   <div class='ocr_carea' id='block_1_5' title="bbox 2019 536 3642 621">
    <p class='ocr_par' dir='ltr' id='par_1_5' title="bbox 2019 536 3642 613">
     <span class='ocr_line' id='line_1_5' title="bbox 2019 536 3642 613; baseline -0.001 -17"><span class='ocrx_word' id='word_1_12' title='bbox 2019 539 2492 613; x_wconf 78' lang='grc' dir='ltr'>ουμίνη.⁹Επειτα</span> <span class='ocrx_word' id='word_1_13' title='bbox 2508 536 2602 593; x_wconf 82' lang='grc' dir='ltr'>τδν</span> <span class='ocrx_word' id='word_1_14' title='bbox 2633 536 2777 593; x_wconf 76' lang='grc' dir='ltr'>θετον</span> <span class='ocrx_word' id='word_1_15' title='bbox 2806 537 2974 613; x_wconf 74' lang='grc' dir='ltr'>ἄρτον</span> <span class='ocrx_word' id='word_1_16' title='bbox 3000 537 3263 605; x_wconf 81' lang='grc' dir='ltr'>λαϐοῦσα,</span> <span class='ocrx_word' id='word_1_17' title='bbox 3285 537 3478 594; x_wconf 79' lang='grc' dir='ltr'>τοῦτον</span> <span class='ocrx_word' id='word_1_18' title='bbox 3508 538 3642 610; x_wconf 72' lang='grc' dir='ltr'><strong>μιν</strong></span> 
     </span>
    </p>
   </div>
   <div class='ocr_carea' id='block_1_6' title="bbox 329 633 1914 697">
    <p class='ocr_par' dir='ltr' id='par_1_6' title="bbox 329 633 1914 697">
     <span class='ocr_line' id='line_1_6' title="bbox 329 633 1914 697; baseline -0.004 -1"><span class='ocrx_word' id='word_1_19' title='bbox 329 650 510 697; x_wconf 86' lang='lat' dir='ltr'><strong>tenter</strong></span> <span class='ocrx_word' id='word_1_20' title='bbox 528 637 702 694; x_wconf 87' lang='lat' dir='ltr'><strong>credit</strong></span> <span class='ocrx_word' id='word_1_21' title='bbox 722 636 934 694; x_wconf 58' lang='lat' dir='ltr'><strong>ancillae</strong></span> <span class='ocrx_word' id='word_1_22' title='bbox 970 635 1092 693; x_wconf 89' lang='lat' dir='ltr'><strong>ﬁdei</strong></span> <span class='ocrx_word' id='word_1_23' title='bbox 1125 651 1140 690; x_wconf 93' lang='lat'><strong>:</strong></span> <span class='ocrx_word' id='word_1_24' title='bbox 1183 634 1250 692; x_wconf 88' lang='lat' dir='ltr'><strong>ad</strong></span> <span class='ocrx_word' id='word_1_25' title='bbox 1284 633 1527 691; x_wconf 89' lang='lat' dir='ltr'><strong>ﬁdelium</strong></span> <span class='ocrx_word' id='word_1_26' title='bbox 1587 644 1770 689; x_wconf 91' lang='lat' dir='ltr'><strong>autem</strong></span> <span class='ocrx_word' id='word_1_27' title='bbox 1823 649 1914 690; x_wconf 82' lang='lat' dir='ltr'><strong>sa-</strong></span> 
     </span>
    </p>
   </div>
   <div class='ocr_carea' id='block_1_7' title="bbox 328 724 1917 797">
    <p class='ocr_par' dir='ltr' id='par_1_7' title="bbox 328 724 1917 797">
     <span class='ocr_line' id='line_1_7' title="bbox 328 724 1917 797; baseline -0.006 -9"><span class='ocrx_word' id='word_1_28' title='bbox 328 746 481 788; x_wconf 91' lang='lat' dir='ltr'><strong>crum</strong></span> <span class='ocrx_word' id='word_1_29' title='bbox 510 727 725 786; x_wconf 91' lang='lat' dir='ltr'><strong>accedit</strong></span> <span class='ocrx_word' id='word_1_30' title='bbox 750 743 874 785; x_wconf 93' lang='lat' dir='ltr'><strong>cum</strong></span> <span class='ocrx_word' id='word_1_31' title='bbox 913 726 1131 793; x_wconf 89' lang='lat' dir='ltr'><strong>marito,</strong></span> <span class='ocrx_word' id='word_1_32' title='bbox 1168 741 1280 797; x_wconf 67' lang='lat' dir='ltr'><strong>prae</strong></span> <span class='ocrx_word' id='word_1_33' title='bbox 1326 742 1387 783; x_wconf 87' lang='lat' dir='ltr'><strong>se</strong></span> <span class='ocrx_word' id='word_1_34' title='bbox 1418 724 1602 782; x_wconf 81' lang='lat' dir='ltr'><strong>ferens</strong></span> <span class='ocrx_word' id='word_1_35' title='bbox 1652 741 1711 782; x_wconf 86' lang='lat' dir='ltr'><strong>se</strong></span> <span class='ocrx_word' id='word_1_36' title='bbox 1747 725 1917 797; x_wconf 85' lang='lat' dir='ltr'><strong>parti-</strong></span> 
     </span>
    </p>
   </div>
   <div class='ocr_carea' id='block_1_8' title="bbox 327 819 1913 896">
    <p class='ocr_par' dir='ltr' id='par_1_8' title="bbox 327 819 1913 896">
     <span class='ocr_line' id='line_1_8' title="bbox 327 819 1913 896; baseline -0.006 -14"><span class='ocrx_word' id='word_1_37' title='bbox 327 827 505 896; x_wconf 88' lang='lat' dir='ltr'><strong>cipem</strong></span> <span class='ocrx_word' id='word_1_38' title='bbox 559 824 676 882; x_wconf 79' lang='lat' dir='ltr'><strong>fore</strong></span> <span class='ocrx_word' id='word_1_39' title='bbox 737 822 1223 879; x_wconf 86' lang='lat' dir='ltr'><strong>sanctiﬁcatorum.</strong></span> <span class='ocrx_word' id='word_1_40' title='bbox 1279 819 1485 876; x_wconf 82' lang='lat' dir='ltr'><strong>Deinde</strong></span> <span class='ocrx_word' id='word_1_41' title='bbox 1536 835 1659 874; x_wconf 91' lang='lat' dir='ltr'><strong>cum</strong></span> <span class='ocrx_word' id='word_1_42' title='bbox 1718 834 1913 889; x_wconf 89' lang='lat' dir='ltr'><strong>panem</strong></span> 
     </span>
    </p>
   </div>
   <div class='ocr_carea' id='block_1_9' title="bbox 327 911 1915 988">
    <p class='ocr_par' dir='ltr' id='par_1_9' title="bbox 327 911 1915 988">
     <span class='ocr_line' id='line_1_9' title="bbox 327 911 1915 988; baseline -0.006 -12"><span class='ocrx_word' id='word_1_43' title='bbox 327 919 572 976; x_wconf 86' lang='lat' dir='ltr'><strong>divinum</strong></span> <span class='ocrx_word' id='word_1_44' title='bbox 617 917 943 988; x_wconf 91' lang='lat' dir='ltr'><strong>accepisset,</strong></span> <span class='ocrx_word' id='word_1_45' title='bbox 995 929 1120 971; x_wconf 90' lang='lat' dir='ltr'><strong>eum</strong></span> <span class='ocrx_word' id='word_1_46' title='bbox 1163 913 1387 985; x_wconf 83' lang='lat' dir='ltr'><strong>quidem</strong></span> <span class='ocrx_word' id='word_1_47' title='bbox 1436 927 1629 968; x_wconf 82' lang='lat' dir='ltr'><strong>rursus</strong></span> <span class='ocrx_word' id='word_1_48' title='bbox 1681 911 1915 967; x_wconf 90' lang='lat' dir='ltr'><strong>latenter</strong></span> 
     </span>
    </p>
   </div>
   <div class='ocr_carea' id='block_1_10' title="bbox 329 1004 1913 1080">
    <p class='ocr_par' dir='ltr' id='par_1_10' title="bbox 329 1004 1913 1080">
     <span class='ocr_line' id='line_1_10' title="bbox 329 1004 1913 1080; baseline -0.004 -13"><span class='ocrx_word' id='word_1_49' title='bbox 329 1010 496 1067; x_wconf 86' lang='lat' dir='ltr'><strong>tradit</strong></span> <span class='ocrx_word' id='word_1_50' title='bbox 519 1009 733 1066; x_wconf 70' lang='lat' dir='ltr'><strong>ancilla:</strong></span> <span class='ocrx_word' id='word_1_51' title='bbox 767 1028 781 1065; x_wconf 89' lang='lat'><strong>:</strong></span> <span class='ocrx_word' id='word_1_52' title='bbox 815 1009 942 1080; x_wconf 85' lang='lat' dir='ltr'><strong>ejus</strong></span> <span class='ocrx_word' id='word_1_53' title='bbox 979 1022 1111 1064; x_wconf 85' lang='lat' dir='ltr'><strong>vero</strong></span> <span class='ocrx_word' id='word_1_54' title='bbox 1150 1004 1271 1062; x_wconf 91' lang='lat' dir='ltr'><strong>loco</strong></span> <span class='ocrx_word' id='word_1_55' title='bbox 1321 1006 1536 1076; x_wconf 89' lang='lat' dir='ltr'><strong>accepit</strong></span> <span class='ocrx_word' id='word_1_56' title='bbox 1568 1018 1718 1068; x_wconf 90' lang='lat' dir='ltr'><strong>eum,</strong></span> <span class='ocrx_word' id='word_1_57' title='bbox 1749 1020 1913 1075; x_wconf 90' lang='lat' dir='ltr'><strong>quem</strong></span> 
     </span>
    </p>
   </div>
   <div class='ocr_carea' id='block_1_11' title="bbox 327 1097 1915 1170">
    <p class='ocr_par' dir='ltr' id='par_1_11' title="bbox 327 1097 1915 1170">
     <span class='ocr_line' id='line_1_11' title="bbox 327 1097 1915 1170; baseline -0.006 -10"><span class='ocrx_word' id='word_1_58' title='bbox 327 1104 596 1161; x_wconf 83' lang='lat' dir='ltr'><strong>habuerat</strong></span> <span class='ocrx_word' id='word_1_59' title='bbox 633 1103 703 1159; x_wconf 89' lang='lat' dir='ltr'><strong>ab</strong></span> <span class='ocrx_word' id='word_1_60' title='bbox 743 1102 1039 1159; x_wconf 64' lang='lat' dir='ltr'><strong>haereticis.</strong></span> <span class='ocrx_word' id='word_1_61' title='bbox 1073 1099 1364 1170; x_wconf 77' lang='lat' dir='ltr'><strong>Postquam</strong></span> <span class='ocrx_word' id='word_1_62' title='bbox 1405 1106 1588 1152; x_wconf 71' lang='lat' dir='ltr'><strong>autvm</strong></span> <span class='ocrx_word' id='word_1_63' title='bbox 1646 1112 1772 1151; x_wconf 91' lang='lat' dir='ltr'><strong>eum</strong></span> <span class='ocrx_word' id='word_1_64' title='bbox 1831 1097 1915 1152; x_wconf 87' lang='lat' dir='ltr'><strong>ori</strong></span> 
     </span>
    </p>
   </div>
   <div class='ocr_carea' id='block_1_12' title="bbox 325 1191 1916 1267">
    <p class='ocr_par' dir='ltr' id='par_1_12' title="bbox 325 1191 1916 1267">
     <span class='ocr_line' id='line_1_12' title="bbox 325 1191 1916 1267; baseline -0.006 -13"><span class='ocrx_word' id='word_1_65' title='bbox 325 1198 587 1262; x_wconf 79' lang='lat' dir='ltr'><strong>admovit,</strong></span> <span class='ocrx_word' id='word_1_66' title='bbox 621 1198 677 1267; x_wconf 90' lang='grc' dir='ltr'><strong>(ο</strong></span> <span class='ocrx_word' id='word_1_67' title='bbox 708 1196 1036 1266; x_wconf 70' lang='lat' dir='ltr'><strong>stupendum</strong></span> <span class='ocrx_word' id='word_1_68' title='bbox 1093 1191 1439 1256; x_wconf 83' lang='lat' dir='ltr'><strong>miraculum,</strong></span> <span class='ocrx_word' id='word_1_69' title='bbox 1473 1206 1506 1245; x_wconf 96' lang='lat' dir='ltr'><strong>o</strong></span> <span class='ocrx_word' id='word_1_70' title='bbox 1532 1206 1695 1260; x_wconf 91' lang='lat' dir='ltr'><strong>quam</strong></span> <span class='ocrx_word' id='word_1_71' title='bbox 1728 1198 1916 1260; x_wconf 88' lang='lat' dir='ltr'><strong>aperta</strong></span> 
     </span>
    </p>
   </div>
   <div class='ocr_carea' id='block_1_13' title="bbox 2021 630 3641 706">
    <p class='ocr_par' dir='ltr' id='par_1_13' title="bbox 2021 630 3641 706">
     <span class='ocr_line' id='line_1_13' title="bbox 2021 630 3641 706; baseline -0.001 -17"><span class='ocrx_word' id='word_1_72' title='bbox 2021 636 2080 689; x_wconf 75' lang='grc' dir='ltr'><strong>ιν</strong></span> <span class='ocrx_word' id='word_1_73' title='bbox 2101 633 2180 704; x_wconf 83' lang='grc' dir='ltr'>τῷ</span> <span class='ocrx_word' id='word_1_74' title='bbox 2213 634 2415 706; x_wconf 77' lang='grc' dir='ltr'>ἁφανεῐ</span> <span class='ocrx_word' id='word_1_75' title='bbox 2453 630 2714 705; x_wconf 80' lang='grc' dir='ltr'>πάλιν’τῇ</span> <span class='ocrx_word' id='word_1_76' title='bbox 2752 633 3013 706; x_wconf 80' lang='grc' dir='ltr'>παιδίσκῃ</span> <span class='ocrx_word' id='word_1_77' title='bbox 3042 632 3280 703; x_wconf 76' lang='grc' dir='ltr'>δίδωσιν,</span> <span class='ocrx_word' id='word_1_78' title='bbox 3341 632 3641 701; x_wconf 75' lang='grc' dir='ltr'>ἀντιλαμ-</span> 
     </span>
    </p>
   </div>
   <div class='ocr_carea' id='block_1_14' title="bbox 2022 724 3640 799">
    <p class='ocr_par' dir='ltr' id='par_1_14' title="bbox 2022 724 3640 799">
     <span class='ocr_line' id='line_1_14' title="bbox 2022 724 3640 799; baseline -0.002 -19"><span class='ocrx_word' id='word_1_79' title='bbox 2022 725 2173 780; x_wconf 82' lang='grc' dir='ltr'>ϐάνει</span> <span class='ocrx_word' id='word_1_80' title='bbox 2202 724 2262 780; x_wconf 69' lang='grc' dir='ltr'><strong>δὲ</strong></span> <span class='ocrx_word' id='word_1_81' title='bbox 2310 724 2404 781; x_wconf 79' lang='grc' dir='ltr'><strong>τὸν</strong></span> <span class='ocrx_word' id='word_1_82' title='bbox 2434 725 2499 779; x_wconf 73' lang='grc' dir='ltr'>ὲκ</span> <span class='ocrx_word' id='word_1_83' title='bbox 2542 725 2651 780; x_wconf 88' lang='grc' dir='ltr'><strong>τῶν</strong></span> <span class='ocrx_word' id='word_1_84' title='bbox 2690 725 3005 799; x_wconf 82' lang='grc' dir='ltr'>αίρετικῶν.</span> <span class='ocrx_word' id='word_1_85' title='bbox 3053 725 3144 790; x_wconf 78' lang='grc' dir='ltr'>Ὠς</span> <span class='ocrx_word' id='word_1_86' title='bbox 3191 724 3250 780; x_wconf 68' lang='grc' dir='ltr'><strong>δὲ</strong></span> <span class='ocrx_word' id='word_1_87' title='bbox 3301 724 3502 780; x_wconf 75' lang='grc' dir='ltr'>τοῦτον</span> <span class='ocrx_word' id='word_1_88' title='bbox 3536 740 3640 796; x_wconf 80' lang='grc' dir='ltr'>τῳ</span> 
     </span>
    </p>
   </div>
   <div class='ocr_carea' id='block_1_15' title="bbox 1985 812 3640 909">
    <p class='ocr_par' dir='ltr' id='par_1_15' title="bbox 1985 812 3640 909">
     <span class='ocr_line' id='line_1_15' title="bbox 1985 812 3640 909; baseline -0.003 -36"><span class='ocrx_word' id='word_1_89' title='bbox 1985 872 1992 880; x_wconf 74' lang='grc'><strong>,</strong></span> <span class='ocrx_word' id='word_1_90' title='bbox 2025 819 2257 889; x_wconf 81' lang='grc' dir='ltr'>στόματι</span> <span class='ocrx_word' id='word_1_91' title='bbox 2292 817 2574 909; x_wconf 67' lang='grc' dir='ltr'>προσῆγεν</span> <span class='ocrx_word' id='word_1_92' title='bbox 2627 815 2694 890; x_wconf 83' lang='grc' dir='ltr'><strong>(ὣ</strong></span> <span class='ocrx_word' id='word_1_93' title='bbox 2717 816 2814 873; x_wconf 83' lang='grc' dir='ltr'>τοῦ</span> <span class='ocrx_word' id='word_1_94' title='bbox 2855 814 3088 889; x_wconf 82' lang='grc' dir='ltr'>φρικτοῦ</span> <span class='ocrx_word' id='word_1_95' title='bbox 3128 814 3409 909; x_wconf 70' lang='grc' dir='ltr'>θαύματος</span> <span class='ocrx_word' id='word_1_96' title='bbox 3435 812 3476 887; x_wconf 85' lang='lat' dir='ltr'><strong>l)</strong></span> <span class='ocrx_word' id='word_1_97' title='bbox 3510 814 3640 909; x_wconf 58' lang='lat' dir='ltr'><strong>et;</strong></span> 
     </span>
    </p>
   </div>
   <div class='ocr_carea' id='block_1_16' title="bbox 2022 904 3640 985">
    <p class='ocr_par' dir='ltr' id='par_1_16' title="bbox 2022 904 3640 985">
     <span class='ocr_line' id='line_1_16' title="bbox 2022 904 3640 985; baseline -0.005 -17"><span class='ocrx_word' id='word_1_98' title='bbox 2022 912 2171 968; x_wconf 87' lang='grc' dir='ltr'>λίθου</span> <span class='ocrx_word' id='word_1_99' title='bbox 2208 912 2373 983; x_wconf 83' lang='grc' dir='ltr'>φύσιν</span> <span class='ocrx_word' id='word_1_100' title='bbox 2406 904 2555 985; x_wconf 70' lang='grc' dir='ltr'>ἐώρα</span> <span class='ocrx_word' id='word_1_101' title='bbox 2618 910 3013 983; x_wconf 80' lang='grc' dir='ltr'>μεταϐαλόντα.</span> <span class='ocrx_word' id='word_1_102' title='bbox 3049 909 3199 981; x_wconf 75' lang='grc' dir='ltr'>Αὕτη</span> <span class='ocrx_word' id='word_1_103' title='bbox 3236 910 3306 981; x_wconf 68' lang='grc' dir='ltr'><strong>με</strong></span> <span class='ocrx_word' id='word_1_104' title='bbox 3342 904 3440 963; x_wconf 70' lang='grc' dir='ltr'>οὖν</span> <span class='ocrx_word' id='word_1_105' title='bbox 3467 905 3640 975; x_wconf 72' lang='grc' dir='ltr'>ἐξει-</span> 
     </span>
    </p>
   </div>
   <div class='ocr_carea' id='block_1_17' title="bbox 2022 998 3639 1075">
    <p class='ocr_par' dir='ltr' id='par_1_17' title="bbox 2022 998 3639 1075">
     <span class='ocr_line' id='line_1_17' title="bbox 2022 998 3639 1075; baseline -0.006 -14"><span class='ocrx_word' id='word_1_106' title='bbox 2022 1005 2203 1061; x_wconf 80' lang='grc' dir='ltr'>ποῦσα</span> <span class='ocrx_word' id='word_1_107' title='bbox 2240 1005 2306 1060; x_wconf 77' lang='grc' dir='ltr'><strong>τὸ</strong></span> <span class='ocrx_word' id='word_1_108' title='bbox 2332 1004 2559 1075; x_wconf 75' lang='grc' dir='ltr'>γεγονὸς</span> <span class='ocrx_word' id='word_1_109' title='bbox 2593 1005 2688 1060; x_wconf 75' lang='grc' dir='ltr'>καὶ</span> <span class='ocrx_word' id='word_1_110' title='bbox 2717 1004 3082 1066; x_wconf 83' lang='grc' dir='ltr'>πιστεύσασα,</span> <span class='ocrx_word' id='word_1_111' title='bbox 3113 1002 3212 1073; x_wconf 75' lang='grc' dir='ltr'>τῆς</span> <span class='ocrx_word' id='word_1_112' title='bbox 3246 1001 3464 1074; x_wconf 76' lang='grc' dir='ltr'><strong>μερίδος</strong></span> <span class='ocrx_word' id='word_1_113' title='bbox 3498 998 3639 1053; x_wconf 79' lang='grc' dir='ltr'><strong>τῶν</strong></span> 
     </span>
    </p>
   </div>
   <div class='ocr_carea' id='block_1_18' title="bbox 2024 1091 3638 1168">
    <p class='ocr_par' dir='ltr' id='par_1_18' title="bbox 2024 1091 3638 1168">
     <span class='ocr_line' id='line_1_18' title="bbox 2024 1091 3638 1168; baseline -0.004 -16"><span class='ocrx_word' id='word_1_114' title='bbox 2024 1100 2237 1153; x_wconf 78' lang='grc' dir='ltr'><strong>πιστῶν</strong></span> <span class='ocrx_word' id='word_1_115' title='bbox 2271 1098 2370 1152; x_wconf 76' lang='grc' dir='ltr'>σὺν</span> <span class='ocrx_word' id='word_1_116' title='bbox 2387 1096 2466 1168; x_wconf 85' lang='grc' dir='ltr'><strong>τῷ</strong></span> <span class='ocrx_word' id='word_1_117' title='bbox 2496 1096 2652 1166; x_wconf 78' lang='grc' dir='ltr'>ἀνδρὶ</span> <span class='ocrx_word' id='word_1_118' title='bbox 2671 1096 2905 1166; x_wconf 85' lang='grc' dir='ltr'>γίνεται.</span> <span class='ocrx_word' id='word_1_119' title='bbox 2951 1094 3011 1149; x_wconf 81' lang='grc' dir='ltr'>ὐ</span> <span class='ocrx_word' id='word_1_120' title='bbox 3032 1094 3089 1148; x_wconf 64' lang='grc' dir='ltr'><strong>δὲ</strong></span> <span class='ocrx_word' id='word_1_121' title='bbox 3112 1093 3260 1158; x_wconf 80' lang='grc' dir='ltr'>λίθος</span> <span class='ocrx_word' id='word_1_122' title='bbox 3287 1093 3345 1147; x_wconf 73' lang='grc' dir='ltr'>ἐν</span> <span class='ocrx_word' id='word_1_123' title='bbox 3370 1110 3482 1148; x_wconf 86' lang='grc' dir='ltr'>τινι</span> <span class='ocrx_word' id='word_1_124' title='bbox 3500 1091 3638 1145; x_wconf 79' lang='grc' dir='ltr'><strong>τῶν</strong></span> 
     </span>
    </p>
   </div>
   <div class='ocr_carea' id='block_1_19' title="bbox 2023 1187 3294 1262">
    <p class='ocr_par' dir='ltr' id='par_1_19' title="bbox 2023 1187 3294 1262">
     <span class='ocr_line' id='line_1_19' title="bbox 2023 1187 3294 1262; baseline -0.002 -17"><span class='ocrx_word' id='word_1_125' title='bbox 2023 1191 2091 1245; x_wconf 80' lang='grc' dir='ltr'>τὰ</span> <span class='ocrx_word' id='word_1_126' title='bbox 2121 1191 2243 1262; x_wconf 75' lang='grc' dir='ltr'>ἱερὰ</span> <span class='ocrx_word' id='word_1_127' title='bbox 2269 1190 2582 1262; x_wconf 77' lang='grc' dir='ltr'><strong>τηρούντων</strong></span> <span class='ocrx_word' id='word_1_128' title='bbox 2612 1189 2932 1244; x_wconf 81' lang='grc' dir='ltr'>ἀποτίθεται</span> <span class='ocrx_word' id='word_1_129' title='bbox 2954 1189 3141 1244; x_wconf 66' lang='grc' dir='ltr'>οἴκων.</span> <span class='ocrx_word' id='word_1_130' title='bbox 3288 1187 3294 1192; x_wconf 81' lang='grc'><strong>’</strong></span> 
     </span>
    </p>
   </div>
   <div class='ocr_carea' id='block_1_20' title="bbox 326 1274 3639 1362">
    <p class='ocr_par' dir='ltr' id='par_1_20' title="bbox 326 1274 3639 1362">
     <span class='ocr_line' id='line_1_20' title="bbox 326 1274 3639 1362; baseline -0.006 -15"><span class='ocrx_word' id='word_1_131' title='bbox 326 1300 382 1348; x_wconf 84' lang='lat' dir='ltr'><strong>et</strong></span> <span class='ocrx_word' id='word_1_132' title='bbox 407 1306 662 1362; x_wconf 81' lang='lat' dir='ltr'><strong>expressa</strong></span> <span class='ocrx_word' id='word_1_133' title='bbox 691 1289 793 1344; x_wconf 81' lang='lat' dir='ltr'><strong>l‘uit</strong></span> <span class='ocrx_word' id='word_1_134' title='bbox 819 1289 997 1357; x_wconf 80' lang='lat' dir='ltr'><strong>imago</strong></span> <span class='ocrx_word' id='word_1_135' title='bbox 1021 1284 1221 1340; x_wconf 90' lang='lat' dir='ltr'><strong>mentis</strong></span> <span class='ocrx_word' id='word_1_136' title='bbox 1248 1297 1463 1344; x_wconf 88' lang='lat' dir='ltr'><strong>eorum.</strong></span> <span class='ocrx_word' id='word_1_137' title='bbox 1489 1281 1582 1351; x_wconf 88' lang='lat' dir='ltr'><strong>qui</strong></span> <span class='ocrx_word' id='word_1_138' title='bbox 1607 1280 1895 1350; x_wconf 86' lang='lat' dir='ltr'><strong>dederant)</strong></span> <span class='ocrx_word' id='word_1_139' title='bbox 1924 1281 2057 1336; x_wconf 82' lang='lat' dir='ltr'><strong>vidit</strong></span> <span class='ocrx_word' id='word_1_140' title='bbox 2081 1297 2206 1336; x_wconf 89' lang='lat' dir='ltr'><strong>eum</strong></span> <span class='ocrx_word' id='word_1_141' title='bbox 2232 1291 2503 1336; x_wconf 87' lang='lat' dir='ltr'><strong>mutatunt</strong></span> <span class='ocrx_word' id='word_1_142' title='bbox 2530 1280 2585 1334; x_wconf 91' lang='lat' dir='ltr'><strong>in</strong></span> <span class='ocrx_word' id='word_1_143' title='bbox 2623 1289 2873 1336; x_wconf 89' lang='lat' dir='ltr'><strong>naturam</strong></span> <span class='ocrx_word' id='word_1_144' title='bbox 2899 1280 3111 1351; x_wconf 84' lang='lat' dir='ltr'><strong>lapidis.</strong></span> <span class='ocrx_word' id='word_1_145' title='bbox 3136 1277 3312 1349; x_wconf 80' lang='lat' dir='ltr'><strong>Atque</strong></span> <span class='ocrx_word' id='word_1_146' title='bbox 3338 1278 3453 1348; x_wconf 81' lang='lat' dir='ltr'><strong>ipsa</strong></span> <span class='ocrx_word' id='word_1_147' title='bbox 3484 1274 3639 1347; x_wconf 70' lang='lat' dir='ltr'><strong>qui-</strong></span> 
     </span>
    </p>
   </div>
   <div class='ocr_carea' id='block_1_21' title="bbox 324 1373 3638 1452">
    <p class='ocr_par' dir='ltr' id='par_1_21' title="bbox 324 1373 3638 1452">
     <span class='ocr_line' id='line_1_21' title="bbox 324 1373 3638 1452; baseline -0.004 -13"><span class='ocrx_word' id='word_1_148' title='bbox 324 1384 448 1439; x_wconf 89' lang='lat' dir='ltr'><strong>dem</strong></span> <span class='ocrx_word' id='word_1_149' title='bbox 480 1398 604 1437; x_wconf 91' lang='lat' dir='ltr'><strong>cum</strong></span> <span class='ocrx_word' id='word_1_150' title='bbox 632 1380 973 1452; x_wconf 82' lang='lat' dir='ltr'><strong>enuntiasset</strong></span> <span class='ocrx_word' id='word_1_151' title='bbox 996 1376 1071 1443; x_wconf 88' lang='lat' dir='ltr'><strong>id,</strong></span> <span class='ocrx_word' id='word_1_152' title='bbox 1098 1376 1242 1446; x_wconf 88' lang='lat' dir='ltr'><strong>quod</strong></span> <span class='ocrx_word' id='word_1_153' title='bbox 1286 1374 1487 1430; x_wconf 78' lang='lat' dir='ltr'><strong>factum</strong></span> <span class='ocrx_word' id='word_1_154' title='bbox 1515 1374 1714 1440; x_wconf 76' lang='lat' dir='ltr'><strong>fuerat,</strong></span> <span class='ocrx_word' id='word_1_155' title='bbox 1747 1383 1803 1428; x_wconf 92' lang='lat' dir='ltr'><strong>et</strong></span> <span class='ocrx_word' id='word_1_156' title='bbox 1826 1374 2173 1442; x_wconf 84' lang='lat' dir='ltr'><strong>credidisset,</strong></span> <span class='ocrx_word' id='word_1_157' title='bbox 2204 1374 2320 1445; x_wconf 89' lang='lat' dir='ltr'><strong>ipsa</strong></span> <span class='ocrx_word' id='word_1_158' title='bbox 2347 1390 2566 1446; x_wconf 86' lang='lat' dir='ltr'><strong>quoque</strong></span> <span class='ocrx_word' id='word_1_159' title='bbox 2616 1375 2677 1430; x_wconf 89' lang='lat' dir='ltr'><strong>lit</strong></span> <span class='ocrx_word' id='word_1_160' title='bbox 2713 1389 2744 1429; x_wconf 89' lang='lat' dir='ltr'><strong>e</strong></span> <span class='ocrx_word' id='word_1_161' title='bbox 2778 1389 3008 1431; x_wconf 89' lang='lat' dir='ltr'><strong>numero</strong></span> <span class='ocrx_word' id='word_1_162' title='bbox 3037 1374 3276 1446; x_wconf 91' lang='lat' dir='ltr'><strong>piorum.</strong></span> <span class='ocrx_word' id='word_1_163' title='bbox 3313 1373 3475 1444; x_wconf 83' lang='lat' dir='ltr'><strong>Lapis</strong></span> <span class='ocrx_word' id='word_1_164' title='bbox 3512 1390 3638 1426; x_wconf 84' lang='lat' dir='ltr'><strong>an-</strong></span> 
     </span>
    </p>
   </div>
   <div class='ocr_carea' id='block_1_22' title="bbox 325 1470 3051 1549">
    <p class='ocr_par' dir='ltr' id='par_1_22' title="bbox 325 1470 3051 1549">
     <span class='ocr_line' id='line_1_22' title="bbox 325 1470 3051 1549; baseline -0.004 -14"><span class='ocrx_word' id='word_1_165' title='bbox 325 1491 434 1535; x_wconf 85' lang='lat' dir='ltr'><strong>tem</strong></span> <span class='ocrx_word' id='word_1_166' title='bbox 484 1478 768 1549; x_wconf 86' lang='lat' dir='ltr'><strong>reponitur</strong></span> <span class='ocrx_word' id='word_1_167' title='bbox 821 1476 876 1531; x_wconf 91' lang='lat' dir='ltr'><strong>in</strong></span> <span class='ocrx_word' id='word_1_168' title='bbox 911 1474 1142 1544; x_wconf 89' lang='lat' dir='ltr'><strong>quadam</strong></span> <span class='ocrx_word' id='word_1_169' title='bbox 1166 1471 1328 1527; x_wconf 90' lang='lat' dir='ltr'><strong>domo</strong></span> <span class='ocrx_word' id='word_1_170' title='bbox 1358 1486 1423 1525; x_wconf 77' lang='lat' dir='ltr'><strong>ex</strong></span> <span class='ocrx_word' id='word_1_171' title='bbox 1458 1470 1548 1533; x_wconf 87' lang='lat' dir='ltr'><strong>iis,</strong></span> <span class='ocrx_word' id='word_1_172' title='bbox 1587 1485 1710 1540; x_wconf 82' lang='lat' dir='ltr'><strong>quae</strong></span> <span class='ocrx_word' id='word_1_173' title='bbox 1737 1486 1894 1526; x_wconf 86' lang='lat' dir='ltr'><strong>sacra</strong></span> <span class='ocrx_word' id='word_1_174' title='bbox 1934 1481 2175 1527; x_wconf 83' lang='lat' dir='ltr'><strong>servant.</strong></span> <span class='ocrx_word' id='word_1_175' title='bbox 3047 1520 3051 1523; x_wconf 38' lang='grc' dir='ltr'><strong>τ</strong></span> 
     </span>
    </p>
   </div>
   <div class='ocr_carea' id='block_1_23' title="bbox 391 1564 1908 1642">
    <p class='ocr_par' dir='ltr' id='par_1_23' title="bbox 391 1564 1908 1642">
     <span class='ocr_line' id='line_1_23' title="bbox 391 1564 1908 1642; baseline -0.005 -13"><span class='ocrx_word' id='word_1_176' title='bbox 391 1571 588 1629; x_wconf 80' lang='lat' dir='ltr'><strong>XXIX.</strong></span> <span class='ocrx_word' id='word_1_177' title='bbox 612 1569 940 1642; x_wconf 78' lang='lat' dir='ltr'><strong>Aggreditur</strong></span> <span class='ocrx_word' id='word_1_178' title='bbox 971 1582 1121 1622; x_wconf 91' lang='lat' dir='ltr'><strong>nunc</strong></span> <span class='ocrx_word' id='word_1_179' title='bbox 1153 1567 1331 1621; x_wconf 85' lang='lat' dir='ltr'><strong>oratio</strong></span> <span class='ocrx_word' id='word_1_180' title='bbox 1363 1580 1450 1620; x_wconf 90' lang='lat' dir='ltr'><strong>res</strong></span> <span class='ocrx_word' id='word_1_181' title='bbox 1475 1564 1681 1631; x_wconf 70' lang='lat' dir='ltr'><strong>Gainze,</strong></span> <span class='ocrx_word' id='word_1_182' title='bbox 1714 1580 1908 1635; x_wconf 82' lang='lat' dir='ltr'><strong>quem-</strong></span> 
     </span>
    </p>
   </div>
   <div class='ocr_carea' id='block_1_24' title="bbox 322 1656 1907 1725">
    <p class='ocr_par' dir='ltr' id='par_1_24' title="bbox 322 1656 1907 1725">
     <span class='ocr_line' id='line_1_24' title="bbox 322 1656 1907 1725; baseline -0.007 -1"><span class='ocrx_word' id='word_1_183' title='bbox 322 1667 613 1725; x_wconf 84' lang='lat' dir='ltr'><strong>admodum</strong></span> <span class='ocrx_word' id='word_1_184' title='bbox 653 1679 714 1720; x_wconf 89' lang='lat' dir='ltr'><strong>se</strong></span> <span class='ocrx_word' id='word_1_185' title='bbox 755 1663 1027 1725; x_wconf 78' lang='lat' dir='ltr'><strong>habeant,</strong></span> <span class='ocrx_word' id='word_1_186' title='bbox 1073 1658 1291 1716; x_wconf 86' lang='lat' dir='ltr'><strong>tradere</strong></span> <span class='ocrx_word' id='word_1_187' title='bbox 1341 1657 1568 1712; x_wconf 87' lang='lat' dir='ltr'><strong>auribus</strong></span> <span class='ocrx_word' id='word_1_188' title='bbox 1616 1656 1857 1712; x_wconf 89' lang='lat' dir='ltr'><strong>ﬁdelium</strong></span> <span class='ocrx_word' id='word_1_189' title='bbox 1892 1676 1907 1713; x_wconf 90' lang='lat'><strong>:</strong></span> 
     </span>
    </p>
   </div>
   <div class='ocr_carea' id='block_1_25' title="bbox 319 1748 1911 1835">
    <p class='ocr_par' dir='ltr' id='par_1_25' title="bbox 319 1748 1911 1835">
     <span class='ocr_line' id='line_1_25' title="bbox 319 1748 1911 1835; baseline -0.009 -17"><span class='ocrx_word' id='word_1_190' title='bbox 319 1764 411 1835; x_wconf 86' lang='lat' dir='ltr'><strong>qui</strong></span> <span class='ocrx_word' id='word_1_191' title='bbox 437 1770 555 1818; x_wconf 86' lang='lat' dir='ltr'><strong>erat</strong></span> <span class='ocrx_word' id='word_1_192' title='bbox 589 1759 810 1832; x_wconf 83' lang='lat' dir='ltr'><strong>quidem</strong></span> <span class='ocrx_word' id='word_1_193' title='bbox 842 1771 1044 1828; x_wconf 80' lang='lat' dir='ltr'><strong>genere</strong></span> <span class='ocrx_word' id='word_1_194' title='bbox 1079 1748 1285 1819; x_wconf 72' lang='lat' dir='ltr'><strong>Galliis,</strong></span> <span class='ocrx_word' id='word_1_195' title='bbox 1333 1752 1692 1807; x_wconf 84' lang='lat' dir='ltr'><strong>nihilominus</strong></span> <span class='ocrx_word' id='word_1_196' title='bbox 1729 1759 1911 1809; x_wconf 78' lang='lat' dir='ltr'><strong>autem</strong></span> 
     </span>
    </p>
   </div>
   <div class='ocr_carea' id='block_1_26' title="bbox 2084 1562 3633 1639">
    <p class='ocr_par' dir='ltr' id='par_1_26' title="bbox 2084 1562 3633 1639">
     <span class='ocr_line' id='line_1_26' title="bbox 2084 1562 3633 1639; baseline -0.005 -18"><span class='ocrx_word' id='word_1_197' title='bbox 2084 1564 2214 1623; x_wconf 77' lang='grc' dir='ltr'><strong>ΚΘ’.</strong></span> <span class='ocrx_word' id='word_1_198' title='bbox 2233 1567 2405 1639; x_wconf 79' lang='grc' dir='ltr'>Ὀργᾷ</span> <span class='ocrx_word' id='word_1_199' title='bbox 2428 1566 2485 1621; x_wconf 80' lang='grc' dir='ltr'><strong>δὲ</strong></span> <span class='ocrx_word' id='word_1_200' title='bbox 2514 1567 2543 1620; x_wconf 88' lang='grc' dir='ltr'><strong>ὁ</strong></span> <span class='ocrx_word' id='word_1_201' title='bbox 2574 1566 2733 1634; x_wconf 81' lang='grc' dir='ltr'>λόγος</span> <span class='ocrx_word' id='word_1_202' title='bbox 2755 1566 2850 1619; x_wconf 74' lang='grc' dir='ltr'>καὶ</span> <span class='ocrx_word' id='word_1_203' title='bbox 2885 1565 2953 1619; x_wconf 73' lang='grc' dir='ltr'>τὰ</span> <span class='ocrx_word' id='word_1_204' title='bbox 2986 1562 3128 1618; x_wconf 79' lang='grc' dir='ltr'>κατὰ</span> <span class='ocrx_word' id='word_1_205' title='bbox 3149 1563 3239 1617; x_wconf 71' lang='grc' dir='ltr'>τὸν</span> <span class='ocrx_word' id='word_1_206' title='bbox 3266 1563 3465 1616; x_wconf 51' lang='lat' dir='ltr'><strong>ruit/iv</strong></span> <span class='ocrx_word' id='word_1_207' title='bbox 3506 1562 3633 1632; x_wconf 60' lang='grc' dir='ltr'>ᾔδη</span> 
     </span>
    </p>
   </div>
   <div class='ocr_carea' id='block_1_27' title="bbox 2013 1651 3629 1730">
    <p class='ocr_par' dir='ltr' id='par_1_27' title="bbox 2013 1651 3629 1730">
     <span class='ocr_line' id='line_1_27' title="bbox 2013 1651 3629 1730; baseline -0.003 -17"><span class='ocrx_word' id='word_1_208' title='bbox 2013 1658 2341 1730; x_wconf 80' lang='grc' dir='ltr'>παραθεῖναι</span> <span class='ocrx_word' id='word_1_209' title='bbox 2372 1661 2493 1725; x_wconf 81' lang='grc' dir='ltr'>ταῖς</span> <span class='ocrx_word' id='word_1_210' title='bbox 2525 1660 2716 1724; x_wconf 81' lang='grc' dir='ltr'><strong>ἀκοαῖς</strong></span> <span class='ocrx_word' id='word_1_211' title='bbox 2739 1675 2752 1690; x_wconf 89' lang='grc'><strong>·</strong></span> <span class='ocrx_word' id='word_1_212' title='bbox 2788 1657 2848 1723; x_wconf 87' lang='lat'><em>6;</em></span> <span class='ocrx_word' id='word_1_213' title='bbox 2883 1656 3086 1721; x_wconf 75' lang='grc' dir='ltr'>Κελτὸς</span> <span class='ocrx_word' id='word_1_214' title='bbox 3118 1658 3183 1727; x_wconf 82' lang='grc' dir='ltr'>μὲ</span> <span class='ocrx_word' id='word_1_215' title='bbox 3213 1651 3282 1728; x_wconf 80' lang='grc' dir='ltr'>ἦν</span> <span class='ocrx_word' id='word_1_216' title='bbox 3312 1656 3371 1709; x_wconf 82' lang='grc' dir='ltr'>τὸ</span> <span class='ocrx_word' id='word_1_217' title='bbox 3424 1657 3629 1725; x_wconf 78' lang='grc' dir='ltr'>γένος,</span> 
     </span>
    </p>
   </div>
   <div class='ocr_carea' id='block_1_28' title="bbox 2026 1743 3633 1822">
    <p class='ocr_par' dir='ltr' id='par_1_28' title="bbox 2026 1743 3633 1822">
     <span class='ocr_line' id='line_1_28' title="bbox 2026 1743 3633 1822; baseline -0.002 -19"><span class='ocrx_word' id='word_1_218' title='bbox 2026 1750 2180 1803; x_wconf 79' lang='grc' dir='ltr'>οὐδὲν</span> <span class='ocrx_word' id='word_1_219' title='bbox 2219 1749 2273 1803; x_wconf 83' lang='grc' dir='ltr'><strong>δὲ</strong></span> <span class='ocrx_word' id='word_1_220' title='bbox 2296 1743 2459 1822; x_wconf 80' lang='grc' dir='ltr'>ἦττον</span> <span class='ocrx_word' id='word_1_221' title='bbox 2495 1750 2590 1804; x_wconf 66' lang='grc' dir='ltr'><strong>κα)⁸</strong></span> <span class='ocrx_word' id='word_1_222' title='bbox 2618 1748 2716 1821; x_wconf 82' lang='grc' dir='ltr'>τὴν</span> <span class='ocrx_word' id='word_1_223' title='bbox 2734 1749 2962 1820; x_wconf 81' lang='grc' dir='ltr'><strong>γνώμην</strong></span> <span class='ocrx_word' id='word_1_224' title='bbox 3001 1747 3297 1820; x_wconf 80' lang='grc' dir='ltr'>βάρϐαρος.</span> <span class='ocrx_word' id='word_1_225' title='bbox 3317 1746 3452 1800; x_wconf 66' lang='grc' dir='ltr'><strong>Ὑπὸ</strong></span> <span class='ocrx_word' id='word_1_226' title='bbox 3468 1747 3633 1801; x_wconf 81' lang='grc' dir='ltr'><strong>Ῥωο</strong></span> 
     </span>
    </p>
   </div>
   <div class='ocr_carea' id='block_1_29' title="bbox 321 1819 1908 1923">
    <p class='ocr_par' dir='ltr' id='par_1_29' title="bbox 321 1819 1908 1923">
     <span class='ocr_line' id='line_1_29' title="bbox 321 1819 1908 1923; baseline -0.008 -14"><span class='ocrx_word' id='word_1_227' title='bbox 321 1819 504 1910; x_wconf 71' lang='lat' dir='ltr'><strong>ntente</strong></span> <span class='ocrx_word' id='word_1_228' title='bbox 532 1866 750 1923; x_wconf 89' lang='lat' dir='ltr'><strong>quoque</strong></span> <span class='ocrx_word' id='word_1_229' title='bbox 784 1849 1074 1904; x_wconf 88' lang='lat' dir='ltr'><strong>Barbarus.</strong></span> <span class='ocrx_word' id='word_1_230' title='bbox 1108 1848 1243 1902; x_wconf 80' lang='lat' dir='ltr'><strong>Cum</strong></span> <span class='ocrx_word' id='word_1_231' title='bbox 1288 1853 1435 1900; x_wconf 90' lang='lat' dir='ltr'><strong>esset</strong></span> <span class='ocrx_word' id='word_1_232' title='bbox 1465 1858 1594 1899; x_wconf 89' lang='lat' dir='ltr'><strong>vero</strong></span> <span class='ocrx_word' id='word_1_233' title='bbox 1648 1842 1908 1897; x_wconf 82' lang='lat' dir='ltr'><strong>Romanis</strong></span> 
     </span>
    </p>
   </div>
   <div class='ocr_carea' id='block_1_30' title="bbox 2019 1819 3629 1923">
    <p class='ocr_par' dir='ltr' id='par_1_30' title="bbox 2020 1819 3629 1915">
     <span class='ocr_line' id='line_1_30' title="bbox 2020 1819 3629 1915; baseline -0.002 -18"><span class='ocrx_word' id='word_1_234' title='bbox 2020 1844 2203 1915; x_wconf 79' lang='grc' dir='ltr'>μαὲοις</span> <span class='ocrx_word' id='word_1_235' title='bbox 2236 1844 2292 1898; x_wconf 81' lang='grc' dir='ltr'><strong>δὲ</strong></span> <span class='ocrx_word' id='word_1_236' title='bbox 2321 1819 2649 1914; x_wconf 75' lang='grc' dir='ltr'>γινόμενος,</span> <span class='ocrx_word' id='word_1_237' title='bbox 2674 1819 2777 1897; x_wconf 78' lang='grc' dir='ltr'><strong>καὶ</strong></span> <span class='ocrx_word' id='word_1_238' title='bbox 2801 1819 2879 1913; x_wconf 76' lang='grc' dir='ltr'>τῷ</span> <span class='ocrx_word' id='word_1_239' title='bbox 2914 1819 3202 1911; x_wconf 81' lang='grc' dir='ltr'>καταλόγῳ</span> <span class='ocrx_word' id='word_1_240' title='bbox 3232 1839 3327 1894; x_wconf 80' lang='grc' dir='ltr'>τοῦ</span> <span class='ocrx_word' id='word_1_241' title='bbox 3360 1838 3629 1910; x_wconf 74' lang='grc' dir='ltr'>στρατοῦ</span> 
     </span>
    </p>
   </div>
   <div class='ocr_carea' id='block_1_31' title="bbox 320 1935 1913 2017">
    <p class='ocr_par' dir='ltr' id='par_1_31' title="bbox 320 1935 1913 2017">
     <span class='ocr_line' id='line_1_31' title="bbox 320 1935 1913 2017; baseline -0.01 -14"><span class='ocrx_word' id='word_1_242' title='bbox 320 1946 622 2017; x_wconf 85' lang='lat' dir='ltr'><strong>subjectus,</strong></span> <span class='ocrx_word' id='word_1_243' title='bbox 682 1953 737 1997; x_wconf 90' lang='lat' dir='ltr'><strong>et</strong></span> <span class='ocrx_word' id='word_1_244' title='bbox 794 1941 998 1996; x_wconf 86' lang='lat' dir='ltr'><strong>relatus</strong></span> <span class='ocrx_word' id='word_1_245' title='bbox 1046 1942 1096 1993; x_wconf 87' lang='lat' dir='ltr'><strong>in</strong></span> <span class='ocrx_word' id='word_1_246' title='bbox 1151 1951 1440 1992; x_wconf 85' lang='lat' dir='ltr'><strong>numerum</strong></span> <span class='ocrx_word' id='word_1_247' title='bbox 1507 1935 1800 1999; x_wconf 74' lang='lat' dir='ltr'><strong>exercitus,</strong></span> <span class='ocrx_word' id='word_1_248' title='bbox 1857 1942 1913 1989; x_wconf 89' lang='lat' dir='ltr'><strong>et</strong></span> 
     </span>
    </p>
   </div>
   <div class='ocr_carea' id='block_1_32' title="bbox 319 2028 1913 2109">
    <p class='ocr_par' dir='ltr' id='par_1_32' title="bbox 319 2028 1913 2109">
     <span class='ocr_line' id='line_1_32' title="bbox 319 2028 1913 2109; baseline -0.009 -13"><span class='ocrx_word' id='word_1_249' title='bbox 319 2039 520 2096; x_wconf 86' lang='lat' dir='ltr'><strong>deinde</strong></span> <span class='ocrx_word' id='word_1_250' title='bbox 550 2035 810 2109; x_wconf 84' lang='lat' dir='ltr'><strong>paulatim</strong></span> <span class='ocrx_word' id='word_1_251' title='bbox 843 2032 1222 2105; x_wconf 72' lang='lat' dir='ltr'><strong>progrediens,</strong></span> <span class='ocrx_word' id='word_1_252' title='bbox 1256 2030 1494 2098; x_wconf 89' lang='lat' dir='ltr'><strong>majores</strong></span> <span class='ocrx_word' id='word_1_253' title='bbox 1526 2028 1727 2099; x_wconf 83' lang='lat' dir='ltr'><strong>gradus</strong></span> <span class='ocrx_word' id='word_1_254' title='bbox 1768 2036 1913 2083; x_wconf 84' lang='lat' dir='ltr'><strong>esset</strong></span> 
     </span>
    </p>
   </div>
   <div class='ocr_carea' id='block_1_33' title="bbox 320 2121 1914 2201">
    <p class='ocr_par' dir='ltr' id='par_1_33' title="bbox 320 2121 1914 2201">
     <span class='ocr_line' id='line_1_33' title="bbox 320 2121 1914 2201; baseline -0.009 -14"><span class='ocrx_word' id='word_1_255' title='bbox 320 2143 628 2197; x_wconf 88' lang='lat' dir='ltr'><strong>assecutus,</strong></span> <span class='ocrx_word' id='word_1_256' title='bbox 655 2138 933 2201; x_wconf 89' lang='lat' dir='ltr'><strong>postremo</strong></span> <span class='ocrx_word' id='word_1_257' title='bbox 985 2133 1204 2181; x_wconf 89' lang='lat' dir='ltr'><strong>creatur</strong></span> <span class='ocrx_word' id='word_1_258' title='bbox 1260 2123 1422 2177; x_wconf 89' lang='lat' dir='ltr'><strong>etiam</strong></span> <span class='ocrx_word' id='word_1_259' title='bbox 1482 2122 1589 2192; x_wconf 78' lang='lat' dir='ltr'><strong>dux</strong></span> <span class='ocrx_word' id='word_1_260' title='bbox 1639 2121 1914 2176; x_wconf 79' lang='lat' dir='ltr'><strong>exercitus</strong></span> 
     </span>
    </p>
   </div>
   <div class='ocr_carea' id='block_1_34' title="bbox 323 2212 1911 2287">
    <p class='ocr_par' dir='ltr' id='par_1_34' title="bbox 323 2212 1911 2287">
     <span class='ocr_line' id='line_1_34' title="bbox 323 2212 1911 2287; baseline -0.009 -8"><span class='ocrx_word' id='word_1_261' title='bbox 323 2223 717 2285; x_wconf 79' lang='lat' dir='ltr'><strong>Romanorum,</strong></span> <span class='ocrx_word' id='word_1_262' title='bbox 749 2229 857 2272; x_wconf 89' lang='lat' dir='ltr'><strong>tam</strong></span> <span class='ocrx_word' id='word_1_263' title='bbox 912 2214 1273 2287; x_wconf 85' lang='lat' dir='ltr'><strong>equestrium,</strong></span> <span class='ocrx_word' id='word_1_264' title='bbox 1335 2213 1582 2284; x_wconf 89' lang='lat' dir='ltr'><strong>inquam,</strong></span> <span class='ocrx_word' id='word_1_265' title='bbox 1629 2212 1911 2282; x_wconf 82' lang='lat' dir='ltr'><strong>copiarum</strong></span> 
     </span>
    </p>
   </div>
   <div class='ocr_carea' id='block_1_35' title="bbox 321 2303 1913 2388">
    <p class='ocr_par' dir='ltr' id='par_1_35' title="bbox 321 2303 1913 2388">
     <span class='ocr_line' id='line_1_35' title="bbox 321 2303 1913 2388; baseline -0.009 -17"><span class='ocrx_word' id='word_1_266' title='bbox 321 2330 495 2388; x_wconf 87' lang='lat' dir='ltr'><strong>quam</strong></span> <span class='ocrx_word' id='word_1_267' title='bbox 523 2311 886 2384; x_wconf 84' lang='lat' dir='ltr'><strong>pedestrium.</strong></span> <span class='ocrx_word' id='word_1_268' title='bbox 920 2307 969 2365; x_wconf 91' lang='lat' dir='ltr'><strong>ls</strong></span> <span class='ocrx_word' id='word_1_269' title='bbox 1010 2324 1135 2364; x_wconf 91' lang='lat' dir='ltr'><strong>cum</strong></span> <span class='ocrx_word' id='word_1_270' title='bbox 1175 2306 1377 2361; x_wconf 90' lang='lat' dir='ltr'><strong>acriter</strong></span> <span class='ocrx_word' id='word_1_271' title='bbox 1426 2304 1752 2361; x_wconf 79' lang='lat' dir='ltr'><strong>defenderet</strong></span> <span class='ocrx_word' id='word_1_272' title='bbox 1792 2303 1913 2374; x_wconf 86' lang='lat' dir='ltr'><strong>opi-</strong></span> 
     </span>
    </p>
   </div>
   <div class='ocr_carea' id='block_1_36' title="bbox 322 2398 1914 2469">
    <p class='ocr_par' dir='ltr' id='par_1_36' title="bbox 322 2398 1914 2469">
     <span class='ocr_line' id='line_1_36' title="bbox 322 2398 1914 2469; baseline -0.006 -7"><span class='ocrx_word' id='word_1_273' title='bbox 322 2409 539 2462; x_wconf 91' lang='lat' dir='ltr'><strong>nionem</strong></span> <span class='ocrx_word' id='word_1_274' title='bbox 571 2403 918 2468; x_wconf 86' lang='lat' dir='ltr'><strong>Arianorum,</strong></span> <span class='ocrx_word' id='word_1_275' title='bbox 971 2415 1139 2456; x_wconf 89' lang='lat' dir='ltr'><strong>ausus</strong></span> <span class='ocrx_word' id='word_1_276' title='bbox 1166 2408 1251 2455; x_wconf 90' lang='lat' dir='ltr'><strong>est</strong></span> <span class='ocrx_word' id='word_1_277' title='bbox 1309 2398 1378 2454; x_wconf 88' lang='lat' dir='ltr'><strong>ab</strong></span> <span class='ocrx_word' id='word_1_278' title='bbox 1434 2398 1762 2469; x_wconf 84' lang='lat' dir='ltr'><strong>imperatore</strong></span> <span class='ocrx_word' id='word_1_279' title='bbox 1817 2413 1914 2468; x_wconf 86' lang='lat' dir='ltr'><strong>pe-</strong></span> 
     </span>
    </p>
   </div>
   <div class='ocr_carea' id='block_1_37' title="bbox 322 2490 1913 2567">
    <p class='ocr_par' dir='ltr' id='par_1_37' title="bbox 322 2490 1913 2567">
     <span class='ocr_line' id='line_1_37' title="bbox 322 2490 1913 2567; baseline -0.009 -10"><span class='ocrx_word' id='word_1_280' title='bbox 322 2514 439 2558; x_wconf 82' lang='lat' dir='ltr'><strong>tere</strong></span> <span class='ocrx_word' id='word_1_281' title='bbox 467 2514 636 2554; x_wconf 92' lang='lat' dir='ltr'><strong>unum</strong></span> <span class='ocrx_word' id='word_1_282' title='bbox 673 2496 934 2567; x_wconf 86' lang='lat' dir='ltr'><strong>templum</strong></span> <span class='ocrx_word' id='word_1_283' title='bbox 999 2494 1088 2555; x_wconf 91' lang='lat' dir='ltr'><strong>iis,</strong></span> <span class='ocrx_word' id='word_1_284' title='bbox 1124 2494 1216 2563; x_wconf 90' lang='lat' dir='ltr'><strong>qui</strong></span> <span class='ocrx_word' id='word_1_285' title='bbox 1252 2501 1412 2549; x_wconf 87' lang='lat' dir='ltr'><strong>erant</strong></span> <span class='ocrx_word' id='word_1_286' title='bbox 1456 2492 1707 2563; x_wconf 81' lang='lat' dir='ltr'><strong>ejusdem</strong></span> <span class='ocrx_word' id='word_1_287' title='bbox 1755 2490 1913 2560; x_wconf 89' lang='lat' dir='ltr'><strong>cujus</strong></span> 
     </span>
    </p>
   </div>
   <div class='ocr_carea' id='block_1_38' title="bbox 321 2582 1907 2666">
    <p class='ocr_par' dir='ltr' id='par_1_38' title="bbox 321 2582 1907 2666">
     <span class='ocr_line' id='line_1_38' title="bbox 321 2582 1907 2666; baseline -0.009 -15"><span class='ocrx_word' id='word_1_288' title='bbox 321 2596 440 2666; x_wconf 82' lang='lat' dir='ltr'><strong>ipse</strong></span> <span class='ocrx_word' id='word_1_289' title='bbox 463 2592 764 2665; x_wconf 89' lang='lat' dir='ltr'><strong>opinionis,</strong></span> <span class='ocrx_word' id='word_1_290' title='bbox 786 2606 855 2646; x_wconf 78' lang='lat' dir='ltr'><strong>ex</strong></span> <span class='ocrx_word' id='word_1_291' title='bbox 886 2589 952 2645; x_wconf 90' lang='lat' dir='ltr'><strong>iis</strong></span> <span class='ocrx_word' id='word_1_292' title='bbox 977 2586 1215 2659; x_wconf 86' lang='lat' dir='ltr'><strong>templis,</strong></span> <span class='ocrx_word' id='word_1_293' title='bbox 1243 2602 1364 2658; x_wconf 70' lang='lat' dir='ltr'><strong>qua:</strong></span> <span class='ocrx_word' id='word_1_294' title='bbox 1397 2596 1553 2642; x_wconf 82' lang='lat' dir='ltr'><strong>erant</strong></span> <span class='ocrx_word' id='word_1_295' title='bbox 1579 2585 1635 2640; x_wconf 89' lang='lat' dir='ltr'><strong>in</strong></span> <span class='ocrx_word' id='word_1_296' title='bbox 1665 2582 1907 2640; x_wconf 88' lang='lat' dir='ltr'><strong>civitate.</strong></span> 
     </span>
    </p>
   </div>
   <div class='ocr_carea' id='block_1_39' title="bbox 320 2678 1914 2757">
    <p class='ocr_par' dir='ltr' id='par_1_39' title="bbox 320 2678 1914 2757">
     <span class='ocr_line' id='line_1_39' title="bbox 320 2678 1914 2757; baseline -0.006 -15"><span class='ocrx_word' id='word_1_297' title='bbox 320 2687 587 2743; x_wconf 78' lang='lat' dir='ltr'><strong>Arcadius</strong></span> <span class='ocrx_word' id='word_1_298' title='bbox 625 2700 756 2757; x_wconf 75' lang='lat' dir='ltr'><strong>ergo</strong></span> <span class='ocrx_word' id='word_1_299' title='bbox 813 2682 1065 2755; x_wconf 83' lang='lat' dir='ltr'><strong>protinus</strong></span> <span class='ocrx_word' id='word_1_300' title='bbox 1110 2681 1226 2754; x_wconf 86' lang='lat' dir='ltr'><strong>(ille</strong></span> <span class='ocrx_word' id='word_1_301' title='bbox 1284 2683 1433 2736; x_wconf 90' lang='lat' dir='ltr'><strong>enim</strong></span> <span class='ocrx_word' id='word_1_302' title='bbox 1497 2689 1629 2735; x_wconf 91' lang='lat' dir='ltr'><strong>tunc</strong></span> <span class='ocrx_word' id='word_1_303' title='bbox 1690 2678 1914 2734; x_wconf 87' lang='lat' dir='ltr'><strong>tenebat</strong></span> 
     </span>
    </p>
   </div>
   <div class='ocr_carea' id='block_1_40' title="bbox 318 2769 1909 2848">
    <p class='ocr_par' dir='ltr' id='par_1_40' title="bbox 318 2769 1909 2848">
     <span class='ocr_line' id='line_1_40' title="bbox 318 2769 1909 2848; baseline -0.009 -12"><span class='ocrx_word' id='word_1_304' title='bbox 318 2786 536 2848; x_wconf 76' lang='lat' dir='ltr'><strong>sceptra</strong></span> <span class='ocrx_word' id='word_1_305' title='bbox 564 2772 1209 2848; x_wconf 80' lang='lat' dir='ltr'><strong>itnperiiBomanorum),</strong></span> <span class='ocrx_word' id='word_1_306' title='bbox 1241 2771 1333 2827; x_wconf 86' lang='lat' dir='ltr'><strong>Dei</strong></span> <span class='ocrx_word' id='word_1_307' title='bbox 1374 2770 1594 2826; x_wconf 88' lang='lat' dir='ltr'><strong>homine</strong></span> <span class='ocrx_word' id='word_1_308' title='bbox 1622 2769 1909 2832; x_wconf 89' lang='lat' dir='ltr'><strong>accersito,</strong></span> 
     </span>
    </p>
   </div>
   <div class='ocr_carea' id='block_1_41' title="bbox 321 2861 1909 2944">
    <p class='ocr_par' dir='ltr' id='par_1_41' title="bbox 321 2861 1909 2944">
     <span class='ocr_line' id='line_1_41' title="bbox 321 2861 1909 2944; baseline -0.008 -17"><span class='ocrx_word' id='word_1_309' title='bbox 321 2871 544 2944; x_wconf 79' lang='lat' dir='ltr'><strong>rogabat</strong></span> <span class='ocrx_word' id='word_1_310' title='bbox 575 2879 635 2924; x_wconf 90' lang='lat' dir='ltr'><strong>ut</strong></span> <span class='ocrx_word' id='word_1_311' title='bbox 663 2867 856 2940; x_wconf 83' lang='lat' dir='ltr'><strong>petitio</strong></span> <span class='ocrx_word' id='word_1_312' title='bbox 871 2866 994 2938; x_wconf 88' lang='lat' dir='ltr'><strong>ejus</strong></span> <span class='ocrx_word' id='word_1_313' title='bbox 1009 2866 1381 2931; x_wconf 80' lang='lat' dir='ltr'><strong>exaudiretur,</strong></span> <span class='ocrx_word' id='word_1_314' title='bbox 1401 2864 1524 2935; x_wconf 89' lang='lat' dir='ltr'><strong>ejus</strong></span> <span class='ocrx_word' id='word_1_315' title='bbox 1552 2863 1812 2921; x_wconf 74' lang='lat' dir='ltr'><strong>virtutem</strong></span> <span class='ocrx_word' id='word_1_316' title='bbox 1834 2861 1909 2916; x_wconf 92' lang='lat' dir='ltr'><strong>illi</strong></span> 
     </span>
    </p>
   </div>
   <div class='ocr_carea' id='block_1_42' title="bbox 321 2957 1913 3029">
    <p class='ocr_par' dir='ltr' id='par_1_42' title="bbox 321 2957 1913 3029">
     <span class='ocr_line' id='line_1_42' title="bbox 321 2957 1913 3029; baseline -0.008 -7"><span class='ocrx_word' id='word_1_317' title='bbox 321 2979 587 3022; x_wconf 78' lang='lat' dir='ltr'><strong>revocans</strong></span> <span class='ocrx_word' id='word_1_318' title='bbox 622 2964 678 3018; x_wconf 89' lang='lat' dir='ltr'><strong>in</strong></span> <span class='ocrx_word' id='word_1_319' title='bbox 708 2959 1054 3025; x_wconf 86' lang='lat' dir='ltr'><strong>memoriam,</strong></span> <span class='ocrx_word' id='word_1_320' title='bbox 1077 2968 1134 3014; x_wconf 90' lang='lat' dir='ltr'><strong>et</strong></span> <span class='ocrx_word' id='word_1_321' title='bbox 1162 2957 1325 3013; x_wconf 90' lang='lat' dir='ltr'><strong>tacite</strong></span> <span class='ocrx_word' id='word_1_322' title='bbox 1372 2957 1685 3029; x_wconf 76' lang='lat' dir='ltr'><strong>signiﬁcans</strong></span> <span class='ocrx_word' id='word_1_323' title='bbox 1731 2964 1913 3028; x_wconf 87' lang='lat' dir='ltr'><strong>tyran-</strong></span> 
     </span>
    </p>
   </div>
   <div class='ocr_carea' id='block_1_43' title="bbox 323 3046 1914 3127">
    <p class='ocr_par' dir='ltr' id='par_1_43' title="bbox 323 3046 1914 3127">
     <span class='ocr_line' id='line_1_43' title="bbox 323 3046 1914 3127; baseline -0.009 -13"><span class='ocrx_word' id='word_1_324' title='bbox 323 3058 529 3117; x_wconf 87' lang='lat' dir='ltr'><strong>nidem.</strong></span> <span class='ocrx_word' id='word_1_325' title='bbox 591 3069 756 3127; x_wconf 85' lang='lat' dir='ltr'><strong>quam</strong></span> <span class='ocrx_word' id='word_1_326' title='bbox 789 3052 967 3122; x_wconf 89' lang='lat' dir='ltr'><strong>ipsum</strong></span> <span class='ocrx_word' id='word_1_327' title='bbox 996 3049 1217 3105; x_wconf 86' lang='lat' dir='ltr'><strong>videbat</strong></span> <span class='ocrx_word' id='word_1_328' title='bbox 1242 3047 1539 3103; x_wconf 81' lang='lat' dir='ltr'><strong>aﬁ‘ectare:</strong></span> <span class='ocrx_word' id='word_1_329' title='bbox 1577 3055 1638 3102; x_wconf 90' lang='lat' dir='ltr'><strong>ut</strong></span> <span class='ocrx_word' id='word_1_330' title='bbox 1658 3047 1758 3109; x_wconf 89' lang='lat' dir='ltr'><strong>sic,</strong></span> <span class='ocrx_word' id='word_1_331' title='bbox 1799 3046 1914 3101; x_wconf 88' lang='lat' dir='ltr'><strong>aie-</strong></span> 
     </span>
    </p>
   </div>
   <div class='ocr_carea' id='block_1_44' title="bbox 321 3139 1915 3218">
    <p class='ocr_par' dir='ltr' id='par_1_44' title="bbox 321 3139 1915 3218">
     <span class='ocr_line' id='line_1_44' title="bbox 321 3139 1915 3218; baseline -0.009 -9"><span class='ocrx_word' id='word_1_332' title='bbox 321 3154 434 3218; x_wconf 87' lang='lat' dir='ltr'><strong>bat,</strong></span> <span class='ocrx_word' id='word_1_333' title='bbox 447 3149 667 3206; x_wconf 89' lang='lat' dir='ltr'><strong>Barbari</strong></span> <span class='ocrx_word' id='word_1_334' title='bbox 686 3142 1286 3201; x_wconf 82' lang='lat' dir='ltr'><strong>mansuescatanimus.</strong></span> <span class='ocrx_word' id='word_1_335' title='bbox 1312 3139 1379 3195; x_wconf 88' lang='lat' dir='ltr'><strong>Et</strong></span> <span class='ocrx_word' id='word_1_336' title='bbox 1395 3141 1475 3196; x_wconf 90' lang='lat' dir='ltr'><strong>sic</strong></span> <span class='ocrx_word' id='word_1_337' title='bbox 1503 3139 1724 3211; x_wconf 87' lang='lat' dir='ltr'><strong>quidem</strong></span> <span class='ocrx_word' id='word_1_338' title='bbox 1739 3140 1915 3211; x_wconf 59' lang='lat' dir='ltr'><strong>impe-e</strong></span> 
     </span>
    </p>
   </div>
   <div class='ocr_carea' id='block_1_45' title="bbox 234 3229 1911 3307">
    <p class='ocr_par' dir='ltr' id='par_1_45' title="bbox 234 3229 1911 3307">
     <span class='ocr_line' id='line_1_45' title="bbox 234 3229 1911 3307; baseline -0.008 -9"><span class='ocrx_word' id='word_1_339' title='bbox 234 3249 239 3255; x_wconf 82' lang='grc'><strong>”</strong></span> <span class='ocrx_word' id='word_1_340' title='bbox 322 3251 488 3297; x_wconf 75' lang='lat' dir='ltr'><strong>ratur.</strong></span> <span class='ocrx_word' id='word_1_341' title='bbox 508 3240 602 3296; x_wconf 89' lang='lat' dir='ltr'><strong>llle</strong></span> <span class='ocrx_word' id='word_1_342' title='bbox 618 3246 801 3294; x_wconf 89' lang='lat' dir='ltr'><strong>autem</strong></span> <span class='ocrx_word' id='word_1_343' title='bbox 816 3235 1000 3307; x_wconf 78' lang='lat' dir='ltr'><strong>lingua</strong></span> <span class='ocrx_word' id='word_1_344' title='bbox 1026 3233 1187 3305; x_wconf 88' lang='lat' dir='ltr'><strong>plane</strong></span> <span class='ocrx_word' id='word_1_345' title='bbox 1215 3247 1438 3298; x_wconf 91' lang='lat' dir='ltr'><strong>aureus,</strong></span> <span class='ocrx_word' id='word_1_346' title='bbox 1464 3231 1646 3287; x_wconf 85' lang='lat' dir='ltr'><strong>statim</strong></span> <span class='ocrx_word' id='word_1_347' title='bbox 1671 3229 1911 3286; x_wconf 88' lang='lat' dir='ltr'><strong>ostendit</strong></span> 
     </span>
    </p>
   </div>
   <div class='ocr_carea' id='block_1_46' title="bbox 322 3325 1910 3399">
    <p class='ocr_par' dir='ltr' id='par_1_46' title="bbox 322 3325 1910 3399">
     <span class='ocr_line' id='line_1_46' title="bbox 322 3325 1910 3399; baseline -0.009 -8"><span class='ocrx_word' id='word_1_348' title='bbox 322 3352 382 3391; x_wconf 83' lang='lat' dir='ltr'><strong>se</strong></span> <span class='ocrx_word' id='word_1_349' title='bbox 408 3328 572 3391; x_wconf 83' lang='lat' dir='ltr'><strong>etiam</strong></span> <span class='ocrx_word' id='word_1_350' title='bbox 592 3332 792 3388; x_wconf 88' lang='lat' dir='ltr'><strong>habere</strong></span> <span class='ocrx_word' id='word_1_351' title='bbox 815 3343 996 3396; x_wconf 87' lang='lat' dir='ltr'><strong>aures,</strong></span> <span class='ocrx_word' id='word_1_352' title='bbox 1017 3343 1141 3399; x_wconf 64' lang='lat' dir='ltr'><strong>qua</strong></span> <span class='ocrx_word' id='word_1_353' title='bbox 1174 3327 1371 3397; x_wconf 61' lang='lat' dir='ltr'><strong>linguis</strong></span> <span class='ocrx_word' id='word_1_354' title='bbox 1394 3325 1532 3381; x_wconf 88' lang='lat' dir='ltr'><strong>nihil</strong></span> <span class='ocrx_word' id='word_1_355' title='bbox 1552 3325 1835 3389; x_wconf 86' lang='lat' dir='ltr'><strong>cederent.</strong></span> <span class='ocrx_word' id='word_1_356' title='bbox 1853 3331 1910 3379; x_wconf 86' lang='lat' dir='ltr'><strong>et</strong></span> 
     </span>
    </p>
   </div>
   <div class='ocr_carea' id='block_1_47' title="bbox 321 3418 1907 3500">
    <p class='ocr_par' dir='ltr' id='par_1_47' title="bbox 321 3418 1907 3500">
     <span class='ocr_line' id='line_1_47' title="bbox 321 3418 1907 3500; baseline -0.006 -17"><span class='ocrx_word' id='word_1_357' title='bbox 321 3443 443 3500; x_wconf 66' lang='lat' dir='ltr'><strong>quae</strong></span> <span class='ocrx_word' id='word_1_358' title='bbox 464 3435 686 3498; x_wconf 87' lang='lat' dir='ltr'><strong>possent</strong></span> <span class='ocrx_word' id='word_1_359' title='bbox 701 3424 971 3496; x_wconf 84' lang='lat' dir='ltr'><strong>judicare.</strong></span> <span class='ocrx_word' id='word_1_360' title='bbox 994 3422 1331 3493; x_wconf 85' lang='lat' dir='ltr'><strong>quibusnam</strong></span> <span class='ocrx_word' id='word_1_361' title='bbox 1358 3418 1697 3475; x_wconf 85' lang='lat' dir='ltr'><strong>orationibus</strong></span> <span class='ocrx_word' id='word_1_362' title='bbox 1715 3433 1907 3489; x_wconf 89' lang='lat' dir='ltr'><strong>parere</strong></span> 
     </span>
    </p>
   </div>
   <div class='ocr_carea' id='block_1_48' title="bbox 325 3511 1908 3594">
    <p class='ocr_par' dir='ltr' id='par_1_48' title="bbox 325 3511 1908 3594">
     <span class='ocr_line' id='line_1_48' title="bbox 325 3511 1908 3594; baseline -0.008 -16"><span class='ocrx_word' id='word_1_363' title='bbox 325 3529 597 3594; x_wconf 88' lang='lat' dir='ltr'><strong>oporteat,</strong></span> <span class='ocrx_word' id='word_1_364' title='bbox 620 3529 676 3576; x_wconf 94' lang='lat' dir='ltr'><strong>et</strong></span> <span class='ocrx_word' id='word_1_365' title='bbox 712 3519 911 3590; x_wconf 90' lang='lat' dir='ltr'><strong>quibus</strong></span> <span class='ocrx_word' id='word_1_366' title='bbox 934 3527 1075 3572; x_wconf 69' lang='lat' dir='ltr'><strong>non;</strong></span> <span class='ocrx_word' id='word_1_367' title='bbox 1100 3515 1300 3571; x_wconf 90' lang='lat' dir='ltr'><strong>Statim</strong></span> <span class='ocrx_word' id='word_1_368' title='bbox 1330 3529 1461 3586; x_wconf 74' lang='lat' dir='ltr'><strong>ergo</strong></span> <span class='ocrx_word' id='word_1_369' title='bbox 1478 3513 1682 3580; x_wconf 90' lang='lat' dir='ltr'><strong>renuit,</strong></span> <span class='ocrx_word' id='word_1_370' title='bbox 1734 3511 1908 3569; x_wconf 85' lang='lat' dir='ltr'><strong>divini</strong></span> 
     </span>
    </p>
   </div>
   <div class='ocr_carea' id='block_1_49' title="bbox 325 3604 1906 3681">
    <p class='ocr_par' dir='ltr' id='par_1_49' title="bbox 325 3604 1906 3681">
     <span class='ocr_line' id='line_1_49' title="bbox 325 3604 1906 3681; baseline -0.009 -8"><span class='ocrx_word' id='word_1_371' title='bbox 325 3626 504 3673; x_wconf 89' lang='lat' dir='ltr'><strong>metus</strong></span> <span class='ocrx_word' id='word_1_372' title='bbox 533 3628 644 3670; x_wconf 92' lang='lat' dir='ltr'><strong>non</strong></span> <span class='ocrx_word' id='word_1_373' title='bbox 675 3612 878 3668; x_wconf 91' lang='lat' dir='ltr'><strong>oblitus</strong></span> <span class='ocrx_word' id='word_1_374' title='bbox 893 3618 949 3665; x_wconf 89' lang='lat' dir='ltr'><strong>et</strong></span> <span class='ocrx_word' id='word_1_375' title='bbox 974 3610 1115 3681; x_wconf 89' lang='lat' dir='ltr'><strong>ejus,</strong></span> <span class='ocrx_word' id='word_1_376' title='bbox 1136 3623 1300 3679; x_wconf 86' lang='lat' dir='ltr'><strong>quam</strong></span> <span class='ocrx_word' id='word_1_377' title='bbox 1319 3607 1574 3671; x_wconf 88' lang='lat' dir='ltr'><strong>habebat,</strong></span> <span class='ocrx_word' id='word_1_378' title='bbox 1593 3604 1906 3678; x_wconf 77' lang='lat' dir='ltr'><strong>dignitatis:</strong></span> 
     </span>
    </p>
   </div>
   <div class='ocr_carea' id='block_1_50' title="bbox 320 3700 1910 3774">
    <p class='ocr_par' dir='ltr' id='par_1_50' title="bbox 320 3700 1910 3774">
     <span class='ocr_line' id='line_1_50' title="bbox 320 3700 1910 3774; baseline -0.008 -6"><span class='ocrx_word' id='word_1_379' title='bbox 320 3720 376 3768; x_wconf 90' lang='lat' dir='ltr'><strong>ct</strong></span> <span class='ocrx_word' id='word_1_380' title='bbox 405 3709 537 3766; x_wconf 88' lang='lat' dir='ltr'><strong>dicit</strong></span> <span class='ocrx_word' id='word_1_381' title='bbox 566 3722 625 3763; x_wconf 91' lang='lat' dir='ltr'><strong>se</strong></span> <span class='ocrx_word' id='word_1_382' title='bbox 648 3720 755 3760; x_wconf 88' lang='lat' dir='ltr'><strong>non</strong></span> <span class='ocrx_word' id='word_1_383' title='bbox 785 3719 909 3760; x_wconf 90' lang='lat' dir='ltr'><strong>esse</strong></span> <span class='ocrx_word' id='word_1_384' title='bbox 964 3702 1382 3774; x_wconf 86' lang='lat' dir='ltr'><strong>permissurum,</strong></span> <span class='ocrx_word' id='word_1_385' title='bbox 1418 3700 1786 3772; x_wconf 90' lang='lat' dir='ltr'><strong>quodcunque</strong></span> <span class='ocrx_word' id='word_1_386' title='bbox 1813 3715 1910 3755; x_wconf 82' lang='lat' dir='ltr'><strong>ac-</strong></span> 
     </span>
    </p>
   </div>
   <div class='ocr_carea' id='block_1_51' title="bbox 320 3788 1908 3865">
    <p class='ocr_par' dir='ltr' id='par_1_51' title="bbox 320 3788 1908 3865">
     <span class='ocr_line' id='line_1_51' title="bbox 320 3788 1908 3865; baseline -0.01 -8"><span class='ocrx_word' id='word_1_387' title='bbox 320 3800 537 3857; x_wconf 88' lang='lat' dir='ltr'><strong>ciderit.</strong></span> <span class='ocrx_word' id='word_1_388' title='bbox 567 3794 856 3865; x_wconf 88' lang='lat' dir='ltr'><strong>Quomodo</strong></span> <span class='ocrx_word' id='word_1_389' title='bbox 919 3792 1066 3848; x_wconf 89' lang='lat' dir='ltr'><strong>enim</strong></span> <span class='ocrx_word' id='word_1_390' title='bbox 1120 3788 1470 3854; x_wconf 88' lang='lat' dir='ltr'><strong>sustinuerit,</strong></span> <span class='ocrx_word' id='word_1_391' title='bbox 1503 3788 1597 3858; x_wconf 89' lang='lat' dir='ltr'><strong>qui</strong></span> <span class='ocrx_word' id='word_1_392' title='bbox 1650 3801 1759 3841; x_wconf 90' lang='lat' dir='ltr'><strong>non</strong></span> <span class='ocrx_word' id='word_1_393' title='bbox 1791 3794 1844 3842; x_wconf 93' lang='lat' dir='ltr'><strong>et</strong></span> <span class='ocrx_word' id='word_1_394' title='bbox 1875 3801 1908 3841; x_wconf 88' lang='lat' dir='ltr'><strong>a</strong></span> 
     </span>
    </p>
   </div>
   <div class='ocr_carea' id='block_1_52' title="bbox 320 3880 1910 3960">
    <p class='ocr_par' dir='ltr' id='par_1_52' title="bbox 320 3880 1910 3960">
     <span class='ocr_line' id='line_1_52' title="bbox 320 3880 1910 3960; baseline -0.011 -10"><span class='ocrx_word' id='word_1_395' title='bbox 320 3902 508 3950; x_wconf 88' lang='lat' dir='ltr'><strong>mente</strong></span> <span class='ocrx_word' id='word_1_396' title='bbox 544 3899 600 3946; x_wconf 91' lang='lat' dir='ltr'><strong>et</strong></span> <span class='ocrx_word' id='word_1_397' title='bbox 619 3905 649 3944; x_wconf 92' lang='lat' dir='ltr'><strong>a</strong></span> <span class='ocrx_word' id='word_1_398' title='bbox 678 3890 882 3960; x_wconf 89' lang='lat' dir='ltr'><strong>pietate</strong></span> <span class='ocrx_word' id='word_1_399' title='bbox 905 3884 1097 3957; x_wconf 89' lang='lat' dir='ltr'><strong>procul</strong></span> <span class='ocrx_word' id='word_1_400' title='bbox 1119 3882 1460 3947; x_wconf 81' lang='lat' dir='ltr'><strong>discesserit,</strong></span> <span class='ocrx_word' id='word_1_401' title='bbox 1486 3890 1548 3936; x_wconf 90' lang='lat' dir='ltr'><strong>ut</strong></span> <span class='ocrx_word' id='word_1_402' title='bbox 1600 3880 1693 3952; x_wconf 92' lang='lat' dir='ltr'><strong>qui</strong></span> <span class='ocrx_word' id='word_1_403' title='bbox 1724 3880 1910 3951; x_wconf 74' lang='lat' dir='ltr'><strong>ingre-</strong></span> 
     </span>
    </p>
   </div>
   <div class='ocr_carea' id='block_1_53' title="bbox 320 3966 1912 4042">
    <p class='ocr_par' dir='ltr' id='par_1_53' title="bbox 320 3966 1912 4042">
     <span class='ocr_line' id='line_1_53' title="bbox 320 3966 1912 4042; baseline -0.009 -1"><span class='ocrx_word' id='word_1_404' title='bbox 320 3986 551 4042; x_wconf 89' lang='lat' dir='ltr'><strong>diuntur</strong></span> <span class='ocrx_word' id='word_1_405' title='bbox 567 3990 781 4036; x_wconf 87' lang='lat' dir='ltr'><strong>rectum</strong></span> <span class='ocrx_word' id='word_1_406' title='bbox 818 3976 1092 4033; x_wconf 84' lang='lat' dir='ltr'><strong>tramitem</strong></span> <span class='ocrx_word' id='word_1_407' title='bbox 1125 3966 1394 4040; x_wconf 87' lang='lat' dir='ltr'><strong>veritatis,</strong></span> <span class='ocrx_word' id='word_1_408' title='bbox 1422 3982 1479 4027; x_wconf 89' lang='lat' dir='ltr'><strong>et</strong></span> <span class='ocrx_word' id='word_1_409' title='bbox 1514 3971 1795 4027; x_wconf 84' lang='lat' dir='ltr'><strong>Christum</strong></span> <span class='ocrx_word' id='word_1_410' title='bbox 1821 3971 1912 4026; x_wconf 92' lang='lat' dir='ltr'><strong>de-</strong></span> 
     </span>
    </p>
   </div>
   <div class='ocr_carea' id='block_1_54' title="bbox 326 4063 1908 4140">
    <p class='ocr_par' dir='ltr' id='par_1_54' title="bbox 326 4063 1908 4140">
     <span class='ocr_line' id='line_1_54' title="bbox 326 4063 1908 4140; baseline -0.009 -7"><span class='ocrx_word' id='word_1_411' title='bbox 326 4078 577 4140; x_wconf 77' lang='lat' dir='ltr'><strong>fendunt,</strong></span> <span class='ocrx_word' id='word_1_412' title='bbox 636 4088 759 4129; x_wconf 89' lang='lat' dir='ltr'><strong>esse</strong></span> <span class='ocrx_word' id='word_1_413' title='bbox 799 4085 970 4125; x_wconf 88' lang='lat' dir='ltr'><strong>unum</strong></span> <span class='ocrx_word' id='word_1_414' title='bbox 1015 4067 1341 4124; x_wconf 79' lang='lat' dir='ltr'><strong>veneranda:</strong></span> <span class='ocrx_word' id='word_1_415' title='bbox 1402 4066 1546 4120; x_wconf 88' lang='lat' dir='ltr'><strong>illius</strong></span> <span class='ocrx_word' id='word_1_416' title='bbox 1603 4063 1908 4131; x_wconf 88' lang='lat' dir='ltr'><strong>Trinitatis,</strong></span> 
     </span>
    </p>
   </div>
   <div class='ocr_carea' id='block_1_55' title="bbox 324 4151 1909 4222">
    <p class='ocr_par' dir='ltr' id='par_1_55' title="bbox 324 4151 1909 4222">
     <span class='ocr_line' id='line_1_55' title="bbox 324 4151 1909 4222; baseline -0.008 -3"><span class='ocrx_word' id='word_1_417' title='bbox 324 4162 692 4220; x_wconf 90' lang='lat' dir='ltr'><strong>amaudentur</strong></span> <span class='ocrx_word' id='word_1_418' title='bbox 721 4165 873 4213; x_wconf 77' lang='lat' dir='ltr'><strong>extra</strong></span> <span class='ocrx_word' id='word_1_419' title='bbox 904 4170 1059 4212; x_wconf 88' lang='lat' dir='ltr'><strong>sacra</strong></span> <span class='ocrx_word' id='word_1_420' title='bbox 1086 4154 1353 4210; x_wconf 87' lang='lat' dir='ltr'><strong>vestibula</strong></span> <span class='ocrx_word' id='word_1_421' title='bbox 1383 4168 1397 4205; x_wconf 90' lang='lat'><strong>:</strong></span> <span class='ocrx_word' id='word_1_422' title='bbox 1436 4151 1470 4207; x_wconf 92' lang='lat' dir='ltr'><strong>ii</strong></span> <span class='ocrx_word' id='word_1_423' title='bbox 1497 4160 1703 4217; x_wconf 87' lang='lat' dir='ltr'><strong>autem,</strong></span> <span class='ocrx_word' id='word_1_424' title='bbox 1732 4152 1823 4222; x_wconf 91' lang='lat' dir='ltr'><strong>qui</strong></span> <span class='ocrx_word' id='word_1_425' title='bbox 1851 4166 1909 4207; x_wconf 87' lang='lat' dir='ltr'><strong>se</strong></span> 
     </span>
    </p>
   </div>
   <div class='ocr_carea' id='block_1_56' title="bbox 324 4242 1909 4326">
    <p class='ocr_par' dir='ltr' id='par_1_56' title="bbox 324 4242 1909 4326">
     <span class='ocr_line' id='line_1_56' title="bbox 324 4242 1909 4326; baseline -0.008 -15"><span class='ocrx_word' id='word_1_426' title='bbox 324 4252 937 4326; x_wconf 81' lang='lat' dir='ltr'><strong>ntagniﬁcejactantem</strong></span> <span class='ocrx_word' id='word_1_427' title='bbox 969 4258 1025 4303; x_wconf 91' lang='lat' dir='ltr'><strong>et</strong></span> <span class='ocrx_word' id='word_1_428' title='bbox 1061 4242 1323 4303; x_wconf 88' lang='lat' dir='ltr'><strong>audacem</strong></span> <span class='ocrx_word' id='word_1_429' title='bbox 1375 4244 1614 4315; x_wconf 81' lang='lat' dir='ltr'><strong>linguam</strong></span> <span class='ocrx_word' id='word_1_430' title='bbox 1674 4243 1729 4298; x_wconf 91' lang='lat' dir='ltr'><strong>in</strong></span> <span class='ocrx_word' id='word_1_431' title='bbox 1783 4259 1909 4299; x_wconf 89' lang='lat' dir='ltr'><strong>eum</strong></span> 
     </span>
    </p>
   </div>
   <div class='ocr_carea' id='block_1_57' title="bbox 322 4330 1908 4416">
    <p class='ocr_par' dir='ltr' id='par_1_57' title="bbox 322 4330 1908 4416">
     <span class='ocr_line' id='line_1_57' title="bbox 322 4330 1908 4416; baseline -0.008 -12"><span class='ocrx_word' id='word_1_432' title='bbox 322 4355 567 4412; x_wconf 87' lang='lat' dir='ltr'><strong>movent,</strong></span> <span class='ocrx_word' id='word_1_433' title='bbox 598 4346 658 4411; x_wconf 91' lang='lat' dir='ltr'><strong>ii,</strong></span> <span class='ocrx_word' id='word_1_434' title='bbox 692 4330 913 4416; x_wconf 75' lang='lat' dir='ltr'><strong>inquam</strong></span> <span class='ocrx_word' id='word_1_435' title='bbox 939 4342 995 4414; x_wconf 86' lang='grc' dir='ltr'><strong>(ο</strong></span> <span class='ocrx_word' id='word_1_436' title='bbox 1021 4339 1279 4412; x_wconf 74' lang='lat' dir='ltr'><strong>profanos</strong></span> <span class='ocrx_word' id='word_1_437' title='bbox 1304 4337 1494 4409; x_wconf 86' lang='lat' dir='ltr'><strong>pedes)</strong></span> <span class='ocrx_word' id='word_1_438' title='bbox 1522 4338 1663 4392; x_wconf 88' lang='lat' dir='ltr'><strong>intra</strong></span> <span class='ocrx_word' id='word_1_439' title='bbox 1686 4336 1908 4392; x_wconf 91' lang='lat' dir='ltr'><strong>domum</strong></span> 
     </span>
    </p>
   </div>
   <div class='ocr_carea' id='block_1_58' title="bbox 322 4430 1911 4503">
    <p class='ocr_par' dir='ltr' id='par_1_58' title="bbox 322 4430 1911 4503">
     <span class='ocr_line' id='line_1_58' title="bbox 322 4430 1911 4503; baseline -0.008 -5"><span class='ocrx_word' id='word_1_440' title='bbox 322 4442 468 4498; x_wconf 90' lang='lat' dir='ltr'><strong>illius</strong></span> <span class='ocrx_word' id='word_1_441' title='bbox 490 4436 961 4495; x_wconf 78' lang='lat' dir='ltr'><strong>introducantur?</strong></span> <span class='ocrx_word' id='word_1_442' title='bbox 1016 4433 1125 4489; x_wconf 91' lang='lat' dir='ltr'><strong>Sed</strong></span> <span class='ocrx_word' id='word_1_443' title='bbox 1166 4433 1210 4488; x_wconf 89' lang='lat' dir='ltr'><strong>si</strong></span> <span class='ocrx_word' id='word_1_444' title='bbox 1277 4431 1407 4503; x_wconf 92' lang='lat' dir='ltr'><strong>quid</strong></span> <span class='ocrx_word' id='word_1_445' title='bbox 1459 4446 1585 4486; x_wconf 90' lang='lat' dir='ltr'><strong>eum</strong></span> <span class='ocrx_word' id='word_1_446' title='bbox 1625 4430 1911 4497; x_wconf 87' lang='lat' dir='ltr'><strong>vereris,o</strong></span> 
     </span>
    </p>
   </div>
   <div class='ocr_carea' id='block_1_59' title="bbox 322 4526 1905 4608">
    <p class='ocr_par' dir='ltr' id='par_1_59' title="bbox 322 4526 1905 4608">
     <span class='ocr_line' id='line_1_59' title="bbox 322 4526 1905 4608; baseline -0.008 -16"><span class='ocrx_word' id='word_1_447' title='bbox 322 4537 641 4608; x_wconf 88' lang='lat' dir='ltr'><strong>imperator,</strong></span> <span class='ocrx_word' id='word_1_448' title='bbox 700 4548 824 4587; x_wconf 89' lang='lat' dir='ltr'><strong>cum</strong></span> <span class='ocrx_word' id='word_1_449' title='bbox 889 4540 946 4585; x_wconf 89' lang='lat' dir='ltr'><strong>tu</strong></span> <span class='ocrx_word' id='word_1_450' title='bbox 1005 4529 1140 4583; x_wconf 89' lang='lat' dir='ltr'><strong>tnihi</strong></span> <span class='ocrx_word' id='word_1_451' title='bbox 1170 4544 1296 4584; x_wconf 91' lang='lat' dir='ltr'><strong>eum</strong></span> <span class='ocrx_word' id='word_1_452' title='bbox 1340 4528 1632 4583; x_wconf 77' lang='lat' dir='ltr'><strong>deduxeris</strong></span> <span class='ocrx_word' id='word_1_453' title='bbox 1669 4526 1726 4581; x_wconf 90' lang='lat' dir='ltr'><strong>in</strong></span> <span class='ocrx_word' id='word_1_454' title='bbox 1772 4541 1905 4580; x_wconf 87' lang='lat' dir='ltr'><strong>con-</strong></span> 
     </span>
    </p>
   </div>
   <div class='ocr_carea' id='block_1_60' title="bbox 320 4618 1908 4703">
    <p class='ocr_par' dir='ltr' id='par_1_60' title="bbox 320 4618 1908 4703">
     <span class='ocr_line' id='line_1_60' title="bbox 320 4618 1908 4703; baseline -0.01 -15"><span class='ocrx_word' id='word_1_455' title='bbox 320 4638 586 4703; x_wconf 88' lang='lat' dir='ltr'><strong>spectum,</strong></span> <span class='ocrx_word' id='word_1_456' title='bbox 617 4641 834 4681; x_wconf 89' lang='lat' dir='ltr'><strong>omnem</strong></span> <span class='ocrx_word' id='word_1_457' title='bbox 866 4638 1053 4679; x_wconf 84' lang='lat' dir='ltr'><strong>curam</strong></span> <span class='ocrx_word' id='word_1_458' title='bbox 1086 4623 1320 4692; x_wconf 87' lang='lat' dir='ltr'><strong>depone,</strong></span> <span class='ocrx_word' id='word_1_459' title='bbox 1362 4636 1426 4676; x_wconf 89' lang='lat' dir='ltr'><strong>ea</strong></span> <span class='ocrx_word' id='word_1_460' title='bbox 1448 4620 1625 4676; x_wconf 89' lang='lat' dir='ltr'><strong>solum</strong></span> <span class='ocrx_word' id='word_1_461' title='bbox 1671 4634 1794 4689; x_wconf 70' lang='lat' dir='ltr'><strong>quae</strong></span> <span class='ocrx_word' id='word_1_462' title='bbox 1821 4618 1908 4674; x_wconf 85' lang='lat' dir='ltr'><strong>di-</strong></span> 
     </span>
    </p>
   </div>
   <div class='ocr_carea' id='block_1_61' title="bbox 320 4714 1905 4790">
    <p class='ocr_par' dir='ltr' id='par_1_61' title="bbox 320 4714 1905 4790">
     <span class='ocr_line' id='line_1_61' title="bbox 320 4714 1905 4790; baseline -0.009 -10"><span class='ocrx_word' id='word_1_463' title='bbox 320 4733 518 4781; x_wconf 89' lang='lat' dir='ltr'><strong>cuntur</strong></span> <span class='ocrx_word' id='word_1_464' title='bbox 537 4720 873 4777; x_wconf 78' lang='lat' dir='ltr'><strong>auscultans.</strong></span> <span class='ocrx_word' id='word_1_465' title='bbox 922 4718 1033 4790; x_wconf 77' lang='lat' dir='ltr'><strong>Ego</strong></span> <span class='ocrx_word' id='word_1_466' title='bbox 1057 4717 1202 4772; x_wconf 91' lang='lat' dir='ltr'><strong>enim</strong></span> <span class='ocrx_word' id='word_1_467' title='bbox 1228 4730 1352 4772; x_wconf 90' lang='lat' dir='ltr'><strong>cum</strong></span> <span class='ocrx_word' id='word_1_468' title='bbox 1384 4730 1450 4770; x_wconf 88' lang='lat' dir='ltr'><strong>eo</strong></span> <span class='ocrx_word' id='word_1_469' title='bbox 1473 4714 1750 4769; x_wconf 86' lang='lat' dir='ltr'><strong>disserens</strong></span> <span class='ocrx_word' id='word_1_470' title='bbox 1777 4727 1905 4783; x_wconf 87' lang='lat' dir='ltr'><strong>per-</strong></span> 
     </span>
    </p>
   </div>
   <div class='ocr_carea' id='block_1_62' title="bbox 321 4809 1907 4879">
    <p class='ocr_par' dir='ltr' id='par_1_62' title="bbox 321 4809 1907 4879">
     <span class='ocr_line' id='line_1_62' title="bbox 321 4809 1907 4879; baseline -0.004 -7"><span class='ocrx_word' id='word_1_471' title='bbox 321 4816 583 4876; x_wconf 83' lang='lat' dir='ltr'><strong>suadebo.</strong></span> <span class='ocrx_word' id='word_1_472' title='bbox 607 4829 677 4868; x_wconf 90' lang='lat' dir='ltr'><strong>ne</strong></span> <span class='ocrx_word' id='word_1_473' title='bbox 699 4811 789 4867; x_wconf 90' lang='lat' dir='ltr'><strong>ille</strong></span> <span class='ocrx_word' id='word_1_474' title='bbox 826 4809 957 4865; x_wconf 79' lang='lat' dir='ltr'><strong>velit.</strong></span> <span class='ocrx_word' id='word_1_475' title='bbox 995 4825 1058 4865; x_wconf 90' lang='lat' dir='ltr'><strong>ea</strong></span> <span class='ocrx_word' id='word_1_476' title='bbox 1086 4825 1118 4864; x_wconf 93' lang='lat' dir='ltr'><strong>a</strong></span> <span class='ocrx_word' id='word_1_477' title='bbox 1161 4817 1214 4863; x_wconf 88' lang='lat' dir='ltr'><strong>te</strong></span> <span class='ocrx_word' id='word_1_478' title='bbox 1250 4815 1461 4879; x_wconf 89' lang='lat' dir='ltr'><strong>petere,</strong></span> <span class='ocrx_word' id='word_1_479' title='bbox 1501 4823 1624 4879; x_wconf 67' lang='lat' dir='ltr'><strong>quas</strong></span> <span class='ocrx_word' id='word_1_480' title='bbox 1676 4822 1785 4862; x_wconf 91' lang='lat' dir='ltr'><strong>non</strong></span> <span class='ocrx_word' id='word_1_481' title='bbox 1820 4818 1907 4865; x_wconf 87' lang='lat' dir='ltr'><strong>est</strong></span> 
     </span>
    </p>
   </div>
   <div class='ocr_carea' id='block_1_63' title="bbox 323 4900 1904 4977">
    <p class='ocr_par' dir='ltr' id='par_1_63' title="bbox 323 4900 1904 4977">
     <span class='ocr_line' id='line_1_63' title="bbox 323 4900 1904 4977; baseline -0.004 -14"><span class='ocrx_word' id='word_1_482' title='bbox 323 4912 402 4963; x_wconf 77' lang='lat' dir='ltr'><strong>las</strong></span> <span class='ocrx_word' id='word_1_483' title='bbox 430 4907 656 4964; x_wconf 87' lang='lat' dir='ltr'><strong>omnino</strong></span> <span class='ocrx_word' id='word_1_484' title='bbox 685 4905 950 4977; x_wconf 66' lang='lat' dir='ltr'><strong>prmbere.</strong></span> <span class='ocrx_word' id='word_1_485' title='bbox 987 4901 1227 4958; x_wconf 68' lang='lat' dir='ltr'><strong>Lanatus</strong></span> <span class='ocrx_word' id='word_1_486' title='bbox 1258 4911 1344 4956; x_wconf 91' lang='lat' dir='ltr'><strong>est</strong></span> <span class='ocrx_word' id='word_1_487' title='bbox 1374 4901 1458 4956; x_wconf 88' lang='lat' dir='ltr'><strong>his</strong></span> <span class='ocrx_word' id='word_1_488' title='bbox 1501 4900 1704 4956; x_wconf 89' lang='lat' dir='ltr'><strong>auditis</strong></span> <span class='ocrx_word' id='word_1_489' title='bbox 1728 4902 1904 4973; x_wconf 83' lang='lat' dir='ltr'><strong>impe-</strong></span> 
     </span>
    </p>
   </div>
   <div class='ocr_carea' id='block_1_64' title="bbox 321 4994 1906 5068">
    <p class='ocr_par' dir='ltr' id='par_1_64' title="bbox 321 4994 1906 5068">
     <span class='ocr_line' id='line_1_64' title="bbox 321 4994 1906 5068; baseline -0.003 -13"><span class='ocrx_word' id='word_1_490' title='bbox 321 5011 491 5067; x_wconf 84' lang='lat' dir='ltr'><strong>rator,</strong></span> <span class='ocrx_word' id='word_1_491' title='bbox 513 5009 569 5055; x_wconf 91' lang='lat' dir='ltr'><strong>et</strong></span> <span class='ocrx_word' id='word_1_492' title='bbox 593 4999 681 5054; x_wconf 91' lang='lat' dir='ltr'><strong>die</strong></span> <span class='ocrx_word' id='word_1_493' title='bbox 717 4998 996 5068; x_wconf 87' lang='lat' dir='ltr'><strong>sequenti,</strong></span> <span class='ocrx_word' id='word_1_494' title='bbox 1026 5012 1150 5052; x_wconf 91' lang='lat' dir='ltr'><strong>cum</strong></span> <span class='ocrx_word' id='word_1_495' title='bbox 1182 4995 1346 5052; x_wconf 91' lang='lat' dir='ltr'><strong>simul</strong></span> <span class='ocrx_word' id='word_1_496' title='bbox 1376 4995 1540 5051; x_wconf 87' lang='lat' dir='ltr'><strong>etiam</strong></span> <span class='ocrx_word' id='word_1_497' title='bbox 1574 4994 1796 5051; x_wconf 87' lang='lat' dir='ltr'><strong>adesset</strong></span> <span class='ocrx_word' id='word_1_498' title='bbox 1824 4994 1906 5051; x_wconf 87' lang='lat' dir='ltr'><strong>vir</strong></span> 
     </span>
    </p>
   </div>
   <div class='ocr_carea' id='block_1_65' title="bbox 321 5087 1908 5162">
    <p class='ocr_par' dir='ltr' id='par_1_65' title="bbox 321 5087 1908 5162">
     <span class='ocr_line' id='line_1_65' title="bbox 321 5087 1908 5162; baseline -0.004 -12"><span class='ocrx_word' id='word_1_499' title='bbox 321 5092 560 5153; x_wconf 74' lang='lat' dir='ltr'><strong>divinus,</strong></span> <span class='ocrx_word' id='word_1_500' title='bbox 588 5092 802 5147; x_wconf 84' lang='lat' dir='ltr'><strong>accedit</strong></span> <span class='ocrx_word' id='word_1_501' title='bbox 829 5106 1047 5162; x_wconf 91' lang='lat' dir='ltr'><strong>quoque</strong></span> <span class='ocrx_word' id='word_1_502' title='bbox 1069 5087 1295 5154; x_wconf 87' lang='lat' dir='ltr'><strong>Gainas,</strong></span> <span class='ocrx_word' id='word_1_503' title='bbox 1331 5089 1448 5158; x_wconf 87' lang='lat' dir='ltr'><strong>ipse</strong></span> <span class='ocrx_word' id='word_1_504' title='bbox 1505 5088 1726 5159; x_wconf 89' lang='lat' dir='ltr'><strong>quidem</strong></span> <span class='ocrx_word' id='word_1_505' title='bbox 1764 5091 1908 5145; x_wconf 86' lang='lat' dir='ltr'><strong>sicut</strong></span> 
     </span>
    </p>
   </div>
   <div class='ocr_carea' id='block_1_66' title="bbox 324 5183 1905 5256">
    <p class='ocr_par' dir='ltr' id='par_1_66' title="bbox 324 5183 1905 5256">
     <span class='ocr_line' id='line_1_66' title="bbox 324 5183 1905 5256; baseline -0.001 -15"><span class='ocrx_word' id='word_1_506' title='bbox 324 5184 444 5241; x_wconf 85' lang='lat' dir='ltr'><strong>heri</strong></span> <span class='ocrx_word' id='word_1_507' title='bbox 475 5194 529 5239; x_wconf 92' lang='lat' dir='ltr'><strong>et</strong></span> <span class='ocrx_word' id='word_1_508' title='bbox 563 5184 963 5240; x_wconf 89' lang='lat' dir='ltr'><strong>nudiustertius</strong></span> <span class='ocrx_word' id='word_1_509' title='bbox 1027 5191 1222 5256; x_wconf 86' lang='lat' dir='ltr'><strong>petens</strong></span> <span class='ocrx_word' id='word_1_510' title='bbox 1250 5183 1319 5238; x_wconf 90' lang='lat' dir='ltr'><strong>ab</strong></span> <span class='ocrx_word' id='word_1_511' title='bbox 1351 5184 1683 5256; x_wconf 83' lang='lat' dir='ltr'><strong>imperatore</strong></span> <span class='ocrx_word' id='word_1_512' title='bbox 1740 5200 1905 5240; x_wconf 88' lang='lat' dir='ltr'><strong>unam</strong></span> 
     </span>
    </p>
   </div>
   <div class='ocr_carea' id='block_1_67' title="bbox 323 5277 1905 5345">
    <p class='ocr_par' dir='ltr' id='par_1_67' title="bbox 323 5277 1905 5345">
     <span class='ocr_line' id='line_1_67' title="bbox 323 5277 1905 5345; baseline -0.001 -12"><span class='ocrx_word' id='word_1_513' title='bbox 323 5297 387 5334; x_wconf 77' lang='lat' dir='ltr'><strong>ex</strong></span> <span class='ocrx_word' id='word_1_514' title='bbox 415 5277 585 5335; x_wconf 82' lang='lat' dir='ltr'><strong>sacris</strong></span> <span class='ocrx_word' id='word_1_515' title='bbox 615 5278 870 5333; x_wconf 91' lang='lat' dir='ltr'><strong>domibus</strong></span> <span class='ocrx_word' id='word_1_516' title='bbox 896 5295 908 5332; x_wconf 88' lang='lat'><strong>:</strong></span> <span class='ocrx_word' id='word_1_517' title='bbox 937 5277 1180 5333; x_wconf 78' lang='lat' dir='ltr'><strong>Joannes</strong></span> <span class='ocrx_word' id='word_1_518' title='bbox 1205 5286 1391 5333; x_wconf 89' lang='lat' dir='ltr'><strong>autem</strong></span> <span class='ocrx_word' id='word_1_519' title='bbox 1414 5278 1572 5345; x_wconf 78' lang='lat' dir='ltr'><strong>dixit,</strong></span> <span class='ocrx_word' id='word_1_520' title='bbox 1592 5293 1703 5332; x_wconf 91' lang='lat' dir='ltr'><strong>non</strong></span> <span class='ocrx_word' id='word_1_521' title='bbox 1739 5278 1905 5332; x_wconf 84' lang='lat' dir='ltr'><strong>licere</strong></span> 
     </span>
    </p>
   </div>
   <div class='ocr_carea' id='block_1_68' title="bbox 324 5368 1904 5444">
    <p class='ocr_par' dir='ltr' id='par_1_68' title="bbox 324 5368 1904 5444">
     <span class='ocr_line' id='line_1_68' title="bbox 324 5368 1904 5444; baseline -0.003 -17"><span class='ocrx_word' id='word_1_522' title='bbox 324 5369 639 5444; x_wconf 89' lang='lat' dir='ltr'><strong>imperatori</strong></span> <span class='ocrx_word' id='word_1_523' title='bbox 668 5368 871 5425; x_wconf 87' lang='lat' dir='ltr'><strong>audere</strong></span> <span class='ocrx_word' id='word_1_524' title='bbox 912 5369 1117 5441; x_wconf 90' lang='lat' dir='ltr'><strong>aliquid</strong></span> <span class='ocrx_word' id='word_1_525' title='bbox 1167 5370 1223 5424; x_wconf 93' lang='lat' dir='ltr'><strong>in</strong></span> <span class='ocrx_word' id='word_1_526' title='bbox 1277 5370 1443 5425; x_wconf 84' lang='lat' dir='ltr'><strong>rebus</strong></span> <span class='ocrx_word' id='word_1_527' title='bbox 1494 5370 1904 5434; x_wconf 72' lang='lat' dir='ltr'><strong>ecclesiasticis,</strong></span> 
     </span>
    </p>
   </div>
   <div class='ocr_carea' id='block_1_69' title="bbox 322 5455 1906 5526">
    <p class='ocr_par' dir='ltr' id='par_1_69' title="bbox 322 5455 1906 5526">
     <span class='ocr_line' id='line_1_69' title="bbox 322 5455 1906 5526; baseline -0.001 -13"><span class='ocrx_word' id='word_1_528' title='bbox 322 5459 367 5515; x_wconf 89' lang='lat' dir='ltr'><strong>si</strong></span> <span class='ocrx_word' id='word_1_529' title='bbox 396 5458 527 5512; x_wconf 83' lang='lat' dir='ltr'><strong>velit</strong></span> <span class='ocrx_word' id='word_1_530' title='bbox 569 5456 797 5512; x_wconf 88' lang='lat' dir='ltr'><strong>omnino</strong></span> <span class='ocrx_word' id='word_1_531' title='bbox 852 5470 975 5510; x_wconf 88' lang='lat' dir='ltr'><strong>esse</strong></span> <span class='ocrx_word' id='word_1_532' title='bbox 1032 5455 1171 5526; x_wconf 89' lang='lat' dir='ltr'><strong>pius.</strong></span> <span class='ocrx_word' id='word_1_533' title='bbox 1199 5455 1356 5521; x_wconf 64' lang='lat' dir='ltr'><strong>{Quid</strong></span> <span class='ocrx_word' id='word_1_534' title='bbox 1410 5472 1561 5519; x_wconf 85' lang='lat' dir='ltr'><strong>vero,</strong></span> <span class='ocrx_word' id='word_1_535' title='bbox 1608 5472 1720 5511; x_wconf 88' lang='lat' dir='ltr'><strong>non</strong></span> <span class='ocrx_word' id='word_1_536' title='bbox 1773 5457 1906 5512; x_wconf 88' lang='lat' dir='ltr'><strong>mibi</strong></span> 
     </span>
    </p>
   </div>
   <div class='ocr_carea' id='block_1_70' title="bbox 321 5537 1907 5619">
    <p class='ocr_par' dir='ltr' id='par_1_70' title="bbox 321 5537 1907 5619">
     <span class='ocr_line' id='line_1_70' title="bbox 321 5537 1907 5619; baseline -0.001 -15"><span class='ocrx_word' id='word_1_537' title='bbox 321 5537 559 5619; x_wconf 84' lang='lat' dir='ltr'><strong>quoque,</strong></span> <span class='ocrx_word' id='word_1_538' title='bbox 591 5546 766 5617; x_wconf 89' lang='lat' dir='ltr'><strong>inquit</strong></span> <span class='ocrx_word' id='word_1_539' title='bbox 796 5544 1065 5600; x_wconf 81' lang='lat' dir='ltr'><strong>Barbarus</strong></span> <span class='ocrx_word' id='word_1_540' title='bbox 1111 5562 1217 5601; x_wconf 89' lang='lat' dir='ltr'><strong>una</strong></span> <span class='ocrx_word' id='word_1_541' title='bbox 1245 5547 1391 5602; x_wconf 78' lang='lat' dir='ltr'><strong>:edes</strong></span> <span class='ocrx_word' id='word_1_542' title='bbox 1418 5547 1655 5602; x_wconf 89' lang='lat' dir='ltr'><strong>oratoria</strong></span> <span class='ocrx_word' id='word_1_543' title='bbox 1684 5548 1907 5618; x_wconf 87' lang='lat' dir='ltr'><strong>permit-</strong></span> 
     </span>
    </p>
   </div>
   <div class='ocr_carea' id='block_1_71' title="bbox 325 5641 1907 5715">
    <p class='ocr_par' dir='ltr' id='par_1_71' title="bbox 325 5641 1907 5715">
     <span class='ocr_line' id='line_1_71' title="bbox 325 5641 1907 5715; baseline 0.001 -17"><span class='ocrx_word' id='word_1_544' title='bbox 325 5654 472 5701; x_wconf 90' lang='lat' dir='ltr'><strong>tetur</strong></span> <span class='ocrx_word' id='word_1_545' title='bbox 500 5644 568 5700; x_wconf 90' lang='lat' dir='ltr'><strong>ad</strong></span> <span class='ocrx_word' id='word_1_546' title='bbox 595 5643 931 5715; x_wconf 89' lang='lat' dir='ltr'><strong>precandum</strong></span> <span class='ocrx_word' id='word_1_547' title='bbox 964 5643 986 5696; x_wconf 86' lang='lat'><strong>?</strong></span> <span class='ocrx_word' id='word_1_548' title='bbox 1020 5641 1236 5698; x_wconf 85' lang='lat' dir='ltr'><strong>Nullum</strong></span> <span class='ocrx_word' id='word_1_549' title='bbox 1270 5652 1357 5699; x_wconf 90' lang='lat' dir='ltr'><strong>est</strong></span> <span class='ocrx_word' id='word_1_550' title='bbox 1394 5643 1687 5715; x_wconf 81' lang='lat' dir='ltr'><strong>templum,</strong></span> <span class='ocrx_word' id='word_1_551' title='bbox 1729 5643 1907 5714; x_wconf 87' lang='lat' dir='ltr'><strong>inquit</strong></span> 
     </span>
    </p>
   </div>
   <div class='ocr_carea' id='block_1_72' title="bbox 322 5736 1909 5809">
    <p class='ocr_par' dir='ltr' id='par_1_72' title="bbox 322 5736 1909 5809">
     <span class='ocr_line' id='line_1_72' title="bbox 322 5736 1909 5809; baseline 0 -17"><span class='ocrx_word' id='word_1_552' title='bbox 322 5753 555 5809; x_wconf 77' lang='lat' dir='ltr'><strong>magnus</strong></span> <span class='ocrx_word' id='word_1_553' title='bbox 576 5736 837 5801; x_wconf 85' lang='lat' dir='ltr'><strong>Joannes,</strong></span> <span class='ocrx_word' id='word_1_554' title='bbox 859 5736 1005 5807; x_wconf 90' lang='lat' dir='ltr'><strong>quod</strong></span> <span class='ocrx_word' id='word_1_555' title='bbox 1061 5750 1171 5792; x_wconf 91' lang='lat' dir='ltr'><strong>non</strong></span> <span class='ocrx_word' id='word_1_556' title='bbox 1222 5737 1315 5793; x_wconf 84' lang='lat' dir='ltr'><strong>tibi</strong></span> <span class='ocrx_word' id='word_1_557' title='bbox 1381 5745 1604 5809; x_wconf 86' lang='lat' dir='ltr'><strong>pateat:</strong></span> <span class='ocrx_word' id='word_1_558' title='bbox 1665 5753 1769 5792; x_wconf 91' lang='lat' dir='ltr'><strong>nec</strong></span> <span class='ocrx_word' id='word_1_559' title='bbox 1824 5747 1909 5792; x_wconf 89' lang='lat' dir='ltr'><strong>est</strong></span> 
     </span>
    </p>
   </div>
   <div class='ocr_carea' id='block_1_73' title="bbox 323 5832 1906 5904">
    <p class='ocr_par' dir='ltr' id='par_1_73' title="bbox 323 5832 1906 5904">
     <span class='ocr_line' id='line_1_73' title="bbox 323 5832 1906 5904; baseline 0.002 -18"><span class='ocrx_word' id='word_1_560' title='bbox 323 5832 613 5904; x_wconf 88' lang='lat' dir='ltr'><strong>quisquam</strong></span> <span class='ocrx_word' id='word_1_561' title='bbox 638 5841 692 5888; x_wconf 89' lang='lat' dir='ltr'><strong>te</strong></span> <span class='ocrx_word' id='word_1_562' title='bbox 719 5832 1113 5903; x_wconf 83' lang='lat' dir='ltr'><strong>prohibiturus,</strong></span> <span class='ocrx_word' id='word_1_563' title='bbox 1152 5833 1195 5888; x_wconf 90' lang='lat' dir='ltr'><strong>si</strong></span> <span class='ocrx_word' id='word_1_564' title='bbox 1223 5832 1355 5888; x_wconf 84' lang='lat' dir='ltr'><strong>velis</strong></span> <span class='ocrx_word' id='word_1_565' title='bbox 1383 5848 1562 5890; x_wconf 86' lang='lat' dir='ltr'><strong>orare.</strong></span> <span class='ocrx_word' id='word_1_566' title='bbox 1621 5833 1727 5890; x_wconf 88' lang='lat' dir='ltr'><strong>Sed</strong></span> <span class='ocrx_word' id='word_1_567' title='bbox 1761 5850 1906 5900; x_wconf 86' lang='lat' dir='ltr'><strong>sum,</strong></span> 
     </span>
    </p>
   </div>
   <div class='ocr_carea' id='block_1_74' title="bbox 329 5924 1907 5997">
    <p class='ocr_par' dir='ltr' id='par_1_74' title="bbox 329 5924 1907 5997">
     <span class='ocr_line' id='line_1_74' title="bbox 329 5924 1907 5997; baseline 0.004 -18"><span class='ocrx_word' id='word_1_568' title='bbox 329 5924 528 5997; x_wconf 86' lang='lat' dir='ltr'><strong>inquit,</strong></span> <span class='ocrx_word' id='word_1_569' title='bbox 553 5925 778 5983; x_wconf 85' lang='lat' dir='ltr'><strong>alterius</strong></span> <span class='ocrx_word' id='word_1_570' title='bbox 815 5937 1019 5986; x_wconf 72' lang='lat' dir='ltr'><strong>sectae:</strong></span> <span class='ocrx_word' id='word_1_571' title='bbox 1055 5937 1110 5985; x_wconf 89' lang='lat' dir='ltr'><strong>et</strong></span> <span class='ocrx_word' id='word_1_572' title='bbox 1148 5927 1270 5985; x_wconf 92' lang='lat' dir='ltr'><strong>ideo</strong></span> <span class='ocrx_word' id='word_1_573' title='bbox 1298 5926 1421 5987; x_wconf 90' lang='lat' dir='ltr'><strong>volo</strong></span> <span class='ocrx_word' id='word_1_574' title='bbox 1482 5934 1730 5986; x_wconf 80' lang='lat' dir='ltr'><strong>seorsum</strong></span> <span class='ocrx_word' id='word_1_575' title='bbox 1782 5944 1907 5985; x_wconf 87' lang='lat' dir='ltr'><strong>cum</strong></span> 
     </span>
    </p>
   </div>
   <div class='ocr_carea' id='block_1_75' title="bbox 1939 4572 1986 4632">
    <p class='ocr_par' dir='ltr' id='par_1_75' title="bbox 1939 4572 1986 4632">
     <span class='ocr_line' id='line_1_75' title="bbox 1939 4572 1986 4632; baseline 0 0"><span class='ocrx_word' id='word_1_576' title='bbox 1939 4572 1986 4632; x_wconf 91' lang='lat' dir='ltr'><strong>D</strong></span> 
     </span>
    </p>
   </div>
   <div class='ocr_carea' id='block_1_76' title="bbox 2018 1929 3631 2006">
    <p class='ocr_par' dir='ltr' id='par_1_76' title="bbox 2018 1929 3631 2006">
     <span class='ocr_line' id='line_1_76' title="bbox 2018 1929 3631 2006; baseline -0.003 -18"><span class='ocrx_word' id='word_1_577' title='bbox 2018 1934 2466 2006; x_wconf 77' lang='grc' dir='ltr'>συναριθμηθεὶς,</span> <span class='ocrx_word' id='word_1_578' title='bbox 2518 1929 2646 1989; x_wconf 72' lang='grc' dir='ltr'>εἶτα</span> <span class='ocrx_word' id='word_1_579' title='bbox 2714 1936 2836 1998; x_wconf 80' lang='grc' dir='ltr'>ταῖς</span> <span class='ocrx_word' id='word_1_580' title='bbox 2903 1933 3046 1987; x_wconf 78' lang='grc' dir='ltr'>κατὰ</span> <span class='ocrx_word' id='word_1_581' title='bbox 3102 1930 3299 2004; x_wconf 75' lang='grc' dir='ltr'>μικρὸν</span> <span class='ocrx_word' id='word_1_582' title='bbox 3349 1931 3631 2003; x_wconf 66' lang='grc' dir='ltr'>προσόδοις</span> 
     </span>
    </p>
   </div>
   <div class='ocr_carea' id='block_1_77' title="bbox 2016 2025 3629 2104">
    <p class='ocr_par' dir='ltr' id='par_1_77' title="bbox 2016 2025 3629 2104">
     <span class='ocr_line' id='line_1_77' title="bbox 2016 2025 3629 2104; baseline -0.002 -23"><span class='ocrx_word' id='word_1_583' title='bbox 2016 2025 2281 2098; x_wconf 75' lang='grc' dir='ltr'>μειζόνων</span> <span class='ocrx_word' id='word_1_584' title='bbox 2317 2027 2697 2098; x_wconf 69' lang='grc' dir='ltr'><strong>ἐπιτυγχάνων</strong></span> <span class='ocrx_word' id='word_1_585' title='bbox 2755 2025 3005 2104; x_wconf 85' lang='grc' dir='ltr'>βαθμῶν,</span> <span class='ocrx_word' id='word_1_586' title='bbox 3059 2026 3211 2089; x_wconf 73' lang='grc' dir='ltr'>τέλος</span> <span class='ocrx_word' id='word_1_587' title='bbox 3247 2026 3338 2079; x_wconf 71' lang='grc' dir='ltr'><strong>καὶ</strong></span> <span class='ocrx_word' id='word_1_588' title='bbox 3398 2040 3629 2095; x_wconf 69' lang='grc' dir='ltr'>στρατ-</span> 
     </span>
    </p>
   </div>
   <div class='ocr_carea' id='block_1_78' title="bbox 2016 2104 3632 2195">
    <p class='ocr_par' dir='ltr' id='par_1_78' title="bbox 2016 2104 3632 2195">
     <span class='ocr_line' id='line_1_78' title="bbox 2016 2104 3632 2195; baseline -0.002 -20"><span class='ocrx_word' id='word_1_589' title='bbox 2016 2122 2153 2195; x_wconf 55' lang='grc' dir='ltr'>ηγὸς</span> <span class='ocrx_word' id='word_1_590' title='bbox 2188 2122 2289 2192; x_wconf 84' lang='grc' dir='ltr'>τῆς</span> <span class='ocrx_word' id='word_1_591' title='bbox 2326 2122 2558 2188; x_wconf 76' lang='grc' dir='ltr'><strong>ἱππικῆς</strong></span> <span class='ocrx_word' id='word_1_592' title='bbox 2583 2138 2645 2175; x_wconf 89' lang='grc' dir='ltr'><strong>τε</strong></span> <span class='ocrx_word' id='word_1_593' title='bbox 2683 2121 2779 2175; x_wconf 76' lang='grc' dir='ltr'>καὶ</span> <span class='ocrx_word' id='word_1_594' title='bbox 2813 2104 2986 2191; x_wconf 65' lang='grc' dir='ltr'>πεζῆς</span> <span class='ocrx_word' id='word_1_595' title='bbox 3024 2120 3132 2173; x_wconf 88' lang='grc' dir='ltr'><strong>τῶν</strong></span> <span class='ocrx_word' id='word_1_596' title='bbox 3172 2118 3457 2189; x_wconf 81' lang='grc' dir='ltr'>Ῥωμαίων</span> <span class='ocrx_word' id='word_1_597' title='bbox 3488 2134 3632 2189; x_wconf 82' lang='grc' dir='ltr'>χει-</span> 
     </span>
    </p>
   </div>
   <div class='ocr_carea' id='block_1_79' title="bbox 2017 2206 3630 2287">
    <p class='ocr_par' dir='ltr' id='par_1_79' title="bbox 2017 2206 3630 2287">
     <span class='ocr_line' id='line_1_79' title="bbox 2017 2206 3630 2287; baseline -0.003 -18"><span class='ocrx_word' id='word_1_598' title='bbox 2017 2218 2314 2287; x_wconf 79' lang='grc' dir='ltr'>ροτονεϊεαι</span> <span class='ocrx_word' id='word_1_599' title='bbox 2350 2216 2657 2280; x_wconf 83' lang='grc' dir='ltr'>δυνάμεως.</span> <span class='ocrx_word' id='word_1_600' title='bbox 2710 2206 2882 2279; x_wconf 75' lang='grc' dir='ltr'>Οὗτος</span> <span class='ocrx_word' id='word_1_601' title='bbox 2941 2214 3042 2285; x_wconf 84' lang='grc' dir='ltr'>τῆς</span> <span class='ocrx_word' id='word_1_602' title='bbox 3077 2211 3290 2285; x_wconf 72' lang='grc' dir='ltr'>Ἀρείου</span> <span class='ocrx_word' id='word_1_603' title='bbox 3324 2211 3484 2283; x_wconf 74' lang='grc' dir='ltr'>δόξης</span> <span class='ocrx_word' id='word_1_604' title='bbox 3519 2214 3630 2265; x_wconf 80' lang='grc' dir='ltr'><strong>ὲκ-</strong></span> 
     </span>
    </p>
   </div>
   <div class='ocr_carea' id='block_1_80' title="bbox 2015 2304 3629 2379">
    <p class='ocr_par' dir='ltr' id='par_1_80' title="bbox 2015 2304 3629 2379">
     <span class='ocr_line' id='line_1_80' title="bbox 2015 2304 3629 2379; baseline -0.003 -17"><span class='ocrx_word' id='word_1_605' title='bbox 2015 2310 2205 2379; x_wconf 82' lang='grc' dir='ltr'>θύμως</span> <span class='ocrx_word' id='word_1_606' title='bbox 2227 2307 2696 2378; x_wconf 78' lang='grc' dir='ltr'><strong>ἀντιποιούμενος,</strong></span> <span class='ocrx_word' id='word_1_607' title='bbox 2722 2306 2997 2379; x_wconf 69' lang='grc' dir='ltr'>ἐθάρρησε</span> <span class='ocrx_word' id='word_1_608' title='bbox 3030 2307 3185 2377; x_wconf 65' lang='lat' dir='ltr'><strong>napi</strong></span> <span class='ocrx_word' id='word_1_609' title='bbox 3212 2304 3479 2376; x_wconf 82' lang='grc' dir='ltr'>βασιλέως</span> <span class='ocrx_word' id='word_1_610' title='bbox 3502 2304 3629 2358; x_wconf 68' lang='grc' dir='ltr'>ἕνα</span> 
     </span>
    </p>
   </div>
   <div class='ocr_carea' id='block_1_81' title="bbox 2012 2397 3607 2472">
    <p class='ocr_par' dir='ltr' id='par_1_81' title="bbox 2012 2397 3607 2472">
     <span class='ocr_line' id='line_1_81' title="bbox 2012 2397 3607 2472; baseline -0.002 -17"><span class='ocrx_word' id='word_1_611' title='bbox 2012 2402 2121 2467; x_wconf 79' lang='grc' dir='ltr'><strong>τῶν</strong></span> <span class='ocrx_word' id='word_1_612' title='bbox 2148 2403 2278 2456; x_wconf 78' lang='grc' dir='ltr'>εἴσω</span> <span class='ocrx_word' id='word_1_613' title='bbox 2312 2401 2411 2472; x_wconf 78' lang='grc' dir='ltr'>τῆς</span> <span class='ocrx_word' id='word_1_614' title='bbox 2447 2400 2654 2465; x_wconf 71' lang='grc' dir='ltr'>πόλεως</span> <span class='ocrx_word' id='word_1_615' title='bbox 2705 2402 2817 2462; x_wconf 75' lang='grc' dir='ltr'>τοῖς</span> <span class='ocrx_word' id='word_1_616' title='bbox 2850 2397 3129 2469; x_wconf 64' lang='grc' dir='ltr'>ὁμοδόξοις</span> <span class='ocrx_word' id='word_1_617' title='bbox 3159 2399 3385 2468; x_wconf 78' lang='grc' dir='ltr'>αἰτῆσαι</span> <span class='ocrx_word' id='word_1_618' title='bbox 3414 2397 3607 2452; x_wconf 75' lang='grc' dir='ltr'>ναῶν.</span> 
     </span>
    </p>
   </div>
   <div class='ocr_carea' id='block_1_82' title="bbox 2014 2485 3624 2568">
    <p class='ocr_par' dir='ltr' id='par_1_82' title="bbox 2014 2485 3624 2568">
     <span class='ocr_line' id='line_1_82' title="bbox 2014 2485 3624 2568; baseline -0.004 -17"><span class='ocrx_word' id='word_1_619' title='bbox 2014 2496 2299 2568; x_wconf 69' lang='grc' dir='ltr'>’Δρκάδιος</span> <span class='ocrx_word' id='word_1_620' title='bbox 2359 2491 2455 2550; x_wconf 82' lang='grc' dir='ltr'>οὖν</span> <span class='ocrx_word' id='word_1_621' title='bbox 2490 2493 2692 2548; x_wconf 79' lang='grc' dir='ltr'>αὐτίκα</span> <span class='ocrx_word' id='word_1_622' title='bbox 2732 2493 2849 2563; x_wconf 73' lang='grc' dir='ltr'>(καὶ</span> <span class='ocrx_word' id='word_1_623' title='bbox 2896 2494 3006 2564; x_wconf 71' lang='grc' dir='ltr'><strong>γὰρ</strong></span> <span class='ocrx_word' id='word_1_624' title='bbox 3056 2485 3214 2556; x_wconf 71' lang='grc' dir='ltr'>οὗτος</span> <span class='ocrx_word' id='word_1_625' title='bbox 3243 2493 3420 2547; x_wconf 80' lang='grc' dir='ltr'>διεῖπε</span> <span class='ocrx_word' id='word_1_626' title='bbox 3471 2495 3624 2545; x_wconf 68' lang='grc' dir='ltr'>τότε</span> 
     </span>
    </p>
   </div>
   <div class='ocr_carea' id='block_1_83' title="bbox 2014 2584 3628 2660">
    <p class='ocr_par' dir='ltr' id='par_1_83' title="bbox 2014 2584 3628 2660">
     <span class='ocr_line' id='line_1_83' title="bbox 2014 2584 3628 2660; baseline -0.002 -18"><span class='ocrx_word' id='word_1_627' title='bbox 2014 2589 2112 2660; x_wconf 79' lang='grc' dir='ltr'>τὴν</span> <span class='ocrx_word' id='word_1_628' title='bbox 2148 2586 2447 2660; x_wconf 69' lang='grc' dir='ltr'>βασιλείαν)</span> <span class='ocrx_word' id='word_1_629' title='bbox 2488 2588 2580 2641; x_wconf 70' lang='grc' dir='ltr'><strong>τὸν</strong></span> <span class='ocrx_word' id='word_1_630' title='bbox 2622 2586 2716 2640; x_wconf 78' lang='grc' dir='ltr'>τοῦ</span> <span class='ocrx_word' id='word_1_631' title='bbox 2757 2586 2893 2640; x_wconf 81' lang='grc' dir='ltr'>Θεοῦ</span> <span class='ocrx_word' id='word_1_632' title='bbox 2931 2586 3444 2657; x_wconf 73' lang='grc' dir='ltr'>μεταπεμψάμενος</span> <span class='ocrx_word' id='word_1_633' title='bbox 3505 2584 3628 2639; x_wconf 73' lang='grc' dir='ltr'><strong>ἇν-</strong></span> 
     </span>
    </p>
   </div>
   <div class='ocr_carea' id='block_1_84' title="bbox 2015 2678 3630 2756">
    <p class='ocr_par' dir='ltr' id='par_1_84' title="bbox 2015 2678 3630 2756">
     <span class='ocr_line' id='line_1_84' title="bbox 2015 2678 3630 2756; baseline -0.004 -18"><span class='ocrx_word' id='word_1_634' title='bbox 2015 2684 2234 2756; x_wconf 78' lang='grc' dir='ltr'>θρωπον</span> <span class='ocrx_word' id='word_1_635' title='bbox 2258 2680 2414 2751; x_wconf 67' lang='grc' dir='ltr'>ἠξίου</span> <span class='ocrx_word' id='word_1_636' title='bbox 2446 2681 2581 2752; x_wconf 79' lang='grc' dir='ltr'>πρὸς</span> <span class='ocrx_word' id='word_1_637' title='bbox 2603 2681 2705 2750; x_wconf 81' lang='grc' dir='ltr'>τὴν</span> <span class='ocrx_word' id='word_1_638' title='bbox 2736 2678 2953 2750; x_wconf 76' lang='grc' dir='ltr'><strong>αἴτησιν</strong></span> <span class='ocrx_word' id='word_1_639' title='bbox 3005 2680 3314 2743; x_wconf 72' lang='grc' dir='ltr'>ἐπινεῦσαι,</span> <span class='ocrx_word' id='word_1_640' title='bbox 3343 2678 3630 2750; x_wconf 77' lang='grc' dir='ltr'>ἀνδρεῖας</span> 
     </span>
    </p>
   </div>
   <div class='ocr_carea' id='block_1_85' title="bbox 2011 2770 3630 2847">
    <p class='ocr_par' dir='ltr' id='par_1_85' title="bbox 2011 2770 3630 2847">
     <span class='ocr_line' id='line_1_85' title="bbox 2011 2770 3630 2847; baseline -0.004 -17"><span class='ocrx_word' id='word_1_641' title='bbox 2011 2794 2073 2830; x_wconf 85' lang='grc' dir='ltr'><strong>τε</strong></span> <span class='ocrx_word' id='word_1_642' title='bbox 2110 2779 2208 2847; x_wconf 81' lang='grc' dir='ltr'>τῆς</span> <span class='ocrx_word' id='word_1_643' title='bbox 2248 2773 2459 2828; x_wconf 64' lang='grc' dir='ltr'>ἐκείνου</span> <span class='ocrx_word' id='word_1_644' title='bbox 2494 2774 2957 2843; x_wconf 77' lang='grc' dir='ltr'>ὑπομιμνήσκων,</span> <span class='ocrx_word' id='word_1_645' title='bbox 2993 2774 3088 2826; x_wconf 69' lang='grc' dir='ltr'>καὶ</span> <span class='ocrx_word' id='word_1_646' title='bbox 3122 2772 3188 2844; x_wconf 76' lang='grc' dir='ltr'>ἢν</span> <span class='ocrx_word' id='word_1_647' title='bbox 3223 2770 3372 2843; x_wconf 82' lang='grc' dir='ltr'>ἐώρα</span> <span class='ocrx_word' id='word_1_648' title='bbox 3398 2788 3630 2841; x_wconf 74' lang='grc' dir='ltr'>τυραν-</span> 
     </span>
    </p>
   </div>
   <div class='ocr_carea' id='block_1_86' title="bbox 2015 2864 3625 2940">
    <p class='ocr_par' dir='ltr' id='par_1_86' title="bbox 2015 2864 3625 2940">
     <span class='ocr_line' id='line_1_86' title="bbox 2015 2864 3625 2940; baseline -0.003 -17"><span class='ocrx_word' id='word_1_649' title='bbox 2015 2870 2131 2924; x_wconf 79' lang='grc' dir='ltr'>νίδα</span> <span class='ocrx_word' id='word_1_650' title='bbox 2171 2869 2279 2922; x_wconf 82' lang='grc' dir='ltr'><strong>ὑπὸ</strong></span> <span class='ocrx_word' id='word_1_651' title='bbox 2322 2869 2515 2923; x_wconf 69' lang='grc' dir='ltr'>τούτου</span> <span class='ocrx_word' id='word_1_652' title='bbox 2564 2867 2947 2940; x_wconf 82' lang='grc' dir='ltr'>μελετωμένην</span> <span class='ocrx_word' id='word_1_653' title='bbox 2986 2867 3402 2933; x_wconf 81' lang='grc' dir='ltr'>διαινιξάμενος,</span> <span class='ocrx_word' id='word_1_654' title='bbox 3454 2864 3625 2920; x_wconf 69' lang='grc' dir='ltr'>ὥστε</span> 
     </span>
    </p>
   </div>
   <div class='ocr_carea' id='block_1_87' title="bbox 2014 2956 3629 3033">
    <p class='ocr_par' dir='ltr' id='par_1_87' title="bbox 2014 2956 3629 3033">
     <span class='ocr_line' id='line_1_87' title="bbox 2014 2956 3629 3033; baseline -0.002 -18"><span class='ocrx_word' id='word_1_655' title='bbox 2014 2963 2079 3033; x_wconf 84' lang='grc' dir='ltr'><strong>τῇ</strong></span> <span class='ocrx_word' id='word_1_656' title='bbox 2107 2961 2377 3031; x_wconf 74' lang='grc' dir='ltr'><strong>θεραπείᾳ</strong></span> <span class='ocrx_word' id='word_1_657' title='bbox 2408 2960 2608 3032; x_wconf 83' lang='grc' dir='ltr'>ταύτῃ,</span> <span class='ocrx_word' id='word_1_658' title='bbox 2631 2960 2788 3028; x_wconf 72' lang='grc' dir='ltr'>φησι,</span> <span class='ocrx_word' id='word_1_659' title='bbox 2812 2961 2940 3024; x_wconf 75' lang='grc' dir='ltr'>τοὺς</span> <span class='ocrx_word' id='word_1_660' title='bbox 2974 2958 3069 3013; x_wconf 84' lang='grc' dir='ltr'>τοῦ</span> <span class='ocrx_word' id='word_1_661' title='bbox 3094 2956 3373 3030; x_wconf 83' lang='grc' dir='ltr'>βαρϐάρου</span> <span class='ocrx_word' id='word_1_662' title='bbox 3409 2956 3629 3011; x_wconf 65' lang='lat'><strong>1:03.6-</strong></span> 
     </span>
    </p>
   </div>
   <div class='ocr_carea' id='block_1_88' title="bbox 2016 3047 3625 3123">
    <p class='ocr_par' dir='ltr' id='par_1_88' title="bbox 2016 3047 3625 3123">
     <span class='ocr_line' id='line_1_88' title="bbox 2016 3047 3625 3123; baseline -0.003 -15"><span class='ocrx_word' id='word_1_663' title='bbox 2016 3053 2276 3123; x_wconf 81' lang='grc' dir='ltr'>σευθῆναι</span> <span class='ocrx_word' id='word_1_664' title='bbox 2317 3051 2548 3123; x_wconf 87' lang='grc' dir='ltr'>θυμούς.</span> <span class='ocrx_word' id='word_1_665' title='bbox 2592 3051 2652 3106; x_wconf 88' lang='lat'><strong>&#39;0</strong></span> <span class='ocrx_word' id='word_1_666' title='bbox 2677 3051 2735 3106; x_wconf 76' lang='grc' dir='ltr'><strong>δὲ</strong></span> <span class='ocrx_word' id='word_1_667' title='bbox 2766 3051 2947 3106; x_wconf 83' lang='grc' dir='ltr'>πάντα</span> <span class='ocrx_word' id='word_1_668' title='bbox 2983 3050 3206 3121; x_wconf 74' lang='grc' dir='ltr'>ἄριστος</span> <span class='ocrx_word' id='word_1_669' title='bbox 3235 3051 3446 3114; x_wconf 73' lang='grc' dir='ltr'>ἐκεῖνος</span> <span class='ocrx_word' id='word_1_670' title='bbox 3459 3047 3625 3120; x_wconf 75' lang='grc' dir='ltr'>ἀνὴρ</span> 
     </span>
    </p>
   </div>
   <div class='ocr_carea' id='block_1_89' title="bbox 2017 3142 3623 3219">
    <p class='ocr_par' dir='ltr' id='par_1_89' title="bbox 2017 3142 3623 3219">
     <span class='ocr_line' id='line_1_89' title="bbox 2017 3142 3623 3219; baseline -0.002 -18"><span class='ocrx_word' id='word_1_671' title='bbox 2017 3148 2169 3201; x_wconf 77' lang='grc' dir='ltr'>οὐδὲν</span> <span class='ocrx_word' id='word_1_672' title='bbox 2235 3146 2413 3217; x_wconf 88' lang='grc' dir='ltr'>τούτῳ</span> <span class='ocrx_word' id='word_1_673' title='bbox 2462 3145 2574 3219; x_wconf 80' lang='grc' dir='ltr'>[ῑσ.</span> <span class='ocrx_word' id='word_1_674' title='bbox 2613 3145 2723 3200; x_wconf 71' lang='grc' dir='ltr'>οὐδ’</span> <span class='ocrx_word' id='word_1_675' title='bbox 2782 3147 2843 3200; x_wconf 70' lang='grc' dir='ltr'>δν</span> <span class='ocrx_word' id='word_1_676' title='bbox 2899 3143 3099 3218; x_wconf 86' lang='grc' dir='ltr'>τούτῳ]</span> <span class='ocrx_word' id='word_1_677' title='bbox 3126 3144 3220 3199; x_wconf 77' lang='grc' dir='ltr'>τοῦ</span> <span class='ocrx_word' id='word_1_678' title='bbox 3256 3142 3400 3198; x_wconf 89' lang='grc' dir='ltr'>θείου</span> <span class='ocrx_word' id='word_1_679' title='bbox 3425 3144 3623 3215; x_wconf 71' lang='grc' dir='ltr'>φόϐοι»</span> 
     </span>
    </p>
   </div>
   <div class='ocr_carea' id='block_1_90' title="bbox 2017 3233 3621 3313">
    <p class='ocr_par' dir='ltr' id='par_1_90' title="bbox 2017 3233 3621 3313">
     <span class='ocr_line' id='line_1_90' title="bbox 2017 3233 3621 3313; baseline -0.003 -19"><span class='ocrx_word' id='word_1_680' title='bbox 2017 3241 2112 3294; x_wconf 72' lang='grc' dir='ltr'>καὶ</span> <span class='ocrx_word' id='word_1_681' title='bbox 2124 3234 2298 3313; x_wconf 75' lang='grc' dir='ltr'>οὗπερ</span> <span class='ocrx_word' id='word_1_682' title='bbox 2333 3233 2478 3311; x_wconf 74' lang='grc' dir='ltr'>εἶχεν</span> <span class='ocrx_word' id='word_1_683' title='bbox 2500 3238 2866 3310; x_wconf 72' lang='grc' dir='ltr'>ἐκλαθόμενος</span> <span class='ocrx_word' id='word_1_684' title='bbox 2895 3236 3226 3310; x_wconf 76' lang='grc' dir='ltr'>ἀξιώματος,</span> <span class='ocrx_word' id='word_1_685' title='bbox 3274 3235 3377 3301; x_wconf 72' lang='lat'><strong>06,</strong></span> <span class='ocrx_word' id='word_1_686' title='bbox 3406 3238 3621 3309; x_wconf 62' lang='grc' dir='ltr'>φησιν,</span> 
     </span>
    </p>
   </div>
   <div class='ocr_carea' id='block_1_91' title="bbox 2014 3330 3619 3403">
    <p class='ocr_par' dir='ltr' id='par_1_91' title="bbox 2014 3330 3619 3403">
     <span class='ocr_line' id='line_1_91' title="bbox 2014 3330 3619 3403; baseline -0.002 -15"><span class='ocrx_word' id='word_1_687' title='bbox 2014 3336 2128 3389; x_wconf 79' lang='grc' dir='ltr'>εἴτι</span> <span class='ocrx_word' id='word_1_688' title='bbox 2148 3332 2192 3387; x_wconf 86' lang='lat'><em>6‘</em></span> <span class='ocrx_word' id='word_1_689' title='bbox 2227 3333 2294 3389; x_wconf 81' lang='grc' dir='ltr'>ἂν</span> <span class='ocrx_word' id='word_1_690' title='bbox 2318 3335 2414 3387; x_wconf 77' lang='grc' dir='ltr'>καὶ</span> <span class='ocrx_word' id='word_1_691' title='bbox 2456 3332 2690 3403; x_wconf 72' lang='grc' dir='ltr'>γίνοιτο,</span> <span class='ocrx_word' id='word_1_692' title='bbox 2714 3331 2944 3403; x_wconf 78' lang='grc' dir='ltr'>τοιούτῳ</span> <span class='ocrx_word' id='word_1_693' title='bbox 2958 3331 3024 3402; x_wconf 79' lang='grc' dir='ltr'><strong>δὴ</strong></span> <span class='ocrx_word' id='word_1_694' title='bbox 3042 3331 3450 3403; x_wconf 73' lang='grc' dir='ltr'>παραχωρῆσαι</span> <span class='ocrx_word' id='word_1_695' title='bbox 3477 3330 3619 3385; x_wconf 67' lang='lat' dir='ltr'><strong>ro).-</strong></span> 
     </span>
    </p>
   </div>
   <div class='ocr_carea' id='block_1_92' title="bbox 2018 3424 3620 3500">
    <p class='ocr_par' dir='ltr' id='par_1_92' title="bbox 2018 3424 3620 3500">
     <span class='ocr_line' id='line_1_92' title="bbox 2018 3424 3620 3500; baseline -0.001 -19"><span class='ocrx_word' id='word_1_696' title='bbox 2018 3430 2255 3500; x_wconf 82' lang='grc' dir='ltr'>μὴματι.</span> <span class='ocrx_word' id='word_1_697' title='bbox 2284 3426 2407 3490; x_wconf 83' lang='grc' dir='ltr'>Πῶς</span> <span class='ocrx_word' id='word_1_698' title='bbox 2436 3426 2547 3500; x_wconf 84' lang='grc' dir='ltr'><strong>γάρ</strong></span> <span class='ocrx_word' id='word_1_699' title='bbox 2579 3444 2662 3491; x_wconf 88' lang='grc' dir='ltr'><strong>τις</strong></span> <span class='ocrx_word' id='word_1_700' title='bbox 2688 3424 2754 3481; x_wconf 81' lang='grc' dir='ltr'>ἂν</span> <span class='ocrx_word' id='word_1_701' title='bbox 2770 3427 3064 3499; x_wconf 77' lang='grc' dir='ltr'>ἀνάσχοιτο</span> <span class='ocrx_word' id='word_1_702' title='bbox 3087 3425 3299 3497; x_wconf 83' lang='grc' dir='ltr'>φρενῶν</span> <span class='ocrx_word' id='word_1_703' title='bbox 3326 3428 3419 3479; x_wconf 73' lang='grc' dir='ltr'>καὶ</span> <span class='ocrx_word' id='word_1_704' title='bbox 3438 3425 3620 3479; x_wconf 76' lang='grc' dir='ltr'>εύσεο</span> 
     </span>
    </p>
   </div>
   <div class='ocr_carea' id='block_1_93' title="bbox 2014 3515 3621 3592">
    <p class='ocr_par' dir='ltr' id='par_1_93' title="bbox 2014 3515 3621 3592">
     <span class='ocr_line' id='line_1_93' title="bbox 2014 3515 3621 3592; baseline -0.002 -17"><span class='ocrx_word' id='word_1_705' title='bbox 2014 3521 2167 3586; x_wconf 83' lang='grc' dir='ltr'>ϐείας</span> <span class='ocrx_word' id='word_1_706' title='bbox 2190 3520 2265 3592; x_wconf 79' lang='grc' dir='ltr'>μὴ</span> <span class='ocrx_word' id='word_1_707' title='bbox 2287 3520 2477 3592; x_wconf 77' lang='grc' dir='ltr'>πόρρω</span> <span class='ocrx_word' id='word_1_708' title='bbox 2512 3520 2788 3590; x_wconf 82' lang='grc' dir='ltr'>κείμενος,</span> <span class='ocrx_word' id='word_1_709' title='bbox 2804 3520 2932 3584; x_wconf 77' lang='grc' dir='ltr'>τοὺς</span> <span class='ocrx_word' id='word_1_710' title='bbox 2964 3519 3064 3589; x_wconf 79' lang='grc' dir='ltr'>μὲν</span> <span class='ocrx_word' id='word_1_711' title='bbox 3088 3518 3180 3572; x_wconf 80' lang='grc' dir='ltr'><strong>τον</strong></span> <span class='ocrx_word' id='word_1_712' title='bbox 3204 3517 3303 3588; x_wconf 84' lang='grc' dir='ltr'>τῆς</span> <span class='ocrx_word' id='word_1_713' title='bbox 3337 3515 3621 3589; x_wconf 75' lang='grc' dir='ltr'>ἀληθείας</span> 
     </span>
    </p>
   </div>
   <div class='ocr_carea' id='block_1_94' title="bbox 2014 3608 3617 3684">
    <p class='ocr_par' dir='ltr' id='par_1_94' title="bbox 2014 3608 3617 3684">
     <span class='ocr_line' id='line_1_94' title="bbox 2014 3608 3617 3684; baseline -0.001 -19"><span class='ocrx_word' id='word_1_714' title='bbox 2014 3611 2173 3681; x_wconf 84' lang='grc' dir='ltr'>λόγον</span> <span class='ocrx_word' id='word_1_715' title='bbox 2189 3609 2644 3684; x_wconf 81' lang='grc' dir='ltr'>όρθοτομοῦντας,</span> <span class='ocrx_word' id='word_1_716' title='bbox 2660 3609 2863 3665; x_wconf 76' lang='grc' dir='ltr'>καὶτὸν</span> <span class='ocrx_word' id='word_1_717' title='bbox 2889 3610 3124 3681; x_wconf 68' lang='grc' dir='ltr'>Χριστὸν</span> <span class='ocrx_word' id='word_1_718' title='bbox 3151 3611 3248 3664; x_wconf 69' lang='grc' dir='ltr'>ἕνα</span> <span class='ocrx_word' id='word_1_719' title='bbox 3267 3608 3367 3681; x_wconf 79' lang='grc' dir='ltr'>τῆς</span> <span class='ocrx_word' id='word_1_720' title='bbox 3390 3612 3573 3680; x_wconf 80' lang='grc' dir='ltr'>σεπτῆ</span> <span class='ocrx_word' id='word_1_721' title='bbox 3586 3626 3617 3673; x_wconf 87' lang='grc' dir='ltr'><strong>ς</strong></span> 
     </span>
    </p>
   </div>
   <div class='ocr_carea' id='block_1_95' title="bbox 2014 3696 3612 3774">
    <p class='ocr_par' dir='ltr' id='par_1_95' title="bbox 2014 3696 3612 3774">
     <span class='ocr_line' id='line_1_95' title="bbox 2014 3696 3612 3774; baseline -0.001 -17"><span class='ocrx_word' id='word_1_722' title='bbox 2014 3703 2246 3774; x_wconf 84' lang='grc' dir='ltr'>Τριάδος</span> <span class='ocrx_word' id='word_1_723' title='bbox 2293 3698 2434 3757; x_wconf 78' lang='grc' dir='ltr'>εἶναι</span> <span class='ocrx_word' id='word_1_724' title='bbox 2484 3701 2882 3773; x_wconf 79' lang='grc' dir='ltr'>ὁμολογοῦντας</span> <span class='ocrx_word' id='word_1_725' title='bbox 2926 3701 3031 3767; x_wconf 64' lang='grc' dir='ltr'><strong>ἔξω</strong></span> <span class='ocrx_word' id='word_1_726' title='bbox 3092 3700 3294 3772; x_wconf 83' lang='grc' dir='ltr'>βαλεῖν,</span> <span class='ocrx_word' id='word_1_727' title='bbox 3359 3703 3488 3765; x_wconf 77' lang='grc' dir='ltr'>τοὺς</span> <span class='ocrx_word' id='word_1_728' title='bbox 3542 3696 3612 3756; x_wconf 71' lang='grc' dir='ltr'><strong>δὲ</strong></span> 
     </span>
    </p>
   </div>
   <div class='ocr_carea' id='block_1_96' title="bbox 2016 3792 3611 3866">
    <p class='ocr_par' dir='ltr' id='par_1_96' title="bbox 2016 3792 3611 3866">
     <span class='ocr_line' id='line_1_96' title="bbox 2016 3792 3611 3866; baseline -0.002 -16"><span class='ocrx_word' id='word_1_729' title='bbox 2016 3795 2341 3866; x_wconf 80' lang='grc' dir='ltr'>βλάσφημον</span> <span class='ocrx_word' id='word_1_730' title='bbox 2383 3794 2635 3865; x_wconf 87' lang='grc' dir='ltr'>γλῶτταν</span> <span class='ocrx_word' id='word_1_731' title='bbox 2689 3794 2787 3849; x_wconf 73' lang='grc' dir='ltr'>καὶ</span> <span class='ocrx_word' id='word_1_732' title='bbox 2816 3792 3102 3866; x_wconf 83' lang='grc' dir='ltr'>τολμηράν</span> <span class='ocrx_word' id='word_1_733' title='bbox 3136 3794 3258 3848; x_wconf 82' lang='grc' dir='ltr'>κατ’</span> <span class='ocrx_word' id='word_1_734' title='bbox 3308 3793 3611 3865; x_wconf 45' lang='lat' dir='ltr'><strong>Q6206}:-</strong></span> 
     </span>
    </p>
   </div>
   <div class='ocr_carea' id='block_1_97' title="bbox 2012 3883 3607 3960">
    <p class='ocr_par' dir='ltr' id='par_1_97' title="bbox 2012 3883 3607 3960">
     <span class='ocr_line' id='line_1_97' title="bbox 2012 3883 3607 3960; baseline -0.001 -19"><span class='ocrx_word' id='word_1_735' title='bbox 2012 3888 2241 3953; x_wconf 84' lang='grc' dir='ltr'>νοῦντας</span> <span class='ocrx_word' id='word_1_736' title='bbox 2268 3890 2348 3953; x_wconf 87' lang='grc' dir='ltr'><strong>είς</strong></span> <span class='ocrx_word' id='word_1_737' title='bbox 2376 3888 2468 3941; x_wconf 72' lang='grc' dir='ltr'><strong>τὸν</strong></span> <span class='ocrx_word' id='word_1_738' title='bbox 2506 3883 2657 3943; x_wconf 78' lang='grc' dir='ltr'>οἷκον</span> <span class='ocrx_word' id='word_1_739' title='bbox 2689 3887 2815 3959; x_wconf 83' lang='grc' dir='ltr'>(φεῦ</span> <span class='ocrx_word' id='word_1_740' title='bbox 2834 3885 2874 3960; x_wconf 84' lang='grc' dir='ltr'>ι)</span> <span class='ocrx_word' id='word_1_741' title='bbox 2898 3890 2990 3944; x_wconf 74' lang='grc' dir='ltr'>τὸν</span> <span class='ocrx_word' id='word_1_742' title='bbox 3014 3887 3225 3944; x_wconf 76' lang='grc' dir='ltr'>ἐκείνου</span> <span class='ocrx_word' id='word_1_743' title='bbox 3246 3891 3607 3960; x_wconf 74' lang='grc' dir='ltr'>είσαγαγεῖνς</span> 
     </span>
    </p>
   </div>
   <div class='ocr_carea' id='block_1_98' title="bbox 2013 3976 3607 4054">
    <p class='ocr_par' dir='ltr' id='par_1_98' title="bbox 2013 3976 3607 4054">
     <span class='ocr_line' id='line_1_98' title="bbox 2013 3976 3607 4054; baseline 0.001 -21"><span class='ocrx_word' id='word_1_744' title='bbox 2013 3980 2128 4033; x_wconf 81' lang='grc' dir='ltr'>ἀλλ’</span> <span class='ocrx_word' id='word_1_745' title='bbox 2155 3980 2211 4034; x_wconf 77' lang='grc' dir='ltr'><strong>εί</strong></span> <span class='ocrx_word' id='word_1_746' title='bbox 2229 3998 2283 4035; x_wconf 89' lang='grc' dir='ltr'><strong>τι</strong></span> <span class='ocrx_word' id='word_1_747' title='bbox 2330 3979 2427 4035; x_wconf 75' lang='grc' dir='ltr'>καὶ</span> <span class='ocrx_word' id='word_1_748' title='bbox 2464 3978 2556 4033; x_wconf 80' lang='grc' dir='ltr'><strong>τὸν</strong></span> <span class='ocrx_word' id='word_1_749' title='bbox 2587 3979 2760 4052; x_wconf 74' lang='grc' dir='ltr'>ἄνδρα</span> <span class='ocrx_word' id='word_1_750' title='bbox 2808 3981 3203 4054; x_wconf 72' lang='grc' dir='ltr'>ύποπτήςσεις,</span> <span class='ocrx_word' id='word_1_751' title='bbox 3259 3976 3305 4038; x_wconf 77' lang='grc' dir='ltr'>ὦ</span> <span class='ocrx_word' id='word_1_752' title='bbox 3349 3982 3607 4054; x_wconf 71' lang='grc' dir='ltr'>βασιλεῦ,</span> 
     </span>
    </p>
   </div>
   <div class='ocr_carea' id='block_1_99' title="bbox 2013 4072 3608 4147">
    <p class='ocr_par' dir='ltr' id='par_1_99' title="bbox 2013 4072 3608 4147">
     <span class='ocr_line' id='line_1_99' title="bbox 2013 4072 3608 4147; baseline 0.002 -20"><span class='ocrx_word' id='word_1_753' title='bbox 2013 4073 2139 4143; x_wconf 73' lang='grc' dir='ltr'>ἐμοὶ</span> <span class='ocrx_word' id='word_1_754' title='bbox 2182 4073 2375 4127; x_wconf 79' lang='grc' dir='ltr'>τοῦτον</span> <span class='ocrx_word' id='word_1_755' title='bbox 2419 4073 2540 4127; x_wconf 80' lang='grc' dir='ltr'>κατ’</span> <span class='ocrx_word' id='word_1_756' title='bbox 2598 4072 2722 4145; x_wconf 77' lang='grc' dir='ltr'>όψιν</span> <span class='ocrx_word' id='word_1_757' title='bbox 2782 4074 3151 4146; x_wconf 79' lang='grc' dir='ltr'>παραγαγὼν,</span> <span class='ocrx_word' id='word_1_758' title='bbox 3191 4076 3357 4141; x_wconf 74' lang='grc' dir='ltr'>αὐτὸς</span> <span class='ocrx_word' id='word_1_759' title='bbox 3401 4074 3608 4147; x_wconf 78' lang='grc' dir='ltr'>ἀμέλει</span> 
     </span>
    </p>
   </div>
   <div class='ocr_carea' id='block_1_100' title="bbox 2013 4154 3608 4238">
    <p class='ocr_par' dir='ltr' id='par_1_100' title="bbox 2013 4154 3608 4238">
     <span class='ocr_line' id='line_1_100' title="bbox 2013 4154 3608 4238; baseline 0.002 -19"><span class='ocrx_word' id='word_1_760' title='bbox 2013 4166 2294 4236; x_wconf 85' lang='grc' dir='ltr'>ἀκροατὴς</span> <span class='ocrx_word' id='word_1_761' title='bbox 2355 4165 2517 4236; x_wconf 90' lang='grc' dir='ltr'>μόνον</span> <span class='ocrx_word' id='word_1_762' title='bbox 2568 4164 2678 4219; x_wconf 83' lang='grc' dir='ltr'><strong>τῶν</strong></span> <span class='ocrx_word' id='word_1_763' title='bbox 2721 4154 3035 4237; x_wconf 76' lang='grc' dir='ltr'>λεγομένων</span> <span class='ocrx_word' id='word_1_764' title='bbox 3094 4166 3404 4238; x_wconf 82' lang='grc' dir='ltr'>γινόμενος.</span> <span class='ocrx_word' id='word_1_765' title='bbox 3454 4167 3608 4237; x_wconf 82' lang='grc' dir='ltr'>Ἐγὼ</span> 
     </span>
    </p>
   </div>
   <div class='ocr_carea' id='block_1_101' title="bbox 2013 4258 3607 4333">
    <p class='ocr_par' dir='ltr' id='par_1_101' title="bbox 2013 4258 3607 4333">
     <span class='ocr_line' id='line_1_101' title="bbox 2013 4258 3607 4333; baseline 0.004 -23"><span class='ocrx_word' id='word_1_766' title='bbox 2013 4260 2123 4331; x_wconf 69' lang='grc' dir='ltr'>γὰρ</span> <span class='ocrx_word' id='word_1_767' title='bbox 2150 4259 2325 4313; x_wconf 82' lang='grc' dir='ltr'>πείσω</span> <span class='ocrx_word' id='word_1_768' title='bbox 2360 4258 2688 4331; x_wconf 68' lang='grc' dir='ltr'>διαλεχθεὶς,</span> <span class='ocrx_word' id='word_1_769' title='bbox 2721 4261 2796 4331; x_wconf 76' lang='grc' dir='ltr'>μὴ</span> <span class='ocrx_word' id='word_1_770' title='bbox 2829 4259 3056 4315; x_wconf 75' lang='grc' dir='ltr'>τοιαῦτα</span> <span class='ocrx_word' id='word_1_771' title='bbox 3085 4261 3370 4332; x_wconf 76' lang='grc' dir='ltr'>ἐπιζητεῖν</span> <span class='ocrx_word' id='word_1_772' title='bbox 3416 4260 3607 4333; x_wconf 82' lang='grc' dir='ltr'>βούλε-</span> 
     </span>
    </p>
   </div>
   <div class='ocr_carea' id='block_1_102' title="bbox 2016 4352 3605 4425">
    <p class='ocr_par' dir='ltr' id='par_1_102' title="bbox 2016 4352 3605 4425">
     <span class='ocr_line' id='line_1_102' title="bbox 2016 4352 3605 4425; baseline 0.002 -19"><span class='ocrx_word' id='word_1_773' title='bbox 2016 4354 2159 4418; x_wconf 85' lang='grc' dir='ltr'>σθαι,</span> <span class='ocrx_word' id='word_1_774' title='bbox 2192 4352 2228 4407; x_wconf 77' lang='grc' dir='ltr'>ἃ</span> <span class='ocrx_word' id='word_1_775' title='bbox 2261 4352 2385 4423; x_wconf 78' lang='grc' dir='ltr'>μηδ’</span> <span class='ocrx_word' id='word_1_776' title='bbox 2412 4352 2548 4415; x_wconf 74' lang='grc' dir='ltr'>ὅλως</span> <span class='ocrx_word' id='word_1_777' title='bbox 2572 4352 2730 4423; x_wconf 81' lang='grc' dir='ltr'>Θέμις</span> <span class='ocrx_word' id='word_1_778' title='bbox 2758 4352 2877 4407; x_wconf 75' lang='grc' dir='ltr'>ἐστὶ</span> <span class='ocrx_word' id='word_1_779' title='bbox 2906 4357 3229 4424; x_wconf 80' lang='grc' dir='ltr'>παρασχεῖν.</span> <span class='ocrx_word' id='word_1_780' title='bbox 3258 4354 3436 4425; x_wconf 86' lang='grc' dir='ltr'>Ἥσθη</span> <span class='ocrx_word' id='word_1_781' title='bbox 3475 4356 3605 4409; x_wconf 77' lang='grc' dir='ltr'>τού-</span> 
     </span>
    </p>
   </div>
   <div class='ocr_carea' id='block_1_103' title="bbox 2012 4443 3607 4517">
    <p class='ocr_par' dir='ltr' id='par_1_103' title="bbox 2012 4443 3607 4517">
     <span class='ocr_line' id='line_1_103' title="bbox 2012 4443 3607 4517; baseline 0.003 -20"><span class='ocrx_word' id='word_1_782' title='bbox 2012 4462 2121 4498; x_wconf 85' lang='grc' dir='ltr'><strong>των</strong></span> <span class='ocrx_word' id='word_1_783' title='bbox 2149 4446 2389 4509; x_wconf 83' lang='grc' dir='ltr'>ἀκούσας</span> <span class='ocrx_word' id='word_1_784' title='bbox 2414 4443 2444 4496; x_wconf 97' lang='lat'><strong>6</strong></span> <span class='ocrx_word' id='word_1_785' title='bbox 2466 4444 2745 4515; x_wconf 71' lang='grc' dir='ltr'>βασιλεὺς,</span> <span class='ocrx_word' id='word_1_786' title='bbox 2779 4445 2875 4499; x_wconf 78' lang='grc' dir='ltr'>καὶ</span> <span class='ocrx_word' id='word_1_787' title='bbox 2904 4444 3003 4517; x_wconf 82' lang='grc' dir='ltr'>τὴν</span> <span class='ocrx_word' id='word_1_788' title='bbox 3057 4444 3472 4517; x_wconf 79' lang='grc' dir='ltr'>ὲπιοῦσανᾶμα</span> <span class='ocrx_word' id='word_1_789' title='bbox 3504 4448 3607 4501; x_wconf 84' lang='grc' dir='ltr'>καὶ</span> 
     </span>
    </p>
   </div>
   <div class='ocr_carea' id='block_1_104' title="bbox 2012 4537 3608 4611">
    <p class='ocr_par' dir='ltr' id='par_1_104' title="bbox 2012 4537 3608 4611">
     <span class='ocr_line' id='line_1_104' title="bbox 2012 4537 3608 4611; baseline 0.001 -19"><span class='ocrx_word' id='word_1_790' title='bbox 2012 4537 2105 4592; x_wconf 79' lang='grc' dir='ltr'>τοῦ</span> <span class='ocrx_word' id='word_1_791' title='bbox 2135 4537 2280 4592; x_wconf 82' lang='grc' dir='ltr'>θείου</span> <span class='ocrx_word' id='word_1_792' title='bbox 2307 4537 2574 4606; x_wconf 80' lang='grc' dir='ltr'>παρόντος</span> <span class='ocrx_word' id='word_1_793' title='bbox 2604 4537 2795 4609; x_wconf 74' lang='grc' dir='ltr'>ἀνδρὸς</span> <span class='ocrx_word' id='word_1_794' title='bbox 2813 4540 2908 4592; x_wconf 77' lang='grc' dir='ltr'>καὶ</span> <span class='ocrx_word' id='word_1_795' title='bbox 2927 4539 3124 4602; x_wconf 77' lang='grc' dir='ltr'>Γαῖνᾶς</span> <span class='ocrx_word' id='word_1_796' title='bbox 3148 4539 3429 4611; x_wconf 79' lang='grc' dir='ltr'>πρόσεισιν</span> <span class='ocrx_word' id='word_1_797' title='bbox 3455 4556 3469 4570; x_wconf 94' lang='grc'><strong>·</strong></span> <span class='ocrx_word' id='word_1_798' title='bbox 3503 4542 3608 4594; x_wconf 67' lang='grc' dir='ltr'>αὑ-</span> 
     </span>
    </p>
   </div>
   <div class='ocr_carea' id='block_1_105' title="bbox 2013 4629 3605 4703">
    <p class='ocr_par' dir='ltr' id='par_1_105' title="bbox 2013 4629 3605 4703">
     <span class='ocr_line' id='line_1_105' title="bbox 2013 4629 3605 4703; baseline 0.002 -18"><span class='ocrx_word' id='word_1_799' title='bbox 2013 4631 2106 4695; x_wconf 85' lang='grc' dir='ltr'>τὸς</span> <span class='ocrx_word' id='word_1_800' title='bbox 2136 4631 2258 4702; x_wconf 78' lang='grc' dir='ltr'>μὲν,</span> <span class='ocrx_word' id='word_1_801' title='bbox 2279 4630 2355 4694; x_wconf 86' lang='grc' dir='ltr'><strong>ὡς</strong></span> <span class='ocrx_word' id='word_1_802' title='bbox 2377 4630 2506 4701; x_wconf 83' lang='grc' dir='ltr'>χθὲς</span> <span class='ocrx_word' id='word_1_803' title='bbox 2528 4632 2623 4684; x_wconf 72' lang='grc' dir='ltr'><strong>καὶ</strong></span> <span class='ocrx_word' id='word_1_804' title='bbox 2647 4629 2862 4702; x_wconf 81' lang='grc' dir='ltr'>πρώην,</span> <span class='ocrx_word' id='word_1_805' title='bbox 2893 4631 2989 4685; x_wconf 78' lang='grc' dir='ltr'>ἕνα</span> <span class='ocrx_word' id='word_1_806' title='bbox 3019 4632 3128 4685; x_wconf 85' lang='grc' dir='ltr'><strong>τῶν</strong></span> <span class='ocrx_word' id='word_1_807' title='bbox 3156 4632 3316 4703; x_wconf 87' lang='grc' dir='ltr'>ίερῶν</span> <span class='ocrx_word' id='word_1_808' title='bbox 3344 4633 3512 4687; x_wconf 75' lang='grc' dir='ltr'>οἴκων</span> <span class='ocrx_word' id='word_1_809' title='bbox 3534 4635 3605 4688; x_wconf 79' lang='grc' dir='ltr'>ὲκ</span> 
     </span>
    </p>
   </div>
   <div class='ocr_carea' id='block_1_106' title="bbox 2016 4723 3601 4798">
    <p class='ocr_par' dir='ltr' id='par_1_106' title="bbox 2016 4723 3601 4798">
     <span class='ocr_line' id='line_1_106' title="bbox 2016 4723 3601 4798; baseline 0.002 -21"><span class='ocrx_word' id='word_1_810' title='bbox 2016 4724 2284 4795; x_wconf 80' lang='grc' dir='ltr'>βασιλέως</span> <span class='ocrx_word' id='word_1_811' title='bbox 2335 4724 2691 4793; x_wconf 80' lang='grc' dir='ltr'>αίτούμενος’</span> <span class='ocrx_word' id='word_1_812' title='bbox 2738 4724 2994 4795; x_wconf 82' lang='grc' dir='ltr'>Ἰωάννης</span> <span class='ocrx_word' id='word_1_813' title='bbox 3059 4723 3117 4778; x_wconf 83' lang='grc' dir='ltr'><strong>δὲ</strong></span> <span class='ocrx_word' id='word_1_814' title='bbox 3159 4724 3236 4798; x_wconf 81' lang='grc' dir='ltr'>μὴ</span> <span class='ocrx_word' id='word_1_815' title='bbox 3281 4725 3485 4791; x_wconf 78' lang='grc' dir='ltr'>ἐξεῖναι</span> <span class='ocrx_word' id='word_1_816' title='bbox 3517 4726 3601 4797; x_wconf 78' lang='grc' dir='ltr'><strong>τῷ</strong></span> 
     </span>
    </p>
   </div>
   <div class='ocr_carea' id='block_1_107' title="bbox 2014 4817 3602 4890">
    <p class='ocr_par' dir='ltr' id='par_1_107' title="bbox 2014 4817 3602 4890">
     <span class='ocr_line' id='line_1_107' title="bbox 2014 4817 3602 4890; baseline 0 -19"><span class='ocrx_word' id='word_1_817' title='bbox 2014 4817 2246 4889; x_wconf 77' lang='grc' dir='ltr'>βασιλεῖ,</span> <span class='ocrx_word' id='word_1_818' title='bbox 2283 4817 2410 4887; x_wconf 76' lang='grc' dir='ltr'>ἔφη,</span> <span class='ocrx_word' id='word_1_819' title='bbox 2438 4817 2910 4889; x_wconf 76' lang='grc' dir='ltr'>ἐκκλησιαστικῶν</span> <span class='ocrx_word' id='word_1_820' title='bbox 2941 4819 3288 4890; x_wconf 74' lang='grc' dir='ltr'>πραγμάτων</span> <span class='ocrx_word' id='word_1_821' title='bbox 3327 4820 3602 4874; x_wconf 79' lang='grc' dir='ltr'>κατατολ-</span> 
     </span>
    </p>
   </div>
   <div class='ocr_carea' id='block_1_108' title="bbox 2017 4908 3605 4983">
    <p class='ocr_par' dir='ltr' id='par_1_108' title="bbox 2017 4908 3605 4983">
     <span class='ocr_line' id='line_1_108' title="bbox 2017 4908 3605 4983; baseline 0.003 -22"><span class='ocrx_word' id='word_1_822' title='bbox 2017 4911 2146 4981; x_wconf 86' lang='grc' dir='ltr'>μᾷν,</span> <span class='ocrx_word' id='word_1_823' title='bbox 2194 4909 2445 4963; x_wconf 83' lang='grc' dir='ltr'>εὐσεϐεῖν</span> <span class='ocrx_word' id='word_1_824' title='bbox 2496 4908 2633 4974; x_wconf 78' lang='grc' dir='ltr'>ὅλως</span> <span class='ocrx_word' id='word_1_825' title='bbox 2666 4912 3109 4983; x_wconf 79' lang='grc' dir='ltr'>προαιρουμένῳ.</span> <span class='ocrx_word' id='word_1_826' title='bbox 3156 4911 3222 4965; x_wconf 91' lang='grc' dir='ltr'>Τί</span> <span class='ocrx_word' id='word_1_827' title='bbox 3254 4911 3312 4966; x_wconf 80' lang='grc' dir='ltr'><strong>δὲ</strong></span> <span class='ocrx_word' id='word_1_828' title='bbox 3342 4911 3465 4983; x_wconf 72' lang='grc' dir='ltr'>οὐχὶ</span> <span class='ocrx_word' id='word_1_829' title='bbox 3504 4912 3605 4966; x_wconf 79' lang='grc' dir='ltr'>καὶ</span> 
     </span>
    </p>
   </div>
   <div class='ocr_carea' id='block_1_109' title="bbox 2014 4999 3604 5077">
    <p class='ocr_par' dir='ltr' id='par_1_109' title="bbox 2014 4999 3604 5077">
     <span class='ocr_line' id='line_1_109' title="bbox 2014 4999 3604 5077; baseline 0.003 -22"><span class='ocrx_word' id='word_1_830' title='bbox 2014 5003 2160 5073; x_wconf 79' lang='grc' dir='ltr'>ἐμοὶ,</span> <span class='ocrx_word' id='word_1_831' title='bbox 2213 5002 2379 5074; x_wconf 88' lang='grc' dir='ltr'>φάναι</span> <span class='ocrx_word' id='word_1_832' title='bbox 2408 5002 2502 5055; x_wconf 75' lang='grc' dir='ltr'><strong>τὸν</strong></span> <span class='ocrx_word' id='word_1_833' title='bbox 2534 5002 2832 5075; x_wconf 75' lang='grc' dir='ltr'>βάρϐαρον,</span> <span class='ocrx_word' id='word_1_834' title='bbox 2881 5004 2992 5057; x_wconf 90' lang='grc' dir='ltr'><strong>τῶν</strong></span> <span class='ocrx_word' id='word_1_835' title='bbox 3038 5004 3350 5077; x_wconf 74' lang='grc' dir='ltr'>εύκτηρίων</span> <span class='ocrx_word' id='word_1_836' title='bbox 3394 4999 3479 5071; x_wconf 72' lang='grc' dir='ltr'>εἴς</span> <span class='ocrx_word' id='word_1_837' title='bbox 3518 5009 3604 5071; x_wconf 80' lang='grc' dir='ltr'><strong>εἰς</strong></span> 
     </span>
    </p>
   </div>
   <div class='ocr_carea' id='block_1_110' title="bbox 2014 5092 3604 5168">
    <p class='ocr_par' dir='ltr' id='par_1_110' title="bbox 2014 5092 3604 5168">
     <span class='ocr_line' id='line_1_110' title="bbox 2014 5092 3604 5168; baseline 0.003 -22"><span class='ocrx_word' id='word_1_838' title='bbox 2014 5094 2327 5165; x_wconf 77' lang='grc' dir='ltr'>προσευχὴν</span> <span class='ocrx_word' id='word_1_839' title='bbox 2354 5092 2676 5163; x_wconf 49' lang='grc' dir='ltr'>ἁνεθέδσεται</span> <span class='ocrx_word' id='word_1_840' title='bbox 2700 5110 2714 5159; x_wconf 86' lang='lat'><strong>;</strong></span> <span class='ocrx_word' id='word_1_841' title='bbox 2736 5094 2917 5160; x_wconf 72' lang='grc' dir='ltr'>Ἅπας</span> <span class='ocrx_word' id='word_1_842' title='bbox 2938 5111 3018 5149; x_wconf 88' lang='grc' dir='ltr'><strong>σοι</strong></span> <span class='ocrx_word' id='word_1_843' title='bbox 3050 5095 3176 5159; x_wconf 76' lang='grc' dir='ltr'>ναὸς</span> <span class='ocrx_word' id='word_1_844' title='bbox 3197 5097 3497 5168; x_wconf 76' lang='grc' dir='ltr'>ἡνέῳκται,</span> <span class='ocrx_word' id='word_1_845' title='bbox 3519 5093 3604 5151; x_wconf 76' lang='grc' dir='ltr'><strong>εἵ-</strong></span> 
     </span>
    </p>
   </div>
   <div class='ocr_carea' id='block_1_111' title="bbox 2014 5186 3601 5260">
    <p class='ocr_par' dir='ltr' id='par_1_111' title="bbox 2014 5186 3601 5260">
     <span class='ocr_line' id='line_1_111' title="bbox 2014 5186 3601 5260; baseline 0.004 -21"><span class='ocrx_word' id='word_1_846' title='bbox 2014 5203 2116 5240; x_wconf 86' lang='grc' dir='ltr'><strong>πεν</strong></span> <span class='ocrx_word' id='word_1_847' title='bbox 2145 5187 2174 5238; x_wconf 91' lang='lat'><strong>6</strong></span> <span class='ocrx_word' id='word_1_848' title='bbox 2216 5188 2412 5257; x_wconf 78' lang='grc' dir='ltr'>μέγας,</span> <span class='ocrx_word' id='word_1_849' title='bbox 2459 5187 2553 5238; x_wconf 76' lang='grc' dir='ltr'>καὶ</span> <span class='ocrx_word' id='word_1_850' title='bbox 2586 5186 2762 5250; x_wconf 71' lang='grc' dir='ltr'>οὐδεὶς</span> <span class='ocrx_word' id='word_1_851' title='bbox 2789 5187 2818 5239; x_wconf 90' lang='grc' dir='ltr'><strong>ό</strong></span> <span class='ocrx_word' id='word_1_852' title='bbox 2872 5186 3136 5241; x_wconf 78' lang='grc' dir='ltr'>κωλύσων</span> <span class='ocrx_word' id='word_1_853' title='bbox 3190 5188 3601 5260; x_wconf 77' lang='grc' dir='ltr'>προσεύχεσθαι</span> 
     </span>
    </p>
   </div>
   <div class='ocr_carea' id='block_1_112' title="bbox 2016 5279 3605 5353">
    <p class='ocr_par' dir='ltr' id='par_1_112' title="bbox 2016 5279 3605 5353">
     <span class='ocr_line' id='line_1_112' title="bbox 2016 5279 3605 5353; baseline 0.001 -20"><span class='ocrx_word' id='word_1_854' title='bbox 2016 5280 2351 5353; x_wconf 79' lang='grc' dir='ltr'>βουλομένῳ.</span> <span class='ocrx_word' id='word_1_855' title='bbox 2399 5280 2560 5334; x_wconf 82' lang='grc' dir='ltr'>Ἀλλὰ</span> <span class='ocrx_word' id='word_1_856' title='bbox 2595 5279 2931 5351; x_wconf 87' lang='grc' dir='ltr'>συμμορίας,</span> <span class='ocrx_word' id='word_1_857' title='bbox 2987 5282 3163 5334; x_wconf 76' lang='grc' dir='ltr'>εἰπεῖν</span> <span class='ocrx_word' id='word_1_858' title='bbox 3215 5283 3447 5346; x_wconf 76' lang='grc' dir='ltr'>ἐκεῖνον,</span> <span class='ocrx_word' id='word_1_859' title='bbox 3480 5282 3605 5336; x_wconf 77' lang='grc' dir='ltr'><strong>ἑτέ-</strong></span> 
     </span>
    </p>
   </div>
   <div class='ocr_carea' id='block_1_113' title="bbox 2017 5366 3604 5444">
    <p class='ocr_par' dir='ltr' id='par_1_113' title="bbox 2017 5366 3604 5444">
     <span class='ocr_line' id='line_1_113' title="bbox 2017 5366 3604 5444; baseline 0.005 -24"><span class='ocrx_word' id='word_1_860' title='bbox 2017 5384 2116 5437; x_wconf 85' lang='grc' dir='ltr'><strong>ρας</strong></span> <span class='ocrx_word' id='word_1_861' title='bbox 2142 5366 2276 5437; x_wconf 82' lang='grc' dir='ltr'>ὲγὼ,</span> <span class='ocrx_word' id='word_1_862' title='bbox 2314 5370 2406 5421; x_wconf 68' lang='grc' dir='ltr'>καὶ</span> <span class='ocrx_word' id='word_1_863' title='bbox 2433 5368 2522 5421; x_wconf 73' lang='grc' dir='ltr'><strong>διὰ</strong></span> <span class='ocrx_word' id='word_1_864' title='bbox 2554 5366 2712 5422; x_wconf 79' lang='grc' dir='ltr'>τοῦτο</span> <span class='ocrx_word' id='word_1_865' title='bbox 2739 5368 3224 5440; x_wconf 77' lang='grc' dir='ltr'>συνεκκλησιάζειν</span> <span class='ocrx_word' id='word_1_866' title='bbox 3259 5373 3398 5444; x_wconf 73' lang='grc' dir='ltr'>αὐτῇ</span> <span class='ocrx_word' id='word_1_867' title='bbox 3428 5389 3604 5428; x_wconf 86' lang='grc' dir='ltr'>κατα-</span> 
     </span>
    </p>
   </div>
   <div class='ocr_carea' id='block_1_114' title="bbox 2017 5459 3601 5536">
    <p class='ocr_par' dir='ltr' id='par_1_114' title="bbox 2017 5459 3601 5536">
     <span class='ocr_line' id='line_1_114' title="bbox 2017 5459 3601 5536; baseline 0.001 -23"><span class='ocrx_word' id='word_1_868' title='bbox 2017 5459 2187 5531; x_wconf 85' lang='grc' dir='ltr'>μόνας</span> <span class='ocrx_word' id='word_1_869' title='bbox 2231 5461 2389 5515; x_wconf 83' lang='grc' dir='ltr'>αίτῶ.</span> <span class='ocrx_word' id='word_1_870' title='bbox 2418 5459 2564 5514; x_wconf 81' lang='grc' dir='ltr'>Αξτῶ</span> <span class='ocrx_word' id='word_1_871' title='bbox 2597 5459 2655 5514; x_wconf 80' lang='grc' dir='ltr'><strong>δὲ</strong></span> <span class='ocrx_word' id='word_1_872' title='bbox 2699 5460 2920 5525; x_wconf 84' lang='grc' dir='ltr'>πάντως</span> <span class='ocrx_word' id='word_1_873' title='bbox 2961 5462 3180 5530; x_wconf 68' lang='grc' dir='ltr'>σίτησιν</span> <span class='ocrx_word' id='word_1_874' title='bbox 3217 5461 3278 5515; x_wconf 77' lang='grc' dir='ltr'><strong>ού</strong></span> <span class='ocrx_word' id='word_1_875' title='bbox 3312 5462 3601 5536; x_wconf 76' lang='grc' dir='ltr'>μεμπτὴν,</span> 
     </span>
    </p>
   </div>
   <div class='ocr_carea' id='block_1_115' title="bbox 2013 5551 3603 5627">
    <p class='ocr_par' dir='ltr' id='par_1_115' title="bbox 2013 5551 3603 5627">
     <span class='ocr_line' id='line_1_115' title="bbox 2013 5551 3603 5627; baseline 0.004 -23"><span class='ocrx_word' id='word_1_876' title='bbox 2013 5551 2191 5615; x_wconf 72' lang='grc' dir='ltr'>οὐδεὶς</span> <span class='ocrx_word' id='word_1_877' title='bbox 2225 5553 2474 5623; x_wconf 75' lang='grc' dir='ltr'>ὑπακοὴν</span> <span class='ocrx_word' id='word_1_878' title='bbox 2502 5554 2937 5624; x_wconf 79' lang='grc' dir='ltr'>ἀπροφάσιστον,</span> <span class='ocrx_word' id='word_1_879' title='bbox 2981 5554 3242 5627; x_wconf 75' lang='grc' dir='ltr'>πολέμοις</span> <span class='ocrx_word' id='word_1_880' title='bbox 3269 5556 3422 5619; x_wconf 84' lang='grc' dir='ltr'>ὅσοις</span> <span class='ocrx_word' id='word_1_881' title='bbox 3469 5558 3603 5614; x_wconf 75' lang='grc' dir='ltr'>καθ’</span> 
     </span>
    </p>
   </div>
   <div class='ocr_carea' id='block_1_116' title="bbox 2014 5643 3603 5720">
    <p class='ocr_par' dir='ltr' id='par_1_116' title="bbox 2014 5643 3603 5720">
     <span class='ocr_line' id='line_1_116' title="bbox 2014 5643 3603 5720; baseline 0.003 -22"><span class='ocrx_word' id='word_1_882' title='bbox 2014 5643 2253 5714; x_wconf 77' lang='grc' dir='ltr'>εκάστην</span> <span class='ocrx_word' id='word_1_883' title='bbox 2296 5644 2805 5717; x_wconf 81' lang='grc' dir='ltr'>παραϐαλλόμενος,</span> <span class='ocrx_word' id='word_1_884' title='bbox 2857 5647 2953 5701; x_wconf 74' lang='grc' dir='ltr'>καὶ</span> <span class='ocrx_word' id='word_1_885' title='bbox 2993 5647 3091 5718; x_wconf 76' lang='grc' dir='ltr'>τῆς</span> <span class='ocrx_word' id='word_1_886' title='bbox 3134 5647 3377 5719; x_wconf 80' lang='grc' dir='ltr'>ἐμαυτοῦ</span> <span class='ocrx_word' id='word_1_887' title='bbox 3416 5646 3603 5720; x_wconf 76' lang='grc' dir='ltr'>ψυχῆς</span> 
     </span>
    </p>
   </div>
   <div class='ocr_carea' id='block_1_117' title="bbox 2014 5738 3601 5812">
    <p class='ocr_par' dir='ltr' id='par_1_117' title="bbox 2014 5738 3601 5812">
     <span class='ocr_line' id='line_1_117' title="bbox 2014 5738 3601 5812; baseline 0.004 -21"><span class='ocrx_word' id='word_1_888' title='bbox 2014 5738 2107 5792; x_wconf 77' lang='grc' dir='ltr'>καὶ</span> <span class='ocrx_word' id='word_1_889' title='bbox 2132 5738 2241 5792; x_wconf 82' lang='grc' dir='ltr'><strong>τῶν</strong></span> <span class='ocrx_word' id='word_1_890' title='bbox 2271 5738 2534 5795; x_wconf 83' lang='grc' dir='ltr'>κινδύνων</span> <span class='ocrx_word' id='word_1_891' title='bbox 2549 5741 2611 5795; x_wconf 91' lang='grc' dir='ltr'>τὸ</span> <span class='ocrx_word' id='word_1_892' title='bbox 2658 5741 2760 5812; x_wconf 77' lang='grc' dir='ltr'>τῆς</span> <span class='ocrx_word' id='word_1_893' title='bbox 2784 5740 3062 5806; x_wconf 78' lang='grc' dir='ltr'>πολιτείας</span> <span class='ocrx_word' id='word_1_894' title='bbox 3095 5741 3373 5806; x_wconf 80' lang='grc' dir='ltr'>λυσιτελὲς</span> <span class='ocrx_word' id='word_1_895' title='bbox 3402 5743 3601 5797; x_wconf 80' lang='grc' dir='ltr'>ἀλλατο</span> 
     </span>
    </p>
   </div>
   <div class='ocr_carea' id='block_1_118' title="bbox 2014 5834 3598 5911">
    <p class='ocr_par' dir='ltr' id='par_1_118' title="bbox 2014 5834 3598 5911">
     <span class='ocr_line' id='line_1_118' title="bbox 2014 5834 3598 5911; baseline 0.002 -22"><span class='ocrx_word' id='word_1_896' title='bbox 2014 5834 2261 5906; x_wconf 83' lang='grc' dir='ltr'>τόμενος.</span> <span class='ocrx_word' id='word_1_897' title='bbox 2298 5836 2436 5892; x_wconf 77' lang='grc' dir='ltr'>’Λλλ’</span> <span class='ocrx_word' id='word_1_898' title='bbox 2488 5838 2652 5911; x_wconf 72' lang='grc' dir='ltr'>ἔχεις.</span> <span class='ocrx_word' id='word_1_899' title='bbox 2682 5835 2727 5895; x_wconf 80' lang='grc' dir='ltr'>ὦ</span> <span class='ocrx_word' id='word_1_900' title='bbox 2758 5841 3020 5911; x_wconf 77' lang='grc' dir='ltr'>βέλτιστε,</span> <span class='ocrx_word' id='word_1_901' title='bbox 3069 5840 3236 5910; x_wconf 85' lang='grc' dir='ltr'>φάναι</span> <span class='ocrx_word' id='word_1_902' title='bbox 3279 5840 3372 5894; x_wconf 71' lang='grc' dir='ltr'>τὸν</span> <span class='ocrx_word' id='word_1_903' title='bbox 3413 5839 3598 5910; x_wconf 70' lang='grc' dir='ltr'>ἅγιον,</span> 
     </span>
    </p>
   </div>
   <div class='ocr_carea' id='block_1_119' title="bbox 2013 5930 3601 6009">
    <p class='ocr_par' dir='ltr' id='par_1_119' title="bbox 2013 5930 3601 6009">
     <span class='ocr_line' id='line_1_119' title="bbox 2013 5930 3601 6009; baseline 0.003 -25"><span class='ocrx_word' id='word_1_904' title='bbox 2013 5930 2285 6007; x_wconf 69' lang='grc' dir='ltr'>οὐμενοῦν</span> <span class='ocrx_word' id='word_1_905' title='bbox 2309 5930 2570 5999; x_wconf 66' lang='grc' dir='ltr'>ἐλάττους</span> <span class='ocrx_word' id='word_1_906' title='bbox 2586 5932 2698 5991; x_wconf 82' lang='grc' dir='ltr'><strong>τῶν</strong></span> <span class='ocrx_word' id='word_1_907' title='bbox 2737 5932 2914 5990; x_wconf 76' lang='grc' dir='ltr'>πόνων</span> <span class='ocrx_word' id='word_1_908' title='bbox 2953 5934 3051 6001; x_wconf 61' lang='grc' dir='ltr'><strong>τὰς</strong></span> <span class='ocrx_word' id='word_1_909' title='bbox 3074 5933 3393 6004; x_wconf 79' lang='grc' dir='ltr'>ἀντιδόσεις,</span> <span class='ocrx_word' id='word_1_910' title='bbox 3434 5937 3601 6009; x_wconf 68' lang='grc' dir='ltr'>εἰπερ</span> 
     </span>
    </p>
   </div>
  </div>
