3834 6520
222 478 392 548 111⁸1

1227 475 1405 539 νΙΤΑ
1439 475 1502 537 S.
1540 469 1874 536 IOANNIS
1908 470 2462 538 CHRYSOSTOMI.

3357 475 3501 542 1118

214 594 314 668 δὴ
369 594 461 650 καὶ
508 591 814 665 στρατηγὸς
846 583 916 659 τί,
949 589 1043 644 καὶ
1100 578 1268 661 τιμῆς
1296 590 1398 663 τῆς
1453 586 1563 641 τῶν
1599 583 1822 640 ὑπάτων

1929 602 1989 642 ca
2035 586 2239 667 versari
2272 588 2326 643 in
2367 587 2625 645 Ecclesia.
2671 587 2788 645 Non
2837 597 2921 646 est
2961 605 3081 646 mea
3109 585 3302 661 petitio
3317 608 3504 664 repre-

214 686 576 759 ἡξιωμένος.
611 684 779 739 Οὐδὲν
824 682 882 738 δὲ
910 683 1115 739 ἄτοπον
1145 680 1240 735 καὶ
1267 679 1428 734 τοῦτο
1478 679 1728 744 σκοπεῖν,
1757 669 1821 730 οὗ

225 798 266 851 ρ
283 779 355 836 ὲν
371 779 587 847 ἀδοξίας
610 773 753 850 ἦσθα
784 776 1073 848 πρότερον,
1097 766 1158 828 οὗ
1177 772 1272 828 νῦν
1302 773 1484 844 δόξης.
1508 772 1603 827 καὶ
1616 771 1703 824 οῖα
1723 769 1823 842 μὲν

221 874 270 945 ἡ
304 871 512 945 προτοῦ
534 866 840 937 πενία,οίος
865 868 923 923 δὲ
943 859 1116 938 οὗπερ
1142 865 1239 921 νῦν
1263 862 1821 935 ἀπολαύειςξπλοῦτος.

219 965 422 1020 Τοῦτό
479 981 540 1020 σε
583 962 691 1037 χρὴ
725 960 1131 1032 ἐνθυμούμενον
1185 954 1244 1013 εὖ
1298 960 1461 1025 νοεῖν,
1500 958 1605 1012 ’καὶ
1658 954 1824 1028 μηδὲν

221 1061 383 1131 περὶ
431 1057 529 1130 τὴν
557 1057 702 1113 οὕτω
764 1059 1075 1128 τιμήσασαν
1134 1054 1415 1127 βασιλείαν
1462 1054 1820 1123 ἀγνωμονεῖν.

220 1153 395 1226 Πρὸς
447 1151 621 1206 ταῦτα
670 1152 761 1205 τὸν
821 1151 1023 1205 Γαῖνᾶν
1086 1149 1240 1203 οὐδὲν
1295 1146 1515 1219 καίριον
1547 1147 1825 1211 ἀντειπεῖν

220 1245 462 1316 ἔχοντα,
510 1246 806 1316 προκρῖναι
846 1242 946 1314 τὴν
1013 1242 1262 1307 σιωπήν·
1297 1238 1579 1310 θαυμάσαι
1620 1238 1676 1291 δὲ
1729 1237 1825 1291 καὶ

221 1335 476 1407 βασιλέα
505 1335 600 1390 καὶ
630 1336 758 1399 τοὺς
778 1336 909 1405 περὶ
933 1333 1116 1395 αὑτὸν,
1145 1333 1219 1395 ὡς
1242 1333 1302 1385 ὲν
1335 1331 1502 1401 ὀλίγῳ
1522 1331 1581 1384 τὸ
1624 1327 1826 1400 πολύρ-

226 1431 316 1501 ρη
330 1446 427 1498 μον
455 1428 554 1497 τῆς
581 1427 927 1499 βαρϐαρικῆς
951 1424 1239 1495 πεφίμωτο
1296 1422 1644 1496 προπετείας.
1680 1420 1825 1491 Χρό-

219 1537 340 1576 νου
357 1522 415 1576 δὲ
445 1523 503 1575 ἐν
538 1520 615 1591 τῷ
645 1520 848 1590 μεταξὺ
885 1519 1205 1581 διελθόντος,
1229 1519 1295 1589 ἣν
1325 1517 1353 1570 ὁ
1378 1517 1571 1580 Γαῖνᾶς
1599 1517 1663 1569 ὲκ
1697 1514 1827 1568 πολ-

220 1612 344 1668 λοῦ
375 1613 532 1668 ὥδινε
563 1613 859 1684 τυραννίδα
894 1613 974 1675 είς
1011 1612 1179 1683 μέσον
1210 1607 1532 1678 ἐξενεγκὼν,
1560 1607 1631 1661 τὰ
1687 1608 1825 1680 πρὸς

223 1708 471 1782 Θρᾴκην
499 1726 554 1762 τε
585 1709 681 1762 καὶ
712 1694 1051 1762 Μακεδονίαν
1076 1706 1291 1778 περιῄει
1320 1704 1675 1775 κατατρέχων
1718 1722 1826 1774 χω-

230 1801 368 1871 ρία,
393 1801 489 1855 καὶ
518 1801 622 1872 ὅλῳ
655 1800 776 1855 ποδὶ
827 1797 1167 1872 λῃῖζόμενος.
1197 1797 1440 1867 Μηδενδς
1465 1797 1522 1850 δὲ
1557 1797 1695 1868 μήτε
1727 1795 1826 1849 πό-

224 1894 412 1965 λεμον
428 1892 665 1964 ἄρασθαι
696 1890 830 1962 πρὸς
852 1891 1036 1953 αύτδν,
1057 1890 1193 1959 μήτε
1216 1887 1509 1959 πρεσϐείαν
1549 1888 1823 1959 διακηρύ-

226 1985 549 2040 κεύσασθαι
577 1983 926 2058 θαρροῦντος,
951 1982 985 2052 ἡ
1006 1978 1229 2050 γενναία
1258 1979 1439 2049 ἐκείνη
1465 1979 1611 2051 ψυχὴ
1640 1979 1733 2033 καὶ
1747 1978 1825 2049 τῷ

226 2078 379 2149 θείῳ
401 2077 766 2147 πεφραγμένη
802 2074 973 2146 φόϐῳ,
1011 2073 1177 2144 μηδὲν
1206 2072 1669 2143 ὑπολογισαμένη,
1688 2074 1825 2143 μήτε

223 2166 344 2239 τὴν
368 2168 471 2238 πρδ
489 2165 583 2219 τοῦ
603 2165 890 2236 διαφορᾶν,
923 2163 1049 2234 μήτ’
1088 2162 1218 2217 ἄλλο
1246 2162 1378 2226 τῶν,
1430 2162 1531 2215 ὅσα
1571 2161 1826 2232 θράττειν

224 2254 355 2315 οἶδε
383 2258 476 2312 καὶ
504 2259 687 2312 πτοεῖν
715 2256 1006 2330 ἀνθρώπου
1039 2255 1238 2327 ψυχὴν,
1273 2256 1514 2325 αἱρεῖται
1560 2255 1661 2325 τὴν
1691 2254 1826 2325 πρδς

225 2350 409 2405 αὐτὸν
439 2350 643 2420 ἄφιξιν,
671 2349 956 2422 ἄνθρωπος
986 2347 1191 2418 ἡσυχίᾳ
1231 2346 1469 2419 τοσαύτῃ
1509 2342 1825 2418 σύντροφος,

225 2444 339 2497 καὶ
374 2441 541 2513 μηδὲν
570 2440 812 2495 τοιοῦτον
852 2438 977 2494 ἰδὼν
1011 2439 1354 2501 κινδυνῶδες,
1381 2439 1414 2510 ἦ
1448 2437 1640 2509 ἄγριόν
1663 2455 1714 2490 τι
1732 2437 1827 2492 καὶ

230 2536 500 2607 μανικόν.
528 2535 734 2602 Ἐξεισι
783 2514 880 2604 μὲν
906 2529 1000 2587 οὖν
1030 2535 1112 2597 είς
1166 2532 1326 2585 αὐτὸν
1359 2531 1505 2601 μάλα
1528 2531 1827 2603 προθύμως

226 2626 348 2700 τὴν
382 2627 522 2695 ὑπὲρ
580 2628 799 2681 πάντων
851 2625 1151 2699 πρεσϐείαν
1202 2623 1583 2695 ποιησόμενος.
1631 2623 1722 2687 Ὠς
1769 2624 1826 2678 δὲ

224 2720 346 2791 ἢδη
376 2719 600 2788 πλησίον
620 2713 689 2791 ἦν
720 2719 1032 2791 (ἐπορεύετο
1088 2718 1145 2772 δὲ
1208 2718 1359 2772 κάτω
1390 2717 1582 2780 νεύων,
1616 2717 1675 2769 ὲν
1707 2715 1829 2785 ἤθει

233 2813 351 2882 μὲν
386 2809 732 2883 προσεκτικῷ
778 2813 872 2867 καὶ
901 2807 1134 2882 κοσμίῳ,
1182 2809 1473 2881 βαδίσματι
1509 2808 1567 2863 δὲ
1596 2812 1829 2882 σχολαίῳ

230 2905 342 2958 καὶ
371 2903 612 2976 γαληνῷ,
644 2907 789 2977 σαφῆ
821 2905 920 2975 τῆς
969 2903 1172 2977 ἀρετῆς
1205 2904 1325 2976 ῖχνη
1359 2905 1426 2974 τῇ
1476 2902 1601 2972 seu
1633 2902 1824 2975 διαση-

237 2994 506 3066 μαίνων),
537 2998 565 3050 ὁ
604 2995 878 3068 βάρϐαρος
909 2995 1072 3050 αύτδν
1100 2995 1435 3066 θεασάμενος
1465 2994 1629 3060 εὐθύς
1656 2995 1826 3051 τετοῦ

234 3087 424 3159 θυμοῦ
459 3089 635 3161 ὑφῆκε
664 3089 759 3144 καὶ
782 3090 989 3161 ἥμερον
1007 3088 1221 3159 ἔϐλεψε,
1241 3088 1333 3142 τοῦ
1364 3090 1657 3161 οἰδήματος
1678 3089 1827 3162 αύτῷ

232 3180 344 3251 τῆς
362 3180 543 3263 ψυχῆς
571 3180 949 3245 συσταλέντος.
984 3180 1169 3252 Ἰκανὴ
1191 3179 1301 3251 γὰρ
1325 3179 1558 3253 σώφρων
1591 3179 1714 3252 ὄψις
1733 3182 1828 3235 καὶ

1926 679 2238 746 hendenda,
2288 691 2344 736 et
2371 697 2492 752 quae
2541 697 2650 737 non
2674 682 2877 754 justam
2906 683 3103 740 habeat
3131 685 3498 754 occasionem,
3584 705 3590 710 '

1926 787 2049 829 cum
2077 772 2205 829 belli
2245 773 2489 845 pericula
2537 776 2783 847 quotidie
2811 776 3025 839 adeam,
3082 786 3138 834 et
3188 778 3500 848 reipublicae

1926 864 2215 920 utilitatem
2246 858 2372 921 vitae
2400 883 2534 924 mea:
2550 870 2859 939 praeferam.
2892 872 2999 937 Sed
3019 874 3208 938 habes,
3227 875 3498 947 ooptime,

1925 954 2369 1027 inquitsanctus,
2411 959 2667 1017 laborum
2719 978 2831 1018 non
2886 964 3128 1021 minores
3182 983 3501 1025 remunera-

1926 1046 2437 1121 tiones;siquidem
2465 1066 2526 1106 es
2549 1052 2658 1107 dux
2713 1055 3008 1122 exercitus,
3055 1065 3111 1111 et
3157 1058 3500 1114 consularem

1927 1141 2191 1198 honorem
2251 1159 2311 1199 es
2360 1155 2663 1217 assecutus.
2726 1144 2909 1203 Satius
2954 1156 3134 1204 autem
3181 1150 3345 1207 fuerit
3396 1152 3503 1208 hoc

1925 1250 2142 1306 quoque
2192 1237 2559 1301 considerare,
2649 1253 2811 1308 quam
2869 1250 3027 1296 antea
3074 1241 3292 1310 quidem
3351 1259 3504 1300 esses

1927 1329 2196 1385 obscurus
2238 1338 2294 1385 et
2350 1329 2627 1402 ignobilia,
2666 1341 2904 1402 quantus
2932 1349 3059 1390 vero
3096 1335 3167 1390 sit
3201 1352 3347 1391 nune.
3378 1347 3503 1393 tuus

1881 1503 1885 1507 ν
1929 1421 2187 1491 splendor
2207 1431 2263 1477 et
2299 1431 2500 1492 quanta
2534 1423 2704 1493 gloria
2733 1440 2745 1479 :
2780 1433 2836 1479 et
2865 1435 3067 1496 quanta
3100 1428 3322 1496 quidem
3358 1437 3505 1484 esset

1926 1523 2086 1569 antea
2108 1524 2424 1584 paupertas.
2449 1517 2669 1586 quantis
2695 1526 2879 1572 autem
2911 1534 3058 1574 nunc
3088 1519 3334 1576 abundes
3359 1521 3502 1576 divi-

1927 1607 2037 1662 tiis.
2059 1606 2173 1663 Hoc
2201 1616 2252 1663 te
2284 1608 2633 1679 cogitantem,
2670 1618 2884 1680 oportet
2918 1626 3037 1666 esse
3069 1611 3416 1674 benevolum,
3447 1622 3504 1669 et

1929 1716 2039 1756 non
2066 1716 2187 1757 esse
2217 1701 2486 1773 ingratum
2520 1702 2573 1757 in
2594 1704 3061 1774 imperium,quod
3088 1713 3139 1760 te
3156 1707 3236 1762 sic
3267 1707 3504 1761 honora-

1880 1798 1889 1803 '
1928 1794 2027 1862 vit,
2069 1804 2121 1850 et
2143 1794 2410 1849 nonabco
2437 1804 2626 1864 petere
2662 1811 2782 1867 qua:
2809 1813 2919 1852 non
2948 1798 3094 1854 licet.
3125 1798 3261 1853 Cum
3288 1800 3355 1854 ad
3389 1799 3504 1856 haec

1929 1883 2065 1940 nihil
2100 1886 2324 1942 haberet
2361 1886 2583 1954 Gainas,
2616 1888 2759 1958 quod
2789 1898 2914 1959 apte
2953 1890 3330 1960 responderet,
3366 1907 3506 1962 pra:-

1851 1956 1901 2017 Β
1932 1978 2054 2033 tulit
2105 1978 2381 2034 silentium
2425 1996 2439 2033 :
2486 1987 2549 2034 ut
2583 1956 2675 2051 qui
2707 1956 2938 2052 pulchre
2987 1956 3166 2052 reipsa
3198 1956 3501 2053 didicisset,

1930 2085 1990 2125 se
2019 2069 2076 2124 in
2109 2070 2285 2126 virum
2342 2070 2620 2135 incidisse,
2653 2072 2746 2143 qui
2779 2088 2891 2128 non
2930 2073 3113 2130 minus
3150 2085 3334 2145 posset
3382 2090 3505 2130 ver-

1929 2180 2051 2221 sare
2077 2166 2337 2237 linguam,
2364 2181 2525 2236 quam
2576 2166 2692 2237 ipse
2737 2167 2995 2237 gladium.
3054 2167 3368 2224 Admiratus
3420 2179 3506 2223 est

1928 2268 2110 2313 autem
2142 2257 2439 2330 imperator
2465 2268 2521 2315 et
2547 2258 2642 2330 qui
2668 2258 2921 2335 aderant,
2973 2259 3118 2330 quod
3151 2269 3260 2315 tam
3317 2262 3505 2330 paucis

1929 2352 2226 2408 barbariem
2255 2351 2578 2408 temeritatis
2621 2351 2890 2407 refrenata
2940 2352 3133 2410 fuisset
3184 2354 3502 2424 loquacitas.

1928 2444 2067 2501 Cum
2100 2453 2281 2500 autem
2314 2445 2973 2515 aliquantumeflluxisset
2997 2446 3276 2517 temporis.
3304 2445 3506 2502 Gainas

1928 2553 2092 2610 quam
2119 2539 2226 2609 jam
2253 2538 2346 2593 diu
2370 2537 2708 2608 parturiebat
2737 2539 3097 2609 tyrannidem,
3124 2548 3311 2609 aperte
3334 2540 3504 2596 edens

1931 2630 2208 2694 inlucem,
2254 2630 2308 2684 in
2346 2619 2581 2684 Thracia
2617 2637 2673 2684 et
2695 2629 3012 2685 Macedonia
3042 2628 3276 2685 faciebat
3315 2631 3502 2687 incur-

1930 2719 2115 2775 siones
2145 2734 2240 2775 eas
2257 2712 2545 2790 populares
2566 2728 2619 2774 et
2640 2720 2850 2790 praedas
2875 2735 2942 2775 ex
2972 2721 3052 2776 eis
3075 2737 3260 2793 agens.
3292 2723 3504 2779 Adver-

1931 2826 2024 2867 sus
2040 2827 2203 2881 quem
2232 2827 2355 2866 cum
2379 2827 2540 2866 nemo
2556 2812 2784 2868 auderet
2804 2828 2904 2868 nec
2923 2813 3124 2868 bellum
3144 2813 3355 2869 fortiter
3379 2829 3503 2869 sus-

1932 2902 2135 2975 cipere,
2161 2920 2264 2960 nec
2291 2904 2436 2974 apud
2473 2920 2597 2960 eum
2623 2903 2770 2976 fungi
2808 2904 3093 2976 legatione,
3126 2920 3389 2976 generosa
3412 2905 3504 2962 illa

1930 2997 2112 3052 anima
2141 3007 2197 3053 et
2220 2997 2407 3053 divino
2436 3004 2580 3052 metu
2612 3005 2848 3063 armata,
2883 3012 3061 3067 neque
3104 2997 3299 3054 timens
3355 2999 3505 3069 prio-

1927 3106 2042 3148 rem
2072 3092 2219 3147 illius
2247 3107 2368 3147 cum
2389 3090 2510 3162 ipso
2538 3090 2964 3155 contentionem,
2999 3105 3177 3162 neque
3204 3090 3503 3162 quidquam

1928 3197 2140 3248 eorum,
2160 3197 2282 3254 quae
2303 3181 2478 3238 solent
2502 3181 2745 3236 animum
2797 3181 3046 3252 frangere
3090 3191 3144 3236 et
3176 3169 3503 3251 perterrere,

232 3273 451 3344 κοσμία
477 3274 813 3338 κατάστασις
844 3273 1121 3345 ὀφθαλμόν
1156 3289 1216 3327 τε
1254 3274 1445 3345 ἄγριον
1477 3273 1822 3342 ίλεώσασθαῑ,

1929 3275 1991 3331 ad
2014 3291 2138 3330 eum
2171 3274 2362 3330 statuit
2390 3273 2699 3345 proficisci:
2744 3274 2909 3329 homo
2951 3274 3003 3328 in
3058 3289 3270 3328 summa
3297 3273 3507 3345 quiete

233 3366 341 3419 καὶ
372 3364 506 3420 αίδὼ
532 3366 626 3421 καὶ
669 3365 834 3430 σέϐας
864 3366 944 3430 είς
980 3364 1082 3438 τὴν
1131 3364 1308 3436 ψυχὴν
1345 3365 1624 3435 ἐμϐαλεῖν.
1651 3365 1826 3420 Αὐτὸν

230 3457 297 3511 δὲ
366 3458 464 3511 καὶ
521 3458 640 3520 δέος
698 3457 951 3526 εἰσῆλθεν
1007 3457 1429 3530 ὑπομνησθέντα
1511 3458 1827 3531 παρρησίας

234 3548 464 3619 ἑκείνης
501 3549 891 3622 καὶνγλώττης,
915 3552 983 3624 ἣν
1010 3549 1070 3605 εὖ
1108 3552 1314 3614 ἐκεῖνος
1365 3548 1565 3620 μᾶλλον
1593 3549 1825 3622 ἔστρεφε

234 3640 368 3695 κατ’
389 3640 577 3709 αὐτοῦ,
609 3640 832 3712 ἥ-αύτδς
863 3643 1033 3697 ἐκίνει
1069 3643 1131 3698 τὸ
1160 3643 1288 3715 δόρυ
1320 3643 1459 3715 πρὸς
1511 3642 1823 3714 πολεμίους.

235 3735 345 3788 Διά
375 3731 547 3788 ταῦτα
568 3733 701 3803 γοῦν
724 3735 819 3789 καὶ
840 3737 1199 3807 προσυπὴντα
1226 3736 1322 3789 καὶ
1348 3734 1709 3806 προσέπιπτε.
1730 3735 1828 3789 καὶ

234 3826 342 3898 τῆς
373 3825 540 3880 αὐτοῦ
570 3826 869 3897 λαϐόμενος
901 3827 1104 3893 δεξιᾶς,
1140 3830 1255 3892 τοῖς
1297 3826 1598 3899 ὀφθαλμοῖς
1653 3826 1827 3899 αὐτὴν

236 3919 321 3982 ὡς
379 3919 720 3987 ἁγιάσουσαν
748 3919 1016 3975 ἐπετίθει.
1047 3919 1193 3992 Πρὸς
1232 3920 1289 3974 δὲ
1323 3921 1418 3976 καὶ
1469 3921 1594 3985 τοὺς
1628 3919 1826 3984 παῖδας

239 4010 356 4080 πρὸ
392 4007 500 4065 τῶν
548 4010 725 4064 ποδῶν
773 4010 940 4064 αὐτοῦ
973 4012 1084 4066 τῶν
1133 4011 1303 4078 ἁγίων
1355 4011 1578 4065 πίπτειν
1628 4010 1825 4066 ἐποίει.

238 4097 384 4155 Εἶτα
440 4094 641 4170 λόγων
681 4102 773 4155 καὶ
822 4100 1201 4172 παραινέσεως
1257 4101 1531 4172 ήδυτάτης
1588 4100 1828 4165 ἀκούσας

238 4193 496 4247 πείθεται
519 4194 738 4267 ῥαδίως,
773 4194 870 4247 καὶ
895 4194 994 4267 τὴν
1012 4193 1216 4266 ἔχθραν
1249 4194 1442 4261 λύσας,
1468 4194 1825 4259 ὑπόσπονδος.

241 4287 440 4357 ὥσπερ
472 4288 709 4358 πρῶτον,
736 4288 1029 4356 Ῥωμαίοις
1063 4289 1157 4340 καὶ
1189 4288 1343 4357 φίλος
1384 4287 1618 4355 γίνεται.
1672 4285 1831 4340 Οὕτω

239 4379 512 4443 πολλάκις
552 4379 826 4449 αἰδέσιμος
867 4379 1012 4449 ὄψις,
1067 4380 1160 4433 καὶ
1211 4379 1387 4447 λόγων
1438 4379 1694 4448 εὐκαιρία
1733 4380 1830 4432 καὶ

244 4469 489 4532 σύνεσις,
536 4467 572 4522 ἃ
604 4472 679 4539 μὴ
713 4469 963 4538 πολέμων
993 4468 1196 4521 ἔπαυσε
1248 4467 1361 4538 βία,
1410 4468 1608 4540 ῥαδίως
1649 4467 1828 4539 ·ῆνυσε

241 4560 344 4615 καὶ
375 4561 758 4633 κατώρθωσεν.
796 4561 955 4615 Ἀλλὰ
1009 4560 1103 4614 νῦν
1135 4561 1234 4632 μὲν
1272 4560 1415 4615 οὕτω
1440 4562 1539 4632 τῆς
1582 4562 1827 4616 Ἰωάννου

1927 3371 2213 3435 educatus,
2244 3377 2299 3424 et
2329 3367 2423 3439 qui
2461 3367 2671 3422 nullum
2710 3382 2952 3438 unquam
2985 3367 3091 3422 tale
3115 3365 3324 3422 viderat
3360 3365 3505 3437 peri-

1929 3462 2112 3519 culum
2134 3476 2238 3516 nec
2278 3461 2440 3516 talem
2486 3460 2983 3531 perturbationem.
3021 3460 3199 3529 Atque
3229 3458 3507 3529 egreditur
3584 3468 3603 3479 “

1927 3552 2145 3625 quidem
2166 3551 2325 3606 valde
2353 3550 2520 3606 alacri
2538 3551 2738 3615 animo,
2769 3551 2884 3621 ipse
2922 3549 3194 3620 legatione
3217 3548 3505 3605 functurus

1928 3661 2030 3717 pro
2051 3645 2328 3701 omnibus.
2362 3643 2498 3698 Cum
2516 3658 2645 3698 vero
2671 3642 2783 3714 jam
2836 3643 3143 3707 accederet,
3198 3641 3505 3696 ambularet

1928 3747 2109 3794 autem
2140 3746 2339 3793 terram
2372 3736 2613 3799 intuens,
2636 3743 2787 3808 gestu
2818 3735 3037 3806 quidem
3091 3735 3240 3805 gravi
3304 3746 3359 3792 et
3408 3736 3506 3792 ho-

1929 3837 2110 3893 nesto,
2141 3813 2361 3884 incessu
2397 3842 2529 3882 vero
2575 3826 2728 3882 tardo
2771 3836 2827 3882 et
2859 3825 3168 3896 tranquillo,
3217 3825 3505 3882 manifesta

1930 3921 2147 3979 virtutis
2174 3921 2397 3993 vestigia
2437 3919 2493 3974 in
2526 3919 2675 3974 vultu
2705 3918 3037 3990 significans,
3100 3918 3367 3975 Barbarus
3400 3918 3507 3975 hoc

1931 4015 2226 4086 aspiciens,
2269 4030 2377 4068 non
2413 4013 2650 4084 amplius
2684 4021 2804 4068 erat
2859 4010 3132 4066 Barbarus
3164 4010 3298 4065 :sed
3321 4013 3504 4066 statim

1931 4117 1988 4163 et
2015 4108 2148 4161 iram
2187 4106 2414 4172 remisit,
2458 4114 2512 4162 et
2541 4105 2754 4177 placide
2806 4104 3039 4176 aspexit,
3095 4114 3308 4159 tumore
3338 4100 3508 4157 animi

1932 4198 1982 4254 ei
2011 4198 2412 4267 quodammodo
2429 4211 2747 4267 compresso
2773 4206 2880 4251 tam
2917 4195 3201 4250 moderato
3251 4203 3307 4249 et
3357 4203 3508 4248 tran-

1931 4288 2097 4359 quillo
2124 4288 2451 4358 spectaculo.
2482 4286 2792 4353 Quinetiam
2861 4302 2985 4341 eum
3036 4301 3252 4356 quoque
3308 4284 3506 4339 invasit

1934 4379 2117 4446 timor,
2148 4381 2492 4436 recordatum
2551 4380 2696 4434 illius
2723 4380 2937 4434 dicendi
2968 4379 3255 4442 libertatis,
3302 4384 3358 4431 et
3413 4375 3506 4445 qui

1933 4472 2224 4542 perterreri
2250 4470 2474 4525 minime
2492 4477 2673 4540 potest
2706 4469 2951 4540 spiritus.
2983 4479 3030 4522 et
3064 4467 3349 4522 verborum
3385 4480 3506 4535 qua:

1932 4565 2078 4621 vires
2111 4562 2314 4617 habent
2338 4576 2403 4616 ex
2434 4560 2687 4625 veritate,
2713 4567 2768 4614 et
2793 4576 2913 4631 quae
2942 4561 3098 4614 valde
3126 4567 3354 4628 possunt
3378 4559 3503 4613 ani-

244 4654 508 4726 ἡττηθεὶς
551 4654 755 4725 ἀρετῆς
815 4655 914 4709 καὶ
945 4655 1224 4725 γλώττης,
1254 4654 1325 4707 τὰ
1369 4655 1512 4710 ὅπλα
1547 4653 1826 4723 καταθεὶς,

1939 4672 2087 4713 mum
2117 4655 2383 4710 sauciare.
2415 4653 2709 4723 Propterea
2759 4667 2889 4724 ergo
2917 4652 2966 4707 ei
2999 4651 3267 4722 precessit
3289 4651 3504 4708 obviam

244 4748 474 4819 εἰρήνην
504 4748 627 4819 ἔσχε
661 4749 796 4819 πρὸς
830 4746 1056 4819 βασιλέα
1078 4765 1090 4777 ·
1129 4749 1246 4821 μετ’
1281 4750 1340 4803 ού
1380 4750 1515 4805 πολὺ
1559 4751 1616 4804 δὲ
1668 4768 1836 4805 κακο-

1932 4758 1989 4804 et
2015 4750 2080 4802 ad
2132 4746 2298 4817 pedes
2328 4743 2561 4816 procidit
2590 4763 2605 4799 :
2633 4752 2688 4798 et
2720 4757 3008 4798 assumens
3039 4742 3159 4813 ejus
3200 4741 3499 4809 dexteram,

245 4839 445 4908 ηθείας
496 4840 598 4909 τῆς
627 4842 896 4913 προτέρας
929 4841 1321 4912 ὑπομνησθεὶς,
1373 4842 1466 4896 καὶ
1514 4842 1692 4911 φυγὰς
1744 4841 1826 4896 διὰ

1932 4841 2246 4914 imponebat
2276 4838 2449 4896 oculis
2503 4847 2755 4907 tanquam
2811 4835 3287 4891 sanetifieaturam.
3360 4834 3507 4890 Prae-

200 4972 208 4977 .
247 4931 472 5005 Ορᾀκης
496 4933 805 5004 γενόμενος,
837 4934 916 5005 τῷ
931 4934 1223 5005 Ῥωμαῖκῴ
1239 4934 1455 5005 στρατῷ
1489 4936 1830 5007 περιπίπτει,

250 5028 347 5080 καὶ
398 5025 575 5091 οὕτως
622 5026 738 5097 ἃμα
767 5029 881 5091 τοῖς
909 5027 1088 5091 ἄλλοις
1120 5030 1474 5091 στασιασταῖς
1504 5027 1830 5113 ἁτξρλλυται.

1937 4945 2082 4990 terea
2115 4942 2299 4989 autem
2330 4930 2470 4985 filios
2504 4944 2721 4999 quoque
2767 4927 2892 4982 fecit
2925 4926 3203 4996 procidere
3232 4934 3360 4980 ante
3383 4940 3510 4980 san~

1932 5035 2051 5082 etos
2079 5025 2201 5096 ejus
2247 5023 2437 5094 pedes.
2489 5020 2696 5077 Deinde
2735 5035 2859 5075 cum
2897 5019 3065 5073 verba
3106 5027 3162 5073 et
3196 5018 3349 5072 valde
3382 5034 3511 5072 sua-

263 5117 429 5173 Ἀλλὰ
469 5120 541 5173 τὰ
578 5120 677 5189 μὲν
708 5119 848 5172 κατά
889 5120 1090 5174 Γαῖνᾶν
1121 5117 1286 5186 οὕτω,
1319 5120 1414 5173 καὶ
1438 5111 1612 5173 ταῦτα
1642 5119 1696 5173 δὲ
1723 5120 1826 5174 τῶν

1932 5135 2053 5175 vcm
2108 5117 2372 5172 audiisset
2414 5112 2865 5176 admonitionem,
2908 5112 3067 5169 facile
3117 5111 3509 5182 persuadetur:

251 5208 467 5262 πολλῶν
498 5210 675 5279 ὀλίγα.

1930 5219 1985 5265 et
2032 5207 2262 5263 sublatis
2311 5204 2635 5268 inimicitiis,
2695 5204 2755 5260 tit
2809 5203 3093 5270 Romanis,
3141 5202 3284 5258 sicut
3335 5201 3509 5273 prius,

251 5301 552 5358 fuederatus
578 5315 632 5360 et
653 5304 884 5360 amicus.
927 5305 1004 5360 lta
1050 5320 1431 5376 saepenumero
1477 5306 1823 5362 venerandus
1908 5306 2115 5370 vultus,
2146 5313 2201 5359 ct
2265 5303 2642 5373 opportunitas
2669 5309 2724 5356 et
2754 5300 3045 5373 prudentia
3075 5298 3358 5362 orationis,
3391 5315 3511 5369 quae

251 5396 339 5452 vis
371 5399 492 5453 belli
517 5415 628 5453 non
652 5398 847 5468 potuit,
875 5397 1035 5453 facile
1090 5399 1417 5467 eﬂecerunt,
1472 5408 1529 5455 et
1583 5401 1698 5457 visa
1746 5409 1831 5456 est
1868 5400 1988 5471 plus
2053 5398 2293 5469 potuisse
2354 5396 2553 5461 oratio,
2589 5412 2751 5467 quam
2803 5396 3031 5467 gladius.
3069 5393 3174 5450 Sed
3200 5409 3348 5449 nunc
3393 5391 3513 5463 qui-

255 5490 382 5546 dem
406 5493 484 5549 sic
512 5493 742 5549 victusa
798 5493 1001 5548 virtute
1053 5501 1111 5547 et
1178 5493 1363 5563 lingua
1414 5494 1661 5562 Joannis,
1704 5495 1966 5565 depositis
2019 5493 2209 5558 armis,
2271 5504 2462 5562 pacem
2522 5497 2606 5544 est
2647 5488 2946 5560 amplexus.
3001 5487 3116 5542 Non
3173 5485 3344 5541 multo
3387 5493 3514 5554 post

256 5603 441 5645 autem
464 5590 553 5645 illa
604 5590 759 5645 valde
806 5588 986 5645 dulcia
1052 5596 1107 5644 et
1160 5604 1326 5644 aurea
1384 5590 1570 5654 verba,
1632 5600 1807 5657 erant,
1860 5599 1921 5646 ut
1952 5604 2075 5644 cum
2135 5586 2317 5643 divina
2391 5585 2677 5655 Scriptura
2740 5583 2937 5650 dicam,
2967 5583 3183 5637 inaures
3228 5595 3410 5636 aureae
3457 5580 3511 5635 in

257 5697 390 5737 anre
416 5682 585 5753 porci,
610 5690 667 5736 et
714 5679 967 5751 Ethiops
1005 5680 1226 5750 quidem
1265 5695 1375 5737 non
1434 5681 1667 5736 mutavit
1735 5682 1932 5752 pellem
1987 5682 2053 5747 “,
2120 5688 2175 5735 ct
2238 5677 2359 5735 felis
2393 5676 2598 5734 eroeoti
2632 5670 2818 5741 oblita,
2861 5682 3147 5747 persecuta
3189 5680 3361 5728 estea
3389 5686 3512 5742 quas

258 5785 658 5834 consueverat:
692 5783 749 5832 et
769 5777 887 5848 ipse
923 5789 1140 5847 quoque
1201 5774 1442 5847 priorem
1483 5777 1857 5852 complectens
1893 5776 2318 5851 improbitatem,
2341 5787 2533 5830 rursus
2597 5784 2718 5828 cum
2774 5767 2894 5824 aliis
2941 5765 3127 5823 obibat
3196 5762 3509 5834 Thraciam,

338 5918 385 6001 ξ’
407 5919 568 5996 Prov.
597 5936 675 5989 ιι,
705 5919 777 5975 22
807 5936 821 5988 ;
852 5917 1057 5975 Jcrem.
1085 5932 1204 5986 xm,
1235 5916 1325 5974 23.
