3834 6510
377 386 514 458 1119

370 522 460 561 res
517 517 685 558 novas
749 502 978 558 moliens
1037 519 1050 555 :

1565 390 1852 453 MENSIS
1881 392 2343 460 JANUABIUS.

249 579 264 598 ‘
370 522 460 561 res
517 517 685 558 novas
749 502 978 558 moliens
1037 519 1050 555 :
1143 499 1317 556 donec
1411 497 1464 552 in
1532 498 1906 558 Romanorum
1983 504 2286 568 exercitum
2362 506 2560 574 incidit
2639 524 2764 578 cum
2837 511 2960 572 aliis
3043 513 3374 576 seditiosis;
3435 527 3498 575 ει
3553 521 3648 578 είς

369 596 548 651 malus
575 593 668 656 ille
701 594 842 650 male
892 595 1055 665 perit.
1119 590 1226 646 Sed
1281 605 1370 644 res
1398 588 1620 660 quidem
1679 589 1866 649 Gaium
1931 590 2010 655 sic
2048 607 2107 650 se
2146 593 2490 666 habuerunt;
2525 607 2584 654 et
2619 597 2740 656 haec
2761 599 2981 672 quidem
3029 603 3273 670 diximus
3324 621 3506 678 pauca
3566 621 3642 664 ex

3481 407 3648 478 1120

369 689 579 753 multis,
615 698 882 762 quantum
907 687 1040 743 satis
1077 685 1243 742 fuerit
1277 683 1345 740 ad
1395 683 1805 756 signiﬁcandam
1839 685 1956 756 eius
1995 687 2430 757 perversitatem,
2470 700 2526 747 et
2549 693 2732 765 magni
2780 693 2924 751 illius
2946 695 3044 750 viri
3075 697 3359 754 virtutem.

438 785 608 844 XXX.
637 786 901 841 Similiter
917 793 1097 838 autem
1116 797 1214 856 pro
1231 780 1614 836 ecclesiasticis
1633 795 1948 852 quoquere-

2122 785 2201 839 A'.
2231 785 2326 850 Τίς
2353 787 2410 841 δὲ
2437 789 2535 861 τὴν
2559 788 2700 864 ὑπὲρ
2737 791 2847 846 τῶν
2876 792 3348 865 ἐκκλησιαπικῶν
3386 797 3642 854 κανόνων

367 881 508 954 gulis
526 880 788 941 studium.
807 887 863 933 et
881 893 1039 946 quem
1065 891 1163 948 pro
1186 875 1318 946 ipsis
1342 874 1577 930 habebat
1602 875 1802 939 zelum,
1827 875 1945 929 sine

367 963 592 1048 gulatim
632 971 850 1042 quidem
873 960 1041 1024 nemo
1071 975 1252 1038 potest
1275 966 1571 1038 explicare.
1614 965 1723 1021 Sed
1763 973 1946 1020 tamen

370 1057 722 1138 hoc'quoque
775 1065 984 1135 paucis.
1007 1061 1184 1132 quoad
1209 1061 1328 1134 ejus
1360 1059 1473 1115 ﬁeri
1493 1067 1694 1130 potest,
1717 1057 1946 1112 conabi-

367 1177 490 1217 mur
503 1160 812 1224 ostendere,
835 1168 1090 1227 tanquam
1111 1155 1419 1210 universam
1437 1169 1631 1224 aquam
1661 1151 1826 1205 fontis
1849 1165 1948 1221 per

370 1253 644 1308 modicum
706 1250 992 1304 ﬂuentum.
1076 1246 1212 1302 Cum
1276 1245 1422 1308 enim
1476 1239 1946 1312 Constantinopoli

366 1344 555 1398 Asiani
597 1341 838 1412 episcopi
879 1355 1112 1395 numero
1141 1337 1329 1409 viginti
1377 1337 1485 1392 duo
1527 1352 1650 1390 cum
1685 1335 1787 1390 hoc
1833 1349 1949 1392 ma-

369 1451 476 1506 gno
511 1435 768 1504 pontiﬁce
799 1431 1148 1486 considerent
1191 1429 1358 1502 [Ann.
1392 1428 1542 1498 400],
1581 1435 1806 1499 repente
1837 1441 1946 1482 uno

369 1527 720 1582 sabbatorum
751 1525 1044 1596 episcopus
1071 1523 1294 1595 quidam
1330 1520 1788 1590 Valentinopolis,
1844 1535 1947 1576 no-

365 1620 513 1673 mine
545 1618 834 1682 Eusebius,
875 1633 939 1672 ex
973 1617 1098 1670 odio
1135 1615 1200 1670 ad
1263 1613 1412 1668 illum
1439 1613 1726 1674 accedens.
1761 1627 1948 1683 porre-

366 1713 444 1766 xit
474 1711 684 1766 libellos
707 1710 947 1780 Synodo,
973 1709 1246 1780 quierant
1293 1707 1554 1762 adversus
1584 1705 1942 1767 Antoninum.
1987 1759 1996 1768 _

367 1802 459 1873 qui
489 1812 618 1857 tunc
644 1801 974 1872 Ephesinam
1016 1801 1202 1857 sedem
1249 1798 1686 1856 administrabat.
1743 1797 1947 1852 Deinde

367 1898 530 1962 etiam
569 1899 808 1953 maximo
852 1903 1199 1952 sacramento
1235 1894 1404 1966 adigit
1443 1908 1702 1964 magnum
1743 1891 1947 1948 Christi

366 1989 704 2060 pontiﬁcem.
726 2005 788 2043 ea
814 2004 936 2058 qua:
963 1988 1088 2042 data
1142 1987 1378 2050 fuerant,
1406 2001 1516 2041 non
1545 1986 1738 2040 leviter
1791 1993 1848 2040 et
1888 1985 1946 2039 in

366 2082 600 2138 transitu
638 2089 1017 2146 tractatui-um,
1048 2080 1144 2137 sed
1175 2080 1243 2134 ad
1272 2078 1734 2134 examinationem
1755 2092 1946 2148 quam-

363 2175 600 2244 primum
629 2173 1010 2227 deducturum.
1045 2157 1266 2241 Septem
1291 2180 1472 2224 autem
1501 2169 1772 2242 capitibus
1791 2183 1943 2223 com-
1982 2148 2027 2204 Β

364 2267 638 2340 prehensa
671 2275 788 2322 erat
816 2274 926 2320 tota
985 2265 1280 2330 accusatio.
1307 2263 1398 2319 Sic
1435 2271 1620 2322 autem
1668 2262 1904 2316 habebat
1930 2248 1976 2317 τ’

365 2359 548 2414 Sacris
582 2357 726 2413 vasis
755 2357 1012 2430 pretiosis
1043 2355 1443 2419 transmutatis.
1488 2369 1679 2410 eorum
1716 2354 1942 2409 materia

367 2467 527 2507 nsum
564 2466 684 2505 esse
707 2451 773 2504 ad
801 2465 952 2516 vasa,
999 2466 1117 2522 qua:
1172 2449 1294 2520 ejus
1353 2457 1406 2502 et
1460 2447 1554 2502 ﬁlii
1595 2447 1679 2504 sui
1731 2445 1954 2501 fuerunt

371 2554 698 2614 nuncupata.
728 2543 962 2598 Marmor
987 2559 1178 2600 rursus
1228 2541 1511 2613 accepisse
1542 2557 1607 2596 ex
1649 2541 1797 2595 aditu
1850 2541 1954 2596 ba-

369 2634 620 2705 ptisterii,
652 2643 708 2690 et
740 2634 928 2710 audaci
962 2649 1128 2694 manu
1160 2643 1215 2688 et
1261 2642 1444 2688 mente
1503 2631 1558 2686 in
1613 2632 1809 2686 balneo
1851 2647 1952 2686 suo

369 2727 710 2797 deposuisse.
772 2727 1092 2792 Columnas,
1141 2742 1263 2797 quae
1320 2725 1484 2796 longo
1537 2732 1666 2780 ante
1705 2733 1952 2796 tempore

368 2821 510 2875 intra
546 2820 804 2890 templum
834 2819 1056 2884 fuerant
1089 2819 1362 2884 repositzn,
1409 2818 1463 2879 in
1516 2834 1618 2874 suo
1653 2819 1951 2874 collocasse

369 2912 634 2970 triclinio.
659 2912 829 2967 Suum
872 2912 1041 2966 ﬁlium
1069 2911 1235 2966 caedis
1271 2926 1445 2974 reum,
1482 2925 1589 2968 non
1635 2911 1820 2965 divina
1848 2927 1952 2967 nec

368 3007 604 3062 humana
661 3005 981 3072 reveritum,
1034 3019 1160 3060 cum
1231 3020 1328 3059 sua
1387 3003 1552 3056 nimia
1626 3004 1952 3060 auctoritate

369 3105 698 3154 conservare
725 3098 1206 3167 adhucjmmotum
1240 3097 1292 3151 in
1323 3098 1636 3156 diaconatu.
1708 3097 1942 3168 Praedia,

369 3192 566 3263 inquit.
598 3209 628 3248 a
663 3193 918 3258 Basilina,
963 3208 1084 3262 qua:
1121 3202 1244 3249 erat
1290 3200 1464 3248 mater
1490 3189 1690 3255 Juliaui
1743 3193 1951 3248 abomi-

367 3286 534 3342 nandi
570 3285 937 3356 imperatoris.
964 3285 1220 3340 Ecclesia:
1259 3299 1580 3342 consecrata
1611 3286 1946 3356 vendidisse,

365 3387 422 3436 ct
448 3379 678 3451 pretium
705 3379 806 3434 sibi
841 3394 1155 3450 usurpasse.
1211 3379 1350 3433 Cum
1391 3379 1546 3436 uxori
1605 3395 1702 3434 sua
1753 3390 1949 3452 sponte

2056 877 2310 950 σπουδὴν,
2339 880 2430 941 καὶ
2453 880 2512 935 δν
2541 881 2683 954 ὑπὲρ
2711 883 2890 938 αὐτῶν
2914 881 3027 956 εἶχε
3055 887 3238 958 ζῆλον,
3286 888 3429 942 κατά
3465 888 3644 960 μέρος

2055 970 2290 1042 φράσοις
2349 973 2490 1046 πλὴν
2546 975 2684 1030 ἀλλά
2736 975 2832 1034 καὶ
2880 978 3085 1051 ταύτην
3131 979 3202 1033 δι’
3242 979 3442 1047 ὀλίγων
3471 981 3645 1036 τινῶν

2053 1061 2356 1130 ἀποδεῖξαι,
2387 1052 2465 1129 ὡς
2489 1059 2600 1119 οἷόν
2635 1081 2714 1133 τε,
2762 1069 3159 1142 πειρασόμεθα,
3191 1068 3384 1142 ὥσπερ
3429 1072 3497 1142 δὴ
3546 1071 3646 1129 διὰ

2058 1154 2271 1223 μικρῶν
2311 1155 2572 1225 ναμάτων
2615 1156 2735 1212 ὅλον
2757 1157 2902 1230 ὕδωρ
2934 1160 3140 1234 πηγῆς.
3188 1162 3346 1216 Κατά
3375 1163 3486 1234 γάρ
3534 1163 3644 1233 τὴν

2053 1247 2468 1302 Κωνσταντίνου
2507 1248 2600 1304 τοῦ
2629 1251 2872 1320 μεγάλου
2901 1252 3057 1306 πόλιν
3095 1254 3359 1309 Ἀσιανῶν
3408 1255 3642 1308 ἐπισκά-

2053 1353 2170 1390 πων
2205 1337 2299 1390 δύο
2325 1337 2418 1394 καὶ
2469 1340 2642 1394 εἴκοσι
2694 1342 2785 1394 τὸν
2817 1341 3052 1414 ἀριθμὸν
3074 1342 3268 1408 ὅντων,
3301 1345 3556 1415 ἀρχιερεῖ
3577 1361 3638 1406 τε

2051 1427 2227 1500 τούτῳ
2277 1431 2356 1502 τῷ
2393 1432 2612 1504 μεγάλῳ
2669 1434 3118 1504 συνεδρευόντων,
3151 1437 3304 1504 ἄφνω
3351 1439 3484 1506 μιᾶς
3527 1438 3637 1490 τῶν

2055 1524 2340 1580 σαϐϐάτων
2396 1525 2655 1590 Εὑσέϐιός
2683 1543 2766 1590 τις
2797 1527 3364 1594 Οὐαλεντινουπόλεως
3409 1529 3636 1584 ἐπίσκο-

2037 1612 2156 1680 πος
2205 1615 2491 1688 παρελθὼν
2542 1619 2624 1682 είς
2665 1618 2889 1690 μέσους,
2933 1619 3213 1684 λιϐέλλους
3254 1621 3538 1676 ἐπιδίδωσι
3565 1623 3634 1692 τῇ

2054 1709 2279 1782 συνόδῳ.
2327 1710 2484 1766 Κατά
2519 1710 2837 1766 Ἀντωνίνου
2902 1711 2959 1773 δὲ
3003 1708 3142 1784 ἦσαν
3174 1707 3319 1767 οὗτοι
3375 1713 3473 1765 τοῦ
3533 1713 3634 1778 τῆς

2065 1801 2291 1871 Ἐφέσου
2329 1803 2421 1856 τὶν
2482 1801 2670 1874 θρόνον
2713 1802 3011 1867 διέποντος.
3043 1800 3177 1856 Εἶτα
3221 1807 3316 1857 καὶ
3359 1804 3512 1872 ὅρκῳ
3541 1803 3636 1855 τὸν

2053 1892 2293 1963 Χριστοῦ
2325 1893 2498 1963 μέγαν
2532 1892 2793 1964 ἀρχιερέα
2841 1893 3085 1966 μεγίστῳ
3115 1894 3531 1964 καταλαμϐάνει
3563 1895 3633 1946 τά

2051 1983 2271 2037 δοθέντα
2297 1984 2470 2038 ταῦτα
2511 1984 2586 2056 μὴ
2637 1985 2903 2056 παριδεῖν,
2934 1985 3050 2040 ἀλλ’
3081 1987 3164 2039 ὅτι
3219 1987 3453 2055 τάχιστα
3496 1985 3634 2054 πρὶς

2053 2077 2302 2143 ἐξέτασιν
2353 2080 2618 2146 ἐνεγκεῖν.
2663 2078 2752 2134 Ἐν
2787 2077 2928 2132 έπτά
2982 2077 3038 2131 δὲ
3070 2077 3388 2148 κεφαλαίοις
3419 2077 3632 2138 τούτοις

2053 2175 2114 2228 τὸ
2161 2175 2268 2228 πᾶν
2315 2175 2640 2245 συνείληπτο
2687 2175 2785 2247 τῆς
2817 2175 3182 2246 κατηγορίαςο
3209 2170 3324 2244 εἶχε
3355 2172 3415 2227 δὲ
3445 2171 3592 2228 οὕτω
3612 2188 3630 2204 ⁸

2053 2269 2330 2340 Κειμήλια
2382 2268 2504 2340 ἱερά
2563 2268 3140 2340 μετασκευασάμενος,
3187 2271 3254 2339 τῇ
3308 2267 3491 2322 αὐτῶν
3531 2265 3638 2336 ὕλῃ

2054 2361 2224 2432 σκεύη
2249 2361 2530 2432 ποιήσειεν
2553 2361 2700 2431 αὐτῷ
2722 2379 2779 2414 τε
2801 2361 2897 2415 καὶ
2920 2360 2996 2432 τῷ
3015 2359 3114 2432 υίῷ
3136 2359 3630 2431 κατωνομασμένα.

2052 2453 2396 2522 Μαρμάρους
2444 2447 2600 2514 αὖθις
2661 2453 2760 2520 τῆς
2817 2451 3026 2504 είσὰδου
3084 2451 3182 2520 τῆς
3235 2447 3632 2519 κολυμϐήθρας

2051 2543 2252 2608 λαϐὼν,
2281 2544 2530 2614 τολμηρᾷ
2553 2543 2696 2614 χειρὶ
2716 2541 2795 2614 τῷ
2817 2542 3010 2596 ἑαυτοῦ
3040 2542 3308 2613 κατέθηκε
3339 2541 3630 2613 βαλανείῳ.

2053 2639 2255 2704 Κίονας
2289 2637 2418 2690 εἵσω
2447 2636 2542 2690 τοῦ
2575 2635 2746 2708 ἱεροῦ,
2778 2635 2946 2697 πολὺς
2973 2633 3034 2700 ἐξ
3070 2630 3131 2691 οὗ
3162 2635 3372 2706 χρόνος,
3405 2635 3634 2688 ἀποκει-

2053 2732 2272 2808 μένους,
2307 2731 2386 2801 τῷ
2415 2729 2584 2784 αὐτοῦ
2632 2730 2820 2798 ἔλεγεν
2880 2729 3187 2797 ὑποστῆσαι
3210 2725 3488 2798 τρικλίνῳ.
3529 2725 3638 2779 Τὸν

2053 2824 2167 2878 υἱὸν
2196 2824 2280 2877 τὸν
2304 2823 2499 2880 ἑαυτοῦ
2531 2823 2693 2892 φόνου
2710 2822 3000 2892 φεύγοντα,
3021 2823 3080 2876 οὔ
3109 2821 3250 2886 θεῖα,
3275 2821 3378 2874 οὐκ
3416 2816 3632 2891 ἀνθρώ-

2054 2933 2184 2969 πινα
2213 2915 2420 2979 δείσας,
2444 2913 2588 2967 κατά
2623 2913 2826 2985 πολλὴν
2847 2906 3003 2976 οὗτος
3041 2912 3141 2984 τὴν
3195 2912 3406 2982 τόλμαν
3443 2909 3628 2980 ἀκίνη-

2050 3024 2144 3061 τον
2181 3009 2237 3061 ὲν
2267 3009 2331 3079 τῇ
2389 3007 2636 3078 διακονίᾳ
2680 3007 2849 3061 εἰσέτι
2878 3007 3144 3077 διατηρεῖ.
3175 3003 3386 3076 Χωρία,
3442 3003 3632 3073 φησιν,

2055 3102 2160 3156 ὑπὸ
2195 3100 2482 3172 βασιλίνης
2501 3101 2601 3171 τῆς
2627 3101 2835 3172 μητρὸς
2868 3098 3158 3156 Ἰουλιανοῦ
3211 3098 3311 3157 τοῦ,
3355 3096 3630 3151 ἀπευκτὸ-

2053 3212 2188 3248 τατα
2211 3193 2628 3266 βασιλεύσαντος
2648 3191 3052 3264 καθιερωθέντα
3069 3195 3132 3263 τῇ
3170 3189 3492 3260 Ἐκκλησία,
3520 3207 3629 3241 πω·

2050 3286 2225 3358 λήσας
2259 3283 2413 3350 οὗτος
2436 3285 2753 3350 ἐξιδιώσατο
2783 3285 2881 3348 τάς
2907 3287 3095 3358 τιμάς.
3125 3285 3203 3355 Τῇ
3236 3284 3455 3354 γαμετῇ
3487 3279 3627 3336 κατὰ

2051 3379 2278 3451 γνώμην
2309 3379 2723 3448 ἀποταξάμενος
2764 3378 3048 3450 πρότερον,
3080 3375 3240 3432 πάλιν
3267 3375 3408 3446 αὐτῇ
3446 3374 3630 3428 συνέλ-

365 3472 522 3544 ρτ·ἱιιε
546 3471 941 3536 renuntiasset,
997 3487 1120 3526 cum
1151 3487 1214 3525 ea
1243 3487 1433 3527 rursus
1483 3471 1744 3538 coivisse,
1803 3481 1943 3529 ctex

2054 3475 2158 3534 θοι,
2210 3473 2304 3526 καὶ
2356 3471 2564 3526 παίδων
2605 3471 2789 3543 πατὴρ
2821 3471 2882 3538 ἐξ
2930 3472 3100 3542 αὐτῆς
3149 3472 3382 3540 γένοιτο.
3424 3469 3491 3523 Ἣ
3536 3469 3627 3520 ἐπὶ

363 3581 427 3620 ea
458 3563 597 3621 ﬁlios
620 3565 955 3635 suscepisse.
1009 3563 1103 3619 llis
1147 3565 1404 3620 onmibus
1453 3565 1610 3620 malis
1656 3566 1952 3621 accedebat

367 3655 485 3712 lucc
505 3655 742 3720 coronis,
775 3654 944 3726 quod.
971 3663 1233 3726 tanquam
1289 3656 1361 3710 sit
1391 3655 1600 3711 licitum
1633 3665 1686 3712 et
1717 3657 1950 3728 pennis-

366 3766 508 3818 sum,
537 3765 670 3805 auro
691 3748 891 3805 vendat
913 3748 1293 3819 episcoporum
1324 3749 1719 3815 ordinationes,
1746 3752 1953 3818 adeout

369 3843 606 3912 majores
643 3842 796 3908 ﬁant,
821 3843 914 3912 qui
951 3845 1074 3913 plus
1103 3843 1347 3913 prmbent
1375 3846 1648 3914 pecuniae.
1709 3843 1791 3898 Ad
1832 3843 1951 3900 hare

367 3939 532 3994 homo
561 3937 656 3995 Dei
687 3937 894 4007 placide
924 3937 1216 3992 admodum
1255 3937 1622 4007 et-tranquille
1659 3953 1673 3990 :
1729 3935 1948 4006 Frater,

368 4032 564 4101 inquit,
617 4029 838 4094 Eusebi.
888 4029 975 4092 iis.
1023 4044 1144 4099 qua;
1201 4040 1423 4100 propter
1475 4030 1671 4088 animi.
1707 4031 1948 4086 dolorem

369 4123 527 4190 ﬁunt,
555 4121 1000 4182 accusationibus
1059 4121 1294 4180 maxima
1338 4137 1405 4178 ex
1443 4132 1598 4194 parte
1648 4138 1759 4177 non
1821 4131 1952 4178 sunt

369 4215 558 4274 faciles
587 4203 960 4287 probationes.
993 4213 1276 4278 Mittamus
1297 4229 1426 4286 ergo
1458 4215 1512 4268 in
1539 4215 1757 4285 scriptis
1786 4229 1951 4276 accu-

369 4318 490 4366 sare
518 4309 878 4372 Antoninum.
909 4323 1038 4364 cum
1060 4307 1268 4364 doloris
1293 4308 1489 4364 causas
1529 4310 1804 4378 possimus
1853 4323 1951 4364 cu-

291 4453 301 4485 .l
369 4419 492 4460 rare
525 4403 759 4460 facilius.
791 4401 928 4459 Cum
957 4403 1003 4457 is
1037 4409 1221 4460 autem
1253 4410 1482 4472 repente
1527 4401 1711 4458 verbis
1764 4410 1949 4458 utere-

371 4511 460 4564 tur
505 4501 830 4566 acrioribus,
881 4506 938 4555 et
979 4497 1453 4570 impudentissime
1521 4497 1836 4561 aﬁirmaret.
1890 4513 1950 4556 se

367 4595 517 4652 nulla
573 4593 742 4653 animi
807 4591 1220 4664 perturbatione
1300 4601 1534 4656 motum.
1587 4589 1682 4644 sed
1723 4591 1952 4646 veritate

367 4687 553 4752 omnia
603 4700 886 4750 accusare,
927 4682 1020 4740 dat
1067 4683 1263 4742 beatus
1319 4680 1563 4741 Joannes
1605 4681 1788 4738 locum
1835 4682 1948 4748 iraa,

367 4779 667 4838 arbitratus
711 4775 1024 4836 inimicitias
1077 4790 1202 4834 esse
1251 4789 1474 4830 causam
1535 4773 1947 4832 accusationis:

2050 3566 2262 3632 τούτοις
2295 3568 2429 3620 πᾶσι
2463 3567 2576 3630 τοῖς
2605 3567 2794 3631 κακοῖς
2825 3565 3080 3638 κορωνὶς,
3112 3565 3195 3618 ὅτι
3226 3565 3301 3628 ὡς
3323 3564 3473 3635 νόμῳ
3495 3563 3624 3633 χρῆ-

2051 3648 2141 3714 ται
2173 3659 2545 3730 καιδὸγματι,
2580 3657 2809 3729 χρυσίου
2835 3658 2936 3724 τὰς
2965 3658 3077 3711 τῶν
3103 3657 3417 3711 ἐπισκόπων
3449 3671 3622 3726 χειρο-

2049 3755 2232 3820 τονίας
2263 3758 2485 3820 πωλεῖν,
2521 3755 2630 3809 τῶν
2661 3753 2926 3826 μειζόνων
2953 3753 3076 3824 (ςρεῦ
3113 3752 3156 3825 1)
3187 3751 3489 3822 γινομένων
3520 3749 3621 3804 τῶν

2051 3845 2273 3902 πλείονα
2301 3847 2674 3919 παρεχόντων.
2707 3847 2849 3918 Πρὸς
2884 3846 3057 3907 ταῦτα
3107 3845 3200 3899 τὸν
3227 3845 3323 3901 τοῦ
3355 3843 3490 3898 Θεοῦ
3535 3843 3617 3897 ἄν·

2052 3941 2269 4013 θρωπον
2319 3942 2510 4013 πράως
2545 3957 2660 4006 πως
2711 3941 2776 3996 ἂν
2823 3938 2998 4003 εἴποις
3046 3939 3140 3992 καὶ
3205 3936 3488 4008 γαληνῶς,
3533 3935 3613 3989 ’Δ-

2048 4033 2230 4102 Sales,
2300 4035 2492 4103 φᾶναι,
2550 4029 2798 4098 Εὐσέϐιε,
2847 4032 2971 4094 ταῖς
3033 4029 3120 4086 διὰ
3175 4027 3356 4100 λύπην
3386 4043 3614 4100 κατηγο-

2055 4126 2196 4198 ρίαις
2252 4127 2310 4180 al.
2366 4124 2670 4192 ἀποδείξεις
2720 4125 2822 4180 οὐκ
2875 4124 3140 4199 εὐχερεῖς.
3194 4123 3316 4194 Χρὴ
3363 4117 3458 4176 οὖν
3489 4121 3614 4174 ἀπο-

2053 4199 2247 4288 στῆναι
2277 4217 2372 4276 τοῦ
2424 4218 2720 4288 ἐγγράφως
2775 4219 3104 4286 κατηγορεῖν
3149 4214 3491 4279 Ἀντωνίνου,
3527 4213 3613 4276 τάς

2049 4311 2151 4382 τῆς
2201 4311 2377 4384 λύπης
2445 4311 2626 4374 αἰτίας
2674 4312 2804 4382 ῥᾷον
2851 4309 3034 4366 ἰᾶσθαι
3085 4308 3406 4379 δυναμένων
3446 4307 3612 4378 ἡμῶν.

2051 4405 2160 4460 Τοῦ
2189 4405 2247 4460 δὲ
2297 4404 2477 4473 λόγοις
2528 4403 2886 4476 θερμοτέροις
2934 4401 3242 4475 χρωμένου,
3294 4401 3392 4456 καὶ
3419 4395 3614 4470 ίταμὼ·

2049 4515 2188 4552 τατα
2238 4495 2662 4568 διατεινομένου,
2697 4495 2868 4566 μηδὲν
2908 4495 3050 4550 κατὰ
3088 4492 3280 4556 πάθος,
3323 4491 3460 4548 ἀλλά
3493 4489 3614 4571 πρὸς

2049 4591 2310 4664 ἀλήθειαν
2367 4589 2547 4647 πάντα
2599 4590 2928 4662 κατηγορεῖν
2979 4587 3166 4642 δίδωσι
3191 4585 3358 4640 τόπον
3383 4585 3413 4638 ὁ
3447 4585 3612 4656 μακάο

2053 4701 2168 4755 ριος
2196 4687 2263 4756 τῇ
2289 4683 2452 4756 ὀργῇ,
2473 4681 2772 4753 ἀπέχθειαν
2802 4677 2942 4734 εἶναι
2967 4679 3126 4746 δόξας
3158 4681 3258 4748 τῆς
3290 4677 3618 4748 κατηγορίας

2053 4779 2152 4852 τὴν
2176 4777 2472 4848 πρόφασιν,
2497 4775 2592 4830 καὶ
2613 4773 2824 4830 Παῦλον
2843 4773 2936 4831 τὸν
2973 4770 3300 4844 Ἡρακλείας
3327 4770 3616 4824 ἐπίσκοπον

367 4836 424 4928 et
473 4885 598 4926 cum
643 4867 870 4926 Paulum
943 4865 1218 4924 Heraclea:
1272 4865 1592 4938 episcopum
1645 4865 1949 4937 (videbatur

2058 4836 2254 4946 (ἐδόκει
2457 4836 2616 4935 οὗτος
2677 4867 2871 4934 φιλίως
2913 4836 3060 4938 ἔχειν
3109 4866 3246 4939 πρὸς
3287 4861 3616 4932 Ἀντωνίνον)

368 4963 517 5021 enim
568 4961 616 5020 is
653 4962 792 5024 bene
847 4961 988 5018 velle
1032 4960 1334 5031 Antonino)
1389 4970 1654 5031 rogasset,
1701 4970 1761 5016 ut
1812 4962 1956 5020 inter

373 5064 662 5126 utrumque
691 5069 880 5126 pacem
913 5054 1251 5120 conciliaret,
1280 5067 1509 5125 surgens
1553 5053 1831 5125 ingressus
1867 5065 1955 5114 est

373 5148 428 5206 in
467 5147 727 5218 templum
751 5167 763 5202 :
791 5155 1009 5216 tempus
1025 5143 1168 5202 enim
1193 5144 1750 5206 vocabatcelebrandi
1778 5147 1950 5204 divini

371 5240 643 5312 mysterii.
690 5239 794 5295 Sed
833 5240 952 5296 hate
988 5256 1057 5294 ne
1094 5239 1380 5296 minimum
1417 5237 1636 5308 quidem
1666 5240 1952 5310 placebant

372 5328 635 5398 Eusebio,
665 5343 845 5398 neque
875 5329 1124 5388 cessabat
1151 5329 1220 5386 ab
1247 5328 1547 5387 inimicitiis
1580 5347 1594 5384 :
1640 5331 1736 5386 sed
1789 5331 1950 5389 vehe-

371 5432 586 5484 menter
612 5419 972 5478 invehebatur
994 5421 1047 5477 in
1071 5420 1424 5486 Antoninum,
1451 5429 1713 5491 etmagno
1741 5422 1795 5479 in
1823 5439 1948 5479 eum

371 5515 651 5574 ferebatur
678 5514 908 5584 impetu.
951 5512 1224 5572 Incertum
1256 5524 1462 5579 autem,
1497 5516 1776 5583 quomodo
1815 5516 1950 5577 fuis-

369 5614 458 5668 set
489 5606 545 5663 in
581 5621 706 5665 eum
731 5615 935 5671 motus.
967 5614 1022 5672 et
1053 5623 1287 5678 quonam
1339 5607 1506 5668 animi
1558 5617 1710 5664 motu
1758 5607 1952 5673 fuisset

373 5698 653 5756 incitatus.
679 5699 869 5770 itaque
919 5701 1206 5768 accedens,
1247 5701 1480 5760 alterum
1517 5717 1714 5774 magno
1753 5701 1950 5768 Joanni

375 5788 534 5844 tradit
557 5789 805 5845 libellum
829 5792 988 5862 cuius
1020 5803 1137 5850 erat
1167 5795 1355 5850 eadem
1378 5810 1500 5850 cum
1523 5795 1690 5866 priori
1723 5802 1944 5850 senten-

379 5883 474 5938 tia.
507 5878 776 5939 Praeterea
794 5892 977 5942 autem
1009 5903 1199 5944 rursus
1225 5904 1443 5963 quoque
1465 5885 1756 5948 horrendis
1775 5887 1941 5960 adigit

2051 4965 2120 5020 τὰ
2147 4963 2283 5035 πρὸς
2346 4963 2577 5036 εἰρήνην
2604 4961 2692 5016 ἐπ’
2719 4960 3064 5036 ἀμφοτέρους
3086 4954 3618 5031 διαπρεσϐεύσασθαι

2046 5049 2312 5124 ἀξιώσας
2333 5037 2574 5118 ἀναστάς
2602 5053 2683 5118 είς
2715 5053 2778 5106 τὸ
2803 5051 2950 5124 ἱερὸν
2974 5050 3224 5106 εἴσεισιν.
3263 5047 3485 5108 Ἐκάλει
3520 5045 3619 5118 γὰρ

2048 5148 2077 5202 ὁ
2116 5147 2308 5218 καιρὸς
2367 5145 2468 5212 τῆς
2523 5143 2934 5216 μυσταγωγίας.
2996 5141 3138 5196 Ἀλλ’
3187 5142 3290 5198 οὐκ
3328 5135 3401 5213 ἦν
3456 5139 3619 5199 ταῦτα

2049 5240 2146 5296 καὶ
2205 5237 2450 5309 Εὑσεϐίῳ
2503 5238 2828 5308 ἀρέσκοντα,
2857 5236 2967 5298 οὐδ’
2994 5236 3190 5306 ἔληγεν
3235 5235 3456 5307 ἔχθρας.
3491 5235 3618 5290 ἀλλά

2049 5333 2216 5398 πολὺς
2245 5329 2313 5405 ἦν
2357 5331 2498 5388 κατὰ
2555 5331 2874 5387 Ἀντωνίνου
2925 5331 3248 5401 φερόμενος,
3302 5331 3400 5386 καὶ
3451 5332 3615 5401 ὁρμῆς

2047 5427 2279 5498 ἀσχέτου
2310 5425 2405 5486 καὶ
2425 5425 2600 5496 φορᾶς
2629 5423 2902 5494 ἔμπλεως·
2936 5423 3126 5494 ἄδηλον
3153 5424 3354 5496 μέντοι,
3388 5423 3536 5487 ὅπως
3556 5421 3613 5490 δὴ

2046 5520 2169 5580 κατ’
2227 5518 2392 5582 αὑτοῦ
2447 5517 2724 5588 κεκίνητο,
2779 5517 2875 5576 καὶ
2925 5517 3031 5572 τίνι
3087 5515 3249 5574 πάθει
3298 5515 3396 5586 τὴν
3447 5515 3613 5586 ψυχὴν
3659 5587 3663 5590 ν

2049 5610 2466 5682 ὑπεκνισμένος.
2494 5607 2787 5692 Παρελθὼν
2817 5608 2932 5672 οὖν.
2959 5610 3051 5668 καὶ
3079 5609 3167 5660 έτε
3178 5625 3268 5680 ρον
3297 5607 3374 5680 τῷ
3399 5607 3613 5682 μεγάλῳ

2049 5701 2323 5774 προτείνει
2369 5700 2596 5772 βιϐλίον,
2632 5699 2700 5762 τά
2736 5699 2877 5764 αὐτὰ
2908 5699 3205 5770 δυνάμενον
3241 5699 3319 5772 τῷ
3349 5697 3605 5772 προτέρῳ,

2054 5797 2147 5850 καὶ
2169 5795 2355 5867 ὅρκοις
2385 5793 2546 5848 πάλιν
2573 5793 2988 5867 καταλαμϐάνει
3013 5797 3283 5865 φρικτοίς,
3327 5795 3422 5848 καὶ
3451 5793 3606 5862 αὐτὴν

2055 5887 2309 5960 συνείρας
2348 5887 2458 5942 τῶν
2484 5887 2749 5958 βασιλέων
2779 5887 2876 5961 τὴν
2929 5889 3222 5960 σωτηρίαν,
3266 5889 3341 5962 μὴ
3372 5887 3604 5961 παριδεῖν
