3834 6482
109 377 254 445 1121

1112 377 1191 439 γι
1208 376 1307 436 ΤΑ
1348 375 1410 435 S‘.
1446 374 1773 437 JOANNIS
1830 374 2385 443 CllRYSOSTOMI.

3252 373 3391 439 1122

101 489 494 554 ἀνεξέταστον.
547 488 633 553 Ὡς
667 478 760 542 οὖν
811 487 920 544 οὐδ’
970 476 1106 552 δλως
1130 488 1343 542 ἐκείνου
1390 484 1489 558 τὴν
1522 486 1703 557 ὁρμὴν

1826 494 2183 557 Lact-amentis,
2232 492 2406 564 ipsam
2454 491 2623 548 etiam
2658 489 2963 561 adiungens
3001 489 3237 545 saiutem
3288 490 3393 545 im-

101 580 389 652 καθεκτὴν
436 579 605 651 ἑώρα,
668 581 763 635 καὶ
816 582 898 635 ὅτι
937 598 1001 650 γε
1026 581 1304 651 πάντωνῆ
1346 577 1467 650 ὄψις
1502 579 1605 651 ἤδη
1639 580 1698 632 τὸ

104 675 352 745 πρᾶγμα
408 673 735 743 παρείληφε,
772 674 838 727 τὰ
866 674 963 744 μὲν
998 673 1118 727 θεῖα
1151 673 1299 743 δῶρα
1348 673 1556 744 ἑτέροις
1608 673 1700 725 άνο

106 768 368 835 ενεγκεῖν
399 762 707 840 ἐπιτρέπει.
745 766 820 839 μὴ
847 766 1042 840 κρίνας
1072 768 1217 821 ὅσιον
1242 766 1413 836 ἀκοῆς
1443 759 1704 818 τοιούτων

103 860 181 928 τῇ
212 858 423 928 διανοίᾳ
440 856 830 927 ἐπισκηψάσης
864 858 1244 929 παραστῆναι,
1278 859 1390 917 τοῖς
1421 855 1703 925 άγιάσμαο

108 964 203 1001 σιν
231 964 245 980 ’
275 948 442 1009 αὐτὸς
467 948 525 1001 δὲ
557 947 618 1001 τὸ
646 947 853 1018 βιϐλίον
878 949 1024 1020 μετὰ
1062 951 1254 1020 χεῖρας
1277 946 1456 1001 λαϐὼν
1483 946 1703 1015 ἔξεισιν.

108 1037 252 1095 Εἶτα
265 1041 342 1112 τῷ
353 1039 599 1112 Εὐσεϐίῳ
621 1041 802 1113 τὴνρύ
813 1059 919 1113 μην
938 1042 1229 1095 ὑπανεϊναι
1243 1041 1587 1111 βουλόμενος,
1607 1042 1661 1095 Μ
1674 1040 1703 1111 ὴ

108 1133 334 1204 νόμιζε,
390 1132 518 1204 ἔφη,
548 1133 864 1198 emissem;
890 1151 974 1187 σοι
1015 1133 1155 1204 μετὰ
1184 1134 1246 1187 τὸ
1283 1126 1704 1203 ἀναγνωσθῆναι

44 1276 49 1279 ,
108 1227 186 1282 τά
206 1230 267 1282 ὲν
290 1227 447 1297 χερσὶ
470 1227 561 1280 καὶ
587 1227 779 1291 ἀκοαῖς
798 1227 918 1290 ταῖς
941 1226 1159 1281 πάντων
1186 1225 1707 1297 παραδοθῆναιβια-

58 1394 67 1399 ί
111 1322 314 1391 φυγεῖν
344 1321 442 1390 τὴν
480 1320 776 1386 ἀπόδειξιν.
803 1318 941 1374 Οὔτε
965 1320 1074 1390 γάρ
1116 1319 1417 1387 δυνάμενον
1435 1318 1708 1373 δεικνύειν

58 1410 61 1413 ’
120 1413 482 1483 ὶπείργομεν,
528 1410 653 1466 οὔτε
685 1413 742 1466 δὲ
772 1413 846 1484 μὴ
867 1413 1168 1482 δυνάμενον
1224 1412 1457 1483 ἓλκομέν
1480 1430 1537 1465 σε
1570 1412 1708 1483 πρὸς

115 1505 271 1576 βίαν.
328 1507 417 1571 Ὠς
445 1507 502 1562 δὲ
541 1504 737 1577 ἐκείνῳ
789 1506 1233 1580 ἀπαραχώρητος
1263 1507 1463 1578 ήόρμὴ
1494 1503 1583 1577 ἦν,
1614 1507 1713 1561 καὶ

120 1599 339 1669 σφόδρα
390 1600 490 1669 τὴν
542 1600 854 1667 ἀνάγνωσιν
918 1600 1344 1665 ἐπισπεύδουσα,
1400 1597 1614 1652 κελεύει
1650 1601 1713 1652 τδ

119 1691 335 1761 βιϐλίον
378 1693 823 1763 ἀναγνωσθῆναι.
881 1692 1153 1747 Χαλεπῶν
1195 1693 1253 1747 δὲ
1301 1695 1523 1747 πάντων
1572 1690 1712 1747 εἶναι

114 1785 413 1852 δοξάντων,
454 1788 503 1839 oi
535 1786 643 1840 τῶν
692 1786 1008 1841 ἐπισκόπων
1040 1786 1140 1858 τὴν
1183 1787 1402 1858 ἠλικίαν
1435 1788 1711 1859 προήκον-

1802 592 2154 651 portitorum;
2181 600 2291 640 non
2320 585 2426 641 fio‘e
2456 585 2681 655 quidem
2712 582 3117 653 episcopali‘ter,
3150 582 3250 636 sed
3280 573 3393 650 fet:-

1805 685 1947 729 tasse
1981 675 2237 742 civiliter,
2265 692 2336 732 ne
2408 678 2459 732 id
2494 677 2801 749 praeteriret
2848 676 2985 731 citra
3034 675 3396 730 examinatio-

1805 784 1952 824 nem.
2001 769 2135 824 Cum
2197 786 2328 841 ergo
2384 771 2610 826 vidisset
2647 770 2793 826 illius
2844 768 3111 840 impetum
3170 768 3395 823 minime

1804 877 1964 932 posse
1989 863 2253 922 cohiberi.
2282 872 2337 919 et
2369 880 2487 919 eam
2526 878 2641 919 rem
2686 862 2752 917 ad
2793 866 3037 916 omnium
3084 874 3247 919 aures
3282 861 3394 930 jam

1808 956 2146 1025 pervenisse,
2184 956 2322 1011 aiios
2357 956 2575 1027 quidem
2603 956 2761 1027 jubet
2792 955 2974 1011 divin’a
3000 956 3142 1009 dona
3173 948 3394 1018 offerre,

1808 1064 1914 1103 non
1942 1048 2199 1119 judicans
2238 1064 2361 1104 esse
2387 1058 2663 1114 sanctum,
2725 1056 2849 1103 cum
2908 1061 3070 1102 aures
3126 1045 3401 1104 incubue-

1807 1142 1919 1196 rint
2014 1141 2068 1196 in
2129 1141 2316 1196 talium
2385 1157 2571 1197 rerutn
2642 1140 3053 1212 cogitationem,
3140 1142 3399 1194 assistere

1808 1233 2204 1301 sanctiﬁcatis;
2240 1233 2358 1305 ipse
2384 1240 2569 1289 autem
2601 1222 2786 1289 libello
2825 1233 2879 1287 in
2924 1244 3117 1286 math
3160 1238 3398 1299 sumpto.

1808 1327 2104 1399 egreditur.
2136 1326 2346 1384 Deinde
2371 1336 2632 1398 tanquam
2666 1326 2856 1381 volens
2898 1323 3116 1378 Eusebii
3136 1324 3401 1393 impetum

1809 1418 2151 1489 reprimere:
2192 1417 2274 1473 Ne
2312 1418 2614 1481 existimes,
2661 1416 2859 1487 inquit,
2915 1424 3205 1487 postquam
3261 1412 3402 1468 lecta

1810 1510 2036 1573 fuerint,
2060 1525 2146 1573 ea,
2173 1526 2294 1580 qua:
2322 1520 2453 1566 sunt
2486 1510 2543 1565 in
2582 1511 2857 1576 manibus,
2879 1518 2933 1564 et
2959 1507 3155 1563 tradita
3177 1505 3405 1562 auribus

1812 1604 2082 1666 omnium,
2128 1612 2181 1659 te
2214 1603 2374 1659 facile
2412 1618 2574 1674 posse
2615 1601 2858 1674 effugere
2902 1612 3093 1657 eorum
3127 1599 3411 1670 probatio-
3452 1604 3455 1607 ’

1813 1713 1962 1752 nem.
2027 1696 2218 1768 Neque
2252 1696 2399 1752 enim
2450 1711 2551 1750 nos
2601 1693 2875 1765 eum,qui
2943 1700 3125 1763 potest
3154 1690 3405 1760 probare,

1815 1804 2067 1844 arcemus
2102 1805 2116 1843 :
2147 1804 2327 1859 neque
2354 1803 2503 1854 eum,
2534 1787 2627 1857 qui
2667 1802 2777 1841 non
2823 1792 3023 1856 potest,
3057 1784 3107 1838 vi
3142 1784 3404 1853 rapimus.

114 1895 216 1942 τες
268 1876 378 1932 ἀπὸ
402 1879 494 1932 τοῦ
517 1879 758 1950 χείρονος
788 1880 972 1944 αὐτοῖς
1003 1874 1142 1934 εἶναι
1168 1881 1476 1951 κριθέντος,
1511 1881 1647 1953 ὅπερ
1674 1883 1707 1954 ή

1826 1885 1957 1938 Cum
2011 1883 2101 1938 ille
2147 1890 2329 1938 autem
2394 1882 2661 1937 acerrime
2724 1881 2956 1934 instaret
2990 1888 3045 1934 et
3078 1886 3317 1950 urgeret,
3349 1885 3410 1932 ut

116 1970 235 2025 τῶν
288 1974 633 2041 χειροτονιῶν
668 1970 868 2044 πρὶξις
886 1970 975 2045 ἦν,
1023 1974 1280 2043 γενέσθαι
1322 1975 1421 2046 τὴν
1456 1975 1711 2040 ἐξέτασιν

118 2063 482 2135 ἐδοκίμασαν,
546 2067 834 2139 εἰρηκότες
879 2068 1070 2139 ῥᾳδίαν
1128 2068 1272 2123 οὕτω
1313 2075 1409 2123 καὶ
1448 2070 1713 2141 ἐπίτομον

118 2153 350 2208 ἔσεσθαι
404 2156 503 2229 τὴν
552 2157 863 2223 διάγνωσιν.
897 2152 956 2211 Ei
982 2159 1090 2229 γὰρ
1122 2159 1280 2213 τοῦτο
1311 2160 1510 2231 ἀληθὲς
1543 2161 1706 2229 ελεγ-

118 2244 306 2317 χθείη,
329 2247 679 2319 περιττὴτῶν
712 2247 887 2301 ἄλλων
914 2248 1185 2319 ήὲρευνα.
1202 2250 1264 2302 'O
1285 2248 1397 2320 γάρ
1419 2249 1512 2303 τοῦ
1536 2247 1711 2301 Ilvati-

124 2356 323 2409 ματος,
367 2340 521 2410 φησὶ,
566 2338 661 2394 τοῦ
686 2342 845 2409 ἁγίου
870 2342 969 2412 τὴν
993 2342 1204 2412 δωρεὰν
1230 2333 1390 2395 ὤνιον
1435 2342 1713 2395 ποιεῖσθαι

126 2432 207 2504 μὴ
230 2433 605 2503 καταπτήξας,
665 2435 827 2506 σχολῇ
858 2438 910 2503 γ’
937 2435 1003 2489 ἂν
1050 2429 1207 2498 οὗτος
1251 2435 1553 2506 κειμηλίων
1579 2434 1611 2505 ἢ
1638 2434 1717 2487 λί-

122 2524 240 2578 θων
282 2524 314 2595 ἦ
360 2526 579 2597 χωρίων
635 2527 733 2596 τῆς
792 2525 1089 2595 ἐκκλησίας
1117 2525 1397 2597 ἐφείσατο.
1451 2520 1712 2590 Συνέδοξε

122 2618 306 2671 ταῦτα
337 2619 528 2689 καὶτῷ
557 2620 719 2691 ἁγίῳ.
763 2619 853 2683 Ὧς
878 2608 970 2673 οὖν
1000 2619 1297 2690 ἐρωτηθεὶς
1325 2621 1353 2671 ὁ
1376 2618 1715 2691 ἐγκαλούμε-

126 2727 224 2775 νος
264 2710 487 2782 ἔξαρνος
519 2710 609 2785 ἦν,
655 2714 751 2767 καὶ
817 2716 866 2767 ei
929 2715 989 2767 τὸ
1039 2715 1263 2787 χρυσίον
1302 2714 1360 2768 δὲ
1409 2716 1716 2787 παρασχεῖν

124 2804 479 2873 εἰσαγίμενοι
514 2806 603 2888 καλ
635 2806 789 2858 αὑτοὶ
826 2804 923 2878 τὴν
952 2807 1101 2861 δόσιν
1125 2807 1448 2873 ἀπείπαντο,
1481 2809 1716 2877 ἐπέμενε

123 2896 227 2950 καὶ
250 2894 483 2970 οὓτωςή
518 2898 779 2963 ἐξέτασις,
804 2900 900 2954 καὶ
941 2901 1262 2971 παρέτεινεν
1295 2900 1401 2965 ἓως
1446 2900 1547 2972 ἤδη
1601 2901 1719 2955 κλι-

121 2990 335 3061 νούσης
382 2992 619 3064 ἡμέρας.
651 2994 862 3057 ’Ἄλλως
901 2994 994 3047 οὖν
1028 2994 1136 3049 τῶν
1176 2994 1512 3063 κινηθέντων
1552 2994 1719 3065 λυθῆ-

121 3104 219 3140 ναι
256 3086 332 3157 μὴ
361 3086 696 3159 δυναμένων,
726 3089 773 3141 εί
807 3087 881 3160 μὴ
916 3088 1198 3161 μάρτυρες
1228 3088 1585 3159 παραχθέῖεν,
1627 3087 1715 3157 ἐφ’

122 3176 206 3235 ὧν
230 3182 293 3234 τδ
320 3181 503 3235 δοῦναι
555 3181 763 3254 προέϐη
805 3183 897 3236 καὶ
936 3183 995 3237 τὸ
1013 3182 1219 3249 λαϐεῖν,
1246 3184 1368 3236 ἐπεὶ
1395 3184 1487 3235 καὶ
1518 3183 1719 3246 αὐτοὺς

126 3270 279 3329 εἶναι
318 3275 418 3347 μὲν
441 3275 627 3345 ἔλεγεν
654 3279 681 3330 ὁ
710 3279 1041 3349 κατήγορος,
1084 3279 1160 3348 μὴ
1192 3279 1447 3349 παρεῖναι
1469 3277 1546 3344 δὲ,
1583 3277 1719 3348 μηδὲ

128 3369 418 3441 ἐνδημεῖν,
446 3370 474 3422 ὁ
507 3370 780 3439 μακάριος
823 3369 960 3440 πρός
990 3387 1050 3423 τε
1078 3370 1139 3423 τὸ
1165 3369 1405 3442 χαλεπὶν
1431 3370 1530 3440 τῆς
1557 3372 1721 3442 εὑρέ-

129 3480 298 3525 σεως,
326 3462 419 3515 καὶ
440 3464 575 3533 πρὸς
598 3464 659 3516 τὸ
687 3462 927 3534 ἐργῶδες
955 3462 1070 3534 ἅμα
1101 3465 1196 3518 καὶ
1220 3464 1439 3534 χρόνιον
1479 3466 1579 3533 τῆς
1613 3465 1721 3519 τῶν

116 3548 434 3628 ’μαρτύρων
468 3556 868 3627 παραστάσεως
903 3554 1114 3609 ἀπιδὼν
1140 3554 1206 3626 (ὢ
1224 3556 1324 3626 τῆς
1349 3556 1722 3630 ἀτίοστολικῆς

129 3647 358 3718 ἐκείνης
417 3649 511 3701 καὶ⁸
566 3648 824 3716 γενναίας
860 3649 1039 3719 ψυχῆς
1061 3690 1075 3714 ,
1108 3649 1403 3721 καὶ¹μηδὲν
1435 3649 1580 3721 ὄκνῳ
1612 3650 1723 3706 τῶν

126 3740 450 3810 ἀναγκαίων
481 3741 1004 3812 παραχωροῦσηςί),
1043 3741 1206 3805 αὐτὸς
1268 3743 1348 3804 είς
1394 3742 1493 3813 τὴν
1537 3743 1724 3797 Ἀσίαν

129 3833 281 3899 ἔγνω
315 3832 590 3901 φοιτῆσαι,
649 3833 741 3885 καὶ
774 3833 938 3895 αὐτὶς
959 3831 1215 3900 γενέσθαι
1244 3832 1354 3886 τῶν
1386 3834 1724 3906 κινουμένων

131 3924 700 3996 ὲξεταστὴς,τακερῷ
719 3925 934 3995 σώματι
963 3927 1059 3980 καὶ
1084 3927 1264 3990 πόνοις
1282 3928 1557 3991 τοσούτοις
1590 3936 1722 3982 κατε

127 4018 491 4089 ειργασμένῳ
520 4016 899 4089 ταλαιπωρίαν
915 4016 1059 4071 οὕτω
1092 4019 1298 4090 πολλὴν
1328 4019 1724 4091 ἐκκλησιαστι-

128 4110 252 4163 κῶν
300 4109 459 4180 χάριν
507 4109 853 4180 πραγμάτων
910 4110 1238 4180 ὑπενεγκεῖν
1330 4098 1721 4185 προελόμενος.

140 4202 468 4265 Ἀντωνῖνος
506 4202 561 4255 δὲ
592 4203 818 4256 συνιδὼν
848 4203 948 4257 οὐκ
975 4205 1055 4268 είς
1100 4206 1265 4259 καλὸν
1296 4207 1449 4278 αὑτῷ
1498 4208 1723 4263 ἔσεσθαι

126 4296 235 4367 τὴν
280 4295 529 4349 Ἰωάννου
570 4296 708 4366 πῶς
754 4297 939 4350 Ἀσίαν
970 4293 1154 4365 ἄφιξιν
1187 4298 1325 4370 (ᾔδει
1372 4300 1503 4371 γάρ,
1535 4299 1726 4370 ὥσπερ

130 4391 312 4445 αἴτιον
355 4390 546 4442 ἑαυτὸν
606 4388 850 4459 ἀκριϐῶς
877 4388 1028 4455 ὂντα,
1059 4388 1231 4454 οὕτως
1267 4393 1473 4445 ἐκεῖνον
1507 4391 1726 4459 ἐλέγξαι

128 4484 198 4537 τὸ
233 4483 469 4555 πρᾶγμα
512 4482 856 4551 δυνάμενον),
901 4482 1080 4536 πείθει
1111 4482 1236 4547 τοὺς
1269 4484 1607 4553 κρατοῦντας
1638 4485 1727 4538 διά

1821 1978 2003 2032 statim
2026 1976 2321 2047 legeretur,
2339 1975 2569 2047 prtebnit
2586 1974 2897 2045 legendum.
2919 1972 3055 2029 Cum
3075 1980 3204 2027 vero
3227 1971 3409 2025 omnia

1823 2071 1934 2125 visa
1962 2079 2149 2125 essent
2179 2068 2386 2141 gravia,
2425 2068 2460 2122 ii
2491 2084 2555 2121 ex
2585 2067 2881 2137 episcopis,
2914 2065 3004 2135 qui
3046 2070 3205 2118 erant
3249 2069 3411 2117 aetate

1821 2164 2211 2234 provectiores,
2244 2163 2311 2217 ab
2346 2178 2434 2228 eo,
2466 2161 2613 2232 quod
2641 2161 2721 2215 eis
2751 2158 3055 2231 iudicatum
3089 2155 3268 2211 fuerat
3290 2169 3414 2210 esse

1821 2257 2088 2319 deterius,
2131 2256 2208 2326 (id
2265 2266 2448 2310 autem
2498 2265 2618 2310 erat
2674 2253 2917 2308 venditio
2982 2247 3419 2317 ordinationum)

1823 2357 2134 2404 statuerunt
2154 2364 2279 2404 esse
2304 2347 2609 2402 faciendam
2635 2345 3119 2400 examinationem.
3146 2342 3238 2398 Sic
3265 2342 3412 2395 enim

1824 2443 2076 2499 dicebant
2108 2443 2208 2496 sibi
2250 2442 2460 2497 facilem
2503 2450 2557 2496 et
2603 2440 2819 2495 brevem
2847 2438 3083 2493 futuram
3115 2453 3235 2492 esse
3266 2436 3413 2505 diju-

1823 2534 2175 2591 dicationem.
2197 2532 2250 2588 Si
2270 2533 2416 2588 enim
2445 2540 2726 2587 ostensum
2749 2530 2912 2586 fuerit
2941 2532 3043 2586 hoc
3059 2545 3179 2584 esse
3197 2544 3413 2594 verum,

1824 2639 2291 2695 supervacaneum
2335 2622 2505 2677 fuerit
2557 2621 2661 2676 alia
2722 2620 3045 2677 examinari.
3108 2617 3211 2686 Qui
3267 2623 3412 2672 enim

1824 2717 1996 2771 sancti
2040 2715 2276 2784 Spiritus
2319 2713 2551 2784 gratiam
2605 2729 2718 2767 non
2773 2722 2858 2767 est
2906 2717 3113 2766 veritus
3166 2710 3413 2765 venalem

1824 2822 2149 2879 preponere.
2193 2806 2238 2860 is
2270 2806 2355 2861 vix
2408 2805 2665 2875 pretiosis
2695 2804 2840 2859 vasis
2896 2813 2990 2859 aut
3022 2803 3296 2873 lapidibus
3322 2809 3416 2857 aut

1824 2901 2047 2973 praediis
2103 2900 2348 2956 ecclesiae
2405 2899 2733 2971 pepercerit.
2773 2890 2901 2954 l'laec
2960 2904 3151 2953 Sancto
3199 2908 3415 2967 quoque

1826 2998 1939 3051 visa
1966 3004 2113 3050 sunt.
2145 2996 2283 3050 Cum
2322 3010 2452 3066 ergo
2478 2993 2847 3065 interrogatus
2879 2991 2959 3056 is,
2997 2991 3099 3060 qui
3117 2990 3415 3045 accusaba-

1828 3100 1939 3152 tur.
1990 3099 2215 3159 negaret
2250 3107 2263 3143 :
2300 3096 2355 3142 et
2403 3086 2495 3158 qui
2527 3102 2723 3141 aurum
2770 3084 3232 3141 insimulabantur
3275 3095 3415 3152 prte-

1794 3230 1799 3233 _
1828 3182 2038 3247 bnisse,
2062 3180 2163 3251 ipsi
2181 3193 2398 3251 quoque
2419 3193 2479 3232 se
2497 3177 2716 3231 dedisse
2740 3174 3138 3239 inficiarentur,
3161 3172 3241 3227 sic
3263 3174 3413 3223 man-

1826 3275 1899 3330 sit
1930 3283 1986 3329 et
2024 3272 2287 3344 producta
2316 3279 2401 3324 est
2433 3268 2664 3340 quaestio
2696 3280 2872 3337 usque
2900 3265 2967 3321 ad
2996 3264 3140 3319 diem
3186 3262 3298 3332 jam
3330 3259 3416 3314 in-

1826 3368 2143 3424 clinantem.
2176 3364 2311 3420 Cum
2331 3379 2481 3434 ergo,
2505 3379 2625 3433 quae
2647 3370 2794 3416 mota
2823 3360 3062 3422 fuerant,
3096 3356 3232 3412 solvi
3261 3355 3420 3410 aliter

1825 3477 1937 3516 non
1967 3460 2177 3523 liceret,
2210 3457 2323 3513 nisi
2346 3465 2517 3511 testes
2543 3454 3003 3525 producerentur,
3035 3451 3238 3521 quibus
3274 3460 3417 3521 prte-

1827 3552 2075 3610 sentibus
2103 3550 2290 3604 datum
2308 3548 2410 3604 fuit
2441 3558 2496 3603 et
2517 3554 2826 3619 acceptum,
2855 3546 3111 3617 quoniam
3134 3549 3422 3600 aceusatOr

1826 3646 2046 3717 quidem
2084 3644 2302 3700 dicebat
2330 3658 2473 3708 esse,
2511 3642 2611 3697 sed
2640 3657 2749 3696 non
2780 3639 2993 3702 adesse,
3042 3654 3219 3708 neque
3273 3638 3326 3691 in
3354 3650 3418 3691 ea

1826 3738 2035 3794 versari
2094 3738 2337 3808 regione,
2400 3735 2625 3791 intuens
2683 3734 2880 3788 beatus
2932 3732 3002 3787 ad
3043 3729 3417 3786 ditiieultatem

1830 3832 2191 3895 inventionis,
2221 3839 2277 3885 et
2315 3828 2865 3905 censideransquam‘
2903 3824 3135 3879 arduum
3173 3821 3417 3877 futurum

1830 3932 1977 3979 esset
2014 3936 2176 3993 opus,
2214 3929 2268 3976 et
2296 3936 2462 3990 quam
2501 3920 2799 3974 multorum
2850 3914 3088 3981 dierum;
3133 3913 3425 3986 productio

1832 4014 2079 4080 testium,
2111 4029 2166 4081 to
2188 4012 2546 4083 apostolicam
2578 4010 2726 4065 illam
2764 4010 3027 4074 animam,
3059 4016 3114 4062 et
3143 4018 3269 4077 quae
3292 4018 3421 4076 pro-

1829 4120 1952 4183 pter
2000 4108 2313 4164 soeordiam
2344 4106 2477 4162 nihil
2511 4105 2803 4160 omittebat
2848 4119 3067 4167 eorum,
3109 4116 3231 4173 quae
3260 4108 3421 4156 erant

1830 4201 2193 4271 necessaria),
2224 4200 2417 4255 statuit
2446 4200 2565 4270 ipse
2592 4199 2792 4254 venire‘
2810 4198 2863 4252 in
2892 4198 3099 4259 Asiam,
3132 4205 3188 4251 et
3219 4211 3281 4249 ea
3303 4202 3425 4265 qua?

1830 4297 2214 4362 movebant-ur,
2251 4310 2365 4350 suae
2398 4294 2568 4365 ipsius
2606 4293 2730 4348 ﬁdei
2754 4292 2989 4348 credidit
3013 4290 3376 4346 examinanda
3406 4305 3422 4343 :

1832 4389 2134 4460 in;corpore
2157 4398 2266 4443 tam
2294 4388 2589 4457 liquefacto
2602 4398 2659 4442 et
2686 4386 2971 4442 immensis
2992 4375 3423 4439 iaboribuseon-

1833 4481 2000 4543 fect'a,
2018 4490 2223 4537 tantam
2256 4476 2606 4535 amictionem
2636 4481 2821 4535 subire
2844 4478 3185 4535 constituens
3204 4487 3426 4548 propter

128 4590 287 4637 τινος
353 4572 471 4625 τῶν
518 4574 788 4643 μεγάλων,
815 4564 877 4628 οὗ
905 4572 1133 4627 καὶτῶν
1177 4575 1362 4647 ἀγρῶν
1419 4577 1581 4641 αὐτὸς
1610 4574 1719 4648 εἶχε

1833 4577 2051 4649 negotia
2087 4575 2476 4631 ecclesiastica.
2518 4574 2829 4630 Antoninus
2869 4581 3051 4628 autem
3085 4585 3209 4629 cum
3250 4571 3426 4624 anim-

130 4664 243 4735 τὴν
270 4656 990 4733 ἐπιμέλειαν,ὲπισχεθῆναι
1023 4665 1100 4736 τῷ
1138 4662 1363 4738 Ἰωάννῃ
1394 4668 1492 4739 τὴν
1523 4660 1725 4735 ἔξοδον,

134 4756 422 4827 πρόφασιν
449 4754 547 4827 τὴν
577 4755 669 4809 τοῦ
694 4757 863 4810 Γαῖνᾶ
902 4757 1020 4811 τότε
1052 4760 1350 4829 τυραννίδα
1377 4761 1718 4833 θορυίῖοῦσαν

134 4849 335 4914 εἰσέτι,
367 4848 436 4901 δι’
456 4851 520 4920 ἣν
546 4851 854 4918 ἀναγκαίαν
884 4849 1024 4906 εἶναι
1049 4856 1140 4907 καὶ
1171 4854 1362 4908 τούτου
1396 4858 1493 4928 τὴν
1520 4874 1731 4929 παρου-

135 4942 291 4997 σίαν.
317 4941 473 4997 Οὖτω
492 4943 594 5009 μὲν
617 4942 710 4998 οὖν
736 4947 763 4998 ὁ
793 4947 1065 5017 μακάριος
1095 4948 1194 5018 τῆς
1235 4950 1333 5019 μὲν
1364 4951 1492 5020 περὶ
1524 4951 1622 5022 τὴν
1643 4948 1733 5017 s5-

134 5034 358 5088 ἐλευσιν
376 5034 552 5105 ὁρμῆς
580 5034 847 5105 εἴργεταιο
880 5039 977 5106 τῆς
996 5037 1224 5107 ἐρεύνης
1250 5038 1307 5092 δὲ
1337 5038 1430 5092 τοῦ
1469 5042 1732 5113 πράγμα-

133 5144 237 5191 τος
296 5126 407 5180 οὐδ’
464 5127 638 5192 οὕτως
690 5128 1010 5199 ἀφίσταται,
1061 5130 1261 5185 ἀλλ’ὲν
1285 5134 1350 5204 τῇ
1392 5132 1594 5205 συνόδῳ
1623 5130 1732 5188 τῶν

135 5221 240 5276 δύο
256 5223 395 5300 πρδς
424 5225 537 5285 τοῖς
568 5223 777 5277 εἴκοσιν
817 5224 1087 5280 ’Ᾱσιανῶν
1112 5227 1433 5281 ἐπισκόπων
1464 5229 1561 5283 καὶ
1582 5231 1732 5300 τρεῖς

138 5317 280 5389 παρ’
340 5316 535 5372 ἑαυτοῦ
591 5317 699 5371 τῶν
729 5320 1154 5391 μητροπολιτῶν
1182 5322 1604 5394 παρασχόμενος
1649 5326 1731 5388 εἰς

135 5412 246 5481 τὴν
289 5409 477 5464 Ἀσίαν
531 5411 830 5482 ἐκπέμπει,
884 5414 1038 5484 παρά
1071 5431 1130 5467 τε
1158 5412 1417 5469 Εὐσεϐίου
1444 5416 1537 5469 καὶ
1558 5409 1732 5487 οὗπερ

139 5506 314 5567 αὐτὸς
377 5505 705 5576 κατηγορῶν
735 5500 802 5576 ἦν
841 5505 1162 5559 Ἀντωνίνου
1208 5506 1547 5579 ζητήσοντας
1588 5510 1732 5563 κατὰ

139 5597 205 5651 τὸ
233 5600 511 5667 προφανὲς
552 5598 946 5668 φθεγξάμενος,
980 5599 1074 5652 καὶ
1102 5601 1215 5662 θεὶς
1247 5602 1304 5652 ἐν
1342 5602 1454 5664 τοῖς
1479 5602 1731 5674 ὑπομνή-

145 5707 288 5761 μασι
321 5691 403 5754 τὸ,
436 5691 527 5745 τὸν
576 5692 649 5762 μὴ
676 5692 768 5745 τὸν
835 5691 1140 5764 ὡρισμένον
1199 5694 1366 5749 τόπον
1423 5694 1576 5758 ἐντὸς
1622 5696 1731 5749 τῶν

142 5784 243 5837 δυο
295 5784 672 5838 καταλαὸόντα
726 5784 944 5857 μηνῶν,
1010 5785 1128 5855 μεθ’
1170 5779 1244 5840 ὧν
1298 5786 1563 5857 ἑκάτερος
1617 5786 1729 5857 ἔχει

146 5876 290 5950 πρλνς
349 5877 632 5948 σύστασιν,
687 5876 1053 5951 ἀκοινώνητον
1108 5875 1268 5937 εἶναι,
1316 5878 1401 5944 Ὡς
1448 5875 1542 5934 οὖν
1571 5881 1620 5934 οἱ
1655 5880 1729 5934 δι-

1833 4670 2161 4726 advertisset
2202 4685 2312 4725 non
2339 4677 2488 4725 recte
2520 4669 2568 4723 ei
2602 4682 2885 4724 cessurum
2909 4662 3138 4721 Joannis
3161 4664 3214 4717 in
3239 4660 3421 4718 Asiam

1834 4762 2153 4831 adventum,
2183 4763 2417 4833 (sciebat
2464 4762 2631 4823 enim.
2665 4758 2941 4831 qu’omodo
2966 4770 3026 4812 se
3056 4755 3233 4824 ipsum
3263 4752 3424 4824 plane

1834 4873 1957 4914 esse
1994 4868 2171 4921 reum,
2234 4855 2309 4911 ita
2341 4855 2495 4910 illum
2527 4868 2692 4924 posse
2724 4858 2915 4922 aperte
2960 4846 3143 4903 omnia
3193 4844 3424 4902 convin-

1834 4949 1980 5021 cere)
2016 4948 2313 5022 persuadet
2341 4945 2683 5020 imperatori,
2707 4938 2945 5016 quodam
2967 4952 3034 4995 εκ
3061 4937 3277 5009 magnis
3292 4936 3426 4993 viris

1835 5043 2084 5114 adjutore
2116 5043 2204 5098 ad”
2243 5042 2348 5098 hoc
2379 5044 2533 5105 us‘us,
2563 5040 2723 5111 cujus
2760 5042 3019 5111 agroru‘m‘
3063 5035 3181 5108 ipse
3238 5044 3422 5091 curam

1835 5143 2178 5207 susceperat,
2223 5144 2283 5190 ut
2343 5134 2635 5190 sisteretur
2684 5130 2883 5188 Joanni
2913 5130 3115 5195 exitus,
3152 5137 3423 5201 praatextu

1834 5229 2022 5285 Gainte
2056 5229 2376 5302 tyrannidis,
2404 5244 2525 5299 quae
2551 5228 2729 5283 adhuc
2755 5224 3122 5282 conturbabat
3150 5242 3165 5292 ;
3200 5234 3423 5295 propter

1833 5338 1998 5393 quam
2042 5337 2262 5378 causam
2294 5321 2664 5377 necessariam
2714 5334 2838 5375 esse
2869 5317 2990 5389 ejus
3046 5316 3417 5388 przesentiam.

1836 5417 1902 5471 Et
1932 5415 2011 5471 sic
2061 5414 2282 5486 quidem
2334 5422 2551 5470 arcetur
2580 5415 2775 5468 beatus
2823 5408 2914 5467 ille
2968 5427 2998 5466 a
3035 5426 3137 5465 suo
3183 5406 3418 5463 exeundi

1835 5509 2117 5581 proposito
2150 5527 2163 5565 :
2194 5508 2291 5564 sed
2311 5523 2379 5562 ne
2412 5510 2493 5564 sic
2517 5507 2737 5577 quidem
2772 5506 2985 5562 desistit
3032 5521 3063 5560 a
3103 5508 3421 5575 perscruta-

1836 5604 1983 5658 tione
2037 5618 2251 5665 eorum.
2313 5618 2434 5672 qua:
2460 5601 2603 5657 dicta
2640 5609 2770 5656 sunt
2805 5618 2821 5657 :
2854 5600 2949 5655 sed
2981 5600 3158 5654 accito
3211 5611 3320 5651 uno
3351 5608 3419 5651 ex

1835 5695 1940 5750 illis
1970 5696 2159 5769 viginti
2194 5696 2405 5750 duobus
2436 5694 2656 5749 Asianis
2703 5693 2994 5764 epiScOpis,
3026 5693 3117 5761 qui
3155 5698 3314 5746 erant
3360 5688 3417 5744 in

1838 5790 2069 5859 synodo,
2109 5798 2164 5844 et
2190 5790 2367 5843 tribus
2401 5805 2466 5843 ex
2493 5789 2581 5854 iis,
2612 5791 2704 5858 qui
2737 5794 2895 5842 erant
2925 5785 3069 5856 apud
3094 5800 3175 5849 se,
3240 5783 3416 5837 kletro

1835 5880 2114 5953 politanis,
2146 5895 2241 5937 eos
2297 5880 2464 5936 mittit
2514 5880 2571 5934 in
2603 5878 2808 5946 Asiam,
2837 5889 3164 5948 quaesuuros
3208 5874 3277 5932 de
3303 5870 3415 5930 Eu-
