3834 6474
427 315 567 378 HQ}

1689 312 1978 374 MENSIS
2021 315 2103 376 J.-\
2114 313 2482 380 NUARIUS.

3561 311 3695 377 1124

421 434 595 496 sebio,
623 440 679 488 et
709 431 774 487 de
795 445 862 486 eo
889 446 1049 502 quem
1071 431 1185 502 ipse
1205 427 1499 484 accusabat
1531 427 1811 482 Antonino
1839 446 1855 485 :
1881 444 1995 483 cun

2114 432 2373 498 κάσοντες
2427 433 2522 487 ἐπὶ
2556 429 2740 504 χώρας
2772 425 2935 504 ἦσαν,
2975 429 3024 483 οἱ
3054 422 3426 498 δικαζόμενοι,
3458 427 3594 496 πρὶν
3619 431 3696 493 είς

424 523 530 579 hoc
560 532 748 594 aperte
781 521 1006 578 dixisset
1072 532 1128 578 et
1184 522 1238 577 in
1280 519 1419 576 actis
1466 519 1759 588 poSttisset,
1815 529 1874 574 ut
1912 519 2003 589 qui

421 631 534 672 non
575 617 641 672 ad
677 617 855 670 locum
895 617 1261 686 praestitutum
1307 613 1446 667 intra
1479 613 1616 666 duos
1648 628 1864 666 menses
1886 628 2007 681 per-

421 709 683 772 venisset,
719 725 841 764 cum
874 709 962 772 iis,
987 724 1108 777 quae
1135 717 1364 776 uterque
1397 705 1628 760 habebat
1652 705 1719 759 ad
1761 721 1856 759 sua
1875 720 2006 758 eon-

422 800 711 863 ﬁrmanda,
759 810 905 855 esset
951 799 1476 855 excommunicatus.
1535 798 1669 852 Cum
1723 813 1852 866 ergo
1913 796 2004 866 qui

425 905 581 950 erant
609 893 927 963 judicaturi,
951 902 1139 947 essent
1161 893 1214 945 in
1247 892 1486 962 regione,
1521 891 1612 960 qui
1642 890 1853 959 judicio
1875 905 2008 944 con-

424 984 742 1043 tendebaut,
779 983 1096 1052 priusquam
1147 983 1427 1036 venissent
1468 981 1522 1035 in
1553 981 1838 1051 judicium.
1883 995 2005 1034 cum

424 1079 567 1132 inter
595 1093 653 1132 se
680 1077 986 1141 dedissent,
1037 1077 1175 1130 alter
1209 1075 1430 1145 quidem
1463 1090 1679 1152 aurum,
1715 1073 1850 1127 alter
1876 1086 2006 1125 vero

418 1170 822 1240 jusjurandum,
873 1183 929 1223 se
955 1170 1284 1223 ellecturum
1340 1175 1397 1220 ut
1431 1167 1576 1220 bono
1615 1175 1760 1219 esset
1795 1165 2003 1227 animo,

421 1260 682 1315 dilatione
732 1259 993 1330 temporis
1023 1259 1337 1330 cogitabant
1365 1257 1576 1327 judices
1625 1255 1833 1309 fallere.
1869 1253 2002 1308 Nam

422 1368 546 1407 cum
597 1352 903 1406 accusatori
936 1352 1111 1406 visum
1151 1360 1298 1405 esset
1325 1361 1541 1418 tempus
1586 1348 1912 1416 producere,
1950 1356 2005 1402 et

423 1445 503 1500 sic
528 1445 608 1500 eis
629 1444 825 1498 achrre
851 1443 1093 1506 taedium,
1138 1442 1375 1496 maxime
1416 1457 1538 1494 cum
1574 1439 1656 1494 eis
1703 1438 1828 1492 anni
1865 1448 2004 1491 tem-

420 1550 524 1605 pus
572 1541 756 1605 posset
821 1533 954 1588 satis
991 1549 1240 1602 magnam
1275 1531 1472 1586 afferre
1507 1530 1808 1584 molestiam
1868 1531 2004 1598 (erat

418 1623 564 1678 enim
596 1629 800 1678 aestatis
833 1623 984 1678 calor
1024 1623 1595 1687 vehementissimus).
1633 1622 1773 1675 dixit
1799 1636 1860 1675 se
1891 1637 2004 1674 nnu

419 1732 578 1795 posse
612 1718 913 1786 producere
945 1724 1112 1771 testes
1142 1716 1285 1770 intra
1322 1715 1675 1786 quadraginta
1707 1714 1845 1768 dies.
1866 1713 2002 1767 Cum

2115 525 2174 578 τὸ
2229 525 2580 593 δικαστῆςιον
2633 521 3300 590 ἀπαντῆσαι,δεδωκότες
3354 518 3634 588 ἀλλήλοις.
3669 521 3694 571 ὁ

2116 618 2214 688 μὲν
2275 617 2518 688 χρυσίον,
2552 618 2578 669 ο
2607 616 2662 669 δὲ
2694 616 2856 685 ὅρκον
2908 614 3004 667 καὶ
3032 615 3092 667 τδ
3134 617 3319 666 πεῖσαι
3347 611 3573 682 θαρρεῖν
3603 611 3694 664 καὶ

2117 709 2281 780 μηδὲν
2325 708 2474 778 αὖτῷ
2533 708 2714 776 μέλειν
2778 708 2888 759 τῶν
2951 705 3356 774 προκειμένων,
3425 705 3484 756 ἐν
3523 703 3693 773 ὑπερ-

2115 797 2263 852 θέσει
2307 799 2401 853 τοῦ
2464 798 2658 867 καιροῦ
2724 798 2848 861 τοὺς
2895 797 3156 859 δικαστὰς
3184 796 3487 863 ἐσκέψαντο
3515 812 3692 863 παρα-

2114 890 2476 962 κρούσασθαι.
2522 890 2690 954 Δόξαν
2715 890 2824 958 γὰρ
2854 887 2931 958 τῷ
2957 889 3252 958 κατηγόρῳ
3281 885 3418 954 πρὸς
3451 884 3545 936 τδν
3574 885 3694 954 71/5-

2112 1001 2202 1036 νον
2238 984 2433 1043 αὐτοὺς
2485 981 2888 1051 ἀπαγορεῦσαι,
2957 980 3133 1042 ἄλλως
3166 979 3346 1033 τεκαὶ
3397 979 3500 1044 τῆς
3547 976 3693 1047 ῶρας

2116 1077 2314 1140 ἱκανῶς
2340 1076 2528 1129 λυπεῖν
2563 1076 2870 1144 δυναμένης
2907 1073 3124 1145 (θέρους
3158 1073 3265 1142 γὰρ
3288 1067 3437 1142 ἧντδ
3467 1071 3693 1139 ἀκμαιό·

2112 1171 2323 1238 τατον),
2370 1170 2444 1239 μὴ
2479 1169 2629 1232 ἐντὸς
2682 1170 2790 1220 ταῖν
2819 1168 3234 1237 τεσσαράκοντα
3292 1165 3520 1234 ἡμερῶν
3567 1166 3692 1227 τους

2114 1265 2401 1334 μάρτυρας
2433 1263 2535 1333 ἔφη
2587 1260 2848 1314 δύνασθαι
2876 1259 3252 1330 παραστῆσαι.
3279 1258 3468 1319 Οῦτως
3502 1256 3689 1320 εἰπὼν,

2111 1357 2273 1417 αὐτὸς
2327 1356 2516 1426 μὲντά
2566 1354 2673 1430 τῶν
2711 1351 3006 1424 μαρτύρων
3063 1352 3192 1420 παρ’
3235 1350 3388 1402 οὐδὲν
3442 1349 3688 1418 Θέμενος,

2108 1447 2206 1517 τὴν
2269 1444 2685 1500 Κωνσταντίνου
2745 1442 2924 1495 λαθὼν
2971 1441 3303 1510 εἰσέρχεται.
3341 1440 3405 1491 Oi
3443 1438 3690 1492 δικασταὶ

2107 1540 2162 1592 δὲ
2192 1539 2328 1608 πρὶς
2385 1541 2504 1600 ταῖς
2562 1535 2975 1608 τεσσαράκοντα
3035 1535 3130 1586 καλ.
3192 1532 3388 1603 ἐτέρας
3425 1532 3488 1597 δὴ
3540 1532 3690 1598 τριᾶο

2111 1647 2277 1686 κοντα
2311 1629 2750 1700 περιμείναντες,
2796 1628 2921 1681 ἐπεὶ
2953 1626 3145 1696 μηδεὶς
3179 1625 3289 1678 τῶν
3322 1623 3691 1692 ἐλπιζομένων

2116 1723 2468 1794 παρῆν,ῠάλλ⁹
2499 1723 2683 1792 ἀπάτη
2707 1723 2768 1776 τὸ
2793 1722 3028 1791 πρᾶγμα
3058 1717 3148 1792 ἦν,
3180 1720 3272 1772 τὸν
3303 1719 3402 1790 μὲν
3433 1717 3690 1770 Εὑσέϐιον

417 1811 499 1866 sic
531 1811 775 1878 dixisset,
815 1813 930 1882 ipse
959 1812 1176 1881 quidem
1199 1811 1614 1881 productionem
1655 1808 1876 1862 testium
1919 1808 1995 1860 ni-

2107 1817 2518 1879 ἐπιστείλαντες
2547 1819 2658 1878 τοῖς
2683 1814 2961 1883 πανταχοῦ
2993 1814 3088 1882 τῆς
3127 1813 3310 1874 Ἀσίας
3338 1812 3684 1873 ἐπιακᾶποις.

416 1903 511 1958 ltili
546 1902 773 1970 faciens,
806 1907 958 1959 venit
985 1901 1542 1972 Constantinopolim.
1577 1901 1796 1957 Judices
1820 1909 2003 1953 autem

417 2011 542 2050 cum
575 2009 773 2066 praeter
806 1995 1186 2068 quadraginta,
1207 1995 1345 2050 alios
1375 2009 1484 2048 non
1522 1992 1809 2064 pauciores
1838 2008 2000 2062 quam

419 2087 642 2160 triginta
701 2096 1110 2158 expectassent,
1154 2101 1334 2157 neque
1365 2085 1586 2140 adesset
1612 2084 1756 2140 ullus
1786 2099 2000 2148 eorum,

416 2194 556 2249 quos
572 2179 886 2250 sperabant,
923 2179 1018 2235 sed
1057 2193 1146 2233 res
1172 2186 1319 2234 esset
1347 2177 1496 2232 fraus
1527 2175 1814 2232 manifesta
1843 2194 1855 2231 :
1889 2175 2002 2230 Eu-

417 2271 630 2328 sebium
663 2271 907 2342 quidem.
942 2271 1247 2326 scribentes
1273 2270 1341 2326 ad
1375 2286 1489 2336 eos,
1525 2275 1617 2342 qui
1649 2270 1849 2340 ubique
1872 2278 2004 2324 sunt

417 2361 476 2417 in
522 2363 646 2417 Asia
705 2362 1013 2434 episcopos,
1074 2363 1403 2418 denuntiant
1440 2363 1998 2427 excommunicatum,

416 2453 520 2526 lpsi
539 2463 721 2510 autem
751 2456 1003 2526 posthaec
1023 2455 1090 2510 ad
1119 2465 1368 2511 sanctum
1389 2456 1589 2510 reverti
1609 2459 1997 2512 decreverunt.

419 2545 540 2614 Quo
581 2547 635 2602 in
667 2547 788 2603 loco
828 2565 953 2604 cum
989 2548 1042 2602 in
1075 2547 1371 2604 Eusebium
1397 2549 1741 2613 incidissent,
1770 2563 2000 2603 accusa-

418 2639 551 2695 bant
575 2641 721 2712 quod
762 2644 936 2712 pactis
961 2642 1248 2698 conventis
1299 2657 1409 2697 non
1445 2641 1705 2697 stetisset.
1743 2641 1833 2696 Ille
1869 2656 2001 2696 vero

415 2743 672 2788 causatus
703 2734 949 2805 corporis
984 2735 1369 2799 valetudinem,
1414 2735 1593 2789 adhuc
1638 2733 2001 2804 pollicebatur

415 2841 474 2882 se
499 2841 620 2883 esse
657 2837 824 2883 testes
871 2829 1268 2899 producturum
1298 2847 1310 2880 :
1341 2828 1536 2883 ludens
1591 2827 1680 2882 ille
1731 2827 1786 2882 in
1822 2826 1908 2890 iis,
1942 2825 1996 2880 in

413 2918 612 2988 quibus
639 2935 747 2974 non
779 2931 860 2975 est
884 2919 1206 2981 ludendum,
1238 2929 1291 2974 et
1322 2935 1426 2974 nec
1454 2935 1675 2973 manum
1706 2917 1996 2980 reveritus,

413 3025 576 3081 quam
607 3011 754 3083 gravi
787 3011 1049 3068 affecerat
1076 3012 1298 3082 injuria.
1333 3023 1388 3067 et
1413 3029 1576 3082 quam
1603 3012 1841 3066 habebat
1871 3026 1997 3066 con-

415 3105 583 3159 sciam
619 3106 739 3174 ejus
792 3105 1177 3174 improbitatis.
1225 3105 1329 3160 Sed
1363 3106 1604 3167 interim,
1643 3104 1782 3176 proh
1817 3105 1993 3166 dolor,

412 3197 725 3252 Antoninus
751 3197 1053 3252 exceditex
1078 3198 1181 3252 hac
1217 3199 1322 3253 vita
1363 3207 1460 3253 :et
1489 3198 1567 3253 sic
1603 3197 1822 3268 quidem
1858 3213 1996 3268 pra:-

416 3302 544 3346 seus
581 3288 771 3361 (ιη’υείι
804 3289 1094 3360 judicium,
1124 3290 1614 3360 quomodocunque
1656 3290 1871 3360 potuit;
1911 3289 1998 3342 fu-

417 3391 598 3438 turum
643 3393 823 3440 autem
851 3385 1075 3439 omnino
1107 3393 1406 3454 exspectat,
1426 3392 1482 3438 et
1507 3383 1651 3453 quod
1683 3398 1793 3436 non
1818 3390 1998 3452 potest

416 3473 826 3530 circumveniri.
860 3474 1000 3541 Quid
1029 3486 1149 3545 post
1181 3476 1298 3530 lucc
1339 3483 1422 3530 est
1448 3474 1848 3530 consecutum?
1879 3472 1998 3527 Lit-

411 3571 542 3621 terae
569 3566 860 3620 mittuntur
881 3566 948 3620 ad
977 3575 1249 3630 sanctum,
1280 3582 1401 3638 quae
1431 3566 1596 3621 etiam
1623 3575 1782 3621 erant
1801 3581 1993 3635 preces

414 3690 480 3732 cx
503 3677 628 3732 Asia
655 3692 996 3742 communes,
1024 3686 1137 3733 tum
1164 3678 1411 3733 omnium
1439 3678 1847 3749 episcoporum,
1881 3686 1994 3730 tum

413 3772 578 3828 etiam
613 3774 1075 3845 presbyterorum,
1110 3775 1202 3844 qui
1236 3774 1398 3829 etiam
1425 3789 1550 3828 eum
1577 3773 1836 3838 rogabant
1868 3781 1922 3826 et
1945 3771 1994 3825 ei

413 3866 570 3922 valde
597 3866 996 3936 supplicabant,
1029 3883 1099 3922 ne
1129 3883 1253 3922 eum
1275 3866 1494 3937 quidem
1523 3866 1578 3920 in
1610 3865 1832 3936 scriptis
1872 3880 1995 3935 par-

411 3968 598 4013 civntes
649 3959 922 4028 adiurare,
954 3974 1062 4028 quo
1111 3975 1264 4014 suam
1298 3957 1762 4012 vehementiorem
1795 3956 1994 4010 redde-

411 4059 536 4105 rent
567 4049 907 4119 petitionem.
938 4059 996 4105 ut
1028 4050 1093 4104 ad
1125 4065 1222 4104 cos
1278 4051 1552 4114 venirent,
1587 4048 1994 4119 cxcogitaturus

408 4140 628 4211 aliquod
669 4140 972 4196 remedium
1021 4156 1212 4196 eorum
1248 4141 1520 4204 ecclesiis,
1554 4155 1676 4210 quas:
1710 4147 1765 4195 et
1816 4139 1885 4193 ab
1923 4127 1994 4193 iis

409 4231 502 4304 qui
536 4242 720 4301 partes
758 4243 1064 4302 sequuntur
1108 4233 1244 4296 Arii,
1279 4243 1335 4288 et
1363 4233 1432 4288 ab
1479 4233 1565 4292 iis.
1597 4233 1690 4302 qui
1717 4233 1872 4303 plura
1904 4232 1995 4286 ha-

408 4324 573 4380 bendi
601 4332 858 4379 tenentur
885 4324 1183 4395 cupiditate
1217 4324 1454 4395 pessime
1507 4324 1852 4379 divexautur.
1891 4323 1986 4378 Dei

406 4415 592 4486 itaque
620 4417 786 4471 homo
816 4425 871 4471 et
896 4425 1082 4487 pastor
1121 4417 1320 4482 bonus,
1354 4431 1461 4471 non
1517 4417 1768 4486 corporis
1809 4417 1990 4470 imbe-

2107 1907 2475 1980 ἀκοινώνητον
2528 1909 2772 1961 τίθενται
2799 1923 2812 1938 ⁵
2845 1908 3001 1961 αὐτοὶ
3027 1907 3084 1960 δὲ
3120 1905 3258 1977 πρὸς
3301 1905 3396 1958 τὸν
3445 1907 3603 1974 ἆγιον
3634 1906 3689 1957 τὸ

2105 2003 2291 2057 λοιπὸν
2341 2001 2760 2074 ἐπανέρχονται,
2795 2000 2922 2054 ἔνθα
2962 2001 3027 2071 δὴ
3057 2001 3154 2054 καὶ
3185 1999 3433 2070 Εύσεϐίῳ
3466 2016 3691 2068 περιτυ-

2106 2097 2296 2167 χόντες
2357 2095 2612 2163 ἐγκαλεῖν
2664 2089 2810 2164 εἶχον
2841 2093 2970 2164 περὶ
3021 2093 3132 2146 τῶν
3162 2093 3498 2164 γενομένων.
3533 2093 3596 2146 ’0
3637 2091 3692 2144 δὲ

2107 2187 2364 2260 σώματος
2419 2187 2734 2260 ἀρρωστίαν
2796 2187 3228 2250 αἰτιασάμενος,
3302 2187 3400 2239 καὶ
3454 2184 3541 2237 Est
3582 2183 3692 2238 τῶν

2109 2282 2402 2356 μαρτύρων
2467 2281 2836 2351 ἐπηγγέλλετο
2869 2282 2970 2349 τὴν
3010 2283 3376 2349 παραγωγήν.
3428 2278 3596 2334 Ἀλλά
3617 2278 3692 2348 τῷ

2107 2377 2310 2450 μεταξὺ
2342 2375 2464 2447 (φεῦ
2487 2377 2526 2446 ί)
2569 2377 2882 2439 Ἀντωνῖνος
2907 2375 3193 2428 ἀπολείπει
3221 2375 3310 2428 τὸν
3335 2372 3471 2442 βίον,
3503 2372 3600 2426 καὶ
3633 2370 3691 2422 τὸ

2107 2469 2206 2540 μὲν
2263 2468 2438 2540 παρὸν
2492 2468 2882 2536 ἀποδιδράσκει
2907 2468 3212 2537 κριτήριον,
3247 2459 3448 2535 οἷσπερ
3475 2461 3686 2533 ἴσχυσε,

2103 2563 2166 2617 τὸ
2197 2562 2390 2634 μέλλον
2419 2561 2477 2616 δὲ
2505 2563 2600 2615 καὶ
2652 2561 2952 2615 ἀδέκαστον
3004 2560 3289 2631 ἀναμένει.
3327 2558 3394 2611 Τί
3448 2558 3510 2612 τὸ
3554 2558 3688 2628 μετᾶ

2102 2656 2316 2722 ταῦτα;
2379 2657 2686 2726 γράμματα
2731 2655 3044 2725 πέμπονται
3103 2653 3238 2722 πρὸς
3282 2652 3374 2709 τὴν
3420 2651 3597 2720 ἅγιον,
3657 2648 3688 2702 θ.

2103 2750 2200 2803 καὶ
2232 2748 2386 2821 κοινὴ
2409 2749 2594 2818 δέησις
2621 2748 2870 2818 ὑπῆρχον
2911 2749 2978 2800 ἐκ
3012 2746 3112 2816 τῆς
3150 2745 3360 2808 Ἀσίας.
3405 2742 3566 2797 τοῦτο
3593 2743 3688 2812 μὲν

2103 2840 2424 2894 ἐπισκόπων
2488 2840 2710 2894 πάντων
2743 2879 2763 2906 ,
2834 2837 2994 2892 τοῦτο
3046 2837 3102 2891 δὲ
3145 2839 3243 2891 καὶ
3291 2834 3688 2906 πρεσϐυτέρων

2102 2934 2398 2999 ἀξιούντων
2437 2933 2622 2997 αὐτὸν,
2657 2932 2752 2986 καὶ
2799 2932 3004 3003 ὅρκοις,
3037 2930 3113 2994 ῶς
3144 2947 3195 2983 τι
3239 2929 3406 2983 πλέον
3451 2927 3686 2999 ἐχόντων

2102 3032 2183 3093 είς
2210 3029 2413 3091 πίστιν,
2467 3025 2926 3098 κατακιρνώντων
2981 3025 3082 3096 τὴν
3136 3024 3376 3094 αἴτησιν,
3419 3021 3518 3076 καὶ
3545 3021 3687 3075 πάνυ

2105 3122 2308 3190 σφόδρα
2361 3120 2632 3189 δεομένων
2668 3117 2804 3190 πρὸς
2851 3118 3050 3181 αὐτοὺς
3089 3115 3404 3185 ἀφικέσθαι,
3439 3117 3557 3185 ἃμα
3587 3114 3683 3184 μὲν

2101 3216 2206 3269 ὑπὸ
2243 3213 2349 3266 τῶν
2377 3214 2442 3266 τὰ
2477 3211 2689 3284 Ἀρείου
2727 3211 3166 3277 πρεσϐευόντων,
3198 3211 3316 3278 ἅμα
3354 3207 3414 3261 δὲ
3448 3208 3547 3262 καὶ
3579 3205 3685 3260 ὑπὸ

2101 3308 2208 3361 τῶν
2273 3306 2614 3360 πλεονεκτεῖν
2672 3304 2965 3376 ᾑρημένων
2996 3307 3114 3366 ταῖς
3145 3291 3464 3373 ἐκκλησίαις
3504 3301 3681 3356 αὐτῶν

2101 3400 2183 3454 ὅτι
2216 3399 2452 3472 μάλιστα
2494 3399 2834 3470 πασχούσαις
2892 3398 3077 3460 κακῶς
3121 3397 3420 3468 θεραπείαν
3465 3398 3682 3464 ἐπινοή-

2104 3511 2286 3548 σοντα.
2325 3491 2386 3545 Ὀ
2417 3492 2598 3545 τοίνυν
2651 3490 2745 3544 τοῦ
2804 3489 2942 3544 Θεοῦ
2998 3489 3284 3561 ἅνθρωπος
3339 3492 3433 3544 καὶ
3479 3489 3718 3558 ποιμὴν.

2099 3587 2325 3659 ἀληθὴς,
2345 3587 2405 3639 ού
2428 3585 2679 3656 σώματος
2709 3584 3016 3650 ἀσθένειαν,
3053 3585 3111 3638 οὐ
3141 3585 3316 3654 μῆκος
3348 3584 3674 3655 ὁδοιπορίας.

2099 3681 2161 3733 ού
2197 3679 2467 3750 χειμῶνος
2520 3678 2842 3748 δυσχέρειαν
2900 3679 3115 3748 (τούτου
3168 3680 3277 3751 γάρ
3304 3675 3371 3750 ἦν
3405 3681 3433 3734 ὁ
3465 3678 3672 3746 καιρὸς)

2099 3773 2199 3825 οὐκ
2225 3770 2352 3825 ἄλλο
2373 3787 2428 3824 τι
2452 3769 2696 3824 τοιοῦτον
2741 3769 2895 3822 οὐδὲν
2949 3771 3436 3842 ὑπολογισάμενος,
3469 3772 3502 3841 ἡ
3530 3769 3674 3838 βιαία

2098 3864 2185 3918 διά
2245 3865 2481 3933 Χριστὸν
2549 3863 2698 3935 ψυχὴ
2757 3867 2852 3919 καὶ
2907 3865 3235 3934 φιλόνεικος,
3273 3866 3369 3919 καὶ
3413 3867 3671 3936 κρείττων

2098 3957 2208 4012 τῶν
2237 3956 2331 4010 τοῦ
2371 3957 2624 4026 σώματος
2647 3958 2928 4026 ἀναγκῶν,
2964 3959 3100 4013 ἀλλά
3137 3959 3310 4030 μικρά
3363 3959 3539 4012 πάντα
3579 3957 3669 4008 καὶ

2099 4068 2166 4103 πε
2177 4051 2229 4121 pl.
2279 4050 2564 4120 ἐλαχίστου
2605 4049 2834 4118 θέμενος
2862 4051 2964 4120 τῆς
2988 4051 3096 4105 τῶν
3122 4050 3433 4122 ἐκκλησιῶν
3456 4051 3669 4123 διορθῶ-

2100 4161 2258 4206 σεως,
2315 4141 2499 4194 πλοίου
2553 4142 2749 4206 ἐπιϐἀς
2801 4143 3026 4214 ἡμερῶν
3051 4144 3222 4214 τριῶν
3250 4148 3328 4209 εἷς
3370 4146 3668 4214 Ἀπάμειαν

2097 4238 2327 4305 γίνεται.
2349 4234 2518 4289 Ἔνθα
2536 4236 2600 4306 δὴ
2627 4235 2837 4300 Παῦλος
2864 4238 2957 4290 καὶ
2989 4239 3222 4309 Κυρῖνος
3259 4239 3356 4292 καὶ
3380 4238 3667 4300 Παλλάδιες

2094 4332 2143 4384 οἱ
2165 4330 2453 4384 ἐπίσκοποι
2506 4331 2908 4402 προσμένοντες
2953 4327 3092 4402 ἦσαν
3134 4331 3380 4402 (τούτους
3421 4332 3527 4399 γάρ
3580 4332 3667 4385 καί

2097 4421 2238 4489 ἔγνω
2268 4421 2635 4492 συνεκδήμους
2658 4422 2889 4494 λαϐεῖν),
2933 4423 3052 4492 μεθ’
3077 4418 3152 4476 ὧν
3179 4427 3270 4477 καὶ
3296 4425 3437 4495 πεζῇ
3457 4426 3554 4495 τὴν
3571 4441 3664 4476 πο-

405 4509 710 4572 cillitatem,
742 4523 850 4564 non
881 4508 982 4564 viae
1013 4508 1431 4579 longitudinem,
1467 4524 1577 4563 non
1611 4507 1822 4579 bycmis
1849 4505 1988 4561 ditii-

2101 4513 2250 4584 ρείαν
2280 4513 2460 4568 ἀνύων
2493 4513 2909 4584 καταλαμϐάνει
2932 4515 3029 4587 τὴν
3061 4517 3318 4585 Ἔφεσον.
3347 4520 3552 4582 Πάντες
3577 4514 3666 4570 οὖν

405 4601 686 4667 cultatem,
712 4602 854 4671 (erat
885 4601 1031 4655 enim
1058 4609 1188 4654 tunc
1208 4601 1326 4670 ejus
1357 4602 1615 4669 tempus),
1641 4616 1749 4652 non
1784 4598 1989 4667 aliquid

406 4694 556 4750 aliud
579 4694 875 4764 repudians
905 4710 967 4750 ac
989 4693 1312 4759 formidans,
1337 4694 1577 4750 violenta
1630 4693 1717 4746 illa
1749 4701 1806 4746 et
1833 4708 1989 4746 accr-

405 4787 542 4840 rima
563 4797 783 4855 prOpIer
808 4784 1085 4840 Christum
1117 4787 1318 4846 anima,
1339 4785 1434 4839 sed
1471 4785 1586 4839 btec
1606 4784 1789 4838 omnia
1822 4799 1986 4853 parva

403 4887 461 4932 et
483 4877 644 4932 nihili
669 4879 876 4934 ducens
898 4896 998 4951 pro
1023 4897 1155 4935 cura
1181 4875 1572 4941 Ecclesiarum,
1608 4894 1804 4933 navem
1853 4894 1988 4934 con-

402 4965 698 5034 scendens,
750 4969 925 5024 tribus
975 4969 1166 5024 diebus
1202 4969 1350 5023 venit
1398 4967 1716 5037 Apameam.
1768 4965 1886 5034 Quo
1927 4969 1983 5023 in

402 5055 524 5112 loco
547 5055 748 5113 Paulus
789 5074 1006 5130 quoque
1055 5068 1110 5114 et
1163 5059 1428 5125 Quirinus
1478 5069 1532 5113 et
1587 5059 1839 5113 Paladius
1869 5059 1981 5134 (15)

407 5148 649 5220 episcopi
694 5166 820 5205 eum
874 5152 1266 5222 exspectabant
1328 5151 1464 5221 (eos
1521 5151 1670 5207 enim
1718 5161 1983 5208 statuerat

403 5255 590 5298 secum
661 5241 861 5297 ducere
918 5243 971 5297 in
1030 5243 1578 5315 peregrinationem),
1611 5259 1735 5300 cum
1778 5244 1979 5314 quibus

398 5330 630 5401 pedibus
664 5332 783 5388 sine
817 5349 970 5390 mora
996 5335 1097 5390 iter
1131 5335 1453 5402 conﬁciens,
1494 5336 1648 5391 venit
1675 5337 1975 5408 Ephesum.

397 5421 605 5482 Omnes
633 5441 762 5498 ergo
795 5426 1064 5499 Lydorum
1097 5439 1152 5484 et
1174 5429 1468 5502 Phrygum,
1501 5428 1630 5500 quin
1681 5428 1844 5484 etiam
1872 5427 1978 5484 Ca-

397 5532 519 5573 rum
549 5520 816 5592 episcOpi,
849 5536 959 5576 non
988 5521 1274 5593 pauciores
1315 5537 1476 5594 quam
1513 5523 1881 5594 septuaginta.
1922 5533 1977 5578 et

396 5609 710 5684 quicunque
768 5629 832 5669 ex
890 5614 1032 5670 Asia:
1067 5615 1267 5686 populo
1322 5624 1477 5670 erant
1541 5614 1804 5686 insignes,
1869 5614 1975 5670 Ιαιι

468 5789 579 5861 (15)
609 5793 830 5862 Cyrinus
871 5793 1026 5850 habet
1057 5794 1254 5850 Pallad.

2095 4605 2280 4656 Λυδῶν
2309 4606 2402 4658 καὶ
2447 4607 2676 4676 Φρυγῶν
2723 4608 3035 4675 ἐπίσκοποι,
3071 4610 3207 4680 πρὸς
3238 4609 3295 4664 δὲ
3346 4613 3438 4665 καλ⁵
3477 4609 3665 4682 Καρῶν

2092 4695 2192 4749 οὐκ
2219 4697 2476 4761 ἐλάττους
2498 4699 2652 4762 ὄντες
2676 4700 2783 4752 τῶν
2807 4701 3201 4770 ἐϐδομήκοντα,
3226 4703 3322 4756 καὶ
3350 4706 3530 4756 πᾶσαν
3550 4703 3665 4756 ὅσον

2091 4785 2183 4839 τοῦ
2215 4787 2456 4859 πλήθους
2506 4789 2605 4858 τῆς
2642 4789 2827 4850 Ἀσίας
2870 4792 3136 4861 ἐπιφανὲς
3178 4793 3340 4865 ἡδονῇ
3376 4796 3526 4866 πάσῃ
3549 4811 3664 4846 συν-

2090 4877 2302 4950 έρρεον,
2350 4880 2474 4950 ὄψιν
2514 4881 2728 4953 ἐκείνην
2770 4883 3164 4954 ἐπιθυμοῦντες
3190 4886 3344 4950 ἰδεῖν,
3449 4888 3576 4940 πολὺ
3607 4885 3663 4937 τὸ

2089 4969 2149 5034 ἐξ
2190 4971 2391 5040 ἀρετῆς
2421 4972 2576 5042 ἤνθει
2601 4973 2816 5044 χάριεν,
2846 4973 3092 5046 γλώττης
3117 4993 3176 5028 τε
3192 4976 3660 5032 άκοῦσαιποθοῦν-

2086 5078 2178 5126 τες
2236 5061 2335 5132 ἡδύ
2366 5079 2418 5116 τι
2453 5065 2548 5118 καὶ
2597 5066 2759 5120 καλὸν
2786 5068 2934 5136 νᾶμα
2968 5067 3196 5140 ῥεούσης
3220 5071 3300 5133 εἰς
3341 5072 3443 5134 τὰς
3471 5069 3660 5141 ψυχάς.

2087 5154 2234 5225 Πρδς
2289 5155 2500 5220 τούτοις
2524 5158 2616 5210 καὶ
2655 5158 2916 5223 Εὐσέϐιος
2945 5160 3126 5232 παρῆν
3164 5163 3374 5225 ἐκεῖνος
3404 5166 3432 5216 ὁ
3474 5164 3664 5216 Ἀντω-

2087 5245 2234 5298 νίνου
2291 5249 2620 5319 κατήγορος,
2651 5248 2880 5319 λυθῆναι
2914 5251 2978 5322 δὴ
3009 5251 3102 5306 τοῦ
3139 5254 3457 5323 ἀφορισμοῦ
3487 5254 3663 5323 δεόμεο

2088 5355 2200 5403 νος,
2247 5342 2343 5394 καὶ
2399 5341 2533 5410 πρὸς
2575 5344 2860 5398 κοινωνίαν
2892 5346 3328 5417 παραδεχθῆναι.
3375 5350 3581 5402 Ὄντων
3608 5345 3661 5400 δὲ

2087 5432 2194 5484 τῶν
2224 5434 2616 5502 ἀντιλεγόντων
2661 5437 2976 5492 ἐπισκόπων
3011 5438 3086 5510 μὴ
3113 5438 3225 5493 δεῖν
3254 5440 3658 5512 παραδέξασθαι

2089 5524 2455 5596 συκοφάντην,
2485 5527 2649 5593 αὐτὸς
2697 5529 2793 5584 καὶ
2827 5531 2953 5595 τοὺς
2979 5531 3266 5603 μάρτυρας
3311 5533 3547 5604 ἑτοίμως
3569 5532 3658 5586 καὶ

2088 5616 2218 5678 τοὺς
2255 5617 2480 5686 χρυσίου
2512 5621 2612 5692 τὴν
2658 5624 2998 5694 χειροτονίαν
3033 5626 3329 5698 εἰληφότας
3373 5627 3654 5703 διετείνετο
