3834 6482
154 317 333 385 “1125

1264 324 1441 388 VITA
1485 327 1548 390 S.
1587 327 1909 390 IOANNIS
1946 332 2505 397 CHRYSOSTOMI.

3316 337 3449 407 11%

181 444 584 518 παραστήσιιν.
650 445 839 515 Ἔδοξε
870 448 1164 521 τοιγαροῦν
1187 454 1253 522 τῇ
1277 453 1482 524 συνόδῳ
1520 454 1595 523 μὴ
1653 458 1759 524 χεῖ-

1870 475 2036 532 ocyus
2058 463 2433 531 conﬂuebant,
2480 452 2689 518 vultum
2716 461 2870 517 illum
2917 460 3103 518 videre
3138 459 3445 531 cupientes,

182 556 276 610 pov
324 533 504 623 εἷναι,
553 537 656 594 κᾶν
699 542 728 594 ό
768 542 830 595 τὸ
885 542 1147 613 ἀργύριον
1211 544 1451 615 εἰληφὼς
1496 546 1713 600 ἁπεδίω
1748 588 1763 604 .

178 631 298 685 ἀλλ’
352 626 447 687 οὖν
503 649 568 703 γε
620 633 710 687 διὰ
756 634 883 699 τοὺς
929 635 1234 702 δεδωκότας
1275 639 1355 702 είς
1409 639 1659 708 ἐξέτασιν
1705 641 1767 693 τὸ

179 725 416 797 πρᾶγμα
450 729 660 780 πεσεῖν.
705 727 1108 799 Παραχθέντων
1134 731 1317 786 τοίνυν
1338 731 1450 786 τῶν
1497 734 1600 805 ἤδη
1640 750 1766 786 συν-

176 816 445 871 τεθέντων
494 818 932 891 ὑπομνημάτων,
962 824 1331 896 παρίστανται
1369 826 1468 897 μὲν
1520 827 1571 880 οἱ
1628 845 1766 882 κατ-

175 909 543 982 ηγορούμενοι
587 911 698 966 τῶν
727 915 1067 983 ἐπισκόπων,
1116 918 1481 990 παρίστανται
1513 920 1568 974 δὲ
1596 923 1690 975 καὶ
1713 922 1764 974 oi

180 1003 482 1074 μάρτυρες,
523 999 719 1077 οἷσπερ
742 1006 806 1078 δὴ
848 1007 908 1062 τὸ
940 1009 1256 1082 ἀπόρρητον
1308 1013 1613 1085 ἐγνωρίσθη
1665 1015 1765 1085 τῆς

175 1096 271 1149 ἐπὶ
314 1098 592 1168 χρήμασιν
617 1097 862 1171 ἀθέσμου
900 1104 1257 1172 χειροτονίας.
1307 1106 1511 1176 Πρῶτα
1547 1108 1647 1178 μὲν
1670 1107 1765 1161 οὖν

174 1189 547 1260 ἀπαγόρευσις
587 1191 808 1260 ἐφάπαξ
834 1193 943 1247 τῶν
979 1197 1421 1268 προτεινομένων
1459 1200 1552 1252 καὶ
1585 1199 1763 1270 ἄρνη-

130 1332 143 1341 ,
175 1296 286 1343 σις.
333 1281 501 1344 mea
555 1283 606 1335 εί
684 1286 963 1355 μάρτυρες
1022 1287 1275 1358 ἤλεγχον,
1341 1291 1523 1345 τόπων
1565 1292 1764 1354 αὐτοὺς

176 1372 688 1446 ὑπομιμνήσκοντες
704 1378 800 1430 καὶ
828 1378 1060 1450 καιρῶν,
1089 1381 1262 1451 αὑτήν
1280 1398 1337 1434 τε
1356 1382 1458 1454 τὴν
1491 1384 1766 1454 ποσότητα

171 1465 288 1519 τῶν
319 1467 619 1537 δεδομένων
661 1471 1129 1543 ἀπαριθμοῦντες,
1165 1474 1262 1528 καὶ
1298 1475 1411 1547 εῖδη
1443 1476 1554 1530 τῶν
1573 1478 1764 1549 ἐνεχὺ-

174 1576 292 1632 ρων
343 1563 421 1625 είς
443 1561 504 1614 τὸ
539 1562 768 1634 ἀκριϐὲς
823 1565 1290 1636 ἀπαγγέλλοντες,
1339 1569 1762 1641 δυσωπηθέντες

169 1655 227 1707 οἱ
258 1654 728 1728 κατηγορούμενοι
783 1658 883 1731 τὴν
941 1661 1090 1729 σαφῆ
1134 1662 1244 1716 τῶν
1276 1661 1584 1735 λεγομένων
1631 1666 1766 1738 ἀλή-

169 1745 352 1811 θειαν,
389 1743 506 1801 εἶτα
567 1750 664 1803 καὶ
716 1750 808 1805 τὸν
855 1752 1097 1822 ἄφυκτον
1128 1754 1393 1828 δικαστὴν
1423 1758 1485 1812 τὸ
1517 1759 1763 1827 συνειδὸς

168 1841 341 1893 παίον
370 1839 473 1893 οὐκ
515 1842 858 1911 ἐνεγκόντες,
889 1846 1252 1916 ὁμολογοῦσιν
1284 1849 1630 1919 ἐπειπόντες,
1677 1854 1759 1909 ὅτι

169 1930 449 2004 Τοιαύτην
504 1933 842 2006 ἐνομίσαμεν
892 1934 1032 1994 εἶναι
1073 1940 1388 2012 συνήθειαν,
1423 1946 1525 2000 καὶ
1551 1945 1638 2000 ἵνα
1663 1945 1759 2000 τοῦ

171 2022 588 2098 βουλευτηρίου,
647 2021 803 2102 ᾧπερ
860 2025 1338 2102 ἦμενὺποτελεῖς
1370 2077 1386 2101 ,
1432 2038 1761 2112 ἀπαλλαγὴν

169 2118 444 2190 σχοίημεν
468 2136 483 2151 ·
549 2119 647 2174 νῦν
681 2121 760 2189 δὲ,
789 2123 838 2176 εί
871 2124 972 2193 μὲν
1025 2124 1173 2181 ὅσιον
1204 2128 1300 2183 καὶ
1327 2130 1476 2200 ἡμᾶς
1505 2131 1615 2184 τῶν
1648 2132 1760 2186 λει-

165 2210 420 2283 τουργῶν
447 2207 587 2266 εἶναι
613 2216 713 2286 τῆς
756 2215 1092 2289 Ἐκκλησίας
1113 2235 1128 2251 ’
1168 2221 1218 2274 εί
1246 2220 1292 2275 δ’
1321 2216 1437 2289 οὖν,
1472 2222 1588 2277 ἀλλ’
1622 2224 1761 2298 ὅπερ

167 2303 633 2377 καταϐεϐλήμεθα
655 2308 879 2380 χρυσίον
900 2311 1196 2368 ἀναλαϐεῖν
1219 2314 1575 2374 δικαιώσατε.
1596 2321 1694 2373 Ἔν
1704 2339 1759 2376 ια

167 2395 287 2469 γὰρ
305 2397 395 2451 καὶ
416 2402 515 2470 τῆς
530 2399 640 2454 τῶν
659 2403 937 2472 γυναικῶν
953 2405 1204 2477 κτήσεως
1223 2407 1413 2479 ἔλεγον
1434 2407 1596 2466 εῖναι.
1619 2413 1763 2485 [Ῑρδς

167 2488 350 2544 ταῦτα
390 2491 483 2546 τὸν
524 2493 724 2564 μέγαν,
766 2495 910 2565 Ἐγὼ
951 2497 1073 2569 μὲν.
1115 2501 1308 2570 φάναι,
1339 2502 1434 2558 τοῦ
1466 2503 1763 2578 βουλευτη-

172 2583 299 2655 ρίου
354 2584 496 2655 ὑμᾶς
528 2587 915 2660 λκαλλάξαιμι,
949 2590 1169 2663 αίτησιν
1200 2594 1361 2650 τοῦτο
1403 2595 1659 2668 θέμενος,
1681 2601 1764 2665 είς

175 2673 429 2745 βασιλέαο
463 2677 591 2749 ὑμῖν
614 2679 671 2733 δὲ
710 2680 957 2752 μελήσει,
1008 2684 1147 2757 πρὸς
1179 2685 1280 2758 τὴν
1338 2688 1557 2745 σύνοδον
1608 2688 1764 2748 εἶπεν

171 2769 556 2841 ἐπιστραφεὶς,
595 2771 655 2825 τδ
699 2773 853 2845 παρά
883 2774 996 2828 τῶν
1035 2777 1352 2835 ’Λντωνίνου
1407 2781 1762 2857 κληρονόμων

167 2861 521 2927 ἀνασωθῆναι
542 2865 733 2950 ,αὐτοῖς
785 2866 820 2922 ὃ.
859 2868 1182 2927 δεδώκασιν.
1224 2873 1531 2947 Ἐψηφίσθη
1580 2878 1761 2935 τοίνυν

168 2953 339 3045 εὐθὺς
367 2955 658 3011 ἀναλαϐεῖν
689 2960 786 3029 μὲν
812 2961 1011 3027 αὐτοὺς
1040 2966 1101 3018 τδ
1133 2967 1377 3038 χρυσίον,
1398 2969 1500 3040 τῆς
1531 2971 1590 3045 δέ
1611 2971 1762 3045 ίερωο

173 3044 347 3118 σΰνης
379 3049 660 3122 ἐκστῆναι,
691 3053 822 3108 είσω
846 3053 901 3109 δέ
925 3054 1020 3109 τοῦ
1044 3056 1433 3134 θυσιαστηρίου
1463 3042 1571 3119 τῶν
1598 3042 1759 3136 ἁγια-

1869 555 1923 610 in
1953 572 2062 626 quo
2123 555 2354 612 ﬂorebat
2383 571 2578 630 magna
2623 555 2842 612 virtutis
2879 554 3072 627 gratia,
3118 562 3173 610 et
3203 554 3446 625 linguam

1869 649 2059 704 audire
2088 650 2392 721 cupientes,
2428 665 2550 720 quae
2573 649 2800 720 pulchre
2839 657 2894 703 et
2924 646 3164 703 suaviter
3186 644 3449 700 inﬂuebat

1869 744 1923 799 in
1949 743 2178 800 animas.
2215 744 2389 800 Simul
2419 754 2599 799 autem
2627 744 2813 802 aderat
2833 743 2997 799 etiam
3047 742 3139 798 ille
3172 740 3445 797 Eusebius

1866 846 2156 894 accusator
2198 836 2480 901 Antonini,
2530 852 2729 908 rogans
2770 843 2831 891 ut
2878 835 3255 892 absolveretur
3301 848 3330 887 a
3367 847 3453 886 se-

1868 932 2207 1005 gregatione,
2228 938 2283 986 et
2309 939 2369 985 ut
2390 930 2776 985 admitteretur
2806 929 3068 998 deinceps
3097 926 3162 981 ad
3203 941 3451 981 commu-
3480 971 3489 975 _

1866 1027 2112 1082 nionem.
2167 1024 2306 1081 Cum
2349 1033 2535 1077 autem
2582 1021 2825 1093 episcopi
2874 1019 3333 1080 contradicerrnt,
3366 1015 3450 1072 di-

1867 1129 2057 1175 eentes
2127 1134 2238 1195 non
2293 1126 2550 1187 oportere
2603 1115 2895 1171 admittere
2955 1111 3448 1173 calumniatorem.

1867 1211 1987 1282 ipse
2013 1210 2148 1266 dicit
2184 1225 2244 1266 se
2275 1225 2386 1264 non
2417 1221 2539 1264 esse
2589 1206 3057 1283 calumniatorem,
3086 1203 3181 1259 sed
3211 1202 3449 1257 alIirma-

1867 1304 1960 1360 bat
1988 1320 2047 1359 se
2074 1311 2129 1358 et
2158 1311 2439 1359 momento
2490 1300 2756 1372 temporis
2788 1307 2960 1361 testes
2990 1313 3112 1352 esse
3149 1296 3450 1368 productu-

1868 1413 2012 1465 rum,
2050 1406 2106 1452 et
2123 1412 2219 1451 eos
2252 1395 2343 1466 qui
2374 1411 2508 1450 auro
2555 1394 2777 1449 fuerant
2822 1392 3083 1455 ordinati.
3144 1390 3331 1445 Visum
3365 1399 3452 1445 est

1866 1491 2053 1561 itaque
2082 1489 2308 1562 Synodo,
2335 1488 2550 1544 etiamsi
2579 1502 2610 1543 e
2638 1486 2745 1544 vita
2774 1485 3099 1545 excessisset
3136 1485 3202 1549 is,
3244 1483 3337 1554 qui
3367 1499 3456 1552 pe.

1866 1584 2082 1640 cuniam
2114 1591 2419 1655 acceperat,
2477 1580 2661 1636 satius.
2699 1588 2884 1634 tamen
2942 1593 3065 1634 esse
3118 1586 3337 1648 prepter
3358 1589 3454 1631 eos

1866 1679 1960 1747 qui
1990 1666 2431 1745 dederant,‘rem
2481 1673 2678 1731 deduci
2701 1673 2766 1728 ad
2798 1671 3283 1727 exanimationem.
3324 1668 3456 1725 Pro-

1867 1770 2048 1826 ductis
2085 1769 2269 1842 itaque
2317 1767 2477 1829 actis.
2519 1783 2639 1839 quae
2685 1766 2796 1838 jam
2852 1763 3070 1820 fuerant
3123 1762 3449 1834 composita,

1865 1861 2133 1919 sistuntur
2161 1862 2382 1933 quidem
2414 1858 2681 1931 episcopi,
2749 1856 2842 1928 qui
2897 1855 3336 1911 accusabantur:
3377 1852 3451 1909 si—

1862 1961 2082 2008 stuntur
2132 1963 2315 2008 autem
2371 1951 2534 2007 etiam
2567 1956 2735 2004 testes
2784 1952 3210 2016 consequenter,
3251 1943 3452 2014 quibus

1861 2055 2052 2103 notum
2073 2052 2192 2102 erat
2226 2059 2489 2101 arcanum
2517 2041 2746 2097 nefarias
2769 2048 2995 2112 propter
3017 2037 3278 2108 pecunias
3297 2036 3452 2092 factae

1862 2139 2246 2197 ordinationis.
2277 2137 2455 2209 Atque
2479 2135 2716 2207 primum
2749 2132 2970 2205 quidem
3015 2129 3257 2202 perfecta
3283 2145 3451 2201 nega-

1864 2235 1941 2290 tio
1990 2247 2203 2295 eorum,
2247 2245 2371 2302 quae
2424 2217 2938 2302 objiciebantur,iet
2992 2222 3138 2293 quod
3170 2236 3257 2277 res
3305 2228 3450 2277 esset

1864 2338 2053 2401 aperta
2088 2325 2364 2383 calumnia
2396 2323 2492 2393 (ita
2523 2322 2670 2378 enim
2713 2318 2970 2376 dicebant
2998 2316 3056 2383 ii,
3096 2316 3188 2387 qui
3219 2328 3447 2371 accusa-

1863 2418 2108 2489 bantur),
2131 2434 2252 2489 qute
2272 2415 2411 2473 nihil
2435 2413 2673 2470 habebat
2690 2410 2806 2467 sani
2833 2424 2933 2465 uec
2957 2406 3094 2463 firmi
3111 2422 3175 2462 ex
3199 2405 3449 2462 veritate.

1863 2514 2001 2571 Cum
2032 2522 2215 2569 autem
2279 2506 2702 2582 probationibus
2753 2519 2847 2560 eos
2879 2509 3048 2559 testes
3089 2500 3306 2556 assidue
3345 2499 3452 2554 im-

1862 2614 2135 2680 peterent,
2158 2604 2239 2660 eis
2270 2604 2387 2658 loca
2411 2608 2466 2656 et
2497 2608 2743 2670 tempora
2798 2603 3125 2652 revocantes
3152 2592 3208 2648 in
3244 2605 3453 2647 memo-

1863 2698 2026 2765 riam,
2060 2705 2119 2754 et
2149 2694 2509 2768 quantitatem
2553 2704 2766 2752 eorum,
2798 2703 2921 2759 qua:
2969 2686 3147 2742 soluta
3183 2683 3399 2739 fuerant
3433 2701 3447 2738 :

1862 2791 1996 2865 quin
2020 2790 2184 2847 etiam
2210 2787 2421 2861 species
2436 2800 2649 2851 eorum,
2682 2797 2802 2853 quae
2820 2781 2945 2836 data
2969 2787 3117 2835 sunt.
3144 2775 3412 2833 referrent
3432 2793 3448 2831 ;

1864 2901 1990 2943 cum
2023 2884 2144 2942 hmo
2191 2882 2265 2938 ita
2319 2890 2507 2936 essent
2557 2877 2768 2944 valida,
2800 2873 3023 2932 reveriti
3073 2871 3149 2927 illi
3204 2878 3449 2943 apertam

1863 2993 2079 3044 eorum,
2110 2992 2232 3047 qua:
2262 2972 2609 3032 dicebantur.
2648 2968 2935 3026 veritatem
2968 2973 3065 3022 :et
3111 2964 3313 3022 deinde
3336 2964 3451 3019 ine-

1864 3069 2142 3127 vitabilem
2166 3066 2406 3139 judicem
2435 3063 2743 3137 pulsantem
2762 3077 2870 3117 non
2897 3059 3133 3117 ferentes
3156 3057 3447 3115 conscien-

171 3143 403 3236 σμάτων
458 3144 619 3215 μόνον
669 3147 921 3219 μετέχειν
944 3165 959 3180 ·
990 3149 1080 3205 ἵνα
1130 3151 1205 3225 μὴ
1238 3153 1429 3210 τούτου
1469 3174 1757 3234 συγχωρη-

1865 3165 2018 3231 tiam,
2051 3162 2455 3235 persuadentur
2478 3167 2534 3214 et
2562 3157 2801 3214 fatentur
2819 3171 2934 3211 rem
2984 3168 3109 3211 vere
3144 3153 3216 3209 ita
3247 3167 3307 3209 se
3346 3151 3448 3208 ha-

169 3234 360 3300 θὲντος
389 3238 624 3308 πρᾶγμα
694 3239 963 3313 πονηρίας
1010 3242 1238 3316 ἔσχατον
1278 3247 1591 3305 ἐπιλάϐοιτο
1635 3270 1761 3308 συν-

168 3326 388 3400 ηθείας,
408 3329 505 3401 τὴν
529 3331 854 3404 ἱερωσύνην,
884 3335 1023 3407 ὅπερ
1044 3336 1107 3407 δὴ
1126 3340 1220 3394 καὶ
1240 3338 1373 3395 Θεοῦ
1392 3342 1599 3416 δωρεὰν
1619 3341 1759 3403 εἶναι

166 3420 424 3493 λέτομενν
458 3423 737 3496 χρήμασιν
768 3426 984 3500 ὠνητὴν
1015 3421 1286 3498 γίνεσθαι,
1311 3437 1407 3491 καὶ
1448 3436 1760 3506 Ἰουδαϊκῶς

165 3515 605 3581 καπηλεόεσθαι.
640 3518 828 3575 Ταῦ-τα
854 3521 922 3575 δι’
954 3523 1182 3596 ἡμερῶν
1232 3514 1499 3584 πλειόνων
1537 3548 1756 3589 κανονι-

166 3608 290 3674 κῶς
316 3609 620 3682 κρίναντες,
650 3614 745 3668 καὶ
778 3615 1171 3689 ὑπομνήμασιν
1215 3622 1545 3695 ἀνάγραπτα
1572 3645 1758 3700 παρα-

166 3701 354 3768 δόντες
383 3705 836 3770 ἀντικαθιστῶσιν
868 3710 1094 3768 ἐκείνων
1121 3716 1241 3779 ταῖς
1263 3717 1584 3786 ἐκκλησίαις
1614 3720 1759 3795 λόγῳ

162 3811 232 3851 τε
264 3797 357 3850 καὶ
387 3796 487 3868 βίῳ
506 3798 1068 3873 διακεκοσμημένους,
1088 3808 1183 3860 καὶ
1196 3806 1377 3862 αὐτῶν
1397 3811 1759 3884 εὐγνωμόνως

171 3891 245 3961 τῇ
275 3889 373 3946 τοῦ
404 3892 643 3963 μεγάλου
668 3894 846 3965 κρίσει
878 3899 1303 3967 στοιχησόιντων,
1333 3903 1429 3956 καὶ
1451 3904 1511 3958 τὸ
1539 3908 1761 3977 πρόστι-

177 4000 283 4053 μον
316 3985 666 4057 ὑποσχόντων
713 3989 812 4059 τῆς
843 3989 1221 4061 καθαιρέσεως
1244 4012 1258 4028 υ
1291 3995 1352 4050 οὐ
1413 3997 1640 4065 τούτους
1699 4001 1758 4056 δὲ

172 4076 363 4146 μόνον,
387 4078 437 4133 οῖ
494 4079 554 4146 ἒξ
607 4079 701 4135 τὸν
737 4082 971 4153 ἀριθμὸν
1009 4079 1173 4156 ἦσαν,
1227 4088 1364 4145 ἀλλὰ
1394 4093 1490 4147 καὶ
1532 4093 1755 4166 ἑτέρους

172 4170 497 4243 ἰσαρίθμους
539 4174 714 4246 εὑρὼν
747 4178 1029 4248 χρήμασιν
1079 4181 1370 4251 ἐγκρατεῖς
1411 4184 1519 4239 τῶν
1556 4187 1758 4260 ἐκκλη-

170 4264 309 4318 σιῶν
336 4268 682 4336 γενομένους,
715 4270 1060 4342 ἀποστολικῷ
1084 4275 1273 4330 κανόνι
1299 4276 1573 4335 καθεῖλεν.
1608 4282 1760 4336 Ἐπι-

168 4353 338 4418 εικῶς
366 4354 422 4409 δὲ
477 4351 545 4427 ἦν
577 4358 676 4420 τὰς
702 4361 1038 4432 χειροτονίας
1069 4364 1551 4438 ἐξακριϐούμενος,
1593 4373 1756 4446 μέχρι

164 4464 231 4501 τε
263 4447 457 4504 ⁸τολλοῦ
504 4452 602 4522 τὴν
639 4451 871 4522 βάσανον
902 4458 1271 4527 παρατείνων,
1309 4462 1401 4517 καὶ
1433 4463 1624 4537 ὥσπερ
1669 4486 1756 4534 τις

164 4539 342 4595 Λυδία
365 4540 508 4605 λίθος,¹
526 4544 584 4595 ἐν
608 4543 782 4615 τούτῳ
802 4546 994 4609 τελῶν,
1015 4548 1158 4604 ὥστε
1175 4553 1303 4616 τοὺς
1331 4554 1756 4627 ἐγκρινομένους

167 4631 232 4685 οὐ
262 4631 536 4703 καθαροὺς
567 4632 705 4688 εἶναι
743 4638 924 4708 μόνον,
952 4639 1088 4695 ἀλλὰ
1124 4644 1334 4717 καὶτὸν
1359 4647 1562 4718 τρόπον
1588 4651 1753 4719 ἀφιλ-

161 4722 466 4794 αργύρους,
521 4729 619 4782 καὶ
673 4729 934 4796 καθάπαξ
992 4733 1417 4808 ἀνεπιλήπτους.
1488 4740 1650 4798 Οὕτω
1695 4744 1752 4799 δὲ

163 4816 460 4887 ἀκριΰείας
490 4820 650 4890 ἔχων,
691 4825 786 4877 καὶ
816 4824 1014 4888 αὐτοὺς
1046 4826 1211 4882 πάλιν
1242 4830 1370 4895 τοὺς
1411 4850 1751 4904 χειροτονου-

168 4908 377 5000 μένους
401 4910 800 4982 διησφαλίζετο,
820 4918 916 4971 καὶ
930 4917 991 4971 τὸ
1013 4918 1108 4973 τοῦ
1138 4918 1465 4978 Ἀποστόλου
1495 4927 1753 5000 παρῄνει,

164 4999 365 5072 μηδενὶ
416 5004 628 5074 ταχέως
668 5010 854 5078 χεῖρας
898 5008 1226 5077 ἐπιτιθέναι,
1281 5014 1405 5086 μηδ’
1457 5017 1755 5090 ἁμαρτίαις

160 5097 444 5151 κοινωνεῖν
468 5097 798 5170 ἀλλοτρίαις.
817 5103 1133 5159 Ἀντωνίνου
1150 5106 1249 5178 μὲν
1269 5103 1364 5163 οὖν
1392 5110 1754 5182 ἀπολιπόντος

155 5185 258 5239 τὸν
294 5185 409 5258 βῖον
462 5188 672 5261 (ὥσπερ
722 5192 826 5264 ἥδη
878 5193 1190 5264 φθάσαντες
1230 5199 1630 5275 ἐδηλώσαμεν),
1671 5207 1750 5272 είς

156 5276 259 5332 τὸν
318 5280 483 5335 αὑτοῦ
507 5281 698 5354 θρόνον
732 5283 761 5336 ό
792 5285 967 5356 μέγας
996 5288 1050 5359 (ἡ
1098 5290 1335 5362 Ἔφεσος
1360 5294 1416 5349 δὲ
1465 5290 1618 5361 οὗτος
1655 5293 1748 5372 ἦν)

174 5373 539 5447 Ἡρακλείδην
586 5382 922 5451 χειροτονεῖ,
980 5383 1234 5455 Κύπριον
1296 5386 1399 5457 μὶν
1454 5389 1513 5443 τὸ
1565 5390 1746 5459 γένος,

160 5463 444 5560 enotatis:
474 5468 743 5527 διάκονον.
779 5468 914 5528 Εἶτα
943 5474 1156 5530 πολλῶν
1191 5478 1292 5549 μὲν
1321 5479 1472 5551 βίους
1495 5483 1573 5556 τῷ
1605 5485 1750 5560 λόγῳ

153 5557 524 5650 διακαθάρας,
564 5562 771 5628 πολλὰς.
793 5564 852 5620 δὲ
886 5567 981 5621 καὶ
1001 5567 1109 5622 τῶν
1138 5566 1501 5629 Ναυατιανῶν
1552 5557 1751 5650 mar,-

158 5649 309 5717 σίας,
363 5652 460 5708 καὶ
501 5652 706 5709 τούτων
742 5654 864 5711 ὅσαι
907 5658 1017 5713 τῶν
1070 5649 1749 5734 τεσσαρεσκαιδεκατιτῶν

237 5810 282 5844 ⁸³
316 5809 357 5866 ll
396 5809 568 5871 Marb.
609 5830 682 5885 χι,
719 5817 774 5873 5.

1862 3259 2016 3326 bere,
2052 3256 2444 3327 subjungentes
2475 3270 2489 3308 :
2517 3250 2960 3307 Evistimavimus
2978 3248 3140 3305 talem
3167 3262 3287 3303 esse
3315 3261 3447 3303 con-

1863 3352 2231 3417 suetudinem,
2276 3357 2335 3403 ut
2366 3348 2748 3411 liberaremur,
2794 3344 3033 3408 aiebant,
3068 3358 3098 3398 a
3153 3341 3324 3402 curia.
3360 3341 3447 3397 eui

1862 3461 2081 3502 eramus
2112 3443 2353 3505 obnoxii.
2390 3442 2548 3497 Nunc
2584 3438 2840 3494 :llliCl‘DSi
2883 3435 2966 3491 fas
3010 3435 3229 3507 quidem
3262 3434 3350 3499 sit,
3389 3446 3447 3488 ut

1862 3540 2035 3595 simus
2077 3552 2143 3592 ex
2201 3533 2467 3590 ministris
2519 3530 2781 3588 Ecclesiae
2823 3530 2956 3585 :sin
2999 3528 3201 3593 minus,
3249 3543 3445 3581 aurum

1863 3631 2079 3696 saltem,
2115 3628 2260 3700 quod
2290 3626 2575 3690 solvimus,
2625 3622 2806 3679 velitis
2827 3621 2988 3677 nobis
3016 3620 3272 3686 reddere,
3304 3635 3448 3674 non-

1860 3725 1995 3781 nulli
2024 3724 2170 3781 enim
2218 3722 2472 3778 dicebant
2512 3720 2591 3784 id,
2623 3718 2767 3789 quod
2796 3717 3036 3773 solutum
3092 3715 3290 3779 fuerat,
3322 3730 3447 3769 esse

1861 3834 1925 3875 ex
1942 3815 2104 3874 bonis
2130 3829 2380 3871 uxorum.
2407 3812 2489 3869 Ad
2525 3812 2644 3867 hate
2667 3825 2895 3887 magnus
2924 3809 3015 3864 ille
3048 3825 3062 3862 :
3096 3806 3440 3879 Ego,inquit.

1861 3914 2003 3970 dabo
2027 3926 2275 3984 operam,
2307 3919 2366 3964 ut
2398 3923 2493 3964 vos
2534 3922 2563 3963 a
2594 3906 2745 3963 curia
2792 3903 3124 3970 libcremini,
3161 3917 3258 3974 pro
3286 3917 3349 3957 ea
3386 3916 3447 3956 re

1861 4008 2126 4079 petitione
2148 4005 2330 4062 oblata
2353 4000 2696 4074 imperatori,
2742 3999 2900 4056 vobis
2934 4006 3118 4053 autem
3163 4011 3310 4051 curae
3339 3994 3447 4053 erit

1860 4099 2107 4160 omnino,
2142 4096 2281 4153 dixit
2329 4109 2631 4150 conversus
2665 4091 2729 4147 ad
2772 4090 3066 4163 synodum,
3117 4097 3179 4144 ut
3204 4088 3284 4144 eis
3309 4103 3446 4144 con—

1860 4198 2167 4254 serventur,
2211 4204 2278 4243 οι
2305 4184 2568 4242 Antonini
2597 4183 2809 4239 scilicet
2859 4181 3190 4246 hzrredibus,
3231 4195 3295 4236 ea
3326 4195 3449 4252 qure

1860 4285 1962 4356 ipsi
1986 4283 2288 4340 solverunt.
2314 4279 2569 4335 Protinus
2587 4293 2716 4350 ergo
2734 4278 3015 4333 decretum
3041 4284 3146 4341 est,
3172 4284 3232 4330 ut
3250 4289 3447 4330 aurum

1859 4377 2079 4448 quidem
2107 4375 2213 4429 illis
2247 4373 2573 4428 redderetur
2603 4387 2618 4426 :
2654 4370 3003 4440 privarentur
3034 4377 3215 4423 autem
3268 4382 3449 4422 sacer-

1860 4471 2032 4527 dolio.
2062 4467 2177 4525 Hoc
2209 4466 2383 4522 solum
2433 4466 2513 4521 eis
2543 4464 2730 4518 datum
2775 4472 2880 4525 est,
2912 4470 2969 4516 ut
2998 4461 3168 4516 altare
3191 4459 3443 4532 ingressi,

1862 4562 2156 4635 participes
2193 4556 2382 4616 es‘seut
2438 4554 2905 4613 sanetiﬁcatorum
2952 4572 2967 4610 :
3020 4569 3090 4608 ne
3138 4557 3229 4607 r'es
3282 4551 3445 4623 longe

1861 4656 2097 4730 pessima
2121 4652 2333 4711 veniret
2358 4652 2411 4708 in
2441 4649 2914 4711 consuetudinem,
2943 4647 3027 4702 vel
3052 4644 3441 4708 sacerdotium,

1858 4747 2004 4818 quod
2030 4744 2121 4800 Dei
2155 4743 2359 4800 donum
2391 4756 2513 4797 esse
2542 4739 2796 4806 dicimus,
2827 4745 2975 4793 esset
3033 4734 3226 4792 venale
3273 4749 3444 4806 pecu-

1857 4840 1990 4906 niis,
2024 4847 2081 4893 et
2116 4835 2344 4893 Judaice
2367 4834 2489 4905 ejus
2515 4832 2668 4889 fieret
2692 4831 3022 4903 cauponatio
3045 4829 3113 4884 ".
3157 4827 3293 4883 Cum
3325 4826 3445 4883 haec

1855 4929 2108 5003 pluribus
2127 4928 2322 4985 diebus
2352 4925 2617 4983 canonice
2647 4923 3012 4995 iudicassent,
3049 4929 3104 4977 et
3134 4921 3336 4993 scripta
3386 4919 3442 4975 in

1853 5030 1973 5079 acta
2001 5021 2337 5087 retulissent,
2367 5033 2557 5075 eorum
2585 5018 2707 5073 loco
2733 5015 3078 5072 constituunt
3105 5014 3157 5069 in
3176 5012 3441 5085 Ecclesiis

1852 5118 2003 5172 viros
2036 5115 2204 5172 verbo
2234 5123 2292 5171 et
2316 5113 2426 5168 vita
2480 5120 2724 5168 ornatos.
2759 5107 2877 5166 Non
2917 5110 3018 5165 bos
3043 5116 3224 5164 autem
3258 5107 3438 5164 solum

1850 5210 1944 5282 qui
1976 5216 2243 5266 erantsex
2262 5221 2510 5269 numero,
2536 5204 2633 5261 sed
2653 5203 2788 5259 alios
2818 5200 3433 5274 quoquetotidemeum

1851 5318 2082 5376 magnus
2108 5301 2198 5357 ille
2229 5300 2532 5356 invenisset
2560 5296 2809 5370 pecuniis
2847 5294 3118 5352 invasisse
3162 5294 3217 5348 iu
3254 5283 3434 5349 eccle-

1848 5374 1982 5462 sias,
2036 5409 2132 5452 eos
2163 5392 2534 5451 ecclesiastica
2583 5390 2771 5463 regula
2802 5388 3074 5462 deposuit.
3121 5385 3252 5442 Erat
3281 5374 3430 5441 enim

1850 5488 1941 5545 ille
1992 5502 2116 5544 cum
2181 5487 2236 5543 in
2284 5484 2499 5543 caeteris
2559 5484 2780 5556 quidem
2833 5483 3000 5540 rebus
3048 5474 3440 5539 ecclesiasticis

1850 5589 2075 5639 cautus.
2106 5588 2161 5637 et
2220 5579 2488 5652 diligens,
2560 5586 2675 5635 tum
2723 5577 2781 5633 in
2834 5572 3272 5633 ordinationibus
3306 5567 3436 5626 dili-

1851 5670 2208 5743 gentissimus
2260 5678 2318 5727 et
2364 5668 2828 5738 accuratissimus,
2887 5676 2943 5723 et
2991 5665 3085 5723 diu
3124 5652 3433 5738 producent
