3834 6474
480 397 616 464 1135
1645 437 1647 440 ι
1708 395 1996 459 MENSIS

2124 393 2487 462 NUARIUS.
2741 390 2750 397 ’
3578 390 3707 459 1138

432 510 675 582 pendunt
732 508 837 566 hoc
887 492 1266 582 spectaculum
1300 525 1424 566 cum
1457 519 1683 580 stupore
1704 519 2011 566 narrarunt.

2130 513 2195 566 ix
2243 511 2343 581 τῆς
2397 509 2670 582 βασιλίδος
2733 510 3086 591 ὠνειροπδλει
3140 510 3398 582 βοήθειαν
3431 508 3483 577 ,”
3507 509 3711 579 φαύλην

435 602 528 658 Illa
556 613 736 659 autem
771 603 980 674 stupuit
1005 603 1226 675 quidem
1257 605 1373 674 ipsa
1397 618 1636 673 quoque,
1666 618 1788 657 eum
1813 603 2011 658 andiis—

2128 600 2297 659 οὖσαν
2362 603 2556 677 ῥοπὴν,
2610 603 2728 668 καὶ,
2794 604 2856 658 τὸ
2910 604 3007 658 τοῦ
3051 604 3251 668 λόγου,
3310 600 3540 672 συκίνην
3581 604 3713 654 ἑπι-

432 704 536 760 set,
606 706 658 752 et
708 698 776 753 de
828 714 928 753 suo
974 708 1157 768 empto
1213 697 1417 768 aliquid
1477 697 1691 751 remisit
1748 698 2011 767 protinus.

2130 696 2378 768 κουρίαν,
2425 697 2607 750 οἴκαδε
2663 694 2889 768 πέμψας
2941 698 3073 770 παρ’
3130 695 3322 750 ἑαυτοῦ
3377 695 3438 748 τὸ
3489 693 3711 766 χρυσίον

436 787 582 845 Solet
619 793 788 857 enim,
822 793 966 862 quod
1006 793 1220 848 'mentis
1256 793 1478 847 levitate
1499 792 1750 870 celeriter
1782 791 2011 866 suseipi-

2128 794 2193 862 τῇ
2223 792 2448 860 γυναικὶ
2479 790 2856 870 κατατίθεται,
2878 793 2982 845 -καὶ
3021 791 3164 844 οὕτω
3195 791 3294 860 τῆς
3319 789 3515 860 ινοχῆς
3543 785 3712 844 61:31-

434 888 541 940 tur,
579 882 857 938 celeritate
885 900 1102 955 quoque
1127 885 1290 938 simili
1318 885 1591 940 excidere.
1630 864 1833 938 Deinde
1858 864 2020 952 paulo
2129 880 2404 936 λαττεται.

433 985 555 1041 pust
576 979 642 1029 ad
678 993 903 1046 scopum
948 981 1183 1047 priorem
1245 979 1560 1042 revertitur,
1610 988 1666 1032 et
1735 977 2056 1030 Frumentio
2094 978 2329 1044 quodam
2394 977 2462 1031 ad
2493 991 2618 1031 eum
2681 976 2870 1041 misso,
2911 977 3113 1045 (neque
3150 976 3296 1030 enim
3328 983 3436 1030 tam
3465 988 3589 1030 esse
3619 988 3710 1028 ne-

432 1066 721 1140 gligentem
754 1057 1439 1141 sinebatamorpecunize)
1468 1071 1630 1137 jussit
1662 1075 2014 1140 persuasione
2056 1070 2237 1138 potius
2277 1070 2494 1140 aggredi
2547 1071 2924 1141 .pmpositutn.
2993 1070 3214 1156 .iIagnus
3252 1080 3438 1124 autem
3484 1069 3708 1122 minimo

431 1177 628 1232 parens
692 1163 806 1231 ejus
845 1163 1153 1225 blanditiis,
1209 1163 1345 1218 dixit
1382 1181 1394 1217 :
1437 1157 1550 1217 Nam
1577 1162 1718 1232 quod
1769 1162 2012 1216 delecter
2055 1160 2261 1221 litibus,
2337 1176 2514 1230 neque
2575 1161 2718 1230 quod
2765 1161 3090 1232 iinpet'atrici
3117 1160 3374 1216 resistere
3402 1157 3707 1226 statuerim.

431 1260 585 1315 vobis
635 1261 825 1315 videar
850 1277 970 1316 esse
997 1277 1163 1331 supra
1199 1261 1420 1315 modum
1459 1260 1860 1324 contentiosus,
1938 1272 2047 1311 non
2089 1272 2185 1326 per
2250 1271 2432 1312 sacras
2457 1258 2603 1328 leges
2621 1268 2675 1312 ct
2703 1257 2885 1312 divina
2919 1272 3128 1319 eorum,
3167 1257 3259 1326 qui
3287 1263 3704 1326 praecesserunt,

432 1357 689 1424 dogmata
721 1368 774 1414 et
840 1359 1160 1430 disciplinas
1195 1376 1207 1412 :
1277 1358 1371 1413 sed
1425 1357 1585 1412 simul
1622 1346 1844 1426 quidem
1904 1353 2103 1422 injuiia
2144 1355 2393 1407 allectum
2439 1354 2738 1429 defendens
2795 1354 3038 1419 viduam,
3077 1363 3130 1407 et
3157 1369 3278 1422 qua:
3335 1355 3489 1407 omni
3526 1352 3711 1423 egebat

429 1453 661 1515 auxilio.
730 1463 785 1509 et
826 1454 1194 1524 imperatricis
1231 1453 1423 1508 animre
1470 1455 1698 1508 salutem
1776 1467 2099 1524 procurans,
2139 1451 2219 1508 sic
2272 1452 2455 1506 videar
2496 1453 2889 1513 contradicere.
2961 1454 3098 1507 Cum
3155 1454 3379 1507 sanctus
3442 1452 3608 1506 talem
3633 1451 3710 1503 dc-

412 1549 600 1630 .disset
642 1549 1078 1618 responsionem.
1130 1561 1185 1605 et
1232 1549 1565 1604 ostendisset
1624 1566 1682 1605 se
1747 1550 1886 1604 nilnl
1939 1565 2060 1605 esse
2099 1565 2406 1613 cessurum,
2466 1550 2559 1620 qui
2625 1561 2808 1605 autem
2889 1549 3094 1606 l‘ererat
3143 1551 3424 1619 injuriam,
3490 1549 3708 1602 vidisset

427 1663 646 1707 omnem
699 1663 852 1718 spem
906 1662 1029 1701 esse
1106 1647 1211 1701 sibi
1272 1647 1480 1702 irritam
1509 1687 1524 1711 ,
1565 1655 1620 1701 et
1694 1645 2083 1717 imperatrieis,
2124 1662 2288 1716 quam
2357 1646 2682 1711 somniabat,
2729 1663 2888 1716 opem
2921 1647 3056 1701 nihil
3090 1648 3292 1702 habere
3334 1647 3629 1706 momenti,
3660 1662 3708 1708 ιιι

427 1757 549 1797 esse
587 1740 746 1811 plane
780 1738 1097 1806 lieulneum,
1128 1746 1188 1793 ut
1220 1737 1446 1804 dicitur,
1476 1738 1762 1806 auxilium,
1825 1739 2048 1795 domum
2090 1741 2334 1808 mittens,
2395 1756 2591 1796 aurum
2646 1741 2894 1796 exsolvit.
2947 1742 3160 1796 mulieri
3197 1759 3209 1794 ι
3241 1751 3296 1797 et
3335 1741 3421 1796 sic
3450 1741 3710 1795 liberatur

427 1835 498 1892 ab
526 1835 880 1904 obligatione.

495 1928 739 1993 XXXIII.
809 1928 976 1982 l‘aulo
1014 1937 1137 1999 post
1192 1940 1374 1985 autem
1425 1929 1671 1986 Eudovia
1717 1932 2011 2001 (qurerebat

2197 1925 2318 1983 AI“.
2366 1925 2561 1995 Ὀλίγῳ
2598 1921 2653 1975 δὲ
2690 1921 2916 1994 ὕστερον
2949 1923 2981 1994 ἡ
3013 1909 3240 1987 Εὑδοξία
3275 1921 3536 1976 στείλασα
3580 1924 3708 1993 πρὶς

427 2023 575 2078 enim
610 2021 867 2087 faciendi,
917 2037 1038 2091 qu:e
1070 2023 1253 2084 vellet,
1284 2023 1613 2084 libertatem’.
1635 2041 1730 2080 seu
1757 2026 1897 2080 bene
1920 2043 2018 2080 seu

429 2130 590 2171 secus
643 2131 702 2168 se
754 2114 1042 2177 haberent,
1091 2125 1147 2169 et
1193 2116 1470 2170 nemiuem
1503 2133 1648 2180 esse,
1678 2121 1769 2188 qui
1803 2131 2022 2174 contra-

429 2205 658 2266 diceret)
696 2204 920 2258 mittens
945 2205 1013 2257 ad
1044 2214 1328 2269 sanctum,
1365 2215 1419 2260 et
1449 2209 1643 2274 partim
1679 2210 1898 2278 quidem
1923 2211 2025 2264 mi-

428 2297 539 2362 nis,
563 2297 755 2367 partim
782 2307 965 2350 autetn
995 2286 1276 2350 blanditiis
1304 2313 1428 2352 eum
1461 2301 1806 2370 aggrediens,
1833 2305 2024 2358 suadet

429 2399 491 2444 ut
519 2390 733 2444 desinat
767 2389 904 2444 velle
935 2389 982 2442 ei
1018 2389 1296 2453 resistere,
1334 2389 1526 2445 dicens
1564 2411 1575 2444 :
1607 2392 1713 2447 Sed
1747 2403 2022 2462 oporteret

430 2489 486 2536 te
540 2493 678 2534 “esse
756 2489 1074 2558 cuntettlttnt
1137 2480 1561 2558 ecclesiasticis,
1645 2483 1823 2538 civilia
1894 2501 2023 2540 vero

428 2573 656 2628 omnino
687 2588 793 2626 non
825 2573 1033 2634 subire,
1057 2573 1152 2627 sed
1178 2574 1258 2628 eis
1309 2554 1506 2630 cedere
1567 2576 2015 2646 imperatoribus,

427 2666 703 2736 quomodo
733 2666 833 2737 ipsi
873 2667 966 2721 tibi
1001 2682 1192 2721 rursus
1229 2667 1618 2722 ecclesiaSIicis
1648 2685 1900 2737 :cessar_e
1924 2686 2023 2726 au-

429 2767 541 2816 tem
602 2770 796 2814 contra
829 2773 915 2813 tne
938 2760 1236 2815 conciones
1268 2762 1468 2813 habere
1510 2761 1565 2813 in
1595 2762 1865 2828 ecclesiis.
1886 2759 2020 2817 Nam

427 2867 529 2924 ego
577 2853 797 2922 quidem
861 2839 1145 2922 hucusque
1184 2860 1235 2906 te
1277 2852 1560 2907 observavi
1601 2860 1661 2907 ut
1714 2863 2025 2924 paticm,et

426 2954 740 3016 paternum,
792 2953 850 2999 ut
898 2945 1081 3000 sciunt
1107 2959 1320 3006 omnes,
1382 2945 1647 3000 honorem
1707 2947 1800 3001 tibi
1831 2948 2018 3002 tribui.

427 3037 516 3092 Tu
543 3048 727 3093 autem
758 3037 862 3091 nisi
893 3037 962 3092 de
991 3045 1188 3092 ca-tero
1230 3038 1283 3091 in
1314 3055 1416 3092 nos
1438 3038 1607 3092 lueris
1637 3039 1849 3100 melior,
1880 3042 2023 3095 scias

427 3145 519 3186 me
564 3147 675 3184 non
735 3145 857 3186 esse
923 3131 1300 3185 toleraturam.
1354 3130 1449 3186 llis
1507 3149 1736 3204 magnus
1781 3131 2024 3188 Joannes

427 3237 625 3294 magna
677 3220 907 3277 allectus
963 3223 1182 3278 tristitia
1242 3223 1487 3293 (videbat
1557 3228 1704 3280 enim
1763 3242 1858 3280 cor
1904 3227 2024 3295 ejus

2125 2024 2216 2077 τὸν
2248 2021 2443 2092 μέγαν,
2487 2019 2582 2072 καὶ
2612 2017 2769 2071 τοῦτο
2797 2015 2896 2086 μὲν
2939 2015 3188 2078 ἀπειλαῖς
3225 2016 3303 2086 τῷ
3333 2017 3516 2069 δοκεῖν
3555 2019 3711 2084 ἐκφε-

2127 2116 2318 2179 6οὖσα,
2355 2114 2513 2167 τοῦτο
2546 2113 2603 2165 δὲ
2660 2111 2753 2164 καὶ
2808 2111 3122 2174 κολακείαις
3166 2111 3521 2181 ὑπερχομένη
3573 2113 3708 2163 ἀπο·

2128 2194 2337 2268 στῆναί
2370 2204 2604 2276 παρῄνει
2661 2203 2761 2271 τῆς
2803 2201 2938 2273 πρὸς
2992 2201 3165 2272 ,αὐτὴν
3215 2202 3566 2264 ἀντιτυπίας,
3599 2202 3708 2267 καὶ,

2128 2301 2370 2362 Παῦσαι,
2424 2299 2613 2365 ἔλεγε,
2658 2298 2769 2358 τοῖς
2815 2296 3294 2364 ὲκκλησιαστικοῖς
3349 2294 3712 2366 ἀρκούμενος,

2127 2396 2221 2449 καὶ
2252 2394 2326 2464 μὴ
2349 2394 2443 2446 καὶ
2469 2393 2580 2452 τοῖς
2609 2390 2904 2452 πολιτικοῖς
2932 2389 3340 2459 παραδυόμενος
3365 2388 3713 2458 πράγμασιν,

2125 2477 2262 2540 ἀλλὰ
2300 2485 2506 2538 τούτων
2538 2486 2647 2546 τοῖς
2673 2481 2952 2552 βασιλεῦσι
2985 2480 3356 2551 παραχωρῶν,
3393 2479 3585 2550 ὥσπερ
3623 2482 3712 2532 καὶ

2128 2579 2286 2633 αύτοί
2345 2595 2428 2630 σοι
2469 2575 2632 2628 πάλιν
2677 2573 2785 2629 τῶν
2840 2568 3318 2640 ἑκκλησιαστικῶν
3363 2571 3707 2638 ἀφίστανται.

2127 2669 2340 2724 Παῦσαι
2367 2669 2424 2720 δέ
2461 2684 2561 2737 μου
2605 2655 2815 2718 καὶτοῦ
2863 2667 2921 2716 ὲν
2952 2663 3271 2733 ἐκκλησίαις
3324 2663 3708 2733 καταδημητο.

2127 2765 2266 2835 ρεῖν.
2305 2758 2446 2828 Ἐγὼ
2494 2759 2594 2830 μὲν
2627 2761 2736 2826 γὰρ
2780 2756 2942 2826 μέχρι
2981 2757 3074 2826 τῆς
3126 2755 3250 2826 ἄρτι
3283 2755 3378 2808 καὶ
3430 2755 3510 2818 ὠς
3551 2755 3710 2826 πατρὶ

2125 2857 2436 2926 προσεῖχον,
2470 2854 2565 2906 καὶ
2595 2853 2872 2921 πατρικήν
2909 2867 2989 2902 σοι
3022 2851 3216 2919 ἔνεμον
3251 2848 3346 2920 τὴν
3385 2850 3557 2919 τιμήν
3582 2866 3595 2879 ·
3633 2850 3708 2902 σοὶ

2123 2948 2182 3002 δὲ
2217 2949 2265 2998 εί
2306 2948 2381 3018 μὴ
2429 2944 2623 3016 βελτίω
2653 2944 2714 2994 τὸ
2761 2943 2948 2994 λοιπὸν
2992 2941 3060 2993 τὰ
3095 2941 3228 3012 πρὸς
3271 2943 3422 3011 ἡμᾶς
3460 2940 3708 3010 γένηται,

2127 3041 2237 3094 ἴσθι
2269 3057 2334 3109 με
2381 3040 2455 3108 μὴ
2509 3036 2864 3104 ἀνεξομένην.
2902 3036 3066 3105 ,Πρὸς
3109 3034 3283 3087 ταῦτα
3341 3034 3462 3087 λίαν
3509 3036 3713 3096 ἐκεῖνος

2125 3132 2428 3202 περιαλγὴς
2458 3130 2754 3198 γενόμενος
2792 3130 2962 3196 (ἑώρα
2996 3128 3105 3196 γὰρ
3145 3129 3312 3196 αὐτῆς
3343 3128 3443 3197 τὴν
3485 3123 3734 3196 καρδίαν

2125 3223 2421 3275 ὠδίνουσαν
2446 3221 2684 3290 ἀδικίαν)
2705 3221 2879 3289 ,⁸1ῧμὲ,
2904 3220 3006 3288 ἔφη
3030 3219 3164 3300 πρὸς
3185 3221 3309 3281 τοὺς
3333 3219 3710 3289 πεμφθέντας,

427 3315 704 3388 parturire
767 3315 1113 3384 injustitiam,
1155 3315 1481 3371 et'laborcm
1546 3319 1794 3386 improbe.
1838 3320 1994 3373 conci

2128 3316 2420 3370 πολιτικῶν
2445 3315 2744 3382 ἀποστῆναι
2777 3313 2987 3365 κελεύει
3027 3315 3370 3382 πραγμάτων
3396 3328 3408 3340 '
3453 3311 3568 3379 ἐγὼ
3595 3328 3712 3363 τοσο

428 3423 586 3479 pere,
640 3418 696 3464 et
759 3411 1141 3480 iniquitatem,
1189 3419 1251 3463 ut
1308 3410 1444 3466 dicit
1497 3413 1718 3467 divinus
1766 3413 2023 3478 Dmid”,

427 3501 670 3572 parcre),
698 3500 835 3554 dixit
869 3501 955 3566 iis,
984 3503 1076 3572 qui
1115 3501 1272 3557 missi
1312 3501 1567 3558 fuerant:
1598 3503 1762 3558 .Iubet
1793 3521 1880 3558 tne
1924 3505 2022 3559 ab-

429 3594 657 3656 scedere
697 3610 726 3648 a
760 3595 923 3649 rebus
947 3595 1218 3652 civilibus.
1287 3595 1523 3653 Tantum
1553 3605 1734 3651 autem
1762 3599 1935 3661 abest,
1967 3605 2026 3652 ut

429 3701 522 3741 res
562 3687 828 3758 attingam
885 3689 1198 3744 mundanas
1235 3699 1291 3745 et
1329 3691 1540 3757 civiles,
1575 3701 1633 3744 ut
1683 3691 1786 3745 sim
1847 3692 1914 3745 ab
1945 3691 2024 3747 eis

428 3787 540 3835 tam
589 3781 827 3847 alienus,
883 3797 1044 3852 quam
1077 3782 1136 3848 ii,
1179 3783 1272 3853 qui
1331 3784 1423 3838 diu
1455 3794 1582 3840 ante
1635 3794 1764 3839 sunt
1795 3786 2017 3850 mortui,

428 3873 626 3928 remoti
657 3882 788 3927 sunt
826 3888 856 3926 a
897 3874 1062 3928 rebus
1091 3890 1211 3943 qua:
1233 3875 1298 3929 ad
1330 3877 1532 3930 victum
1561 3876 1841 3946 peititietit
1870 3893 1884 3930 :
1927 3877 2036 3942 sed,

427 3983 553 4024 cum
586 3969 691 4022 sim
732 3968 1047 4038 episcopus,
1076 3977 1132 4023 et
1160 3968 1294 4022 mihi
1324 3970 1616 4023 Commissa
1649 3969 1719 4025 sit
1749 3986 1877 4024 cura
1908 3970 2022 4024 ani-
2059 3962 2067 3970 ’

425 4077 663 4127 marum,
687 4074 934 4131 apertum
972 4063 1086 4118 scio
1125 4077 1248 4118 esse
1283 4061 1611 4132 periculum,
1649 4076 1756 4115 non
1786 4077 2021 4133 arguere

428 4153 794 4224 iniquitatem.
854 4153 1060 4210 Vereor
1102 4156 1271 4215 enim,
1305 4169 1374 4208 nc
1401 4153 1468 4208 de
1488 4156 1656 4208 nobis
1689 4171 1906 4224 quoque
1936 4155 2022 4209 di-

427 4257 584 4302 catur
629 4245 759 4318 illud
804 4247 947 4303 Osee
993 4265 1007 4302 :
1052 4267 1070 4300 ι
1114 4247 1450 4302 Celaveruut
1505 4248 1819 4303 sacerdotes
1877 4247 2020 4316 viam

426 4335 715 4392 Domini“
773 4354 786 4392 :
832 4357 850 4390 ι
907 4338 950 4392 si
984 4353 1107 4404 nos,
1163 4352 1286 4392 cum
1332 4338 1536 4406 injuste
1573 4338 1790 4410 aliquid
1821 4341 2019 4395 admit-

425 4437 593 4493 tatur,
631 4429 683 4484 id
722 4429 966 4485 feramus
1017 4429 1260 4485 silentio.
1293 4428 1400 4484 Sed
1447 4446 1570 4485 eum
1621 4448 1862 4503 quoque,
1918 4433 2012 4504 qui

425 4529 639 4594 peccat,
693 4520 853 4592 jubet
903 4535 1098 4575 rursus
1123 4520 1342 4576 divinus
1373 4521 1636 4576 Paulus"
1673 4539 1854 4578 coram
1895 4539 2016 4578 om-

2127 3408 2282 3460 οὖτον
2305 3407 2409 3460 δέω
2440 3407 2723 3476 κοσμικὼν
2749 3406 2784 3474 ἦ
2812 3407 3104 3458 πολιτικῶν
3137 3404 3468 3474 φροντίζειν,
3503 3405 3627 3457 ὅσον
3653 3419 3711 3469 γε

2127 3503 2220 3552 καὶ
2255 3500 2304 3552 oi
2334 3499 2505 3552 πάλαι
2539 3501 2791 3560 θανόντες
2825 3498 3096 3568 βιωτικῶν
3126 3500 3529 3567 ἀφεστήκασιν.
3567 3499 3712 3550 Ἐπί-

2128 3611 2328 3656 σκοπος
2369 3593 2424 3646 δὲ
2463 3591 2539 3646 ὣν
2573 3594 2664 3645 καὶ
2707 3593 2895 3662 ψυχῶν
2943 3593 3306 3664 ἐγχειρισθεὶς
3354 3593 3706 3663 προστασίαν,

2124 3687 2186 3740 οὺ
2214 3686 2451 3756 δύναμαι
2485 3685 2934 3756 παρανομοῦντας
2965 3686 3040 3756 μὴ
3064 3687 3329 3755 ἐλέγχειν.
3361 3686 3428 3738 Τί
3455 3687 3565 3756 γὰρ
3589 3686 3712 3740 ἄλλο

2125 3781 2158 3850 ὴ
2197 3781 2424 3848 ὲντολή;
2485 3779 2768 3845 Ἐλεγξον,
2829 3781 3013 3848 φησὶν,
3057 3779 3420 3849 ἐπιτίμησον,
3454 3779 3701 3849 παρακάο

2125 3870 2305 3924 λεσον.
2344 3872 2454 3924 Καὶ
2484 3869 2574 3922 τὸν
2607 3869 2991 3940 ἁμαρτάνοντα
3042 3871 3204 3922 πάλιν
3254 3871 3470 3922 κελεύει
3501 3874 3529 3922 ὁ
3574 3871 3709 3933 θεῖος

2125 3964 2335 4028 Παῦλος
2373 3963 2605 4017 ἐνώπιον
2637 3965 2854 4016 πάντων
2886 3965 3151 4032 ἐλέγχειν.
3183 3963 3269 4016 ἵνα
3316 3965 3412 4018 καὶ
3435 3967 3483 4016 οί
3516 3964 3705 4025 λοιποὶ,

2125 4059 2281 4127 φησὶ,
2321 4057 2484 4126 φόϐον
2544 4036 2762 4126 ἔχωσιν.
2798 4057 2991 4127 Ἡμεῖς
3041 4057 3097 4108 δὲ
3154 4057 3314 4109 οὐδὲν
3358 4056 3577 4126 ἐκείνην
3627 4054 3707 4108 ἐπ’

2122 4152 2420 4222 ἐκκλησίας
2471 4150 2606 4218 πρὸς
2675 4150 2848 4218 ὄνομα
2893 4151 3012 4203 οὐδὲ
3071 4151 3324 4221 φανερῶς
3378 4151 3706 4220 ᾑλέγξαμεν,

2121 4244 2263 4298 ὣστε
2303 4249 2368 4316 τῇ
2411 4244 2648 4315 βασιλίδι
2688 4243 2810 4296 καθ’
2844 4245 3002 4313 ἡμῶν
3037 4245 3216 4314 μάτην
3247 4245 3280 4314 ἡ
3312 4244 3656 4315 ἀγανάκτησι
3689 4282 3705 4297 .

2122 4340 2185 4394 El
2237 4333 2292 4392 δὲ
2347 4342 2375 4394 ὁ
2426 4340 2583 4408 λόγος
2637 4342 2790 4408 κοινῇ
2845 4340 2984 4392 κατᾶ
3050 4339 3156 4391 τῶν
3220 4340 3561 4411 φιλαρε,·υρίᾳ
3619 4341 3708 4391 καὶ

2121 4432 2300 4493 ἄλλοις
2334 4431 2561 4485 πάθεσιν
2612 4431 2928 4483 ὑπευθύνων
2979 4430 3280 4502 φερόμενος
3329 4432 3490 4485 ἐνίων
3528 4431 3713 4485 δάκνει

2120 4525 2182 4577 τὸ
2237 4523 2517 4588 συνειδὸς,
2581 4524 2750 4594 μηδὲν
2809 4525 2940 4594 ἡμῖν
3002 4526 3202 4578 ἐκείνοι
3230 4565 3248 4590 ,
3308 4525 3424 4578 ἀλλ’
3495 4526 3705 4585 ἑαυτοῖς

424 4614 588 4670 nibus
614 4627 870 4682 arguere,
918 4623 978 4666 ut
1008 4611 1225 4682 reliqui,
1251 4613 1450 4684 inquit,
1471 4615 1719 4668 timorem
1759 4615 2011 4669 habeant.

2124 4615 2554 4683 ἐγκαλείτωσαν.
2593 4613 2779 4668 Ταῦτα
2814 4616 2911 4669 καὶ
2938 4616 3072 4669 ἄλλα
3102 4616 3315 4679 τούτοις
3348 4619 3707 4686 παραπλήσια

424 4703 535 4758 Nos
565 4711 753 4756 autem
784 4701 922 4758 nihil
957 4701 1105 4758 illam
1137 4704 1194 4757 in
1230 4703 1506 4767 ecclesiis,
1553 4718 1732 4773 neque
1763 4706 2017 4760 ttontina-

425 4795 546 4861 tim,
573 4809 754 4866 neque
779 4807 968 4866 aperte
993 4796 1296 4866 arguimus.
1325 4793 1592 4862 Quocirca
1635 4797 1792 4852 nobis
1812 4806 2016 4855 temere

425 4901 718 4945 succenset
789 4889 1133 4959 imperatrix.
1193 4885 1288 4944 Sin
1362 4899 1547 4943 autem
1604 4890 1820 4968 oratio,
1896 4909 2018 4968 qua:

429 4981 717 5038 invehitur
762 4982 816 5037 in
849 4997 966 5048 eos,
996 4981 1091 5052 qui
1122 4990 1252 5036 sunt
1288 4980 1511 5036 obnoxii
1544 4967 1872 5040 avaritiaa'et
1898 4985 2018 5042 aliis

426 5075 598 5140 vitiis,
645 5073 1037 5130 nonnullorum
1097 5072 1312 5128 mordet
1343 5073 1771 5140 conscientiam,
1801 5091 1910 5130 non
1937 5077 2014 5133 illi

421 5178 548 5227 nos.
573 5153 676 5222 sed
719 5166 934 5236 scipsos
972 5165 1157 5236 potius
1201 5165 1400 5220 merito
1430 5168 1857 5236 reprehendant.
1892 5171 2021 5228 llaec

424 5272 481 5318 et
512 5262 618 5319 alia
668 5262 764 5320 bis
807 5261 1008 5318 similia
1063 5277 1191 5318 eum
1246 5263 1554 5319 aud-iissent
1592 5263 1651 5330 ii,
1706 5267 1799 5338 qui
1865 5268 2018 5324 missi

421 5354 665 5421 fuerant,
724 5355 946 5426 scriptis
996 5356 1330 5413 mandarunt
1387 5373 1511 5429 quae
1555 5359 1700 5414 dicta
1760 5371 2018 5418 suntzet

425 5450 656 5514 reversi,
682 5450 945 5506 dixerunt
973 5466 1040 5508 se
1071 5451 1211 5509 nihil
1243 5452 1481 5518 edicere.
1503 5467 1772 5512 conantes
1802 5457 2017 5517 incoe-

424 5543 538 5599 lum
568 5543 826 5614 jaculari,
862 5554 919 5598 et
952 5545 1144 5600 radere
1189 5545 1429 5612 leonem.
1452 5559 1507 5605 et
1533 5551 1796 5605 adversus
1821 5552 2020 5606 stimu-

425 5628 509 5688 los
555 5632 859 5695 ealeitrare,
911 5635 1256 5707 nebulasque
1285 5638 1517 5705 caedere,
1541 5649 1597 5696 ct
1626 5641 1838 5706 tumulo
1869 5656 2014 5710 pra:-

426 5717 632 5785 dicare,
683 5729 740 5775 et
802 5720 932 5790 alia,
984 5741 1106 5796 qua:
1163 5725 1424 5782 dicuntur
1474 5729 1542 5783 de
1595 5729 1683 5794 iis,
1743 5743 1866 5800 qua:
1907 5745 2020 5787 non

496 5875 540 5908 "
568 5842 837 5947 PsaL-lm,
868 5879 954 5937 15.
1057 5883 1101 5921 ⁸ο
1132 5881 1278 5939 Osee
1301 5897 1374 5950 vr,
1399 5881 1454 5938 9.
1528 5885 1570 5917 ³⁸
1601 5881 1621 5937 l
1650 5882 1871 5958 Tim..v,
1896 5882 1988 5938 28.

2122 4709 2170 4761 oi
2209 4709 2554 4778 πεμφθέντες
2620 4709 2720 4778 τῆς
2764 4709 2926 4777 ἁγίας
2964 4707 3266 4786 ἀκηκοότες
3297 4710 3571 4781 γλώττης,
3616 4710 3709 4761 καὶ

2125 4804 2310 4877 γρᾳφῇ
2333 4799 2399 4854 τὰ
2423 4801 2691 4872 εἰρημένα
2717 4801 3074 4871 παραδόντες,
3101 4801 3519 4867 ἐπανελθόντες,
3538 4804 3710 4872 dum.

2123 4894 2333 4963 γειλαν,
2367 4895 2521 4947 οὐδὲν
2572 4893 2758 4949 ἀνύειν
2790 4895 3038 4959 εἰπόντες
3085 4895 3328 4961 τοξεύειν
3353 4899 3435 4959 είς
3478 4896 3704 4964 ούρανδν

2125 4988 2483 5059 πειρώμενοι.
2517 4983 2837 5062 Ἄνθρωπον
2883 4989 2991 5060 γὰρ
3035 4989 3164 5043 ἰδεῖν
3197 4991 3438 5063 κρείπω
3469 4991 3571 5062 μὲν
3610 4989 3706 5060 φό-

2119 5079 2236 5144 ϐου,
2270 5081 2508 5152 κρείττω
2539 5081 2597 5146 δὲ
2643 5079 2975 5146 κολακείας,
3027 5083 3192 5138 αὑτοῦ
3238 5083 3476 5138 θανάτου
3537 5099 3710 5136 καταο

2121 5173 2445 5244 φρονοῦντα,
2487 5173 2546 5228 ἓν
2595 5175 2875 5231 δεδοικότα
2921 5177 3102 5248 μόνον,
3137 5177 3238 5248 τὴν
3283 5177 3574 5248 ἁμαρτίαν
3615 5178 3707 5230 καὶ

2117 5267 2177 5321 τὸ
2197 5265 2440 5338 λυπῆσαι
2469 5268 2557 5322 διὰ
2583 5269 2786 5340 ταύτης
2814 5269 2970 5326 Θεὸν.
3012 5269 3231 5324 Τούτων
3261 5272 3294 5340 ἡ
3337 5268 3572 5335 Εύδοξία
3599 5267 3710 5324 τῶν

2116 5359 2291 5428 λόγων
2318 5360 2603 5414 ἀκούσασα
2641 5363 2795 5416 οὐδὲν
2825 5357 3009 5435 ἧττον,
3038 5363 3072 5434 ἢ
3105 5363 3400 5434 πρότερον,
3430 5365 3559 5426 τοὺς
3586 5361 3707 5416 κατ’

2116 5451 2284 5505 αὑτοῦ
2317 5452 2526 5522 θυμοὺς
2555 5457 2682 5524 σιγῇ
2719 5455 2814 5508 καὶ
2845 5456 2968 5509 καθ’
3015 5457 3218 5534 ἑαυτὴν
3247 5459 3541 5527 ἔστρεφεν.
3575 5452 3705 5508 Εἶτα

2116 5545 2218 5614 τῆς
2255 5545 2582 5616 Ἐκκλησίας
2613 5547 2794 5613 καλῶς
2829 5549 3196 5620 ἐχούσηςικαὶ
3227 5551 3352 5604 ὅσαι
3396 5543 3542 5622 ὧραι
3575 5548 3703 5619 πρὸς

2116 5638 2408 5692 εὐσέϐειαν
2452 5641 2941 5715 οἰκοδομουμένης,
2983 5644 3082 5714 τῆς
3132 5643 3420 5709 πολιτείας
3470 5661 3529 5697 τε
3582 5641 3703 5697 καυ’

2120 5730 2358 5802 ἑκάστην
2405 5731 2510 5786 ὑπὸ
2544 5733 2644 5804 τῆς
2694 5734 2860 5790 αὐτοῦ
2889 5733 3137 5808 γλώττης
3183 5735 3564 5809 ἁρδευομὲνης
3611 5731 3708 5788 καὶ
