3834 6490
163 419 302 488 llll

154 625 380 698 τριϐὴν,
407 624 470 677 τὸ
492 624 591 692 τῆς
619 621 844 693 Νιτρίας
873 618 1076 689 ἐπῆλθε
1105 616 1438 673 καταλαδεῖν
1465 615 1625 690 κόρος,
1653 614 1740 668 ἵνα

157 722 260 774 καὶ
314 719 578 788 πρότερον
611 717 674 768 ὲκ
714 715 837 767 νέου
875 713 968 767 τδν
1003 711 1168 765 καλὸν
1198 711 1300 780 τῆς
1347 709 1633 779 ἀσκήσεως
1660 707 1741 760 δι-

161 815 332 885 ήνυσε
365 809 501 881 βίον.
533 809 683 862 Ἐκεῖ
703 806 908 865 οὖνκαὶ
926 802 1081 869 αὖθις
1101 801 1380 874 συχνάξων
1403 803 1544 856 κατὰ
1576 802 1743 872 μόνας

151 900 229 975 ἦν
249 903 328 973 τῷ
349 900 468 970 θεῷ
492 899 904 970 συγγινόμενος.
923 897 1071 967 Πλὴν
1096 895 1214 948 οὐδὲ
1235 894 1407 958 οὕτως
1428 894 1621 964 ἔμελλε
1643 896 1743 956 τὰς
1768 949 1771 953 γ

156 997 428 1064 θεοφίλου
460 993 644 1063 πάγας
685 991 970 1060 διαφυγεῖν
997 1029 1014 1052 .
1045 988 1247 1059 μᾶλλον
1286 988 1342 1042 δὲ
1385 987 1479 1040 τοῦ
1526 987 1741 1044 πάντων

154 1087 360 1159 ἐχθροῦ
388 1104 447 1139 τε
468 1087 561 1139 καὶ
578 1084 858 1155 πολεμίουο
884 1083 940 1145 ὃς
963 1074 1339 1151 καὶ’⁹ισιδώ’ρῳ
1367 1080 1540 1150 ἐπῆγε
1565 1081 1746 1156 ῃράγ-
1778 1156 1784 1161 _

159 1177 654 1253 ματαβασκαίνων
686 1177 787 1246 τῆς
843 1169 1064 1248 ἀρετῆς,
1098 1175 1194 1228 καὶ
1239 1172 1502 1241 Θεόφιλον
1527 1171 1605 1240 τῷ
1631 1169 1750 1241 Θεῴ

153 1274 534 1346 προσκρούειν
557 1272 753 1336 ἐποίει,
777 1259 926 1325 ’κατὰ
943 1271 1053 1323 τῶν
1082 1268 1160 1339 τῷ
1189 1267 1309 1338 Θεῷ
1342 1265 1752 1339 προσκειμένων

153 1367 420 1432 ὁπλίζων.
457 1365 728 1436 Κεκίνητο
768 1365 878 1432 γὰρ
927 1361 1050 1415 κατ’
1089 1362 1264 1414 ἐκεῖνο
1298 1356 1493 1427 καιροῦ
1525 1355 1752 1431 ζήτησις

156 1460 224 1511 ιν
259 1459 376 1519 τοῖς
399 1454 540 1508 κατὰ
567 1453 666 1523 τὴν
711 1452 992 1520 Αἴγυπτον
1052 1446 1458 1520 μοναστηρίοις.
1494 1444 1752 1500 Βούλεται

154 1549 220 1602 δὲ
254 1545 285 1598 ό
319 1546 478 1614 λόγος
504 1544 712 1599 ἄνωθεν
737 1545 870 1613 ἡμῖν
898 1542 958 1594 τὸ
990 1542 1220 1622 πρᾶγμα
1246 1537 1506 1608 δηλῶσαι.
1591 1584 1598 1591 .

157 1639 246 1694 rei
319 1637 664 1699 dilationem.

1231 414 1407 476 VITA
1446 413 1506 472 s.
1547 409 1868 472 JOANNIS
1903 378 2462 479 CHRYSOSIIOMI.

157 536 308 591 κατὰ
334 531 560 604 γνώμην
610 522 923 599 γενόμενον,
963 526 1219 607 οὐδεμίαν
1261 526 1339 598 τῷ
1379 524 1557 601 χρόνῳ
1591 522 1736 578 δόντι
1767 531 1810 584 Α
1841 523 1961 591 ejus
2023 521 2168 585 illius
2228 538 2242 576 :

3267 396 3408 464 1142

2305 533 2445 592 quos
2473 517 2523 574 ei
2593 515 2810 579 dicebat
2882 512 3097 574 dedisse
3169 527 3411 573 sororem

1841 611 2154 681 Theophili.
2223 610 2534 675 mercedem
2597 615 2927 677 comparata:
2965 605 3019 659 in
3057 605 3208 658 illum
3255 619 3413 675 syco-

1840 705 2098 776 phantire.
2135 701 2259 758 Haec
2285 718 2408 758 cum
2435 701 2700 756 autliisset
2729 697 2950 768 quidem
3004 696 3267 760 Isidorus,
3303 696 3430 768 egit.

1841 799 2144 862 silentium,
2212 795 2312 849 soli
2350 794 2460 848 Deo
2489 793 2801 862 relinquens
2833 790 3148 846 universum
3184 807 3197 844 :
3233 801 3294 846 ιιι
3321 791 3416 859 qui

1839 889 2028 945 laudes
2065 885 2282 956 quidem
2322 885 2500 940 celare
2534 883 3044 954 potiusdedieisset.
3084 897 3196 941 non
3231 893 3416 936 autem
3479 900 3486 907 ·

1846 979 2296 1052 vituperaliones.
2326 969 2658 1035 Adolescens
2692 990 2820 1028 vero
2863 984 3013 1029 ratus
3041 974 3119 1026 sic
3158 973 3258 1028 sibi
3304 986 3418 1028 rem

1846 1073 1900 1128 in
1931 1081 2046 1126 tnto
2103 1069 2274 1141 magis
2329 1067 2592 1129 futuram.
2621 1067 2678 1119 in
2712 1066 2955 1125 divinum
3035 1064 3294 1134 templum
3337 1081 3421 1119 ac-

1845 1165 2067 1226 cedens.
2124 1161 2367 1230 confugit
2400 1161 2466 1214 ad
2507 1159 2694 1212 altare.
2739 1159 2872 1211 Cum
2906 1167 3098 1216 autem.
3128 1157 3206 1211 sic
3251 1157 3421 1228 magis

1848 1259 1904 1313 in
1942 1257 2165 1312 dubium
2195 1257 2405 1311 veniret
2435 1252 2794 1322 'lheophnlus.
2821 1251 3055 1314 abdicat.
3089 1251 3225 1320 proh
3245 1250 3422 1314 dolor.

1845 1353 1915 1407 ob
1940 1364 2047 1406 tam
2105 1352 2277 1405 levem
2339 1349 2687 1410 calumniam,
2730 1345 3019 1409 lsidorum.
3073 1355 3129 1400 et
3175 1352 3326 1398 arcet
3356 1345 3425 1399 ab

1847 1444 2098 1499 ecclesia.
2141 1440 2346 1496 Deinde
2385 1440 2476 1494 ille
2507 1455 2633 1493 cum
2658 1437 2762 1492 hoc
2801 1453 2900 1507 pro
2932 1438 3083 1491 lucro
3121 1435 3420 1495 habuisset.

1847 1545 1904 1590 et
1962 1550 2030 1589 ex
2091 1534 2210 1604 ejus
2277 1533 2632 1588 successisset
2690 1529 2983 1593 sententia.
3055 1529 3192 1583 dans
3222 1520 3426 1581 nullam

741 1634 897 1694 venit
935 1633 985 1688 ei
1027 1636 1082 1687 in
1119 1643 1358 1688 mentem
1429 1630 1495 1684 ad
1569 1635 1811 1684 montem
1850 1626 2037 1683 Nitriae.
2071 1626 2360 1698 proficisci.
2395 1623 2486 1678 ubi
2519 1623 2672 1694 prius
2697 1624 2766 1677 ab
2793 1623 3017 1676 ineunte
3043 1629 3202 1676 aetate
3240 1626 3430 1692 egerat

159 1733 457 1806 pulchram
515 1733 685 1786 vitam
739 1729 1166 1785 exercitationis.
1203 1727 1318 1782 illic
1365 1741 1494 1797 ergo
1553 1738 1744 1780 rursus
1786 1723 2032 1785 vacabat.
2093 1737 2223 1778 cum
2267 1723 2380 1776 Deo
2439 1721 2556 1775 solo
2615 1717 2993 1789 congrediens.
3071 1716 3178 1772 Sed
3233 1731 3304 1771 ne
3349 1717 3429 1772 sic

158 1830 388 1902 quidem
433 1827 482 1882 ei
521 1825 924 1882 concedebatur
981 1809 1292 1881 eSse'extra
1352 1822 1447 1878 teli
1507 1822 1738 1892 iactum.
1780 1835 1960 1892 neque
2026 1828 2145 1874 erat
2209 1819 2514 1874 evitaturus
2541 1814 2829 1885 Theophili
2858 1815 3102 1885 laqueos.
3128 1815 3210 1870 vel
3243 1816 3428 1886 potius

159 1919 477 1979 communis
528 1918 770 1976 omnium
833 1919 1026 1981 hosﬁs,
1083 1918 1174 1987 qui
1205 1918 1320 1971 haec
1351 1915 1488 1969 mala
1529 1914 1742 1970 Isidoro
1781 1915 2060 1977 intulerat.
2103 1915 2226 1983 ejus
2260 1912 2447 1968 virtuti
2481 1909 2732 1965 invidens
2774 1928 2786 1964 :
2823 1909 3201 1981 ct'l-‘heophih
3235 1923 3428 1968 auctor

164 2014 297 2080 fuit.
338 2020 400 2068 ut
426 2010 594 2071 Deum
639 2009 964 2074 ollend'eret,
1002 2009 1154 2063 illum
1195 2023 1515 2080 oppugnatis
1544 2022 1641 2077 per
1696 2022 1780 2073 ea.
1822 2022 1943 2078 quae
2003 2021 2062 2062 se
2099 2006 2423 2062 oﬂ‘erebant.
2485 2003 2639 2058 Tunc
2680 2003 2829 2058 enim
2870 2013 3021 2058 mota
3048 2015 3168 2060 erat
3200 2007 3431 2077 quaestio

164 2113 229 2168 in
259 2107 634 2174 monasteriis,
686 2121 810 2179 quae
867 2115 1024 2162 erant
1059 2105 1114 2162 in
1171 2103 1411 2178 IEgypto
1453 2104 1590 2176 (l9).
1661 2101 1787 2160 Vult
1821 2113 2004 2161 autem
2072 2104 2246 2160 oratio
2295 2102 2458 2159 nobis
2513 2116 2626 2156 rem
2705 2103 2868 2172 paulo
2925 2103 3088 2159 altius
3146 2106 3436 2174 repetitam

155 2204 478 2261 declarare.

248 2302 376 2356 ΑΒ.
418 2298 483 2352 Ἢ
519 2298 574 2353 δὲ
609 2298 982 2370 Chartam.va
1013 2299 1112 2371 μὲν
1151 2299 1307 2370 σῶμα
1341 2295 1480 2352 εἶναι
1513 2301 1573 2353 τὸ
1595 2299 1749 2356 Θεῖον

1920 2272 2141 2353 XXXV.
2207 2293 2448 2368 Quaestio
2509 2303 2696 2350 autem
2733 2302 2872 2358 erat.
2915 2308 3039 2348 cum
3070 2277 3180 2346 °alii
3213 2290 3433 2362 quidem

169 2393 470 2462 λεγόντων,
497 2391 685 2463 σχῆμά
713 2407 772 2443 τε
801 2391 894 2444 καὶ
923 2392 1216 2459 πρόσωπον
1257 2392 1548 2462 ἀνθρώπου
1590 2411 1754 2462 περι·

168 2485 432 2555 κείμενον
453 2484 551 2538 καὶ
584 2482 819 2555 μορφὴν,
851 2483 966 2536 ὅσοι
988 2484 1098 2538 τῶν
1129 2485 1508 2556 παχυτέρωνῆ
1544 2485 1755 2553 ἀμαθε-

172 2576 390 2644 στέρων
411 2573 692 2644 ὑπῆρχον·
725 2573 832 2626 τῶν
853 2572 910 2627 δὲ
944 2574 1082 2636 ὅλως
1117 2575 1408 2644 ἀσώματον
1439 2574 1570 2627 αὐτὸ
1612 2575 1756 2628 τιθε-

177 2667 363 2738 μένων
395 2667 490 2720 καὶ
527 2666 708 2738 πᾲσης
741 2667 1038 2736 ὲμφερείας
1075 2667 1170 2721 καὶ
1203 2667 1418 2738 μορφῆς
1451 2658 1756 2739 ἀνθρώπων

173 2759 602 2830 ἀπηλλαγμένον
620 2776 634 2792 ·
669 2758 778 2812 τῶν
805 2759 1146 2830 λογιωτὲρων
1171 2759 1227 2813 δὲ
1259 2759 1419 2812 τοῦτο
1445 2759 1538 2812 καὶ
1570 2759 1757 2824 ὀξυτέ-

178 2868 317 2925 ρων.
367 2849 584 2922 Ταύτης
612 2849 912 2920 τοιγαροῦν
955 2850 1058 2919 τῆς
1089 2836 1328 2922 ’μερίδος
1365 2850 1459 2904 καὶ
1500 2849 1757 2920 Θεόφιλος

175 2944 281 3009 ὣν,
325 2947 452 3008 τοὺς
501 2943 973 3017 ἀνθρωπόμορφον
1023 2937 1164 2996 εῖναι
1214 2943 1277 2995 τὸ
1319 2942 1472 2996 Θεῖον
1501 2941 1758 3011 λέγοντας

180 3037 442 3110 φανερῶς
481 3038 882 3109 ἀπεκήρυττεν.
917 3035 1095 3106 Ὅπερ
1127 3037 1175 3089 oi
1225 3035 1334 3089 τῶν
1393 3035 1454 3089 ἐν
1497 3034 1760 3106 Αἰγύπτῳ

183 3129 443 3204 μοναχῶν
499 3127 833 3199 ἁλογώτεροι
868 3124 1157 3197 μαθόντες,
1196 3124 1291 3179 τοῦ
1321 3124 1584 3195 Θεοφίλου
1628 3141 1762 3178 κατ·

181 3220 528 3287 ιστασίαζον,
566 3223 659 3275 καὶ
693 3218 769 3283 ὥς
807 3234 928 3271 τινα
961 3217 1302 3288 βλάσφημον.
1343 3217 1437 3270 καὶ
1475 3213 1632 3287 δόξης
1662 3215 1761 3286 οὐχ

185 3313 360 3382 ὑγιῶς
390 3312 585 3382 ἔχοντα
611 3309 838 3382 ἔμελλον
859 3310 1123 3379 ἀναιρεῖνσ
1147 3308 1237 3360 τδν
1252 3307 1308 3360 δὲ
1337 3307 1404 3360 δι’
1428 3305 1673 3366 ἐπινοίας
1700 3305 1764 3356 τὸ

184 3389 476 3476 παραστὰν
505 3402 850 3475 μετελθόντα,
875 3400 1031 3476 υῦτω
1056 3417 1122 3471 με
1143 3398 1433 3452 τεθεᾶσθαι
1460 3395 1625 3466 ὑμᾶς,
1657 3392 1765 3464 ἔφή

187 3472 615 3571 [ίάοφάναι],ὡς
648 3493 937 3563 πρόσωπον
955 3472 1112 3545 όεοῦ.
1138 3490 1308 3543 Τοῦτο
1333 3489 1574 3550 ἐκείνους
1597 3485 1762 3540 ἁκού-

188 3605 393 3653 σαντας
423 3589 618 3659 στῆναι
651 3587 749 3658 μὲν
776 3585 874 3656 τῆς
900 3583 1136 3637 ἀτάκτου
1155 3581 1252 3635 καὶ
1272 3578 1541 3650 φονώδους
1561 3578 1759 3649 ὁρμῆςο

188 3681 328 3756 πρὸς
340 3680 500 3736 αὑτὸν
521 3679 600 3747 δὲ,
614 3679 680 3755 Et
699 3676 958 3754 γνηςίως,
975 3677 1172 3739 εἰπεῖν,
1203 3673 1272 3728 τὰ
1290 3673 1382 3728 ἴσα
1400 3674 1532 3744 ἡμῖν
1553 3675 1769 3744 φρονεῖν
1797 3673 1839 3733 C

191 3775 358 3850 ἔχεις,
389 3775 446 3828 ἓν
474 3773 588 3826 ἐστί
621 3788 705 3826 σοι
731 3771 792 3823 τὺ
813 3770 1157 3840 λειπόμενον,
1187 3767 1490 3837 ἁναθὲματι
1513 3767 1580 3820 τὰ
1620 3767 1769 3836 Ὠρι-

191 3869 384 3940 γένους
419 3862 750 3936 παραδοῦναι
803 3861 1007 3932 βιϐλία,
1037 3859 1104 3912 δι’
1152 3855 1226 3912 ὧν
1260 3860 1465 3922 ἐκεῖνος
1495 3857 1558 3910 τὸ
1609 3855 1772 3926 σῶμά

191 3977 255 4014 τε
275 3953 416 4015 εἶναι
440 3957 500 4011 τὸ
526 3956 681 4010 Θείον
700 3955 797 4016 καὶ
824 3954 996 4016 ἐοικὸς
1015 3951 1288 4024 ἀνθρώπῳ
1310 3952 1602 4020 πρόσωπον
1627 3949 1772 4021 ἔχειν

194 4050 525 4122 ἀνατρέπειν
555 4049 832 4120 πειρᾶται.
863 4046 1005 4116 Πρὸς
1039 4045 1214 4099 ταῦτα
1249 4044 1343 4098 τὸν
1382 4043 1666 4114 Θεόφιλον,
1704 4043 1770 4102 Τί

194 4143 275 4208 et,
317 4145 506 4210 φάναι,
553 4141 614 4194 τὸ
647 4139 856 4196 κωλῦον
885 4139 988 4210 ἐμὲ
1022 4137 1181 4192 τοῦτο
1203 4137 1356 4209 δρᾷν,
1389 4135 1487 4190 καὶ
1531 4136 1677 4208 μάλα
1709 4153 1774 4205 γε

197 4235 286 4290 διὰ
322 4234 526 4306 -μίσους
565 4234 844 4304 Ὠριγένην
894 4233 1126 4304 ἔχοντας
1177 4231 1362 4284 Ταῦτα
1419 4229 1644 4292 είπόντα
1681 4230 1776 4291 καὶ

199 4326 692 4397 ἐπαγγειλάμενον,
719 4327 954 4396 χαλᾶσαι
991 4325 1104 4386 τοῖς
1155 4325 1408 4394 μοναχοῖς
1445 4322 1544 4393 τὴν
1582 4321 1772 4392 ὀργήν.

199 4420 388 4482 Οὕτως
416 4421 622 4483 ἐκεῖνος
649 4413 716 4489 ἦν
752 4419 1029 4487 ὲπαμφοτε
1043 4416 1228 4486 ρίζων,
1256 4415 1351 4467 καὶ
1381 4415 1514 4486 πρὸς
1541 4415 1778 4483 ἑκάτερα

199 4509 396 4574 νεύων,
421 4510 644 4572 καὶτοῖς
667 4509 879 4579 καιροῖς
912 4504 1316 4577 ἁρμοζόμενος·
1336 4504 1454 4568 δέον
1479 4504 1778 4567 ἐπίσκοπον

200 4604 355 4666 εντα,
391 4605 486 4655 καὶ
525 4599 659 4655 λαοῦ
713 4600 892 4680 ψυχὰς
922 4597 1416 4668 ἐπιτετραμμένον,
1469 4595 1778 4680 καλῶς.δι.

201 4699 347 4752 ιλεῖν
373 4697 470 4752 κα)⁵
514 4697 606 4750 τὸν
635 4677 796 4765 λόγον
832 4694 1204 4768 όρθοτομῆσαι-
1232 4694 1334 4762 τῆς
1364 4686 1647 4762 ἀληθείας,
1673 4677 1781 4747 ’καὶ

201 4791 364 4845 λῦσαι
390 4789 489 4861 τὴν
521 4790 733 4854 στάσιν,
779 4789 1112 4860 ἀμφοτέροις
1142 4772 1430 4853 διδάξαντα
1474 4787 1778 4856 πατρικῶς,

203 4869 324 4944 ἀλλ’
357 4881 478 4950 οὐχὶ
535 4874 799 4950 τεχνικῶς
841 4877 1280 4949 παραπηείοαντα,
1335 4875 1469 4928 αὐτὸ
1494 4877 1615 4944 μὲν
1658 4873 1780 4928 καθ’

1858 2405 2061 2462 corpus
2123 2389 2297 2443 Deum
2361 2402 2482 2442 esse
2537 2388 2784 2442 dicerent
2814 2385 2948 2456 (20).
2982 2385 3250 2457 planeque
3281 2383 3438 2439 indu-

1864 2496 1976 2542 tum
2011 2483 2178 2553 figura
2201 2493 2256 2538 et
2295 2494 2526 2552 persona
2551 2491 2606 2537 et
2635 2481 2809 2536 forma
2853 2481 3112 2544 hominis.
3146 2480 3181 2534 ii
3205 2479 3462 2544 scilicet._

1861 2579 1952 2649 qui
2000 2586 2156 2631 erant
2204 2578 2365 2646 paulo
2423 2577 2672 2630 rudiores
2704 2584 2761 2628 et
2806 2575 3106 2630 crassiores
3139 2592 3152 2628 :
3188 2573 3278 2627 alii
3307 2587 3436 2626 vero

1862 2685 1993 2725 eum
2039 2669 2263 2723 omnino
2324 2676 2593 2738 ponerent
2651 2651 3152 2737 ineorporeum.ab
3183 2666 3440 2738 omnlque

1864 2763 2218 2818 similitudine
2253 2770 2306 2815 ct
2339 2760 2512 2815 forma
2546 2761 2827 2814 hominum
2857 2759 3236 2821 liberum.hoc
3255 2767 3468 2825 autem.

1863 2854 2136 2917 dicebant.
2173 2852 2265 2924 qui
2314 2860 2472 2906 erant
2493 2851 2788 2915 doctiores,
2825 2860 2881 2905 et
2920 2849 3178 2914 acutioris
3217 2849 3438 2921 ingenii.

1863 2947 1926 3005 In
1961 2947 2063 3002 hac
2107 2962 2237 3000 vero
2286 2945 2558 3000 sententia.
2581 2959 2705 2998 cum
2739 2952 2885 3014 esset
2925 2938 3299 3012 Theophilus.
3322 2956 3442 3008 eos.

1867 3039 1960 3110 qui
1984 3037 2150 3092 Deum
2206 3037 2462 3092 (licebant
2519 3036 2770 3092 humana!
2803 3035 2992 3092 formae
3041 3037 3300 3101 similent.
3331 3051 3442 3092 non

1866 3131 2082 3193 leviter.
2115 3130 2210 3185 sed
2233 3131 2523 3185 admodum
2563 3131 2920 3186 vehementer
2951 3128 3255 3183 abdicabat.
3289 3127 3447 3196 Quod

1869 3223 2089 3294 quidem
2139 3237 2264 3276 cum
2308 3233 2650 3293 compertum
2703 3220 3048 3284 habuissent.
3080 3219 3170 3289 qui
3201 3230 3360 3274 erant
3389 3219 3446 3276 in

1873 3313 2106 3387 Egypto
2151 3315 2428 3379 monachi.
2481 3315 2663 3369 minus
2711 3312 3004 3384 participes
3037 3310 3284 3373 rationis.
3305 3312 3358 3368 id
3391 3312 3448 3368 in

1871 3423 1968 3464 eos
2021 3407 2250 3463 immisit
2303 3409 2613 3471 tumultum.
2641 3416 2696 3463 et
2734 3408 2884 3463 illum
2930 3410 2997 3465 de
3036 3411 3213 3464 medio
3232 3405 3444 3471 tollere.

1872 3499 2049 3572 utqui
2101 3507 2249 3555 esset
2282 3499 2650 3571 blasphemus.
2705 3507 2758 3554 ct
2798 3515 2906 3556 non
2939 3515 3086 3559 sanae
3143 3497 3445 3570 opinionis.

1875 3593 2137 3664 putabant
2164 3607 2293 3648 esse.
2329 3593 2622 3646 maximum
2677 3582 2768 3646 Dei
2829 3594 3059 3648 cultum.
3118 3591 3210 3647 ille
3263 3602 3448 3649 autem

1874 3685 2074 3740 callido
2120 3685 2365 3750 invento,
2405 3699 2516 3738 rem
2545 3698 2666 3753 quae
2697 3685 2904 3750 aderat.
2936 3685 3256 3755 aggrediens
3294 3703 3312 3740 :
3357 3683 3479 3754 Sic

1874 3793 1993 3850 ego,
2054 3776 2248 3846 inquit.
2279 3790 2378 3831 vos
2407 3777 2643 3843 intueo‘r,
2668 3787 2924 3846 tanquam
2958 3775 3052 3831 Dei
3083 3776 3300 3832 faciem.
3332 3775 3448 3840 Hoc

1872 3886 1996 3926 cum
2031 3870 2108 3924 illi
2160 3869 2482 3931 audiissent.
2537 3877 2924 3937 represserunt
2951 3868 3171 3938 quidem
3203 3870 3452 3938 protinus

1874 3963 2026 4024 illum
2079 3961 2243 4016 caedis
2287 3960 2563 4029 impetum
2593 3976 2608 4013 :
2638 3958 2688 4013 ei
2725 3967 2908 4016 autem
2951 3961 3252 4019 dixerunt:
3279 3962 3339 4014 Si
3359 3975 3454 4014 ea-

1873 4051 2018 4115 dem.
2067 4061 2210 4121 'quze
2249 4065 2372 4113 nos.
2409 4063 2666 4121 germane
2703 4049 2895 4114 sentis.
2931 4067 3100 4105 unum
3133 4051 3232 4111 tibi
3273 4047 3482 4106 solum.

1874 4143 2050 4206 deest,
2103 4145 2390 4214 nempe'ut
2419 4144 2586 4197 libros
2631 4139 2880 4212 Origenis
2936 4144 3194 4211 subﬁcias
3221 4146 3451 4199 anathe-

1876 4235 2030 4299 mati.
2084 4235 2177 4304 qni
2227 4235 2462 4292 ittaxime
2487 4234 2654 4295 Deum
2677 4250 2797 4290 esse
2823 4250 3022 4306 corpus
3055 4249 3108 4290 et
3144 4235 3334 4291 faciem
3361 4237 3456 4290 ha.

1875 4327 2006 4390 bere
2037 4326 2241 4387 homini
2305 4326 2558 4390 similem.
2603 4341 2673 4380 ne
2715 4329 2905 4381 sinunt
2933 4327 3150 4396 quidem
3185 4329 3239 4380 in
3291 4343 3484 4383 aures.

1879 4421 2094 4476 cadere.
2149 4419 2231 4472 Ad
2273 4418 2392 4472 hazc
2457 4416 2796 4486 Theophilus
2838 4435 2850 4471 :
2892 4416 3032 4483 Quid
3084 4418 3196 4487 (21)
3247 4430 3454 4480 autem.

1880 4511 2080 4581 inquit.
2137 4509 2412 4580 prohibet.
2463 4525 2571 4579 quo
2621 4510 2804 4564 minus
2853 4511 2966 4564 haec
3002 4509 3220 4573 faciam.
3253 4510 3345 4578 qui
3385 4510 3455 4566 ab

1881 4604 2113 4673 Origene
2142 4603 2376 4657 maxime
2405 4602 2670 4666 dissideo.
2700 4611 2756 4656 et
2787 4618 2909 4657 cum
2930 4617 2996 4656 eo
3033 4602 3231 4665 acriter
3255 4603 3454 4659 bellum

1883 4696 2050 4768 gero?
2089 4696 2214 4751 Haec
2252 4711 2374 4750 cum
2420 4696 2670 4759 dixisset.
2711 4705 2768 4750 et
2795 4706 2941 4750 esset
2979 4686 3292 4766 pollicitus.
3318 4695 3462 4751 iram

1882 4791 2093 4846 sedavit
2146 4789 2560 4844 monachorum.
2638 4787 2731 4843 Sic
2787 4789 2874 4842 ille
2936 4803 3161 4858 semper.-
3215 4804 3452 4859 anceps.

1884 4891 1940 4937 et
1978 4880 2135 4935 facile
2167 4879 2233 4934 ad
2268 4888 2562 4949 utrumque
2602 4893 2872 4944 annuens.
2901 4889 2974 4934 et-
3004 4894 3074 4934 se.
3121 4879 3458 4948 temporibus

205 4971 370 5039 ἑαυτὸ
410 4971 564 5024 Θείον
611 4972 785 5024 εἰπεῖν
818 4968 1108 5037 ἀσώματον
1137 4962 1275 5019 εἶναι
1322 4966 1417 5018 καὶ
1470 4967 1763 5036 ἀσχημάτι-

1886 4973 2324 5039 accommodans.
2380 4982 2832 5043 cuin.opnrterct
2872 4988 3022 5032 cum.
3072 4972 3254 5043 utqui
3316 4983 3494 5028 esset-

207 5085 354 5135 στον,
377 5065 537 5138 σῶμα
558 5065 616 5120 δὲ
643 5068 736 5124 καὶ
759 5064 1050 5134 πρόσωπον
1072 5064 1166 5118 καὶ
1193 5063 1408 5134 μορφὴν
1431 5061 1777 5132 ἀνθρωπείαν

205 5161 300 5215 τὸν
331 5159 596 5234 μονογενῆ
621 5157 712 5224 τοῦ
743 5156 878 5216 Θεοῦ
908 5156 1080 5224 Λόγον
1107 5155 1361 5220 λαϐόντα,
1387 5157 1483 5208 καὶ
1522 5155 1659 5226 μετὰ
1688 5155 1780 5208 τὸν

207 5253 350 5322 ὑπὲρ
376 5252 532 5325 ἡμῶν
589 5250 817 5318 θάνατον
862 5250 920 5301 ὲν
950 5249 1118 5320 ὁμοίῳ
1147 5251 1388 5319 σχήματι
1415 5248 1515 5317 τῆς
1565 5247 1780 5319 ἀνθρωο

207 5346 372 5416 πίνης
416 5343 619 5417 σαρκὸς
675 5343 1006 5405 ἀναστάντα,
1049 5340 1192 5393 οὕτω
1240 5339 1335 5392 καὶ
1382 5339 1464 5403 είς
1515 5340 1783 5413 οὐρανοὺς

283 5505 392 5577 (19)
420 5505 686 5577 ιείιιοτιιηι
717 5506 862 5560 hunc
892 5504 1781 5577 Origenistarumantesignanum.

212 5576 440 5635 nt'eum
484 5576 541 5632 S.
574 5577 884 5647 Hieronym.
920 5585 1111 5647 vocat.
1136 5591 1246 5629 non
1289 5576 1358 5647 ob
1387 5576 1614 5647 has_hic
1649 5593 1776 5647 prte-

213 5658 391 5706 textas
429 5663 644 5710 causas.
678 5643 789 5718 sedi
804 5648 875 5701 ob
918 5646 1148 5718 hmresin
1181 5646 1384 5718 merito
1413 5661 1444 5700 a
1481 5643 1787 5718 Theophila

212 5718 542 5781 abdicatum.
575 5719 745 5772 docet
774 5717 964 5772 Baron.
1001 5716 1120 5772 loco
1145 5715 1328 5771 citato.

285 5787 397 5858 (ευ)
417 5787 546 5859 illos
570 5787 1153 5859 Anthropomorphitas
1191 5787 1476 5859 vocabant.
1498 5817 1571 5830 -—
1597 5786 1787 5859 Origo.

215 5856 379 5928 nistis
408 5858 668 5918 familiare
710 5856 877 5913 fuisse
908 5856 1586 5930 Anthropomorphitarum
1618 5856 1790 5917 haere-

1887 5065 2198 5136 episcopns.
2230 5076 2284 5122 et
2312 5066 2397 5127 cui
2455 5066 2762 5122 commissa:
2821 5075 2990 5121 erant
3023 5065 3217 5120 animae
3249 5065 3458 5137 pOpuli.

1895 5175 2008 5214 non
2057 5162 2136 5214 uti
2169 5159 2429 5226 figtnento
2457 5169 2512 5215 et
2535 5175 2699 5215 scena
2731 5159 2797 5214 ad
2829 5159 3234 5229 decipiendum.
3298 5169 3352 5215 ct
3381 5161 3464 5215 sic

1891 5250 2014 5306 illos
2049 5249 2355 5319 relinquere
2409 5260 2777 5322 aegrotantes:
2813 5251 2907 5306 sed
2933 5265 3096 5320 quam
3131 5249 3244 5305 fieri
3278 5258 3476 5321 posset.

1891 5345 2097 5415 optime
2126 5343 2481 5415 distinguere.
2512 5353 2568 5398 et
2592 5344 2828 5400 verbum
2844 5343 3090 5399 veritatis
3114 5353 3266 5398 recte
3293 5341 3464 5396 admi-

1891 5511 1975 5569 sin
2007 5512 2290 5567 catholicis
2316 5511 2634 5582 impingere.
2666 5510 2827 5582 docet
2876 5509 2998 5582 Bar.
3035 5516 3169 5582 tom.
3197 5508 3240 5562 V
3268 5508 3464 5565 Annal.

1891 5597 1982 5640 an.
2012 5585 2116 5638 400
2145 5601 2158 5638 :
2195 5598 2363 5653 quare
2396 5580 2508 5637 non
2535 5581 2728 5636 mirum
2747 5580 2788 5636 Si
2818 5591 2872 5637 et
2901 5580 3207 5649 Theophila
3233 5594 3328 5636 eos
3345 5594 3470 5651 pro-

1893 5655 2152 5722 sequente
2190 5655 2333 5724 hanc
2361 5653 2659 5724 impingam
2686 5653 3037 5724 calumniam.

1985 5724 2074 5795 2i)
2097 5725 2248 5795 _Vld87
2276 5719 2500 5793 Niceph.
2536 5719 2601 5795 l._
2635 5737 2751 5795 vnn.
2782 5723 2962 5795 c._l0.
3003 5723 3112 5795 l7;
3150 5719 3275 5776 Soc.
3319 5719 3356 5778 l.
3390 5735 3467 5786 VL

1893 5810 1944 5853 c.
1974 5791 2065 5864 7-.
2089 5793 2214 5853 Soc.
2239 5794 2274 5850 I.
2304 5791 2423 5861 vin.
2455 5811 2501 5851 c.
2549 5793 2605 5852 ll
2643 5791 2815 5861 ;~Bar.
2852 5793 2973 5849 loco
3001 5791 3188 5848 citato.
