3834 6464
365 338 504 422 1155
571 361 575 365 ·

1565 341 1844 424 MENsrs
1873 344 2326 426 immanis.

3475 341 3618 427 1158

362 475 874 541 acerbissimoru'm,
933 478 1045 531 hon
1105 476 1286 531 verbis
1346 485 1556 530 tantum
1621 478 1928 546 medicansl

2042 479 2323 535 πνεύσασα
2348 481 2710 554 σκυθρωπῶν,
2740 481 2932 552 ldo“
2962 478 3246 553 συμφορᾶς
3275 465 3437 532 πάλιν
3475 477 3574 530 ml
3595 507 3620 518 ς

363 568 457 622 sed
485 568 662 632 factis,
702 577 759 622 ut
778 569 1088 638 oport‘ebat,
1115 583 1315 624 curans
1340 569 1717 640 indigentiam.
1743 570 1932 634 Quan-

364 673 476 717 tum
508 660 653 714 enim
684 661 818 714 satis
839 670 956 716 erat
982 651 1263 724 frumenti,
1295 662 1344 716 ei
1385 661 1571 716 tribul’t
1596 677 1659 716 ex
1687 663 1929 718 Xenodo-

359 752 483 806 οίιῐο
509 752 773 808 ecclesiae.
800 753 875 807 De
904 751 1100 808 caetero
1131 757 1312 808 autem
1341 755 1763 824 exspectabatur
1792 766 1931 810 tem-

360 857 481 910 pus,
510 858 619 912 quo
646 859 744 912 pro
775 844 891 914 ipsa
935 845 1300 900 intercederet
1337 846 1480 916 apud
1521 838 1927 916 imperatorem.

359 935 466 988 Sed
492 937 679 1004 quales
703 945 831 990 sunt
872 937 1085 992 invidia:
1119 938 1369 1001 insultus,
1413 938 1645 996 t'itzcuue
1687 939 1853 1009 iniqui
1875 949 1930 995 et

357 1040 548 1095 graves
577 1029 770 1082 casus!
806 1027 940 1083 Nam
976 1045 1098 1084 cum
1131 1030 1219 1084 illa
1250 1047 1277 1084 a
1308 1027 1590 1099 prioribus
1605 1032 1758 1086 malis
1787 1048 1931 1087 non-

357 1118 486 1173 dum
526 1118 870 1187 respirasset,
903 1137 1093 1175 rursus
1124 1122 1452 1196 Opprimitur
1502 1121 1739 1190 pondere
1791 1124 1929 1178 aite-

358 1211 473 1264 rius
507 1209 852 1276 calamitatis,
883 1212 1018 1266 adeo
1053 1221 1112 1266 ut
1137 1229 1243 1266 una
1276 1213 1492 1282 quidem
1529 1213 1928 1279 effunderetur,

358 1315 416 1356 ut
445 1305 616 1366 aiunt,
658 1304 828 1358 altera
855 1321 983 1358 vero
1016 1305 1287 1360 influeret.
1313 1305 1406 1360 Sic
1438 1317 1620 1360 autem
1665 1323 1723 1362 se
1756 1308 1926 1362 hab'e-

359 1392 761 1464 batzTcmpus
819 1403 934 1450 erat
987 1395 1293 1450 vindemiae.
1329 1395 1573 1451 Eudoxia
1623 1414 1752 1452 vero
1813 1399 1927 1468 ipsa

356 1501 591 1554 quoque'
631 1503 846 1558 egressa
887 1503 916 1543 e
964 1489 1201 1554 civitate,
1247 1489 1558 1544 ambulabat
1589 1490 1641 1544 in
1694 1491 1928 1561 quodam

357 1591 486 1646 agro
526 1577 870 1647 imperatoris
904 1591 1060 1634 :erat
1107 1588 1304 1634 .autem
1340 1581 1480 1636 situs
1528 1597 1636 1635 non
1683 1581 1868 1651 praeui
1899 1597 1929 1635 a

358 1671 515 1724 vinea
557 1671 750 1726 vidum.
792 1671 926 1726 Cum
961 1682 1142 1726 autem
1173 1672 1388 1727 botrum
1432 1688 1498 1728 ex
1544 1673 1703 1728 vinea
1754 1673 1930 1728 vidua:

357 1763 1033 1832 sumpsissctimperatrix,
1078 1781 1143 1820 eo
1203 1781 1300 1820 usa
1355 1774 1457 1820 est.
1520 1765 1656 1819 Cum
1710 1764 1966 1834 quidam.

2036 573 2188 639 ζεται
2225 574 2404 644 βάρει.
2436 575 2589 646 Ἔχει
2625 575 2680 627 δὲ
2724 572 2871 627 οὕτω
2901 590 2916 605 ·
2954 563 3242 644 Τρυγήτου
3290 569 3481 641 καιρδς
3505 563 3618 640 ἦν·

2036 664 2262 730 Εὖδοξία
2308 665 2365 719 δὲ
2393 667 2486 720 καὶ
2535 666 2670 739 αῦτὴ
2717 668 2814 736 τῆς
2843 666 3049 731 πόλεως
3077 665 3286 720 ὲκϐἇσα
3318 664 3457 735 πρός
3487 679 3620 716 τινα
3671 723 3674 726 ,

2032 759 2141 812 τῶν
2167 757 2462 829 βασιλικῶν
2479 759 2665 829 ἀγρῶν
2683 759 2948 828 ἐτύγχανε
2965 757 3203 813 διιοῦσα.
3237 753 3334 812 Ἐκ
3351 756 3620 824 γειτόνων

2031 849 2088 902 δέ
2117 861 2218 902 που
2236 850 2337 902 ’καὶ
2368 847 2463 902 τοῦ
2495 850 2594 919 τῆς
2635 849 2807 919 χήρας
2839 847 3158 918 ἀμπελῶνος
3185 845 3442 916 κειμένου
3461 885 3475 906 ,
3514 844 3615 913 βό·-

2031 959 2164 1013 τρυν
2205 942 2412 996 ἐκεῖθεν
2439 944 2472 1012 ἡ
2505 941 2714 1016 βασιλὶς
2744 939 3000 1012 ἀραμένη
3037 941 3328 1009 ἐκέχρητο.
3357 938 3620 1006 ...μάνου

2031 1035 2085 1089 δέ
2140 1053 2283 1092 τινος
2310 1035 2588 1106 ἀλλότριρν
2619 1031 2758 1087 εἷναι
2788 1034 2878 1086 τὸν
2922 1023 3258 1103 ἀμπελῶναο
3297 1028 3463 1083 Ἀλλά
3515 1019 3626 1086 καί

2031 1126 2213 1191 αὐτὸς,
2245 1127 2371 1197 ἔφη,
2401 1130 2515 1189 τοῖς
2556 1126 2852 1197 βασιλικοῖς
2888 1119 2988 1196 ἤδη
3025 1125 3404 1178 συντέτακται.
3449 1121 3624 1184 Ἕθος

2030 1219 2139 1290 γὰρ
2155 1219 2398 1274 τοιοῦτον
2428 1217 2806 1290 ἑπικρατῆσαν
2837 1213 2907 1272 ἦν
2937 1216 3178 1286 ἀτεχνῶς
3219 1215 3620 1286 πονηρότατον,
3675 1261 3678 1263 .

2031 1310 2344 1376 πλεονεξίας
2396 1311 2615 1382 τοῦτοῆ
2651 1309 2762 1386 ,καὶ
2817 1309 3111 1372 κολακείας
3154 1308 3256 1377 τῆς
3303 1308 3506 1378 μιαρᾶς
3533 1305 3618 1368 ὡς
3643 1339 3656 1348 -

2029 1405 2174 1466 είκδς
2213 1402 2673 1472 ὑποτυπωσάσης,
2707 1397 2768 1456 οὗ
2799 1401 2865 1456 ἂν
2905 1398 3160 1470 βασιλεὺς
3208 1397 3382 1468 ἀγροῦ
3416 1395 3619 1463 ἐπιϐῇ,

2030 1496 2124 1551 καὶ
2149 1495 2242 1549 τοῦ
2284 1495 2496 1564 καρποῦ
2533 1496 2819 1563 γεύσηται,
2849 1494 2964 1555 τοῖς
2999 1489 3303 1561 βασιλικοῖς
3334 1489 3428 1542 καὶ
3453 1489 3621 1540 αὐτὸν

2035 1582 2414 1655 συντετᾶχθαι,
2472 1585 2567 1657 τον
2616 1583 2673 1636 δὲ
2723 1582 2818 1636 τοῦ
2873 1579 3045 1654 ἀγροῦ
3104 1579 3296 1650 κύριον
3359 1578 3392 1646 ἢ
3441 1578 3624 1646 ἑτέρῳ

2031 1681 2376 1750 ἀμείϐεσθαι,
2423 1676 2590 1750 ἢτῆς
2635 1675 2792 1742 ἀξίας
2851 1674 3140 1744 τυγχάνειν
3188 1672 3372 1742 τιμῆς.
3427 1671 3624 1740 Τούτῳ

2032 1775 2128 1828 καὶ
2172 1772 2310 1844 αὑτὴ
2341 1770 2416 1842 τῷ
2463 1756 2573 1823 ἔθει
2633 1767 2968 1838 προσχοῦσα,
3032 1766 3128 1820 καὶ
3157 1762 3268 1820 οἷον
3324 1762 3621 1817 ίδιαίτατον

355 1861 539 1910 hutem
588 1856 816 1910 dixisset
855 1858 1068 1912 vineam
1131 1873 1252 1912 esse
1323 1859 1557 1914 alienam
1604 1844 1784 1913 :ISed'
1813 1858 1928 1927 ipsa

2033 1865 2126 1921 τοῦ
2174 1865 2360 1936 ἄρχειν
2403 1863 2463 1916 τὸ
2483 1847 2689 1916 ἀδικεῖν
2749 1861 3031 1930 κρίνουσα,
3080 1859 3174 1912 καὶ
3221 1854 3420 1910 ὄτι-το
3451 1854 3618 1936 δύνασ-

355 1964 594 2018 quoque,
626 1949 802 2019 inquit
829 1949 1090 2012 Eudoxia,
1121 1952 1228 2021 iam
1256 1952 1423 2018 relata
1459 1961 1540 2006 est
1562 1953 1614 2005 in
1641 1964 1929 2005 numerum

355 2049 606 2108 agrorum
646 2039 1006 2109 imperatoris,
1041 2042 1155 2096 lucc
1185 2042 1329 2096 enim
1363 2041 1415 2095 in
1436 2054 1537 2095 usu
1569 2050 1933 2096 eratconsue—

358 2132 488 2186 ιιιάο
533 2131 690 2203 longe
719 2129 1120 2202 improbissima
1158 2134 1501 2201 (avaritianc,
1530 2149 1599 2187 an
1627 2132 1928 2188 execranda

357 2224 596 2280 adulatio
632 2225 772 2280 hanc
806 2225 1081 2279 induxerit
1127 2226 1418 2287 incertum)
1447 2235 1504 2280 ut
1549 2239 1931 2296 quemcunque

356 2320 543 2389 agrum
577 2319 872 2388 imperator
901 2317 1252 2382 ascendisset,
1287 2327 1342 2372 ct
1363 2319 1430 2373 de
1460 2320 1580 2387 ejus
1599 2319 1777 2374 fructu
1799 2334 1929 2389 gus-

357 2420 548 2474 tasset,
578 2411 623 2465 is
647 2411 829 2464 statim
865 2420 1246 2465 recenseretur
1284 2412 1424 2466 inter
1471 2426 1631 2480 agros
1692 2410 1928 2480 impera-

357 2503 512 2570 toris,
565 2504 676 2574 agri
713 2519 838 2558 vero
869 2503 1124 2557 dominus
1154 2502 1240 2558 vel
1265 2520 1388 2558 eum
1422 2520 1544 2558 cum
1571 2503 1678 2558 alio
1705 2519 1927 2573 permu-

356 2604 514 2658 taret,
549 2597 631 2649 \‘Cl
662 2596 866 2665 justum
911 2595 1143 2666 pretium
1184 2604 1590 2662 assethretur.
1651 2596 1788 2650 Cum
1813 2597 1926 2665 ipsa

327 2679 574 2756 'quoque
607 2687 748 2742 hanc
776 2687 1101 2742 attendisset
1145 2689 1619 2748 consuetudinem,
1659 2696 1715 2740 et
1757 2685 1931 2740 maxi-

356 2784 443 2834 me
470 2780 589 2849 ejus
617 2779 862 2834 moribus
907 2780 1350 2844 convenientem,
1384 2789 1439 2833 ct
1482 2779 1753 2847 judicarct
1806 2793 1927 2832 esse

355 2869 566 2940 imperii
613 2871 916 2941 proprium,
954 2870 1133 2925 facere
1178 2870 1452 2940 injuriam,
1491 2877 1545 2924 et
1601 2885 1709 2922 non
1765 2884 1928 2939 posse

353 2962 512 3017 diiter
534 2963 746 3016 ostendi
777 2963 905 3032 quid
931 2963 1045 3031 ipsa
1078 2972 1281 3032 posset,
1313 2955 1492 3016 aufert
1529 2977 1742 3032 agrum,
1767 2961 1926 3016 simul

353 3053 513 3108 etiam
577 3054 803 3107 studens
859 3050 978 3108 eam
1043 3053 1258 3109 allicere
1333 3052 1580 3109 m'olestia
1629 3058 1928 3124 (acceperat
1967 3110 1979 3121 ,

353 3145 521 3208 enim,
554 3145 725 3216 ipsam
749 3147 817 3200 ad
855 3147 1065 3200 beatam
1102 3148 1247 3200 illam
1290 3148 1524 3202 animam
1567 3148 1922 3219 confugisse),
1955 3185 1998 3242 Ο

353 3239 583 3293 etillum
616 3253 647 3292 e
713 3240 842 3294 sedc
877 3241 1186 3310 deponendi
1237 3256 1488 3312 qna-rens
1539 3242 1922 3296 occasionrm:

355 3330 564 3385 sciebat
594 3331 762 3390 enim.
790 3332 966 3402 ipsum
996 3346 1105 3388 non
1141 3349 1260 3388 esse
1317 3334 1698 3397 toleraturum,
1757 3332 1799 3387 si
1832 3347 1924 3387 ve-

354 3426 529 3480 nisset
586 3427 654 3480 ad
709 3430 827 3496 ejus
855 3427 1246 3498 cognitionem,
1296 3428 1390 3482 sed
1433 3427 1580 3481 omni
1626 3427 1840 3481 ratione
1877 3424 1929 3480 ei

353 3531 511 3588 opem
547 3532 667 3590 esse
691 3518 947 3573 laturum.
977 3519 1115 3584 Quid
1135 3533 1262 3588 ergo
1281 3518 1667 3588 consequitur?
1687 3516 1783 3572 llic
1811 3517 1961 3586 qui-‘

353 3613 475 3668 dein
505 3615 573 3668 ab
603 3614 706 3668 hac
729 3611 1026 3668 miserabili
1075 3614 1234 3668 vidua
1275 3613 1658 3668 miserabiliter
1690 3613 1930 3681 ejulante

351 3705 723 3760 tuflammatus
779 3707 1102 3771 visceribus,
1149 3705 1337 3762 scribit
1384 3708 1451 3760 ad
1501 3694 1954 3775 imperatriccrn,‘

354 3815 579 3854 movens
633 3800 699 3854 ad
724 3798 1176 3864 miseritcrdiam,
1205 3809 1417 3870 patrum
1472 3797 1729 3868 pietatem
1768 3810 1929 3850 revo-

352 3907 484 3946 cans
515 3891 568 3944 in
613 3891 930 3945 memoriam
972 3898 1030 3945 ιι
1087 3890 1180 3946 Dei
1232 3891 1511 3955 timorem,
1557 3889 1929 3957 terribilisque

351 3983 639 4041 tribunalis
666 3983 992 4052 cogitatione
1019 3995 1371 4038 commovens
1389 3982 1511 4053 ejus
1529 3981 1788 4034 animam.
1819 3978 1929 4033 Sed

361 4077 650 4129 incurvum
683 4074 887 4144 lignum
919 4089 1198 4144 nunquam
1225 4075 1419 4130 feceris
1446 4085 1675 4139 rectum,
1712 4089 1815 4130 nec
1844 4089 1932 4128 as-

352 4173 546 4238 perum
578 4166 912 4223 berinacium
959 4183 1199 4238 unquam
1226 4169 1400 4224 levem
1453 4168 1754 4223 reddideris
1783 4185 1796 4222 :
1829 4183 1933 4223 nec

353 4261 624 4320 effeceris.
657 4269 718 4315 ut
749 4275 950 4316 cancer
988 4271 1172 4315 rectus
1211 4261 1567 4330 ingrediatur.
1605 4259 1739 4314 Mala
1782 4262 1929 4316 enim

353 4354 715 4418 consuetudo,
743 4367 866 4409 cum
899 4354 1324 4424 apprehenderit
1356 4353 1592 4409 animam
1621 4354 1832 4409 facilem
1863 4353 1928 4408 ad

354 4446 781 4519 improbitatem,
842 4446 1000 4502 facile
1047 4446 1380 4517 imprimitur
1431 4455 1488 4502 et
1526 4447 1781 4510 ἰιιιιι·ἰιιιι·,
1829 4462 1931 4501 ne-

2037 1957 2160 2012 σθαι
2366 1956 2628 2024 πάρεστιν
2662 1952 2833 2015 ἄλλως
2862 1950 3149 2022 δηλοῦσθαι
3193 1947 3269 2020 μὴ
3313 1933 3617 2015 δυναμένη,

2044 2050 2137 2103 τὸν
2177 2048 2347 2118 ἀγρὸν
2399 2045 2755 2117 παραιρεῖται
2781 2045 2879 2112 τῆς
2913 2043 3110 2112 χήρας,
3142 2039 3278 2109 ὁμοῦ
3307 2055 3366 2090 τε
3399 2037 3622 2120 εκείνην

2031 2141 2224 2194 λυπείν
2253 2139 2513 2192 ἐθέλουσα
2539 2135 2852 2207 (μεμάθηκε
2889 2136 2998 2205 γὰρ
3036 2134 3112 2202 τῷ
3146 2129 3404 2202 μακαρίῳ
3435 2129 3612 2196 αὐτὴν

2033 2214 2420 2304 προστεθῆναι)
2447 2230 2611 2284 αὐτόν
2637 2246 2694 2282 τε
2728 2227 2975 2281 καθελεῖν
2997 2225 3089 2278 τοῦ
3115 2224 3304 2295 θρόνου
3335 2221 3617 2292 πρόφασιν

2033 2325 2361 2397 ἐκζητοῦσα.
2394 2323 2549 2397 ’ῌδει
2603 2323 2710 2394 γὰρ
2748 2322 2820 2384 ὡς
2849 2321 2947 2374 οὐκ
2973 2319 3199 2373 ἀνεκτὸν
3213 2315 3378 2386 ἀὖτῷ
3405 2310 3622 2382 γένοιτὸ

2034 2420 2170 2491 πρὸς
2223 2418 2426 2486 γνῶσιν
2481 2415 2655 2481 ἐλθὸν,
2691 2415 2827 2468 ἀλλὰ
2881 2413 2972 2467 τὸν
3004 2412 3180 2465 πάντα
3208 2409 3408 2480 τρόπον
3443 2402 3622 2459 ἕλοιτο

2033 2509 2271 2581 βοηθεῖν.
2313 2508 2380 2562 Τί
2430 2505 2524 2563 οῦν
2566 2507 2629 2560 τὸ
2679 2507 2772 2558 ἐπὶ
2801 2500 3034 2568 τούτοις,
3086 2502 3182 2555 καὶ
3213 2503 3369 2552 ποῖον
3394 2499 3503 2568 ἀρα
3537 2494 3622 2566 τῷ

2032 2605 2320 2675 πράγματι
2347 2601 2517 2671 πέρας
2555 2599 2870 2664 ἀκολουθεῖς
2913 2599 2972 2652 '0
3003 2597 3098 2668 μὲν
3131 2595 3351 2662 ὑπὸτῆς
3376 2591 3621 2659 ἐλεεινῆς

2030 2696 2232 2766 ταύτης
2254 2696 2429 2766 χήρας
2443 2693 2661 2764 οίκτρδν
2680 2691 3098 2758 ὲπικωκυούσης
3115 2690 3182 2742 τά
3206 2687 3490 2756 σπλάγχνα
3503 2685 3622 2737 δια-

2031 2789 2323 2859 καιόμενος
2358 2789 2561 2858 γράφει
2592 2789 2659 2856 τῇ
2693 2783 2943 2860 βασιλίδι,
2981 2783 3117 2853 πρδς
3150 2780 3299 2833 ἔλεον
3323 2780 3470 2840 ὅπως
3501 2771 3619 2847 εἶχε

2032 2878 2388 2952 παρακαλῶν,
2405 2877 2656 2947 πατέρων
2685 2895 2743 2929 τε
2759 2875 3044 2938 εὐσεϐείας
3062 2874 3497 2943 ὑπομιμνήσκων
3520 2869 3619 2922 καὶ

2031 2973 2196 3042 φόϐου
2215 2969 2350 3025 θεοῦ
2363 3013 2374 3030 ,
2397 2971 2490 3023 καὶ
2505 2958 2602 3042 τὴν
2620 2968 2826 3022 ἔννοιαν
2858 2968 2994 3037 αὐτῇ
3012 2965 3104 3018 τοῦ
3122 2964 3350 3034 φοϐεροῦ
3372 2963 3438 3034 βή
3449 2966 3619 3032 ματος

2030 3064 2314 3136 ἐμϐάλλων
2337 3065 2417 3126 είς
2439 3062 2536 3132 τὴν
2554 3063 2752 3130 ψυχήν.
2793 3060 2955 3112 Ἀλλὰ
2990 3057 3233 3126 σκαμϐδν
3277 3055 3430 3120 ξύλον
3463 3053 3615 3107 οῦδὲ-

2031 3158 2147 3211 ποτ’
2169 3157 2344 3228 ὀρθὸν,
2377 3155 2497 3207 οὐδὲ
2527 3137 2667 3206 λεῖον
2683 3153 2748 3207 ἂν
2774 3153 2925 3223 θείης
2943 3149 3033 3205 τὸν
3053 3149 3255 3220 τραχὺν
3286 3150 3463 3217 ἐχῖνον
3493 3144 3620 3200 οὐδὲ

2035 3251 2270 3322 βαδίζειν
2293 3250 2430 3319 ὀρθὰ
2452 3251 2543 3303 τὸν
2565 3250 2823 3320 καρκῖνον
2844 3241 3480 3316 παρασκευάσαις.’ῑθος
3506 3243 3619 3308 γὰρ

2033 3344 2268 3417 πονηρὸν
2287 3343 2463 3414 ψυχῆς
2482 3339 2917 3411 ὲπιλαμϐόμενον
2943 3338 3130 3409 ῥᾳδίας
3157 3337 3251 3388 καὶ
3276 3333 3619 3405 θερμοτέρας

2033 3440 2113 3502 είς
2151 3435 2476 3506 μοχθηρίαν,
2495 3430 3008 3503 ἐντυποῦταιταύτῃ
3046 3429 3137 3482 καὶ
3159 3421 3269 3480 οἷον
3305 3425 3632 3492 ὲγκαίεταε,

2033 3521 2128 3583 καὶ
2152 3512 2328 3580 οῦδενὶ
2347 3525 2490 3594 λόγῳ
2509 3523 2777 3593 κατήκοον
2805 3519 3038 3589 γίνεται,
3061 3517 3198 3572 ἀλλά
3219 3514 3403 3586 σχεδον
3422 3512 3619 3578 ἀνεξᾶ-
3717 3545 3724 3550 -

2032 3620 2250 3676 λειπτόν
2284 3619 2452 3681 ἐστιν,
2506 3617 2596 3670 ίσα
2627 3615 2722 3668 καὶ
2752 3612 2913 3682 φύσει
2963 3611 3260 3681 δυνάμενον
3301 3610 3366 3678 τῇ
3403 3609 3616 3676 busta.

2033 3714 2236 3786 ϐλήτῳ.
2268 3710 2416 3781 Αὕτη
2461 3705 2750 3776 τοιγαροῦν
2791 3706 2823 3774 ή
2859 3704 3070 3774 σκληρά
3091 3717 3149 3754 τε
3185 3703 3278 3754 καὶ
3320 3699 3606 3768 βαρυκάρο

2032 3807 2142 3869 διος
2170 3803 2286 3868 (καὶ
2333 3802 2384 3855 τί
2417 3802 2525 3872 γὰρ
2565 3799 2718 3864 ἄλλο,
2763 3796 2795 3867 ἢ
2831 3797 2969 3866 γυνὴ
3012 3793 3282 3864 πονηράς)
3345 3790 3407 3844 οὐ
3447 3789 3612 3860 μόνον

2036 3899 2137 3951 οῦκ
2161 3893 2486 3965 ἑδυσωπήθη
2514 3893 2584 3946 τά
2609 3891 2937 3962 γράμματα,
2977 3889 3072 3942 καὶ
3103 3888 3195 3940 τοῦ
3222 3886 3531 3946 στείλαντος
3552 3883 3617 3935 τὸ

2037 3989 2276 4058 ἀξίωμα,
2305 3987 2442 4042 ἀλλά
2477 3985 2572 4039 καὶ
2601 3983 2736 4038 πολὺ
2767 3983 2828 4036 τὸ
2881 3981 3076 4053 πικρὸν
3110 3978 3284 4048 ἐφάνη
3341 3976 3484 4030 κατά
3511 3975 3616 4044 ψυ-

2037 4081 2138 4154 χὴν
2170 4081 2367 4151 ἔχουσα
2401 4078 2580 4148 (δῆλον
2605 4075 2715 4146 γὰρ
2742 4073 2903 4128 τοῦτο
2931 4073 3168 4142 κατέστη
3203 4073 3316 4133 τοῖς
3345 4066 3614 4137 ἀντιγρά-

2037 4174 2183 4245 φοις)
2233 4172 2498 4243 ὑϐριστὴν
2543 4167 2896 4223 ἀποκαλοῦσα
2959 4166 3049 4219 τὸν
3111 4163 3313 4234 μέγαν,
3363 4163 3459 4215 καὶ
3512 4159 3613 4230 τὴν

2039 4265 2286 4336 γλῶτταν
2316 4265 2638 4326 ἀκόλαστον,
2672 4264 2768 4314 καὶ
2801 4261 2877 4330 μὴ
2900 4259 2998 4328 τῆς
3032 4254 3418 4325 προσηκούσης
3440 4251 3614 4323 αὐτὴν

2038 4360 2292 4428 ἀξιοῦντα
2337 4357 2523 4428 τιμῆς,
2579 4354 2804 4424 ἄγνοιάν
2833 4369 2892 4405 τε
2932 4352 3041 4404 τῶν
3093 4347 3366 4418 κειμένων
3417 4347 3613 4417 ἔχοντα

2038 4455 2241 4523 νόμων,
2283 4445 2360 4505 ὧν
2419 4450 2517 4502 ἕνα
2575 4448 2671 4502 καὶ
2709 4445 2899 4501 τοῦτον
2958 4443 3146 4511 ἔλεγεν
3183 4437 3321 4494 εἶναι
3358 4439 3449 4492 τὸν
3476 4437 3612 4490 Bau-

353 4557 460 4613 que
511 4542 674 4598 ullam
721 4541 875 4596 audit
921 4539 1146 4594 omnino
1199 4540 1462 4595 rationem
1499 4538 1636 4594 :sed
1674 4539 1762 4594 vix
1812 4536 1928 4591 ﬁeri

2042 4544 2247 4616 μαστόν
2276 4558 2337 4595 τε
2367 4542 2463 4594 καὶ
2512 4539 2870 4596 δικαιότατον*
2899 4535 2959 4599 ὃς
3004 4537 3098 4588 καὶ
3127 4533 3398 4604 τεραστίῳ
3423 4529 3612 4599 τρρηιρ

351 4644 534 4707 potest
563 4646 622 4691 ut
653 4636 926 4698 deleatur,
954 4642 1015 4688 ut
1040 4649 1160 4697 quas
1192 4643 1404 4688 tantum
1437 4632 1625 4703 possit,
1661 4639 1926 4701 quantum

353 4737 550 4785 natura
574 4727 955 4782 immutabilis.
991 4725 1111 4794 Ipsa
1141 4741 1270 4796 ergo
1298 4726 1432 4779 dura
1469 4732 1524 4778 et
1563 4722 1712 4803 gravi
1741 4720 1927 4785 cor'de,

355 4829 412 4878 et
438 4819 568 4892 quid
589 4817 757 4886 aliud,
782 4833 945 4892 quam
972 4819 1112 4873 mala
1140 4816 1374 4872 mulier?
1402 4831 1509 4871 non
1556 4816 1731 4869 solum
1768 4813 1928 4879 nihil,

355 4927 468 4968 non
498 4913 726 4975 litteras,
762 4922 872 4967 non
902 4911 1078 4982 ipsam
1111 4911 1231 4981 eius
1260 4909 1368 4981 qui
1427 4909 1742 4978 scripserat.
1771 4923 1929 4962 reve-

355 5004 458 5058 rita
497 5012 581 5058 est
610 5003 835 5058 omnino
860 5001 1183 5071 dignitatern
1211 5011 1226 5058 :
1259 5001 1352 5056 sed
1389 4999 1498 5055 visa
1547 5009 1634 5056 est
1681 5015 1930 5072 magnam

357 5097 710 5152 acerbitatem
735 5093 914 5150 celare
942 5094 997 5148 in
1028 5093 1234 5148 animo.
1253 5091 1376 5149 l'uit
1404 5092 1550 5148 enim
1579 5095 1686 5150 hoc
1705 5094 1931 5151 evidens

356 5203 420 5241 ex
454 5184 539 5250 iis,
574 5199 697 5254 qua:
748 5183 1047 5249 rescripsit,
1096 5183 1673 5255 magnum-Joannem
1729 5200 1930 5240 vocans

357 5273 684 5334 insolenicm
719 5284 771 5330 et
809 5275 1006 5346 lingua:
1058 5275 1494 5346 intemperantis,
1527 5285 1583 5332 et
1635 5278 1728 5348 qui
1779 5294 1926 5343 eum,

355 5383 518 5439 quem
550 5383 647 5438 par
680 5375 786 5433 est,
821 5364 1084 5420 honorem
1124 5365 1173 5418 ei
1216 5365 1440 5421 minime
1487 5365 1716 5437 tribuit:
1751 5377 1806 5423 et
1835 5368 1925 5437 qui

357 5463 571 5535 ignorat
611 5475 726 5527 eas,
782 5474 903 5531 qua:
941 5468 1092 5525 sunt,
1119 5459 1306 5530 leges:
1339 5476 1402 5514 ex
1457 5461 1657 5531 quibus
1717 5461 1931 5517 dicebat

355 5555 498 5610 hanc
531 5570 693 5610 unam
733 5569 854 5609 esse
888 5551 1264 5607 admirabilem
1282 5561 1335 5607 et
1366 5553 1522 5624 longe
1544 5555 1926 5624 justissimam.

353 5662 473 5716 qua:
499 5643 807 5716 prodigiosa
836 5641 1068 5713 quodam
1094 5644 1255 5699 modo
1287 5658 1501 5716 agrum,
1539 5635 1704 5717 quem
1751 5647 1926 5702 solum

351 5735 584 5806 ingressi
618 5734 842 5800 fuerint,
870 5734 1230 5803 imperatores
1251 5751 1375 5791 eum
1410 5737 1662 5808 protinus
1699 5737 1829 5793 facit
1858 5737 1926 5791 il-

353 5825 554 5894 lorum,
574 5824 792 5883 etiamsi
816 5824 861 5881 is
888 5823 1054 5882 fuerit
1081 5826 1401 5900 peregrinus
1421 5837 1476 5886 et
1505 5827 1663 5902 plane
1691 5827 1921 5885 alienus.

2036 4637 2143 4690 τινὶ
2171 4640 2237 4708 τῇ
2265 4634 2518 4688 ἐπιϐάσει
2546 4630 2642 4686 τοῦ
2686 4627 2859 4700 ἀγροῦ
2894 4628 2987 4682 καὶ
3043 4627 3181 4698 μόνῃ
3211 4625 3343 4679 ίδιον
3377 4623 3454 4694 τῷ
3481 4622 3612 4692 βου-

2035 4729 2252 4799 λομένῳ
2313 4728 2460 4780 ποιεῐ
2511 4725 2603 4778 τδν
2667 4722 2968 4792 ἀλλότριον.
3009 4718 3232 4782 Τούτοις
3266 4719 3297 4772 6
3328 4715 3422 4769 τοῦ
3473 4713 3610 4768 Θεοῦ

2036 4819 2326 4886 ἄνθρωπος
2378 4813 2641 4887 ἐντυχὼν,
2689 4813 2792 4866 οὐκ
2843 4811 3129 4882 ἠμϐλύνθη
3155 4810 3254 4880 τὴν
3278 4807 3610 4878 προθυμίαν,

2035 4910 2209 4977 οὕτως
2253 4911 2317 4964 ὲκ
2358 4911 2458 4979 τῆς
2511 4906 2736 4978 πρώτης
2789 4905 2986 4974 πείρας
3033 4899 3342 4972 ἀποτυχὼν,
3404 4899 3526 4952 οὐδὲ
3549 4899 3612 4950 τι)

2036 5003 2228 5060 ἑαυτοῦ
2257 5001 2484 5076 πράξειν
2518 5001 2791 5071 ἐνόμισεν,
2818 4997 2852 5069 ἢ
2884 4993 3293 5067 προεφαοίσατό
3319 5009 3393 5057 τι,
3420 4992 3612 5062 χρόνον

2035 5097 2095 5151 ἐν
2111 5095 2190 5166 τῷ
2222 5094 2376 5165 μέσῳ
2425 5094 2522 5148 καὶ
2581 5090 2853 5162 ἀναϐολὴν
2899 5089 3126 5159 θέμενος
3189 5087 3348 5156 (ὅπερ
3389 5088 3448 5138 ὲν
3497 5083 3613 5146 τοῖς

2031 5186 2294 5248 τοιούτοις
2333 5185 2496 5255 ἡμεῖς
2559 5183 2865 5253 πάσχομεν,
2890 5181 2924 5250 ἢ
2955 5179 3101 5250 δκνῳ
3129 5178 3391 5239 εἴκοντες,
3417 5176 3452 5245 ἢ
3484 5175 3613 5236 τοὺς

2031 5278 2260 5348 καιροὺς
2290 5273 2752 5343 δυσωπούμενοι),
2808 5271 2942 5326 ἀλλά
2965 5271 3167 5332 παντὸς
3195 5268 3479 5339 ἀμελήσας
3512 5263 3610 5320 τοῦ

2032 5371 2239 5442 εἴργειν
2267 5367 2432 5422 αὐτοῦ
2457 5367 2554 5438 τὴν
2585 5365 2762 5437 ὁρμὴν
2796 5363 3119 5434 δυναμένου,
3147 5362 3223 5425 ὡς
3253 5348 3456 5429 ἄν’ὃλῳ
3486 5358 3611 5412 ποδὶ

2034 5462 2250 5534 βοηθεῖν
2285 5460 2508 5522 ἐθέλων,
2533 5459 2630 5512 καὶ
2661 5458 2829 5530 μηδὲν
2860 5456 3120 5528 παριέναι
3168 5454 3364 5524 μικρὸν
3391 5455 3426 5524 ἢ
3461 5453 3612 5520 μέγα

2030 5555 2139 5608 τῶν
2194 5553 2464 5607 ἑλκόντων
2521 5554 2602 5617 είς
2630 5552 2798 5615 ἔλεον,
2839 5549 3002 5612 αὐτὸς
3031 5549 3241 5608 ἐκεῖνος
3261 5549 3333 5615 τῇ
3365 5544 3604 5614 βασιλίδι

2031 5646 2304 5718 πρόσεισι,
2324 5644 2421 5700 καὶ
2452 5645 2622 5700 πολλά
2650 5643 2822 5699 είπὼν
2842 5642 2947 5696 -καὶ
2973 5641 3153 5695 πάντα
3178 5637 3324 5691 λίθον
3349 5637 3608 5707 κινήσας,

2031 5739 2155 5794 ἐπεὶ
2202 5737 2446 5808 ταύτηνο
2473 5737 2621 5810 ἑώρα
2671 5736 2938 5808 μηδαμῶς
2986 5734 3241 5814 εἴκουσαν
3281 5771 3297 5798 ,
3363 5729 3508 5784 ἀλλά
3547 5727 3611 5781 th

2033 5829 2269 5902 πονηρὸν
2295 5827 2437 5898 ίθος,
2459 5828 2535 5895 ὡς
2568 5829 2779 5900 ἄμαχόν
2807 5845 2878 5897 τι,
2910 5825 3378 5901 προϐαλλομένην,
3407 5821 3607 5895 ἐδεήθη
