3834 6486
254 298 396 406 ηδτ

1266 341 1444 403 νιΤΑ
1478 342 1537 407 S.
1578 336 1899 408 JOANNlS
1928 338 2489 411 CHRYSOSTOMY.

3380 336 3517 415 1158

251 453 350 508 καὶ
400 450 719 524 φαρμάκων,
768 440 1242 532 δραστικωτέρων.
1313 448 1536 523 Ἀπόδος
1561 446 1835 526 o§~1,€r{}q.

1945 453 2070 512 llaec
2107 473 2231 513 eum
2266 459 2490 532 legisset
2521 439 2688 517 homo
2720 461 2835 531 Dei,
2881 476 2989 517 non
3045 460 3147 518 fuit
3180 462 3516 519 retardatum

162 587 175 594 -
248 545 320 615 τῇ
350 538 576 611 γυναικὶ
606 540 668 593 τὸ
697 537 849 595 ἴδιον.
905 530 972 594 τί
999 542 1109 624 γὰρ
1154 536 1249 596 καὶ
1274 546 1340 614 τῇ
1377 534 1585 615 ’Ᾱχαὰϐ
1611 547 1833 614 γυναικὶ

249 631 480 705 ὁμοιοῦν
520 630 756 702 σεαυτὴν
811 631 1194 699 ὲσπούδακαςς
1245 630 1455 688 τοῠτων
1477 632 1553 697 ὡς
1597 634 1833 707 ἤκουσεν

254 723 514 787 Εύδοξία.
573 722 731 795 θυμῷ
787 723 968 795 πολλῷ
1008 726 1110 794 τὴν
1175 724 1353 795 ψυχὴν
1404 727 1701 797 ἀνεκαύθη,
1742 731 1834 782 καὶ

248 806 342 866 οἷά
367 828 452 875 τις
482 813 764 884 ἡμιμανὴς
793 813 888 867 καὶ
920 814 1239 886 παράφορος
1286 815 1496 883 ἐθεᾶτο,
1553 817 1713 887 Ἐγὼ,
1745 819 1833 872 λέ-

250 917 453 971 γουσα,
500 904 743 976 τιμωρὸς
812 906 1026 976 ἐμαυτῇ
1054 906 1271 978 ἔσομαι,
1302 909 1396 962 καλ⁸
1421 909 1516 979 οὐχ
1537 908 1709 974 οὕτως
1739 912 1834 965 ἐπὶ

250 992 391 1048 πολὺ
443 994 703 1069 ᾀνέξομαι
763 997 909 1049 κατὰ
943 997 1074 1067 μίαν
1100 996 1209 1050 τῶν
1236 991 1825 1071 ἀτίμων-ὑϐριζομένη.

249 1082 334 1153 τῇ
359 1083 508 1154 χήρᾳ
542 1084 600 1136 δὲ
632 1086 730 1155 οὐχ
784 1085 933 1149 ὅπως
964 1087 993 1138 ὁ
1033 1078 1317 1155 ἁμπελὼν,
1362 1086 1478 1142 ἀλλ’
1504 1090 1627 1143 οὐδὲ
1666 1083 1832 1163 τιμῆς

238 1176 414 1247 χάριν
450 1176 604 1248 ὑπὲρ
656 1177 831 1232 αὐτοῦ’
868 1195 919 1232 τι
971 1179 1476 1252 καταϐληθήσεται.
1533 1181 1691 1237 Οῦτω
1717 1183 1827 1237 τῶν

246 1268 543 1338 βασιλείων
573 1270 603 1323 ὁ
633 1269 808 1341 μέγας
834 1271 1164 1336 ἐπανελθὼν,
1194 1262 1311 1336 ’τοῖς
1342 1273 1435 1327 τοῦ
1479 1277 1522 1328 is
1534 1275 1624 1345 ροῦ
1649 1276 1828 1348 θυρω-

247 1363 368 1437 ροις
397 1361 673 1416 ἐπιτάττει
698 1364 1116 1436 παραγενομένῃ
1139 1365 1443 1438 τῇΕύδοξία
1485 1367 1827 1437 ὲπιξυγῶσαι

244 1450 353 1515 τὰς
414 1450 610 1525 θύρας,
667 1453 759 1507 καὶ
804 1454 880 1525 μὴ
912 1455 1119 1523 ἐφεῖναι
1143 1456 1205 1509 τὸ
1234 1458 1502 1528 παράπαν
1563 1459 1700 1532 αὐτῇ
1730 1461 1830 1532 τὴν

241 1548 479 1604 εἴσοδον.

1936 548 2058 618 ejus
2089 561 2407 621 promptum
2431 553 2599 608 animi
2633 554 2897 618 studium,
2925 569 3050 610 cum
3076 555 3256 631 statim
3280 556 3515 627 primum

1936 642 2078 697 facto
2110 644 2353 713 periculo
2404 662 2515 702 non
2569 656 2715 704 esset
2770 659 3096 706 assecutus:
3139 665 3317 717 neque
3371 650 3516 721 quod

1934 751 2091 788 suum
2127 746 2263 802 erat,
2294 753 2323 791 a
2357 753 2415 794 se
2461 756 2573 795 non
2634 757 2757 797 esse
2796 741 3011 798 censuit
3064 742 3398 806 faciendum,
3426 728 3521 796 aut

1912 827 2169 907 aliquam
2221 830 2402 885 attulit
2450 834 2891 899 excusationem,
2936 835 3224 905 interiecto
3274 844 3521 919 tempore

1933 917 2181 987 aliquoet
2205 922 2489 990 dilatione,
2514 930 2574 979 ut
2598 925 2649 980 in
2679 926 2844 981 rebus
2869 926 3185 995 hujusmodi
3211 927 3349 982 solet
3370 917 3480 983 mul
3501 955 3515 968 ο

1936 1007 2004 1061 tis
2038 1010 2283 1074 evenire,
2318 1012 2446 1069 dum
2505 1023 2601 1069 aut
2636 1015 2839 1071 cedunt
2864 1006 3202 1081 dubitantes,
3244 1026 3344 1072 aut
3376 1026 3518 1073 tem-‘

1932 1108 2066 1170 pora
2097 1100 2456 1158 reformidant
2490 1112 2504 1158 ι
2539 1106 2634 1160 sed
2659 1098 2798 1160 nihil
2825 1107 3033 1163 faciens
3056 1109 3315 1179 quidquid
3336 1116 3521 1178 posset

1936 1204 2123 1248 arcere
2145 1195 2266 1262 ejus
2305 1195 2588 1266 impetum.
2617 1207 2675 1252 ut
2703 1200 2795 1269 qui
2833 1208 3053 1268 paratus
3072 1196 3221 1255 esset
3250 1208 3363 1255 toto
3382 1184 3518 1270 pede

1938 1299 2185 1353 currere,
2220 1288 2308 1343 ille
2332 1288 2447 1360 ipse
2478 1291 2690 1349 accedit
2718 1292 2785 1347 ad
2822 1291 3227 1363 imperati-icem
3260 1310 3275 1347 :
3303 1282 3358 1348 et
3391 1281 3516 1353 cuin

1945 1379 2116 1433 multa
2144 1381 2389 1448 dixisset,
2425 1393 2480 1439 et
2531 1400 2749 1441 onmem
2778 1387 3037 1456 lapidem,
3072 1396 3131 1440 ut
3194 1371 3368 1446 aiunt.
3400 1392 3521 1441 mo-'

1939 1470 2128 1536 visset,
2162 1488 2279 1543 eam
2309 1484 2490 1531 autem
2524 1476 3006 1557 vidissetminime
3034 1478 3254 1543 cedere,
3290 1479 3384 1532 sed
3418 1477 3520 1532 im-
3558 1469 3565 1477 ’

1939 1564 2165 1633 probam
2210 1562 2351 1621 hanc.
2386 1570 2861 1635 consuetudinem,
2894 1580 3152 1641 tanquam
3178 1571 3522 1643 inexpugna-

241 1645 500 1741 bilem-et
529 1644 865 1741 immobilem
891 1648 1126 1721 aliquam
1157 1650 1332 1723 legem
1356 1649 1623 1723 proferre,
1648 1668 1788 1724 opus
1806 1657 1968 1713 habet
1999 1662 2302 1719 austeriore
2337 1667 2736 1723 medicamento
2758 1678 2982 1740 propter
3002 1670 3179 1724 morbi
3211 1684 3521 1741 repugnan-

241 1735 400 1793 tiam.
439 1735 623 1796 Redde
650 1755 797 1812 ergo,
828 1741 1029 1811 inquit,
1062 1743 1299 1808 mulieri,
1326 1743 1469 1814 quod
1507 1758 1664 1799 suum
1692 1755 1797 1803 est.
1830 1750 1970 1815 Quid
2006 1754 2150 1809 enim
2179 1755 2232 1812 te
2264 1758 2415 1813 uxori
2446 1751 2634 1816 Achab
2660 1735 2911 1817 studuisti
2939 1776 3255 1832 comparare
3274 1735 3318 1793 δ”
3342 1735 3377 1815 ἶ
3399 1759 3521 1818 lla-e

240 1841 534 1904 postquam
592 1836 802 1892 audivit
858 1836 1126 1902 Eudoxia,
1174 1838 1255 1894 ira
1314 1855 1508 1911 magna
1574 1841 1820 1909 incensa,
1884 1846 2067 1917 ignem
2135 1844 2377 1921 spirabat
2443 1870 2457 1907 :
2514 1863 2566 1909 et
2610 1844 2775 1910 veluti
2828 1855 3157 1910 semiinsana
3207 1864 3262 1909 et
3317 1864 3515 1909 emotae

238 1928 468 1992 mentis,
503 1943 573 1985 ne
614 1938 826 2000 poterat
853 1931 1078 2001 quidem
1121 1933 1348 1988 omnino
1387 1934 1699 2011 contineri:
1731 1937 1825 1992 sed
1866 1938 2137 1996 clamabat
2165 1956 2218 1998 et
2274 1944 2498 2001 domum
2525 1938 2785 2018 implebat
2835 1946 3248 2012 vociferatione,
3281 1924 3516 2003 dicens:

241 2018 360 2096 Ego
391 2034 478 2079 me
506 2023 757 2092 ulciscar,
783 2035 887 2079 nec
920 2025 1012 2080 diu
1056 2025 1250 2096 patiar,
1318 2041 1405 2082 me
1470 2033 1729 2098 tanquam
1770 2026 2027 2088 infamem
2084 2034 2341 2103 feminam
2385 2031 2528 2094 afﬁci
2564 2040 2917 2095 contumelia.
2988 2039 3173 2095 Vidine
3196 2048 3377 2095 autem
3408 2053 3522 2094 non

239 2113 410 2170 modo
439 2108 614 2178 vinea.
640 2116 735 2171 sed
765 2125 867 2172 nec’
891 2124 990 2205 pro
1017 2118 1189 2188 pretio
1211 2119 1431 2191 quidem
1452 2120 1501 2175 ei
1558 2122 1853 2192 quidquam
1893 2126 2121 2182 omnino
2178 2126 2444 2185 solvetur.
2499 2122 2592 2187 Sic
2634 2149 2865 2205 magnus
2915 2133 3156 2197 Joannes
3210 2147 3465 2189 reversus
3488 2139 3524 2187 e‘

240 2207 419 2279 regia,
457 2206 715 2279 pracepit'
745 2199 935 2279 templi
965 2210 1318 2281 ianitoribus,
1340 2220 1398 2266 ut
1428 2211 1471 2267 si
1498 2212 1823 2272 accessisset
1865 2213 2130 2285 Eudoxia,
2167 2219 2217 2275 ei
2281 2216 2429 2278 fores
2492 2199 2752 2294 protinus
2773 2225 3115 2291 obserarent,
3152 2240 3335 2297 neque
3395 2242 3517 2302 eant

243 2299 461 2372 ingredi
483 2298 745 2355 sinerent.
2917 2322 2928 2333 '

325 2393 460 2449 ΜΕ.
493 2394 679 2465 Βραχῦ
710 2394 772 2448 τδ
816 2395 877 2448 ἑν
910 2394 1084 2466 μέσῳ,
1119 2395 1214 2449 καὶ
1253 2386 1416 2467 ἑορτὴ
1460 2396 1667 2468 παρῆν,
1707 2395 1832 2452 καθ’

2007 2398 2171 2456 XLII.
2209 2402 2407 2459 l’arum
2440 2404 2703 2474 temporis
2725 2404 3053 2471 intercessit,
3083 2414 3139 2462 et
3186 2406 3374 2461 aderat
3398 2404 3523 2463 dies

245 2484 322 2558 ἢν
344 2488 402 2541 τὸ
430 2486 525 2540 τοῦ
559 2486 707 2541 θείου
758 2488 997 2560 σταυροῦ
1057 2484 1213 2554 ξύλον
1259 2486 1511 2559 ὑψοῦται.
1558 2492 1621 2545 '0
1652 2493 1834 2546 τοίνυν

249 2566 559 2643 δίπαςλαδς
598 2580 678 2643 εἰς
713 2580 806 2633 τὸν
856 2581 983 2634 ναὸν
1043 2581 1335 2654 συνέρρεον
1374 2584 1568 2651 γένους
1607 2570 1832 2650 παντὸς,

257 2673 357 2726 καὶ
385 2672 596 2743 ἡλικίας
630 2671 833 2743 πάσης,
878 2672 1150 2743 μηδεμιᾶς
1200 2675 1661 2746 ἀπολειπομένης.
1697 2676 1834 2731 Ούδὲ

253 2764 372 2836 γάρ
406 2763 575 2837 μόνην
598 2760 744 2836 εἶχον
777 2770 876 2835 τὴν
898 2759 1091 2838 ἑορτήν
1111 2766 1210 2836 τῆς
1236 2768 1537 2837 παρουσίας
1554 2769 1832 2836 ὑπόθεσιν,

257 2855 401 2916 ἀλλὰ
433 2861 528 2914 καὶ
588 2860 770 2930 πο).λῷ
799 2860 1002 2932 μᾶλλον
1027 2861 1126 2929 τὴν
1155 2863 1256 2932 τῆς
1303 2863 1551 2917 Ἰωάννου
1583 2861 1834 2932 γλώττης

254 2954 550 3026 ἀκρόασιν.
583 2955 724 3009 Πᾶσι
749 2955 857 3025 γὰρ
879 2955 1057 3026 ἔρωτα
1080 2955 1322 3010 τοιοῦτον
1358 2957 1518 3026 ὲνῆκε
1538 2955 1646 3011 τῶν
1668 2957 1833 3011 αὐτοῦ

252 3039 454 3113 λόγων,
497 3040 575 3109 ὡς
615 3046 812 3117 μικροῦ
845 3045 1300 3117 δημηγοροῦντος
1340 3048 1602 3109 πολλάκις
1647 3035 1835 3114 ἔνθους

256 3139 508 3212 γίνεσθαι
574 3140 704 3203 τοὺς
750 3139 1068 3211 ἀκροατὰς.
1107 3140 1202 3195 καὶ
1249 3142 1440 3213 ὥσπερ
1470 3140 1708 3213 ὲξῆφθαι
1736 3144 1837 3213 τῆς

255 3229 428 3286 αΰτοῦ
487 3224 755 3302 γλώττης,
814 3231 910 3286 καὶ
957 3234 1277 3303 αἰωρεῖσθαι
1309 3232 1520 3298 τούτοις
1562 3235 1836 3305 μετὰτῶν

252 3323 447 3395 ψυχῶν
486 3325 579 3378 καὶ
606 3323 675 3377 τὰ
705 3324 957 3395 σώματα,
1003 3324 1227 3379 ἀκούειν
1256 3342 1315 3379 τε
1349 3325 1417 3379 τὰ
1445 3322 1597 3399 χείλη
1627 3328 1835 3382 κινοῦν.

253 3424 374 3481 ¹τος,
407 3415 506 3485 οὐχ
560 3415 750 3489 ὥσπερ
790 3411 1067 3485 λέγοντος,
1100 3418 1239 3473 ἀλλά
1275 3419 1489 3489 ῥέοντος
1522 3421 1750 3490 πότιμόν
1783 3440 1835 3476 τι

254 3508 356 3561 καὶ
398 3508 740 3590 νεκταρῶδες
773 3510 868 3563 καὶ
910 3503 1126 3574 διειδές.
1160 3511 1346 3584 Ταύτῃ
1369 3529 1451 3566 τοι
1478 3514 1568 3567 καὶ
1600 3515 1836 3585 σπουδὴν

259 3600 480 3655 ἃπασαν
530 3602 749 3670 εἰσῆγον
782 3600 856 3672 μὴ
885 3602 1281 3674 ἀπολειφθῆναι
1345 3604 1443 3673 τῆς
1488 3603 1831 3675 ἀκροάσεως,

257 3693 357 3749 καὶ
389 3694 528 3749 αὐτὰ
556 3693 612 3748 δὲ
654 3695 722 3749 τὰ
750 3696 973 3768 ῥήματα
1016 3696 1091 3768 μὴ
1116 3696 1579 3763 ἁπλῶς’ἀκούειν,
1610 3697 1744 3751 ἀλλὰ
1766 3696 1834 3750 δι’

254 3782 583 3857 ὀξυγράψων
617 3788 1096 3860 παραλαμϐάνειν,
1138 3789 1236 3843 καὶ
1257 3783 1333 3852 ὥς
1362 3789 1671 3862 θησαυροὺς
1698 3792 1834 3844 ἀπο·

258 3876 526 3933 τίθεσθαι.
579 3879 669 3941 Ὠς
700 3879 794 3933 οῦν
844 3880 988 3935 οὔτω
1033 3878 1225 3946 ταῦτα,
1263 3883 1357 3935 καὶ
1388 3882 1421 3953 ἡ
1454 3882 1667 3953 βασιλὶς
1697 3882 1837 3954 μετὰ

265 3967 486 4028 πάντων
517 3973 728 4041 ἐφοίτα,
763 3972 963 4045 πολλῆς
989 3974 1118 4045 περὶ
1138 3974 1308 4046 αὐτὴν
1339 3969 1507 4044 οὔσης
1545 3976 1642 4046 τῆς
1672 3976 1836 4047 θερα-

260 4060 423 4122 πείας
479 4061 575 4115 καὶ
620 4062 719 4132 τῆς
769 4061 1057 4133 βασιλικῆς
1111 4065 1405 4126 κολακείας
1436 4067 1527 4120 καὶ
1562 4067 1835 4137 θρύψεως,

257 4155 309 4207 οἱ
340 4153 579 4224 θυρωροὶ
625 4154 805 4225 θυρῶν
825 4156 1056 4227 εἴχοντο,
1095 4158 1187 4211 καὶ
1221 4156 1360 4227 ὅπερ
1397 4154 1465 4229 ῆν
1492 4160 1679 4224 αύτοϊς
1713 4162 1837 4214 ἐπι-

261 4245 598 4316 τεταγμένον
622 4246 880 4303 ὲποίουν.-
908 4248 1024 4316 Ἐφ’
1050 4243 1095 4318 ᾧ
1117 4250 1184 4303 τὰ
1219 4252 1451 4321 μέγιστα
1478 4253 1838 4325 χαλεπήνασα

262 4334 489 4401 Εύδοξία
516 4336 628 4409 πῦρ
658 4337 829 4403 ἔπνει,
859 4341 954 4393 καὶ
981 4338 1155 4394 δεινὸν
1186 4342 1336 4409 ὲδύα,
1365 4344 1461 4399 καὶ
1486 4345 1575 4397 τὸν
1593 4346 1840 4416 παρόντα

260 4426 435 4501 δῆμον
468 4427 750 4501 μάρτυρας
785 4430 971 4484 ἐκάλει
1005 4431 1103 4499 τῆς
1128 4430 1365 4503 ὓὸρεως.
1412 4429 1548 4487 Εἶτα
1579 4436 1672 4487 καὶ
1702 4433 1840 4504 πρὸς

266 4519 390 4591 βίαν
438 4520 547 4575 τῶν
587 4521 766 4593 θυρῶν
826 4521 1168 4593 ὠθουμένων,
1221 4517 1301 4587 εἷς
1325 4522 1436 4577 τῶν
1472 4523 1841 4595 παρεστώτων

263 4614 326 4667 eo
364 4612 516 4684 ξίφος
568 4614 1017 4689 ἑπισπασάμενος
1078 4614 1225 4669 κατὰ
1271 4617 1372 4685 τῆς
1403 4616 1572 4687 ’ἱερᾶς
1602 4616 1841 4671 ἀνέτεινε

263 4703 465 4776 πύλης.
519 4704 663 4760 ’Λλλτ
718 4705 844 4777 ἔσχε
894 4707 994 4778 τὴν
1034 4692 1188 4762 θείαν
1247 4707 1403 4779 δίκην
1466 4709 1529 4761 ού
1580 4708 1844 4780 σχολαίως

267 4798 561 4871 ἑπομένην,
616 4799 753 4854 ἀλλὰ
776 4800 917 4855 κατὰ
948 4801 1116 4865 πόδας
1145 4801 1309 4856 αὐτὸν
1343 4797 1658 4874 μετιοῦσαν.
1689 4802 1841 4871 ’Ᾱμα

264 4890 376 4961 γὰρ
403 4883 472 4961 ἦν
498 4888 562 4942 τὸ
588 4889 741 4958 ξίφος
761 4891 975 4961 ἠρκὼς,
1003 4891 1101 4947 καὶ
1126 4894 1160 4964 ἠ
1193 4892 1473 4965 προπετὴς
1499 4894 1661 4955 εὐθὺς
1688 4894 1840 4960 δεξιά

269 4980 409 5053 ξηρά
461 4982 556 5034 καὶ
611 4983 785 5054 ἀργὲς
815 4982 1110 5050 ἐδείκνυτο,
1144 4980 1220 5049 ὡς
1249 4986 1422 5055 αὑτήν
1464 5001 1524 5039 τε
1558 4985 1838 5053 Εύδοξίαν,

1936 2489 2128 2567 festqs,
2146 2510 2253 2562 quo
2264 2494 2463 2549 divina:
2479 2495 2655 2569 crucis
2672 2495 2874 2567 lignum
2892 2496 2945 2550 in
2961 2496 3127 2550 altum
3149 2496 3372 2552 tollitur.
3397 2486 3523 2553 Uni?

1936 2598 2131 2640 versus
2153 2585 2582 2657 itaquepopulus
2613 2586 2920 2656 conﬂuebat
2950 2588 3002 2642 in
3020 2588 3315 2659 templum,
3345 2600 3524 2658 neque

1937 2672 2106 2734 ullum
2138 2696 2310 2752 genus
2338 2690 2434 2735 aut
2461 2676 2569 2735 ulla
2609 2689 2741 2736 tetas
2766 2680 2974 2736 aberat.
3008 2680 3193 2750 Neque
3219 2681 3365 2735 enim
3403 2680 3522 2736 dies

1938 2771 2113 2828 festus
2138 2774 2314 2828 solum
2346 2774 2425 2829 eis
2453 2789 2615 2829 causa
2643 2783 2785 2837 erat,
2806 2783 2865 2826 ut
2893 2774 3147 2828 venirent
3173 2790 3188 2828 :
3232 2772 3328 2828 sed
3348 2772 3524 2829 multo

1938 2867 2117 2937 magis
2142 2866 2341 2936 lingua:
2378 2864 2605 2922 Joannis
2640 2865 2867 2920 auditio.
2903 2864 3168 2920 Omnibus
3194 2865 3340 2919 enim
3374 2864 3518 2936 inje-

1938 2968 2088 3013 ccrat
2120 2967 2226 3013 tam
2256 2957 2557 3013 vehemens
2604 2958 2995 3027 audiendarum
3037 2956 3346 3012 orationum
3382 2956 3514 3011 sua-

1943 3065 2064 3126 rum
2096 3049 2449 3115 desiderium,
2479 3051 2707 3120 ut'smpe
2735 3066 2858 3103 cum
2885 3048 3321 3112 concionaretnr,
3341 3053 3527 3103 essent

1932 3158 1970 3198 ‘a
2004 3142 2111 3197 Deo
2136 3140 2296 3195 albati
2320 3142 2619 3205 auditores,
2655 3154 2709 3197 et
2740 3141 2809 3196 ab
2858 3141 2979 3210 ejus
3029 3141 3208 3211 lingua
3248 3129 3519 3211 quodam-

1942 3233 2104 3289 modo
2122 3233 2451 3306 penderent,
2480 3234 2669 3304 eisque
2699 3234 2752 3287 in
2796 3233 3029 3289 sublime
3087 3230 3413 3288 tollerentur
3441 3230 3521 3287 si-

1940 3327 2274 3383 mulanima:
2305 3336 2359 3382 et
2388 3342 2644 3398 corpora,
2695 3328 2925 3397 ejusque
2974 3323 3323 3382 attenderent
3373 3326 3523 3382 labra

1940 3435 2066 3488 quae
2095 3417 2477 3482 movebantur,
2510 3433 2621 3472 non
2665 3426 2921 3487 tanquam
2951 3417 3205 3477 dicentis,
3226 3417 3326 3472 sed
3358 3416 3523 3471 emit-

1941 3509 2103 3564 tentis
2121 3509 2248 3578 quid
2272 3510 2617 3581 poculentum
2642 3506 3517 3577 nectareamqueetperspicuum.

1944 3601 2019 3655 Ea
2061 3601 2128 3654 de
2156 3616 2321 3655 causa
2350 3598 2535 3655 studio
2564 3604 2682 3653 erat
2713 3596 2990 3658 omnibus.
3016 3611 3086 3650 ne
3119 3596 3337 3650 abesset
3368 3601 3526 3665 quis-

1944 3707 2105 3762 quam
2134 3692 2203 3747 ab
2234 3690 2654 3754 auscultatione,
2678 3687 2978 3759 quinetiam
3019 3695 3080 3743 ut
3122 3688 3241 3757 ipsa
3298 3700 3521 3757 quoque

1939 3784 2105 3839 verba
2131 3771 2238 3838 non
2266 3782 2435 3837 semel
2468 3782 2658 3836 audita
2688 3780 3047 3850 negligerent,
3090 3779 3184 3834 sed
3224 3776 3373 3833 omni
3403 3785 3520 3832 stu.

1939 3877 2030 3933 dio
2047 3893 2108 3933 ea
2137 3858 2232 3947 per
2263 3877 2481 3932 veloces
2504 3876 2800 3945 scriptores
2823 3871 3159 3942 exciperent,
3177 3879 3233 3926 et
3262 3880 3520 3941 tanquam

1945 3973 2263 4027 thesaurum
2297 3978 2649 4042 reponerent.
2682 3968 2819 4023 Cum
2854 3980 2986 4038 ergo
3010 3966 3126 4020 haec
3160 3965 3234 4019 ita
3264 3976 3324 4019 se
3355 3963 3524 4018 babe-

1944 4063 2488 4134 rent,etimperatrix
2519 4062 2729 4117 veniret
2748 4076 2873 4115 cum
2894 4059 3148 4115 omnibus
3169 4068 3295 4113 eum
3324 4065 3525 4127 magno

1944 4158 2205 4213 comitatu
2235 4165 2291 4211 et
2318 4170 2442 4213 eum
2475 4154 2617 4210 fastu
2654 4152 2827 4223 regio,
2853 4149 3120 4221 ianitores
3165 4156 3441 4202 steterunt
3469 4146 3524 4200 in

1945 4251 2171 4315 foribus,
2197 4256 2251 4303 et
2280 4247 2531 4303 fecerunt
2561 4246 2612 4301 id
2636 4245 2780 4316 quod
2812 4244 2895 4299 eis
2938 4242 3115 4297 fuerat
3172 4241 3521 4311 imperatum.

1945 4340 2100 4408 Quod
2164 4339 2386 4409 quidem
2434 4337 2618 4393 ferens
2667 4334 2950 4406 aegerrime
2999 4331 3263 4394 Eudoxia,
3327 4330 3526 4385 malum

1946 4444 2104 4487 terra:
2141 4430 2426 4495 miscebat,
2455 4435 2511 4482 et
2563 4426 2721 4482 valde
2778 4423 3202 4487 vociferabatur,
3237 4431 3293 4476 et
3336 4431 3530 4492 papu—

1944 4526 2083 4589 lmn,
2113 4524 2202 4595 qui
2234 4524 2443 4587 aderat,
2465 4519 2699 4574 vocabat
2733 4519 2787 4572 in
2823 4515 3218 4579 testimonium,
3254 4524 3318 4570 ut
3366 4529 3527 4569 cons-

1944 4617 2057 4672 eius
2094 4614 2145 4669 ei
2199 4612 2356 4668 facta!
2386 4607 2874 4679 injmiae.‘Deinde
2925 4607 3088 4661 etiam
3114 4612 3235 4659 cum
3272 4604 3418 4659 fores
3468 4605 3520 4657 vi

1945 4707 2321 4779 truderentqr,
2353 4704 2572 4774 quidam
2604 4716 2668 4756 ex
2721 4700 2811 4767 iis,
2847 4699 2938 4770 qui
2995 4697 3221 4753 aderant
3266 4696 3531 4752 a'udacirs

1945 4799 2163 4870 aliquod
2195 4798 2397 4854 factum
2436 4796 2627 4851 volens
2653 4794 2963 4858 ostendere,
2993 4792 3243 4847 strictum
3285 4789 3524 4863 gladium

1947 4890 2184 4946 intendit
2208 4889 2262 4944 in
2283 4902 2495 4944 sacram
2536 4886 2684 4941 illam
2719 4893 2951 4957 portam.
2982 4884 3173 4938 Divina
3201 4890 3384 4938 autem
3422 4881 3526 4937 fuit

1904 5052 1919 5067 .
1946 4993 2240 5039 consecuta
2262 4980 2499 5052 iustitia,
2520 4994 2629 5034 non
2671 4985 2733 5031 ut
2785 4991 2930 5047 sape
2964 4976 3104 5032 solet
3138 4976 3289 5031 lento
3336 4989 3525 5047 passu.

266 5070 367 5125 καὶ
394 5070 510 5125 ὅσοι
550 5072 681 5144 περὶ
728 5073 901 5143 αὐτὴν
932 5068 1098 5145 ἦσαν,
1157 5074 1531 5145 θεασαμένους
1588 5076 1835 5147 δείματος

1949 5076 2042 5132 sed
2069 5074 2344 5147 evestigio.
2368 5072 2506 5129 Nam
2537 5087 2661 5127 cum
2695 5070 2787 5126 ille
2839 5084 3028 5124 ensem
3070 5068 3403 5129 sustulisset.
3445 5066 3528 5122 si-

174 5226 177 5227 ,
263 5162 444 5217 δεινοῦ
476 5163 854 5237 πληρωθῆναι.
881 5166 956 5220 Τὸ
984 5167 1106 5239 γὰρ.
1127 5168 1232 5223 ὑπὸ
1263 5168 1359 5223 τοῦ
1386 5169 1631 5240 μεγάλου
1654 5170 1841 5225 διατα-

265 5257 365 5326 γὶν
412 5257 513 5330 οὐχ
570 5257 754 5332 ἁπλῶς
777 5254 867 5331 ῆν,
892 5260 1016 5315 οὺδέ
1047 5278 1102 5315 τι
1122 5256 1235 5332 εἶχε
1284 5261 1395 5317 τῶν
1458 5263 1837 5334 ἀνθρωπίνων,

266 5349 407 5405 ἄλλα
456 5352 603 5405 κατὰ
656 5350 799 5405 θεῖον
854 5352 1067 5425 ὑπῆρχε
1134 5353 1320 5425 ζῆλον,
1364 5354 1446 5419 εἰς
1492 5354 1651 5419 δόξαν
1703 5355 1841 5410 Θεοῦ

265 5440 575 5512 γινόμενον·
614 5444 649 5514 ἡ
677 5442 734 5496 δὲ
796 5444 967 5511 αἰτία,
999 5443 1097 5499 τοῦ
1158 5448 1233 5518 μὴ
1263 5448 1720 5518 καταφρονεῖσθαι
1773 5450 1844 5504 τὰ

269 5537 419 5609 ἱερὰς
453 5538 587 5609 μηδὲ
637 5536 924 5612 βάπτισμα
965 5541 1111 5596 οὕτω
1166 5541 1383 5597 κεῖσθαι
1430 5544 1545 5607 τοῖς
1577 5542 1842 5611 ἀναξίοις.

1948 5171 2061 5227 mut
2083 5184 2301 5240 quoque
2342 5165 2630 5223 temeraria
2661 5163 2884 5220 dextera
2941 5162 3178 5224 exaruit.
3209 5168 3266 5216 et
3311 5159 3527 5215 exstitit

1946 5262 2144 5319 otiosa.
2203 5261 2395 5316 Terret
2446 5257 2772 5313 miraculum
2830 5256 3156 5310 Eudoxiam.
3209 5250 3523 5319 Quinetiam

1946 5359 2263 5426 quicunque
2290 5367 2409 5409 eam
2454 5349 2930 5406 circumsistebant
2950 5363 3146 5419 magno
3180 5346 3372 5402 timore
3393 5351 3524 5400 sunt

1947 5447 2148 5504 affecti.
2175 5445 2332 5512 Quod
2356 5442 2513 5499 enim
2533 5457 2563 5497 a
2587 5440 2771 5497 divina
2832 5439 3016 5511 lingua
3064 5437 3293 5493 Joannis
3342 5434 3524 5489 fuerat

1946 5541 2299 5611 itttpet'atttltt.
2324 5551 2435 5591 non
2460 5543 2663 5591 temere
2692 5531 2898 5588 factum
2942 5539 3078 5595 erat,
3108 5541 3284 5598 neque
3310 5525 3521 5597 depen-

270 5628 403 5695 Πῶς
445 5630 558 5704 γὰρ
599 5630 668 5686 ἂν
688 5634 867 5696 εῐποις
896 5633 1073 5702 ἀξίαν,
1132 5634 1233 5708 τὴν
1275 5636 1521 5709 χρήμασι
1548 5637 1640 5713 καὶ
1670 5638 1835 5710 ἁρπα-

1950 5635 2115 5691 debat
2141 5633 2211 5688 ab’
2238 5632 2417 5703 aliqua
2477 5638 2660 5688 mente
2699 5629 2939 5686 humana
2972 5623 3109 5682 :sed
3144 5620 3330 5679 divino
3399 5622 3523 5677 zelo

348 5790 391 5821 ”
420 5788 492 5847 lit
519 5786 655 5863 Reg.
681 5805 798 5859 ιιι,
828 5788 897 5848 52
923 5807 1078 5865 seqq.
