3834 6480
238 327 371 394 1161

1203 343 1372 405 VITA
1416 347 1479 407 S.
1518 348 1841 412 JOANNlS
1883 354 2448 428 CHRYSOSTOMI.

3347 369 3480 436 1162

232 459 416 509 πεται,
449 444 544 497 καὶ
575 445 764 518 Ὀρᾷς,
795 444 970 517 εἶπεν,
1011 447 1055 507 ὦ
1081 455 1276 526 πάτερ,
1305 459 1381 523 ὡς
1417 461 1486 515 τὰ
1521 463 1798 535 Ῥωμαίωι

232 534 342 557 1......
370 553 442 557 Α-..
476 538 533 557 -3
567 537 607 557 ιγ
640 540 665 557 «ο
709 537 732 557 θ
768 539 791 557 δ
839 540 877 557 οἱ
1078 546 1131 557 ι-
1244 549 1255 557 ι
1358 551 1412 557 --.
1488 554 1496 557 -
1536 554 1570 557 _-
1627 555 1636 557 _

1914 478 2116 531 cersito
2175 481 2358 535 statim
2415 481 2744 553 Epiphanio,
2782 482 2966 549 Vides,
3023 483 3216 555 inquit,
3247 501 3278 542 ο
3308 496 3483 557 pater,

228 534 445 588 ἅπαντα
473 538 537 607 τῇ
564 537 670 609 ἐμῇ
704 537 1024 598 δεδούλωται
1067 546 1311 620 ἐξουσία.
1358 551 1508 606 Ἐπεὶ
1528 554 1585 607 δὲ
1625 555 1806 610 Ἰωάν-

228 644 327 699 νης
376 622 529 692 οὗτος
579 633 703 701 ἐμοί
736 651 793 687 τε
857 637 1094 707 μάλιστα
1121 641 1190 695 δι’
1230 641 1438 717 ἔχθρας
1487 648 1608 702 ἐστὶ
1662 651 1805 706 πάνυ

234 737 338 789 μου
398 722 962 797 καταλαζονευόμενος
1009 732 1102 785 καὶ
1138 734 1205 787 τὰ
1251 735 1453 807 ἔσχατα
1514 740 1595 803 είς
1656 742 1806 812 ἡμᾶς

226 812 550 883 ἐξυϐρίζων,
582 815 796 884 λέγεται
813 819 869 873 δέ
896 813 1135 877 τινακαὶ
1160 825 1316 892 δόξαν
1348 827 1674 898 πρεσϐεύειν
1706 835 1808 903 τῆς

240 905 569 976 Ἐκκλησίας
592 909 922 981 ἀπᾴδουσαν,
948 917 1028 968 σοὶ
1044 917 1151 969 τῶν
1174 919 1480 990 ἐκκλησιῶν
1493 921 1683 974 πατῶν
1707 923 1805 995 τὴν

224 996 402 1069 ἀρχὴν
440 998 549 1068 ἐγὼ
566 1000 781 1071 δίδωμι,
809 1004 902 1057 καὶ
930 1006 1065 1070 ἁξιῶ
1095 1008 1314 1063 σύνοδον
1337 1012 1458 1065 κατ’
1483 1013 1649 1067 αὑτοῦ
1682 1032 1805 1070 συν-

226 1093 469 1160 αγεῖραι,
491 1092 585 1145 καὶ
612 1093 704 1146 τοῦ
724 1094 938 1164 θρόνου,
973 1098 1220 1172 καθάπερ
1261 1101 1375 1155 ἐστὶ
1393 1102 1620 1168 δίκαιον,
1641 1106 1805 1161 αὐτὸν

227 1179 497 1234 καθελεῖν.
536 1181 722 1238 Ταῦτά
754 1203 811 1239 τε
841 1186 995 1256 ἔλεγε
1025 1191 1161 1261 πρὸς
1181 1193 1366 1259 αὐτὸν,
1404 1195 1499 1248 καὶ
1538 1199 1684 1268 σαφῆ
1707 1200 1803 1252 τοῦ

225 1268 403 1341 θυμοῦ
442 1273 509 1326 τὰ
549 1275 666 1347 ἴχνη
722 1279 862 1333 κατὰ
888 1283 984 1351 τῆς
1027 1282 1200 1352 ὅψεως
1244 1286 1551 1354 ὑπεδείκνυ,
1581 1289 1716 1361 δήλη
1743 1307 1803 1344 τε

222 1374 295 1449 ἦν
325 1380 497 1434 δεινόν
531 1401 579 1435 τι
612 1385 705 1437 καὶ
734 1387 1015 1444 ἄπαυστον
1047 1393 1187 1446 κατὰ
1224 1394 1318 1446 τοῦ
1351 1395 1514 1465 σοφοῦ
1546 1397 1804 1465 πνέουσα,

223 1471 322 1523 καὶ
350 1472 449 1526 οὐκ
474 1472 539 1527 ἂν
564 1476 823 1548 πρότερον
864 1479 1099 1536 σϐέσασα
1136 1485 1262 1549 τοὺς
1306 1486 1530 1557 θυμοὺς,
1566 1491 1613 1543 εί
1642 1489 1717 1562 μὴ
1741 1490 1808 1545 τὰ

226 1567 325 1619 ἐπὶ
360 1569 484 1622 νοῦν
506 1570 641 1641 αὐτῇ
674 1573 810 1643 πρὸς
851 1577 1025 1647 πέρας
1064 1581 1284 1649 ἀγάγοι.
1318 1581 1538 1637 Τούτων
1565 1584 1806 1650 ἀκούσας

219 1659 251 1710 ὁ
294 1659 601 1731 θαυμαστὸς
617 1664 931 1734 Ἐπιφάνιος
955 1669 1143 1739 πράως
1170 1667 1323 1726 εἶπεν
1344 1689 1355 1703 ·
1381 1670 1450 1729 Ὦ
1472 1676 1679 1741 τέκνον,
1700 1676 1807 1730 τῶν

184 1751 193 1759 ’
224 1753 538 1824 παρ’ήμῶν
561 1755 747 1811 ἄκουε.
786 1759 848 1811 Ei
880 1759 980 1829 μὲν
1009 1760 1222 1832 αἵρεσίς
1269 1781 1352 1826 τις
1388 1764 1635 1819 Ἰωάννου
1685 1783 1807 1820 κατ-

1907 573 2369 641 quemadmodum
2402 578 2586 631 omnia
2615 577 2837 646 quidem
2863 577 3236 634 Romanorum
3270 589 3485 648 sceptra

1906 663 2040 720 mihi
2073 666 2296 729 cedunt,
2323 677 2378 723 et
2409 684 2544 726 meae
2575 670 2818 741 subjecta
2850 680 2980 726 sunt
3003 673 3259 742 pelestati
3284 690 3295 726 :
3324 671 3487 727 Joan-

1909 769 2010 808 nes
2041 763 2223 809 autem
2257 766 2341 811 est
2365 757 2502 813 adeo
2557 759 2693 813 mihi
2743 758 2997 825 infestus,
3025 771 3082 815 et
3121 769 3270 815 tanta
3312 771 3399 817 est
3430 762 3483 816 in

1908 861 1998 900 me
2029 848 2363 916 arrogantia,
2397 856 2454 903 ut
2493 850 2575 905 vel
2611 860 2856 906 extrema
2900 850 3102 907 alliciat
3130 853 3484 908 contumelia.

1907 937 2112 993 Dicitur
2141 949 2322 994 autem
2377 940 2541 995 etiam
2592 944 2888 1013 quamdam
2930 952 3115 999 tenere
3150 945 3485 1014 opinionem,

1906 1046 2027 1101 quae
2054 1032 2327 1102 discrepat
2359 1033 2429 1087 ab
2473 1032 2731 1089 Ecclesia.
2767 1034 2847 1089 Tu
2896 1050 3025 1090 vero
3054 1034 3175 1106 (ego
3204 1037 3351 1091 enim
3390 1035 3487 1091 tibi

1906 1125 1977 1181 do
2005 1125 2292 1195 imperium
2336 1126 2389 1179 in
2422 1141 2615 1181 omnes
2657 1128 2951 1201 Ecclesias,
2985 1139 3045 1183 ut
3091 1128 3232 1184 nihil
3285 1130 3383 1184 tibi
3417 1131 3489 1185 sit

1909 1216 2317 1287 impedimento)
2358 1219 2480 1274 vide
2518 1229 2573 1273 ut
2606 1219 2866 1275 adversus
2891 1235 3015 1276 eum
3070 1236 3362 1293 congreges
3399 1236 3488 1287 sy-

1908 1309 2132 1368 nodum.
2167 1320 2220 1364 et
2252 1327 2398 1372 eum.
2430 1303 2495 1366 ut
2521 1311 2732 1381 justum
2758 1320 2842 1366 est
2873 1320 2929 1366 et
2958 1311 3274 1377 honestum,
3305 1328 3335 1365 e
3358 1312 3488 1366 sede
3580 1352 3581 1355 η

1908 1399 2172 1469 deponas.
2200 1400 2322 1456 Haec
2353 1411 2408 1456 et
2431 1402 2665 1468 dicebat,
2695 1411 2750 1457 et
2780 1403 2929 1457 vultu
2958 1402 3201 1472 apertius
3227 1402 3489 1457 ostende-

1908 1484 2001 1549 bat
2028 1495 2121 1549 irae
2154 1495 2210 1549 in
2240 1505 2490 1550 sanctum
2515 1496 2740 1567 vestigia
2776 1514 2787 1549 :
2825 1503 2881 1550 et
2921 1494 3212 1550 manifeste
3274 1509 3384 1565 pra:
3428 1510 3489 1549 se

1911 1589 2139 1656 ferebat,
2170 1602 2228 1644 se
2250 1605 2410 1662 grave
2443 1599 2630 1645 etnon
2686 1599 3026 1643 cessaturum
3079 1587 3225 1643 virus
3277 1586 3489 1657 Spirare

1919 1679 1973 1735 in
2006 1680 2157 1736 illum
2192 1682 2514 1751 sapientem,
2559 1696 2661 1737 nec
2683 1684 3045 1736 extincturam
3080 1683 3232 1753 prius
3263 1699 3483 1738 Iracun-

1909 1775 2258 1847 diam,quam
2310 1777 2457 1847 quod
2511 1776 2693 1831 animo
2745 1776 3004 1848 agitabat,
3056 1778 3372 1833 deduxisset
3418 1776 3486 1832 ad

234 1847 524 1941 ηγοροῖτο,
550 1847 645 1900 καὶ⁸
676 1849 751 1919 μὴ
782 1852 954 1923 παρίῃ
975 1853 1325 1924 καλούμενος,
1354 1856 1387 1927 ἢ
1416 1856 1654 1929 καθαρὸν
1670 1857 1798 1912 ταύ-

1916 1844 2192 1924 cll'ectum.
2231 1844 2357 1923 Haec
2392 1884 2516 1922 eum
2552 1844 2906 1926 admirandus
2939 1869 3199 1925 audiisset
3252 1869 3489 1941 Epipha-

221 1950 328 2001 της
377 1936 571 1989 ἑαυτὸν
613 1938 934 2006 ἀποδείξων,
982 1941 1015 2013 ἧ
1065 1945 1325 2017 μετανοίᾳ
1374 1946 1683 2017 διορθώσων
1706 1952 1806 2021 τὴν

221 2025 471 2093 ἄγνοιαν,
524 2028 740 2093 ἀνάξιος
763 2023 918 2097 οὗτος
949 2034 1074 2104 ἐμοὶ
1110 2035 1211 2104 τῆς
1246 2037 1571 2108 ἱερωσύνης,
1598 2041 1695 2093 καὶ
1745 2040 1808 2093 τὸ

219 2116 651 2188 κεκελευσμένον
692 2119 768 2183 ὡς
811 2124 1042 2193 τάχιστα
1102 2128 1234 2197 παρ’
1265 2128 1419 2199 ὑμῶν
1458 2130 1709 2198 γινέσθω.
1742 2131 1805 2184 El

219 2206 272 2259 δ’
301 2208 383 2261 ὅτι
410 2208 596 2273 κακῶς
623 2210 768 2280 ὑμᾶς
821 2212 1019 2280 ἔλεξεν,
1077 2217 1383 2289 ἀπόϐλητον
1422 2220 1583 2276 αὐτὸν
1618 2222 1804 2277 θέσθαι

229 2298 335 2369 τῆς
377 2300 703 2371 Ἐκκλησίας
725 2303 998 2374 ἐκρίνατε,
1018 2306 1330 2378 Ἐπιφάνιον
1364 2312 1493 2383 ὑμῖν
1521 2314 1619 2386 οὐχ
1648 2313 1803 2380 ’ἐξετε

223 2395 605 2452 συναινοῢντα.
634 2396 905 2454 Βασιλέων
952 2400 1060 2473 γὰρ
1096 2403 1350 2473 μάλιστα,
1384 2407 1444 2461 τὸ
1478 2406 1552 2478 μὴ
1582 2410 1639 2461 ἐν
1676 2408 1802 2461 τού-

217 2502 340 2549 τοις
359 2491 737 2557 μνησικακεῖν,
763 2492 899 2544 ἀλλὰ
921 2495 1190 2565 χρηστοὺς
1211 2498 1305 2550 καὶ
1321 2498 1561 2568 ἡμέρους
1576 2499 1802 2565 ἑαυτοὺς

218 2574 660 2629 ἐπιδείκνυσθαν
698 2579 855 2649 εἴπερ
881 2580 944 2650 δὴ
984 2586 1077 2635 καὶ
1117 2584 1244 2653 ὑμῖν
1269 2583 1520 2655 βασιλεὺς
1549 2589 1607 2640 ὲν
1634 2587 1801 2659 οὐρα-

223 2668 337 2726 νοῖς
363 2666 570 2735 ἕτερος,
603 2664 686 2732 οὗ,
718 2670 861 2724 κατὰ
902 2671 1188 2746 ἄνθρωπον
1216 2677 1642 2748 ἁμαρτάνοντες,
1682 2682 1803 2748 φιλ-

223 2755 519 2827 ανθρώπου
549 2758 723 2813 δείσθε
758 2764 1045 2831 τυγχάνειν
1099 2765 1186 2818 διὰ
1216 2766 1315 2837 τὴν
1344 2767 1478 2836 πρὸς
1507 2769 1632 2832 τοὺς
1665 2771 1798 2842 ὀμο-

222 2852 403 2917 γενεῑς
428 2852 793 2924 χρηστότητα.
836 2854 1053 2909 Τούτων
1083 2846 1308 2926 Εὐδοξία
1342 2859 1452 2915 τῶν
1480 2863 1630 2933 παρὰ
1657 2862 1801 2932 γνῶ·

225 2970 341 3024 μην
361 2955 640 3010 ἀκούσασα
694 2958 866 3027 λόγων
904 2961 1130 3032 ἀνόητόν
1167 2980 1219 3018 τι
1246 2968 1355 3040 ,καὶ
1401 2969 1799 3039 παρακεκινδυ-

226 3047 489 3116 νευμένον
526 3048 613 3102 διὰ
645 3049 743 3121 τὴν
769 3051 865 3120 τῆς
899 3051 1078 3123 λύπης
1119 3055 1422 3130 ὑπερϐολὴν
1447 3060 1801 3131 ἀποφθέγγε-

220 3152 340 3200 ται,
369 3138 434 3192 Εἰ
474 3139 549 3209 μὴ
575 3139 851 3212 Ἰωάννης,
883 3143 1132 3208 εἰποῦσα,
1168 3147 1266 3216 τὴν
1298 3149 1597 3222 ὑπερορίαν
1627 3171 1796 3206 κατα-

222 3228 412 3299 κριθῇ,
456 3231 581 3294 τοὺς
612 3233 770 3294 ναοὺς
824 3233 961 3304 αὑτὴ
1020 3235 1355 3310 διαωιγῆναι
1409 3243 1517 3297 τῶν
1566 3244 1645 3298 εἱδ
1665 3244 1798 3300 ἱλλων

224 3320 493 3387 κελεύσω,
534 3324 626 3375 καὶ
669 3328 1022 3400 προσκυνητέι
1071 3331 1246 3385 ταῦτα
1274 3335 1383 3397 τοῖς
1419 3334 1514 3388 νῦν
1549 3335 1799 3405 γενέσθαι

226 3415 742 3480 παρασκευάσωεητί
800 3418 961 3471 πλέον
991 3422 1070 3483 εἰς
1108 3422 1304 3475 κακίαν
1338 3424 1495 3493 ἔσχεν
1532 3425 1805 3498 Ἡρωδιὰς

221 3505 262 3575 ἡ
289 3504 379 3557 τὸν
400 3504 495 3558 τοῦ
522 3507 816 3576 ὁμωνύμου
855 3512 1082 3568 θάνατον
1122 3517 1523 3584 ἐπισπεύσασα,
1554 3521 1693 3594 πλὴν
1719 3524 1798 3578 ὅτι

223 3595 305 3665 μὴ
333 3596 399 3649 τὰ
428 3597 571 3666 πάθη
625 3599 856 3672 διάφορα
881 3599 971 3675 ἧν,
1016 3607 1137 3660 καθ’
1165 3608 1193 3662 δ
1237 3612 1334 3680 τὴν
1367 3612 1466 3682 μὲν
1497 3614 1798 3679 ἀκολασίας

220 3684 362 3759 εἶχε,
395 3690 492 3760 τὴν
517 3690 574 3744 δὲ
623 3693 937 3760 πλεονεξίας
984 3699 1297 3773 ύπερϐολή;
1365 3704 1698 3778 Ἀμφότεραι
1742 3707 1799 3761 δὲ

216 3779 302 3847 τῷ
337 3778 622 3850 βούλεσθαι
650 3784 775 3847 τοὺς
821 3785 1076 3857 ἐλέγχους
1121 3790 1388 3862 ἐκκλῖναι,
1428 3795 1528 3866 τὴν
1563 3797 1801 3866 ἀμφοτέ-

223 3887 337 3941 ρων
366 3871 686 3943 ἀπαλλαγὴν
718 3876 1000 3948 ἑδὲψησαν.
1046 3880 1107 3935 '0
1157 3880 1337 3953 μῖέντοι
1376 3884 1518 3950 θεῖος
1564 3887 1798 3957 Ἐπιφά-

219 3978 333 4024 uo;
348 3963 480 4032 πρὸς
496 3963 594 4034 τὴν
610 3966 837 4022 ἀτοπίαν
868 3970 975 4023 τῶν
995 3973 1325 4043 εἰρημένων,
1349 3976 1578 4042 Ἀθῶος.
1605 3977 1797 4045 εἰπὼν,

218 4049 335 4117 ἐγὼ
366 4051 466 4121 τῆς
519 4052 778 4124 τοιαύτης
831 4058 1086 4128 κρίσεως,
1119 4062 1280 4128 εὐθὺς
1326 4065 1496 4138 ἐξῄει.
1547 4069 1707 4140 Φήμη
1740 4068 1797 4123 δὲ

217 4142 422 4211 ψευδὴς
454 4145 518 4197 ὲκ
546 4147 739 4199 τούτου
773 4150 872 4213 τὰς
908 4152 1169 4209 ἁπάντων
1192 4156 1480 4231 διέδραμεν
1508 4162 1698 4229 ἀκοὰς,
1721 4162 1798 4227 ὡς

218 4236 317 4288 κα)⁸
336 4235 495 4299 αὐτὸς
531 4237 948 4309 Ἐπιφάνιοςὲπὶ
964 4248 1031 4317 τῇ
1062 4247 1377 4317 καθαιρέσει
1407 4254 1500 4306 τοῦ
1526 4255 1798 4327 πατριάρ-

219 4343 322 4397 χου
356 4327 598 4381 συνείποι
629 4333 693 4401 τῇ
751 4332 997 4405 Εὺδοξίᾳ.
1056 4336 1240 4391 Ταῦτα
1267 4340 1323 4393 δὲ
1362 4343 1456 4395 καὶ
1489 4345 1580 4397 τὶν
1622 4346 1795 4417 μέγαν

215 4419 531 4474 ἀκούσαντα
573 4423 620 4475 τ’
650 4420 848 4495 ἀληθὲς
876 4427 1162 4498 ἀγνοῆσαι,
1208 4431 1337 4496 ἴσως
1371 4433 1464 4487 τοῦ
1491 4435 1625 4489 Θεοῦ
1658 4437 1793 4509 κρύ-

1912 1960 2057 2020 nius.
2082 1976 2191 2015 non
2219 1962 2411 2015 statuit
2443 1961 2530 2026 iis,
2567 1961 2662 2031 qui
2697 1976 2877 2015 rerum
2904 1960 3275 2032 potiebantur,
3306 1960 3361 2014 in
3394 1959 3484 2022 iis.

1911 2070 2031 2125 qua:
2061 2069 2170 2109 non
2195 2054 2501 2124 oportebat,
2534 2054 2823 2126 gratiﬁcari
2861 2074 2872 2109 :
2913 2070 3017 2110 nee
3063 2055 3198 2110 tanti
3224 2070 3345 2110 esse
3405 2054 3487 2109 fa-

1911 2146 2162 2201 ciendum
2200 2146 2281 2200 eis
2312 2145 2600 2210 inservire,
2635 2155 2697 2201 ut
2731 2147 2938 2215 aliquid
2996 2147 3090 2202 ﬁat
3151 2156 3349 2217 praeter
3405 2146 3483 2209 id,

1910 2239 2055 2310 quod
2082 2237 2191 2293 Deo
2229 2238 2444 2293 videtur
2476 2254 2490 2292 :
2525 2246 2580 2294 et
2619 2238 2744 2294 ideo
2769 2253 2887 2294 eam
2908 2239 3131 2310 propius
3157 2241 3422 2296 accedens
3466 2257 3480 2293 :
3519 2295 3523 2298 .

1909 2332 2028 2388 Non
2083 2331 2222 2386 irato
2270 2329 2473 2396 animo,
2499 2331 2593 2387 sed
2615 2331 2850 2403 benigne
2877 2348 2940 2388 ac
2966 2332 3197 2403 placide,
3231 2348 3264 2388 ο
3287 2332 3416 2398 tilia,
3451 2348 3483 2388 a

1910 2434 1963 2480 te
1993 2424 2264 2481 audienda
2304 2434 2453 2490 sunt,
2491 2440 2612 2495 qua:
2651 2425 2812 2481 nobis
2851 2426 3128 2481 dicuntur.
3163 2426 3220 2480 Si
3261 2440 3487 2481 accuse-

1911 2527 1997 2572 tur
2023 2517 2239 2587 quidem
2270 2515 2512 2572 Joannes
2535 2516 2770 2587 alicujus
2800 2518 3040 2583 ltzeresis,
3085 2528 3141 2573 et
3183 2534 3294 2573 non
3332 2533 3488 2573 σεσε-

1908 2612 2001 2665 dat
2039 2619 2285 2676 vocatus,
2308 2610 2393 2665 vel
2419 2624 2476 2664 se
2506 2626 2700 2680 purum
2727 2618 3068 2674 ostensurus,
3095 2611 3177 2665 vel
3213 2611 3486 2681 poeniten-

1908 2702 1981 2758 tia
2011 2709 2360 2756 correeturus
2390 2699 2772 2772 ignorantiam,
2791 2700 2836 2757 is
2866 2701 3000 2755 mihi
3029 2701 3246 2771 quidem
3273 2702 3483 2757 videtur

1907 2793 2162 2865 indignus
2189 2792 2516 2860 sacerdotio,
2548 2802 2604 2848 et
2628 2793 2772 2864 quod
2806 2801 2887 2847 est
2923 2792 3481 2863 imperatum,quam-

1903 2885 2138 2957 primum
2183 2884 2275 2939 ﬁet
2332 2900 2359 2938 a
2420 2884 2595 2940 nobis.
2630 2885 2724 2940 Sin
2753 2894 2959 2948 autem,
2994 2885 3139 2954 quod
3175 2885 3330 2939 vobis
3369 2899 3484 2939 ma-

1904 2975 2108 3042 ledixit,
2129 2985 2350 3046 propter
2368 2977 2508 3032 hanc
2534 2976 2701 3032 solam
2732 2992 2948 3033 causam
2974 2977 3151 3032 visum
3167 2986 3247 3032 est
3268 2976 3485 3031 abdica-

1906 3054 2019 3124 tum
2048 3085 2168 3125 esse
2191 3068 2454 3126 Joannem
2475 3071 2543 3127 ab
2572 3070 2833 3137 Ecclesia,
2872 3070 3235 3142 Epiphanium
3258 3084 3367 3125 non
3384 3069 3483 3123 ha-

1825 3205 1868 3263 c
1903 3161 2100 3220 bebitis
2117 3163 2527 3220 assentientem.
2549 3163 2647 3219 Est
2662 3166 2806 3220 enim
2825 3165 3054 3219 maxime
3072 3165 3481 3234 imperatorum,

1904 3262 2128 3325 prepter
2157 3254 2294 3309 nihil
2324 3254 2593 3324 ejusmodi
2635 3256 2946 3312 meminisse
2982 3267 3217 3328 acceptae
3247 3257 3481 3325 injuriae,

1902 3346 1999 3401 sed
2020 3361 2079 3401 se
2101 3346 2275 3401 bonos
2300 3355 2355 3401 et
2384 3346 2650 3418 benignos
2667 3348 2720 3401 in
2742 3364 2934 3402 omnes
2957 3349 3244 3403 ostendere
3269 3364 3282 3401 :
3311 3347 3482 3417 siqui-

1901 3434 2025 3488 dem
2064 3434 2218 3489 vobis
2264 3451 2478 3505 quoque
2512 3445 2594 3492 est
2644 3426 2797 3493 alius.
2833 3452 2926 3492 rex
2967 3438 3021 3492 in
3077 3438 3230 3493 caelis
3258 3458 3269 3493 :
3295 3453 3477 3507 quem,

1902 3542 2023 3580 cum
2047 3534 2108 3580 ut
2140 3526 2393 3582 homines
2438 3527 2698 3597 peccatis,
2723 3543 2860 3599 opus
2914 3528 3125 3583 habetis
3177 3528 3477 3599 benignum

1902 3619 2105 3674 habere
2158 3626 2213 3674 et
2255 3620 2575 3690 propitium,
2633 3629 2857 3692 propter
2907 3636 3063 3698 suam
3106 3618 3481 3675 mansuetudi-

1902 3725 2028 3764 nem
2057 3710 2115 3764 in
2147 3725 2262 3776 eos,
2284 3711 2377 3781 qui
2408 3718 2538 3765 sunt
2559 3711 2805 3781 ejusdem
2851 3711 3088 3783 generis.
3137 3706 3263 3766 llaec
3313 3709 3479 3763 verba

1899 3818 2022 3858 cum
2050 3803 2314 3858 audiisset
2345 3803 2586 3859 Eudoxia
2605 3820 2715 3859 non
2747 3820 2814 3860 ex
2838 3820 2935 3861 sua
2962 3804 3257 3870 sententia,
3285 3802 3480 3857 incon-

1900 3894 2196 3951 sideratum
2237 3895 2492 3966 quiddam
2517 3895 2809 3966 planeque,
2839 3895 2984 3966 quod
3022 3893 3248 3949 nimiam
3280 3907 3478 3964 argue-

1899 3988 1992 4043 bat
2024 3987 2332 4044 vecordiam
2361 3998 2415 4043 et
2445 3988 2957 4060 praecipitationem,
2987 3996 3212 4059 prepter
3244 3985 3477 4041 nimium

1898 4079 2163 4144 dolorem,
2197 4080 2307 4146 vel,
2356 4089 2418 4135 ut
2465 4081 2650 4136 verius
2703 4081 2902 4145 dicam,
2948 4087 3175 4151 propter
3207 4092 3477 4135 summam

1898 4172 2327 4242 improbitatem,
2385 4173 2581 4229 stolide
2647 4181 2728 4229 est
2780 4175 3017 4235 elocuta,
3075 4172 3265 4228 dicens
3309 4169 3474 4225 :Nisi

1895 4265 2135 4321 Ιοωηεε
2168 4266 2333 4321 fuerit
2360 4280 2390 4319 e
2419 4268 2547 4321 sede
2579 4267 2879 4336 depositus,
2908 4272 2963 4319 et
2988 4265 3186 4321 exsilio
3219 4269 3273 4332 (ο
3302 4262 3475 4317 auda-

1897 4374 2015 4413 cem
2048 4360 2308 4430 linguam)
2367 4357 2530 4413 l'uerit
2578 4359 2992 4422 condemnatus,
3024 4359 3139 4428 ipsa
3165 4355 3474 4427 permittam

1897 4449 2097 4519 aperiri
2151 4448 2351 4519 templa
2408 4448 2829 4504 simulacrorum
2858 4466 2873 4504 :
2902 4464 3005 4503 nec
3031 4449 3155 4513 erit,
3183 4447 3277 4516 qui
3317 4445 3475 4499 nobis

214 4514 419 4581 ψαντος
452 4517 732 4588 οἰκονομίᾳ
780 4518 844 4589 δὴ
881 4518 1154 4593 θειοτέρα,
1212 4523 1298 4577 ἵνα
1355 4527 1556 4597 τρόπον
1606 4527 1794 4600 ἓτερον

1902 4514 2231 4606 volentibus,
2265 4514 2341 4595 sit
2371 4540 2787 4611 impedimento,
2817 4555 2925 4610 quo
2951 4540 3131 4594 minus
3163 4514 3250 4592 illa
3281 4554 3310 4591 a
3338 4551 3472 4607 quo-

218 4607 569 4679 ἁμφοτὲρους
588 4609 735 4681 δείξῃ
763 4609 832 4664 τὰ
866 4611 1143 4683 ἑκατέρων
1173 4617 1537 4687 προλέγοντας
1558 4637 1571 4650 ·
1597 4622 1630 4693 ἢ
1661 4623 1796 4690 γνῶ-

217 4715 312 4753 ναι
346 4703 444 4769 μὲν
482 4700 735 4772 Ἰωάννην
772 4703 877 4774 οὐχ
929 4705 1077 4773 ὑγιὲς
1113 4703 1250 4760 εἶναι
1303 4710 1365 4764 τὸ
1399 4713 1791 4785 φημιζομενον,

217 4791 415 4845 ἑκόντα
445 4792 502 4846 δὲ
537 4795 602 4864 τῇ
629 4794 738 4847 τῶν
788 4796 998 4850 πολλῶν
1042 4799 1306 4871 ὑπολήψει
1347 4806 1657 4868 συνθέσθαι,
1706 4808 1796 4861 ἵνα

218 4882 473 4937 ἐντεῦθεν
496 4883 674 4936 λαϐὼν
704 4885 980 4956 πρόφασιν
1024 4889 1323 4961 Ἐπιφανίῳ
1356 4893 1416 4945 τὸ
1439 4893 1630 4963 μέλλον
1661 4872 1793 4964 προ-

214 4974 514 5048 αγορεύσῃ.
545 4974 758 5045 Γράψαι
800 4978 1094 5050 τοιγαροῦν
1136 4981 1439 5055 Ἐπιφανίῳ
1468 4986 1623 5055 λόγος
1655 4988 1793 5058 πρὸς

212 5065 392 5119 ταῦτα
414 5066 504 5118 τὸν
533 5068 900 5139 πατριάρχην.
940 5071 1007 5123 Ἦ
1053 5072 1108 5125 δὲ
1137 5075 1322 5145 γραφὴ
1353 5076 1567 5147 ἀφελῶς
1594 5078 1792 5149 ἔχουσα

213 5154 315 5207 καὶ
342 5155 585 5225 συνήθως
610 5172 622 5185 °
688 5158 905 5226 Ἀδελφέ
946 5161 1252 5233 Ἐπιφάνιε,
1291 5164 1504 5237 ἀκήκοα
1530 5185 1589 5222 σε
1622 5169 1698 5233 ὡς
1723 5173 1788 5242 τῇ

214 5248 325 5316 ἐμῇ
380 5248 677 5318 συνῄνεσας
708 5249 920 5322 ὲξορίᾳ·
983 5253 1090 5306 ἴσθι
1139 5255 1196 5308 δὲ
1227 5257 1307 5309 ὅτι
1352 5261 1485 5330 μηδὲ
1521 5261 1683 5326 αὐτὸς
1710 5264 1790 5316 ἔτι

212 5340 306 5390 τὸν
343 5337 530 5408 θρόνον
566 5340 684 5407 ὄψει
712 5342 802 5393 τὸν
828 5344 938 5397 σόν.
975 5346 1115 5416 Πρὸς
1146 5346 1317 5404 ταῦτα
1345 5350 1434 5404 τὸν
1461 5352 1601 5416 ἱερὸν
1637 5355 1789 5408 Ἐπι-

213 5432 407 5499 φὰνιον
439 5431 599 5485 πάλιν
638 5433 916 5497 ἀπλοῖκοῖς
953 5439 1192 5508 ῥήμασιν
1219 5442 1569 5513 ἀντιγράψαι,
1592 5440 1788 5518 οἷσπερ

210 5523 280 5593 δὴ
308 5522 403 5606 καὶ
433 5525 591 5587 αὐτὸς
623 5526 898 5596 χρήσομαι
928 5542 941 5556 ³
981 5529 1212 5600 Ἀθλητά
1241 5534 1483 5606 Ἰωάννη,
1507 5536 1666 5591 παίου
1695 5540 1787 5592 καὶ

210 5604 361 5671 νίκα,
408 5614 553 5687 Πλὴν
611 5616 731 5670 οὐδὲ
788 5619 947 5683 αὐτὸς
980 5623 1208 5690 φθάσεις
1248 5625 1340 5679 τὸν
1367 5604 1464 5697 τῆς
1492 5631 1786 5702 ὑπερορίας

208 5707 379 5759 τόπον
415 5706 563 5762 ίδεῐν.
606 5707 899 5777 Ἀψευδεῖς
929 5708 1025 5765 οὖν
1070 5715 1394 5788 ἀμφοτέρων
1426 5719 1476 5772 oi
1500 5719 1647 5789 λόγοι
1675 5721 1784 5774 δεί-

212 5798 532 5853 κνυνται.”0
560 5815 619 5850 τε
645 5801 754 5867 γὰρ
795 5801 1105 5870 Ἐπιςράνιος
1143 5810 1222 5872 εἰς
1257 5810 1478 5885 Κύπρον
1511 5817 1785 5872 ἀποπλεῦ-

536 5892 800 5952 ΡΑτιιοι.
850 5893 967 5955 Gn.
1017 5897 1229 5963 CXIV.

1898 4633 2033 4687 libet
2059 4631 2377 4686 adorentur.
2416 4630 2688 4698 Quidnam
2721 4631 2910 4686 habuit
2934 4632 3166 4701 amplius
3188 4628 3469 4695 llerodias,

1896 4734 2005 4791 quo
2031 4736 2151 4776 eam
2179 4720 2247 4775 in
2268 4720 2401 4776 vitio
2431 4730 2735 4792 superaret,
2764 4738 2885 4791 qua:
2909 4735 3104 4790 magno
3130 4719 3313 4774 studio
3344 4734 3473 4774 con-

1897 4811 2093 4879 tendit,
2122 4822 2183 4867 ut
2206 4813 2359 4868 ﬁeret
2387 4814 2562 4868 czedes
2586 4811 2726 4882 ejus,
2762 4814 2852 4882 qui
2884 4824 3000 4867 erat
3024 4812 3264 4883 ejusdem
3288 4811 3472 4866 nomi«

1895 4903 1999 4966 nis,
2053 4902 2155 4959 nisi
2202 4904 2346 4974 quod
2409 4920 2522 4959 non
2582 4915 2737 4959 erant
2794 4905 3010 4973 utrique
3056 4904 3242 4958 eadem
3297 4902 3466 4958 vitia:

1894 4997 2332 5068 quandoquidem
2364 4997 2452 5051 illa
2480 4996 2699 5067 quidem
2724 4996 2922 5068 insigni
2955 4996 3203 5061 libidine,
3236 4996 3351 5051 haec
3373 5010 3471 5049 au.

1899 5098 2005 5145 tem
2042 5089 2396 5146 immoderata
2437 5090 2715 5144 laborabat
2741 5089 3007 5144 avaritia?
3040 5089 3228 5145 Ambae
3259 5098 3467 5153 autem,

1892 5181 2036 5251 quod
2076 5183 2315 5253 eﬂ‘ugere
2342 5182 2542 5237 vellent
2573 5182 3052 5253 reprehensiones,
3095 5184 3165 5237 ab
3203 5181 3468 5237 ambobus

1895 5274 2150 5329 sitiet-unt
2183 5290 2511 5345 magnopere
2542 5274 2784 5329 liberari.
2836 5273 3063 5330 Divinus
3111 5284 3291 5329 autem
3342 5276 3467 5345 Epi-

1892 5363 2127 5435 phanius
2159 5367 2445 5433 perculsus
2469 5365 2804 5422 absurditate
2828 5381 3038 5433 eorum,
3058 5382 3178 5437 quae
3205 5365 3466 5422 diceban-

1893 5464 2003 5522 tur,
2039 5469 2164 5509 cum
2203 5456 2450 5520 dixisset,
2483 5457 2824 5527 Egojudicii,
2854 5459 2997 5527 quod
3036 5458 3113 5513 sic
3137 5458 3317 5522 habet,
3346 5473 3465 5512 sum

1893 5545 2082 5600 insons
2113 5561 2126 5599 :
2159 5546 2410 5615 protinus
2432 5555 2515 5601 est
2534 5562 2802 5618 egressus.
2839 5547 3096 5614 Quaedam
3129 5556 3310 5601 autem
3334 5545 3465 5600 falsa

1889 5639 2055 5706 fama,
2091 5656 2209 5711 qum
2231 5658 2297 5697 ex
2319 5643 2424 5698 hoc
2453 5642 2518 5697 ad
2540 5642 2783 5697 omnium
2819 5656 2978 5695 aures
3005 5640 3261 5709 pervasit,
3317 5638 3463 5707 quod

1889 5733 2006 5803 ipse
2027 5750 2241 5804 quoque
2270 5735 2607 5805 Epiphanius
2626 5733 2753 5788 huic
2774 5732 3100 5803 depositioni
3141 5729 3463 5801 patriarchae

1890 5825 1960 5881 sit
1988 5841 2267 5895 assensus,
2296 5827 2362 5883 ad
2396 5843 2651 5898 magnum
2686 5841 2857 5896 usque
2888 5823 3154 5880 Joannem
3188 5820 3456 5894 pervadit.

3061 5918 3132 5979 37
