3834 6528
326 327 467 396 1103
1292 292 1296 296 ”
1512 336 1798 396 MENSIS
1835 335 2293 399 JANUARIUS.
3429 327 3592 394 ttut

325 444 415 500 Ille
450 460 576 500 vero
604 452 695 500 aut
727 461 916 501 verum
947 444 1239 518 ignoravit.
1280 442 1509 499 fortasse
1555 443 1699 513 quod
1748 444 1839 498 Det

2083 445 2294 512 ιγνους,
2327 445 2453 515 περὶ⁵
2485 443 2576 497 τδν
2623 442 2792 498 πλοῦν
2830 443 3090 516 τελευτᾷ·
3126 442 3154 497 ὅ
3185 459 3244 496 τε
3278 442 3597 511 θαυμάσιος

321 551 450 591 eum
491 536 743 600 celasset,
774 537 953 592 divina
1002 537 1237 608 quadam
1265 535 1628 610 providentia,
1681 544 1741 590 ut
1792 535 1835 588 al

2082 535 2269 604 οάννης
2297 535 2560 607 πρότερον
2589 537 2621 605 ἢ
2664 536 2920 606 ἐπιϐῆναι
2947 535 3042 590 τοῦ
3072 535 3237 587 τόπου
3263 533 3366 602 τῆς
3393 535 3596 587 δευτέ-

316 628 484 684 modo
529 629 764 684 eﬂiceret
797 629 1004 694 ambos,
1047 644 1167 700 qua:
1221 627 1511 698 utriusque
1569 641 1830 682 erenerur

2087 625 2433 696 ςὺπερορίας
2489 627 2723 697 ὲκδημεί
2773 627 2910 698 πρὸς
2957 626 3183 698 Κύριον.
3225 625 3467 696 Δηλώσει
3537 626 3601 679 δὲ

322 720 623 790 praedicere
653 741 665 777 :
707 730 800 776 aut
830 721 986 777 scivit
1013 722 1231 792 quidem
1263 720 1502 776 Joannes
1530 735 1638 775 non
1669 734 1787 775 esse
1807 737 1836 773 v

1500 756 1502 769 ι
1530 735 1638 775 non
1669 734 1787 775 esse
1807 734 1899 774 ve-
2005 717 2164 773 τοῦτο
2184 716 2391 788 προῖὼν
2418 719 2447 771 ὁ
2476 719 2634 788 λόγος
2665 720 3014 790 σαφέστερον.

325 829 468 878 rum,
498 813 643 885 quod
671 814 811 870 fama
841 814 1116 871 ferebatur
1148 832 1161 869 :
1194 813 1367 870 libens
1405 823 1587 870 autem
1640 826 1898 868 assensus
1937 819 2022 864 est
2058 811 2354 866 multorum
2419 811 2829 878 existimationi,
2896 821 2954 866 ut
2987 812 3063 867 sic
3097 812 3404 882 Epiphanio
3433 812 3603 867 futu-

326 920 446 960 rum
474 905 814 974 prmdiccret.
850 904 1045 960 Fertur
1095 920 1224 976 ergo
1278 903 1588 975 patriarcha
1635 903 1716 958 sic
1775 909 1896 972 post
1936 901 2051 955 haac
2085 899 2369 970 scripsisse
2435 900 2502 956 ad
2571 899 2931 971 Epiphanium
2962 901 3215 972 :scripsit
3248 911 3426 957 autem
3452 904 3604 956 sim-

325 993 539 1064 pliciter
568 1004 620 1049 et
656 994 996 1051 familiariter
1029 1015 1042 1051 :
1078 996 1267 1051 Frater
1306 993 1602 1066 Epiphani,
1673 992 1856 1048 audivi
1923 1000 1978 1047 te
2017 991 2362 1047 consensisse
2387 1006 2522 1048 mea:
2557 991 2875 1064 relegationi
2905 993 3040 1060 (39).
3073 993 3226 1047 Scias
3266 1003 3450 1048 autem
3485 1007 3604 1046 nec

323 1089 556 1160 teipsum
590 1099 739 1144 tuam
771 1089 952 1146 sedem
979 1091 1223 1146 visurum
1254 1105 1374 1146 esse
1404 1090 1660 1160 amplius.
1717 1088 1798 1143 Ad
1855 1087 1970 1142 haec
2007 1096 2385 1143 sacrosanctus
2413 1086 2752 1157 Epiphanius
2794 1087 3135 1158 simplicibus
3170 1103 3360 1143 rursus
3402 1087 3603 1143 verbis

329 1181 634 1252 rescripsit,
666 1181 864 1250 quibus
895 1181 1010 1250 ipse
1049 1196 1264 1253 quoque
1301 1192 1459 1238 utar:
1497 1181 1713 1236 Athleta
1763 1178 2023 1244 Joannes,
2086 1179 2186 1236 feri
2243 1188 2300 1235 et
2323 1179 2480 1234 vince
2511 1199 2523 1234 :
2593 1179 2689 1235 sed
2713 1194 2815 1234 nec
2846 1179 2962 1248 ipse
2998 1181 3286 1250 pervenies
3309 1180 3374 1234 ad
3400 1179 3605 1233 viden-

320 1273 456 1326 dum
487 1271 664 1327 locum
697 1272 899 1328 exsilii.
955 1272 1092 1328 Vera
1129 1281 1311 1329 autem
1362 1272 1605 1337 fuerunt,
1639 1287 1760 1342 quae
1798 1272 1941 1326 dicta
1981 1279 2111 1326 sunt
2147 1271 2216 1326 ab
2265 1270 2531 1341 utrisque.
2586 1269 2720 1326 Nam
2751 1281 2806 1326 et
2837 1271 3174 1341 Epiphanius
3211 1286 3336 1326 cum
3366 1270 3604 1325 statuis-

324 1369 409 1414 set
442 1362 696 1434 navigare
722 1361 778 1416 in
805 1362 1060 1436 Cyprum,
1091 1364 1306 1420 decedit
1338 1366 1392 1420 in
1437 1365 1777 1437 navigatione
1811 1383 1823 1418 :
1851 1373 1905 1417 et
1944 1363 2280 1420 admirabilis
2301 1364 2542 1420 Joannes
2596 1365 2911 1435 priusquam
2970 1363 3280 1434 perveniret
3308 1365 3375 1420 ad
3404 1365 3597 1420 locum

325 1453 553 1508 secundi
598 1455 797 1518 exsilii,
839 1456 1175 1527 migravitad
1219 1457 1528 1512 Dominum.
1579 1459 1695 1513 lioc
1723 1467 1905 1511 autem
1947 1459 2253 1526 procedens
2289 1458 2466 1514 oratio
2494 1459 2749 1514 ostendet
2774 1459 3041 1529 apertius.

403 1544 594 1600 XLIV.
619 1545 739 1600 Non
773 1548 1002 1601 multum
1041 1547 1354 1603 intercessit
1380 1549 1666 1619 temporis,
1698 1558 1754 1604 et
1791 1558 1904 1604 sta-

2083 1552 2212 1606 MA'.
2260 1550 2466 1622 Χρόνος
2524 1551 2704 1621 ὀλίγος
2737 1551 2798 1604 τὸ
2845 1550 3072 1621 μεταξὺ,
3125 1552 3220 1605 καὶ
3269 1550 3434 1616 εὐθὺς
3488 1551 3597 1606 σὺν

326 1637 423 1692 tim
451 1652 572 1692 eum
600 1636 846 1708 pluribus
889 1638 1163 1709 episcopis
1201 1639 1536 1710 Theophilus
1581 1641 1728 1696 venit
1760 1641 1840 1695 Co:

2083 1645 2217 1697 είοσι
2243 1645 2350 1697 τῶν
2377 1644 2694 1698 ἐπισκόπων
2740 1643 2997 1713 Θεόφιλος
3053 1646 3134 1708 εἰς
3162 1644 3260 1714 τὴν
3294 1647 3597 1706 Κωνσταν-

321 1731 755 1801 stautinopolim.
779 1747 902 1786 eum
937 1742 1162 1804 urgente
1192 1733 1460 1798 Eudoxia,
1488 1743 1542 1788 et
1560 1734 1608 1788 ei
1631 1733 1835 1804 praeber

2082 1752 2152 1787 ιου
2203 1737 2380 1806 φοιτᾷ,
2437 1735 2870 1805 ὲπισπευδούσης
2917 1735 3079 1789 αὑτὸν
3140 1735 3396 1800 Εύδοξίας
3426 1777 3439 1796 ,
3489 1736 3596 1790 καὶ

328 1824 633 1895 ingressum
686 1824 915 1879 liberum
971 1825 1038 1880 ah
1069 1825 1218 1880 omni
1265 1836 1433 1891 metu,
1464 1827 1664 1882 licebat
1721 1836 1842 1882 ante

2077 1825 2148 1878 xix
2201 1827 2382 1880 πᾶσαν
2413 1826 2597 1880 ἄδειαν
2641 1826 2988 1897 παρεχούσης
3034 1824 3182 1894 αύτῷ
3227 1824 3324 1895 τὴν
3357 1825 3591 1878 εἴσοδον·

323 1925 461 1970 -ιυηο
489 1915 675 1970 videre
695 1916 954 1971 malorum
988 1933 1237 1984 examen,
1270 1920 1414 1989 quod
1468 1919 1832 1990 congregabat

2081 1935 2116 1967 ,ν
2145 1915 2201 1969 δὲ
2222 1916 2352 1987 δρᾷν
2387 1915 2510 1969 τότε
2569 1917 2772 1986 σμῆνος
2817 1917 3003 1970 κακῶν
3047 1915 3457 1986 ἀθροιζόμενον,
3491 1914 3595 1968 καὶ

319 2015 382 2058 μοι
410 2004 714 2075 Theophila
739 2021 894 2073 opem
925 2005 1134 2063 ferebat
1166 2007 1233 2062 ad
1273 2009 1535 2079 sapientis
1564 2008 1833 2064 Joannisd

2083 2007 2254 2078 οφίλῳ
2285 2007 2421 2077 πρὸς
2445 2008 2542 2078 τὴν
2569 2006 2888 2078 καθαίρεσιν
2926 2006 3018 2060 τοῦ
3056 2005 3221 2074 σοφοῦ
3247 2005 3597 2076 συναιρόμε-

333 2096 683 2166 positionem.
712 2096 948 2163 Quinam
983 2115 1114 2154 vero
1169 2099 1205 2154 ii
1239 2110 1293 2155 et
1351 2101 1620 2156 undenam
1683 2105 1750 2156 ad
1805 2102 1847 2155 hi

2077 2114 2116 2153 υ.
2139 2097 2296 2160 Τίνες
2315 2092 2482 2163 οὗτοι,
2509 2097 2604 2152 καὶ
2618 2096 2781 2150 πόθεν
2803 2097 2912 2167 ἄρα
2936 2097 3192 2154 λαϐόντες
3215 2095 3314 2165 τὴν
3339 2094 3591 2164 κίνησιν;

335 2188 490 2243 fuere
551 2191 807 2244 commoti
840 2190 1265 2262 (30)?quaadam
1318 2196 1514 2249 animae
1559 2211 1668 2248 non
1715 2210 1849 2266 pauc

2078 2190 2194 2259 »χαὶ
2225 2189 2518 2260 ἁμαρτίαις
2575 2189 2770 2259 ἔνοχοι,
2799 2189 2895 2242 καὶ
2946 2188 3186 2252 ἀνιάτως
3221 2188 3442 2258 ἔχουσαι
3490 2189 3592 2240 τοῦ

333 2279 572 2348 peccatis
605 2279 876 2345 obnoxias,
908 2290 964 2336 et
993 2297 1114 2352 qua:
1140 2293 1295 2339 erant
1334 2288 1494 2355 plane
1553 2285 1847 2341 incurabile

2073 2281 2217 2347 ικοῦ,
2268 2282 2524 2351 καθάπερ
2576 2282 2672 2336 καὶ
2711 2281 2870 2346 λόγος
2911 2281 3008 2352 ἤδη
3043 2281 3254 2349 φθάσας
3292 2280 3587 2349 ἐδήλωσεν,

324 2370 403 2426 de
429 2370 628 2439 quibus
657 2372 812 2443 prius
843 2389 1060 2444 quoque
1086 2376 1321 2432 diximus
1349 2396 1362 2431 :
1392 2393 1529 2449 quos
1567 2395 1691 2435 cum
1732 2379 1838 2434 inte

2082 2392 2101 2438 ;
2125 2375 2156 2444 ἡ
2187 2373 2478 2436 ἀδέκαστος
2495 2373 2740 2426 Ἰωάννου
2767 2373 2944 2446 ψῆφος
2967 2374 3058 2426 ἐπὶ
3084 2372 3360 2443 διαφόροις
3385 2372 3596 2434 αἰτίαις

334 2471 526 2531 ruptus
551 2461 776 2519 Joannis
796 2466 1058 2532 calculus,
1082 2468 1250 2523 veluti
1273 2470 1410 2540 lapis
1431 2472 1650 2542 quidam
1677 2471 1848 2543 Lydiu

2080 2468 2264 2534 αξίους
2298 2465 2440 2524 εἶναι
2491 2467 2585 2521 τοῦ
2616 2468 2861 2538 βήματος
2899 2467 3265 2537 δοκιμάσασα,
3299 2466 3399 2536 τῆς
3429 2466 3592 2536 ίερω-

335 2555 621 2624 probasset
661 2571 783 2612 esse
828 2558 1079 2630 indignos
1121 2571 1396 2633 suggestu,
1437 2573 1684 2620 moverat
1727 2581 1849 2621 sace

2082 2580 2176 2633 νης
2219 2561 2502 2632 ἀπέκρινε.
2547 2562 2652 2613 Σὺν
2684 2560 2896 2622 πολλοῖς
2932 2555 3047 2624 οὖν,
3081 2559 3157 2622 ὡς
3201 2560 3439 2628 είρηται,
3479 2559 3594 2610 τῶν

334 2641 510 2701 dotio.
534 2646 669 2702 Cum
707 2649 893 2705 multis
927 2666 1075 2722 ergo,
1130 2661 1190 2707 ut
1239 2653 1440 2708 dictum
1479 2666 1582 2722 est,
1637 2657 1848 2727 episcop

2086 2654 2326 2707 ισκόπων
2360 2653 2612 2720 Θεόφιλος
2651 2650 3039 2722 προσελθόντες
3063 2653 3130 2722 τῇ
3166 2649 3414 2721 Εύδοξίᾳ,
3449 2649 3595 2702 κατὰ

335 2736 670 2810 Theophilus
697 2743 1048 2799 convenisset
1080 2745 1400 2810 Eudoxiam,
1434 2749 1664 2803 seorsim
1693 2765 1816 2804 cum
1845 2773 1849 2797 ι

2077 2744 2184 2809 ἱνας
2214 2761 2274 2798 τε
2330 2744 2866 2814 κοινολογησάμενοι,
2923 2740 3415 2812 μυσταγωγοῦνται
3457 2741 3591 2810 παρ’

338 2832 591 2888 collocuti
624 2834 761 2907 (31),
809 2837 879 2892 ab
910 2851 972 2892 ea
998 2837 1051 2890 in
1078 2849 1348 2893 secretum
1375 2840 1760 2908 admittuntur,
1791 2859 1852 2897 ml

2085 2837 2205 2908 τῆς,
2248 2837 2696 2908 φιλοφρονοῦνται
2755 2836 2968 2907 δώροις,
3003 2835 3143 2888 κατὰ
3170 2832 3264 2886 τοῦ
3297 2833 3455 2900 ἁγίου
3491 2832 3595 2892 τὰς

336 2923 562 2978 neribus
591 2925 882 2992 donantur,
905 2928 1168 2984 adversus
1201 2941 1451 2987 sanctum
1489 2933 1665 2987 virum
1711 2933 1850 3003 lingu

2083 2928 2267 2990 ώσσας
2307 2928 2646 2998 μισθοῦνται,
2669 2927 2872 2988 πάσαις
2890 2926 3092 2996 ψήφοις
3106 2921 3594 2996 καταῂηφίσασθαι

303 3026 524 3070 'eorum
549 3017 928 3074 conducuntur
954 3038 967 3074 :
996 3035 1054 3074 se
1091 3022 1347 3077 omnibus
1379 3023 1670 3080 sententiis
1698 3025 1811 3094 just

2080 3021 2108 3075 ῦ
2146 3021 2360 3076 δικαίου
2396 3019 2750 3074 συντίθενται.
2795 3017 3065 3088 Τοιαύτην
3114 3017 3315 3085 ἄνομον
3343 3014 3594 3085 διομολο-

336 3122 459 3161 esse
489 3109 952 3166 condemnatums
982 3111 1324 3180 pollicentur.
1361 3114 1494 3170 Cum
1526 3125 1634 3170 tam
1663 3115 1850 3186 iniqua

2079 3113 2312 3184 γσάμενοι
2331 3112 2653 3183 συμφωνίαν
2689 3112 2738 3164 oi
2758 3110 2915 3164 καλοὶ
2937 3109 3216 3179 ποιμένες,
3247 3109 3341 3159 καὶ
3362 3108 3420 3159 ὲν
3432 3105 3593 3174 άθώῳ

326 3201 754 3255 conventionem
790 3201 1044 3257 iniissent
1060 3205 1258 3276 egregii
1278 3215 1544 3276 pastores,
1562 3217 1616 3262 et
1633 3210 1840 3265 innoeei

2075 3223 2205 3278 ματι
2225 3207 2325 3270 τὰς
2349 3205 2527 3276 ψυχὰς
2555 3203 2756 3275 μᾶλλον
2781 3201 3145 3273 ἑμὸἀψαντες,
3169 3201 3230 3253 ού
3255 3200 3354 3262 τὰς
3380 3201 3589 3270 χεῖρας,

339 3292 603 3362 sanguine
631 3293 839 3348 animas
867 3293 1047 3362 potius
1070 3310 1233 3364 quam
1285 3313 1483 3356 manus
1536 3299 1853 3358 intinxissen

2079 3300 2240 3363 ίασιν,
2276 3297 2426 3350 οὐδὲν
2468 3295 2734 3367 Ἀρκαδίῳ
2790 3293 2995 3348 τούτων
3050 3294 3128 3356 είς
3164 3291 3367 3360 γνῶσιν
3417 3289 3589 3342 ἐλθόν.

337 3391 563 3450 exeunt,
599 3398 720 3438 cum
749 3384 886 3439 nihil
922 3386 1117 3440 horum
1159 3388 1339 3445 adhuc
1376 3391 1618 3448 venisset
1665 3394 1733 3449 ad
1767 3403 1851 3451 nol

2081 3391 2165 3462 ιὴν
2194 3387 2330 3443 ἀλλὰ
2361 3389 2454 3442 καὶ
2484 3387 2640 3451 αὖθις
2672 3387 2922 3456 ἀφορμαὶ
2944 3385 3172 3437 δίδονται
3201 3385 3314 3446 τοῖς
3338 3380 3595 3451 ζητοῦσιν

325 3475 468 3529 tiam
499 3475 738 3532 Arcadii.
775 3477 880 3533 Sed
919 3495 1108 3535 rursus
1129 3497 1348 3552 quoque
1372 3484 1574 3540 dantur
1597 3487 1839 3544 occasion

2082 3481 2292 3552 »ορμὰς,
2319 3479 2469 3533 οὐδὲν
2506 3479 2605 3548 μὲν
2635 3477 2891 3548 ἀληθείας
2928 3475 3172 3546 ἔχουσαι,
3205 3475 3306 3526 οὐκ
3327 3474 3512 3540 ὀλίγην
3538 3472 3596 3524 δὲ

333 3567 427 3632 iis,
457 3569 546 3639 qui
582 3584 675 3624 eas
733 3573 1055 3640 qumrebant
1120 3584 1173 3632 et
1231 3578 1610 3646 parturiebant
1654 3579 1847 3650 improl

2075 3588 2148 3641 ,ην
2180 3570 2254 3640 τῷ
2280 3571 2415 3641 πυρὶ
2443 3570 2551 3622 τῶν
2568 3567 2822 3639 πονηρῶν
2854 3565 3254 3637 παρασχοῦσαι,
3285 3564 3382 3617 καὶ
3417 3563 3589 3634 μεγά-

329 3670 525 3726 tatem,
581 3663 676 3717 sed
693 3679 816 3733 qua:
848 3679 917 3719 ne
955 3666 1203 3722 umbram
1226 3668 1444 3738 quidem
1475 3670 1752 3726 habebant
1777 3689 1842 3727 ve

2084 3681 2111 3716 ν
2147 3663 2322 3733 φλόγα
2361 3662 2470 3715 τῶν
2505 3660 2827 3732 πειρασμῶν
2871 3660 3168 3729 ὰνάψασαι.
3202 3657 3275 3710 Ού
3315 3657 3450 3710 πολὺ
3489 3657 3595 3727 γὰρ

333 3753 483 3819 tatis,
543 3755 822 3810 materiam
879 3765 1058 3812 tamen
1099 3761 1428 3830 praebebant
1483 3761 1594 3833 igni
1645 3764 1847 3818 malaru

2114 3759 2171 3810 ὲν
2204 3757 2372 3828 μέσῳ,
2403 3754 2498 3809 καὶ
2529 3753 2692 3826 μέρος
2744 3770 2795 3805 τι
2840 3751 2948 3805 τῶν
2996 3749 3294 3804 Βασιλειῶν
3325 3749 3354 3801 ό
3399 3749 3593 3819 μέγας,

333 3847 635 3903 actionum.
669 3849 788 3903 Non
838 3852 1067 3906 multum
1098 3855 1243 3908 enim
1281 3855 1592 3912 intercessit
1629 3863 1847 3928 tempor‘

2082 3869 2156 3904 τω
2182 3849 2396 3920 συμϐὰν
2432 3847 2574 3902 κατὰ
2595 3845 2785 3918 χρείαν
2825 3845 2918 3898 τοῦ
2971 3844 3113 3914 μετὰ
3143 3845 3329 3913 χεῖρας
3371 3841 3596 3903 σκοποῦ,

338 3955 463 3994 cum
484 3951 692 4010 partem
725 3944 1016 4012 quamdam
1053 3946 1177 4000 libri
1214 3945 1444 4019 Regum,
1476 3949 1676 4004 divinae
1707 3949 1852 4008 scilic

2080 3943 2096 3996 ὅ
2145 3943 2290 4011 λόγῳ
2340 3940 2592 4011 συνείρας
2641 3939 2734 3991 ἐπὶ
2780 3941 2878 4008 τῆς
2935 3934 3231 4005 ἐκκλησίας
3270 3933 3594 4004 δημηγορεῖ.

339 4029 658 4099 Scripturae,
697 4047 822 4085 cum
858 4049 988 4088 usus
1011 4035 1080 4089 ita
1112 4039 1434 4107 postularet,
1465 4049 1763 4095 contexens
1809 4055 1853 4094 m

2083 4059 2089 4086 ι
2141 4035 2198 4089 δὲ
2252 4027 2398 4102 εἶχεν
2421 4031 2563 4086 οὕτω
2584 4048 2597 4062 ·
2625 4030 2967 4100 Συναγάγετε
2991 4027 3133 4100 πρὸς
3168 4026 3235 4096 μὲ
3271 4026 3396 4088 τοὺς
3431 4025 3597 4094 ἱερεῖς

342 4135 484 4190 gnus
503 4121 743 4178 Joannes
771 4124 1032 4182 instituta:
1061 4130 1319 4198 orationi,
1358 4135 1714 4188 concionatus
1741 4141 1826 4188 est

2087 4147 2114 4193 ς
2151 4127 2437 4196 αἰσχύνης,
2462 4124 2740 4188 ἐσθίοντας
2757 4120 3034 4192 τράπεζαν
3067 4118 3322 4184 Ἰεζάϐελ,
3357 4116 3425 4171 ἵν’
3456 4117 3596 4168 είπω

337 4214 591 4268 ecclesia.
624 4213 696 4269 Ea
727 4228 907 4272 autem
941 4219 1010 4272 ita
1035 4237 1096 4276 se
1140 4222 1375 4278 habebat
1405 4241 1418 4277 :
1450 4223 1788 4296 Congregate
1843 4242 1851 4279 :

2079 4225 2220 4289 ιτοῖς,
2251 4221 2327 4285 ὡς
2360 4218 2541 4274 Ἠλιοῦ
2590 4218 2693 4288 ἔφη
2720 4234 2733 4248 ⁸
2791 4235 2810 4268 ι
2844 4216 2986 4279 Ἕως
3015 4214 3143 4268 πότε
3171 4212 3462 4284 χωλανεῖτε
3509 4207 3593 4262 ἐπ’

339 4321 426 4360 me
465 4309 774 4364 sacerdotes
822 4310 1127 4381 dedecoris,
1174 4314 1268 4384 qui
1324 4316 1620 4371 comedunt
1670 4332 1853 4372 mensa

2079 4315 2357 4387 ιφοτέραις
2391 4317 2510 4378 ταῖς
2545 4312 2758 4381 ἰγνύαις
2784 4311 2977 4381 ύμῶν;
3012 4309 3061 4362 εί
3086 4308 3202 4361 ἐστι
3227 4307 3403 4369 Θιὸςό
3427 4304 3593 4364 Βάαλ,

337 4397 576 4465 chahel,
605 4409 661 4454 ut
695 4403 875 4457 dicam
908 4405 987 4461 eis
1043 4405 1182 4462 sicut
1225 4407 1360 4461 dixit
1400 4407 1544 4464 Elias
1577 4425 1591 4463 :
1625 4407 1844 4480 Quousq

2084 4407 2319 4479 ιρεύεσθε
2349 4407 2526 4460 ὀπίσω
2563 4403 2750 4459 αὑτοῦ.
2776 4404 2840 4456 El
2877 4402 2932 4455 δὲ
2961 4402 3055 4456 καὶ
3076 4397 3327 4468 τράπεζα
3363 4395 3598 4460 Ἰεζάϐελ

339 4487 711 4549 claudicahitis
783 4497 1030 4567 utrisque
1070 4498 1366 4568 peplitibus
1413 4498 1656 4554 vestris?
1691 4498 1748 4554 Si
1789 4501 1853 4555 Ba

2085 4519 2156 4571 τη
2185 4501 2339 4565 Θεὸς,
2368 4500 2631 4570 φαγόντες
2653 4496 2969 4568 ὲξεμὲσατε.
3007 4512 3026 4545 ι
3068 4490 3348 4546 Ἐντεῦθεν
3371 4491 3419 4542 oi
3448 4487 3599 4554 σοφοὶ

338 4594 423 4640 est
455 4585 615 4651 Deus,
648 4589 926 4644 ambulate
969 4599 1091 4660 post
1115 4591 1312 4660 ipsum.
1350 4589 1406 4645 Si
1460 4600 1644 4646 autem
1701 4591 1852 4647 Jezal

2088 4611 2116 4645 ν
2159 4593 2380 4656 κακίαν,
2447 4589 2775 4661 δραξάμενοι
2837 4586 2944 4643 τῶν
2994 4583 3276 4657 ῥημάτων,
3330 4578 3599 4651 ’Δρκαδίῳ

338 4693 556 4746 quoque
595 4695 785 4735 mensa
807 4681 920 4751 ipsa
949 4691 1032 4736 est
1061 4682 1225 4749 Deus,
1276 4682 1630 4738 comedentes
1660 4683 1852 4738 evomit

2086 4683 2278 4734 ›οσίασι
2316 4680 2417 4751 τὴν
2462 4679 2622 4748 ῥῆσιν
2672 4675 3096 4738 ἐπιδεικνύντες,
3150 4671 3463 4743 ἡγουμένου
3503 4667 3600 4735 τῆς

339 4766 479 4822 llinc
510 4769 585 4822 illi
620 4772 898 4840 sapientes
923 4772 978 4825 in
1015 4773 1244 4834 malitia,
1281 4785 1404 4824 cum
1441 4771 1606 4826 verba
1667 4773 1853 4839 qumda

2092 4775 2346 4843 ναγωγῆς
2379 4771 2664 4842 Θεοφίλου,
2695 4771 2788 4823 καὶ
2823 4769 2892 4822 τά
2917 4767 3016 4836 μὲν
3046 4764 3437 4837 προστιθέντες
3471 4760 3599 4830 παρ’

338 4869 600 4929 tanquam
647 4877 799 4917 arma
860 4863 1355 4934 apprehendissent
1389 4871 1444 4917 et
1493 4862 1732 4917 validum
1762 4878 1852 4917 aut

2085 4865 2248 4930 υτῶν,
2276 4865 2344 4918 τὰ
2369 4864 2425 4917 δὲ
2455 4865 2549 4916 καὶ
2595 4861 3088 4934 παρεξηγούμενοι.
3139 4857 3371 4924 Ἔλεγον
3419 4853 3474 4906 δὲ
3507 4853 3597 4904 καὶ

339 4951 494 5016 lium,
528 4955 796 5009 accedunt
821 4955 888 5010 ad
927 4954 1416 5020 Arcadium,.duce
1450 4953 1617 5023 hujus
1655 4954 1853 5024 improl

2083 4957 2256 5023 τειθον,
2286 4956 2361 5019 ὠς
2411 4955 2565 5009 αὐτοὶ
2605 4955 2703 5025 μὲν
2755 4949 2918 5024 ἦσαν,
2947 4952 3002 5005 οἵ
3037 4967 3099 5019 γε
3139 4950 3309 5020 ἱερεῖς
3336 4945 3597 5014 αἰσχύνης

337 5057 620 5116 synagoga:
681 5045 1007 5117 Theophilo,
1051 5046 1154 5101 alia
1189 5046 1410 5117 quidem
1460 5045 1752 5114 addentes,
1805 5046 1851 5101 al

2081 5047 2338 5118 έχθησαν,
2387 5044 2622 5110 Ἰεζάϐελ
2650 5044 2707 5098 δὲ
2759 5045 2793 5115 ἠ
2849 5041 3060 5114 βασιλὶς
3084 5040 3369 5108 ἄντικρυς.
3414 5032 3595 5093 Οὕτως

413 5225 478 5258 ³⁸·
519 5225 592 5280 lll
621 5225 753 5300 Reg,
796 5245 952 5293 xvul,
989 5229 1009 5283 1
1047 5243 1202 5299 seqq.

412 5407 757 5482 (‘29)Nullum
782 5406 960 5462 adhuc
986 5406 1044 5482 in
1070 5423 1232 5482 causa
1257 5408 1624 5482 Chrysostomi
1655 5407 1912 5482 agitatum
2093 5406 2664 5482 (30)Q_uinam_autem
2693 5404 3043 5482 luerinyqni
3058 5400 3600 5482 contraChrys‘osto:

343 5467 519 5552 fuisse,
545 5480 832 5552 judicium,
870 5487 929 5532 ut
965 5478 1047 5552 vel
1082 5480 1289 5550 Opiuari
1321 5467 1540 5552 quidem
1575 5467 1755 5550 possiet
1777 5479 1915 5552 _Epi-
2022 5467 2515 5552 mum'fheophilo
2550 5475 2798 5542 laverint,
2840 5467 2973 5530 uide'
3005 5474 3201 5530 Baron.
3252 5467 3406 5528 tomi
3443 5469 3510 5530 ν.
3536 5467 3600 5522 ad

345 5547 606 5625 phaniu'm
646 5549 869 5625 in_e_jus
903 5547 1297 5625 _relegationem
1329 5547 1718 5625 i'eonsens’isse,
1761 5547 1919 5605 docet
2024 5563 2229 5625 ann_u_m
2246 5547 2454 5625 ἐῷ.-.-
2564 5615 2580 5625 _
2729 5615 2780 5625 __
2843 5616 2901 5625 ___
2962 5612 3020 5625 η
3268 5621 3277 5625 Δ
3331 5608 3364 5625 η

347 5607 497 5688 itan;
525 5637 692 5696 quare
723 5607 1006 5696 historiam
1032 5607 1205 5689 itane,
1227 5635 1282 5678 et
1310 5624 1377 5679 de
1406 5607 1922 5696 mutuis_episcopo-
2101 5619 2212 5690 (31)
2238 5615 2621 5696 _ifide‘l‘iicepli.
2651 5631 2702 5670 c.
2724 5615 2807 5678 Η,
2837 5607 3598 5696 ίὸηίϐηιέὺκξιιιλξοστ.

349 5681 804 5764 ῃιηίρὲορὶιοιίἰε
842 5700 1101 5764 tanquam
1129 5681 1530 5752 commentiiias
1559 5681 1752 5764 rejicit.
1797 5681 1837 5745 V
1845 5690 1926 5745 ide
2031 5681 2133 5764 τις
2150 5681 2205 5744 c.
2230 5687 2334 5754 υς
2378 5689 2500 5743 Sos.
2530 5681 2638 5741 'lib.
2675 5701 2794 5753 vul,
2826 5702 2874 5740 c.
2921 5686 3006 5752 16,
3038 5688 3123 5750 17,
3164 5684 3249 5746 18,
3284 5681 3486 5747 Barun,
3513 5694 3598 5734 an.

354 5759 550 5820 Barou.
581 5759 646 5818 a'd
686 5779 774 5819 an.
811 5760 934 5818 402.
956 5759 974 5763 ”
1617 5759 1630 5764 ⁷

641 5763 646 5817 l
686 5779 774 5819 an.
811 5759 974 5818 402.—
1617 5759 1630 5764 ⁷
2032 5759 2155 5815 405.
