3834 6482
295 343 435 416 11ιι5

1294 358 1468 417 VITA
1510 353 1569 418 S.
1610 356 1933 417 JOANNIS
1990 358 2549 425 CHRYSOSTOMI.

3408 369 3542 435 1166

292 459 583 519 ὑποδίδωσι
618 463 716 535 μὲν
742 465 773 536 ὴ
805 465 934 536 περὶ
954 466 1045 520 τὸν
1077 468 1250 537 μέγαν
1276 467 1370 521 τοῦ
1390 467 1650 538 βασιλέως
1681 467 1844 532 αἰδὼς

1971 479 2152 524 autem
2188 485 2474 540 perperam
2529 481 2888 544 exponentes.
2943 475 3202 530 Dicebant
3262 491 3391 532 vero
3420 479 3524 533 viri

292 556 388 608 καὶ
416 557 444 608 ὁ
477 554 641 618 πόθος
677 558 758 620 είς
811 556 988 626 λύπην
1029 559 1358 628 μεταχωρεῖ,
1409 559 1503 610 καὶ
1533 557 1736 612 δίδοται
1754 561 1867 622 τοῖς

291 651 546 718 πονηροῖς
587 647 739 700 ἄδεια
772 648 1132 720 μετέρχεσθαι
1156 649 1225 703 τὰ
1253 650 1452 703 οἰκεῖα.
1477 650 1730 705 Τοιοῦτον
1758 650 1865 723 γὰρ

289 741 324 813 ἡ
365 738 603 810 ἁπλότης
637 739 748 811 (ἵνα
775 740 872 811 μὴ,
900 741 1224 809 κουφότης,
1262 739 1455 810 λέγων,
1489 741 1564 812 τῷ
1596 741 1866 814 δυσφήμῳ

291 829 568 900 φαίνωμαι
586 830 990 900 χαριζόμενος),
1018 830 1176 902 ῥᾳδία
1196 831 1296 901 μὲν
1311 831 1684 902 οἰκοδομῆσαι,
1708 833 1864 903 ῥᾳδία

286 921 344 975 δὲ
385 922 453 974 τὰ
498 922 922 992 οἰκοδομηθέντα
999 925 1386 991 κατενεγκεῖνο
1432 924 1529 977 καὶ
1579 924 1864 978 συνελόντα

287 1014 486 1077 εἰπεῖν,
525 1013 753 1077 ἄπιστος
777 1013 1020 1082 ἀκριϐῶς
1040 1014 1134 1068 xui.
1158 1014 1236 1086 τῷ
1259 1016 1421 1068 παντὶ
1442 1015 1860 1083 εὐπαράγωγος,

295 1107 504 1176 ἀνέμου
543 1105 747 1171 πεδίον,
787 1107 815 1158 ὃ
837 1122 990 1174 φασι,
1024 1108 1120 1160 καὶ
1149 1107 1386 1179 πρᾶγμα
1417 1107 1546 1174 κατ’,
1567 1106 1731 1177 εὐχὴν
1753 1109 1862 1172 τοῖς

287 1200 730 1271 μοχθηροτέρως.
751 1199 1031 1254 Ἐντεῦθεν
1044 1200 1269 1266 Εὑδοξία
1285 1201 1382 1272 μὲν
1402 1199 1507 1254 τῶν
1525 1199 1859 1266 ἐπισκόπων,

283 1293 400 1344 ὅσοι
431 1291 693 1361 Θεοφίλου
732 1294 993 1346 κατεῖπον
1020 1293 1307 1363 πρότερον,
1343 1291 1471 1355 τοὺς
1510 1291 1608 1363 μὲν
1639 1292 1862 1360 ἀγαθῶν

287 1387 577 1454 παροχαῖς,
604 1385 728 1447 τοὺς
759 1383 817 1437 δὲ
861 1385 954 1436 καὶ
1000 1384 1314 1456 ἀϐουλήτων
1354 1385 1642 1453 ἐπιφοραῖς
1659 1383 1752 1436 τοῦ
1779 1383 1864 1436 λέ-

285 1493 404 1543 γειν
420 1475 691 1546 ἀπείργει.
718 1476 974 1544 Θεόφιλος
997 1475 1053 1530 δὲ
1072 1477 1181 1530 τῶν
1206 1475 1652 1547 κατηγορούντων
1681 1475 1860 1529 ἀπαλ-

284 1568 494 1634 λαγεὶς,
531 1565 630 1638 τὴν
659 1566 904 1638 ἄρξασαν
937 1568 1088 1640 αύτῷ
1108 1569 1332 1639 χάριτος
1362 1568 1548 1622 ἀδίκου
1580 1569 1691 1630 τοῖς
1726 1566 1860 1633 ίσοις

283 1661 380 1712 καὶ
407 1659 592 1725 αὐτὸς,
624 1661 824 1730 μᾶλλον
841 1660 898 1714 δὲ
921 1658 1100 1731 πολλῷ
1117 1660 1384 1731 μείζοσιν,
1411 1658 1860 1730 ἀντιθεραπεύειν

277 1750 432 1823 ἠξίου
455 1768 468 1781 ο
497 1751 594 1805 καὶ
627 1753 752 1817 τοὺς
807 1754 904 1823 μὲν
925 1751 1140 1824 δώροις,
1183 1754 1309 1817 τοὺς
1339 1752 1395 1806 δὲ
1433 1752 1706 1818 ἀπειλαῖς,
1731 1753 1858 1817 τοὺς

278 1822 336 1898 δὲ
379 1843 600 1916 τρόποις
641 1846 872 1918 ἑτέροις,
938 1822 1033 1912 οὓς
1092 1847 1367 1917 εὑρίσκειν
1421 1844 1530 1901 οἶδε
1587 1845 1856 1918 μοχθηρία
1892 1822 1931 1879 Β

280 1935 562 2007 δυνάμεως
631 1935 1038 2008 ἐπιλαϐομένη,
1102 1937 1486 2009 παραπείσας,
1554 1938 1649 1990 καὶ
1701 1936 1856 1999 ὅλους

277 2027 376 2098 τῆς
431 2027 566 2092 ἰδίας
613 2027 840 2100 γνώμης
885 2030 1366 2100 ἀναρτησάμενος,
1418 2029 1499 2093 είς
1545 2029 1704 2083 τοῦτο
1749 2045 1852 2083 κα-

278 2119 403 2182 κίας
452 2119 515 2172 τὸ
578 2121 688 2174 πᾶν
756 2121 976 2192 ἐκίνησε
1025 2121 1120 2174 καὶ
1170 2121 1510 2192 συνήλασεν,
1581 2119 1658 2185 ὡς
1730 2122 1852 2174 ἐπι-

276 2211 471 2281 τρέψαι
526 2213 578 2265 οί
633 2213 758 2277 τοὺς
813 2213 1149 2284 κρατοῦντας
1202 2213 1419 2268 σύνοδον
1467 2215 1608 2268 κατά
1667 2215 1851 2268 Ἰωάν-

277 2319 368 2355 νου
392 2303 491 2372 τὴν
527 2303 789 2376 μεγίστην
831 2305 1100 2377 ἀθροῖσαι.
1133 2305 1408 2376 Εύρὼνδὲ
1455 2305 1548 2359 δύο
1593 2306 1703 2360 τῶν
1739 2306 1854 2362 δια·-

277 2394 469 2459 κόνων,
506 2390 580 2450 ὧν
608 2399 637 2451 ὸ
670 2397 769 2466 μὲν
804 2398 984 2455 αίτίαν
1035 2393 1149 2468 εἶχε
1205 2397 1470 2468 μοιχείας,
1512 2398 1542 2451 ό
1577 2398 1634 2451 δὲ
1666 2398 1850 2467 φόνου,

276 2488 371 2540 καὶ
409 2487 560 2558 παρά
589 2488 749 2540 τοῦτο
774 2487 839 2560 δὴ
859 2487 994 2558 πρὸς
1013 2487 1109 2542 τοῦ
1141 2486 1378 2558 μεγάλου
1409 2487 1847 2561 καθῃρημένους,

273 2580 497 2645 τούτους
526 2584 556 2635 6
595 2583 857 2652 γεννάδας
905 2583 1048 2637 κατά
1087 2583 1290 2654 πολλὴν
1323 2582 1614 2636 αὑθεντίαν
1638 2581 1731 2635 τοῦ
1759 2583 1847 2635 6s-

274 2672 416 2743 σμοῦ
457 2673 645 2740 λύσας,
671 2674 972 2738 λιὸέλλους,
997 2673 1071 2728 ὧν
1101 2676 1306 2737 ἐκεῖνος
1336 2672 1491 2736 αὖθις
1519 2673 1850 2743 δημιουργὸς

273 2759 366 2834 ἦν,
401 2766 542 2820 κατά
568 2765 664 2819 τοῦ
692 2766 851 2835 ἁγίου
871 2766 1056 2821 δοῦναι
1096 2765 1509 2837 παρασκευάζει
1532 2783 1545 2797 ο
1569 2765 1848 2829 λιὸἐλλους

274 2856 506 2929 πλήρεις
537 2859 636 2928 μὲν
655 2859 918 2914 διαϐολῶν
951 2859 1145 2926 ὅντως,
1183 2860 1328 2931 ίχνος
1358 2859 1415 2913 δὲ
1442 2857 1702 2928 ἀληθείας
1736 2858 1846 2912 οὐδ’

272 2949 452 3003 ὁτιοῦν
480 2949 739 3020 ἔχοντας·
793 2952 934 3024 πλὴν
991 2951 1152 3006 τοῦτο
1184 2953 1343 3024 μόνον
1394 2949 1633 3022 μετρίως
1676 2948 1848 3021 αὐτῆς

273 3044 717 3114 παραπτόμενον,
766 3047 814 3097 εί
849 3047 941 3098 καί⁵
995 3045 1070 3116 μὴ
1115 3045 1250 3116 πρὸς
1301 3044 1398 3114 τὴν
1445 3044 1569 3114 ἴσην
1615 3041 1844 3108 ἔννοιαν,

269 3135 489 3204 ἐλέγετο
519 3138 647 3209 παρ’
673 3137 873 3204 αὐτῶν,
931 3138 1125 3207 ὅτιπερ
1162 3137 1373 3198 ὓδατος,
1407 3135 1440 3205 ἢ
1478 3134 1649 3199 οἴνου,
1679 3132 1844 3203 ἢ-πα-
1873 3164 1917 3227 C

273 3230 485 3284 στίλλου
527 3230 667 3300 μετὰ
689 3229 785 3300 τὴν
815 3230 923 3285 τῶν
960 3230 1131 3299 ἀγίων
1161 3228 1460 3302 μετάληψιν
1477 3224 1848 3296 ἀπογεύεσθαι

271 3318 528 3392 παρῄνει.
547 3321 656 3373 Καὶ
679 3319 732 3372 τί
760 3319 916 3374 τοῦτο
941 3337 955 3388 ;
982 3320 1283 3376 Εύλάὄειαν
1310 3321 1419 3390 γὰρ
1434 3317 1851 3390 νομοθετοῦντος

269 3408 359 3485 ἦν,
393 3413 486 3467 καὶ
528 3413 596 3467 τὰ
641 3413 736 3484 τῆς
773 3415 925 3484 ἱερᾶς
974 3412 1134 3485 ήμῶν
1178 3411 1548 3484 ἀκριϐοῦντος.
1579 3410 1840 3472 πίστεως,

268 3503 343 3568 ὡς
369 3504 448 3576 μὴ
491 3505 692 3575 φθάσαι
731 3510 837 3557 τινι
877 3505 985 3558 τῶν
1037 3503 1424 3575 ἐκπτυομένων
1449 3503 1542 3555 καὶ
1582 3501 1752 3571 μέρος
1792 3515 1846 3552 τι

266 3598 374 3650 τῶν
403 3598 764 3667 ἀγιασμάτων
796 3600 1173 3652 συνεκπεσεῖν.

1968 559 2168 630 egregii
2207 569 2264 615 et
2295 561 2456 618 facile
2515 565 2935 634 persuadebant',
2985 581 3047 620 se
3093 566 3312 636 quidem
3367 568 3542 624 dictos

1967 649 2136 705 fuisse
2172 655 2484 710 sacerdotes
2517 655 2802 712 dedecoris
2860 676 2874 712 :
2933 673 3124 713 revera
3159 659 3306 714 enim
3334 667 3491 716 erant
3523 680 3536 715 :

1967 739 2368 812 imperatricem
2415 757 2596 801 autem
2644 763 2767 804 esse
2801 760 2989 820 aperte
3035 750 3364 808 Jezabelem.
3399 753 3539 810 Hinc

1965 829 2169 885 factum
2225 841 2330 897 est,
2365 843 2424 888 ut
2483 835 2829 906 imperatoris
2880 839 3100 909 quidem
3161 840 3220 895 in
3278 858 3536 914 magnum

1963 919 2227 976 Joannem
2252 923 2472 979 cederet
2497 927 2836 993 reverentia,
2853 938 2908 983 et
2929 930 3254 985 desiderium
3281 933 3537 988 transiret

1963 1011 2018 1066 in
2045 1013 2288 1069 dolorem
2321 1007 2333 1067 ἐ
2377 1016 2648 1088 daturque
2678 1021 2860 1089 praeda
2902 1020 3035 1076 viris
3065 1021 3349 1093 improbis.
3375 1025 3537 1094 Ejus-

1965 1105 2111 1160 modi
2149 1107 2299 1161 enim
2331 1122 2444 1164 'res
2486 1117 2570 1164 est
2607 1110 2945 1180 simplicitas,
2997 1127 3068 1166 ne
3121 1113 3298 1170 dicam
3346 1115 3538 1172 levitas

1962 1204 2017 1250 et
2042 1195 2292 1253 facilitas.
2332 1198 2426 1254 Est
2451 1199 2624 1255 facilis
2641 1202 2860 1272 quidem
2874 1203 2941 1258 ad
2971 1204 3350 1261 mdiliCandum
3380 1223 3536 1278 :quae

1961 1291 2142 1340 autem
2175 1297 2302 1343 sunt
2336 1289 2449 1358 jam
2501 1290 2790 1358 aedificata,
2823 1303 2953 1349 sunt
2997 1294 3260 1349 facillima
3289 1296 3356 1351 ad
3407 1297 3537 1352 des-

1963 1379 2276 1446 trucudum,
2305 1389 2360 1434 et
2391 1389 2452 1435 ut
2484 1382 2653 1436 semel
2681 1383 2878 1446 dicam,
2910 1393 2996 1440 est
3023 1385 3248 1442 omnino
3269 1387 3421 1444 valde
3451 1389 3537 1443 in-

1965 1462 2146 1525 fidelis
2192 1481 2246 1526 et
2294 1473 2360 1527 ad
2409 1474 2717 1528 ducendum
2742 1473 2938 1541 facilis,
2974 1487 3135 1533 vento
3168 1494 3414 1549 campus,
3475 1491 3537 1536 ut

1961 1562 2136 1624 aiunt,
2183 1573 2236 1619 et
2293 1579 2380 1618 res
2435 1566 2672 1635 Optanda
2714 1567 3016 1624 sceleratis.
3059 1570 3148 1628 Sic
3187 1573 3433 1630 Eudoxia
3465 1591 3533 1631 ex

1961 1652 2235 1723 episcopis
2258 1654 2498 1724 quidem,
2535 1655 2628 1724 qui
2663 1655 2730 1710 de
2758 1654 3061 1728 Theopliilo
3101 1660 3251 1730 prius
3279 1662 3420 1717 male
3447 1663 3534 1717 di-

1962 1755 2176 1812 xerant,
2198 1745 2332 1801 alios
2349 1746 2566 1816 quidem
2589 1747 2748 1802 bonis
2769 1749 2989 1814 oblatis,
3015 1749 3152 1806 alios
3166 1761 3346 1807 autem
3367 1750 3532 1808 illatis

1959 1838 2118 1894 malis
2151 1847 2302 1894 arcet
2333 1854 2362 1894 a
2393 1840 2644 1895 dicendo.
2675 1839 3014 1911 Theophilus
3045 1853 3227 1899 autem
3269 1845 3531 1902 liberatus

1959 1930 2028 1984 ab
2057 1931 2492 1997 accusatoribus,
2523 1922 2573 1986 ei
2620 1947 2742 2002 qua:
2796 1933 2951 2002 prius
3002 1950 3113 1990 non
3167 1937 3316 2007 justo
3350 1939 3530 2008 ipsum

1957 2021 2217 2077 all'ecerat
2248 2022 2533 2090 beneﬁcio,
2569 2024 2940 2094 voluitparem
2972 2034 3134 2097 atque
3171 2028 3308 2084 adeo
3363 2031 3534 2101 majo-

1957 2131 2072 2171 rem
2103 2115 2310 2170 referre
2347 2115 2616 2187 gratiam:
2651 2125 2707 2171 et
2736 2132 2860 2171 cum
2907 2118 3044 2174 alios
3093 2121 3314 2189 quidem
3345 2121 3527 2189 donis,

1957 2208 2092 2263 alios
2117 2221 2248 2263 vero
2272 2209 2457 2273 minis,
2493 2209 2629 2264 alios
2656 2219 2839 2265 autem
2875 2210 2996 2266 aliis
3033 2212 3228 2278 modis,
3265 2229 3402 2283 quos
3428 2215 3531 2272 scit

1955 2301 2202 2356 invenire
2265 2301 2469 2356 malitia
2524 2287 2815 2358 consecuta
2871 2303 3193 2373 potentiam,
3234 2320 3528 2376 persuasus

1954 2393 2019 2446 ad
2055 2407 2210 2448 snam
2267 2391 2600 2449 traduxisset
2648 2394 3007 2461 voluntatem,
3035 2404 3090 2451 et
3136 2396 3409 2453 ell'ecisset
3467 2409 3528 2454 ut

1955 2482 2053 2536 toti
2089 2497 2120 2536 a
2145 2497 2242 2536 sua
2276 2482 2581 2551 penderent
2611 2482 2906 2547 sententia,
2941 2483 3032 2537 ille
3073 2492 3223 2538 tanta
3265 2483 3526 2555 improbi-

1952 2585 2064 2629 tate
2110 2574 2428 2644 permiscuit
2478 2581 2533 2628 et
2571 2573 2818 2628 confudit
2855 2574 3060 2641 omnia,
3090 2583 3150 2630 ut
3197 2575 3291 2646 qui
3341 2591 3526 2630 rerum

1953 2663 2324 2733 potiebantur,
2359 2663 2408 2718 ei
2442 2663 2826 2733 permitterent
2867 2679 3198 2736 congregare
3259 2667 3525 2737 synodum

1951 2756 2244 2810 maximam
2314 2755 2576 2812 adversus
2602 2753 2888 2810 Joannem.
2928 2755 3066 2811 Cum
3097 2741 3398 2814 invenisset
3423 2775 3525 2814 au-

1953 2858 2059 2903 tem
2090 2849 2226 2904 duos
2251 2848 2527 2914 diaconos,
2564 2863 2798 2919 quorum
2829 2849 2968 2905 alter
3003 2850 3227 2920 quidem
3249 2864 3368 2908 erat
3396 2867 3523 2908 reus

1951 2941 2225 3004 adulterii.
2260 2941 2398 2996 alter
2428 2955 2561 2996 vero
2587 2942 2846 3006 caedis,ct
2879 2941 3000 3007 ideo
3031 2957 3060 2997 a
3110 2958 3308 3016 magno
3358 2943 3523 3000 Joan-

1950 3059 2020 3100 ne
2052 3043 2272 3099 fuerant
2296 3044 2554 3114 depositi,
2581 3060 2676 3101 eos
2701 3046 2785 3100 vir
2811 3045 2899 3101 ille
2924 3046 3176 3119 egregius
3227 3062 3351 3102 cum
3407 3062 3524 3104 ma-

1950 3151 2055 3207 gna
2081 3136 2404 3193 auctoritate
2435 3135 2492 3209 (o
2519 3152 2690 3193 sacrae
2719 3137 2886 3209 leges)
2918 3139 3261 3205 abs’olvisset,
3288 3139 3521 3206 libellos,

1946 3245 2181 3302 quorum
2225 3231 2314 3286 ille
2335 3247 2522 3287 rursus
2547 3231 2722 3287 fuerat
2739 3233 2948 3305 opifex,
2973 3233 3233 3291 exhibere
3263 3233 3392 3290 facit
3417 3234 3522 3290 ad-

1946 3337 2143 3380 versus
2183 3333 2432 3380 sanctum
2459 3345 2471 3380 :
2501 3325 2735 3394 libellos,
2774 3327 2867 3396 qui
2911 3337 3067 3383 erant
3099 3329 3245 3399 pleni
3301 3329 3520 3399 quidem

1944 3411 2254 3477 calumniis,
2286 3413 2494 3468 nullum
2528 3423 2710 3469 autem
2754 3413 3026 3470 habebant
3061 3415 3350 3485 vestigium
3380 3415 3522 3470 veri-

1946 3500 2072 3556 tatis
2106 3519 2122 3556 :
2159 3501 2264 3556 nisi
2285 3503 2430 3572 quod
2466 3503 2569 3558 hoc
2620 3503 2795 3557 solum
2830 3503 3112 3558 moderate
3156 3505 3517 3574 attingebant,

1942 3593 2294 3650 etiamsinon
2329 3595 2398 3650 ab
2445 3594 2525 3650 eis
2567 3595 2760 3650 eadem
2809 3595 3083 3650 diceretur
3135 3595 3518 3667 intelligentia,

264 3693 408 3760 quod
436 3707 631 3763 aquam
675 3695 758 3749 vel
781 3695 967 3750 vinum
1033 3695 1119 3751 vel
1153 3693 1428 3766 pastillum
1498 3692 1765 3749 suadebat
1820 3698 2040 3758 gustare
2067 3699 2193 3761 post
2239 3691 2679 3748 communionem
2731 3691 2820 3756 iis,
2865 3690 2959 3761 qui
3017 3691 3517 3747 communicabant.

265 3786 404 3852 Quid
439 3796 552 3842 tum
577 3788 736 3844 ?erat
766 3790 912 3844 enim
939 3789 1044 3844 hoc
1077 3791 1217 3861 ejus,
1251 3789 1348 3861 qui
1402 3789 1674 3844 statuebat
1731 3795 1790 3841 ut
1847 3784 2200 3842 adhiberetur
2263 3785 2464 3850 cautio,
2495 3794 2550 3840 et
2580 3785 2671 3856 qui
2725 3794 2978 3841 accurate
3006 3785 3230 3840 tenebat
3262 3800 3348 3852 ea,
3397 3800 3519 3855 qua:

263 3886 390 3930 sun:
422 3886 620 3934 nostrae
653 3879 798 3946 fidei,
829 3897 898 3936 ne
927 3883 1163 3953 cuipiam
1213 3883 1556 3953 contingeret
1587 3895 1710 3935 cum
1751 3878 1835 3943 iis,
1881 3893 2002 3947 qua;
2065 3890 2432 3950 exspuuntur,
2464 3880 2626 3934 etiam
2679 3895 2747 3935 ex
2801 3878 3147 3934 sanetilicatis
3187 3877 3389 3948 aliquid
3415 3893 3514 3932 ex-

259 3971 468 4028 cidere.

331 4117 467 4174 ME’.
497 4118 689 4174 Ἡνίκα
709 4121 842 4190 γοῦν
869 4122 996 4186 τοὺς
1017 4121 1288 4197 φλυάρους
1311 4123 1534 4186 τούτους
1561 4121 1834 4183 λιϐἐλλους

255 4212 558 4277 όδεδωκὼς
594 4213 808 4286 εἴληφε,
844 4217 1170 4289 Σεὸηριανδν
1215 4218 1376 4281 εὐθὺς
1418 4219 1511 4272 καὶ
1555 4216 1832 4281 Ἀκάκιον,

260 4305 401 4377 πρὸς
422 4306 480 4362 δὲ
510 4307 606 4361 καὶ
641 4306 939 4378 Ἀντίοχον,
973 4310 1096 4372 τοὺς
1135 4308 1380 4379 ἀμάχους
1415 4308 1478 4381 δὴ
1515 4305 1612 4377 τῆς
1642 4306 1836 4369 κακίας

2013 4113 2170 4170 XLV.
2198 4114 2335 4170 Cum
2362 4113 2543 4183 itaque
2593 4128 2826 4186 nugaces
2879 4111 2979 4176 hos
3030 4111 3240 4168 libellos
3270 4111 3518 4183 accepis-
3604 4190 3609 4197 .

1942 4217 2024 4264 set
2077 4208 2124 4261 is
2175 4203 2267 4276 qui
2323 4206 2567 4271 dederat,
2619 4216 2673 4262 et
2710 4206 2964 4262 Acacium
3023 4215 3078 4262 ct
3133 4203 3515 4272 Severianum,

1941 4309 1998 4353 et
2057 4307 2321 4368 praeterea
2374 4293 2725 4363 Antiochum,
2762 4297 3010 4362 invictos,
3069 4306 3127 4352 ut
3179 4297 3250 4351 ita
3311 4295 3513 4364 dicam,

257 4399 600 4468 προμάχους,
640 4400 736 4453 σὺν
760 4399 940 4463 ἄλλοις
960 4399 1068 4454 τῶν
1098 4401 1410 4454 ἐπισκόπων
1437 4399 1646 4453 πλείοσι
1677 4414 1834 4469 προσο

1950 4388 2058 4442 vitii
2112 4399 2561 4459 propugnatores,
2620 4389 2727 4444 cito
2755 4387 2808 4442 in
2864 4403 3015 4443 suam
3067 4385 3378 4444 ascivissset
3423 4404 3514 4444 so-

256 4490 682 4561 εταιρισάμενος
733 4491 840 4559 ἔξω
891 4509 992 4545 που
1037 4494 1147 4562 ,τῆς
1188 4493 1395 4554 πόλεως
1433 4488 1753 4563 (Ῥουφίνου
1774 4489 1829 4542 δὲ

1950 4478 2207 4543 :ietatem,
2237 4487 2389 4532 extra
2422 4477 2693 4533 civitatem
2731 4479 2866 4549 (erat
2911 4487 3090 4534 autem
3131 4494 3261 4550 ager
3289 4475 3510 4546 Bullini,

251 4583 284 4634 ὁ
310 4581 477 4651 ἀγρὸς
496 4577 586 4654 ἦν,
612 4582 785 4655 ὄνομα
806 4585 968 4655 Δρῦς,
994 4583 1098 4654 ὑπὸ
1119 4587 1185 4654 τῇ
1208 4582 1511 4654 Χαλκηδόνι
1533 4579 1832 4652 κείμενος),

1950 4583 2164 4640 nomine
2202 4582 2469 4650 Quercus,
2508 4583 2644 4639 situs
2681 4585 2784 4639 sub
2808 4584 3170 4655 Chalcedone)
3201 4586 3268 4641 de
3324 4595 3513 4642 sancto

251 4675 315 4726 ἐν
341 4673 511 4746 τούτῳ
549 4677 831 4747 γενόμενοι
865 4676 936 4730 τά
957 4677 1084 4747 περὶ
1115 4674 1209 4728 τοῦ
1241 4674 1490 4729 καθελεῖν
1523 4671 1615 4726 τὸν
1662 4671 1835 4742 μέγαν

1950 4677 2265 4748 ieponendo
2292 4676 2612 4732 exsecrandi
2649 4677 3004 4733 conferebant
3049 4688 3106 4734 et
3151 4679 3515 4735 contexebaut

257 4763 654 4836 συνέῤῥαπτον.
681 4766 853 4829 Αὐτὸς
885 4767 1070 4836 μέντοι
1118 4766 1215 4820 σῦν
1259 4766 1378 4834 ἅμα
1426 4761 1836 4834 τεσσαράκοντα

1950 4766 2183 4821 :onsilia.
2218 4765 2339 4836 Ipse
2369 4781 2498 4821 vero
2536 4783 2760 4824 versans
2805 4767 2965 4823 simul
3011 4785 3134 4826 cum
3158 4770 3510 4841 quadraginta

253 4857 578 4920 ἐπισκόποις
623 4858 1057 4929 διομιλούμενος,
1101 4858 1242 4912 πάνυ
1291 4856 1587 4927 θαυμάζων
1613 4848 1682 4925 ἦν
1720 4851 1838 4917 πῶς

1950 4856 2226 4927 ξρίδοορίε,
2259 4855 2413 4912 valde
2442 4857 2762 4926 mirabatur,
2814 4861 3271 4929 quemadmodum
3315 4861 3513 4916 talibus

252 4949 569 5021 ἐγκλήμασι
612 4951 875 5014 τοιούτοις
929 4951 1214 5020 ἀγώγιμος
1259 4948 1333 5002 ὢν
1380 4947 1664 5016 Θεόφιλος,
1714 4940 1833 4999 εἶτα

251 5043 603 5113 παραστῆναι
661 5041 994 5107 κελευσθεὶς,
1035 5040 1177 5094 ὥστε
1224 5039 1383 5107 λόγον
1435 5037 1596 5108 χάριν
1651 5033 1833 5090 αὐτῶν

249 5139 530 5208 ὑποσχεῖν,
562 5137 758 5208 ἀθρόον
789 5136 932 5190 οὕτω
982 5135 1081 5199 τὰς
1110 5134 1220 5189 τῶν
1259 5132 1607 5206 κρατούντων
1643 5131 1830 5201 ἴσχυσε

254 5231 484 5300 γνώμας
505 5231 666 5297 ἑλεῖν,
694 5230 769 5294 ὡς
800 5230 876 5301 μὴ
901 5229 1061 5301 μόνον
1095 5227 1262 5300 μηδὲν
1311 5226 1451 5298 ὑπὲρ
1476 5225 1584 5280 τῶν
1615 5223 1830 5279 οἰκείων

249 5319 593 5388 εὐθύνεσθαι,
621 5322 757 5378 ἀλλά
781 5324 874 5377 καὶ
893 5322 1095 5392 ἐτέρων
1128 5320 1312 5391 σχεδὸν
1343 5318 1678 5390 καταστῆναι
1711 5334 1831 5388 κρι-

246 5415 353 5485 τὴν
390 5415 544 5468 οὐδὲν
567 5414 628 5468 τὸ
660 5414 924 5486 παράπαν
968 5411 1364 5482 εύθυνομένων.
1422 5407 1555 5466 Εἶτα
1594 5409 1828 5481 παρῄνει

253 5509 332 5579 μὴ
369 5506 752 5578 μικροψυχεῖν,
806 5505 942 5575 μηδὲ
986 5505 1127 5573 μέγα
1158 5521 1210 5556 τι
1249 5503 1308 5556 τὺ
1339 5504 1515 5574 παρὸν
1562 5502 1824 5570 νομίζειν,

254 5598 694 5670 ἐνθυμουμένους
721 5599 802 5660 τὸ,
828 5597 914 5670 διά
935 5596 1146 5649 πολλῶν
1170 5595 1402 5665 θλίψεων
1424 5596 1701 5667 είσιτητὴν
1729 5597 1826 5666 τὴν

248 5689 362 5744 τῶν
403 5689 646 5760 οὐρανῶν
710 5685 849 5743 εἶναι
895 5687 1194 5758 βασιλείαν.
1246 5687 1390 5756 Πρὸς
1429 5686 1640 5750 τούτοις
1673 5687 1823 5756 ἠξίου

253 5781 476 5852 μηδένα,
519 5783 713 5851 λέγων,
752 5781 849 5852 τὴν
879 5779 1074 5834 ἐαυτοῦ
1124 5780 1442 5854 ἐκκλησίαν,
1478 5781 1616 5854 ἐμὴν
1642 5783 1819 5853 χάριν,

1934 4946 2252 5002 criminibus
2281 4947 2552 5002 obnoxius
2598 4947 2959 5020 Theophilus,
2997 4959 3054 5005 et
3093 4951 3290 5006 deinde
3320 4951 3512 5006 adesse

1929 5041 2114 5111 jussus
2142 5049 2197 5095 ct
2225 5039 2454 5095 reddere
2511 5041 2800 5108 rationem,
2854 5051 2962 5096 tam
3012 5049 3236 5114 repente
3292 5057 3508 5107 eorum,

1937 5147 2030 5218 qni
2079 5164 2256 5204 rerum
2307 5149 2675 5220 potiebantur,
2742 5149 2954 5207 animos
3005 5153 3242 5222 potuerit
3294 5169 3509 5226 capere,

1937 5252 1996 5296 ut
2049 5256 2158 5295 non
2201 5241 2378 5296 solum
2435 5242 2502 5296 de
2559 5242 2674 5297 suis
2726 5258 2945 5299 causam
2997 5260 3108 5300 non
3153 5245 3378 5312 diceret,
3415 5247 3512 5302 sed

1933 5335 2162 5390 aliorum
2213 5335 2377 5390 etiam
2436 5335 2829 5406 propemodum
2874 5349 3020 5395 esset
3070 5340 3256 5410 judex,
3309 5340 3511 5396 indicta

1931 5426 1999 5481 ab
2051 5427 2134 5482 eis
2197 5427 2422 5482 omnino
2473 5442 2690 5482 causa:
2759 5427 2958 5484 deinde
3017 5431 3370 5490 hortabatur,
3437 5446 3508 5484 ne

1929 5523 2114 5572 essent
2156 5530 2324 5586 parvo
2372 5524 2427 5570 et
2459 5517 2673 5586 abjecto
2701 5518 2906 5584 animo,
2957 5531 3060 5574 nec
3115 5519 3331 5574 tristitia
3385 5519 3504 5573 alli-

1933 5616 2209 5671 cerentur,
2271 5621 2340 5662 ne
2397 5609 2518 5672 hoc,
2555 5609 2700 5678 quod
2732 5619 2879 5678 ,erat
2923 5625 3183 5680 praesens,
3231 5611 3508 5682 quidpiam

1933 5713 2186 5768 magnum
2222 5712 2342 5752 esse
2367 5698 2653 5765 ducerent,
2683 5701 2988 5770 cogitantes
3023 5700 3163 5770 quod
3194 5717 3290 5772 per
3310 5703 3507 5759 multas

1931 5790 2252 5846 amictioncs
2285 5791 2353 5847 sit
2390 5792 2702 5848 intrandum
2747 5808 2970 5863 regnum
3015 5793 3278 5849 caelorum
3331 5795 3400 5851 ab
3437 5795 3504 5851 iis
