3834 6486
320 315 465 379 31107

1614 311 1899 372 MENSIS
1937 311 2397 373 JANUARIUS.

3461 314 3624 383 1168

325 439 419 509 qui
478 438 655 509 ipsum
720 437 955 506 diligunt
1002 437 1067 490 ".
1115 434 1320 491 Deinde
1366 433 1612 504 rogabat,
1668 448 1738 488 ne
1791 431 1906 502 quis

2017 433 2334 488 ἀπολιπεῖν·
2368 433 2483 487 ἀλλ’
2515 434 2568 488 εί
2605 434 2656 488 τί
2681 451 2773 504 μοι
2811 432 2906 489 καὶ
2949 436 3269 508 χαρίζεσθαι
3317 435 3624 508 βούλεσθε,

323 546 424 587 sua
457 545 619 586 causa
651 530 810 586 vellet
861 545 1015 585 suam
1071 528 1378 598 relinquere
1429 525 1761 580 ecclesiam:
1803 523 1912 580 Sed

327 625 373 679 si
407 623 573 679 vultis
602 622 755 687 mihi,
792 623 992 687 aiebat,
1037 619 1345 693 gratiﬁcari,
1378 625 1708 673 mementote
1738 615 1911 672 nostri

247 701 256 710 ’
324 717 385 769 in
412 713 608 769 vestris
640 712 998 767 orationibus.
1040 710 1167 766 Haec
1209 708 1420 772 dicens,
1452 715 1741 777 postquam
1775 704 1912 759 vidit

325 820 422 862 eos
444 804 588 861 vinci
619 803 890 876 lacrymis,
944 801 1234 858 ecclesiam
1294 808 1500 862 autem,
1543 808 1602 852 ut
1631 795 1803 867 magis
1839 795 1909 850 ita

322 899 525 962 dicam,
546 896 765 963 deﬂere,
813 910 910 952 eos
941 893 1222 951 recreabat
1252 890 1589 962 spiritaliter,
1623 897 1680 944 et
1731 888 1910 943 indice

323 989 563 1046 sinistra:
586 1003 782 1044 manus
804 987 980 1042 volam
1027 984 1271 1056 pulsans,
1315 992 1375 1037 ut
1414 978 1622 1036 solebat
1650 978 1829 1036 facere
1855 979 1909 1033 in

312 1079 686 1136 curis-animi:
708 1078 874 1142 Satis,
893 1075 1090 1146 inquit,
1113 1072 1584 1128 lamentationum.
1605 1068 1744 1135 Quid
1763 1067 1908 1122 enim

320 1173 494 1228 vultis
517 1187 612 1228 cor
633 1170 766 1225 mihi
797 1169 1048 1241 frangere
1073 1167 1096 1221 ί
1126 1165 1233 1221 Sed
1266 1164 1469 1229 videte,
1495 1160 1565 1215 ne
1591 1157 1910 1230 relinquatis

320 1264 605 1329 ecclesias,
662 1263 764 1317 hoc
789 1261 957 1325 enim,
984 1260 1125 1316 sicut
1158 1257 1309 1329 prius
1335 1256 1466 1318 dixi,
1500 1254 1623 1309 volo
1652 1268 1683 1307 a
1732 1251 1906 1312 vobis,

323 1358 370 1412 si
423 1355 555 1426 quid
605 1354 770 1419 aliud,
814 1352 950 1408 ﬁeri.
983 1351 1118 1408 Cum
1149 1359 1330 1405 autem
1363 1347 1589 1404 dixisset
1638 1342 1856 1414 quidam
1890 1358 1903 1394 :

325 1445 434 1501 Sed
460 1460 688 1502 necesse
732 1453 816 1499 est
857 1458 960 1498 nos
1011 1449 1299 1496 manentes
1337 1439 1392 1493 in
1437 1436 1702 1501 ecclesiis,
1753 1431 1906 1490 com-

324 1539 606 1594 municare
629 1553 752 1592 cum
783 1533 1192 1590 insidiatoribus
1214 1539 1269 1586 et
1301 1531 1431 1586 dare
1461 1542 1683 1583 manum
1713 1525 1907 1580 iisdem

323 1630 852 1702 subscriptionibus;
884 1627 1077 1684 beatus
1103 1635 1283 1680 autem
1309 1623 1561 1693 protinus
1587 1639 1601 1675 :
1636 1619 1744 1674 Sed
1777 1633 1905 1689 per-

324 1723 481 1778 mitto
509 1723 750 1792 quidem,
789 1720 984 1790 inquit,
1041 1725 1101 1773 ut
1153 1714 1547 1780 communices,
1597 1721 1650 1768 te
1680 1710 1906 1766 omnino

2014 525 2174 578 τοῦτο
2199 521 2337 578 εἶναι
2368 525 2462 580 καὶ
2485 524 2545 578 τὸ
2577 525 2937 597 μνημονεύειν
2989 528 3146 598 ἡμῶν
3191 531 3249 582 ἐν
3283 533 3404 595 ταῖς
3433 550 3624 603 προσ-

2013 620 2223 688 ευχαῖς.
2273 617 2358 680 Ὠς
2389 617 2448 670 δὲ
2476 614 2622 685 ἐώρα
2655 620 3053 690 συγχεομένους
3077 625 3190 686 τοῖς
3218 623 3470 695 δάκρυσι,
3499 625 3622 696 τὴν

2027 709 2354 779 Ἐκκλησίαν
2379 709 2436 762 δὲ
2466 711 2667 779 μᾶλλον
2685 712 2858 764 εἰπεῖν
2895 713 3356 786 ἀποδυρομένους,
3399 736 3624 790 πατρι-

2014 803 2127 867 κῶς
2149 801 2515 872 ἁνελάμῦανε,
2541 803 2634 856 καὶ
2660 801 2737 873 τῷ
2761 804 2966 874 λιχανῷ
2998 805 3245 875 δακτύλῳ
3270 809 3367 862 τὸν
3395 794 3621 878 ταρσὸν

2012 895 2112 963 τῆς
2145 895 2442 967 ἀριστερᾶς
2473 894 2655 967 χειρὸς
2689 896 3002 949 ἐπικόπτων
3045 897 3208 967 (οὕτω
3241 899 3350 970 γὰρ
3379 902 3438 953 ἐν
3473 903 3622 964 ταῖς

2013 984 2106 1037 ἐπ)⁵
2140 985 2262 1038 νοῦν
2289 985 2568 1054 φροντίσιν
2591 983 2771 1038 εἰώθει
2819 986 3036 1055 ποιεῖν),
3089 987 3266 1054 Ἅλις,
3298 986 3441 1055 εἷπε,
3487 982 3620 1044 τῶν

2014 1074 2261 1145 θρήνων
2297 1075 2351 1127 τί
2383 1092 2486 1145 μου
2517 1075 2880 1147 συνθρύπτειν
2910 1076 3164 1147 βούλεσθε
3197 1079 3296 1149 τὴν
3327 1081 3612 1150 καρδίαν;

2012 1165 2127 1218 ἀλλ’
2160 1168 2310 1230 ὅπως
2332 1167 2430 1230 τὰς
2484 1167 2784 1240 ἐκκλησίας
2819 1169 2894 1239 μὴ
2931 1168 3236 1239 ἀπολίπητε
3263 1188 3275 1200 ·
3301 1169 3462 1225 τοῦτο
3485 1173 3616 1243 γὰρ

2015 1258 2143 1328 ὑμῖν
2189 1257 2282 1310 καὶ
2343 1259 2610 1330 πρότερον
2641 1259 2800 1330 ἔφην.
2856 1259 3114 1324 Εἰπόντος
3159 1261 3214 1314 δέ
3241 1279 3408 1327 τινος,
3452 1263 3615 1317 Ἀλλ’

2012 1349 2226 1420 ἀνάγκη
2253 1351 2372 1412 ταῖς
2399 1349 2718 1420 ἐκκλησίαις
2744 1351 3102 1422 ἐπιμένοντας
3140 1354 3289 1423 ἡμᾶς
3329 1335 3613 1426 κανωνῗῆο

2013 1457 2104 1494 σαι
2137 1442 2251 1505 τοῖς
2300 1439 2613 1504 ἐπιϐούλοις
2668 1438 2904 1505 τούτοις,
2948 1442 3042 1494 καὶ
3074 1442 3232 1510 χεῖρα
3260 1440 3447 1494 δοῦναι
3475 1445 3613 1504 ταῖς

2011 1533 2155 1597 ῐσαις
2185 1533 2556 1603 ύπογραφαῖς-
2587 1532 2678 1588 τὸν
2698 1533 2972 1604 μακάριον
3001 1533 3188 1597 εὐθὺς,
3212 1534 3375 1587 Ἀλλὰ
3404 1551 3614 1587 κοινω-

2011 1627 2174 1697 νῆσαι
2209 1627 2329 1697 μὲν,
2365 1627 2562 1693 εἰπεῖν,
2597 1626 2881 1698 ἐπιτρέπω
2911 1627 3072 1698 χάριν
3109 1625 3204 1680 τοῦ
3249 1628 3324 1698 μὴ
3366 1627 3614 1697 σχίσμα-

2008 1737 2101 1782 τος
2140 1720 2286 1790 ὑμᾶς
2341 1720 2548 1782 αἰτίους
2594 1721 2936 1791 καταστῆναι
2969 1723 3035 1792 τῇ
3089 1720 3406 1792 Ἐκκλησία,
3459 1722 3610 1774 ὕπο-

322 1815 601 1871 abstinens
653 1814 718 1870 ab
774 1811 1024 1868 ecclesiae
1080 1809 1501 1874 schismatihus,
1559 1820 1904 1876 nequaquam

2008 1810 2218 1883 γράψαι
2269 1810 2326 1864 δὲ
2375 1811 2650 1881 οὐδαμῶς.
2717 1811 2944 1866 Σύνοιδα
2997 1812 3106 1885 γὰρ
3166 1813 3317 1866 οὐδὲν
3371 1811 3610 1884 ἐμαυτῷ

322 1915 506 1962 autem
535 1903 869 1969 subscribas,
894 1902 1098 1957 nullius
1129 1901 1276 1956 enim
1315 1900 1393 1956 rei
1434 1899 1570 1954 mihi
1609 1914 1732 1954 sum
1781 1912 1903 1952 om-

317 2001 457 2056 nino
481 1999 760 2063 conscius,
786 2010 882 2051 cur
915 1995 1176 2064 deponar.
1206 1992 1344 2048 Cum
1377 1991 1412 2046 ii
1438 1991 1518 2047 sic
1543 1979 1906 2045 communiter

323 2097 788 2166 colloquerentur,
823 2091 1092 2146 accedunt
1121 2087 1342 2159 quidam
1373 2084 1671 2140 alIerentes
1698 2082 1906 2136 litteras

323 2207 355 2246 a
383 2187 706 2258 TheOphilo,
737 2198 971 2255 quarum
1000 2190 1117 2237 erat
1149 2178 1473 2249 inscriptio:
1511 2177 1710 2231 Sancta
1745 2189 1906 2245 syno-

324 2283 428 2338 dus
485 2281 596 2353 (3'2)
661 2278 717 2333 in
773 2274 990 2344 Quercu
1047 2282 1391 2345 congregata,
1454 2268 1692 2323 Joanni:
1752 2267 1904 2320 illum

324 2373 544 2445 quidem
594 2369 731 2425 adeo
779 2366 923 2422 nude
974 2375 1033 2422 et
1068 2372 1175 2418 tam
1209 2361 1589 2436 ignominiose,
1616 2366 1678 2413 ut
1709 2372 1778 2412 ne
1807 2371 1906 2410 no-

325 2479 452 2521 men
498 2462 718 2534 quidem
761 2459 960 2516 darent
1003 2457 1266 2529 episc0pi,
1295 2469 1448 2509 suam
1486 2460 1670 2507 autem
1718 2463 1904 2505 revera

328 2555 632 2626 improbam
669 2565 1021 2624 synagogam,
1048 2555 1310 2604 vocantes
1335 2552 1576 2600 sanctam
1611 2541 1901 2610 synodum.

328 2647 666 2703 Videbantur
692 2645 838 2700 enim
865 2657 991 2698 eum
1023 2640 1419 2696 condemnasse
1445 2635 1528 2692 vel
1554 2644 1683 2690 ante
1705 2633 1904 2688 dictam

327 2755 572 2804 causam,
612 2737 845 2792 infames
906 2734 1117 2791 scilicet
1167 2743 1222 2789 et
1268 2729 1586 2787 exsecrandi
1639 2743 1788 2792 eum,
1846 2726 1905 2781 in

326 2849 490 2905 quem
549 2845 662 2886 non
711 2829 855 2884 cadit
909 2824 1307 2898 reprehensio,
1360 2830 1552 2892 estque
1618 2834 1789 2892 purus
1850 2824 1906 2872 et

326 2925 584 2984 mundus.
634 2923 908 2989 Quidnam
955 2929 1139 2976 autem
1169 2917 1527 2992 continebant
1557 2930 1637 2970 eae
1669 2913 1906 2968 litterae?

327 3023 562 3079 Libellos
589 3019 922 3090 accepimus,
953 3016 1045 3087 qui
1079 3027 1237 3072 erant
1269 3014 1415 3085 pleni
1473 3011 1660 3068 multis
1713 3019 1905 3065 contra

325 3125 382 3170 te
431 3111 894 3168 accusationibus.
945 3110 1171 3180 Oportet
1225 3122 1355 3178 ergo
1404 3115 1458 3160 te
1488 3104 1694 3170 venire,
1728 3105 1796 3159 de
1823 3104 1906 3160 eis

328 3166 670 3260 reddi—turum
715 3166 1010 3255 rationem:
1037 3199 1119 3253 Ad
1181 3166 1317 3252 hate"
1349 3195 1556 3252 Christi
1607 3166 1906 3266 discipulus
1931 3166 1975 3226 ο

325 3307 383 3355 et
437 3296 657 3351 imitans
707 3293 855 3349 illius
902 3291 1404 3358 mansuetudinem,
1461 3299 1572 3345 tres
1619 3289 1907 3361 episcopos

328 3406 452 3447 cum
481 3389 694 3445 duobus
724 3387 1055 3458 presbyteris
1112 3385 1278 3440 mittit
1330 3384 1401 3439 ad
1451 3398 1564 3448 eos,
1599 3382 1780 3454 ipsum
1807 3383 1906 3438 de.-

325 3483 603 3546 l'ensuros,
653 3480 794 3535 sicut
843 3478 946 3535 ille
1001 3477 1116 3548 ipse
1170 3477 1364 3534 scribit
1418 3476 1473 3532 in
1519 3476 1746 3547 epistola
1793 3475 1903 3545 (55)

324 3571 393 3626 ad
431 3569 809 3625 Innocentium
851 3567 922 3639 (is
956 3577 1140 3623 autem
1192 3576 1309 3623 erat
1354 3567 1659 3639 patriarcha
1707 3567 1908 3623 Roma-

326 3664 474 3732 nus),
506 3663 751 3717 Misimus
786 3661 854 3716 ad
905 3660 1105 3732 ipsum,
1153 3659 1364 3725 dicens,
1418 3661 1734 3732 episcopum
1773 3659 1907 3716 Pes-

325 3756 564 3810 sinuntis
617 3754 971 3818 Demetrium,
1021 3752 1278 3822 Apamea:
1318 3750 1621 3824 Eulysium,
1653 3759 1707 3807 et
1741 3751 1907 3823 Apia-

325 3861 433 3901 reae
463 3845 785 3915 Lucipinum
813 3845 956 3917 (54);
990 3843 1540 3915 presbyterosautem
1570 3842 1905 3900 Germanum

327 3946 382 3994 et
417 3937 704 4002 Severum,
747 3951 874 3991 cum
925 3949 1012 4001 ea,
1061 3949 1169 4004 qua
1217 3949 1318 3990 nos
1357 3936 1666 4006 oportebat,
1718 3938 1908 3992 mode-

326 4028 540 4082 ratione
570 4025 986 4096 respondentcs,
1015 4034 1071 4080 et
1095 4026 1340 4082 dicentes
1367 4041 1472 4082 nos
1507 4041 1619 4082 non
1653 4042 1908 4085 recusare

321 4117 612 4190 judicium,
643 4117 737 4173 sed
777 4113 1025 4188 apertum
1056 4117 1336 4172 inimicum
1357 4127 1412 4174 et
1437 4118 1649 4174 hostem
1678 4121 1910 4176 manife-

326 4220 496 4266 stum.
527 4207 630 4275 Qui
655 4208 803 4264 enim
830 4209 1079 4264 nondum
1105 4209 1319 4266 libellos
1349 4219 1662 4281 acceperat,
1697 4221 1752 4268 et
1782 4213 1907 4268 talia

325 4303 396 4359 ab
461 4302 616 4358 initio
663 4301 891 4370 fecerat,
939 4311 995 4358 et
1026 4319 1086 4359 se
1111 4303 1180 4359 ab
1212 4303 1471 4360 Ecclesiae
1519 4306 1907 4363 communione

325 4405 380 4452 et
433 4395 747 4466 precatione
813 4395 1136 4463 abscnderat,
1184 4404 1530 4453 accusatores
1586 4399 1904 4466 adornabat,

2011 1903 2387 1969 καθαιρέσεως
2458 1904 2631 1968 ἄξιον.
2721 1904 2941 1959 Τούτων
2987 1905 3130 1958 οὕτω
3191 1905 3609 1976 διαλεγομένων

2009 1995 2404 2068 προσέρχονταί
2433 2013 2580 2058 τινες
2617 1995 2919 2067 γράμματα
2959 1997 3109 2067 παρὰ
3140 1996 3397 2066 Θεοφίλου
3430 1999 3606 2067 κομί-

2009 2087 2216 2152 ζοντες,
2247 2080 2378 2160 ὧνὴ
2411 2088 2713 2160 ἐπιγραφὴ,
2755 2088 2822 2142 Ἠ
2841 2088 2974 2158 ἁγία
3004 2089 3220 2152 σύνοδος
3251 2091 3282 2160 ή
3317 2091 3407 2143 ἐπὶ
3449 2089 3605 2160 Δρῦν

2009 2181 2462 2252 συναθροισθεῖσα
2485 2181 2566 2253 τῷ
2607 2181 2849 2254 Ἰωάννῃ,
2884 2181 3054 2251 ψιλῶς
3081 2181 3224 2236 οὕτω
3263 2183 3358 2235 καὶ
3379 2183 3604 2252 ἀτίμως

2005 2275 2168 2330 αὐτὸν
2188 2274 2552 2345 ὀνομάζουσα,
2612 2275 2708 2328 καὶ
2742 2274 2878 2345 μηδὲ
2911 2272 3212 2326 ἐπίσκοπον
3247 2272 3472 2340 ἀξιοῦσα
3492 2291 3600 2326 κα-

2006 2367 2141 2422 λεῖν.
2187 2365 2484 2439 Ἐᾠκεισαν
2532 2367 2643 2438 γάρ
2697 2365 3022 2437 καθαίρεσιν
3061 2365 3229 2419 αὑτοῦ
3280 2367 3599 2436 καταψηφί-

2006 2461 2204 2516 σασθαι
2238 2461 2332 2515 καὶ
2367 2459 2473 2531 πρὸ
2503 2459 2805 2528 ἐξετάσεως
2837 2459 2930 2515 τοῦ
2957 2459 3202 2531 ἀλήπτου
3226 2461 3320 2513 καὶ
3347 2458 3597 2530 καθαροῦ

2005 2554 2055 2607 οἰ
2072 2553 2494 2625 ἐπίρρητοι,καί
2521 2553 2910 2616 κατάπτυστοι,
2932 2553 3027 2606 καὶ
3047 2551 3255 2622 μυρίων
3275 2551 3601 2621 ἀναπεπληο

2007 2646 2193 2718 σμένοι
2225 2647 2433 2700 κακῶν.
2452 2645 2549 2709 Τίς
2580 2645 2636 2698 δὲ
2663 2646 2756 2698 καὶ
2778 2647 2812 2717 ή
2830 2645 2938 2698 τῶν
2965 2645 3302 2716 ἐγκειμένων
3318 2646 3550 2714 δύναμις
3575 2661 3593 2710 ;

2005 2739 2294 2803 Λιὸέλλους
2312 2738 2613 2809 ἐδεξάμεθα
2639 2737 2779 2792 κατὰ
2801 2736 2895 2791 σοῦ
2918 2737 3126 2790 πολλῶν
3151 2739 3309 2801 ὄντας
3327 2738 3596 2807 αἰτιαμά-

2005 2851 2114 2887 των
2135 2831 2388 2903 μεστούς.
2412 2832 2532 2902 Χρὴ
2559 2829 2652 2883 οῦν
2681 2830 2992 2901 ἀπαντῆσαί
3035 2846 3094 2882 σε
3124 2829 3216 2882 τὸν
3244 2830 3380 2900 ὑπὲρ
3406 2831 3594 2882 αὐτῶν

2007 2926 2270 2994 ὑφέξοντα
2297 2924 2474 2993 λόγονι
2509 2923 2650 2994 Πρὸς
2674 2922 2847 2977 ταῦτα
2871 2925 2898 2975 ὁ
2926 2921 3164 2994 Χριστοῦ
3198 2922 3466 2993 μαθητὴς,
3493 2925 3591 2975 καὶ

2006 3017 2106 3089 τὴν
2145 3017 2358 3070 ἐκείνου
2389 3014 2572 3087 ζηλῶν
2598 3015 2922 3080 ἐπιείκειαν,
2961 3017 3111 3085 τρεῖς
3143 3015 3250 3068 τῶν
3274 3015 3592 3068 ἐπισκόπων

2008 3106 2396 3174 ἐξαποστείλας
2419 3107 2535 3177 ἅμα
2553 3106 2700 3160 δυοῖν
2727 3105 3137 3178 πρεσϐυτέροιν,
3161 3105 3237 3170 ὡς
3258 3106 3418 3169 αὐτὸς
3450 3109 3590 3159 ἐκεῑο

2007 3219 2097 3266 νος
2117 3204 2181 3256 ἐν
2192 3203 2258 3272 τῇ
2276 3201 2411 3272 πρὸς
2441 3200 2790 3253 Ἰννοκέντιον
2807 3198 3084 3270 ἐπιστολῇ,
3117 3197 3588 3269 Ἀπεστάλκαμεν,

2007 3293 2165 3364 φησὶ,
2190 3291 2326 3362 πρὸς
2349 3289 2514 3344 αὐτὸν
2561 3288 2861 3342 ἐπίσκοπον
2897 3288 2988 3341 τὸν
3026 3287 3372 3354 Πισινοῦντος
3400 3291 3590 3360 Δημή-

2007 3402 2181 3453 τριον.
2209 3384 2305 3438 τδν.
2335 3382 2644 3454 Ἀπαμείας
2683 3381 2965 3448 Εὐλύσιον,
2995 3382 3090 3436 καὶ
3120 3382 3212 3436 τὸν
3259 3383 3591 3450 Ἀππιαρίας

2007 3477 2337 3539 Λουπικῖνον
2353 3489 2368 3504 ·
2384 3474 2790 3546 πρεσϐυτέρους
2813 3474 2870 3526 δὲ
2914 3473 3197 3544 Γερμανδν
3215 3477 3309 3528 καὶ
3327 3475 3586 3548 ἓΰῆρον,

2011 3569 2153 3642 μετὰ
2201 3569 2304 3636 τῆς
2346 3567 2730 3638 προσηκούσης
2759 3568 2894 3638 ἡμῖν
2937 3566 3238 3628 ἐπιεικείας
3285 3567 3587 3639 ἀποκρινό-

2012 3679 2166 3734 μενοι
2217 3663 2312 3715 καὶ
2347 3661 2620 3729 λέγοντες,
2661 3661 2735 3731 μὴ
2788 3659 3177 3731 παραιτεῖσθαι
3223 3661 3426 3732 κρίσιν,
3470 3661 3589 3715 ἀλλ’

2009 3754 2205 3825 ἐχθρὸν
2245 3753 2515 3825 πρόδηλον
2570 3753 2663 3806 καὶ
2727 3752 2990 3822 πολέμιον
3048 3755 3302 3824 φανερόν.
3363 3754 3422 3807 Ὀ
3477 3756 3588 3825 γὰρ

2011 3848 2239 3920 μηδέπω
2268 3845 2549 3908 λιϐέλλους
2585 3845 2902 3916 δεξάμενος,
2932 3846 3028 3898 καὶ
3048 3846 3267 3920 τοιαῦτα
3306 3849 3370 3901 ἐκ
3398 3865 3588 3918 προοι-

2012 3942 2152 4013 μίων
2194 3940 2450 4012 ποιήσας,
2502 3937 2599 3992 καὶ
2647 3939 2967 4010 ἀπορρήξας
3019 3939 3582 4011 ἐαυτὸνἙκκλησίας,

2009 4032 2329 4098 κοινωνίας,
2393 4030 2591 4101 εὐχῆς,
2642 4031 2738 4084 καὶ
2792 4031 3133 4102 κατηγόρους
3183 4031 3452 4100 ἀλείφων,
3494 4034 3587 4086 καὶ

2009 4125 2211 4196 κλῆρον
2254 4122 2538 4195 μεθιστὰς,
2588 4124 2683 4176 καὶ
2721 4123 3017 4193 ἐκκλησίας
3069 4124 3313 4195 ὲρημῶν,
3354 4124 3470 4189 πῶς
3519 4125 3585 4179 ἂν

2007 4215 2042 4295 ᾗ
2087 4218 2298 4282 δίκαιος
2341 4216 2436 4269 ἐπὶ
2488 4215 2581 4270 τὸν
2625 4214 2721 4268 τοῦ
2767 4213 3024 4269 δικαστοῦ
3048 4215 3235 4286 θρόνον
3273 4217 3586 4271 αναὸαίνειν

2007 4311 2305 4382 οὐδαμόθεν
2339 4309 2488 4380 αὐτῷ
2544 4309 2928 4380 προσήκοντας
2970 4309 3103 4362 Οὐδὲ
3137 4311 3244 4379 γὰρ
3295 4309 3584 4363 ἀκόλουθον

2006 4399 2076 4476 ἦν
2099 4403 2188 4458 τὸν
2218 4402 2274 4468 ἐξ
2309 4400 2586 4471 Αἰγύπτου
2611 4403 2724 4464 τοῖς
2748 4402 2807 4454 ἐν
2845 4401 3035 4473 Θρᾴκῃ
3076 4401 3340 4467 δικάζειν,
3377 4406 3468 4456 καὶ
3494 4405 3584 4457 τὸν

304 4489 532 4544 elerum
578 4487 1005 4554 transmovebat,
1056 4495 1112 4543 et
1167 4487 1413 4542 desertas
1455 4488 1715 4543 reddebat
1738 4489 1906 4544 eccle-

2012 4497 2312 4552 ὑπεύθυνον
2360 4495 2567 4557 αἰτίαις
2617 4494 2745 4548 δντα
2793 4496 2888 4547 καὶ
2930 4494 3125 4566 ἐχθρὸν
3171 4497 3268 4549 καὶ
3307 4498 3580 4568 πολέμιον.

323 4581 481 4637 sias:
521 4581 795 4652 quomodo
824 4580 871 4637 is
909 4582 1034 4652 jure
1081 4581 1322 4651 potuerit
1373 4581 1671 4636 ascendere
1717 4583 1903 4636 sedem

322 4674 542 4744 iudicis,
575 4689 696 4744 qum
734 4673 801 4728 ad
828 4689 954 4728 eum
983 4673 1205 4728 minime
1233 4673 1510 4743 pertinet?
1538 4671 1726 4743 Neque
1756 4676 1902 4728 enim

325 4774 443 4821 erat
479 4775 934 4833 consentaneum,
997 4774 1058 4820 ut
1109 4765 1201 4835 qui
1249 4781 1312 4820 ex
1351 4764 1584 4836 IEgypto
1622 4771 1740 4819 erat
1775 4780 1903 4834 pro-

325 4858 522 4918 l‘ectus,
555 4867 701 4913 esset
732 4858 900 4929 judcx
946 4857 1033 4922 iis,
1087 4859 1180 4927 qui
1234 4867 1390 4912 erant
1454 4858 1508 4910 in
1562 4855 1817 4922 Thracia,
1856 4867 1911 4912 et

325 4951 418 5020 qui
460 4951 574 5019 ipse
596 4959 712 5004 erat
739 4965 865 5004 reus
889 4948 1170 5018 hostisque
1197 4959 1252 5003 et
1272 4949 1550 5003 inimicus.
1582 4946 1690 5003 Sed
1727 4957 1909 5003 tamen

326 5041 464 5098 nihil
501 5043 711 5096 ’horum
771 5041 1060 5106 reveritus,
1118 5039 1214 5095 sed
1267 5039 1495 5108 implere
1533 5041 1760 5096 studens
1819 5056 1905 5108 ea,

326 5150 449 5207 quae
474 5142 761 5199 statuerat,
817 5149 940 5189 cum
989 5147 1091 5188 nos
1146 5133 1605 5205 signiﬁcassemus
1668 5149 1787 5190 esse
1812 5149 1908 5204 pa-

328 5236 478 5282 ratos
517 5225 727 5282 diluere
753 5227 984 5283 crimina
1007 5229 1093 5284 vel
1121 5229 1267 5283 mille
1305 5237 1360 5284 et
1401 5238 1618 5284 centum
1670 5243 1910 5300 prasen-

327 5319 473 5376 tibus
501 5319 796 5392 episcopis,
823 5328 879 5375 et
908 5337 1009 5379 nos
1038 5340 1204 5396 puros
1253 5334 1376 5380 esse
1426 5325 1738 5393 ostendere,
1767 5324 1909 5381 sicut

396 5484 444 5522 ⁸⁸
468 5486 588 5543 Act.
634 5502 745 5552 κεν,
775 5485 868 5542 τι.

397 5645 508 5715 (52)
541 5643 792 5720 Synodus
844 5661 992 5720 anno
1015 5647 1121 5702 405
1146 5665 1173 5720 a
1207 5647 1457 5720 Theoph.
1492 5659 1902 5720 congregatur;

327 5716 392 5792 .ul
421 5715 596 5784 quam
615 5717 813 5792 citetur
835 5715 1072 5792 Joannes
1096 5719 1309 5792 Chrys.
1337 5715 1410 5774 lie
1453 5721 1552 5774 hac
1587 5715 1796 5792 synodo
1837 5722 1901 5774 ad

329 5788 600 5854 Qucrcum
647 5786 852 5857 habita,
881 5787 1004 5849 vide
1054 5800 1184 5847 tom.
1211 5786 1243 5845 ‘l
1275 5791 1430 5847 Couc.
1459 5808 1577 5861 gen.
1611 5786 1713 5847 sub
1736 5793 1903 5847 inno-

2021 4587 2161 4643 Ἀλλ’
2189 4589 2337 4658 ὅμως
2368 4586 2521 4639 οὐδὲν
2571 4585 2777 4638 τούτων
2815 4586 3115 4654 αἰδεσθεὶς,
3163 4589 3280 4642 ἀλλ’
3320 4590 3463 4660 ᾶπερ
3493 4590 3584 4660 βε-

2012 4680 2303 4746 ϐούλευτο,
2351 4677 2638 4751 πληρῶσαι
2683 4680 3177 4748 κατεπειγόμενος,
3225 4681 3381 4752 ήμῶν
3417 4681 3585 4751 δηλω-

2012 4773 2220 4827 σάντων
2243 4772 2324 4824 ὅτι
2357 4770 2566 4840 ἕτοιμοι
2595 4769 2688 4822 καὶ
2714 4771 2910 4823 ’ἐκατὺν
2935 4772 3029 4824 καὶ
3057 4771 3243 4842 χιλίων
3273 4774 3583 4826 ἐπισκόπων

2007 4863 2294 4935 παρόντων
2349 4860 2724 4916 ἀποδύσασθαι
2780 4862 2852 4915 τὰ
2897 4861 3229 4934 ἐγκλήματα
3273 4867 3367 4919 καὶ
3415 4866 3581 4933 δεῖξαι

2005 4955 2280 5026 καθαροὺς
2310 4954 2468 5016 ὕντας
2492 4954 2739 5021 ἑαυτοὺς,
2770 4954 2960 5024 ὥσπερ
2991 4953 3083 5008 οῦν
3129 4956 3226 5010 καὶ
3268 4958 3454 5029 ἐσμὲν,
3486 4959 3582 5011 οὐκ

2007 5049 2285 5119 ἠνέσχετο,
2341 5046 2457 5100 ἀλλ’
2498 5047 2750 5100 ἀπόντων
2785 5047 2945 5117 ἡμῶν
2988 5047 3081 5100 καὶ
3128 5038 3347 5101 σύνοδον
3394 5051 3583 5102 ἐπικα-

2007 5142 2098 5195 λου
2109 5139 2419 5211 μένιι›ν,κα’ί⁸
2438 5139 2617 5212 κρίσιν
2640 5138 3061 5209 ἐπιζητούντων,
3088 5141 3180 5192 καὶ
3197 5140 3303 5193 οὐκ
3327 5141 3581 5210 ἀκρόασιν

2008 5234 2339 5303 φευγόντων,
2372 5233 2486 5287 ἀλλ’
2516 5233 2816 5304 ἀπέχθειαν
2838 5233 3100 5304 ιξανερὰν,
3118 5233 3212 5286 καὶ
3243 5233 3580 5303 κατηγόρους

2011 5325 2254 5399 ἐδέχετο,
2288 5325 2385 5382 καὶ
2428 5327 2556 5391 τοὺς
2594 5325 2728 5397 παρ’
2763 5324 2896 5397 ἐμοῦ
2931 5325 3257 5395 γενομένους
3286 5326 3580 5395 ἀκοινωνίΓ

2011 5649 2307 5794 «litigii;
2340 5719 2568 5794 epistola
2591 5719 2872 5794 Chrys._ad
2912 5720 3290 5776 Innocentium
3325 5720 3542 5790 Papam.

2088 5795 2197 5864 (54)
2233 5792 2314 5848 Al.
2347 5792 2684 5863 Lupicinum.
