3834 6482
250 445 389 511 1163

1236 443 1406 506 VlTA
1454 443 1510 501 S.
1556 440 1876 502 JOANNIS
1913 441 2470 502 CllRYSOSTOMI.

3358 435 3494 499 1171

240 579 365 626 τους
391 561 547 614 ἐλυσε
603 560 698 614 καὶ
754 559 882 631 παρῗ
932 557 1113 611 αὐτῶν
1145 555 1368 609 ἐκείνων
1419 553 1528 607 τῶν
1559 553 1712 628 olim)
1744 553 1809 607 τὰ

1933 569 2060 608 tunc
2083 569 2293 618 sumus,
2327 569 2436 608 non
2486 566 2678 624 passus
2703 559 2786 606 est
2814 570 2826 605 :
2865 551 2958 605 sed
2993 548 3150 605 nobis
3179 545 3500 601 absentibus

239 654 566 724 ἐγκλήματα
621 651 1032 722 διαλυσαμένων
1077 649 1354 711 λιϐέλλους
1385 646 1690 717 ἐλάμϐανε,
1723 647 1816 700 καὶ

241 745 618 815 ὑπομνήματα
655 742 922 816 ἔπραττεν
945 781 959 805 ,
991 743 1134 812 ἅπερ
1167 741 1346 794 πάντα
1393 738 1542 808 παρά
1575 737 1818 791 κανόνων

240 835 566 889 ἀκολουθίαν
597 831 686 906 ἦν.
710 833 872 887 Ἀλλά
907 833 1075 886 ταῦτα
1110 833 1210 903 μὲν
1238 831 1423 886 καὶτὰ
1453 831 1579 901 ἑξῆς
1609 830 1641 902 ἠ
1678 829 1816 901 καλὴ

239 925 466 993 δτέξεισι
493 911 746 996 γλῶττα,
767 926 861 980 καί
888 925 1038 995 παρά
1066 923 1224 978 τοῦτο
1243 925 1305 979 ού
1328 925 1408 978 δεῖ
1434 923 1613 992 λέγειν
1647 925 1814 993 ἡμᾶς,

243 1019 421 1088 παρὸν
445 1018 660 1087 ἐκείνης
689 1015 931 1083 ἀκούειν.
969 1013 1436 1083 Ἀπαγγελθείσης
1467 1012 1522 1066 δὲ
1547 1013 1660 1075 τοῖς
1691 1027 1755 1063 πε
1766 1010 1818 1080 pl.

240 1111 505 1179 Θεόφιλον
556 1112 656 1183 τῆς
706 1109 1025 1178 ἀπολογίας,
1077 1109 1231 1162 αὐτοὶ
1271 1106 1366 1178 τὴν
1399 1107 1656 1177 ἀλήθειαν
1709 1105 1818 1158 τῶν

238 1202 550 1271 εἰρημένων
571 1202 671 1254 οὐκ
707 1203 1044 1270 ἐνεγκόντες,
1071 1194 1193 1252 εἶτα
1227 1197 1370 1252 κατὰ
1404 1196 1511 1252 τῶν
1541 1196 1818 1251 ἀπεσταλ-

245 1295 426 1363 μένων
481 1294 582 1365 τὴν
623 1293 794 1365 ὀργὴν
831 1294 1072 1358 ἐκένουν,
1131 1291 1228 1346 καὶ
1271 1290 1557 1362 λαϐόμενοι
1616 1289 1818 1344 τούτων

240 1382 446 1453 ἔτυψάν
473 1401 531 1436 τε
581 1386 674 1439 καὶ
721 1385 955 1455 χιτῶνας
1003 1383 1180 1437 αὐτῶν
1218 1381 1548 1452 διέρρηξαν·
1595 1379 1731 1452 πρὸς
1762 1379 1819 1434 δέ

242 1477 340 1528 καὶ
383 1476 622 1548 σιδήροις
677 1477 795 1540 ἐνὸς
843 1477 935 1530 τὸν
967 1475 1238 1547 τράχηλον
1275 1473 1622 1544 περιέϐαλον,
1674 1473 1819 1544 ειπερ

244 1567 436 1639 ἔτυχον
459 1571 580 1622 τότε
601 1569 678 1640 τῷ
705 1569 1019 1641 πατριάρχῃ
1043 1568 1581 1638 παρασκευάσαντες.
1608 1567 1680 1619 Οὐ
1714 1564 1819 1637 μὴν

245 1661 378 1714 ἀλλὰ
415 1662 508 1717 καὶ
562 1662 657 1715 τοῦ
707 1661 943 1732 πονηροῦ
974 1660 1146 1730 ταύτῃ
1179 1659 1454 1723 διαθέντος
1504 1660 1683 1713 αὐτῶν
1722 1659 1820 1732 τὴν

243 1754 497 1825 καρδὲαν,
554 1755 648 1807 καὶ
701 1755 914 1823 φυγάδα
960 1752 1148 1807 τοῦτον
1181 1755 1238 1805 ἐν
1269 1753 1467 1826 ἀφαενεῖ
1519 1751 1820 1806 καθιστῶσι

242 1847 424 1915 τόπῳ,
460 1845 526 1899 τὰ
584 1845 779 1916 σίδηρα
832 1847 990 1899 ταυτὶ
1043 1844 1529 1916 περιϐεϐλημένον.
1577 1843 1818 1897 Ἑκείνου

1922 653 1978 700 et
2004 645 2268 716 synodum
2293 645 2695 712 invocantibus,
2715 651 2773 699 et
2790 643 3054 714 judicium
3078 639 3500 712 requirentibus,

1922 746 1978 788 et
2015 751 2121 788 non
2152 735 2487 790 auditionem
2525 735 2883 808 fugientibus,
2925 734 3035 790 sed'
3063 741 3281 803 apertas
3317 731 3502 786 inimi-

1923 827 2101 891 citias,
2136 828 2358 882 admisit
2394 837 2764 892 accusatores,
2812 837 2868 882 et
2911 841 3006 881 eos
3050 824 3144 895 qui
3185 839 3504 879 excommu-

1923 919 2086 973 nicati
2116 934 2144 972 a
2177 933 2265 973 me
2316 917 2555 984 fuerant,
2588 919 2844 985 absolvit,
2877 927 2932 974 et
2957 917 3025 971 ab
3075 916 3142 972 iis
3204 916 3361 987 ipsis,
3412 916 3503 985 qui

1923 1009 2166 1064 nondum
2222 1009 2451 1064 erimina
2523 1010 2817 1074 diluerant,
2875 1008 3086 1080 accepit
3152 1007 3386 1071 libellos,
3449 1017 3506 1062 et

1925 1104 2102 1174 exegit
2167 1104 2636 1160 commentarios:
2689 1120 2810 1174 qua
2861 1103 3078 1174 quidem
3129 1111 3287 1157 erant
3322 1101 3506 1156 omnia

1926 1207 2124 1268 praeter
2145 1212 2415 1251 canonum
2443 1197 2908 1268 consequentiam.
2941 1196 3048 1252 Sed
3103 1197 3220 1252 haec
3264 1194 3506 1267 quidem,

1924 1297 1980 1342 et
2008 1303 2129 1358 quae
2157 1286 2418 1358 deinceps
2448 1297 2770 1358 sequuntur.
2817 1287 3032 1358 egregia
3075 1285 3171 1341 illa
3210 1287 3393 1359 lingua
3421 1302 3510 1342 re—

1925 1389 2149 1434 censet:
2192 1388 2248 1433 et
2287 1379 2410 1434 ideo
2433 1395 2544 1434 non
2572 1395 2710 1450 opus
2740 1389 2843 1444 est,
2887 1388 2946 1434 ut
2992 1395 3054 1434 ea
3095 1395 3196 1434 nos
3241 1379 3506 1444 dicamus,

1925 1487 2049 1526 cum
2079 1471 2223 1526 illam
2254 1471 2445 1526 audire
2490 1472 2670 1527 liceat.
2705 1470 2906 1528 Verum
2940 1473 3084 1526 enim
3127 1486 3258 1527 vero
3303 1487 3510 1526 renun-

1927 1564 2059 1618 tiata
2111 1564 2438 1620 defensione
2500 1565 2591 1631 iis,
2647 1565 2738 1636 qui
2789 1574 2947 1620 erant
3008 1579 3132 1619 cum
3181 1563 3507 1634 TheOpliilo.

1929 1655 2032 1726 ipsi
2058 1673 2166 1711 non
2191 1658 2430 1714 ferentes
2451 1657 2734 1713 veritatem
2767 1672 2982 1723 eorum,
3007 1672 3129 1726 quae
3159 1655 3510 1720 dicebantur,

1931 1749 2226 1820 (quomodo
2270 1750 2438 1814 enim,
2473 1750 2564 1820 qui
2616 1765 2765 1821 spem
2797 1760 3094 1821 posuerant
3137 1748 3514 1812 mendacium...

1928 1850 1989 1895 ut
2025 1841 2100 1896 ait
2129 1841 2325 1896 beatus
2356 1841 2525 1898 Isaias
2551 1843 2618 1906 ",
2651 1849 2706 1896 et
2755 1842 3140 1912 exspectabant
3190 1841 3324 1909 fore,
3357 1851 3416 1896 ut
3443 1857 3509 1898 eo

243 1937 556 2007 τοιγαροῦν,
584 1936 658 2001 ὼς
701 1937 1046 2008 προείρηται,
1082 1936 1279 1999 αὐτοὺς
1323 1937 1442 2005 μὲν,
1469 1935 1564 1990 ἆτε
1598 1936 1824 2007 ἐχθροὺς

1933 1939 2240 2004 tegerentur
2261 1934 2305 2004 ?)
2365 1934 2503 1989 iram
2563 1933 2879 1990 effuderunt
2937 1934 2992 1989 in
3052 1950 3170 2000 eos,
3224 1934 3313 2004 qui
3355 1935 3508 1990 missi

246 2031 442 2098 σαφεῖς
488 2027 651 2092 δντας
687 2026 1150 2096 παραιτουμένου,
1185 2025 1402 2080 σύνοδον
1443 2026 1498 2102 δὲ
1533 2028 1824 2088 κανονικὴν

245 2120 702 2191 ἐπικαλουμένου,
720 2121 771 2174 oi.
790 2121 972 2189 ταχεῖς
995 2110 1136 2188 αἷμα
1161 2119 1373 2190 ἐκχέαι,
1394 2119 1489 2172 κα)⁸
1521 2117 1596 2189 μὴ
1621 2119 1820 2188 παρόνο

243 2229 336 2275 τος
359 2211 494 2283 μηδέ
517 2211 575 2264 τὸ
593 2227 669 2264 πα
677 2211 859 2282 ράπαν
879 2227 929 2263 τι
957 2207 1397 2280 ἀπολογουμένου
1422 2209 1828 2280 καταψηφίζονσ

243 2323 360 2371 ται,
383 2304 559 2375 σαθρά
581 2321 702 2357 τινα
717 2303 859 2370 λίαν,
877 2303 972 2358 τοῦ
993 2304 1286 2373 ἀγγελικοῦ
1313 2305 1666 2366 κατειπόντες
1687 2303 1824 2374 βίου,

246 2394 536 2460 παίζουσιν
565 2396 808 2459 ἐοικότες
835 2395 1036 2466 μᾶλλον
1058 2397 1090 2468 ἢ
1121 2394 1507 2462 σπουδάζουσι,
1528 2396 1624 2450 καὶ
1644 2397 1742 2466 τὴν
1770 2397 1826 2448 ἐν

249 2487 451 2560 μακρῷ
478 2489 654 2559 χρόνῳ
682 2487 1170 2559 διαμελετηθείσαν
1199 2488 1400 2542 κακίαν
1430 2489 1487 2540 ἐν
1517 2488 1618 2559 μιᾷ
1645 2487 1830 2560 ἡμέρᾳ

249 2581 566 2634 συντελέσαι
592 2581 950 2643 σπεύσαντες.
978 2579 1164 2635 Δειλδν
1191 2581 1300 2652 γάρ
1332 2597 1384 2634 τι
1417 2580 1477 2632 τὸ
1506 2579 1699 2648 ψεῦδος
1736 2581 1830 2632 καὶ

245 2672 436 2735 δεινῶς
454 2672 749 2742 εὐπτόητον
769 2686 784 2701 ⁸
807 2672 1000 2741 ἀμέλει
1024 2671 1119 2723 καὶ
1141 2662 1240 2741 τὴν
1264 2671 1460 2739 πρᾶξιν
1483 2669 1830 2740 ἐπιταχύνειν

245 2763 381 2833 οἶδε,
397 2765 594 2834 φεῦγον
610 2764 700 2816 τὸν
731 2763 974 2834 ἔλεγχον.
990 2759 1122 2816 Εἶτα
1147 2762 1481 2832 σκεψάμενοι
1505 2763 1598 2816 καὶ
1626 2764 1718 2816 τὸν
1738 2763 1830 2834 βα-

251 2860 404 2913 σιλέα
431 2863 727 2931 συνήγορον
756 2859 853 2930 τῆς
887 2859 1072 2930 ψήφου
1094 2857 1456 2923 λαϐεῖν,ῶστε
1485 2858 1830 2929 ἰσχυρότερον

251 2950 425 3004 θεῖναι
446 2950 505 3004 τὸ
539 2949 999 3021 σπουδαζόμενον,
1032 2948 1304 3011 συλλαϐὰς
1338 2947 1486 3020 αὐτῷ
1519 2949 1832 3019 πέμπουσιν

249 3043 426 3107 οὕτως
458 3043 714 3114 ἐχούσας
747 3042 974 3115 Ἐπειδῆ
1004 3042 1405 3115 κατηγορηθεὶς
1447 3042 1698 3113 Ἰωάννης
1737 3043 1832 3096 καὶ

255 3133 436 3203 ἐαυτῷ
460 3133 670 3203 χαλεπὰ
707 3132 965 3197 συνειδὼς
990 3133 1126 3188 ἄλλα
1153 3152 1210 3188 τε
1240 3133 1490 3200 πλεῖστα,
1518 3134 1609 3187 καὶ
1635 3134 1716 3188 ὅτι
1737 3133 1832 3187 καὶ

253 3226 636 3291 καθοσιώσεως
681 3226 832 3298 αἰτίᾳ
883 3226 1168 3281 ὑπόκειται
1204 3227 1557 3301 (καθοσίωσιν
1589 3229 1647 3284 δὲ
1681 3227 1826 3284 ἄντι-

251 3336 391 3390 κρυς
424 3319 523 3390 τὴν
549 3319 688 3390 πρὸς
715 3321 816 3389 τὴν
845 3318 1094 3390 βασιλίδα
1119 3319 1384 3393 διαφορὰν
1406 3321 1708 3393 ὠνόμαζον)
1731 3321 1831 3376 οὐκ

251 3411 487 3483 ἠθέλησε
537 3413 674 3484 πρὸς
726 3413 825 3483 τὴν
884 3411 1100 3468 σύνοδον
1137 3413 1467 3484 ἀπαντῆσαι,
1527 3414 1614 3468 διὰ
1659 3411 1832 3467 ταῦτα

256 3504 390 3572 γοῦν
419 3504 514 3558 καὶ
545 3506 684 3559 κατὰ
714 3506 913 3558 κανόνα
951 3505 1051 3577 ἤδη
1081 3504 1359 3579 καθῃρέθη
1378 3521 1394 3537 ⁸
1426 3506 1522 3558 καὶ
1557 3506 1618 3558 τὸ
1646 3504 1830 3559 λειπό-

260 3613 422 3668 μενον
449 3597 600 3652 οὐδὲν
636 3597 842 3669 ἕτερον,
868 3598 900 3669 ἢ
928 3595 1219 3670 ἐπιτρέψαι
1248 3597 1307 3651 τὸ
1338 3597 1601 3669 ὑμέτερον
1631 3601 1831 3667 κράτος

255 3688 354 3741 καὶ
387 3687 589 3742 ἄκοντα
630 3689 820 3743 τοῦτον
849 3691 928 3754 είς
987 3689 1088 3760 τὴν
1137 3690 1436 3760 ὑπερορίαν
1469 3689 1828 3760 ἀπελαθῆναι.

259 3781 446 3837 Ταῦτα
499 3783 608 3836 τῶν
641 3782 823 3836 καλῶν
872 3783 1102 3854 ἱερέων,
1166 3784 1262 3836 καὶ
1317 3781 1558 3854 βραδέων
1614 3781 1713 3853 μὲν
1753 3782 1834 3846 είς

256 3875 430 3946 ὀργὴν
463 3876 790 3944 ὀφειλόντων
823 3870 986 3941 εἶναι,
1023 3874 1232 3944 ταχέων
1258 3874 1315 3928 δὲ
1355 3877 1434 3938 είς
1468 3875 1831 3946 χρηστότητα,

259 3963 336 4022 ὢν
368 3969 419 4020 οί
467 3967 678 4030 ὀδόντες
722 3966 883 4030 ὅπλα,
917 3966 1012 4021 καὶ
1047 3965 1198 4037 βέλη,
1229 3967 1324 4020 καὶ
1356 3967 1390 4038 ἠ
1419 3965 1660 4036 γλῶσσα,
1691 3967 1834 4021 κατὰ

257 4060 322 4112 τὸ
349 4061 491 4114 θεῖον
529 4061 702 4113 εἰπεῖν
727 4059 930 4128 λόγιον,
971 4057 1218 4130 μάχαιρα
1252 4057 1421 4123 ὀξεῖα.
1453 4055 1584 4113 Εἶτα
1619 4059 1835 4132 ἐπιτρέ-

258 4153 464 4221 ψαντος
488 4151 774 4224 ’Δρκαδίου
802 4150 1184 4221 (πεπιστεύκει
1219 4151 1329 4222 γάρ
1354 4151 1428 4215 ὡς
1461 4152 1697 4223 ἱερεῦσιν
1732 4155 1832 4207 αύο

257 4245 398 4310 τοῖς,
435 4243 647 4313 ἀγνοῶν
690 4243 773 4312 ὅτι
811 4243 877 4295 τὰ
933 4242 1118 4314 κρυφῆ
1154 4241 1249 4296 καὶ
1292 4243 1436 4298 κατὰ
1463 4245 1699 4300 διάνοιαν
1738 4246 1836 4317 οὐχ

262 4333 528 4405 ἱερεῦσιν,
569 4333 707 4387 ἀλλὰ
751 4332 1046 4406 ἱεροσύλοις
1081 4333 1283 4406 μᾶλλον
1317 4336 1555 4400 ἐοικότες
1595 4337 1747 4407 εἰσὶ),
1783 4337 1835 4390 τί

263 4427 506 4494 γίνεται,
543 4427 785 4480 Κινείται
820 4426 916 4497 μὲν
949 4426 1094 4491 ἀπας
1119 4428 1148 4481 ό
1172 4427 1364 4498 δῆμος,
1398 4427 1492 4480 καὶ
1526 4429 1606 4493 είς
1633 4429 1836 4500 πολλὴν

260 4519 480 4591 ἀθρόως
516 4520 706 4574 στάσιν
741 4520 1072 4574 ἀνάπτεταηι·
1103 4521 1197 4574 καὶ
1225 4519 1384 4574 τοῦτο
1417 4520 1518 4589 μὲν
1547 4521 1643 4575 τοῦ
1685 4521 1837 4592 βασις

1927 2025 2146 2080 fuerant
2181 2044 2193 2080 :
2237 2041 2442 2097 eosque
2486 2025 2888 2097 apprehensos}
2913 2026 3268 2082 vehementer
3312 2027 3507 2083 verbe~

1927 2129 2137 2186 rarunt,
2172 2129 2228 2174 et
2253 2135 2442 2175 eorum
2478 2120 2693 2174 tunicas
2736 2120 3092 2190 disruperunt
3123 2136 3136 2173 :
3177 2121 3308 2189 quin
3339 2120 3509 2176 etiam

1927 2212 2092 2280 ferro,
2144 2213 2288 2284 quod
2319 2223 2446 2268 tunc
2491 2221 2750 2284 pararant
2780 2213 2832 2266 in
2867 2213 3254 2284 patriarcham,
3307 2211 3510 2268 collum

1926 2305 2092 2363 unius
2144 2305 2620 2361 circumdederunt
2658 2322 2672 2359 :
2709 2305 2840 2375 quin
2867 2305 3030 2360 etiam
3077 2321 3199 2359 cum
3243 2305 3512 2377 malignus

1928 2414 2118 2454 eorum
2146 2400 2306 2455 corda
2331 2400 2410 2454 sic
2433 2397 2726 2463 affecisset,
2756 2413 2881 2453 eum
2905 2398 3128 2454 mittunt
3155 2399 3207 2452 in
3237 2397 3512 2463 exsilium,

1930 2492 1983 2546 in
2020 2493 2312 2563 quemdam
2340 2493 2522 2546 locum
2576 2492 2871 2546 obscurum
2913 2499 2967 2546 et
3009 2491 3309 2555 occultum,
3363 2489 3512 2547 ferro

1929 2584 2009 2639 sic
2062 2582 2484 2638 circumdatum.
2539 2581 2636 2635 lllo
2695 2596 2826 2652 ergo
2866 2595 2984 2646 eos,
3018 2588 3076 2634 ut
3110 2580 3368 2646 diximus,
3421 2594 3513 2635 re-

1929 2686 2178 2741 cusante,
2210 2682 2464 2744 tanquam
2504 2681 2724 2742 apertos
2761 2671 3032 2734 inimicos,
3056 2671 3379 2726 canonicum
3411 2687 3511 2726 au-

1933 2778 2040 2823 tem
2093 2767 2382 2822 invocante
2435 2766 2765 2830 concilium,
2819 2763 2911 2834 qui
2968 2773 3125 2819 erant
3180 2764 3394 2820 veloces
3446 2765 3526 2819 ad.

1930 2858 2322 2916 effundendum
2355 2857 2697 2930 sanguinem,
2727 2856 2889 2911 etiam
2920 2871 3031 2910 non
3070 2864 3390 2924 praesentem
3419 2864 3526 2912 auu

1931 2952 2132 3024 aliquid
2170 2943 2589 3022 reSpondentem
2647 2949 3038 3012 condemnant,
3086 2963 3211 3004 cum
3243 2947 3515 3004 imbecilla

1931 3047 2176 3118 quaedam
2209 3045 2492 3100 maledicta
2523 3044 2578 3098 in
2629 3044 2792 3099 vitam
2845 3042 3250 3115 congessissent
3305 3041 3514 3114 angeli-

1933 3153 2073 3202 cam,
2112 3136 2212 3193 visi
2250 3137 2434 3208 potius
2471 3135 2682 3201 ludere,
2715 3149 2878 3206 quam
2914 3132 3058 3190 serio
3085 3148 3268 3206 agere,
3305 3141 3359 3189 et
3393 3146 3515 3203 qua

1937 3231 2099 3302 longo
2123 3238 2366 3300 tempore
2398 3228 2665 3284 instructa
2708 3237 2764 3284 et
2814 3227 3066 3282 ordinata
3115 3225 3313 3294 fuerat,
3361 3226 3515 3291 mali:

1940 3324 2068 3379 tiam
2126 3338 2234 3378 uno
2286 3323 2374 3378 die
2427 3330 2632 3377 temere
2667 3321 2949 3377 studentes
2985 3319 3232 3382 effectam
3267 3319 3515 3376 reddere.

1933 3416 2042 3472 Res
2108 3424 2192 3472 est
2243 3414 2390 3470 cnim
2439 3414 2626 3470 timida
2665 3412 3030 3479 mendacium,
3077 3420 3133 3468 et
3187 3428 3308 3483 quas
3359 3412 3518 3470 facile

1932 3519 2114 3582 potest
2169 3508 2400 3564 terreri:
2459 3515 2514 3564 et
2579 3508 2701 3563 ideo
2765 3507 3042 3562 actionum
3105 3505 3530 3562 exsecutionem.”

1935 3602 2084 3658 novit
2114 3601 2438 3666 accelerare,
2483 3599 2698 3674 fugiens
2739 3600 2984 3666 omnino,
3036 3614 3106 3655 ne
3137 3599 3514 3655 convincatur.

1936 3696 2142 3753 Deinde
2166 3711 2288 3752 cum
2320 3697 2762 3753 considerassent
2815 3695 2933 3751 fore
2975 3695 3077 3751 sibi
3116 3693 3268 3758 utile,
3313 3694 3360 3748 si
3414 3693 3519 3748 ba.

1936 3788 2130 3844 berent
2195 3789 2587 3858 imperatorem
2639 3804 2752 3844 suae
2803 3786 3148 3844 defensorem
3206 3785 3517 3853 sententiae,

1936 3891 1997 3936 ut
2049 3881 2194 3952 quod
2250 3882 2502 3958 improbe
2554 3881 2849 3946 faciebant.
2907 3881 3208 3937 redderent
3266 3879 3519 3946 validius,

1937 3973 2004 4030 ad
2053 3990 2178 4030 eum
2211 3975 2433 4029 mittunt
2475 3975 2680 4030 litteras
2702 3975 2755 4028 in
2794 3976 2935 4030 hanc
2966 3971 3289 4030 sententiam
3321 3988 3334 4025 :
3372 3968 3520 4037 Quo-

1937 4069 2082 4122 niam
2118 4077 2405 4125 accusatus
2445 4069 2705 4135 .loannes,
2741 4079 2795 4124 et
2831 4068 2932 4123 sibi
2970 4082 3093 4123 cum
3130 4065 3359 4120 aliorum
3397 4062 3518 4134 plu-

1940 4161 2204 4218 rimorum
2236 4164 2507 4228 conscius,
2541 4171 2655 4217 tum
2701 4162 2885 4224 etiam,
2914 4161 3059 4231 quod
3112 4159 3184 4214 sit
3224 4172 3350 4213 reus
3377 4157 3548 4212 118:3-

1939 4256 2240 4327 majestatis
2285 4256 2468 4310 laesam
2531 4255 2688 4324 plane
2735 4253 3077 4322 maiestatem
3150 4249 3522 4310 nominantes,

1938 4367 2059 4421 qua:
2097 4350 2146 4405 ei
2181 4364 2304 4404 cum
2329 4345 2673 4416 imperatrice
2702 4345 2877 4400 fuerat
2904 4341 3375 4411 controversiam),
3406 4355 3526 4394 non

1939 4442 2117 4514 potuit
2164 4439 2266 4495 sibi
2330 4437 2679 4508 persuadere,
2713 4444 2772 4490 ut
2834 4435 3042 4490 veniret
3090 4433 3158 4488 ad
3206 4431 3516 4504 synodum;

1938 4542 2226 4606 propterea
2274 4529 2318 4584 si
2348 4539 2538 4584 exacte
2564 4528 2986 4584 considerentur
3016 4523 3413 4593 canones,‘jam
3437 4532 3526 4576 est

259 4614 402 4676 λέως
441 4611 706 4682 καταϐοᾷ,
745 4611 905 4665 τοῦτο
950 4613 1005 4666 δὲ
1052 4612 1148 4666 καὶ
1194 4611 1454 4681 Θεοφίλου
1493 4613 1692 4683 μᾶλλον
1739 4613 1829 4684 τὴν

1944 4625 2243 4696 depositus,
2269 4621 2405 4676 nihil
2433 4631 2622 4686 restat,
2656 4620 2760 4676 nisi
2796 4630 2855 4676 ut
2895 4629 3072 4675 vestra
3103 4618 3294 4688 jubeat
3325 4624 3520 4687 poten-

263 4704 468 4759 κακίαν
496 4703 730 4776 ἐλέγχει.
767 4703 956 4758 Πολλοὶ
985 4703 1096 4776 γὰρ
1139 4705 1233 4758 καὶ
1260 4704 1367 4758 τῶν
1399 4704 1537 4770 τέως
1580 4704 1837 4776 ἀπεχθῶς

261 4797 499 4867 ἐχόντων
550 4797 964 4868 μεταϐαλόντες,
1004 4797 1182 4868 μάτην
1229 4797 1413 4866 ἔλεγον
1449 4797 1838 4868 διαϐεϐλῆσθαι

261 4893 357 4943 ὒν
387 4889 562 4959 ἆγιον,
598 4891 848 4962 μάρτυρα
871 4889 1079 4960 ἀψευδῆ
1107 4893 1170 4942 τὸ
1203 4890 1439 4953 συνειδὸς
1473 4890 1711 4962 ἔχοντες,
1742 4891 1838 4946 καὶ

262 4983 368 5052 τὴν
409 4983 632 5054 ἔκδηλον
672 4982 768 5036 καὶ
811 4981 1050 5054 φανερὰν
1096 4981 1510 5054 δυσωπηθέντες
1557 4981 1834 5055 ἀλήθειαν.

267 5076 436 5139 Τέλος
462 5075 818 5147 ἰσχυροτέρας
859 5073 1156 5145 γενομένης
1187 5075 1286 5145 τῆς
1316 5075 1601 5146 πονηρίας,
1640 5075 1840 5144 μᾶλλον

263 5167 325 5221 δὲ
363 5166 454 5220 τοῦ
488 5167 644 5235 ἀγίου
677 5165 836 5220 τοῦτο
863 5165 1204 5236 θελήσαντος,
1243 5165 1328 5220 ἵνα
1366 5166 1440 5237 μή
1477 5184 1562 5230 τις
1598 5167 1692 5219 καὶ
1715 5167 1838 5220 τολ·

272 5256 424 5328 μηθῇ
451 5257 714 5322 κίνδυνος,
745 5255 937 5328 ῶσπερ
958 5255 1110 5327 φίλον
1154 5258 1213 5310 ἐν
1250 5260 1370 5322 ταῖς
1400 5258 1676 5321 τοιαύταις
1709 5260 1837 5314 στά⁴

267 5351 560 5420 σεσι,πρὸ;
592 5350 830 5419 ἑσπέραν
846 5349 944 5422 ἤδη
978 5349 1196 5420 βαθεῖαν
1225 5350 1569 5419 ἐκϐάλλεται,
1593 5351 1840 5425 καθάπερ

266 5445 328 5497 ἐν
359 5445 425 5512 τῇ
475 5442 612 5512 αὐτῇ
663 5441 827 5519 πάλιν
873 5441 1008 5512 πρὸς
1057 5443 1404 5496 Ἱννοκέντιον
1450 5445 1707 5518 ἐπιστολῇ
1743 5449 1840 5517 τῆς

262 5533 476 5607 χρυσῆς
507 5534 754 5604 γλώττης
787 5533 1006 5588 ἀκούειν
1029 5526 1238 5598 ἔξεστίν
1267 5533 1412 5586 οὕτω
1440 5535 1708 5608 λεγούσης
1728 5554 1742 5570 ο
1773 5536 1840 5592 Τί

263 5628 376 5698 γὰρ
404 5627 485 5681 δεῖ
514 5629 683 5680 πολλά
714 5627 926 5696 λέγειν;
951 5627 1064 5680 Οὐκ
1099 5625 1309 5696 ἀπέστη
1343 5628 1519 5680 πάντα
1546 5631 1717 5683 ποιῶν
1747 5633 1842 5686 καὶ

265 5719 815 5792 πραγματευόμενος,
850 5719 953 5784 ἕως
1005 5719 1152 5789 ἡμᾶς
1201 5717 1336 5789 μετὰ
1389 5718 1706 5786 δυναστείας
1748 5726 1842 5780 καὶ

339 5902 386 5936 ⁸⁸
415 5899 517 5959 lsa.
552 5919 738 5976 xxnu,
787 5906 870 5962 13.
949 5906 990 5938 ³⁷
1028 5904 1170 5961 Psal.
1200 5920 1308 5972 tu,
1407 5923 1420 5972 ;
1458 5920 1638 5974 XXXVI,
1673 5907 1759 5965 N.

1946 4719 2020 4773 tia
2053 4731 2176 4773 eum
2206 4716 2291 4773 vel
2320 4715 2550 4770 invitum
2577 4714 2719 4770 mitti
2773 4714 2826 4768 in
2887 4710 3160 4768 exsilium?
3219 4709 3345 4765 Haec
3393 4718 3523 4763 sunt

1948 4806 2285 4880 egregiorum
2328 4803 2541 4860 illorum
2567 4802 2936 4866 sacerdotum,
2967 4799 3059 4870 qui
3089 4796 3361 4853 debebant
3398 4793 3521 4864 qui-

1948 4899 2070 4955 dem
2108 4913 2229 4954 esse
2261 4897 2398 4954 tardi
2429 4896 2498 4952 ad
2532 4895 2669 4950 iram
2716 4893 3072 4956 incitandam,
3105 4904 3296 4962 urgere
3339 4896 3522 4944 autem

1947 4993 2013 5048 ad
2085 4990 2534 5062 benignitatem:
2591 4987 2789 5059 quibus
2853 4985 2929 5039 ira
3000 4983 3067 5038 ad
3114 4977 3525 5038 similitudinem

1949 5085 2243 5156 serpentis,
2283 5091 2337 5139 et
2362 5084 2544 5154 lingua
2571 5082 2783 5153 (rursus
2821 5078 2966 5134 enim
3009 5075 3293 5132 uobiscum
3333 5073 3527 5144 loqua-

1945 5188 2035 5233 tur
2067 5177 2290 5233 divinus
2327 5174 2500 5230 David
2543 5175 2610 5243 ⁸⁷)
2639 5172 2851 5245 gladius
2901 5178 3110 5225 acutus.
3163 5165 3370 5222 Deinde
3399 5178 3524 5219 cum

1940 5270 2195 5340 iussisset
2223 5266 2491 5322 Arcadius
2519 5264 2622 5337 (eis
2649 5265 2797 5320 enim
2839 5263 3098 5318 credebat
3147 5270 3404 5330 tanquam
3433 5271 3523 5310 sa-

1943 5362 2271 5427 cerdotibus,
2312 5359 2564 5415 nesciens
2594 5373 2688 5414 eos
2743 5358 2801 5413 in
2863 5355 3107 5412 interiori
3153 5352 3373 5409 homine
3411 5364 3525 5404 non

1943 5470 2064 5510 esse
2120 5453 2519 5523 sacerdotibus,
2551 5451 2644 5506 sed
2697 5452 2878 5522 potius
2929 5448 3206 5521 sacrilegis
3265 5443 3518 5513 similes),

1919 5545 2072 5615 'quid
2124 5545 2223 5599 lit?
2266 5543 2509 5599 Moretur
2559 5541 2782 5613 quidem
2821 5541 3110 5596 universus
3155 5536 3407 5608 populus,
3466 5542 3528 5588 ut

1944 5639 2034 5708 qui
2065 5637 2324 5692 sensisset
2353 5636 2428 5702 id,
2467 5636 2613 5708 quod
2659 5651 2766 5690 non
2800 5644 2916 5691 erat
2948 5632 3277 5697 faciendum,
3331 5637 3388 5683 et
3435 5641 3525 5681 re-

1949 5739 2111 5800 pente
2144 5730 2196 5785 in
2240 5717 2495 5801 magnam.
2532 5727 2846 5784 accenditur
2887 5726 3209 5784 seditionem
3240 5744 3258 5783 :
3307 5730 3361 5777 et
3398 5736 3524 5791 par-
