3834 6538
298 393 434 458 1171
1515 384 1798 448 MENSIS
1829 380 2289 443 JANUARIUS.
3422 374 3583 437 1172

299 506 399 560 tim
455 502 674 575 quidem
750 500 1082 558 vociferatur
1138 500 1401 556 adversus
1460 499 1881 570 imperatorem,

2005 494 2269 559 ιὺθεντίας
2301 495 2482 566 πάσης
2510 495 2610 566 τῆς
2642 513 2703 551 τε
2734 498 2940 561 πόλεως
2973 495 3065 550 καὶ
3096 495 3194 566 τῆς
3238 489 3587 561 Ἐκκλησία

293 596 495 667 partim
542 604 727 651 autem
761 593 1051 666 TheOphili
1112 608 1329 665 quoque
1377 602 1434 648 et
1482 591 1653 648 multo
1710 588 1884 662 magis

2005 584 2216 652 ἑξέὸαλε
2238 602 2253 618 ·
2289 588 2385 643 καὶ
2416 588 2554 659 πρὸς
2578 590 2820 662 ἑσπέραν
2854 588 3077 661 βαθεῖαν
3104 586 3197 642 τού
3219 587 3395 658 δήμου
3424 602 3584 637 παν-

295 686 475 758 arguit
533 685 965 763 improbitatem.
1020 684 1171 740 Multi
1222 684 1369 741 enim
1427 683 1591 739 etiam
1660 698 1729 737 ex
1794 680 1883 746 iis,

295 778 390 849 qui
418 787 578 833 erant
611 778 659 834 ei
702 777 929 842 infensi,
974 776 1083 849 jam
1145 776 1359 842 mutati,
1413 774 1669 831 dicebant
1716 772 1887 826 fuisse

298 876 549 925 sanctum
598 877 808 923 temere
856 858 1197 934 accusatum,
1245 866 1626 935 incorruptum
1691 871 1883 919 testem

301 962 574 1016 habentes
601 975 795 1016 omnes
825 959 1249 1026 conscientiam,
1271 966 1626 1028 apertamque
1673 962 1730 1008 et
1766 952 1885 1007 evi-

296 1054 519 1110 dentem
546 1061 868 1109 reverentes
907 1053 1193 1108 veritatem
1228 1069 1242 1105 :
1301 1049 1521 1106 tandem
1549 1056 1731 1104 autem
1761 1060 1886 1102 cum

304 1146 429 1217 plus
467 1144 728 1201 valuisset
781 1143 1125 1214 improbitas,
1183 1143 1293 1198 imo
1346 1155 1476 1196 vero
1530 1156 1655 1197 eum
1707 1140 1889 1211 justus

297 1239 539 1294 Joannes
573 1237 681 1294 hoc
714 1237 996 1304 voluisset,
1030 1252 1099 1293 ne
1151 1236 1372 1308 aliquod
1402 1236 1639 1291 oriretur
1667 1233 1888 1306 pericu-

301 1328 437 1395 lum,
477 1338 539 1384 ut
563 1328 703 1384 solet
729 1328 979 1384 accidere
1009 1328 1066 1383 in
1103 1327 1304 1383 talibus
1330 1325 1708 1390 seditionibus,
1758 1339 1888 1396 pro-

302 1420 476 1475 liindo
498 1434 731 1491 vespere
761 1419 1078 1491 expellitur,
1125 1418 1268 1475 sicut
1312 1419 1488 1490 ipsam
1525 1417 1763 1488 linguam
1792 1432 1890 1470 au-

302 1526 450 1566 ream
480 1510 610 1566 lieet
639 1510 831 1566 audire
865 1511 919 1565 in
956 1510 1183 1581 epistola
1216 1509 1282 1564 ad
1339 1507 1738 1571 Innocentium,
1769 1521 1891 1576 qua:

300 1600 383 1655 sic
408 1600 539 1656 dicit
573 1618 588 1655 :
619 1600 758 1668 Quid
787 1599 934 1655 enim
984 1599 1155 1654 multa
1203 1613 1343 1669 opus
1371 1607 1457 1653 est
1497 1597 1728 1653 dicere?
1765 1596 1887 1652 Non

300 1691 516 1748 destitit
567 1691 753 1747 omnia
790 1690 974 1748 facere
1028 1699 1085 1747 et
1136 1689 1340 1756 moliri,
1409 1690 1584 1746 donec
1628 1704 1730 1743 nos
1767 1702 1890 1742 cum

301 1785 470 1840 multa
495 1793 768 1856 potestate
796 1793 851 1840 et
904 1783 1232 1839 auctoritate
1292 1797 1322 1838 e
1368 1782 1586 1838 civitate
1629 1781 1795 1853 ejecit
1836 1790 1892 1835 et

300 1890 370 1930 ex
420 1874 674 1942 ecclesia,
729 1884 785 1930 et
838 1873 1112 1946 profundo
1166 1888 1415 1944 vespere,
1471 1882 1704 1935 attracto
1742 1872 1889 1927 omni

303 1969 528 2039 populo,
564 1975 771 2023 tractus
817 1982 849 2023 a
882 1966 1199 2039 magistratu
1238 1965 1495 2031 civitatis,
1541 1981 1639 2037 per
1660 1965 1892 2020 mediam

301 2060 603 2125 civitatem,
664 2069 721 2115 et
777 2075 873 2131 per
927 2059 1039 2114 vim
1094 2058 1365 2115 deductus
1410 2072 1554 2124 sum,
1589 2057 1644 2112 in
1695 2070 1892 2112 navem

305 2151 609 2216 immissus,
643 2160 700 2206 et
741 2159 909 2207 noctu
957 2151 1230 2223 navigavi,
1277 2150 1536 2222 quoniam
1575 2148 1893 2205 invocabam

307 2247 576 2316 synodum
601 2247 669 2302 ad
691 2247 893 2318 justam
928 2248 1287 2303 auditionem.
1318 2246 1454 2314 Quis
1481 2244 1599 2302 haec
1628 2244 1898 2301 audiverit

308 2337 434 2394 sine
453 2336 727 2409 lacrymis,
757 2338 971 2394 etiamsi
1017 2353 1112 2395 cor
1140 2338 1396 2409 habuerit
1433 2336 1753 2409 lapideum?
1788 2336 1897 2392 Sed

312 2430 398 2486 sie
425 2430 647 2502 quidem
697 2431 979 2502 expulsus,
1026 2431 1251 2502 appellit
1301 2430 1372 2486 ad
1427 2446 1490 2486 os
1541 2430 1718 2496 Ponti,
1751 2429 1898 2501 quod

310 2529 514 2577 vocant
542 2521 795 2578 Sacrum.
856 2513 1063 2579 Deinde
1122 2523 1286 2578 etiam
1320 2524 1519 2579 transit
1564 2521 1894 2588 Pra-netum,

309 2625 407 2673 aut
433 2618 503 2673 ab
537 2617 604 2673 iis
659 2617 865 2688 potius,
910 2618 1003 2689 qui
1058 2618 1314 2691 agebant,
1350 2617 1758 2675 transmittitur.
1791 2617 1897 2672 Bo-

311 2727 419 2767 nus
457 2720 641 2767 autem
689 2708 1055 2783 Theophilus,
1104 2718 1392 2783 postquam
1449 2711 1653 2777 evenit,
1713 2719 1774 2767 ut
1834 2727 1898 2766 ex

308 2801 475 2858 animi
534 2801 811 2858 sententia
842 2802 1038 2859 ﬁerent
1065 2818 1189 2874 quae
1219 2802 1460 2867 volebat,
1518 2803 1685 2857 mittit
1735 2802 1900 2859 etiam

308 2894 527 2950 litteras
556 2892 626 2948 ad
671 2892 1055 2948 innocentium
1096 2891 1406 2947 Romanum
1461 2892 1799 2962 episcopum,
1850 2891 1900 2947 ei

309 2985 633 3057 signiﬁcans
667 2983 896 3040 Joannis
931 2983 1352 3055 depositionem.
1395 2982 1500 3051 Qui
1528 2999 1655 3039 cum
1685 2983 1904 3056 legisset

309 3075 546 3143 litteras,
575 3083 631 3131 et
683 3075 742 3131 in
786 3074 871 3133 eis
898 3068 1127 3131 vidisset
1154 3074 1380 3130 multam
1411 3074 1651 3131 insidere
1674 3089 1904 3146 perver-

1985 679 2078 744 τὸς
2117 679 2542 750 ἐπισυρομένου,
2591 680 2885 751 ἑλκόμενος
2937 678 3042 733 inab
3074 677 3170 731 τοῦ
3226 675 3585 747 Κουριόσσω

1985 773 2086 844 τῆς
2112 774 2320 837 πόλεως
2350 775 2409 828 ιν
2455 775 2597 846 μέσῃ
2628 777 2696 847 τῇ
2727 773 2904 842 πόλει,
2946 774 3041 828 καὶ
3082 772 3222 843 πρὸς
3251 770 3376 841 βίαν
3408 769 3590 839 συρό-

1990 881 2150 937 μενος
2199 866 2548 936 κατηγόμην,
2587 866 2680 920 καὶ
2704 868 2785 930 είς
2822 865 3006 921 πλοῖον
3036 863 3408 933 ’ὲνεδαλόμην,

1986 957 2075 1012 διὰ
2131 953 2325 1023 νυκτδς
2364 957 2576 1023 ἔπλεον,
2631 959 2823 1032 ἐπειδὴ
2876 958 3095 1012 σύνοδον
3147 955 3284 1026 πρὸς
3348 953 3587 1006 δικαίαν

1986 1051 2248 1122 ἀκρόασιν
2276 1051 2683 1123 ὲπεκαλούμην.
2700 1053 2798 1116 Τίς
2818 1052 2995 1107 ταῦτα
3029 1049 3317 1120 ἀδακρυτὶ,
3342 1045 3449 1100 κάν
3488 1044 3587 1097 λι-

1992 1143 2146 1215 θίνην
2179 1144 2282 1217 ἔχῃ
2300 1144 2562 1223 διάνοιαν.
2584 1145 2900 1212 ἀκούσειεν;
2926 1144 3072 1198 Ἀλλ’
3092 1142 3238 1205 οὔτω
3260 1141 3362 1211 μὲν
3407 1137 3587 1200 αὒτδς

2001 1232 2318 1304 Ἐκὸληθεὶς
2344 1233 2424 1304 τῷ
2449 1232 2545 1287 τοῦ
2570 1234 2771 1289 Πόντου
2803 1234 3053 1306 στόματι,
3082 1233 3112 1286 δ
3142 1231 3237 1287 καὶ
3275 1229 3441 1300 Ἱερὸν
3471 1244 3590 1279 κα-

1992 1324 2172 1390 λοῦσι,
2204 1323 2513 1397 προσίσχει.
2552 1320 2693 1380 Εἶτα
2715 1326 2809 1380 καὶ
2842 1327 2922 1390 είς
2955 1326 3251 1396 Πραίνετον
3280 1319 3586 1383 διαϐαίνει,

1990 1416 2156 1487 ἢύπδ
2213 1416 2323 1472 τῶν
2381 1418 2626 1487 ἀγόντων
2674 1416 2875 1488 μᾶλλον
2922 1414 3375 1489 μεταϐιϐάζεται.
3417 1412 3485 1465 '0
3522 1409 3589 1462 δὲ

1992 1507 2229 1580 χρηστὸς
2273 1508 2560 1580 Θεόφιλος,
2619 1508 2745 1563 ἐπεὶ
2796 1508 3019 1577 γέγονεν
3064 1505 3217 1577 αὐτῷ
3255 1503 3476 1560 τελέσαι
3507 1499 3590 1555 τὰ

1993 1602 2137 1657 κατά
2160 1600 2407 1673 γνώμην,
2431 1601 2743 1673 γράμματα
2772 1600 2868 1655 καὶ
2903 1597 3041 1670 πρὸς
3068 1596 3419 1650 Ἰννοιιέντιον
3448 1593 3589 1649 τοῦ·

1993 1710 2085 1748 τον
2107 1694 2198 1768 ¹ξὺν
2235 1693 2454 1766 Ῥώμης
2481 1694 2779 1748 ἐπίσκοπον
2799 1691 3032 1763 πέμπει,
3058 1689 3226 1762 δήλην
3261 1687 3415 1758 αύτῷ
3442 1687 3591 1742 καθ-

1999 1787 2152 1853 ιστὰς
2183 1786 2281 1858 τὴν
2320 1786 2569 1842 Ἰωάννου
2597 1785 2948 1856 καθαίρεσιν·
2976 1783 3035 1847 δς
3056 1782 3288 1843 καὶτοῖς
3308 1781 3587 1850 γράμμα-

2000 1896 2083 1933 σιν
2122 1877 2383 1950 ἐντυχὼν,
2419 1879 2541 1935 οὐδὲ
2567 1879 2920 1950 ἀντιγράφων
2950 1876 3088 1939 ὅλως
3118 1874 3335 1945 ἔκρινεν
3366 1870 3585 1937 ἀξιοῦν,

1998 1969 2200 2039 πολλὴν
2262 1968 2429 2024 αὐτοῦ
2457 1970 2813 2041 ⁴’προπέτειαν
2841 1968 2937 2022 καὶ
2976 1965 3146 2036 τῦφον
3182 1962 3584 2032 κατεγνωκὼς,

1996 2062 2078 2117 ὅτι
2102 2080 2161 2117 τε
2188 2062 2353 2133 μόνος
2378 2062 2603 2132 γράφοι,
2636 2062 2731 2115 καὶ
2767 2061 2853 2114 δτι
2889 2059 3023 2132 μηδὲ
3046 2057 3277 2129 δηλώσοι
3308 2056 3499 2126 σαφῶς
3519 2047 3585 2108 οὗ

1999 2155 2158 2227 χάριν
2186 2154 2427 2221 καθεῖλε,
2469 2156 2562 2208 καὶ
2615 2155 2760 2227 μετά
2780 2154 2964 2208 τίνων.
3010 2151 3290 2206 Ἐντεῦθεν
3327 2150 3398 2203 τὰ
3436 2149 3585 2201 κατά

2007 2247 2390 2320 Ἡρακλείδην,
2419 2247 2479 2302 δν
2510 2249 2540 2301 ὁ
2563 2248 2738 2317 μέγας
2762 2245 2991 2321 Ἐφέσου
3018 2244 3283 2315 πρόεδρον
3305 2240 3588 2310 καταστή-

2001 2356 2099 2405 σας
2134 2334 2227 2410 ἦν,
2259 2338 2631 2409 ἀναψηλαφῶν
2655 2340 2684 2393 ὀ
2709 2337 2987 2407 Θεόφιλος,
3014 2336 3109 2389 καὶ
3137 2334 3329 2406 μῶμον
3354 2334 3419 2387 ὲκ
3453 2332 3586 2385 τού-

1999 2448 2095 2485 του
2119 2416 2411 2501 περιάψειν
2454 2430 2532 2501 τῷ
2583 2429 2842 2501 μακαρίῳ
2882 2426 3243 2501 πειρώμενος,
3291 2425 3387 2479 καὶ
3417 2424 3584 2479 αὐτὸν

2000 2524 2186 2596 ἔκρινε
2215 2524 2293 2595 μὴ
2326 2524 2592 2597 παρόντα,
2619 2522 2695 2586 ὡς
2728 2522 2815 2595 εἴη
2859 2522 3011 2587 τινὰς
3047 2520 3247 2581 ἀδίκως
3273 2519 3582 2588 τυπτήσεις,

2002 2616 2098 2672 καὶ
2120 2615 2207 2671 διὰ
2233 2616 2407 2689 μέσης
2459 2615 2559 2686 τῆς
2601 2616 2808 2687 ἀγορᾶς
2856 2611 3229 2685 περιενεγκὼν
3264 2610 3452 2665 ἀλύσει
3496 2608 3583 2661 δε-

2005 2708 2221 2779 σμίους.
2269 2707 2689 2778 Ἀντιλεγόντων
2717 2704 2811 2761 οὖν
2854 2708 2964 2761 τῶν
2992 2707 3092 2776 τῆς
3126 2705 3335 2766 πόλεως
3372 2700 3450 2772 μὴ
3471 2700 3581 2753 δεῖν

2004 2801 2145 2855 κατά
2172 2803 2426 2857 ἀπόντων
2459 2800 2724 2864 δικάζειν,
2766 2797 3162 2869 ’Δλεξανδρέων
3190 2795 3250 2850 δὲ
3291 2791 3582 2859 ἀξιούντων

2004 2901 2115 2963 τοῖς
2153 2897 2513 2971 Ἡρακλείδου
2554 2895 2885 2967 κατηγόροις
2931 2892 3244 2963 προσέχειν,
3282 2890 3474 2952 στάσις
3516 2888 3579 2938 ἐκ

2006 2989 2200 3045 τούτου
2257 2991 2486 3060 φύεται·
2522 2990 2588 3042 ἑκ
2620 2988 2676 3042 δὲ
2711 2987 2839 3058 τῆς,
2876 2984 3188 3056 συμπλοκαὶ
3234 2980 3470 3052 χειρῶνν
3517 2981 3581 3032 ἐκ

2003 3085 2245 3151 τούτων,
2294 3082 2623 3156 τραύματα·
2675 3080 2887 3145 τούτοις
2933 3079 2992 3132 δὲ
3041 3076 3136 3132 καὶ
3173 3075 3406 3136 θάνατος
3451 3072 3576 3142 ἡκο-

310 3168 553 3233 sitatem,
583 3181 655 3223 ne
686 3167 859 3223 voluit
889 3166 1108 3238 quidem
1157 3167 1519 3238 respondere,
1552 3176 1613 3222 ut
1656 3167 1748 3237 qui
1775 3182 1894 3223 eum

2009 3176 2190 3232 λούθει
2210 3193 2225 3210 ο
2254 3167 2331 3230 ὧν
2364 3174 2582 3228 πάντων
2614 3171 2869 3241 Θεόφιλος
2915 3170 3089 3239 αιτιος
3112 3168 3347 3237 ἐλέγετο,
3373 3166 3466 3220 καὶ
3492 3159 3581 3235 ἦν.

312 3274 523 3333 magna:
547 3259 871 3316 temeritatis
914 3258 1232 3316 damnasset
1284 3268 1341 3314 et
1384 3259 1726 3332 arrogantiae,
1760 3259 1894 3331 quod

2013 3270 2201 3327 Ταῦτα
2242 3266 2571 3332 Βυζαντίους
2620 3264 2875 3338 ἠρέθισεν
2921 3264 3143 3334 ἄκρως,
3204 3260 3299 3315 καὶ
3349 3256 3582 3312 διολέσαι

312 3358 373 3407 et
406 3352 557 3407 solus
587 3351 923 3423 scripsisset,
954 3360 1009 3407 et
1036 3351 1180 3423 quod
1211 3366 1321 3407 non
1355 3361 1542 3423 aperte
1575 3350 1903 3423 scripsisset,

316 3455 557 3511 quanam
579 3441 650 3499 de
687 3457 852 3498 causa
888 3438 1096 3498 etcum
1144 3441 1344 3512 quibus
1377 3455 1502 3495 eum
1534 3438 1901 3510 deposuisset.

248 3540 255 3547 ‘
317 3535 459 3591 Hine
483 3550 706 3592 causam
736 3534 1063 3599 Heraclidis,
1099 3549 1263 3605 quem
1296 3547 1526 3605 magnus
1552 3532 1643 3587 ille
1668 3530 1904 3587 Joannes

315 3626 518 3698 Ephesi
550 3629 913 3686 constituerat
964 3629 1295 3692 antistitem,
1347 3635 1588 3682 tractans
1622 3623 1904 3696 TbeOplii-

321 3718 431 3786 lus,
462 3727 520 3777 et
555 3736 624 3776 ex
675 3736 743 3777 eo
801 3721 876 3778 illi
925 3722 1086 3777 beato
1144 3730 1364 3776 tentans
1423 3718 1600 3775 labem
1660 3719 1900 3783 inurere,

319 3816 499 3886 ipsum
524 3815 689 3871 etiam
718 3817 984 3887 judicavit
1004 3831 1116 3871 non
1143 3824 1488 3887 przesentcm,
1515 3814 1725 3879 dicens,
1758 3813 1903 3884 quod

320 3904 536 3975 aliquos
568 3906 769 3977 injuste
809 3907 1180 3973 verberasset,
1229 3914 1284 3962 et
1322 3921 1418 3977 per
1446 3903 1688 3960 medium
1724 3905 1903 3960 forum

326 3998 540 4055 vinctos
568 3986 760 4054 catena
810 3997 1286 4055 circumduxisset.
1316 3997 1539 4054 Civibus
1566 4010 1748 4052 autem
1775 4014 1904 4054 eon-

320 4097 405 4143 tra
460 4088 795 4156 dicentibus,
855 4104 967 4143 non
1030 4097 1286 4159 oportere
1340 4088 1597 4144 absentes
1649 4088 1904 4159 iudicari,

2012 3362 2177 3418 αὑτὸν
2211 3359 2461 3433 ἐζήτουν,
2490 3362 2583 3415 καὶ
2601 3357 2783 3432 βυθοῖς
2817 3354 3073 3411 ἐκδοῦναι
3115 3356 3227 3416 τοῖς
3257 3350 3585 3409 θαλαττίοις.

2022 3455 2081 3509 '0
2114 3456 2171 3510 δὲ
2200 3453 2309 3509 τῶν
2335 3452 2642 3511 διωκόντων
2670 3451 2745 3514 ὡς
2767 3449 2979 3521 ᾔσθετο,
3013 3446 3189 3518 φυγὰς
3203 3444 3364 3509 εὐθὺς
3392 3442 3583 3512 ᾤχετο,

2012 3547 2265 3613 καὶτοὺς
2317 3543 2653 3615 Αἰγυπτίους
2704 3542 2878 3599 είσέδυ
2951 3540 3176 3611 μυχούς.
3218 3539 3341 3591 Ὀτι
3381 3536 3437 3589 δὲ
3470 3534 3584 3588 οὐδὲ

2011 3639 2279 3713 πρότερον
2333 3640 2363 3693 ό
2398 3636 2761 3710 ταραχοποιδς
2818 3635 3003 3705 οὐτοσὶ
3035 3631 3192 3703 θυμῴ
3231 3629 3426 3699 δικαίῳ
3479 3628 3585 3685 τοῖς

2011 3733 2142 3805 περὶ
2169 3734 2461 3807 Διόσκορον
2519 3730 2845 3804 χολούμενος
2907 3725 2997 3799 ἦν,
3039 3727 3164 3781 οὔτε
3218 3726 3324 3796 μὴν
3373 3720 3586 3777 εὐσεϐεῖ

2009 3822 2255 3894 λογισμῷ
2327 3826 2448 3887 ταῖς
2494 3823 2815 3895 Ὠριγένους
2867 3820 3142 3891 ἀπήχθετο
3195 3816 3433 3889 βίβλοις,
3472 3812 3583 3867 ἀλλ’

2011 3916 2263 3989 ἀφορμὰς
2316 3915 2565 3971 ἐντεῦθεν
2622 3916 2801 3985 ἑαυτῷ
2849 3913 3090 3985 πορίζων
3142 3912 3279 3981 πρὸς
3331 3908 3432 3979 τὴν
3491 3905 3582 3959 τοῦ

2012 4009 2172 4077 ἁγίου
2234 4004 2577 4077 καθαίρεσιν,
2630 4004 2694 4057 τὸ
2740 4002 2879 4076 μετά
2908 4001 3079 4055 ταῦτα
3110 4000 3280 4070 δηλοῖ.
3338 3993 3503 4066 Ὁμοῦ
3529 4009 3585 4043 τε

2013 4099 2122 4169 γὰρ
2157 4096 2219 4151 τὸ
2276 4095 2712 4165 σπουδαζόμενον
2773 4091 2925 4164 αὐτῷ
2967 4091 3238 4161 διήνυστο,
3272 4087 3368 4140 καὶ
3412 4099 3583 4153 παρα-

324 4178 641 4235 volentibus
673 4195 811 4235 vero.
848 4178 1230 4234 Alexandrinis
1249 4179 1533 4234 attendere
1562 4188 1894 4237 accusatores

2016 4189 2203 4262 χρῆμα
2235 4190 2347 4252 τοῖς
2385 4188 2639 4262 μοναχοῖς
2688 4184 2787 4258 μὲν
2816 4182 3124 4246 ἐσπένδετο,
3161 4181 3257 4243 τὰς
3292 4177 3509 4250 βίϐλους
3530 4174 3587 4226 δὲ

323 4268 648 4339 Heraclidis,
713 4287 779 4327 ex
828 4287 895 4328 eo
926 4282 1044 4329 orta
1085 4280 1173 4329 est
1227 4272 1462 4329 seditio:
1513 4289 1580 4328 ex
1642 4273 1894 4331 seditiont

2018 4260 2366 4354 παρεδὲχετο,
2401 4280 2467 4344 ἃς
2505 4260 2643 4343 τέως
2675 4276 2969 4339 συνοδικῶς
3003 4274 3406 4344 ἀπεκήρυττεν.
3450 4266 3583 4321 Ἀλλ’

321 4372 507 4421 autem
530 4374 754 4422 ventum
780 4374 866 4422 est
888 4366 956 4422 ad
984 4381 1213 4423 manus:
1236 4380 1304 4422 ex
1332 4381 1397 4423 eo
1419 4381 1549 4422 vero
1569 4367 1635 4423 ad
1658 4369 1894 4436 vulnera1

2016 4374 2045 4427 ὁ
2072 4372 2228 4442 λόγος
2253 4370 2466 4426 ἐπιέναι
2495 4370 2590 4424 καὶ
2616 4369 2686 4425 τά
2722 4368 2889 4422 λοιπά
2920 4366 3192 4438 βούλεται.

323 4468 389 4509 ea
442 4464 628 4513 autem
678 4472 828 4513 mors
882 4472 1101 4529 quoque
1164 4468 1249 4515 est
1306 4470 1624 4527 consecuta,
1675 4477 1907 4533 quorum
1943 4465 2188 4521 omnium
2257 4463 2595 4534 Theophilus
2624 4460 2806 4517 dictus
2861 4470 2948 4516 est
2988 4468 3046 4515 et
3096 4457 3201 4513 l‘uit
3248 4469 3432 4511 causa.
3469 4452 3586 4508 Haec

322 4563 537 4605 summe
567 4549 873 4607 ’irritarunt
914 4550 1265 4622 Byzantinos,
1302 4561 1359 4608 et
1407 4568 1531 4609 eum
1588 4556 1907 4625 quaerebant
1945 4558 2200 4628 perdere,
2233 4566 2289 4613 et
2354 4556 2407 4611 iu
2478 4553 2810 4627 profundum
2842 4552 3008 4607 maris
3059 4551 3276 4606 mittere
3322 4562 3447 4601 eum
3497 4541 3581 4613 Qui

322 4648 449 4695 erat
488 4639 730 4712 dignus:
784 4643 874 4699 ille
920 4651 1105 4698 autem
1163 4652 1452 4715 postquam
1513 4647 1686 4701 sensit
1725 4656 2141 4718 persequentes,
2218 4650 2343 4720 fuga
2407 4646 2592 4704 statim
2664 4644 2765 4701 sibi
2821 4643 3132 4708 consuluit,
3193 4651 3248 4696 et
3292 4637 3583 4711 penetralia

323 4727 496 4784 subiit
531 4729 768 4801 Aﬁgypti.
794 4731 950 4797 Quod
979 4741 1163 4787 autem
1185 4746 1365 4803 neque
1384 4732 1537 4804 prius
1566 4735 1914 4803 perturbator
1948 4737 2072 4807 jure
2131 4738 2392 4795 Dioscoro
2432 4736 2790 4798 irascebatur.
2856 4720 3047 4806 neque
3077 4748 3269 4788 veram.
3291 4740 3347 4787 et
3373 4746 3585 4785 accura-

324 4833 436 4879 ῑθω
471 4821 772 4880 defendens
801 4826 1064 4892 pietatem
1093 4833 1214 4881 erat
1249 4824 1484 4882 infestus
1523 4825 1679 4881 libris
1741 4827 1996 4901 Origenis
2021 4870 2035 4897 ,
2097 4830 2193 4886 sed
2256 4831 2385 4886 hinc
2449 4828 2699 4900 raptabat
2723 4828 3065 4886 occasionem
3092 4825 3398 4896 deponendi
3423 4822 3583 4878 Joan-

324 4917 434 4986 nis,
463 4918 707 4975 ostendit
737 4919 814 4985 id,
843 4921 985 4991 quod
1010 4929 1093 4977 est
1119 4928 1309 4992 postea
1351 4929 1728 4979 consecutum.
1775 4921 1911 4980 Nam
1950 4926 2112 4983 simul
2174 4937 2336 4998 atque
2399 4925 2626 4998 perfecit
2658 4926 2801 5002 quod
2855 4924 3124 4990 studebat,
3157 4938 3281 4979 cum
3313 4921 3583 4977 monachis

329 5014 512 5070 statim
540 5012 715 5098 fades
738 5014 900 5082 iniit;
934 5013 1102 5069 libros
1143 5023 1326 5069 autem
1350 5012 1573 5069 admisit
1636 5014 1773 5087 (35),
1804 5032 1942 5087 quos
1981 5019 2134 5098 prius
2184 5019 2465 5082 abdicarat
2518 5019 2794 5094 synodice.
2847 5018 2955 5074 Sed
3000 5017 3117 5073 v‘ult
3152 5015 3316 5076 etiam
3383 5015 3579 5084 reliqua

328 5107 584 5181 persequi
614 5087 812 5164 oratio.

410 5196 599 5257 XLVI.
660 5202 883 5258 Interim
940 5202 1110 5270 enim,
1164 5202 1294 5259 dum
1339 5204 1459 5260 hate
1511 5204 1725 5270 tierent,
1778 5204 1890 5263 Deu

2092 5209 2245 5277 ΜΦ.
2288 5209 2376 5263 Ἐν
2398 5209 2507 5281 ὅσῳ
2534 5208 2643 5280 γὰρ
2669 5207 2969 5280 ἐπράττετο
2994 5204 3189 5268 ταῦτα,
3223 5205 3440 5275 νύκτωρ
3491 5203 3580 5276 τὴν

330 5303 648 5352 ιειτωῐιιοιιι
700 5293 975 5350 terrclecit
1002 5294 1299 5362 civitatem,
1346 5311 1774 5368 communesque
1796 5314 1894 5353 ean

2022 5300 2179 5355 πόλιν
2201 5300 2413 5357 ἔσεισεν
2465 5304 2494 5355 ὁ
2528 5302 2681 5369 Θεὸς,
2718 5302 2813 5356 καὶ
2836 5300 3061 5372 θραῦσις
3088 5300 3181 5354 καὶ
3206 5298 3438 5369 δείματά
3472 5314 3581 5354 τινα

333 5387 619 5463 agitabant
647 5387 1154 5458 eonquassationes,
1182 5395 1238 5444 et
1261 5403 1453 5460 graves
1486 5397 1723 5445 terrores
1746 5390 1892 5461 impo

2019 5389 2095 5460 τῷ
2118 5388 2383 5463 βασιλικῷ
2403 5392 2773 5463 συμπέπτωκε
2787 5392 3028 5458 κοιτῶνι,
3056 5389 3131 5452 ὡς
3154 5390 3247 5451 καὶ
3276 5387 3502 5460 θορύύου
3525 5388 3579 5441 τὸ

336 5482 544 5541 ratorio
576 5479 940 5538 imminebant
968 5480 1259 5539 cubiculo:
1294 5482 1433 5541 adeo
1466 5491 1526 5538 ut
1557 5482 1790 5553 populus
1834 5489 1891 5537 tu

2021 5482 2226 5554 πλῆθος
2254 5477 2712 5558 ύποπλησθῆναι,’
2737 5485 2833 5540 καὶ
2866 5484 3009 5557 μέγα
3038 5482 3274 5554 βοῶντας
3302 5481 3580 5537 ἀνακαλεῖ-

408 5689 521 5763 (35)
552 5688 933 5767 _jl_‘lieophilum
983 5686 1240 5767 Origenis
1266 5701 1481 5767 errores
1527 5695 1759 5767 mulum,
1804 5702 1915 5741 non
2026 5687 2308 5767 erroribus
2338 5701 2458 5767 esse
2493 5687 2792 5767 cavendum
2822 5687 3131 5755 admoneat,
3154 5686 3312 5745 docet
3331 5684 3576 5742 Barouiu:

336 5757 527 5816 omnes
552 5757 1034 5818 libros’damnasse
1057 5757 1168 5826 ,‘ex
1199 5759 1456 5816 Ecclesia:
1485 5759 1765 5815 catholicae
1790 5773 1918 5812 sen-
2025 5769 2155 5817 tom.
2196 5758 2236 5813 ν
2266 5757 2455 5814 Annal.
2484 5774 2573 5815 an.
2600 5757 2725 5815 405.

339 5830 531 5897 tentia,
566 5846 685 5903 quae
712 5834 829 5909 ejus
860 5832 1295 5889 Commentarios
1326 5832 1400 5887 ita
1431 5830 1579 5901 legit,
1613 5839 1671 5885 ut
1698 5829 1768 5885 ab
1798 5827 1915 5899 ejus
