3834 6484
240 405 381 472 1173

1290 404 1569 478 νΙΤΑβ.
1611 402 1932 464 ΙΟΑΝΝΙΞ
1971 405 2526 470 CIIRYSOSTOMI.

3359 410 3497 479 1174

237 524 368 578 σθαι
398 521 493 575 τδν
528 519 682 592 lapsa.
733 519 844 574 Kal
870 520 898 574 ό
929 519 1184 591 βασιλεὺς
1208 521 1409 574 αὐτίκα
1453 517 1667 592 κέντρῳ
1714 520 1813 574 τινὶ

1923 520 2096 575 multu
2120 521 2456 592 impleretur,
2487 531 2543 579 et
2574 538 2766 598 magna
2793 540 2926 581 voce
2974 525 3235 594 clamans,
3276 545 3499 588 revoca-

233 615 417 687 λύπης
468 612 568 685 τὴν
605 612 837 685 καρδίαν
868 612 1113 682 πληγεὶς,
1147 613 1453 685 μετάμελός
1475 631 1535 667 τε
1578 612 1814 682 γεγόνει,

236 708 333 760 καί
374 707 669 777 γράμμασι
718 703 1018 776 βασιλικοῖς
1066 704 1172 777 τὴν
1221 705 1470 759 Ἰωάννου
1519 704 1818 775 ἀνάκλησιν

235 796 576 850 ἑπισπεύδει.
633 794 859 864 Πέμπει
906 792 965 848 δὲ
1023 794 1162 864 μετά
1188 793 1299 847 τῶν
1332 792 1678 865 γραμμάτων
1724 792 1816 845 καὶ

236 889 492 960 Βρίσωνα
539 887 632 942 τὸν
659 885 935 958 εὐνοῦχον,
982 885 1282 958 τηνικαῦτα
1308 890 1372 959 τῇ
1403 885 1637 957 βασιλίδι.
1660 884 1818 938 Εὔδο-

236 975 329 1048 ξίᾳ
358 977 468 1046 ὐπη
478 976 632 1047 ριτού
640 992 802 1046 μενον
821 992 837 1007 ·
856 975 917 1039 ὃς
939 975 1032 1030 τὸν
1057 975 1214 1045 ἅγιον
1236 978 1295 1031 ὲν
1329 976 1614 1047 Πραινέτῳ
1648 992 1817 1030 κατα-

230 1069 417 1124 λαϐὼν
444 1069 548 1122 ὑπὸ
575 1068 682 1122 τῶν
712 1067 1163 1140 ὲγχειρισθέντων
1185 1069 1616 1141 φρουρούμενον,
1648 1069 1818 1123 ἐπαν-

232 1159 413 1213 ελθεῖν
442 1158 596 1229 ἠξίου
619 1159 712 1212 καὶ
740 1161 809 1230 τῇ
830 1158 985 1213 πόλει
1023 1160 1221 1230 στῆσαι
1262 1159 1355 1214 τὸν
1380 1159 1645 1213 κίνδυνον.
1678 1159 1812 1212 Μετ’

232 1237 396 1304 αὐτὸν
429 1251 486 1305 δὲ
514 1250 687 1316 ἄλλοι,
717 1252 811 1305 καὶ
846 1251 964 1322 μετ’
983 1251 1226 1315 ἐκείνους
1247 1250 1444 1324 ἕτεροι,
1478 1252 1573 1305 καὶ
1603 1250 1816 1322 πλήρης

229 1341 381 1397 οὕτω
406 1342 515 1398 τῶν
571 1340 943 1413 πεμπομένων
974 1345 1003 1397 ό
1029 1342 1328 1415 Βόσπορος.
1385 1342 1540 1397 Ἐπεὶ
1566 1338 1662 1397 οὖν
1691 1343 1816 1398 ὑπο-

232 1434 493 1506 στρέφειν
523 1433 684 1488 αύτὸν
719 1433 966 1504 ἔγνωσαν
1003 1436 1035 1506 ἠ
1078 1434 1232 1500 πόλις
1286 1434 1464 1507 (τρίτη
1521 1435 1577 1489 δὲ
1603 1431 1672 1506 ῆν
1716 1435 1811 1489 ἐπὶ

227 1526 434 1599 δεκάτῃ
486 1526 564 1598 τῷ
608 1527 947 1599 Νοεμϐρίῳ),
1004 1528 1127 1592 πῶς.
1162 1529 1228 1584 ἀν
1271 1545 1357 1593 τις
1404 1527 1517 1584 τῶν
1563 1527 1813 1594 ἐξιόντων

228 1619 532 1691 ἀριθμήσοι
584 1618 646 1673 τὸ
694 1618 918 1690 πλῆθος,
974 1619 1091 1684 πῶς
1139 1618 1411 1691 ἐκφράσαι
1440 1618 1543 1691 τὴν
1570 1620 1810 1691 ήδονήν;

225 1713 340 1767 τῶν
366 1710 624 1782 ποταμῶν
656 1709 765 1782 γὰρ
797 1709 1043 1782 ἀτεχνῶς
1081 1711 1381 1783 ἐμιμοῦντο
1426 1712 1497 1767 τά
1536 1710 1808 1784 ῥεύματα.

227 1806 346 1859 Καὶ
369 1803 548 1875 μεστὴ
581 1803 680 1874 μὲν
695 1806 729 1876 ή
753 1802 993 1858 θάλαττα
1009 1802 1345 1875 πορθμείων,
1368 1803 1541 1875 μεστὴ
1559 1804 1615 1857 δὲ
1640 1805 1809 1876 ήχων,

243 1874 424 1968 μεστὴ
468 1895 524 1949 δὲ
571 1874 834 1967 ᾀσμάτων
859 1893 961 1949 καὶ
987 1874 1281 1966 ὑμνῳδίας.
1318 1874 1557 1949 Τοιαῦτα
1591 1874 1815 1949 δύναται
1849 1874 1889 1932 Β

231 1987 402 2053 πόθος
429 1988 628 2058 ψυχαῖς
652 1987 897 2053 ἐντακεὶς
927 1987 1119 2060 ἀνδρὸς
1134 1987 1338 2058 πολλήν
1361 2003 1420 2041 τε
1444 1987 1653 2059 ἀρετὴν
1667 1986 1815 2057 ἔχοντ-

228 2095 347 2144 τος,
381 2077 479 2131 καὶ
492 2076 722 2146 ὠφελεῖν
775 2078 1002 2132 πλείστα
1035 2077 1358 2150 δυναμένου,
1402 2078 1498 2131 καὶ
1530 2076 1814 2147 πατρικῶς

231 2170 577 2241 στέργοντος.
613 2169 784 2224 Τοῦτο
837 2171 1139 2242 τεκμήριον
1194 2168 1421 2241 ἀκριϐὲς
1470 2166 1714 2239 ὑπῆρξεν
1745 2163 1814 2241 ἦς

230 2261 504 2317 ἀπέλαυον
536 2261 728 2334 ήδονῆς
756 2261 807 2315 οἰ
836 2261 935 2333 τῆς
982 2261 1191 2333 χρυσῆς
1214 2260 1422 2332 ταύτης
1460 2258 1706 2331 γλώττης
1730 2260 1813 2311 ὲν·-

229 2353 552 2425 τρυφῶντες
577 2356 689 2418 τοῖς
717 2353 977 2426 ῥεύμασι.
1011 2353 1088 2408 Τὸ
1122 2353 1229 2425 γάρ
1272 2352 1447 2416 οὕτως
1466 2351 1635 2406 αὑτὸν
1655 2353 1812 2406 ἄπει-

228 2446 476 2518 ληφότας
517 2446 770 2518 ἡσθῆναι,
795 2445 984 2515 σαφῶς
1007 2445 1198 2517 ἐδήλου
1216 2446 1316 2516 τὴν
1345 2444 1601 2516 στέρησιν
1635 2442 1814 2514 λύπης

229 2541 417 2596 αἰτίαν
452 2541 637 2605 αὐτοῖς
664 2540 1025 2611 καταστῆναι.
1050 2539 1211 2608 Δύπη
1242 2538 1297 2592 δὲ
1319 2536 1488 2608 πολλὴ
1519 2538 1659 2609 μετά
1689 2536 1813 2591 στέ-

230 2647 412 2703 ρησιν,
441 2632 563 2702 ἰσην
611 2627 753 2687 εἶναι
800 2631 1264 2703 προϋπάρχουσαν
1289 2629 1485 2699 ἡδονὴν
1520 2630 1809 2703 μαρτυρεῖ.

240 2728 402 2782 Ἐπεὶ
425 2727 607 2781 τοίνυν
637 2725 877 2780 ἰπανιὼν
902 2724 1134 2795 ἔγγιστά
1175 2741 1281 2778 που
1307 2724 1404 2795 τῆς
1438 2724 1647 2787 πόλεως
1667 2723 1812 2792 γίνε-

227 2837 348 2885 ται,
393 2818 458 2874 οὐ
492 2817 760 2891 πρότερον
803 2816 1064 2872 εἰσελθεῖν
1104 2817 1281 2887 ἠξίου,
1329 2817 1460 2887 πρὶν
1495 2816 1561 2871 ἂν
1602 2815 1810 2886 μείζονι

227 2911 501 2985 κριτηρίῳ
523 2909 594 2965 τὰ
625 2909 746 2965 κατ’
771 2910 978 2964 ἐκεῖνον
1003 2911 1308 2981 ἐπιτραπῇ.
1327 2907 1494 2963 Ἀλλά
1514 2908 1576 2963 τὸ
1606 2909 1812 2981 πλῆθος

231 3003 496 3076 ήσχαλλε,
537 3004 635 3058 καὶ⁹
671 3003 880 3072 τόλμης
904 3003 1132 3075 ῆπτετο,
1164 3001 1260 3055 καὶ
1299 3002 1425 3065 τοὺς
1472 3000 1811 3072 κρατοῦντας

153 3098 161 3104 ’
228 3097 576 3169 ἐλοιδορεῖτο,
614 3097 729 3162 ἕως
780 3097 1022 3161 ἅπαντες
1073 3096 1156 3160 είς
1195 3095 1390 3149 ταυτὸν
1442 3093 1808 3162 συνελθόντες,

1920 623 2004 669 ret
2029 615 2390 671 sacerdotem.
2426 615 2569 683 Quin
2618 619 2783 674 etiam
2814 619 2931 691 ipse
2961 636 3176 693 quoque
3204 624 3498 695 imperator

1920 706 2230 763 vehementi
2289 709 2510 765 stimulo
2567 710 2799 768 tristitiae
2859 713 2915 768 in
2974 716 3139 772 corde
3195 719 3492 785 sauciatus,

1919 809 2170 854 movetur
2192 802 2536 870 paenitentia,
2576 812 2631 860 et
2658 805 2864 861 litteris
2909 806 3271 879 imperatoriis
3300 827 3495 883 quam-

1919 890 2158 962 primum
2184 908 2438 966 magnum
2478 895 2628 951 illum
2661 907 2899 955 revocat.
2926 899 3115 956 Brison
3147 914 3328 960 autem
3352 915 3492 968 erat.

1919 983 2009 1040 cui
2050 984 2191 1041 datae
2231 986 2455 1043 fuerunt
2502 987 2717 1052 litterae,
2781 1007 2927 1050 unus
2955 1009 3020 1049 ex
3054 998 3345 1066 eunuchis,
3399 1001 3492 1070 qui

1919 1079 2307 1135 ministrabant
2360 1079 2637 1136 Eudoxiae.
2696 1080 2800 1149 Qui
2858 1100 2982 1140 cum
3026 1091 3366 1158 pervenisset
3424 1093 3493 1148 ad

1919 1181 2205 1238 sanctum,
2256 1174 2348 1244 qui
2403 1173 2637 1231 Prazneti
2667 1178 3050 1233 asservabatur
3104 1182 3164 1236 in
3222 1185 3492 1253 custodia,

1918 1263 2126 1333 rogavit
2157 1271 2214 1318 ut
2235 1263 2447 1319 veniret
2467 1272 2523 1320 et
2555 1265 2830 1322 civitatem
2856 1267 3109 1326 liberaret
3148 1287 3174 1327 a
3226 1273 3489 1343 periculo.

1916 1350 2027 1410 Sed
2053 1369 2165 1410 non
2205 1356 2272 1410 ad
2301 1355 2583 1413 Brisonem
2611 1374 2784 1430 usque
2820 1362 3067 1417 constitit
3111 1364 3234 1433 ejus
3285 1366 3494 1424 reditus

1915 1445 2154 1501 studium
2212 1456 2267 1501 et
2321 1448 2686 1504 acceleratio:
2737 1450 2834 1506 sed
2863 1461 2986 1521 post
3032 1452 3209 1523 ipsum
3271 1455 3383 1522 alii,
3437 1465 3493 1512 et

1915 1545 2040 1606 post
2062 1537 2182 1593 illos
2212 1538 2325 1595 alii.
2366 1539 2566 1610 Sicque
2599 1539 2701 1596 fuit
2728 1539 3040 1612 Bosphorus
3061 1544 3256 1615 plenus
3277 1560 3491 1613 eorum,

1916 1630 2008 1700 qui
2037 1630 2410 1687 mittebantur.
2439 1632 2577 1690 Cum
2609 1633 2793 1705 itaque
2824 1650 2950 1691 eum
2982 1636 3162 1692 redire
3184 1639 3500 1709 agnovisset

1916 1720 2109 1777 civitas
2170 1722 2311 1794 (erat
2359 1732 2546 1780 autem
2590 1726 2837 1782 decimus
2881 1727 3076 1783 tertius
3119 1727 3497 1804 Novembris),

1918 1815 2380 1884 quemadmodum
2414 1819 2751 1875 enumerarit
2774 1820 3045 1892 quispiam
3082 1818 3493 1882 multitudinem

1918 1919 2129 1973 eorum,
2153 1907 2243 1978 qui
2270 1908 2533 1964 exibant?
2558 1909 2840 1976 Quomodo
2857 1912 3139 1984 explicarit
3163 1917 3405 1973 studium
3435 1921 3501 1974 in

1917 1996 2290 2068 egrediendo?
2359 1998 2646 2066 Quomodo
2717 2005 3046 2074 expresserit
3114 2007 3497 2079 voluptatem?

1916 2089 2083 2144 Plane
2108 2088 2256 2144 enim
2282 2089 2635 2147 imitabantur
2672 2092 2875 2151 ﬂuenta
2906 2095 3217 2167 ﬂuviorum,
3246 2115 3370 2157 cum
3398 2103 3494 2158 alii

1915 2181 2037 2237 aliis
2061 2181 2375 2251 agminatim
2411 2186 2789 2244 succederent.
2816 2189 2884 2244 Et
2922 2198 3039 2244 erat
3067 2190 3284 2262 quidem
3340 2209 3504 2250 mare

1916 2275 2136 2345 plenum
2169 2277 2425 2349 navigiis,
2476 2281 2697 2351 plenum
2728 2292 2911 2338 autem
2943 2286 3124 2342 sonitu
3157 2289 3504 2361 canticisque

1915 2377 1969 2424 et
1989 2367 2226 2442 hymnis,
2258 2371 2350 2443 qui
2389 2373 2502 2428 Deo
2525 2389 2651 2429 cum
2681 2391 2875 2446 magna
2899 2377 3175 2449 voluptate
3214 2381 3492 2437 caueban-

1916 2466 2025 2513 tur.
2057 2457 2171 2514 Hoc
2196 2469 2377 2530 potest
2400 2460 2646 2518 insidens
2672 2465 2993 2524 animmviri
3014 2468 3369 2535 desiderium,
3395 2469 3493 2542 qui

1914 2550 2117 2607 virtute
2154 2552 2375 2622 quidem
2417 2564 2502 2610 est
2540 2566 2787 2625 ornatus,
2822 2568 2907 2614 est
2934 2570 3117 2615 autem
3143 2564 3370 2620 sortitus
3394 2581 3492 2636 po-

1914 2642 2027 2713 puli
2076 2643 2625 2713 administrationem,
2659 2655 2715 2703 et
2758 2662 2881 2703 eum
2908 2660 3055 2707 amat
3079 2660 3323 2722 paterne.
3373 2653 3495 2711 Hoc

1914 2743 1997 2790 est
2025 2734 2250 2791 evidens
2270 2747 2652 2808 argumentum
2684 2740 3000 2810 voluptatis,
3047 2759 3153 2813 qua
3179 2752 3308 2800 tunc
3335 2744 3491 2801 frue-

1912 2826 2132 2894 bantur,
2186 2828 2279 2899 qui
2309 2829 2571 2900 jucundis
2609 2846 2668 2887 se
2710 2833 3002 2904 explebant
3044 2833 3264 2892 ﬂuentis
3310 2852 3495 2895 aurea:

1913 2917 2076 2988 bujus
2098 2918 2313 2990 linguae.
2338 2918 2492 2987 Quod
2513 2920 2680 2990 enim,
2711 2925 2802 2996 qui
2832 2939 2956 2981 eum
2988 2937 3339 2997 exceperunt,
3357 2929 3495 2987 adeo

1914 3018 2043 3064 sunt
2064 3011 2192 3078 laeti,
2238 3011 2292 3068 id
2320 3013 2646 3070 ostendebat
2676 3017 3038 3087 privationem
3073 3018 3241 3076 fuisse
3270 3034 3492 3078 causam

1913 3104 2095 3175 magni
2128 3105 2355 3161 doloris.
2385 3105 2612 3179 Magnus
2648 3118 2830 3165 autem
2861 3111 3035 3177 dolor,
3071 3123 3193 3184 post
3237 3115 3468 3186 privatio
3555 3099 3564 3108 ’

227 3190 421 3247 καὶτὰ
449 3191 547 3262 μὲν
576 3191 757 3262 δεήσει
783 3188 1142 3261 χρησάμενοι,
1171 3187 1239 3242 τά
1261 3187 1318 3241 δὲ
1348 3187 1443 3240 καὶ
1465 3185 1812 3259 προσϐιασά-

1916 3209 2068 3261 nem,
2126 3204 2355 3252 testatur
2401 3197 2627 3269 omnino
2650 3197 2819 3255 fuisse
2871 3216 3057 3271 parem
3119 3185 3278 3259 antea
3336 3205 3496 3260 volu-

232 3301 413 3358 μενοι,
461 3284 709 3339 πείθουσι
742 3282 897 3353 μόλις
929 3281 1187 3352 ἐπιϐῆναι
1211 3279 1313 3351 τῆς
1341 3277 1570 3341 πόλεως.
1610 3277 1698 3342 Ὠς
1752 3277 1811 3332 δὲ

229 3380 332 3435 καὶ
366 3378 443 3450 τῷ
482 3376 657 3447 θρόνῳ
714 3373 963 3439 καθίζειν
1012 3371 1258 3443 ἔμελλον,
1335 3368 1573 3441 ἰσχυρῶς
1634 3368 1812 3423 avrai--

228 3488 382 3546 χετο,
427 3470 593 3525 πάλιν
638 3469 775 3533 δεῖν,
828 3466 1040 3534 λέγων,
1084 3464 1152 3520 τά
1201 3462 1546 3534 ψηφισθέντα
1583 3463 1813 3533 δοκιμα-

232 3562 432 3634 σθῆναι
483 3560 752 3632 πρότερον
794 3555 1242 3625 καθολικωτέρας
1298 3552 1530 3622 τυχόντα
1592 3552 1812 3624 ἐπικρί-

229 3668 395 3715 σεως.
433 3649 574 3703 Ἀλλ’
635 3651 663 3705 ὁ
706 3648 800 3702 τοῦ
853 3645 981 3701 λαοῦ
1038 3645 1305 3717 κρείττων
1357 3643 1570 3712 γίνεται
1651 3643 1816 3708 πόθος

231 3742 536 3815 (ὲγλίχοντο
576 3740 684 3813 γὰρ
732 3738 833 3809 τῆς
870 3738 1138 3808 μελιχρᾶς
1177 3734 1486 3789 ἐπακοῦσαι
1537 3734 1810 3805 γλώττης,

226 3831 300 3909 ἧς
352 3834 599 3903 συνήθως
654 3831 977 3901 ἀπέλαυον),
1034 3829 1132 3884 καὶ
1174 3829 1255 3892 είς
1301 3827 1393 3882 τὸν
1420 3829 1816 3898 πατριαρχικὸν

227 3926 408 3990 οὕτως
436 3921 703 3994 ἀνάγουσι
735 3922 947 3993 θρόνον.
988 3920 1047 3974 '0
1076 3920 1134 3973 δὲ
1156 3919 1370 3983 πάντας
1398 3935 1459 3972 τε
1489 3917 1657 3988 ἡδέως
1681 3913 1815 3985 εἶδε,

228 4018 328 4074 καὶ
354 4016 544 4086 ὥσπερ
572 4015 714 4078 ἔθος,
740 4013 839 4086 τὴν
868 4014 1095 4084 εἰρήνην
1122 4012 1307 4076 αὐτοῖς
1338 4009 1634 4082 ἐπηύξατο.
1660 4007 1816 4063 Οὕτω

230 4109 343 4182 μὲν
366 4113 400 4181 ή
442 4108 741 4179 Ἐκκλησία
782 4107 873 4162 τὸν
927 4106 1131 4176 ἑαυτῆς
1164 4102 1399 4175 νυμφίον
1440 4100 1814 4164 ἀπολαϐοῦσα,

228 4200 332 4256 καὶ
368 4199 429 4252 τὸ
474 4196 761 4269 περιελθὸν
794 4196 935 4267 αὐτῇ
985 4195 1123 4258 τέως
1180 4191 1508 4264 σκυθρωπὸν
1563 4192 1809 4261 λύσασα,

229 4293 389 4365 ήνθει
421 4290 518 4344 καὶ
572 4289 764 4344 ἐθαλλε
806 4290 930 4352 ταῖς
979 4287 1235 4357 ποτίμοις
1279 4286 1445 4339 αὐτοῦ
1492 4284 1602 4340 τῶν
1645 4285 1818 4355 λόγων

228 4382 571 4455 ἀρδευομένη
602 4381 829 4451 πηγαῖς.
864 4378 1032 4442 ’Δλλ’,
1067 4372 1112 4433 ὧ
1144 4376 1332 4446 φθόνε,
1362 4376 1533 4431 κακὸν
1566 4377 1814 4448 ἄμαχονί

230 4473 328 4528 Σοὶ
353 4474 463 4544 γὰρ
491 4471 628 4535 ὅλως
647 4471 749 4524 οὐκ
777 4464 845 4541 ῆν
880 4470 1129 4540 ἠρεμεῖν,
1156 4467 1279 4522 οὐδέ
1322 4484 1447 4520 τινα
1473 4467 1633 4539 κόρον
1660 4467 1816 4539 ἔσχες

1916 3293 2140 3356 ptatem.
2179 3287 2315 3342 Cum
2343 3303 2472 3359 ergo
2496 3302 2796 3358 revertens,
2833 3300 2979 3348 esset
3012 3294 3256 3364 proxime
3305 3295 3495 3351 civita-

1919 3383 2049 3442 tem,
2078 3376 2299 3432 nolebat
2326 3378 2474 3448 prius
2504 3378 2732 3452 ingredi,
2758 3396 2920 3451 quam
2950 3382 3145 3453 majori
3169 3384 3375 3454 judicio
3407 3402 3496 3441 res

1917 3466 2037 3537 ejus
2068 3466 2544 3524 committeretur:
2602 3471 2697 3526 sed
2746 3472 2978 3542 populus
3009 3489 3154 3544 aegre
3185 3474 3412 3542 ferebat,
3439 3485 3496 3532 et

1916 3559 1982 3615 ad
2014 3559 2323 3616 audendum
2363 3561 2477 3633 jam
2520 3576 2578 3618 se
2627 3563 2872 3633 parabat.
2928 3572 2984 3618 et
3033 3578 3149 3630 eos,
3186 3564 3277 3644 qui
3309 3582 3493 3622 rerum

1916 3653 2288 3725 potiebantur,
2334 3656 2705 3712 insectabatur
2729 3656 3056 3723 maledictis,
3091 3658 3268 3714 donec
3304 3674 3498 3715 omnes

1918 3745 1971 3799 in
2026 3744 2167 3801 idem
2200 3746 2630 3828 convenientes,
2680 3756 2734 3803 et
2766 3748 2965 3819 partim
3014 3750 3231 3819 quidem
3277 3761 3499 3808 utentes

1917 3835 2192 3905 precibus,
2251 3835 2446 3907 partim
2506 3844 2687 3891 autem
2735 3837 2844 3891 vim
2896 3836 3186 3893 aﬂ‘erentes
3237 3839 3496 3910 (audaciae

1917 3925 2060 3982 enim
2092 3925 2295 3997 aliquid
2327 3926 2490 3982 habet
2518 3925 2870 3997 desiderium)
2903 3926 2991 3982 vix
3023 3928 3241 3983 tandem
3266 3945 3496 4000 persua-

1917 4018 2051 4073 dent
2075 4016 2382 4074 ‘ascendere
2426 4017 2724 4072 civitatem.
2751 4014 2888 4072 Cum
2922 4032 3053 4073 vero
3076 4028 3262 4074 essent
3283 4035 3408 4074 eum
3440 4019 3495 4075 in

1919 4112 2046 4167 sede
2090 4110 2430 4177 collocaturi,
2481 4109 2597 4181 ipse
2647 4123 2837 4164 rursus
2861 4109 3066 4165 resistit
3092 4112 3497 4177 vehementius,

1920 4202 2110 4258 dicens
2141 4211 2397 4273 Oportere
2421 4217 2506 4267 ea,
2541 4216 2662 4271 quae
2693 4200 2844 4272 prius
2886 4210 3016 4257 sunt
3071 4202 3307 4269 decreta,
3364 4222 3495 4260 exa—

1919 4294 2139 4359 minari,
2165 4305 2222 4350 et
2245 4287 2469 4350 omnino
2498 4294 2669 4364 magis
2689 4293 2943 4364 generale
2964 4295 3180 4365 assequi
3205 4296 3492 4365 judicium.

1919 4385 2026 4441 Sed
2074 4386 2206 4442 vicit
2251 4385 2435 4456 pppuli
2463 4385 2748 4455 judicium,
2777 4385 3066 4454 quod‘erat
3098 4386 3290 4442 fortius
3315 4389 3495 4443 omni-

1920 4479 2023 4535 bus
2055 4496 2069 4533 :
2104 4487 2158 4535 et
2191 4476 2270 4533 sic
2299 4492 2423 4533 cum
2456 4491 2646 4533 rursus
2666 4477 2721 4532 in
2743 4478 2929 4532 sedem
2960 4477 3228 4535 reducunt
3264 4480 3495 4551 patriar-

230 4565 345 4621 τῶν
376 4564 498 4619 κατ’
521 4562 691 4617 αὑτοῦ
722 4560 1060 4633 προσϐαλῶν,
1089 4558 1216 4627 ἕως,
1240 4546 1399 4633 ἀγρῖε
1419 4558 1514 4613 καὶ
1540 4559 1813 4623 ἀ.·ι;ίθιι.σσε1

1928 4568 2158 4626 cbalem.
2192 4567 2284 4623 me
2306 4576 2487 4623 autem
2534 4576 2588 4623 ct
2634 4581 2826 4623 omnes
2863 4567 3114 4625 lubenter
3153 4546 3381 4641 aspexit,
3415 4582 3491 4639 et,

205 4657 420 4714 ,τέλεον
469 4656 633 4711 αὑτὸν
672 4651 1009 4726 ἀπορρῆξαι,
1059 4651 1156 4706 καὶ
1218 4652 1437 4737 μακράν
1489 4650 1662 4704 θεῖναι
1715 4651 1813 4722 τῆς

1919 4669 1978 4716 ιιι
2023 4675 2143 4716 mos
2192 4670 2295 4727 est,
2320 4673 2512 4731 pacem
2537 4658 2616 4715 eis
2647 4666 2733 4715 est
2761 4670 3038 4731 precatus.
3067 4661 3135 4717 Et
3160 4661 3238 4717 sic
3270 4662 3495 4734 quidem

232 4751 475 4823 ποίμνης
523 4749 773 4822 ἴσχυσας,
830 4747 914 4814 αἲ,
951 4745 1031 4813 αἲ,
1064 4745 1155 4799 τὸν
1191 4745 1358 4799 καλὸν
1410 4744 1665 4816 ποιμένα,
1719 4743 1813 4797 καὶ

1917 4755 2157 4812 Ecclesia
2175 4770 2298 4810 cum
2320 4768 2478 4810 suum
2498 4767 2759 4824 sponsum
2790 4755 3111 4826 accepisset,
3146 4764 3202 4812 et
3226 4773 3346 4829 qua:
3376 4751 3503 4815 eam

233 4847 538 4919 ὀφθαλμοῖς
602 4844 906 4917 ἀγρύπνοις
967 4841 1139 4913 αὐτῆς
1195 4841 1612 4914 προϊστάμενον.
1667 4838 1813 4910 Πλὴν

1917 4846 2377 4911 circumsistebat,
2422 4854 2552 4901 tunc
2577 4845 2828 4902 solvisset
2858 4847 3159 4917 tristitiam,
3189 4848 3413 4906 ﬂorebat
3440 4861 3495 4906 et

235 4941 375 4997 ἀλλά
401 4942 524 4998 τίνα
547 4940 753 5012 τρόπον.
775 4937 956 4993 πάντα
983 4935 1208 5007 συνέϐη,
1225 4936 1320 4989 καὶ
1341 4934 1562 5006 πόθενοή
1588 4932 1812 5005 ἀφορμὴ

1917 4937 2258 5011 germinabat
2285 4937 2502 5009 irrigata
2526 4937 2861 4993 suavissimis
2888 4938 3179 4995 verborum
3212 4941 3330 5011 ejus
3368 4941 3495 4998 fou-

235 5032 314 5104 τῷ
343 5034 523 5105 φθόνῳ
550 5032 646 5086 τοῦ
677 5029 897 5087 τοσοῦδε
936 5025 1147 5094 κακοῦ;

1920 5030 2086 5088 tibus.
2112 5031 2244 5100 Sed,
2273 5046 2307 5087 ο
2327 5030 2551 5091 invidia.
2570 5029 2771 5085 malum
2792 5030 3075 5097 invictum,
3097 5033 3321 5099 malum,
3353 5036 3501 5105 quod

233 5142 452 5197 semper
499 5126 658 5182 bonis
707 5124 1016 5180 insidiatur.
1068 5119 1193 5183 Tibi
1232 5119 1380 5177 enim
1429 5120 1655 5178 omnino
1700 5136 1814 5177 non
1849 5118 2048 5179 licebat
2109 5124 2415 5194 quiescere,
2474 5141 2652 5196 neque
2681 5125 2787 5180 ulla
2826 5133 2879 5181 te
2900 5126 3046 5197 cepit
3077 5127 3299 5184 satietas
3321 5130 3500 5186 conti-

233 5236 471 5278 nuorum
509 5221 833 5287 insultuum,
865 5219 1063 5283 donec,
1090 5230 1125 5272 o
1152 5231 1301 5272 saeva
1322 5224 1380 5271 et
1441 5216 1690 5286 agrestis,
1725 5231 1849 5270 eum
1889 5217 2102 5272 valuisti
2159 5219 2383 5274 omnino
2410 5219 2734 5289 abrumpere
2760 5228 2815 5274 et
2852 5220 3038 5292 procul
3069 5235 3098 5277 a
3132 5237 3292 5295 grege
3323 5240 3504 5280 remo-

235 5336 385 5389 vere,
409 5320 558 5375 heu!
591 5314 734 5371 heu!
762 5314 974 5369 bonum.
994 5319 1293 5382 pastorem,
1319 5317 1377 5366 et
1408 5310 1501 5381 qui
1528 5308 1877 5381 vigilantibus
1938 5311 2113 5367 oculis
2164 5312 2212 5367 ei
2257 5319 2506 5382 praeerat.
2536 5311 2642 5368 Sed
2680 5329 2915 5383 quonam
2962 5315 3124 5372 modo
3150 5315 3267 5373 haec
3301 5333 3503 5374 evene-

236 5421 386 5476 runt,
413 5421 470 5467 et
497 5409 770 5465 undenam
795 5419 985 5460 rursus
1006 5404 1223 5460 invidiae
1248 5402 1383 5458 tanti
1410 5402 1538 5458 mali
1562 5402 1816 5459 occasio?

305 5505 441 5563 λη’.
481 5504 660 5576 Στήλη
699 5519 783 5567 τις
810 5502 1031 5574 ἀργυρᾶ
1075 5503 1175 5571 τῆς
1216 5499 1491 5571 βασιλίδος
1519 5500 1687 5570 ὲγγύς
1712 5518 1813 5554 που

1996 5495 2207 5552 XLVII.
2272 5496 2464 5552 Statua
2524 5497 2770 5567 quasdam
2824 5509 3083 5573 argentea
3142 5502 3505 5574 imperatricis

236 5601 333 5657 τοῦ
384 5599 556 5673 ἱεροῦ,
584 5593 629 5669 ᾧ
672 5599 845 5669 Σοφία
897 5595 1206 5667 ἐπώνυμον,
1240 5595 1333 5649 ἐπὶ
1383 5594 1564 5658 κίονος
1600 5589 1687 5665 ἦν.
1729 5593 1813 5646 Ἐν

1926 5606 2093 5662 prope
2152 5589 2436 5660 templum,
2498 5591 2584 5646 cui
2639 5606 2939 5664 cognomen
2969 5603 3056 5652 est
3109 5593 3328 5667 Sophia,
3382 5610 3501 5653 erat

244 5694 418 5769 ταύτῃ
455 5693 705 5765 συνήθως
739 5691 1006 5764 δημὼδεις
1031 5687 1348 5761 ἠθροίζοντο
1371 5684 1601 5741 παιδιαί.
1637 5685 1813 5754 Ὅπερ

1926 5697 2090 5753 super
2128 5681 2460 5738 columnam.
2500 5684 2559 5738 in
2589 5699 2652 5739 ea
2690 5684 2759 5740 de
2789 5700 2943 5741 more
2990 5687 3191 5742 ﬁebant
3225 5689 3333 5744 ludi
3374 5690 3500 5759 qui-

239 5786 269 5840 ὁ
301 5786 471 5859 μέγας
511 5784 670 5858 ὕϐριν
711 5781 851 5839 εἶναι
902 5781 995 5838 τοῦ
1044 5777 1172 5837 ναοῦ
1216 5778 1597 5850 λογισάμενος,
1627 5777 1715 5831 διὰ
1758 5775 1813 5829 τὸ

1929 5775 2051 5830 dant
2100 5773 2321 5845 publici.
2368 5772 2524 5842 Quod
2572 5777 2792 5848 quidem
2827 5793 2951 5833 cum
2979 5795 3204 5854 magnus
3233 5781 3320 5865 ille
3350 5790 3502 5841 recte
