3834 6552
309 405 447 469 1175

1535 398 1819 459 MENSIS
1855 395 2311 478 JANUARIUS.

3419 396 3570 461 1176

301 523 607 589 reputasset
626 527 746 568 esse
773 511 955 582 templi
980 508 1361 567 contumeliam
1386 507 1473 577 (ad
1503 521 1688 561 sacros
1710 504 1875 565 enim,

1994 504 2096 566 τοῖς
2125 503 2291 573 ίεροῖς
2313 499 2502 572 ὕμνοις
2527 499 2805 573 ᾀδομένοις
2830 500 3097 567 ἀτάκτους
3115 517 3174 556 τε
3197 502 3291 557 καὶ
3307 503 3570 573 ἀσήμους

302 610 393 682 qui
456 607 795 663 canebantur
854 605 1104 676 hymnos,
1150 602 1393 658 confusae
1451 608 1505 654 et
1557 596 1877 652 inordinata;

303 715 462 756 voces
504 706 691 753 contra
735 695 1104 762 resonabant),
1152 709 1293 764 same
1320 700 1500 748 autem
1536 691 1874 752 adhortatus,

299 806 411 847 non
449 788 719 861 potuisset
753 786 931 840 facere
967 792 1026 840 ut
1055 792 1354 848 cessarent,
1384 782 1623 853 linguam
1648 780 1792 833 laxat
1823 777 1877 831 in

300 898 416 949 eos,
453 879 544 951 qui
578 880 691 933 lucc
722 877 985 949 jubebant
1013 876 1151 931 fieri.
1182 876 1370 945 Itaque
1402 873 1641 930 Eudoxia
1691 887 1879 928 rursus

306 976 376 1032 ad
422 990 479 1030 se
516 973 738 1029 trahens
790 985 851 1026 ea
908 985 1029 1041 qua:
1072 969 1412 1033 dicebantur,
1464 976 1517 1023 et
1564 966 1880 1021 existimans

301 1066 485 1123 omnia
511 1065 576 1119 ad
608 1080 666 1119 se
712 1061 920 1126 referri,
944 1060 1177 1133 gnaviori
1209 1061 1315 1115 telo
1351 1059 1445 1113 irae
1475 1058 1738 1123 sauciata,
1763 1064 1881 1112 erat

301 1154 681 1219 intolerabilis,
720 1167 822 1207 nec
842 1160 1055 1223 poterat
1076 1148 1342 1215 cohiberi,
1372 1157 1635 1219 quantum
1666 1146 1880 1200 edicere

301 1256 535 1319 poterat,
588 1245 904 1300 universum
952 1250 1198 1297 evertere
1257 1239 1598 1311 aggrediens,
1640 1246 1694 1293 et
1743 1236 1879 1291 nihil

301 1338 451 1393 aliud
478 1324 734 1391 effectum
764 1332 990 1388 reddere
1020 1331 1359 1393 machinans,
1383 1345 1545 1400 quam
1574 1338 1880 1399 opportune

302 1447 429 1487 eum
453 1428 658 1492 ulcisci,
685 1426 775 1497 qui
802 1426 948 1481 visus
970 1424 1143 1479 fuerat
1161 1438 1278 1478 eam
1298 1422 1507 1478 afﬁcere
1528 1420 1723 1492 injuria
1744 1419 1877 1492 (56).

304 1526 515 1581 Rursus
555 1536 683 1591 ergo
720 1516 901 1572 statim
931 1515 1362 1587 congregabatur
1392 1514 1631 1586 synodus
1662 1512 1795 1584 (37),
1827 1519 1882 1567 et

302 1613 497 1668 litterae
545 1608 903 1664 mittebantur
935 1606 1319 1676 imperatoriae,
1347 1620 1467 1675 quae
1502 1612 1557 1659 et
1585 1604 1719 1659 alios
1760 1603 1880 1677 epi—

303 1722 498 1777 scopos
524 1715 575 1760 et
604 1718 719 1768 eos,
743 1702 834 1771 qui
868 1714 1045 1771 nuper
1094 1707 1439 1754 accusatores
1484 1697 1722 1763 fuerant,
1754 1712 1883 1752 evo-

301 1800 520 1858 cabant.
574 1797 707 1850 Cum
758 1800 939 1847 autem
992 1806 1100 1845 non
1128 1799 1272 1845 esset
1322 1790 1403 1845 eis
1441 1789 1670 1843 honesta
1719 1783 1881 1844 causa

1980 592 2337 664 ἀντηχεῖσθαι
2371 593 2576 663 φωνὰς,
2622 595 2746 647 ἐπεὶ
2783 593 2955 648 πολλά
2986 596 3327 666 παραινέσας
3355 596 3569 651 παύειν

1981 685 2083 738 ούκ
2129 681 2266 755 εἷχε,
2297 688 2620 758 παραχωρεῖ
2661 688 2727 757 τῇ
2781 685 2996 759 γλώττῃ
3038 687 3182 740 κατά
3222 687 3332 741 τῶν
3381 689 3568 742 ταῦτα

1980 775 2233 843 γενέσθαι
2275 775 2628 833 κελευόντων.
2675 778 2737 830 Ἡ
2793 778 2969 833 τοίνυν
2992 778 3232 844 ,Εὐδοξία
3274 780 3436 833 πάλιν
3477 781 3570 843 εις

1984 867 2185 937 ἑαυτὴν
2212 868 2445 921 ἕλκουσα
2471 868 2540 922 τά
2585 868 2876 940 λεγόμενα,
2908 872 3006 924 καὶ
3044 871 3180 943 πρὸς
3228 872 3397 942 αὐτὴν
3423 874 3570 926 ἀνα·

1984 956 2249 1026 φέρεσθαι
2297 957 2360 1011 τὸ
2407 960 2515 1012 πᾶν
2564 961 2809 1031 οἰομένη,
2855 960 3139 1034 βαρυτέρῳ
3185 965 3419 1016 τυπεῖσα
3459 963 3567 1016 τοῦ

1984 1048 2159 1120 θυμοῦ
2197 1050 2410 1122 κέντρῳ
2449 1051 2723 1123 ἀφόρητος
2762 1069 2822 1106 τε
2867 1054 2960 1107 καὶ
2995 1054 3297 1117 ἀκάθεκτος
3343 1050 3434 1126 ἦν,
3485 1056 3565 1125 γῇ

1983 1142 2261 1196 θάλασσαν
2312 1143 2571 1215 μιγνῦσα,
2618 1144 2714 1198 καὶ¹
2763 1143 2824 1199 τδ
2888 1147 2997 1200 πᾶν
3041 1146 3348 1217 στρέφουα,
3399 1146 3566 1200 οὐδὲν

1982 1234 2113 1289 ἄλλο
2161 1236 2441 1308 περαίνειν
2498 1236 2801 1309 βουλομένη
2845 1238 3129 1310 πρότερον,
3162 1238 3198 1308 ἢ
3245 1236 3570 1307 ἀμύνασθαι

1982 1327 2074 1382 τὸν
2100 1328 2328 1397 δόξαντα
2363 1329 2670 1403 ύὸρικέναι.
2699 1329 2874 1395 Εὐθὺς
2912 1327 3005 1385 οὖν
3041 1331 3258 1396 σύνοδος
3286 1332 3570 1403 ἐκροτεῖτο

1985 1423 2170 1490 πάλιν,
2208 1424 2301 1477 καὶ
2337 1423 2591 1495 βασιλικὰ
2625 1425 2762 1495 πρὸς
2798 1424 2973 1496 τούτῳ
3004 1429 3309 1498 γράμματα
3332 1427 3568 1496 διεπέμ-

1985 1532 2170 1578 ποντο,
2228 1516 2421 1582 ἄλλους
2468 1535 2528 1571 τε
2568 1518 2678 1571 τῶν
2712 1520 3046 1586 ἐπισκόπων,
3073 1521 3168 1574 καὶ
3208 1522 3331 1585 τοὺς
3366 1519 3570 1590 πρώην

1984 1609 2326 1681 κατηγόρους
2358 1611 2837 1683 μετακαλούμενα.
2865 1613 3019 1667 Ἐπεὶ
3048 1613 3106 1667 δὲ
3130 1617 3232 1668 οὐκ
3266 1609 3338 1685 ἦν
3375 1615 3569 1676 αὐτοῖς

1985 1701 2345 1772 εὐπρόσωπος
2396 1703 2621 1775 ἀφορμὴ
2670 1704 2764 1758 τοῦ
2813 1705 2885 1760 τὰ
2949 1707 3054 1777 ἤδη
3111 1706 3570 1777 κατηγορηθέντα

1986 1795 2178 1857 κινεῖν,
2210 1794 2359 1864 ὅμως
2406 1796 2508 1849 οὐκ
2552 1796 2795 1868 ἄσπορον
2839 1798 3074 1868 κατέστη
3125 1799 3239 1861 τοῖς
3285 1800 3567 1869 πονηροῖς,

302 1888 560 1947 movendi
612 1902 699 1950 ea,
743 1898 974 1956 quorum
1017 1883 1125 1953 jam
1173 1881 1354 1948 fuerat
1410 1889 1738 1946 accusatus,
1792 1895 1882 1935 ars

1994 1884 2184 1955 μαθεῖν
2212 1861 2272 1949 ἐξ
2311 1886 2499 1958 ἐτέρου
2532 1861 2920 1956 σπουδάσασιν,
2952 1889 2980 1943 δ
3021 1861 3223 1959 γνῶναι
3270 1861 3572 1962 παρἠἐαυ-

304 1994 483 2040 tamen
514 1996 621 2037 non
655 1979 829 2035 defuit
881 1976 1121 2033 malitiae.
1149 1976 1233 2031 Ad
1283 1992 1409 2031 eum
1454 1975 1624 2041 enim,
1685 1974 1778 2045 qui
1826 1975 1882 2029 in

303 2076 467 2130 rebus
532 2071 809 2144 ejusmodi
853 2078 972 2126 erat
1027 2067 1521 2140 ingeniosissimus,
1555 2076 1608 2121 et
1655 2066 1721 2121 ad
1771 2066 1885 2121 haec

304 2163 671 2222 construenda
709 2161 1114 2227 solertissimus,
1152 2172 1347 2229 nempe
1386 2157 1453 2212 ad
1497 2157 1882 2228 Theophilum,

305 2267 616 2315 statuerunt
648 2255 909 2321 scribere,
960 2263 1018 2309 ut
1063 2253 1149 2308 vel
1197 2250 1413 2324 veniret
1454 2250 1882 2321 quamprimum,

304 2353 391 2408 vel
428 2350 646 2405 modum
668 2348 748 2403 eis
770 2362 962 2403 rursus
987 2353 1320 2418 suggereret,
1352 2360 1448 2415 per
1474 2359 1634 2414 quem
1664 2352 1887 2414 possent

308 2445 572 2501 adversus
623 2440 848 2497 Joannis
899 2452 1168 2494 summam
1203 2435 1531 2492 contendere
1579 2439 1884 2491 veritatem.

307 2536 427 2608 Ipse
453 2540 657 2598 autem,
698 2540 755 2586 ut
785 2528 877 2602 qui
920 2528 1194 2600 quomodo
1225 2527 1451 2599 legisset
1483 2534 1628 2582 esset
1655 2540 1884 2590 memor,

306 2626 495 2683 venire
530 2624 750 2696 quidem
776 2624 845 2678 ad
869 2637 964 2678 eos
1000 2620 1288 2686 recusavit,
1317 2629 1375 2674 ut
1407 2617 1552 2689 quod
1596 2632 1705 2672 non
1744 2623 1889 2672 esset

309 2720 414 2776 sibi
435 2716 813 2774 conducibile:
841 2714 1006 2769 mittit
1027 2722 1207 2768 autem
1233 2722 1343 2767 tres
1368 2727 1431 2766 ex
1461 2709 1575 2766 suis
1594 2709 1886 2780 episcopis,

309 2816 389 2870 eis
418 2813 545 2869 dato
574 2824 784 2867 canone
821 2807 887 2862 ad
931 2804 1336 2861 accusationem
1376 2802 1511 2872 ('58),
1550 2816 1710 2870 quem
1738 2800 1890 2870 prius

308 2908 716 2976 proposuerunt
775 2896 966 2952 Ariani
1024 2894 1286 2951 adversus
1352 2891 1587 2945 validum
1631 2888 1889 2944 Ecclesiae

309 2992 801 3070 propugnaculum,
840 3002 1037 3059 nempe
1076 2983 1458 3048 Athanasium,
1495 2981 1586 3052 qui
1622 2980 1755 3036 dicit
1787 2997 1800 3033 :
1831 2979 1889 3036 Si

312 3089 433 3159 quis
461 3085 752 3156 episcopus
783 3090 877 3135 aut
898 3077 1177 3150 presbyter
1196 3075 1340 3146 justc
1369 3081 1463 3128 aut
1490 3072 1651 3127 etiam
1687 3071 1890 3141 injuste

312 3179 620 3250 depositus,
648 3190 746 3245 per
774 3187 834 3228 se
873 3170 1101 3226 redierit
1144 3169 1346 3238 absque
1375 3165 1581 3239 synodo
1610 3162 1885 3228 Ecclesiae,

313 3275 362 3329 ei
394 3287 505 3326 non
548 3269 710 3324 detur
748 3263 983 3335 amplius
1020 3262 1172 3317 locus
1216 3256 1575 3315 defensionis.
1607 3255 1783 3328 Atque
1813 3254 1891 3311 sic

312 3363 535 3437 quidem
568 3360 635 3425 is,
659 3357 745 3414 cui
767 3356 952 3412 nullus
975 3362 1093 3410 erat
1120 3369 1218 3424 par
1247 3351 1614 3423 improbitate,
1640 3349 1893 3406 cochlear

312 3453 586 3518 Ecclesiae,
624 3450 823 3522 Libyca
856 3448 1011 3518 plane
1041 3446 1178 3513 fera,
1228 3462 1293 3501 ex
1351 3443 1584 3515 Aigypto
1645 3442 1890 3503 Proteus,

315 3545 479 3619 jussit
502 3558 598 3601 eos
624 3541 808 3598 dicere
836 3539 930 3611 qui
978 3539 1049 3593 ab
1102 3538 1219 3608 ipso
1264 3534 1415 3591 missi
1474 3534 1713 3599 fuerant,
1754 3531 1893 3587 nihil

316 3638 461 3696 aliud
491 3638 679 3694 volens
701 3633 944 3696 efﬁcere,
968 3645 1130 3701 quam
1161 3637 1220 3684 ut
1267 3628 1345 3683 sic
1389 3642 1488 3682 sua
1540 3632 1687 3681 esset
1741 3623 1894 3678 firma

316 3748 380 3788 ac
408 3739 523 3786 rata
548 3726 843 3793 sententia,
891 3733 946 3780 et
991 3738 1061 3777 ne
1106 3721 1222 3775 viro
1253 3720 1468 3792 egregio
1501 3719 1724 3774 daretur
1745 3716 1898 3771 locus

316 3821 562 3880 diluendi
600 3818 923 3880 calumnias,
957 3828 1081 3884 quae
1129 3811 1458 3880 ei°objectae
1501 3809 1739 3863 fuerant.
1789 3806 1896 3862 Sed

318 3916 410 3974 ille
449 3928 556 3969 non
592 3910 892 3982 vulpinam,
925 3905 1019 3960 sed
1046 3902 1319 3958 lconinam
1359 3901 1542 3975 potius
1579 3898 1776 3971 pellem
1808 3898 1893 3952 in-

319 4008 515 4068 duens,
549 4014 744 4070 nempe
790 3996 1099 4059 veritatem,
1149 3992 1282 4048 dicit
1331 4006 1434 4046 nec
1471 4005 1530 4045 se
1585 3990 1639 4043 in
1691 3987 1895 4060 judicio

317 4100 507 4162 fuisse,
541 4111 715 4166 neque
736 4090 1136 4149 accusationem
1161 4088 1454 4151 audivisse,
1479 4100 1657 4155 neque
1674 4083 1897 4139 omnino

318 4191 583 4249 habuisse
636 4198 850 4257 tempus
894 4184 962 4240 ad
1000 4166 1374 4239 defensionem
1412 4198 1425 4234 :
1467 4178 1536 4232 ab
1567 4178 1896 4246 imperatore

321 4298 503 4359 autem
559 4286 728 4342 fuisse
756 4284 1063 4354 expulsum,
1099 4289 1154 4335 et
1185 4280 1255 4335 ab
1288 4278 1378 4333 illo
1403 4291 1592 4332 rursus
1618 4276 1704 4331 vel
1752 4275 1892 4330 invi-

323 4393 437 4438 tum
491 4378 906 4435 introductum:
972 4373 1174 4443 alioqui
1226 4379 1409 4426 autem
1460 4385 1521 4425 se
1558 4368 1699 4424 scire
1752 4369 1896 4424 hunc

320 4488 587 4533 canonem
626 4471 793 4527 fuisse
839 4466 1204 4537 compositum
1247 4463 1317 4519 ab
1366 4459 1629 4518 Arianis:
1670 4470 1726 4517 et
1766 4477 1899 4531 quo-

1985 1974 2095 2028 τῶν
2127 1976 2333 2049 ἄπορον
2364 1973 2468 2051 ἦν..
2493 1979 2560 2032 Τί
2592 1976 2687 2034 οὖν
2724 1981 3075 2050 σκέπτονται,
3108 1983 3205 2036 καὶ
3250 1984 3340 2035 ποῖ
3373 1984 3573 2052 φέρον-

1984 2082 2117 2133 ται;
2155 2067 2294 2140 Πρὸς
2327 2070 2421 2123 τὸν
2465 2071 2628 2140 σοφὸν
2669 2071 2737 2126 τὰ
2770 2071 2998 2127 τοιαῦτα
3040 2074 3135 2128 καὶ
3180 2073 3572 2143 ποριμώτατον

1987 2163 2317 2233 κακουργεῖν
2347 2163 2583 2234 γράφειν
2625 2164 2893 2233 ἔγνωσαν,
2925 2166 3023 2219 καὶ
3059 2164 3191 2236 παρ’
3222 2165 3387 2219 αὐτοῦ
3417 2165 3572 2219 διδα-

1942 2286 1947 2291 -
1986 2252 2185 2321 χθῆναι
2218 2251 2316 2324 τὴν
2358 2254 2467 2308 τῶν
2518 2256 2914 2328 ἀπορουμένων
2972 2257 3217 2330 εὓρεσιν;
3257 2257 3574 2327 Γράφουσιν

1987 2340 2082 2399 οὖν
2115 2346 2360 2417 Θεοφίλῳ
2390 2348 2423 2416 ἢ
2456 2349 2772 2421 ἀπαντῆσαι
2801 2349 2863 2404 τδ
2901 2352 3067 2423 τάχος
3097 2351 3279 2417 πάλιν,
3306 2352 3339 2424 η
3364 2353 3575 2422 τρόπον

1989 2437 2171 2501 αὐτοῖς
2215 2438 2554 2507 ὑποθέσθαι,
2602 2441 2671 2494 δι’
2711 2436 2772 2496 οὗ
2818 2441 2886 2497 ἀν
2939 2442 3217 2515 δυνηθεῖεν
3283 2444 3421 2513 πρὸς
3466 2444 3576 2513 τὴν

1990 2528 2192 2601 πολλὴν
2259 2530 2507 2586 Ἰωάννου
2560 2533 2882 2589 διαπαλαίεν
2935 2534 3213 2606 ἀλήθειαν.
3255 2536 3425 2600 Αύτδς
3473 2532 3577 2590 οὖν

1990 2621 2266 2688 συνειδὼς,
2290 2624 2441 2686 ὅπως
2461 2626 2672 2696 ἀπέδρα
2699 2627 2991 2698 πρότερον,
3016 2627 3077 2681 τὸ
3102 2626 3202 2698 μὲν
3233 2628 3574 2699 ἀπαντῆσαι,

1991 2713 2085 2768 ἆτε
2113 2717 2188 2788 μὴ
2219 2715 2534 2772 λυσιτελοῦν
2574 2718 2742 2790 αύτῷ,
2778 2720 3164 2793 παρῃτήσατο·
3198 2723 3345 2792 τρεῖς
3371 2720 3429 2773 δὲ
3459 2721 3576 2775 τῶν

1993 2806 2085 2861 ὑπ’
2118 2808 2281 2863 αὑτὸν
2341 2811 2657 2864 ἐπισκόπων
2717 2812 3016 2881 ἐκπέμπει,
3068 2813 3270 2867 κανόνα
3311 2813 3435 2878 δοὺς
3489 2815 3576 2877 είς

1991 2900 2348 2972 κατηγορίαν,
2366 2901 2425 2955 δν
2457 2903 2727 2973 Ἀρειανοὶ
2757 2904 3019 2975 πρότερον
3043 2905 3183 2959 κατά
3211 2904 3306 2958 τοῦ
3338 2906 3576 2977 στερροῦ

1990 2992 2088 3060 τῆς
2130 2993 2456 3065 Ἐκκληοίας
2498 2994 2822 3066 ἐρείσματος
2863 2994 3186 3050 Ἀθανασῖου
3218 2997 3573 3067 προέτειναν,

1998 3086 2064 3141 Ei'
2092 3104 2176 3151 τις
2220 3088 2538 3153 ἐπίσκοπος,
2579 3088 2826 3158 λέγοντα,
2858 3089 2891 3160 ἦ
2931 3089 3303 3161 πρεσϐύτερος
3341 3091 3575 3157 δικαίως

1992 3179 2025 3248 ἢ
2055 3180 2148 3233 καὶ
2174 3180 2375 3244 ἀδίκως
2413 3181 2787 3253 καθαιρεθεὶς,
2820 3182 2997 3253 ἐαυτῷ
3028 3183 3317 3238 ἐπανέλθοι
3344 3183 3569 3238 συνόδου

1992 3271 2116 3343 δίχα
2167 3274 2234 3344 τῇ
2295 3272 2617 3346 Ἐκκλησία,
2664 3273 2742 3344 τῷ
2782 3273 3008 3345 τοιούτῳ
3071 3276 3271 3345 μηκέτι
3326 3276 3572 3329 δίδοσθαι

1995 3367 2179 3438 χώραν
2227 3365 2547 3435 ἀπολογίας.
2585 3365 2744 3422 Οὕτω
2778 3368 2877 3438 μὲν
2906 3367 3000 3422 οὖν
3033 3370 3060 3421 6
3113 3368 3304 3440 μηδενὶ
3331 3369 3433 3441 τὴν
3475 3385 3578 3423 πο-

1995 3457 2186 3530 νηρίαν
2219 3456 2524 3529 ίσούμενος,
2560 3459 2588 3512 6
2628 3458 2727 3529 τῆς
2756 3458 3086 3531 Ἐκκλησίας
3134 3458 3335 3525 δοῖδυξ,
3368 3462 3430 3513 τὸ
3472 3463 3574 3515 Δι-

1998 3548 2164 3603 ϐυκὸν
2186 3547 2396 3619 θηρίον,
2428 3551 2456 3602 6
2480 3548 2538 3616 ἐξ
2559 3549 2837 3618 Αἰγύπτου
2867 3552 3143 3620 Πρωτεὺς,
3170 3551 3343 3615 οὔτως
3366 3555 3574 3616 ἐκεῖνος

1995 3643 2107 3705 τοῖς
2144 3641 2238 3695 ὑπ’
2287 3641 2451 3695 αὐτοῦ
2504 3642 2831 3712 πεμφθεῖσιν
2870 3643 3140 3714 ἐπέτρεψε
3184 3643 3385 3713 λέγειν,
3417 3645 3575 3698 οὐδὲν

1998 3732 2209 3805 ἕτερον,
2250 3732 2283 3805 ἢ
2313 3734 2412 3806 τὴν
2441 3732 2606 3788 αὐτοῦ
2638 3734 2960 3805 βουλόμενος
2988 3735 3169 3806 ψῆφον
3201 3738 3447 3805 κρατεῖν,
3478 3738 3575 3790 καὶ

2003 3825 2139 3897 μηδὲ
2172 3823 2357 3898 χώραν
2382 3825 2605 3895 δοθῆναι
2633 3826 2711 3897 τῷ
2731 3827 2983 3899 μακαρίῳ
3012 3829 3109 3892 τὰς
3137 3829 3392 3893 διαϐολὰς
3422 3831 3577 3884 ἀπο-

2000 3915 2289 3971 δύσασθαι.
2335 3916 2507 3981 Αὐτὸς
2554 3917 2613 3971 δὲ
2673 3920 2811 3989 μήτε
2866 3910 3378 3987 δικάσασθαιέφη,
3437 3921 3576 3993 μήτε

2002 4009 2217 4080 γραφῆς
2255 4009 2513 4074 ἀκοῦσαι,
2545 4008 2674 4080 μήθ’
2720 4009 2855 4074 ὅλως
2890 4011 3082 4082 καιροῦ
3122 4013 3303 4082 τυχεῖν
3336 4013 3414 4076 είς
3442 4016 3576 4066 ἀπο-

2000 4101 2189 4169 λογίαν
2213 4117 2228 4133 ’
2269 4100 2375 4155 ὑπὸ
2402 4100 2665 4171 βασιλέως
2699 4101 2757 4156 δὲ
2796 4103 3122 4175 ἐξωσθῆναι,
3155 4105 3253 4158 καὶ
3282 4107 3411 4175 παρ’
3435 4104 3581 4158 ὲκεί-

2002 4209 2093 4246 νου
2111 4192 2274 4247 πάλιν
2303 4193 2640 4265 είσαχθῆναι,
2668 4195 2765 4248 καὶ
2793 4194 2867 4266 μὴ
2893 4196 3233 4267 βουλόμενος
3252 4196 3428 4259 ἄλλως
3449 4197 3579 4251 τεδδ

2002 4284 2097 4339 καὶ
2120 4284 2211 4338 τὸν
2234 4285 2436 4339 κανόνα
2455 4285 2644 4340 τοῦτον
2666 4286 2756 4340 ὑπ’
2779 4287 3077 4358 Ἀρειανῶν
3093 4285 3211 4343 οῖδα
3230 4289 3574 4355 συντεθέντα,

2003 4375 2095 4431 καὶ
2127 4376 2210 4429 ὅτι
2242 4378 2317 4447 μὴ
2345 4375 2527 4439 καλῶς
2554 4373 2718 4449 εἶχεν.
2742 4379 2848 4433 ὑπὸ
2870 4379 2968 4449 τῆς
2998 4382 3055 4433 έν
3086 4378 3323 4452 Σαρδικῇ
3360 4382 3577 4435 συνόδου

2002 4470 2431 4537 διαστραφέντα·
2463 4465 2710 4537 είτατοῖς
2740 4472 2871 4544 περὶ
2895 4472 3152 4527 ’Λκάκιον
3169 4475 3265 4527 καὶ
3286 4474 3576 4546 ’Δντίοχον,

320 4568 469 4624 niam
499 4580 608 4620 non
660 4573 803 4619 recte
845 4576 905 4616 se
951 4558 1206 4621 habebat,
1260 4572 1292 4610 a
1338 4552 1645 4610 Sardicensi
1693 4554 1889 4624 synodo

2005 4562 2336 4633 Σεὸηριανόν
2359 4580 2419 4615 τε
2453 4564 2548 4616 καὶ
2564 4565 2824 4635 Κυρῖνον,
2854 4561 2950 4619 καὶ
2976 4566 3068 4618 τοῦ
3096 4566 3297 4637 μέρους
3331 4565 3577 4621 Ἰωάννου

319 4660 491 4716 fuisse
518 4657 833 4726 abrogatum
858 4651 991 4724 (59).
1017 4648 1225 4705 Deinde
1246 4663 1370 4703 cum
1410 4647 1571 4701 simul
1611 4660 1736 4700 cum
1764 4645 1903 4698 Aca-

323 4753 410 4808 cio
435 4758 490 4805 et
521 4746 792 4803 Antiocho
839 4754 896 4800 et
926 4744 1047 4799 aliis
1082 4740 1571 4799 calumniatoribus
1628 4753 1694 4792 ex
1744 4727 1901 4808 parte

322 4852 542 4912 quoque
562 4834 788 4891 Joannis
826 4834 1016 4889 decem
1049 4831 1281 4903 ingressi
1314 4829 1546 4883 fuissent
1574 4826 1639 4879 ad
1672 4826 1904 4895 impera-

324 4945 526 4997 torem,
582 4937 637 4982 et
667 4927 740 4981 illi
766 4925 986 4997 quidem
1018 4924 1370 4984 afﬁrmarent,
1401 4920 1605 4986 dictum
1634 4932 1900 4991 canonem

324 5039 447 5081 esse
496 5022 711 5076 firmum
757 5028 813 5074 et
844 5018 1101 5083 validum,
1130 5023 1189 5070 ut
1211 5014 1304 5084 qui
1334 5021 1523 5082 aperte
1548 5010 1724 5065 factus
1757 5018 1901 5066 esset

324 5118 393 5172 ab
445 5110 806 5169 orthodoxis:
869 5110 924 5162 hi
973 5116 1156 5162 autem
1210 5107 1473 5169 dicerent,
1522 5118 1648 5158 eum
1698 5116 1818 5157 esse
1846 5110 1903 5157 et

324 5206 528 5264 mentis
574 5212 630 5259 et
673 5202 869 5273 lingua:
901 5200 1189 5259 luereticae,
1225 5206 1279 5252 et
1313 5196 1546 5268 maligne
1580 5196 1648 5250 ab
1676 5195 1759 5249 eis
1783 5209 1903 5250 esse

322 5306 626 5360 inventum.
659 5296 1019 5365 Quamobrem
1052 5309 1194 5364 saepe
1218 5293 1287 5349 ab
1313 5291 1553 5347 Ecclesia
1578 5291 1777 5363 injuste
1808 5305 1906 5345 ex-

395 5503 508 5575 (56)
542 5497 805 5575 Baronius
829 5493 1114 5575 justiorem
1145 5495 1528 5575 commotionis
1546 5509 1765 5575 causam
1792 5492 1885 5575 ξο-

320 5565 695 5632 οιιὶιίεόοιηιε
741 5565 1037 5638 Eudoxiam
1075 5571 1288 5630 astruit,
1324 5568 1468 5638 qttod
1509 5568 1628 5637 ejus
1662 5566 1886 5620 simula-

2002 4653 2134 4707 δέκα
2173 4654 2624 4710 συνεισελθόντων
2652 4658 2733 4720 εἰς
2779 4656 3028 4728 βασιλέα,
3062 4660 3156 4713 καὶ
3182 4657 3291 4735 τῷν
3334 4659 3435 4729 μὲν
3463 4659 3582 4711 δια-

2002 4748 2333 4837 τεινομένων
2361 4749 2454 4805 τὸν
2488 4749 2587 4822 ἤδη
2637 4750 2899 4821 λεχθέντα
2936 4751 3324 4824 συντηρεῖσθαι
3355 4750 3575 4814 κανόνα,

2001 4839 2076 4904 ὥς
2124 4858 2189 4910 γε
2228 4842 2323 4894 καὶ⁵
2375 4841 2480 4895 ὑπὸ
2537 4843 2835 4912 ὁρθοδόξων
2897 4844 3353 4916 συντεθειμένον,
3381 4841 3575 4897 τῶνδὲ

2003 4934 2292 5005 αἱρετικῆς
2327 4933 2489 4987 αὐτὸν
2541 4934 2738 5005 φρενὸς
2788 4933 2927 4990 εἶναι
2976 4936 3266 5005 λεγόντων,
3321 4937 3416 4991 καὶ
3474 4935 3579 4989 ὑπὸ

2001 5028 2209 5081 τούτων
2259 5025 2585 5097 κακούργως
2635 5027 3022 5100 ἐξευρημένον,
3061 5030 3177 5083 ἀνθ’
3209 5024 3285 5084 ὧν
3321 5030 3578 5092 πολλάκις

2003 5114 2103 5191 τῆς
2141 5118 2470 5188 Ἐκκλησίας
2501 5117 2704 5184 ἀδίκως
2753 5119 3049 5186 ἀπελαθεὶς
3093 5121 3431 5187 ’Δθανάσιος,
3463 5118 3579 5174 εἶτα

2007 5208 2202 5281 καιροῦ
2228 5208 2510 5279 τυγχάνων
2537 5208 2716 5279 ἑαυτῷ
2740 5211 2989 5283 ὲπεισῄει
3012 5228 3027 5242 ·
3059 5213 3151 5265 καὶ
3175 5213 3365 5283 ὅτιπερ
3403 5211 3581 5264 Ἰωάν-

2005 5322 2100 5369 νης
2135 5300 2256 5356 οὐδὲ
2288 5297 2601 5372 καθῄρηται
2648 5301 2939 5374 πρότερον,
2975 5301 3091 5357 ἀλλ’
3122 5302 3296 5366 οὔτως
3343 5301 3449 5356 ὑπὸ
3490 5301 3578 5354 κό-

1991 5491 2168 5547 virum
2200 5491 2313 5545 Dei.
2348 5490 2480 5546 Vide
2512 5488 2742 5558 Niceph.
2788 5487 2882 5543 lib.
2914 5503 3033 5548 xm.
3072 5486 3226 5558 c.7i7
3258 5501 3282 5558 ς,
3310 5483 3464 5540 Socr.
3485 5486 3572 5541 lib.

1994 5579 2088 5637 vt,
2109 5578 2158 5618 c.
2199 5562 2302 5628 16;
2339 5561 2555 5617 Sozom.
2582 5556 2677 5614 lib.
2717 5573 2833 5624 vrn,
2856 5575 2977 5637 gap.
3013 5558 3103 5622 9.0,
3124 5557 3223 5625 21;
3254 5556 3377 5611 ὕει’.
3398 5558 3466 5612 ad
3487 5573 3573 5612 an.

317 5663 474 5704 crum
498 5646 724 5704 scilicet,
753 5654 862 5693 non
891 5637 1065 5691 solum
1089 5634 1502 5708 Constantinop.
1536 5634 1890 5691 veneraretur
1995 5634 2118 5708 404ζ

321 5720 415 5773 scil
442 5735 536 5788 per
565 5710 871 5788 pthirincias
891 5709 1055 5788 etiam
1082 5707 1438 5788 Ethnicorum
1456 5710 1631 5788 instar
1658 5708 1892 5762 circuiu-

321 5778 578 5845 ferretur:
613 5784 744 5838 Vide
769 5778 941 5846 premi.
981 5778 1173 5833 Baron.
1205 5780 1270 5833 ad
1294 5796 1383 5835 an.
1414 5779 1534 5835 404.

417 5860 506 5930 ετ)
544 5857 712 5912 -Αιιιιο
758 5851 874 5907 iOi.
922 5849 1121 5926 lterum
1157 5851 1364 5925 cogitur
1418 5848 1656 5923 synodus
1704 5857 1892 5904 contra

2068 5704 2181 5775 (δή)
2216 5703 2345 5775 Erat
2367 5702 2459 5757 hic
2486 5717 2661 5758 canon
2686 5700 2900 5757 concilii
2945 5698 3274 5775 Antiocheni
3314 5698 3574 5756 inlinem-

2001 5770 2127 5837 niis,
2154 5770 2223 5828 ab
2255 5774 2469 5828 Arianis
2507 5774 2788 5838 celebrati,
2824 5781 2882 5828 ut
2913 5781 3065 5827 notat
3092 5770 3210 5825 Bar.

2077 5844 2193 5917 (59)
2225 5844 2424 5901 Concil.
2461 5845 2667 5901 Sardic.
2702 5859 2748 5899 ε.
2786 5844 2840 5899 5.
