3834 6486
239 414 379 484 ιὲΤΙ

1300 408 1479 471 VITA
1516 408 1576 469 S.
1617 407 1937 470 JOANNIS
1971 407 2531 471 CHRYSOSTOMI.

3362 378 3503 471 1’178

237 548 410 603 μητος
440 527 812 595 ἐξελαυνεται,
834 525 929 582 καὶ
949 525 1072 580 οὐδὲ
1102 525 1280 597 ἐαυτῷ
1308 524 1652 597 ἐπεισῆλθεν,
1672 523 1808 578 ἀλλά

1928 525 2102 581 Julsus
2123 524 2470 587 Athanasius,
2488 522 2687 579 deinde
2709 522 3054 579 occasionem
3077 528 3293 585 nactus.
3324 538 3423 593 per
3443 538 3503 578 se

234 626 315 695 τῷ
350 623 430 694 σῷ
475 622 692 693 κράτει,
729 621 917 692 φησὶν,
944 618 1116 684 εἴξας,
1150 612 1195 673 ὦ
1241 617 1487 689 βασιλεῦ.
1527 616 1728 688 μᾶλλον
1756 617 1814 671 δὲ

237 712 504 787 βιασθείς.
523 714 688 777 Τέλος
720 710 1222 783 ὑπογραψάῖωσαν,
1249 712 1299 764 οί
1328 710 1428 780 τῆς
1443 709 1694 764 Ἰωάννου
1723 709 1819 763 καὶ⁸

235 808 375 861 Θεοῦ
411 808 607 878 μοίρας
645 802 823 870 εἷπον,
874 800 1020 859 οὗτοι
1070 802 1220 875 (τοὺς
1262 803 1394 872 περὶ
1438 802 1529 856 τὸν
1563 801 1819 855 Ἀκάκιον

235 901 335 953 καὶ
366 900 642 969 Ἀντίοχον
660 896 932 966 λέγοντες)
956 896 1007 948 οἱ
1032 894 1329 965 όῴοδόξων
1348 890 1494 947 ,εἶναι
1508 892 1599 947 τὸν
1621 892 1821 946 κανόνα

234 990 633 1061 διατεινόμενοι
669 991 765 1059 τῆς
797 988 969 1057 αὐτῆς
1001 982 1143 1040 εἶναι
1171 985 1404 1048 πίστεως
1432 986 1543 1047 τοῖς
1573 984 1817 1038 ἐκτεθει-

235 1085 382 1150 κόσι,
405 1083 499 1136 καὶ
530 1081 807 1135 διαλύουσι
834 1081 895 1133 τὸ
922 1076 1242 1150 ἀμφίϐολον.
1277 1076 1577 1149 Ἐπῄνεσεν
1606 1078 1634 1129 ὁ
1661 1075 1818 1145 βασι-

236 1175 367 1237 λεὺς
418 1174 479 1228 τὺ
523 1171 835 1244 εἰρημένον,
871 1171 946 1233 ώς
998 1170 1181 1231 καλῶς
1231 1168 1389 1239 ἐχον,
1444 1169 1538 1221 καὶ
1583 1167 1825 1236 γίνεσθαι

240 1264 417 1328 οὕτως
473 1264 809 1335 ἐπέτρεπεν*
864 1262 913 1314 oi
962 1259 1020 1313 δὲ
1067 1259 1366 1329 ὑπέσχοντο
1406 1257 1505 1328 μὲν
1555 1257 1826 1328 ποιήσειν,

235 1356 542 1425 ἀπέσχοντο
581 1354 640 1406 δὲ
686 1353 748 1406 τὸ
780 1349 856 1423 μὴ
905 1349 1148 1419 ἀσφαλὲς
1201 1348 1296 1402 τοῦ
1349 1347 1686 1423 πράγματος¹
1726 1349 1831 1401 ὑπ-

236 1446 630 1509 οπτεῦσαντες.

1921 618 2130 672 rediit:
2185 626 2243 673 et
2288 618 2432 688 quod
2478 616 2718 673 Joannes
2763 630 2836 672 ne
2880 616 3034 687 prius
3085 615 3306 687 quidem
3340 615 3505 671 fuerit

1919 708 2222 778 depositus,
2256 716 2312 763 et
2347 722 2525 777 neque
2555 722 2649 778 per
2678 722 2737 763 se
2766 722 2955 762 rursus
2992 716 3139 762 esset
3173 706 3500 778 ingressus:

1921 801 2016 856 sed
2049 808 2142 855 tuo
2172 800 2375 855 cedens
2415 800 2668 870 imperio,
2702 800 2944 864 aiebant,
2974 815 3008 854 o
3040 800 3355 870 imperator,
3393 799 3504 853 imo

1925 908 2055 949 vero
2081 908 2180 963 per
2212 894 2318 947 vim
2353 902 2594 947 coactus.
2642 892 2924 948 Postremo
2966 893 3337 947 inscribantur
3365 892 3502 962 (40),

1923 985 2200 1049 dicebant,
2250 984 2286 1040 ii
2326 984 2418 1055 qui
2457 994 2587 1039 sunt
2612 984 2838 1039 Joannis
2864 993 2919 1040 et
2947 984 3038 1039 Dei
3068 987 3261 1055 partis.
3293 993 3347 1039 et
3388 984 3501 1048 isti,

1924 1077 2180 1132 Acacium
2215 1076 2460 1132 dicentes
2504 1085 2560 1131 et
2597 1076 2949 1142 Antiochum,
2994 1076 3089 1147 qui
3136 1077 3501 1132 orthodoxum

1926 1168 2201 1224 afﬁrmant
2229 1184 2355 1224 esse
2383 1183 2651 1224 canonem
2685 1186 2700 1235 ;
2732 1178 2788 1224 et
2814 1168 3085 1224 fateantur
3115 1184 3173 1224 se
3201 1184 3323 1223 esse
3353 1170 3502 1239 ejus-

1926 1260 2050 1315 dem
2082 1259 2227 1329 Ildei,
2264 1261 2420 1332 cujus
2471 1262 2531 1328 ii,
2566 1261 2657 1332 qui
2690 1261 2977 1316 ediderunt
3029 1277 3043 1315 :
3074 1269 3130 1316 et
3165 1261 3243 1316 sic
3275 1260 3505 1315 solvitur

1930 1353 2007 1420 id,
2039 1354 2106 1409 de
2137 1370 2245 1425 quo
2286 1355 2589 1411 dubitatur.
2619 1353 2884 1410 Laudavit
2912 1354 3055 1425 quod
3092 1346 3296 1410 dictum
3329 1354 3504 1409 fuerat

1931 1446 2251 1518 imperator,
2300 1457 2362 1504 ut
2408 1449 2555 1519 quod
2600 1457 2749 1503 recte
2790 1464 2850 1503 se
2879 1447 3120 1510 haberet,
3151 1456 3208 1502 et
3239 1447 3317 1502 sic
3343 1445 3505 1517 jussit

236 1557 336 1598 eos
387 1542 586 1597 facere.
652 1541 728 1596 Illi
787 1552 970 1597 autem
1012 1556 1075 1595 se
1124 1538 1366 1595 facturos
1416 1540 1633 1609 quidem
1683 1549 1812 1595 sunt
1847 1542 2092 1612 polliciti,
2125 1560 2239 1615 pra
2296 1559 2357 1601 se
2386 1544 2646 1611 ferentes,
2707 1559 2767 1601 se
2800 1544 3075 1600 confidere
3128 1545 3505 1601 :destiterunt

237 1647 393 1698 vero,
426 1640 487 1687 ut
524 1631 616 1702 qui
640 1633 750 1687 sint
776 1631 1037 1703 suspicati
1072 1646 1187 1686 rem
1222 1631 1447 1686 minime
1471 1645 1595 1687 esse
1620 1640 1813 1687 tutam.

308 1748 451 1806 MH’.
496 1749 583 1803 'Ev
604 1748 815 1814 τούτοις
841 1750 951 1803 τῶν
1005 1749 1344 1821 πραγμάτων
1372 1748 1559 1813 ὄντων,
1593 1749 1687 1803 καὶ
1715 1747 1811 1803 τοῦ

1986 1748 2218 1805 XLVIII.
2260 1749 2397 1805 Cum
2426 1765 2513 1806 res
2536 1749 2609 1805 ita
2641 1766 2700 1805 se
2734 1750 3020 1819 haberent,
3057 1761 3112 1807 et
3145 1752 3236 1808 ille
3266 1755 3487 1824 quidem

240 1845 344 1914 μὲν
374 1842 449 1908 ὡς
472 1844 669 1914 ἄριστα
700 1842 799 1913 τὴν
843 1842 1173 1914 Ἐκκλησίαν
1204 1832 1641 1905 διέποντοςέτος
1674 1843 1823 1896 ἐντε-

236 1938 332 2001 λὲς
375 1936 514 2008 μετά
546 1935 644 2009 τὴν
669 1936 990 2007 ἀνάκλησιν,
1026 1935 1137 1989 τῶν
1168 1936 1223 1989 δὲ
1249 1937 1315 1990 τὰ
1346 1936 1560 1989 ἐαυτῶν
1603 1935 1824 1990 ποιούν-

240 2049 377 2096 των,
440 2030 536 2084 καὶ
564 2028 617 2083 τί
678 2030 752 2099 μὴ
802 2028 1116 2091 κινούντων,
1163 2027 1306 2082 ὥστε
1361 2028 1453 2081 τὸν
1529 2029 1685 2097 ᾶγιον
1722 2027 1819 2082 τοῦ

239 2122 433 2193 θρόνου
475 2124 831 2190 καταγαγεῖν,
886 2120 1113 2192 ἐπείπερ
1142 2121 1175 2191 ἡ
1200 2119 1291 2173 τοῦ
1330 2119 1523 2190 Πάσχα
1545 2119 1819 2191 παρέϐαλ-

237 2213 332 2267 λεν
365 2213 547 2285 ἐορτὴ,
568 2212 676 2267 τῶν
693 2212 902 2282 συχνῶν
933 2213 1210 2283 ὀχλήσεων
1225 2213 1252 2264 ὁ
1273 2209 1814 2283 βασιλεὺςὴττηθεὶς,

237 2307 395 2379 δηλοί
448 2306 528 2377 τῷ
590 2305 902 2377 πατριάρχῃ
930 2307 1028 2374 τῇς
1093 2303 1421 2374 Ἐκκλησίας
1471 2302 1821 2371 ὑπεξελθεῖν,

239 2400 351 2452 ὑπὸ
382 2398 619 2451 συνόδων
648 2396 748 2468 ἥδη
772 2396 916 2449 δυεῖν
942 2395 1447 2467 καταψηφισθέντα.
1480 2396 1624 2466 Πρὸς
1653 2395 1825 2450 ταῦτα

239 2490 587 2562 τοιγαροῦνὸ
637 2489 833 2560 μέγας,
864 2489 1067 2543 Εἴπατε
1116 2489 1193 2559 τῷ
1225 2488 1454 2557 βασιλεῖ,
1512 2489 1638 2558 ἔφη.
1684 2487 1823 2558 Ἐγὼ

242 2583 396 2653 παρά
431 2580 524 2633 τοῦ
563 2581 696 2633 Θεοῦ
720 2581 811 2634 καὶ
830 2579 1087 2651 Σωτῆρος
1117 2580 1217 2651 τὴν
1250 2565 1827 2651 Ἐκκλησίανέπιτρα-

242 2678 390 2741 πεὶς,
435 2676 789 2747 ὑποχωρῆσαι
826 2675 1031 2745 ταύτης
1079 2674 1221 2729 ἐκὼν
1274 2675 1509 2731 δέδοικα.
1550 2677 1612 2730 Εί
1654 2675 1712 2730 δέ
1742 2692 1824 2729 σοι

239 2767 403 2821 τοῦτο
433 2769 571 2822 κατά
601 2765 849 2838 γνώμην,
883 2760 929 2821 ὦ
951 2766 1191 2838 βασιλεῦ,
1226 2766 1360 2820 ἀλλά
1400 2767 1491 2838 βία
1517 2784 1583 2839 με
1621 2768 1823 2839 ταύτης

242 2860 467 2927 ἐξωσον,
512 2860 577 2913 ἵν’
622 2860 731 2930 ἐχω
777 2860 878 2932 τῆς
901 2861 1063 2914 οἱονεὶ
1107 2860 1454 2928 λειποταξίας
1504 2860 1821 2930 ἀπολογίαν,

241 2955 346 3027 τήν
367 2970 427 3006 τε
456 2953 555 3025 σὴν
613 2953 883 3019 ἐξουσίαν,
947 2955 1042 3011 καὶ
1092 2955 1193 3025 τὴν
1242 2955 1378 3025 ἐμοῦ
1406 2954 1556 3026 παρά
1589 2955 1820 3025 γνώμην

243 3044 419 3114 αὐτῆς
450 3043 789 3115 κατάλειψιν.
824 3043 1148 3114 Πέμψαντες
1173 3045 1374 3109 τοίνυν,
1425 3046 1521 3116 τῆς
1570 3046 1670 3117 μὲν
1708 3048 1817 3100 λει-

1929 1860 2073 1899 anno
2110 1844 2320 1916 integro
2346 1845 2552 1915 optime
2586 1843 2996 1900 administraret
3038 1846 3340 1901 Ecclesiam
3380 1855 3505 1918 post

1927 1940 2332 1995 revocationem
2359 1958 2373 1994 :
2401 1940 2489 1994 isti
2526 1950 2732 2005 autem,
2767 1956 2889 2011 quae
2926 1941 3029 1995 Sibi
3066 1951 3223 1996 erant
3262 1944 3500 2012 prepria,

1926 2034 2169 2089 facerent
2208 2051 2221 2088 :
2264 2048 2328 2088 ea
2376 2048 2508 2090 vero
2548 2042 2701 2088 erant
2749 2043 2895 2089 artes
2933 2043 2990 2089 et
3041 2035 3352 2106 imposturaa
3393 2056 3407 2091 :
3451 2046 3507 2093 et

1926 2127 2055 2197 quid
2089 2136 2199 2181 non
2226 2135 2530 2192 moverent,
2556 2137 2615 2182 ut
2643 2128 2902 2183 Sanctum
2927 2145 2959 2182 e
2986 2128 3115 2183 sede
3143 2129 3502 2199 deponerent,

1927 2217 2141 2274 étiamsi
2174 2233 2287 2272 non
2330 2218 2610 2287 potuerint
2644 2218 2765 2287 ejus
2814 2219 3039 2288 spiritus
3062 2220 3336 2289 dejicere?
3365 2219 3505 2276 Cum

1928 2309 2143 2365 adesset
2202 2308 2375 2365 festus
2427 2311 2544 2366 dies
2594 2309 2837 2374 Pascbze,
2874 2328 2905 2367 a
2963 2314 3150 2367 multis
3214 2315 3500 2381 molestiis,

1884 2426 1893 2435 -
1926 2414 2062 2470 quas
2111 2398 2163 2454 ei
2205 2400 2575 2472 exhibuerunt
2614 2400 2724 2466 isti,
2755 2401 2931 2456 victus
2982 2402 3297 2473 imperator,
3334 2404 3505 2476 signi-

1926 2489 2050 2543 ﬁcat
2085 2489 2428 2560 patriarchae,
2452 2497 2511 2543 ut
2538 2490 2765 2545 excedat
2812 2505 2878 2545 ex
2907 2491 3160 2558 ecclesia,
3187 2501 3247 2547 ut
3270 2494 3362 2563 qui
3391 2497 3502 2565 jam

1926 2594 1953 2632 a
1985 2579 2195 2634 duabus
2224 2579 2444 2651 synodis
2495 2579 2567 2633 sit
2598 2579 3017 2635 condemnatus.
3044 2580 3248 2637 Adhzee
3273 2599 3503 2654 magnus

1926 2670 2015 2725 ille
2055 2669 2293 2725 Joannes
2329 2687 2344 2723 :
2395 2670 2529 2740 Ego,
2568 2670 2764 2739 inquit,
2813 2660 2902 2726 cui
2957 2669 3102 2737 Deus
3131 2683 3186 2729 et
3244 2674 3505 2732 Servator

1927 2761 2225 2819 Ecclesiam
2273 2762 2497 2817 tradidit
2547 2765 2873 2834 regendam,
2909 2764 2977 2819 ab
3015 2780 3099 2826 ea.
3128 2781 3247 2821 mea
3306 2780 3502 2839 sponte

1928 2871 2122 2911 vereor
2161 2856 2442 2912 recedere.
2469 2856 2564 2911 Sin
2607 2863 2788 2912 autem
2821 2858 2921 2912 hoc
2964 2858 3036 2912 ita
3063 2859 3162 2913 tibi
3195 2860 3428 2927 videtur,
3469 2879 3503 2919 ο

1929 2951 2241 3020 imperator,
2280 2957 2337 3004 at
2366 2964 2454 3004 me
2485 2965 2552 3005 ex
2599 2964 2663 3003 ea
2703 2948 2753 3004 vi
2791 2948 3021 3019 expelle,
3055 2960 3116 3005 ut
3161 2966 3247 3006 me
3296 2953 3500 3022 possim

1925 3044 2150 3099 omnino
2179 3042 2492 3106 defendere,
2544 3042 2688 3113 quod
2722 3042 2913 3098 ordine
2947 3042 3030 3097 vel
3062 3042 3109 3097 vi
3141 3043 3500 3103 deseruerim.

241 3112 506 3207 τουρήγίας
545 3112 706 3190 αὐτὸν
737 3112 1038 3207 ἀπέχεσθαι
1060 3112 1531 3208 παραγγέλλουσι,
1571 3112 1664 3209 τῷ
1694 3140 1818 3192 ἐπι-

1928 3139 2006 3195 Ad
2039 3154 2164 3194 eum
2200 3137 2382 3208 itaque
2412 3112 2690 3191 mittentes
2741 3136 3035 3207 prohibent
3078 3139 3298 3209 quidem
3331 3142 3501 3199 sacri-

245 3228 490 3298 σκοπείῳ
541 3226 596 3280 δέ
638 3229 701 3282 τὸ
756 3230 931 3301 παρὸν
991 3228 1347 3301 ἐνδιατρίϐειν
1401 3231 1817 3302 παραχωροῦσι,

244 3318 548 3387 δείσαντες,
594 3312 773 3389 οἶμαι,
833 3318 908 3390 μή
953 3335 1008 3372 τι
1063 3319 1226 3374 πάλιν
1266 3321 1362 3375 καὶ
1415 3321 1548 3384 Θεὸς
1613 3321 1821 3376 ἄνωθεν

244 3410 541 3482 ἐπιδικάσῃ
568 3413 633 3482 τῇ
659 3411 852 3486 τόλμῃ,
903 3410 1001 3465 καὶ
1046 3412 1111 3465 ἵν’
1161 3412 1331 3482 ἐγγὺς
1377 3412 1540 3466 αὑτὸν
1605 3398 1822 3483 ἔχοντες

243 3502 647 3574 διορθώσοιντο.
697 3503 883 3569 Οὕτως
926 3501 1020 3558 οῦν
1074 3504 1288 3571 ίδιάζων
1328 3504 1530 3575 μεταξὺ
1574 3504 1758 3575 διῆγεν
1795 3507 1823 3558 ό

249 3595 428 3665 μέγας
483 3593 771 3660 διαλέξεών
792 3611 853 3647 τε
885 3596 978 3649 καὶ
1024 3595 1134 3649 τῶν
1195 3595 1374 3650 καλῶν
1426 3596 1524 3665 τῆς
1575 3594 1821 3666 γλώττης

248 3686 542 3758 ῥευμάτων
595 3686 936 3757 εἰργόμενος.
982 3685 1136 3740 Ἐπεὶ
1160 3687 1217 3741 δέ
1254 3689 1346 3741 καὶ
1377 3689 1411 3759 ἡ
1437 3687 1533 3741 τοῦ
1581 3687 1820 3758 μεγάλου

247 3779 530 3833 Σαῦόάτου
570 3780 752 3852 ἡμέρα
786 3776 874 3852 ἦν,
901 3783 928 3833 ὁ
960 3780 1216 3850 βασιλεὺς
1251 3781 1378 3845 τοὺς
1409 3782 1535 3851 περὶ
1571 3781 1822 3835 Ἀκάκιόν

244 3889 309 3925 τε
341 3872 436 3925 καὶ
464 3871 741 3943 Ἀντίοχον
799 3872 1310 3944 μεταστειλάμενος,
1338 3874 1391 3926 τί
1430 3874 1539 3928 δέοι
1565 3875 1823 3946 πράττειν

247 3962 461 4032 ἠρώτα.
521 3963 781 4017 Σκοπεῖτε
839 3964 969 4035 γὰρ,
1024 3963 1152 4035 ἐφη,
1196 3966 1289 4019 καὶ
1313 3966 1361 4018 εί
1389 3965 1568 4030 καλῶς
1620 3966 1823 4037 ἔχειτὰ

248 4053 384 4125 παρ’
417 4055 573 4125 ὑμῶν
618 4055 1004 4126 εἰσηγούμενα.
1041 4057 1102 4111 Οί
1147 4056 1225 4123 δέ,
1268 4057 1394 4110 Ἐπὶ
1433 4058 1532 4128 τὴν
1582 4059 1821 4130 κεφαλὴν

248 4147 429 4219 ἡμῶν,
480 4143 654 4215 εἷπον,
705 4150 738 4217 ἡ
784 4149 1029 4204 Ἰωάννου
1056 4150 1394 4222 καθαίρεσις,
1421 4130 1637 4204 ἐοικότα
1662 4153 1823 4224 τυχὸν

246 4244 387 4307 τοῖς,
418 4240 494 4294 Τὸ
525 4236 664 4313 αἷμα
706 4241 870 4295 αὐτοῦ
903 4241 988 4312 ἐφ’
1018 4243 1186 4314 ἡμᾶς,
1214 4241 1450 4306 εἰποῦσι,
1477 4244 1572 4296 καὶ
1600 4245 1659 4296 οῦ
1689 4244 1822 4299 πολὺ

248 4334 441 4406 πόρρω
469 4336 566 4405 τῆς
616 4334 841 4406 γνώμης
884 4335 1065 4388 αὐτῶν
1106 4334 1492 4403 φθεγξάμενοι.
1518 4336 1631 4388 Καὶ
1651 4332 1824 4399 οὕτως

248 4428 467 4498 ἐρήμην
534 4427 1003 4496 καταψηφίζονται
1058 4428 1152 4480 τοῦ
1216 4426 1449 4490 δικαίου,
1500 4428 1636 4498 μήτε
1659 4426 1900 4526 λόγουΒ

252 4519 593 4590 μεταδόντες,
646 4521 731 4588 ἐφ’
772 4515 852 4582 οἷς
900 4518 1282 4590 κατηγόρουν,
1343 4519 1468 4590 μήτ’
1519 4518 1815 4586 ἀπολογίαν

249 4610 540 4683 ἡντιναοῦν
570 4612 697 4684 παρ’
729 4613 936 4665 ἐκείνου
963 4611 1267 4682 δεξάμενοι.
1300 4611 1467 4664 Ταῦτ’
1487 4606 1582 4665 οῦν
1619 4611 1820 4682 μαίΐόν-

249 4722 346 4768 τες
400 4705 450 4757 οί
509 4704 609 4774 τῆς
663 4697 909 4759 Ἰωάννου
980 4704 1221 4775 μερίδος,
1256 4705 1306 4757 οί
1343 4705 1440 4774 μὲν
1510 4703 1821 4771 ἐπίσκοποι,

250 4796 401 4870 λύπῃ
423 4798 517 4850 καὶ
540 4797 768 4865 δάκρυσι
793 4796 974 4860 δόντες
1016 4798 1265 4861 ἐαυτοὺς,
1324 4800 1441 4861 ταῖς
1474 4798 1824 4865 καταγωγαῖς

252 4887 547 4960 ἡσύχαζοψ
601 4889 766 4959 ἱερεῖς
796 4889 965 4944 δὲκαὶ
995 4890 1115 4944 ὅσοι
1148 4889 1244 4944 τοῦ
1270 4889 1474 4961 κλήρου
1504 4888 1561 4942 ἐν
1583 4884 1827 4942 τισιτῶν

253 4981 559 5052 εὐκτηρίων
596 4980 760 5034 οῖκων
801 4982 930 5050 περὶ
961 4982 1053 5035 τὸν
1081 4981 1265 5046 τόπον,
1326 4981 1385 5045 ὃς
1448 4982 1829 5034 Κωνσταντια-

254 5077 343 5130 ναὶ
374 5074 610 5143 λέγεται,
658 5074 1035 5144 συναγόμενοι,
1085 5074 1224 5145 μετὰ
1275 5074 1470 5128 πολλοῦ
1500 5073 1595 5128 τοῦ
1642 5073 1831 5127 συνδε-

252 5166 598 5239 δραμηκότος
641 5166 879 5238 πλήθους
930 5167 1039 5221 τῶν
1103 5166 1263 5239 ίερῶν
1326 5166 1513 5238 ὕμνων
1572 5165 1669 5220 καὶ
1727 5166 1828 5236 τῆς

254 5260 519 5330 συνήθους
566 5261 776 5330 εῖχοντο
810 5259 1138 5329 δοξολογίας,
1179 5259 1560 5330 βαπτίσματός
1592 5275 1651 5311 τε
1680 5257 1827 5334 θείου

251 5353 379 5415 τοὺς
430 5352 753 5423 προσιόντας
774 5352 981 5421 ἠξίουν.
1020 5351 1307 5413 Δείσαντες
1337 5351 1430 5405 οῦν
1459 5354 1507 5404 οἱ
1544 5350 1639 5404 τοῦ
1664 5367 1830 5421 πονη-

257 5444 351 5515 ροῦ
408 5444 708 5515 συνεδρίου,
740 5444 817 5517 μὴ
838 5443 916 5517 τῷ
953 5443 1081 5515 ίερῷ
1117 5443 1462 5515 προσϐαλὼν,
1514 5444 1589 5507 ὡς
1612 5441 1760 5509 ἐθος,
1800 5444 1828 5497 ὁ

323 5586 371 5620 ³⁸
401 5586 595 5641 Matth.
618 5600 789 5651 xxvn,
813 5584 906 5640 25.

325 5727 340 5768 ί

325 5721 438 5788 (40)
469 5721 742 5791 Elpidium
771 5721 1052 5773 Laodicea:
1087 5721 1255 5788 Syria:
1281 5721 1594 5784 episcopum
1627 5721 1817 5778 fuisse,

257 5802 523 5847 memorat
558 5807 624 5846 ex
653 5790 889 5844 Palladio
922 5787 1118 5842 Barou.
1148 5787 1241 5856 qui
1272 5786 1432 5853 hujus
1466 5799 1643 5840 causzn
1672 5784 1820 5840 deci-

256 5878 465 5919 siouem
507 5861 821 5934 perfacilem
857 5859 1164 5930 imperatori
1193 5856 1555 5928 proposuerit.

469 5718 1052 5795 Elpidinmlaodiceae
1087 5714 1594 5795 Syrizeepiscopum
1627 5712 1817 5795 fuisse,

1924 3228 2130 3284 ﬁcare:
2164 3226 2470 3284 concedunt
2506 3234 2706 3291 autem,
2741 3235 2800 3282 ut
2851 3225 2905 3280 in
2943 3230 3229 3299 pra'sentia
3280 3231 3498 3300 quidem

1922 3331 2173 3378 versetur
2218 3321 2275 3375 in
2323 3320 2674 3390 episcopatu;
2745 3320 3018 3387 timentes,
3067 3330 3127 3376 ut
3171 3310 3385 3394 opinor,
3430 3342 3501 3382 ne

1924 3412 2069 3469 Deus
2122 3428 2313 3469 rursus
2346 3413 2581 3483 desuper
2623 3413 2764 3468 ferat
2816 3416 3140 3471 sententiam
3189 3418 3248 3472 in
3305 3434 3498 3474 eorum

1924 3506 2231 3572 audaciam,
2259 3513 2314 3560 et
2354 3514 2415 3559 ut
2443 3520 2612 3575 prope
2639 3519 2763 3560 eum
2793 3504 3076 3572 habentes,
3111 3508 3205 3563 Dei
3231 3509 3370 3565 iram
3402 3526 3500 3581 per

1926 3599 2104 3669 ipsum
2136 3597 2454 3667 reprimant.
2479 3596 2572 3651 Sic
2600 3612 2730 3667 ergo
2761 3612 3004 3652 seorsum
3029 3598 3245 3655 interim
3277 3603 3388 3673 egit
3415 3604 3499 3658 vir

1925 3690 2016 3744 ille
2049 3703 2298 3758 magnus,
2324 3703 2548 3743 cessans
2582 3703 2609 3742 a
2654 3688 3001 3745 sermonibus
3029 3700 3083 3746 et
3115 3691 3357 3762 pulchris
3393 3694 3499 3749 lin-

1925 3796 2042 3853 gua:
2101 3780 2341 3835 ﬂuentis.
2390 3780 2527 3835 Cum
2574 3789 2759 3835 autem
2803 3788 2948 3836 esset
2977 3783 3093 3838 dies
3137 3787 3317 3856 magni
3364 3785 3505 3842 Sab-

1925 3870 2037 3926 bati
2071 3870 2207 3941 (4|),
2241 3871 2537 3939 imperator
2567 3870 2694 3926 fecit
2728 3872 2873 3942 quod
2909 3888 3018 3928 non
3061 3872 3221 3930 recte'
3239 3892 3298 3930 se
3334 3875 3502 3934 habe,

1925 3962 2039 4025 but,
2072 3977 2176 4017 nec
2222 3962 2388 4017 animi
2435 3974 2551 4017 erat
2590 3964 2942 4035 imperatorii.
2975 3968 3266 4024 Accersitis
3301 3969 3502 4027 Acacio

1926 4064 1982 4110 et
2009 4051 2300 4121 Antiocho,
2333 4054 2542 4126 rogavit
2565 4056 2822 4126 quidnam
2845 4064 3117 4125 oporteret
3151 4057 3355 4114 facere.
3392 4043 3500 4117 sed

1927 4160 2165 4221 Oportet,
2190 4150 2387 4221 inquit,
2416 4152 2783 4219 considerare,
2814 4168 2883 4206 an
2914 4152 3025 4208 Deo
3053 4162 3202 4224 grata
3226 4157 3353 4220 sint,
3384 4173 3505 4225 quae

1927 4258 1955 4297 a
1982 4243 2137 4299 vobis
2184 4243 2341 4299 fiunt.
2384 4243 2463 4298 llli
2505 4255 2687 4299 autem
2721 4246 2871 4317 (quid
2918 4247 3065 4301 enim
3100 4256 3216 4302 erat
3249 4249 3329 4303 eis
3360 4250 3505 4306 Deus

1927 4350 2072 4389 cura:
2089 4334 2153 4405 i),
2184 4334 2238 4389 lu
2272 4343 2543 4397 nostrum,
2575 4334 2852 4404 inquiunt,
2880 4337 3069 4400 redeat
3097 4338 3502 4406 caputJoannis

1928 4426 2197 4496 depositio
2228 4444 2241 4479 :
2267 4426 2463 4479 similia
2498 4425 2583 4491 iis,
2614 4430 2706 4496 qui
2736 4427 2992 4482 dixerunt
3019 4446 3032 4480 :
3075 4445 3094 4478 ι
3122 4429 3355 4499 Sanguis
3380 4432 3503 4500 ejus

1930 4534 2095 4589 Super
2124 4534 2225 4574 nos
2247 4516 2313 4585 ⁸⁸,
2340 4537 2358 4570 ι
2395 4527 2451 4572 et
2492 4503 2603 4571 non
2641 4518 2830 4589 procul
2871 4519 2940 4573 ab
2990 4534 3178 4573 eorum
3209 4522 3501 4592 sententia,

1930 4612 2152 4667 elocuti.
2190 4610 2281 4666 Sic
2313 4610 2592 4666 absentem
2638 4612 3003 4666 condemnant
3047 4612 3220 4667 virum
3271 4614 3502 4685 justum,

1932 4719 2056 4759 cum
2101 4717 2204 4759 nec
2233 4703 2301 4759 de
2344 4702 2433 4770 iis,
2466 4717 2699 4772 quorum
2743 4703 3121 4777 accusabatur,
3158 4702 3372 4759 dicendi
3404 4722 3504 4777 po-

1932 4804 2184 4852 testatem
2216 4796 2265 4851 ei
2297 4794 2696 4866 permisissent,
2723 4796 2867 4865 quod
2898 4775 2983 4850 est
3009 4808 3300 4851 commune
3328 4775 3508 4852 omni-—

1931 4887 2055 4950 bus,
2086 4886 2178 4957 qui
2220 4886 2469 4957 judicant
2508 4885 2627 4939 sine
2675 4886 2781 4940 ulla
2828 4886 2992 4940 animi
3040 4888 3450 4957 perturbatione
3485 4905 3502 4944 :

1932 4994 2113 5047 neque
2142 4978 2210 5033 ab
2242 4979 2335 5032 illo
2371 4976 2538 5031 ullam
2565 4976 2908 5046 accepissent
2940 4976 3339 5037 defensionem.
3368 4980 3503 5036 Cum

1933 5070 2244 5127 baecautem
2266 5068 2626 5134 audivissent,
2648 5067 2740 5142 qui
2764 5078 2918 5124 erant
2933 5085 2964 5123 a
2986 5070 3231 5139 partibus
3251 5068 3501 5136 Joannis,

1928 5162 2165 5235 episcopi
2219 5163 2440 5234 quidem
2499 5178 2557 5218 se
2587 5161 2754 5219 animi
2806 5162 3111 5235 aegritudini
3155 5162 3420 5219 dedentes
3450 5173 3505 5219 et

1928 5258 2199 5329 lacrymis,
2233 5258 2288 5312 in
2336 5257 2547 5329 angulis
2589 5255 2832 5311 latebant
2876 5266 2931 5311 et
2972 5257 3232 5312 silentiun
3275 5258 3506 5330 agebant

1929 5350 1984 5403 in
2053 5347 2421 5403 habitaculis:
2463 5348 2775 5403 sacerdotes
2832 5357 3014 5404 autem
3068 5358 3124 5404 et
3194 5349 3506 5419 quicunque

1930 5449 2087 5499 erant
2119 5455 2186 5494 cx
2229 5439 2411 5508 clero,
2442 5440 2909 5512 congregabantur
2947 5441 3013 5497 ad
3052 5441 3313 5513 quasdam
3360 5439 3504 5495 aedes

2001 5720 2111 5794 (tl)
2142 5717 2297 5784 Nota,
2325 5735 2450 5775 cum
2479 5729 2625 5777 esset
2650 5720 2766 5778 dies
2787 5719 2968 5794 magni
2999 5717 3242 5785 Sabbati,
3266 5715 3373 5775 hoc
3396 5725 3503 5789 est,

1926 5790 2222 5847 Sabbatum
2252 5799 2523 5848 sanctum.
