3834 6468
341 363 482 463 11⁵19

1556 381 1841 443 HENSIS
1869 380 2325 443 JANUARIUS.

3450 383 3599 448 1180

340 510 605 579 oratorias
678 505 926 578 (vocatur
955 511 1139 560 autem
1184 501 1339 556 locus
1377 484 1805 566 Constantianae)
1861 506 1916 552 et

2027 494 2296 566 βασιλεὺς,
2338 493 2435 547 καὶ
2484 492 2577 546 τοῦ
2607 492 2738 548 λαοῦ
2770 495 3010 551 κενωθέν
3038 496 3172 553 αὐτὸ
3229 498 3601 569 θεασάμενος,

340 620 464 663 cum
514 615 715 671 magna
756 595 1124 654 concurrisset
1174 590 1488 655 multitudo,
1533 590 1600 646 iis
1651 589 1907 645 omnibus

337 712 483 755 cum
515 701 671 751 erant
720 691 860 747 sacri
911 687 1097 760 hymni
1140 693 1197 741 et
1238 692 1499 740 consueta
1535 678 1856 754 glo‘rifiratio
1890 699 1904 736 :

337 797 605 861 praeterea
636 799 765 839 vero
796 797 892 837 eos
926 794 1166 851 quoque,
1193 776 1286 848 qui
1339 776 1692 840 accedebant,
1722 772 1909 829 divino

337 881 700 950 dignabantur
742 875 1036 945 baptismo.
1090 871 1371 926 Timentes
1398 883 1550 937 ergo,
1604 867 1698 937 qui
1753 875 1910 921 erant

336 974 571 1044 improbi
601 970 843 1032 concilii,
874 985 943 1024 ne
972 968 1016 1023 si
1054 970 1108 1021 in
1131 965 1418 1037 templum,
1450 973 1511 1018 ut
1554 963 1786 1027 solebat,
1814 976 1909 1016 ve-

335 1068 513 1123 nisset
569 1066 887 1134 imperator.
918 1069 974 1116 ct
1030 1060 1258 1115 vidisset
1313 1058 1366 1113 id
1404 1072 1635 1112 vacuum
1687 1054 1908 1126 populo,

340 1160 470 1212 hinc
501 1156 717 1226 quidem
761 1153 993 1208 sentiret
1041 1150 1226 1221 populi
1270 1150 1326 1203 in
1359 1163 1613 1219 magnum
1642 1146 1910 1202 Joannem

337 1245 800 1310 benevolentiam,
861 1258 1050 1298 eorum
1103 1248 1308 1306 autem,
1352 1249 1414 1294 ut
1464 1248 1580 1294 erat
1619 1246 1911 1293 consenta-

336 1354 526 1404 neum,
562 1334 955 1393 condemnaret
986 1333 1249 1389 invidiam
1277 1352 1289 1387 :
1332 1331 1571 1387 efﬁciunt
1604 1340 1664 1385 ut
1690 1331 1909 1400 quidem

339 1431 541 1486 Lucius
569 1430 677 1485 dux
706 1427 935 1484 militum
958 1426 1170 1481 numeri
1203 1426 1381 1495 grav-is
1409 1432 1717 1489 armaturae,
1747 1437 1908 1491 quem

339 1523 504 1577 etiam
548 1519 689 1574 fama
748 1525 867 1572 erat
898 1531 1019 1572 esse
1064 1514 1320 1587 gentilem
1374 1514 1668 1585 religione,
1709 1513 1911 1567 vadens

338 1621 660 1670 convocaret
708 1609 963 1680 populum
1019 1608 1085 1663 ad
1116 1608 1441 1672 ecclesiam,
1497 1604 1913 1661 mansuetudine

339 1706 574 1776 primum
595 1710 755 1756 utens
779 1709 831 1755 et
859 1698 1235 1771 persuasione,
1257 1697 1375 1768 lege
1406 1696 1642 1751 ut'aiunt
1670 1693 1909 1759 Boeotia;

338 1812 422 1852 sui
494 1796 697 1857 minus,
758 1794 868 1849 vim
931 1792 1097 1847 etiam
1162 1790 1409 1854 inferret,
1474 1789 1716 1843 lanceam
1781 1785 1912 1841 mis-

338 1903 468 1943 cens
507 1902 632 1942 cum
668 1886 925 1941 caduceo.
959 1884 1052 1939 llle
1082 1895 1262 1937 autem
1296 1897 1427 1936 cum
1452 1880 1636 1934 statim
1668 1894 1791 1932 cum
1823 1876 1910 1941 iis,
1947 1856 1986 1911 Β

338 1996 476 2053 quos
552 1979 824 2043 habebat,
879 1974 1290 2046 quadringentis
1338 1986 1564 2041 vespere
1622 1970 1910 2034 irruisset,

338 2074 429 2129 illa
478 2072 626 2134 fecit,
662 2085 784 2140 quae
837 2083 934 2139 par
983 2074 1104 2120 erat
1140 2079 1235 2118 eos
1287 2063 1432 2116 solos
1489 2060 1624 2133 pati,
1684 2058 1780 2128 qui
1832 2057 1912 2112 fe-

339 2171 528 2219 cerant
559 2180 572 2215 :
619 2159 799 2214 dicere
828 2167 1009 2210 autem
1059 2162 1114 2208 et
1160 2151 1431 2223 explicare
1475 2165 1585 2203 non
1619 2163 1718 2203 nos
1749 2162 1913 2217 Opor-

341 2264 454 2320 tet,
510 2252 607 2308 sed
652 2250 706 2305 id
771 2246 1075 2303 concedere
1124 2244 1203 2298 illi
1258 2241 1456 2311 lingua:
1501 2239 1745 2294 omnium
1797 2238 1909 2309 pul-

341 2344 626 2401 cherrimae
651 2380 666 2406 ,
718 2345 773 2394 et
816 2352 937 2391 eam
971 2334 1162 2389 audire
1214 2340 1554 2387 narrantem.
1591 2330 1713 2400 Ipse
1770 2329 1954 2411 enim.

342 2437 485 2492 sicut
516 2432 731 2488 fortiter
755 2427 1035 2492 sustinuit,
1066 2425 1142 2479 ita
1161 2424 1323 2479 etiam
1354 2438 1482 2478 vere
1511 2421 1752 2477 narravit
1773 2422 1920 2491 quod

342 2525 559 2582 accidit.
582 2522 842 2579 Scriberis
874 2520 1020 2574 enim
1048 2518 1117 2572 ad
1147 2514 1544 2580 innocentium,
1565 2522 1619 2568 et
1648 2527 1769 2582 qua:
1799 2512 1916 2566 ausi

341 2618 579 2679 fuerant,
626 2611 876 2668 oratione
922 2621 1292 2680 persequens,
1343 2621 1466 2660 eum
1522 2614 1703 2658 autem
1758 2611 1917 2657 antea

342 2710 580 2767 diximus
626 2705 930 2760 Romanum
977 2701 1146 2755 fuisse
1180 2699 1519 2770 episcopum,
1549 2696 1629 2751 sic
1667 2710 1780 2751 rem
1809 2704 1919 2750 tra-

341 2804 504 2858 ctavil
529 2820 543 2856 :
578 2797 863 2866 Quomodo
888 2810 1007 2866 qua:
1040 2793 1127 2848 hic
1158 2791 1299 2847 facta
1329 2800 1460 2845 sunt
1484 2789 1761 2859 deinceps,
1791 2803 1919 2842 nar-

343 2897 600 2960 raverim,
641 2906 762 2963 qua:
803 2902 1021 2943 omnem
1066 2890 1327 2955 superant
1371 2880 1729 2954 tragoediam?
1753 2879 1916 2947 Quaa-

343 3002 469 3042 nam
497 3000 559 3040 ea
585 2981 871 3054 explicarit
901 2977 1112 3034 oratio?
1136 2980 1397 3044 Quaenam
1430 2989 1592 3029 aures
1623 2988 1684 3028 ea
1716 2976 1920 3042 absque

344 3082 572 3136 horrore
621 3073 979 3146 acceperint?
1029 3071 1163 3126 Nam
1219 3085 1343 3123 cum
1395 3083 1497 3122 nos
1550 3066 1740 3121 eadem
1781 3064 1923 3121 sicut

343 3174 497 3246 prius
528 3181 980 3241 proponercmus,
1014 3173 1238 3234 repente
1269 3161 1562 3216 multitudo
1600 3159 1837 3214 militum
1865 3160 1919 3213 in

345 3269 462 3339 ipso
497 3277 695 3334 magno
726 3260 982 3322 Sabbato,
1014 3259 1103 3313 die
1151 3257 1259 3327 jam
1293 3255 1588 3310 inclinante
1627 3254 1694 3307 ad
1722 3268 1920 3324 vespe-

345 3354 496 3428 ram;
533 3357 589 3412 in
619 3353 879 3411 ecclesias
918 3354 1157 3416 irruens,
1208 3349 1517 3404 universum
1555 3347 1782 3412 clerum,
1826 3345 1920 3417 qui

346 3464 460 3511 erat
504 3451 806 3512 nobiscum,
857 3445 1082 3515 expulit,
1132 3443 1407 3513 armisque
1435 3440 1829 3507 circumdedit;
1868 3447 1923 3494 et

346 3544 624 3611 mulieres,
660 3556 780 3613 qure
815 3556 873 3594 se
903 3538 971 3592 ad
1017 3534 1344 3605 baptismum
1372 3542 1657 3598 exuerant,
1690 3548 1758 3587 ex
1789 3531 1916 3586 aedi-

348 3638 451 3693 bus
482 3633 739 3690 oratoriis
790 3630 953 3684 nuda:
1010 3642 1076 3681 eo
1113 3635 1358 3696 tempore
1415 3632 1729 3685 evaserunt,
1772 3632 1920 3677 metu

347 3727 526 3801 gravis
576 3726 741 3793 hujus
785 3717 1133 3790 irruptionis,
1173 3731 1243 3770 ne
1290 3730 1415 3769 cum
1464 3715 1705 3785 quidem,
1758 3729 1919 3785 quem

348 3825 504 3874 deCet
530 3817 810 3875 mulieres,
836 3809 1061 3882 pudoris
1083 3816 1335 3862 ornatum
1361 3805 1588 3859 induere
1612 3804 1917 3874 permissze:

348 3910 533 3965 multa:
558 3920 685 3961 vero
714 3904 877 3958 etiam
896 3899 1135 3969 acceptis
1160 3897 1475 3951 vulneribus
1496 3894 1661 3966 expul
1693 3910 1740 3949 te
1769 3905 1919 3957 sunt,

348 4003 649 4058 itlax'acra
690 3994 956 4067 sanguine
992 3999 1121 4046 sunt
1164 3989 1403 4059 impleta,
1441 3996 1493 4042 et
1524 4002 1676 4041 sacra
1719 3986 1921 4040 fluenta

349 4094 613 4166 sanguine
660 4095 955 4145 evaserunt
986 4097 1277 4166 purpurea:
1307 4082 1374 4135 Et
1415 4095 1518 4134 nec
1562 4079 1652 4133 hic
1701 4077 1920 4149 quidem

350 4161 552 4244 malum
600 4183 885 4238 constitit:
932 4178 1029 4233 sed
1067 4161 1292 4249 ingrcssi
1344 4173 1566 4237 milites,
1602 4172 1694 4226 ubi
1736 4179 1922 4227 sancta

350 4290 509 4338 erant
565 4276 824 4349 repOsita,
873 4286 1128 4344 quorum,
1178 4269 1318 4324 sicut
1367 4263 1741 4336 cognovimus,
1782 4279 1924 4319 non-

352 4375 487 4431 nulli
519 4386 631 4426 non
665 4377 823 4424 erant
860 4363 1137 4436 mysteriis
1171 4358 1366 4414 initiati
1399 4373 1519 4428 qua:
1551 4357 1699 4411 intus
1741 4364 1919 4421 erant,

354 4469 538 4526 omnia
570 4465 838 4527 viderunt,
871 4467 927 4515 et
957 4455 1335 4513 sanctissimus
1367 4451 1567 4507 Christi
1590 4450 1832 4522 sanguis,
1864 4455 1925 4502 ut

2013 586 2268 657 αεσθησιν
2296 585 2398 657 μὲν
2426 586 2677 640 ἐντεῦθεν
2716 587 2873 641 λάϐοι
2899 592 2999 658 τῆς
3038 590 3133 644 τοῦ
3163 590 3296 645 λαοῦ
3327 589 3466 662 πρὸς
3501 593 3603 645 τὸν

2014 682 2190 752 μέγαν
2211 679 2448 744 εὐνοίας,
2481 679 2662 734 αὐτῶν
2695 679 2752 733 δέ
2776 680 3078 751 βασκανίαν
3108 682 3268 747 εὐθὺς
3309 675 3601 754 καταγνῷ,

2010 770 2496 844 παρασκευάζουσι
2548 769 2780 824 Λούκιόν
2844 788 2970 826 τινα
3021 770 3117 826 τοῦ
3192 773 3432 844 ἀριθμοῦ
3477 775 3603 828 τῶν

2009 862 2325 933 ὁπλοφόρων
2345 860 2666 932 ἡγούμενον,
2694 861 2754 915 ὃν
2772 865 2867 917 καὶ
2904 863 3141 934 Ἕλληνα
3167 865 3267 935 τὴν
3290 866 3603 936 θρησκείαν

2009 957 2038 1009 ό
2058 957 2167 1010 τῶν
2202 956 2413 1010 πολλῶν
2444 953 2559 1027 εἶχε
2602 956 2780 1024 λόγος,
2812 958 3142 1020 ἀπελθόντα,
3178 957 3242 1011 τδ
3279 958 3484 1028 πλῆθος
3514 961 3605 1020 είς

2007 1048 2108 1121 τὴν
2138 1049 2436 1119 ἐκκλησίαν
2454 1047 2958 1119 μετακαλέσασθαι,
2986 1050 3260 1121 ἐπιεικείᾳ
3280 1050 3343 1103 τὺ
3372 1050 3604 1122 πρῶτον

2010 1144 2106 1197 καλ⁸
2134 1142 2311 1195 πειθοῖ
2351 1140 2656 1213 χρώμενον,
2693 1145 2742 1195 εἰ
2786 1141 2832 1194 δ’
2870 1141 2981 1207 οὖν,
3016 1142 3152 1196 ἀλλὰ
3181 1143 3277 1196 καὶ
3320 1141 3443 1213 βίαν
3490 1144 3604 1195 ἐπ-

2011 1235 2257 1301 αγαγεῖν.
2298 1231 2356 1286 '0
2383 1233 2427 1285 δ’
2459 1233 2620 1298 εὐθὺς
2680 1233 2816 1303 πρὸς
2870 1232 2982 1305 [ῖσ.
3020 1232 3143 1304 σὺν]
3196 1234 3600 1305 τετρακοσίοις,

2009 1319 2090 1388 οἷς
2139 1326 2267 1395 περὶ
2322 1324 2487 1380 αὑτὸν
2516 1320 2685 1396 εἶχεν,
2717 1326 2958 1395 ἐσπέρας
3008 1324 3372 1389 ἐπεισπεσὼν,
3404 1325 3601 1377 ἐκεῖνα

2009 1419 2326 1488 εἰργάσατο,
2360 1417 2397 1473 ἃ
2441 1417 2625 1471 ποθεῖν
2671 1417 2771 1487 μέν
2824 1418 2948 1479 τοὺς
2993 1417 3326 1488 δεδρακότας
3393 1418 3603 1486 μόνους

2008 1505 2076 1580 ἦν
2102 1508 2250 1573 ἄξιον
2265 1526 2279 1541 ο
2299 1511 2476 1564 εἰπεῖν
2497 1508 2554 1562 δέ
2573 1509 2668 1561 καὶ
2691 1509 3030 1577 διασαφῆσαι
3058 1510 3413 1579 παραχωρεῖν
3442 1510 3603 1579 ἡμᾶς

2012 1603 2289 1671 προσῆκον
2317 1602 2383 1671 τῇ
2426 1600 2690 1671 καλλίστῃ
2749 1600 3032 1668 γλωσσῶν,
3090 1601 3187 1652 καὶ
3224 1599 3358 1670 παρ’
3420 1600 3602 1670 αὐτῆς

2013 1692 2231 1746 ἀκούειν
2277 1693 2656 1764 διηγουμένης.
2746 1692 2917 1757 Αὐτὸς
2971 1693 3077 1764 γὰρ
3131 1692 3320 1765 ὥσπερ
3379 1693 3600 1764 ὑπέστη

2018 1791 2302 1860 γενναίως,
2329 1789 2486 1844 ὀὕτω
2507 1790 2572 1862 δὴ
2602 1790 2696 1844 καὶ
2723 1790 3085 1858 γενναιότατα
3106 1790 3432 1861 διηγήσατο.
3479 1789 3603 1845 Καὶ

2015 1885 2126 1954 γὰρ
2183 1882 2516 1938 ἐπιστέλλων
2549 1884 2918 1953 Ἰννοκεντίῳ,
2994 1883 3091 1936 καὶ
3127 1884 3198 1936 τὰ
3248 1883 3601 1953 τολμηθέντα

2013 1974 2227 2042 διεξιὼν
2253 1974 2505 2046 (Ῥώμης
2535 1976 2590 2029 δέ
2616 1975 2781 2030 αὐτὸν
2817 1975 3115 2029 ἐπίσκοπον
3139 1977 3169 2028 ό
3199 1975 3358 2045 λόγος
3380 1976 3602 2046 φθάσας

2015 2066 2295 2139 ἐδήλωσε),
2321 2068 2567 2122 διέλαϐεν
2589 2066 2731 2122 οὔτω
2749 2084 2764 2100 ·
2796 2067 2920 2133 Πῶς
2942 2066 3010 2121 ἂν
3033 2070 3102 2123 τὰ
3122 2069 3361 2123 ἐνταῦθα
3395 2068 3598 2140 διηγη-

2018 2158 2225 2230 σαίμην
2252 2159 2459 2224 λοιπὸν,
2486 2161 2668 2214 πᾶσαν
2698 2159 3100 2231 ὑπερϐαίνοντα
3133 2160 3475 2232 τραγῳδίανς
3504 2160 3594 2224 τίς

2016 2254 2157 2308 αὐτὰ
2183 2254 2552 2324 παραστήσειε
2580 2252 2740 2321 λόγος
2762 2270 2778 2319 ;
2804 2252 2935 2307 ποία
2956 2255 3127 2326 χωρὶς
3148 2253 3354 2325 φρίκης
3378 2254 3598 2318 δέξεται

2016 2345 2154 2416 ἀκοή
2178 2363 2192 2412 ;
2227 2342 2417 2411 Ἦμῶν
2435 2345 2543 2417 γὰρ
2577 2344 2771 2412 ταῦτα,
2794 2345 3048 2418 καθάπερ
3080 2346 3386 2418 ἔμπροσθεν
3414 2345 3594 2411 εἶπον,

2018 2439 2440 2509 προτεινόντων,
2482 2437 2679 2510 ἁθρόον
2725 2440 3077 2510 στρατιωτῶν
3104 2441 3309 2511 πλῆθος
3337 2441 3490 2513 αὐτῷ
3514 2441 3598 2512 τῷ

2020 2530 2555 2602 μεγάλῳ“Σαϐϐἀτῳ,
2592 2530 2727 2596 πρὸς
2760 2532 3001 2602 ἑσπέραν
3046 2532 3232 2586 λοιπδν
3250 2534 3350 2603 τῆς
3379 2534 3597 2603 ἡμέρας

2020 2622 2421 2693 ἐπειγομένης,
2478 2624 2600 2685 ταῖς
2646 2622 2966 2691 ἐκκλησίαις
3021 2623 3449 2689 ἐπεισελθόντες,
3497 2626 3597 2680 τὸν

2021 2713 2224 2786 κλῆρον
2253 2714 2469 2768 ἅπαντα
2489 2713 2582 2767 τὸν
2612 2714 2708 2768 σὺν
2731 2715 2862 2786 ἡμῖν
2893 2715 3030 2785 πρὸς
3043 2715 3165 2786 βίαν
3189 2715 3464 2783 ἐξέϐαλον,
3494 2716 3599 2770 καὶ

2018 2810 2203 2872 ὅπλοις
2222 2809 2284 2861 τὸ
2324 2808 2471 2879 βῆμα
2524 2808 2976 2879 περιεστοίχιστο.
3025 2809 3139 2863 Καὶ
3187 2811 3442 2877 γυναῖκες
3482 2809 3597 2863 τῶν

2019 2900 2325 2971 εὐκτηρίων
2353 2898 2539 2965 οἴκων,
2570 2898 2709 2970 πρὸς
2730 2899 2790 2951 τὸ
2821 2898 3104 2970 βάπτισμα
3147 2900 3588 2970 ἀποδυσάμεναι,

2022 2991 2140 3044 κατ’
2174 2990 2335 3043 αὐτὸν
2361 2989 2454 3043 τὸν
2471 2989 2661 3058 καιρὸν
2707 2987 2919 3057 γυμναὶ
2941 2987 3147 3056 ἔφυγον
3170 2987 3280 3041 ἀπὸ
3300 2986 3395 3041 τοῦ
3423 2987 3593 3058 φόϐου

2023 3085 2120 3154 τῆς
2170 3081 2416 3153 χαλεπῆς
2452 3080 2657 3151 ταύτης
2697 3080 2913 3151 ἐφόδου,
2963 3078 3086 3133 οὐδὲ
3137 3078 3237 3151 τὴν
3275 3081 3591 3152 πρέπουσαν

2025 3172 2275 3240 γυναιξὶν
2340 3170 2759 3244 εὐσχημοσύνην
2846 3170 3300 3243 συγχωρούμεναι
3367 3169 3595 3240 περιθέ-

2031 3262 2177 3316 σθαι.
2233 3260 2433 3315 Πολλαὶ
2462 3261 2518 3315 δέ
2548 3262 2664 3315 καὶ.
2696 3258 2989 3331 τραύματα
3029 3260 3322 3330 δεξάμεναι
3368 3260 3597 3325 ἐξεϐάλ-

2028 3353 2202 3420 λοντο,
2252 3353 2347 3405 καὶ
2392 3351 2625 3424 αἵματος
2674 3353 2733 3406 ai
2793 3351 3175 3423 κολυμϐῆθραι
3236 3352 3598 3424 ἐπληροῦντο,

2028 3444 2122 3497 καὶ
2160 3442 2228 3498 τὰ
2269 3444 2390 3515 ἱερὰ
2418 3442 2526 3499 ἀπὸ
2561 3443 2668 3497 τῶν
2693 3443 2942 3514 αἱμάτων
2982 3443 3319 3513 ἐφοινίσσετο
3356 3445 3594 3514 νάματα.

2028 3536 2140 3592 Καὶ
2179 3536 2298 3589 οὐδὲ
2333 3533 2567 3589 ἐνταῦθα
2604 3537 2845 3606 εἱστήκει
2877 3535 2939 3588 τὸ
2982 3535 3177 3598 δεινὸν.
3211 3536 3327 3591 ἀλλ’
3371 3536 3499 3589 ἔνθα
3525 3536 3599 3591 τὰ

2030 3629 2161 3697 ἆγια
2184 3628 2460 3695 ἀπέκειτο,
2491 3628 2823 3690 είσελθόντες
2870 3629 2918 3681 0i
2955 3628 3303 3699 στρατιῶται,
3346 3623 3423 3683 ὧν
3466 3628 3600 3684 ἔνιοι

2028 3718 2212 3784 καθὼς
2255 3718 2596 3789 ἐπέγνωμεν,
2664 3720 2758 3772 καὶ
2805 3719 3040 3791 ἀμύητοι
3085 3715 3245 3793 ἦσαν,
3293 3722 3473 3775 πάντα
3535 3739 3599 3775 τε

2029 3812 2216 3882 ἐώρων
2281 3813 2351 3865 τὰ
2390 3810 2559 3875 ἐνδον,
2587 3812 2681 3864 καὶ
2709 3811 2768 3865 τὸ
2804 3811 3105 3881 ἁγιώτατον
3133 3809 3276 3883 αἷμα
3328 3814 3423 3868 τοῦ
3459 3816 3600 3885 Χριο

2031 3902 2158 3956 στοῦ
2179 3901 2255 3964 ὡς
2282 3904 2339 3954 ἐν
2365 3900 2603 3970 τοσούτῳ
2630 3901 2843 3973 θορύϐῳ
2873 3903 2952 3966 είς
2972 3903 3041 3956 τὰ
3062 3903 3169 3957 τῶν
3183 3906 3603 3975 προειρημένων

2032 3993 2382 4065 στρατιωτῶν
2409 3994 2600 4064 ἱμάτια
2622 3993 2883 4065 ἐξεχεῖτο,
2925 3998 3022 4049 καὶ
3066 3995 3143 4059 ῶς
3167 3997 3224 4048 ἐν
3249 3998 3601 4071 αἰχμαλωσίᾳ

2031 4084 2365 4157 βαρϐαρικῇ,
2419 4085 2597 4139 πάντα
2627 4086 2896 4156 ἐτολμᾶτο
2928 4101 2945 4119 ο
2976 4087 3069 4141 καὶ
3088 4090 3117 4141 ό
3137 4087 3307 4159 δῆμος
3333 4089 3469 4159 πρὸς
3503 4092 3605 4159 τὴν

2029 4175 2262 4246 ἐρημίαν
2283 4174 2567 4246 ἠλαύνετο,
2602 4179 2695 4231 καὶ
2731 4178 2920 4241 ἆπαςό
2948 4177 3074 4242 λαὸς
3112 4178 3212 4247 τῆς
3239 4178 3444 4243 πόλεως
3497 4182 3607 4246 ἐξω

2028 4269 2281 4341 διέτριϐε.
2317 4271 2427 4326 Καὶ
2468 4273 2620 4325 κεναὶ
2649 4274 2708 4326 ἐν
2735 4274 2896 4344 ἑορτῇ
2946 4272 3169 4344 τοιαύτῃ
3201 4272 3309 4327 τῶν
3354 4274 3500 4328 λαῶν
3545 4277 3605 4329 at

2031 4364 2319 4434 ἐκκλησίαι
2379 4365 2639 4434 ἐγίνοντο,
2698 4368 2797 4419 καὶ
2855 4366 3065 4430 πλείους
3110 4366 3144 4437 ἢ
3199 4369 3608 4435 τεσσαράκοντα

2031 4456 2322 4511 ἐπίσκοποι
2366 4457 2861 4527 οί,οίκονομοῦντες
2897 4454 3031 4530 ἡμῖν
3062 4458 3203 4529 μετὰ
3227 4459 3322 4512 τοῦ
3361 4460 3491 4513 λαοῦ
3512 4464 3607 4514 καὶ

356 4563 414 4620 in
439 4571 589 4617 tanto
623 4557 879 4621 tumultu,
919 4554 976 4607 in
1025 4550 1407 4623 praedictorum
1462 4545 1694 4601 militum
1744 4551 1919 4599 vestes

2032 4549 2133 4607 τοῦ
2165 4550 2370 4622 κλήρου
2405 4550 2528 4623 εἰκῇ
2555 4551 2649 4603 καὶ
2700 4554 2878 4621 μάτην
2913 4551 3226 4623 ἠλαύνοντο.
3289 4555 3398 4608 Καὶ
3423 4554 3611 4607 ὀλολυ-

350 4655 455 4713 fuit
474 4652 682 4710 eiiusus
712 4647 847 4721 (42),
880 4654 934 4701 et
979 4653 1233 4714 tanquam
1281 4640 1334 4695 in
1367 4639 1651 4695 barbarica
1697 4635 1928 4706 captivi-

356 4759 464 4806 tate
508 4747 626 4801 ausi
664 4753 793 4800 sunt
832 4741 1157 4802 illa-omnia,
1206 4746 1259 4791 et
1311 4735 1549 4804 populus
1584 4732 1795 4799 ejectus
1824 4727 1929 4782 fuit

356 4846 410 4897 in
444 4839 815 4898 solitudinem,
849 4843 906 4889 et
959 4831 1251 4887 universus
1300 4825 1486 4896 populi
1526 4833 1699 4878 cintus
1749 4836 1931 4876 versa-

355 4937 517 4992 batur
540 4940 692 4987 extra
720 4928 997 4983 civitatem
1025 4942 1037 4978 :
1062 4931 1119 4976 et
1141 4922 1192 4974 in
1219 4918 1309 4974 tali
1342 4917 1481 4972 festo
1512 4914 1753 4969 ecclesiae
1773 4922 1933 4969 erant

355 5027 551 5088 inanes
579 5020 805 5093 populo,
840 5029 897 5072 et
928 5016 1049 5086 plus
1082 5029 1243 5085 quam
1273 5009 1633 5082 quadraginta
1668 5005 1927 5077 episcopi,

355 5119 447 5190 qui
482 5114 766 5171 nohiscum
795 5106 1294 5169 communicahant,
1326 5117 1449 5158 cum
1474 5099 1669 5172 p0pulo
1698 5107 1753 5155 et
1782 5099 1930 5154 clero

358 5221 565 5267 temere
594 5202 805 5273 expulsi
837 5207 983 5260 sunt,
1009 5198 1352 5271 gemitusque
1383 5202 1436 5249 et
1456 5193 1705 5263 planctus
1730 5201 1847 5246 erat
1875 5191 1929 5245 in

357 5295 766 5359 solitudinibus,
797 5300 851 5346 et
881 5288 1139 5360 qualibet
1179 5301 1307 5357 pars
1356 5283 1593 5341 civitatis
1624 5290 1742 5338 erat
1771 5283 1930 5352 plena

359 5392 448 5449 bis
492 5384 915 5445 calamitatibus.
948 5378 1081 5433 Nam
1116 5385 1335 5448 prepter
1379 5373 1646 5444 insignem
1676 5370 1933 5441 iniquita-

360 5502 492 5553 tem,
518 5498 630 5538 non
656 5481 832 5535 solum
853 5475 945 5546 qui
969 5471 1334 5545 patiebantur,
1361 5470 1454 5523 sed
1485 5466 1649 5520 etiam
1677 5466 1766 5534 qui
1797 5463 1934 5519 nihil

431 5714 544 5796 με)
581 5716 717 5769 Νοιθ
756 5709 848 5763 hic
888 5713 1084 5796 “0"”?!
1116 5701 1614 5796 δυίἮέῗξἾΕἮΣῗ..
1625 5694 1935 5796 δῗῖὶίιίξῗξ²

359 5766 716 5854 qui‘ngiIn
762 5774 1145 5834 asservandam
1186 5766 1651 5854 litteratissimam}
1670 5766 1938 5854 irluchlari:

361 5836 744 5923 έιιιιιιι-,Γῗίιιιιιιι
775 5865 883 5905 non
916 5856 1124 5902 tantum
1168 5844 1268 5898 sub
1310 5840 1491 5911 specie
1531 5838 1703 5908 panis,
1743 5836 1837 5890 sed
1879 5845 1934 5890 ct

2037 4642 2132 4711 γαὶ
2174 4644 2269 4696 καὶ⁵
2309 4644 2548 4713 οἰμωγαὶ
2583 4642 2681 4708 τὰς
2710 4643 2888 4708 οίκίας
2917 4645 3061 4698 κατὰ
3088 4647 3187 4710 τὰς
3243 4646 3479 4717 ἐρημίας
3517 4648 3613 4702 καὶ

2037 4735 2180 4789 κατὰ
2226 4737 2337 4790 πᾶν
2367 4739 2464 4809 τῆς
2497 4735 2703 4801 πόλεως
2766 4737 2931 4809 μέρος
2967 4737 3075 4791 τῶν
3118 4740 3412 4811 συμφορῶν
3440 4740 3613 4811 ἐπλή-

2041 4842 2169 4898 ρουν
2197 4827 2422 4882 τούτων.
2475 4827 2573 4880 Διὰ
2613 4827 2724 4897 γὰρ
2749 4830 2847 4900 τὴν
2883 4830 3186 4901 ὑπερϐολὴν
3238 4832 3339 4900 τῆς
3371 4848 3614 4903 παρανο·

2042 4917 2193 4987 μίας,
2240 4916 2337 4986 οὐχ
2375 4917 2424 4969 οί
2452 4917 2750 4987 πάσχοντες
2781 4920 2963 4987 μόνον,
3025 4920 3165 4974 ἀλλὰ
3203 4921 3297 4975 καὶ
3349 4922 3402 4975 οί
3442 4922 3615 4991 μηδὲν

2038 5005 2285 5064 τοιοῦτον
2337 5006 2722 5078 ὑπομένοντες,
2762 5009 3061 5081 συνήλγουν
3091 5012 3244 5081 ἡμῖν,
3270 5010 3397 5080 οὐχὶ
3423 5010 3617 5080 ὁμόδο-

2038 5097 2120 5164 ξοι
2180 5097 2340 5167 μόνον
2365 5135 2381 5162 ,
2435 5097 2571 5150 ἀλλὰ
2630 5098 2724 5150 καὶ
2775 5099 3038 5169 αἱρετικοὶ
3087 5102 3182 5153 καὶ
3224 5099 3467 5153 Ἰουδαῖοι
3521 5100 3617 5152 καὶ

2045 5190 2332 5262 Ἕλληνες.
2406 5189 2493 5254 Ὦς
2521 5191 2621 5260 τῆς
2683 5191 2892 5255 πόλεως
2925 5191 3069 5245 κατὰ
3111 5193 3313 5263 κράτος
3357 5192 3613 5261 ἁλούσης,

2038 5281 2213 5346 οὕτως
2242 5285 2300 5336 ἐν
2323 5282 2575 5353 θορύϐοις
2594 5283 2689 5351 καὶ
2713 5288 2980 5355 ταραχαῖς
3014 5285 3106 5338 καὶ
3132 5285 3416 5354 ὀλολυγαῖς
3440 5287 3619 5340 ἃπαν-

2043 5393 2107 5430 τα
2127 5371 2218 5446 ἦν.
2270 5374 2378 5429 Καὶ
2400 5373 2575 5430 ταῦτα
2607 5376 2873 5446 ἐτολμᾶτο
2910 5377 3064 5448 παρὰ
3093 5380 3321 5447 γνώμην
3347 5378 3442 5432 τοῦ
3469 5379 3626 5431 εὗσεν

2044 5466 2304 5520 ϐεστάτου
2364 5465 2650 5536 βασιλέως,
2702 5469 2891 5530 νυκτὸς
2920 5454 3355 5538 καταλαϐούσης,
3404 5467 3628 5520 ἐπισκό-

2046 5694 2157 5751 vini
2175 5702 2534 5766 asservatam,
2550 5694 3048 5765 bmcChrysostomt
3075 5703 3342 5766 memorat
3369 5694 3602 5766 epistola

2047 5767 2192 5823 idem
2222 5766 2383 5823 etiam
2417 5765 2474 5822 S.
2507 5766 2900 5839 Gregor.l)ial.
2936 5766 2973 5821 l.
3017 5780 3098 5834 ιιι,
3129 5780 3179 5823 c.
3212 5765 3300 5831 56,
3338 5765 3558 5822 astruit.
