3834 6484
248 418 379 485 U81

1307 422 1487 482 VITA
1537 406 1597 484 ὲ.
1635 422 1963 486 JOANNIS
2011 415 2565 481 CHRYSOSTOMI.

3354 374 3492 473 1382

212 555 364 602 ,πων
391 533 533 590 αὐτὰ
584 537 1125 604 κατασκευαζόντων,
1180 539 1274 593 καὶ
1316 539 1582 611 πολλαχοῦ
1618 555 1816 611 στρατο

1929 538 2026 593 tale
2057 535 2418 600 sustinebant,
2449 549 2545 604 per
2571 543 2902 588 consensum
2934 526 3218 586 nobiscum
3249 527 3490 584 dolorem

240 626 538 700 ηγούντων,
578 627 629 681 οἳ
677 627 778 683 οὐκ
811 629 1105 701 ᾐσχύνοντο
1151 629 1647 702 καμπιδούκτωρας
1694 630 1816 686 ἀντὶ

240 721 503 774 διακόνων
525 722 969 793 προηγουμένους
1003 721 1238 796 ἔχοντες,
1301 724 1543 796 Ἡμέρας
1574 723 1629 779 δὲ
1659 740 1814 792 γενο-

242 813 436 885 μένης,
496 814 646 867 πᾶσα
697 814 732 883 ἠ
762 814 916 877 πόλις
966 815 1074 882 ἔξω
1108 815 1218 870 τῶν
1245 816 1439 887 τειχῶν
1466 814 1815 886 μετῳκίζετο,

241 904 349 957 ὑπὸ
369 905 561 975 δένδρα
581 905 683 962 καὶ·
691 905 891 971 νάπας,
903 906 1153 978 καθάπερ
1169 907 1411 979 πρόϐατα
1426 906 1816 978 διεσπαρμένα.

241 995 343 1066 τὴν
364 996 557 1068 ἑορτὴν
585 997 979 1063 ἐπιτελοῦντες.
1024 999 1164 1057 Ἀλλ’
1199 1000 1343 1057 οὕτω
1401 1001 1505 1066 μὲν
1560 1003 1594 1072 ἡ
1641 1001 1819 1071 χρυσῆ

230 1085 488 1163 γλῶσσα.
521 1089 758 1149 Τοιαῦτα
793 1089 851 1143 δὲ
891 1093 1035 1147 κατὰ
1055 1092 1154 1164 τὴν
1195 1092 1389 1165 ἑορτὴν
1415 1092 1512 1149 τοῦ
1549 1096 1741 1166 Πάσχα
1770 1096 1820 1148 οί

246 1178 409 1232 καλοὶ
433 1182 691 1252 ποιμένες
722 1184 817 1241 καὶ
846 1182 1037 1256 ψυχῶν
1086 1174 1422 1258 προστασίαν
1452 1187 1813 1259 πεπιστευμέ-

245 1288 329 1325 νοι
354 1271 431 1342 τῷ
459 1273 755 1329 ἀναστάντι
787 1276 1227 1349 ἑκαρποφόρουν.
1279 1278 1561 1335 Ἐντεῦθεν
1594 1280 1688 1334 καὶ
1714 1280 1825 1335 δια·

205 1428 209 1432 _
242 1361 504 1431 τάγματα
559 1363 836 1435 πανταχοῦ
862 1366 1200 1436 προετίθετο,
1244 1368 1344 1439 τῆς
1383 1369 1629 1424 Ἰωάννου
1658 1369 1825 1444 διείρι

241 1469 409 1521 γοντα
439 1454 726 1520 κοινωνίας
748 1469 765 1486 ·
795 1454 833 1511 ἃ
875 1457 1130 1513 τοσοῦτον
1159 1459 1406 1531 ἐκράτει,
1437 1460 1513 1526 ὡς
1541 1461 1641 1532 τὴν
1664 1462 1820 1518 ένανο

242 1544 369 1598 τίαν
396 1545 598 1615 μᾶλλον
630 1547 892 1618 εἰληφότα
917 1550 1318 1621 παραγγελίαν,
1354 1554 1448 1609 καὶ
1463 1553 1633 1626 ταύτῃ
1660 1555 1823 1613 πλέον

212 1698 219 1701 _
244 1634 372 1698 τοὺς
405 1636 845 1707 πολεμουμένους
875 1640 1214 1710 ρωννύοντα,
1241 1641 1431 1714 ὥσπερ
1461 1642 1525 1715 δὴ
1572 1642 1667 1697 τοῦ
1687 1643 1821 1698 Θεοῦ

245 1726 445 1796 τρόπος
496 1729 555 1781 ὲν
604 1733 817 1800 καιροῖς
856 1733 1119 1798 τοιούτοις
1165 1734 1637 1807 οῑκονομούμενος.
1711 1734 1824 1789 Καὶ

246 1818 358 1890 γὰρ
389 1818 484 1875 καὶ
509 1820 564 1873 αἱ
602 1819 892 1891 ἐκκλησίαι
949 1823 1047 1877 κα)⁸
1089 1824 1119 1878 6
1166 1823 1399 1895 ἀριθμὸς
1445 1823 1647 1896 ηῦξανε
1697 1825 1819 1880 καθ’

246 1909 486 1980 ἑκάστην
538 1909 648 1981 τῶν
686 1911 883 1983 ἐκείνῳ
938 1914 1404 1984 προστιθεμένων.
1473 1917 1559 1970 Ἐν
1613 1915 1824 1979 τούτοις

245 1997 341 2052 οῦν
366 2000 465 2070 τῆς
492 2002 871 2073 Πεντηκοστῆς
901 2003 1004 2076 ἤδη
1023 2005 1459 2079 καταλαϐούσης,
1485 2008 1605 2061 ἐπεὶ
1633 2008 1732 2061 ούκ
1758 2003 1827 2079 ἦν

246 2089 387 2152 ὅλως
408 2089 731 2160 τῷδιαὸόλῳ
759 2095 971 2165 φορητὰ
1012 2094 1082 2149 τὰ
1117 2096 1405 2167 γενόμενα,
1435 2097 1829 2166 προσελθόντες

247 2176 332 2245 οἷς
360 2182 564 2246 ἐκεῖνος
610 2185 849 2250 ὲνέπνει,
896 2186 993 2240 καὶ
1029 2186 1369 2257 θεραπευτὰς
1390 2181 1504 2258 εἶχε
1540 2188 1824 2260 γνησίους,

246 2276 339 2329 Σοὶ
370 2275 490 2346 μὲν,
520 2274 599 2351 τῷ
642 2276 855 2346 βασιλεῖ
899 2278 1132 2347 ἔφησαν,
1186 2279 1405 2344 ἐξουσία
1459 2280 1566 2333 τῶν
1611 2279 1827 2352 ἀνθρω-

247 2367 422 2422 πίνων
453 2369 604 2442 παρὰ
660 2370 819 2438 Θεοῦ,
865 2371 1004 2429 ἀλλὰ
1058 2373 1129 2430 τὰ
1177 2373 1289 2430 τῶν
1328 2372 1640 2443 ἐκκλησιῶν
1697 2375 1829 2444 ἡμῖν

244 2460 664 2534 ἐπιτέτραπται.
739 2462 1031 2537 Τοιγάρτοι
1082 2466 1223 2539 μήτε
1293 2468 1489 2541 ίερέων
1508 2465 1827 2540 ῖερὼτερος,

253 2554 395 2622 μήτε
418 2554 660 2611 κανόνων
689 2556 1078 2630 ἀκριϐέστερος
1105 2555 1247 2615 εἶναι
1283 2559 1628 2632 βουλόμενος.
1654 2578 1831 2631 παρα-

248 2644 416 2714 χώρει
437 2646 546 2703 τῶν
575 2646 831 2702 τοιούτων
859 2651 1012 2721 ἡμῖν.
1037 2651 1179 2722 Ἔφη
1188 2651 1288 2722 μέν
1317 2669 1398 2706 σοι
1420 2631 1515 2707 καὶ
1540 2631 1826 2723 πρότερον,

249 2736 492 2807 βασιλεῦ,
530 2740 625 2793 ἐπὶ
645 2740 745 2813 τὴν
762 2742 1002 2814 κεφαλὴν
1030 2744 1115 2813 εἴη
1149 2742 1246 2815 τὴν
1277 2742 1553 2816 ἡμετέραν
1572 2746 1606 2814 ἡ
1647 2744 1829 2799 Ἰωάν-

249 2846 350 2882 νου
397 2830 738 2903 καθαίρεσις.
801 2834 895 2906 Mi)
946 2836 1128 2890 τοίνυν
1176 2836 1491 2908 φειδόμενος
1530 2835 1625 2890 τοῦ
1687 2832 1828 2903 ένὺς,

248 2919 379 2983 τοὺς
431 2923 640 2988 πάντας
676 2925 799 2979 θέλε
830 2925 1043 2983 λυπεῖν.
1102 2927 1236 2982 Τότε
1276 2928 1565 3000 παρρησίᾳ
1603 2926 1830 2999 πέμψας

247 3016 278 3070 6
307 3015 582 3085 βασιλεὺς,
617 3019 681 3073 Ol
708 3019 1007 3092 κατήγοροί
1031 3037 1149 3086 σου,
1184 3020 1438 3094 γνωρίζει
1457 3021 1535 3092 τῷ
1563 3023 1833 3094 πατριάρ-

250 3123 348 3179 χῃ,
374 3108 434 3162 τὸ
475 3114 651 3182 κρῖμα
695 3112 758 3166 τὸ
816 3112 928 3181 σὺν,
956 3115 1104 3177 ὅπως
1133 3113 1200 3168 ἂν
1238 3113 1368 3186 ἔχοι,
1392 3114 1487 3168 καὶ
1531 3113 1600 3187 ἣν
1648 3114 1832 3169 ἔθεντο

248 3197 984 3296 ψῆφογῃτῆςξῗθξιρέσεως,
1024 3200 1169 3256 κατὰ
1216 3202 1315 3272 τῆς
1358 3201 1568 3256 ἑαυτῶν
1611 3201 1829 3254 ἕλκουσι
1856 3237 1903 3296 c

251 3291 520 3359 κεφαλῆς.
564 3291 654 3362 Τῷ
679 3292 799 3363 Θεῷ
823 3293 1002 3349 τοίνυν
1025 3293 1094 3348 τὰ
1121 3293 1263 3349 κατὰ
1285 3298 1480 3349 σαυτὸν
1504 3292 1829 3364 ἐπιτρέψας,

250 3379 353 3450 τῆς
405 3381 729 3452 Ἑκκλησίας
751 3383 1043 3456 ἀπόστηθι.
1061 3384 1128 3439 Τί
1149 3385 1322 3452 τοῦτο,
1358 3386 1569 3457 ἀνδρῶν
1602 3387 1833 3457 εὐμετα-

252 3472 551 3538 ϐαλώτατε.
574 3475 666 3529 καὶ
690 3474 953 3545 βασιλέων
973 3477 1050 3548 τῷ
1063 3480 1283 3549 κρατεῖν
1306 3481 1661 3548 ἁγεννέστατε
1679 3496 1694 3548 ;
1714 3479 1832 3543 πῶς

248 3558 575 3635 ᾦτοσαύτην
600 3567 918 3640 εἰσήνεγκας
937 3570 1036 3642 τῂν
1060 3569 1292 3640 σπουδὴν
1316 3571 1379 3625 ἐκ
1392 3571 1490 3641 τῆς
1515 3569 1833 3642 Ἀντιοχέων

254 3658 751 3743 μετακαλούμενος,
816 3661 912 3715 mi.
956 3662 1194 3733 Χριστοῦ
1225 3661 1325 3735 τὴν
1391 3663 1718 3733 Ἐκκλησίαν
1744 3681 1832 3719 πι-

256 3749 487 3816 στεύων,
524 3753 617 3807 καὶ⁹
641 3747 704 3808 οῦ
737 3754 935 3823 πεῖραν
971 3754 1103 3824 ὅσην
1132 3754 1290 3827 ἔσχες
1315 3755 1415 3825 τῆς
1449 3755 1673 3827 ἀρετῆς,
1702 3756 1830 3809 τοῦ·

260 3858 345 3895 τον
364 3843 428 3895 οὐ
456 3843 554 3912 τῆς
602 3842 928 3914 Ἐκκλησίας
954 3845 1138 3909 ἁπλῶς
1172 3845 1536 3918 ἐκϐέϐληκας,
1572 3847 1710 3902 ἀλλὰ
1737 3847 1833 3903 καὶ

253 3933 556 4005 ὑπερορίαν
600 3935 765 3990 αὑτοῦ
808 3936 1194 4005 κατεδὲκασας,
1221 3938 1392 4011 ἄνδρα
1441 3940 1540 4011 τὴν
1590 3940 1830 4012 Χριστοῦ

251 4026 542 4100 ζημιώσας
590 4029 848 4107 ποίμνην,
881 4025 979 4095 OE,
1002 4032 1145 4087 κατὰ
1170 4031 1260 4086 τὸν
1307 4032 1480 4104 μέγαν
1516 4032 1729 4087 Παῦλον
1754 4036 1830 4089 εἰ-

252 4120 397 4185 πεῖν,
424 4119 543 4175 οὐδὲ
568 4121 597 4175 6
629 4123 734 4186 πᾶς
755 4123 1137 4191 κόσμος’άξιος
1162 4140 1177 4191 ;
1230 4124 1391 4179 Ἀλλὰ
1421 4125 1515 4180 καὶ
1537 4125 1596 4180 σὲ
1615 4127 1832 4192 πάντως

250 4210 540 4282 ἠπάτησεν
574 4211 709 4276 Εύα.
747 4216 789 4285 ,ἠ
836 4214 1154 4286 δολιωτάτη,
1226 4219 1390 4288 φημὶ,
1449 4221 1755 4288 γυναικῶν,
1793 4221 1827 4292 ή

250 4301 482 4375 γνώμην
530 4306 625 4361 καὶ
670 4306 916 4374 γλῶτταν
938 4306 1175 4390 ὸφιώδης
1215 4309 1309 4362 καὶ
1335 4309 1606 4383 μοχθηρὰ,
1641 4310 1831 4382 ὥσπερ

251 4395 324 4450 δι’
355 4395 575 4469 ἐκείνης
605 4400 633 4451 6
654 4399 797 4465 ὄφις.
857 4398 1032 4465 οὕτως
1089 4400 1228 4472 αὑτὴ
1297 4402 1389 4456 διὰ
1411 4403 1522 4456 τῶν
1554 4404 1615 4457 οὐ
1648 4404 1830 4458 καλῶν

253 4486 532 4557 ποιμένων
553 4489 633 4552 εἰς
660 4481 777 4543 ὦτα
805 4489 881 4543 τὰ
906 4491 974 4543 σὰ
1007 4490 1329 4561 λαλήσασα.ἶ
1356 4491 1575 4549 Τούτων
1597 4495 1628 4546 6
1656 4478 1839 4562 μέγαξ

1919 632 2307 702 accipiebant:
2345 644 2454 684 non
2493 628 2667 683 solum
2703 625 2797 697 qui
2822 631 2982 681 erant
3004 623 3250 694 ejusdem
3281 622 3495 692 opinio-

1920 723 2027 789 nis,
2054 721 2148 778 sed
2177 721 2342 776 etiam
2368 718 2637 782 baretici,
2667 724 2723 771 et
2744 713 2942 782 Judaei,
2971 726 3028 770 et
3053 711 3285 782 gentiles
3318 728 3330 763 :
3369 724 3494 778 pcr-

1919 815 2048 871 inde
2075 829 2139 869 ac
2171 812 2215 869 si
2248 813 2297 868 vi
2341 820 2498 882 capta
2527 819 2671 866 esset
2712 809 2925 872 civitas,
2956 806 3033 861 sic
3060 806 3116 860 in
3145 803 3488 859 tumultibus.

1919 903 2425 977 perturbationibus
2453 910 2508 957 et
2546 900 2836 972 gemitibus
2864 908 3025 956 erant.
3051 897 3255 953 omaia.
3288 896 3354 949 Et
3376 895 3491 948 tunc

1923 998 2063 1055 facta
2093 1004 2222 1052 sunt
2246 1004 2448 1066 praeter
2475 988 2801 1050 sententiam
2829 992 2903 1062 pii
2933 988 3299 1060 imperatoris,
3327 995 3489 1041 noctu

1894 1091 2041 1153 tunc
2090 1087 2536 1159 comparantibus
2583 1084 2875 1155 episcopis.
2924 1090 2980 1138 et
3022 1081 3209 1137 multis
3258 1081 3314 1133 in
3358 1077 3493 1133 locis

1922 1179 2315 1237 exercentibus
2338 1191 2538 1232 munus
2569 1174 2725 1231 ducis
2763 1172 3053 1233 exercitus,
3084 1169 3174 1238 qui
3225 1181 3332 1220 non
3367 1180 3493 1220 eru—

1922 1269 2217 1327 bescebant
2240 1284 2341 1340 pro
2372 1266 2615 1323 diaconis
2640 1258 2816 1333 campi
2839 1249 3094 1321 ductores
3128 1257 3328 1315 habere
3353 1269 3494 1324 prae-

1921 1364 2200 1420 cedentes.
2227 1362 2363 1417 Cum
2396 1369 2577 1417 autem
2618 1357 2811 1415 fuisset
2849 1354 3011 1416 dies,
3034 1360 3144 1406 tota
3175 1349 3363 1405 civitas
3391 1345 3493 1401 mi-

1923 1454 2100 1527 gravit
2139 1462 2297 1513 extra
2331 1450 2553 1514 mania,
2585 1448 2689 1505 sub
2741 1446 3027 1503 arboribus
3070 1451 3126 1497 et
3179 1439 3496 1497 nemoribus

1924 1547 2064 1603 sicut
2110 1545 2368 1615 dispersa
2419 1556 2549 1598 oves
2595 1539 2796 1596 festum
2846 1536 3203 1593 celebrantes.
3263 1531 3371 1585 Sed
3419 1529 3498 1584 sic

1924 1640 2147 1711 quidem
2174 1638 2361 1709 lingua
2403 1635 2493 1690 illa
2518 1648 2708 1693 aurea.
2742 1630 2867 1686 llaec
2909 1638 3092 1685 autem
3134 1628 3187 1681 in
3220 1625 3363 1680 festo
3391 1623 3497 1679 Pa-

1924 1731 2070 1787 schm
2104 1729 2305 1802 egregii
2336 1737 2583 1798 pastores
2609 1732 2664 1780 et
2685 1723 2882 1794 quibus
2904 1721 3206 1777 animarum
3229 1730 3358 1793 cura
3381 1720 3500 1768 erat

1925 1823 2152 1884 credita.
2171 1817 2581 1890 obtuleruntZei,
2610 1817 2700 1886 qui
2725 1820 3060 1871 surrexerat.
3087 1810 3225 1865 Hinc
3253 1808 3415 1862 etiam
3440 1806 3499 1861 in

1927 1930 2146 1971 omnem
2178 1923 2387 1985 partem
2415 1913 2585 1969 missa
2607 1917 2733 1965 sunt
2756 1907 2953 1971 edicta,
2988 1918 3109 1975 quae
3139 1899 3501 1971 prohibebant

1923 1994 2254 2072 abJoannis
2279 2004 2665 2063 communione
2697 2018 2713 2055 :
2750 2014 2869 2075 quae
2898 2006 3101 2057 tantam
3133 1996 3240 2050 vim
3279 1991 3499 2055 liabue-

1930 2109 2079 2164 runt.
2111 2098 2339 2170 perinde
2386 2112 2448 2151 ac
2483 2095 2528 2151 si
2577 2094 2965 2169 prtecepissent
3009 2086 3345 2145 contrarium
3382 2102 3396 2138 :
3449 2090 3504 2137 et

1930 2205 2047 2256 eos,
2073 2190 2166 2261 qui
2214 2186 2694 2259 oppugnabantur,
2718 2182 2891 2254 magis
2933 2181 3010 2236 sic
3058 2176 3455 2233 conﬁrmarunt
3485 2187 3500 2224 :

1930 2299 2090 2356 quem
2123 2280 2347 2353 quidem
2378 2278 2601 2333 modum
2632 2276 2772 2331 solet
2808 2283 2995 2328 tenere
3029 2271 3173 2325 Deus
3218 2268 3272 2322 in
3308 2267 3505 2337 hujus-

1932 2375 2085 2439 modi
2113 2371 2453 2443 temporibus
2482 2368 2764 2433 Ecclesiae,
2807 2374 2956 2421 certe
2985 2373 3041 2418 et
3084 2375 3347 2416 numerus
3382 2372 3507 2429 ωεστ

1930 2469 2112 2529 scebat
2147 2465 2366 2521 assidue
2403 2477 2616 2527 eorum,
2653 2461 2748 2531 qui
2785 2459 2861 2513 illi
2896 2456 3314 2525 adﬁciebantur.
3353 2449 3502 2506 inte-

1929 2564 2037 2621 ritu
2074 2570 2256 2619 autem
2285 2559 2414 2615 dum
2442 2556 2553 2628 jam
2574 2552 2825 2610 venisset
2866 2548 3217 2613 Pentecoste;
3246 2543 3503 2616 quoniam

1931 2655 2046 2719 ﬁeri
2090 2669 2201 2711 non
2251 2636 2507 2722 poterat,
2535 2656 2596 2707 ut
2637 2645 2851 2703 occulto
2901 2643 3127 2697 inimico
3168 2641 3282 2695 haec
3323 2645 3507 2692 essent

1931 2744 2259 2809 tolerabilia,
2290 2740 2615 2801 accedentes
2655 2737 2713 2802 ii,
2748 2750 2887 2806 quos
2938 2731 3028 2786 ille
3084 2728 3421 2801 inspirabat,
3454 2737 3507 2780 et

1931 2853 1961 2893 a
1988 2837 2188 2907 quibus
2210 2836 2327 2905 ipse
2348 2827 2914 2887 valdeobservabatur
2948 2839 2960 2876 :
2995 2821 3113 2876 Tibi
3143 2819 3384 2892 quidem,
3418 2816 3507 2874 di«

1933 2936 2133 2984 xerunt
2172 2922 2512 2996 imperatori,
2544 2935 2726 2975 rerum
2762 2918 3120 2974 humanarum
3162 2912 3287 2968 data
3341 2919 3427 2965 est
3474 2924 3505 2964 a

1934 3020 2045 3077 Deo
2074 3025 2337 3091 potestas,
2373 3012 2467 3071 sed
2500 3010 2869 3068 Ecclesiarum
2897 3022 2986 3062 res
3018 3012 3146 3061 sunt
3172 3000 3331 3058 nobis
3355 3016 3507 3055 com.

1935 3113 2134 3168 missae.
2175 3109 2361 3180 Itaque
2385 3122 2488 3163 nec
2515 3101 2891 3174 sacerdotibus
2923 3097 3187 3159 sanctior,
3208 3110 3312 3150 nec
3337 3107 3506 3149 cano-

1934 3207 2096 3262 nibus
2144 3203 2334 3261 volens
2389 3200 2650 3274 majorem
2697 3195 2899 3251 habere
2941 3190 3354 3251 auctoritatem,
3390 3186 3508 3241 haec

1935 3299 2178 3369 relinque
2213 3293 2504 3367 episcopis.
2538 3290 2660 3346 Tibi
2693 3287 2911 3359 quidem
2966 3284 3120 3355 prius
3156 3295 3372 3352 quoque
3423 3279 3510 3334 di-

1934 3392 2137 3454 ximus,
2161 3405 2193 3443 o
2224 3387 2542 3457 imperator,
2574 3382 2627 3436 in
2659 3388 2907 3434 nostrum
2938 3376 3127 3431 redeat
3156 3368 3507 3443 caputJoan-

1932 3486 2020 3542 nis
2044 3479 2337 3555 depositio.
2366 3477 2502 3532 Vide
2531 3489 2680 3546 ergo,
2715 3488 2783 3531 ne
2812 3486 2980 3525 unum
3006 3469 3087 3524 sic
3116 3466 3505 3535 complectens,

1934 3554 2133 3631 omnes
2171 3583 2363 3642 pergas
2409 3564 2623 3622 afﬁcere
2664 3559 2901 3618 tristitia.
2947 3557 3067 3612 Non
3124 3554 3358 3626 amplius
3393 3554 3509 3609 ιιιυο

1934 3664 2210 3721 sustinere
2253 3666 2468 3732 poterat
2522 3655 2837 3724 imperator,
2891 3649 2987 3705 sed
3034 3648 3282 3719 protinus
3319 3654 3509 3715 aperte

1933 3756 2197 3819 mittens,
2256 3748 2526 3822 signiﬁcat
2564 3743 2887 3815 patriarchae
2932 3740 2989 3795 in
3037 3740 3184 3794 hunc
3234 3737 3505 3792 modum:

1930 3845 2291 3900 Accusatores
2320 3839 2397 3894 tui
2424 3834 2689 3908 judicium
2726 3842 2902 3897 tuum,
2924 3828 3415 3907 quomodocunque
3448 3841 3508 3880 sc

1934 3936 2152 3998 habeat,
2186 3943 2243 3989 et
2270 3948 2433 4004 quam
2476 3926 2839 4002 depositionis
2865 3925 3112 3980 tulerunt
3154 3920 3505 3984 sententiam,

1935 4028 2159 4083 trahunt
2189 4027 2243 4080 in
2274 4040 2433 4081 suum
2461 4029 2643 4093 caput.
2667 4018 2800 4073 Rem
2830 4018 3013 4085 itaque
3040 4024 3188 4070 tuam
3225 4015 3332 4068 Deo
3361 4028 3510 4065 com-

1932 4117 2177 4180 mittens,
2206 4115 2397 4171 recede
2425 4114 2494 4169 ab
2546 4109 2805 4207 Epclesia.
2846 4107 2986 4174 Quid
3037 4096 3163 4169 hoc,
3199 4120 3231 4159 ο
3265 4104 3508 4159 virorum

1932 4209 2092 4280 longe
2142 4194 2609 4269 mutabilissime,‘
2631 4211 2686 4257 et
2733 4201 3121 4271 imperatorum
3175 4197 3232 4251 in
3276 4194 3511 4251 admini-

1931 4302 2160 4356 strando
2183 4299 2414 4371 imperio
2450 4294 2818 4369 ignavissime,
2849 4290 3126 4361 quomodo
3167 4288 3253 4344 cui
3292 4296 3504 4342 tantum

1916 4380 2229 4449 adhibuisti
2277 4388 2540 4451 studium,
2573 4380 2698 4440 eum
2746 4396 3036 4438 accersens
3085 4378 3411 4444 Antiochia,
3457 4387 3511 4432 et

1930 4484 2134 4542 Christi
2178 4482 2229 4537 ei
2269 4481 2501 4538 credens
2554 4476 2878 4539 Ecclesium,
2916 4474 3075 4543 cujus
3130 4472 3346 4525 virtutis
3395 4486 3504 4523 non

254 4575 517 4642 ἀκούσας,
557 4577 721 4649 μηδὲν
744 4579 1068 4651 σκυθρωπὸν
1097 4582 1131 4655 ἢ
1156 4582 1405 4653 κατηφὲς
1443 4584 1574 4655 μήτ’
1606 4561 1666 4638 ὲν
1700 4603 1827 4656 καρ-

1938 4590 2167 4650 parvum
2202 4571 2377 4628 fecisti
2413 4567 2738 4641 periculum,
2780 4580 2905 4620 eum
2941 4578 3051 4617 non
3083 4563 3259 4616 solum
3295 4561 3504 4630 cjecisti

256 4670 350 4741 δία
378 4668 688 4739 δεξάμενος,
740 4673 868 4744 μήτ’
913 4673 970 4727 ὲν
998 4673 1119 4744 ὄψει
1186 4678 1612 4749 παρασημήνας,
1643 4677 1834 4747 Δεῦτε,

253 4765 373 4826 τοῖς
424 4766 551 4835 περὶ
596 4766 760 4819 αὑτὸν
810 4766 1131 4831 ἐπισκόποις
1184 4766 1311 4838 ἔφη,
1363 4769 1443 4840 τῷ
1487 4771 1705 4843 ἀγγέλῳ
1731 4772 1832 4840 τῆς

266 4853 591 4926 Ἐκκλησίας
620 4855 721 4929 ήδη
764 4857 859 4910 καὶ
915 4857 1326 4931 συνταξῶμεθα.
1373 4856 1504 4915 Εἶτα
1567 4861 1706 4931 μετὰ
1732 4862 1833 4934 τὴν

258 4947 611 5017 καθήκουσαν
672 4950 1005 5022 προσευχὴν,
1058 4950 1231 5006 πολλὰ
1265 4953 1396 5026 περὶ
1426 4954 1523 5025 τῆς
1551 4953 1830 5024 ὀρθοδόξου

253 5039 687 5111 διαμαρτύρεται
728 5041 1016 5110 πίστεως,
1084 5044 1180 5098 καὶ
1224 5043 1434 5115 ταύτης
1474 5045 1829 5116 ἀμεταθέτως

253 5130 475 5200 ἔχεσθαι
500 5133 777 5204 παραινεῖ,
807 5131 997 5186 ἔπειτα
1027 5134 1126 5188 καὶ
1161 5134 1341 5199 πάσας
1370 5136 1556 5200 αὐτοῖς
1581 5137 1828 5207 αἱρέσεις

255 5222 617 5294 ἀπαγορεύει.
671 5222 859 5290 Οὕτως
883 5225 1102 5296 ὁμιλίας
1144 5225 1324 5299 ἔχοντι
1355 5229 1718 5301 προσέρχεταί
1745 5247 1831 5294 τις

255 5314 540 5383 ἀγγέλλων
570 5316 667 5369 τὸν
699 5316 952 5389 θεομισῆ,
980 5318 1215 5374 Λούκιον
1241 5322 1381 5392 μετὰ
1417 5321 1511 5375 τοῦ
1547 5321 1645 5381 ὑπ’
1670 5323 1833 5376 αὑτὸν

258 5405 671 5478 στρατεύματος
740 5410 1041 5480 προσάγειν
1092 5412 1234 5473 οὕτω
1290 5415 1830 5486 παρεσκευασμένον,

255 5498 356 5563 ὡς,
379 5498 538 5570 εῐπερ
579 5500 825 5574 ἀναϐάλῃ
855 5501 954 5573 τὴν
983 5502 1189 5573 ἔξοδον,
1214 5505 1310 5561 καὶ⁵
1342 5505 1466 5577 βίαν
1494 5506 1833 5576 ἐπενεγκεῖν,

257 5590 355 5645 καὶ
382 5592 502 5661 μεθ’
539 5592 984 5664 ὕϐρεως-ἐξῶσαι
1011 5596 1113 5667 τῆς
1158 5597 1505 5666 Ἐκκλησίας.
1546 5597 1833 5652 Κλονεῖται

256 5681 315 5734 δὲ
343 5685 436 5736 καί⁵
463 5683 524 5736 τὸ
571 5684 780 5755 πλῆθος
811 5686 911 5759 τὴν
955 5686 1056 5760 σὴν
1101 5688 1199 5760 οὐχ
1227 5684 1338 5745 οἶόν
1364 5707 1424 5744 τε
1453 5688 1513 5745 ὃν
1540 5691 1832 5761 ὑπομεῖναι

342 5842 385 5873 ’θ
417 5842 583 5898 llebr.
613 5859 689 5911 XI,
724 5844 816 5899 28.

1935 4688 2002 4728 ex
2020 4669 2295 4726 Ecclesia:
2320 4665 2413 4720 sed
2439 4676 2562 4717 eum
2587 4660 2751 4715 etiam
2776 4657 2950 4711 virum
2978 4653 3210 4723 turpiter
3235 4653 3503 4707 damnasti

1934 4763 2140 4826 exsilio,
2169 4756 2367 4815 Christi
2394 4768 2609 4827 gregem
2641 4751 2838 4806 damno
2856 4748 3094 4802 aliiciens
3118 4765 3129 4798 :
3158 4761 3267 4816 quo
3288 4744 3506 4814 quidem

1933 4855 2074 4922 viro,
2105 4859 2167 4908 ut
2199 4864 2322 4905 cum
2352 4859 2551 4917 magno
2585 4842 2759 4897 dicam
2794 4837 2963 4891 Paulo
2985 4878 2998 4900 ,
3040 4851 3110 4890 ne
3156 4835 3353 4905 dignus
3388 4835 3507 4902 qui-

1934 4947 2058 5002 dem
2116 4950 2233 4999 erat
2288 4938 2577 4993 universus
2626 4928 2865 4985 mundus
2885 4927 2970 4980 ’9?
3021 4925 3125 4979 Sed
3186 4934 3239 4979 te
3289 4938 3507 4994 quoque

1933 5037 2157 5096 omnino
2201 5031 2346 5102 cepit
2379 5028 2593 5083 mulier.
2641 5024 2751 5079 Eva
2797 5033 2988 5074 rursus
3025 5027 3144 5072 tuas
3174 5031 3352 5078 aures,
3384 5031 3505 5084 quae

1932 5140 2062 5193 sunt
2113 5124 2322 5190 faciles,
2366 5119 2582 5189 decepit
2625 5112 3053 5169 miserabiliter:
3101 5109 3374 5180 quomodo
3407 5124 3503 5178 per

1933 5224 2080 5280 illam
2114 5228 2364 5289 serpens,
2390 5211 2463 5266 ita
2490 5209 2603 5277 ipsa
2633 5220 2731 5275 per
2752 5217 2861 5257 non
2893 5200 3067 5256 bonos
3102 5207 3346 5268 pastores
3379 5212 3481 5250 cor

1930 5317 2019 5373 dis
2040 5313 2189 5368 virus
2219 5318 2495 5366 evomens.
2519 5298 2645 5354 Hinc
2664 5312 2788 5352 cum
2819 5308 3049 5364 magnus
3071 5292 3160 5346 ille
3182 5291 3510 5353 audivisset,

1931 5409 2083 5465 nullo
2113 5416 2347 5461 mmrore
2390 5405 2486 5453 aut
2520 5393 2765 5456 tristitia,
2802 5403 2907 5445 nec
2954 5387 3011 5442 in
3043 5386 3214 5442 corde
3254 5384 3498 5447 allectus,

1930 5517 2035 5559 nec
2055 5499 2207 5557 vultu
2250 5508 2360 5567 prae
2390 5507 2450 5547 se
2484 5488 2667 5545 ferens
2694 5528 2713 5555 ,ι
2756 5484 2854 5539 sed
2896 5482 3073 5536 virum
3107 5478 3406 5533 ostendens
3448 5476 3504 5529 in

1933 5589 2349 5654 tentationibus,
2383 5583 2526 5641 sicut
2572 5578 2630 5633 in
2674 5581 2997 5647 tempestate
3041 5570 3499 5643 gubernatorem:

1931 5686 2156 5750 Adeste,
2184 5678 2362 5751 inquit
2404 5673 2518 5731 suis
2540 5667 2832 5744 episcopis,
2864 5666 2976 5740 jam
3009 5661 3190 5718 valere
3216 5657 3507 5732 iubeamus
