3834 6470
438 375 579 446 11.33
1660 396 1944 459 MENSIS
1977 384 2437 468 JANUARIUS.
3535 410 3670 485 ttat

432 497 684 569 angelum
717 496 997 558 Eeclesim.
1028 501 1234 560 Deinde
1265 515 1388 577 post
1416 517 1605 574 iactas,
1636 527 1776 582 quas
1801 528 1958 570 convt

432 590 613 613 _:-.--.
662 607 851 613 --μη
908 594 959 613 ,-
1000 596 1028 613 ι.
1053 597 1068 613 .
1196 599 1229 613 _.
1309 600 1323 613 .
1557 605 1570 613 .
1771 608 1818 613 -_

2062 538 2079 583 ι
2114 518 2389 591 στέρησιν.
2465 520 2815 596 Ἐπιταχυναι
2879 526 3183 601 έτοιγαροῦν
3219 546 3228 557 ·
3261 529 3535 588 λυσιτελεῖ
3578 541 3664 613 τὴν

429 590 636 654 niebat,
662 607 874 662 preces,
898 594 968 651 de
997 596 1103 652 fide
1126 599 1428 657 orthodoxa
1460 605 1629 659 multa
1662 608 1958 665 testificata

2106 590 2403 681 ἐξέλευσιν,
2430 615 2504 686 μή
2555 590 2692 671 ποτε
2717 635 2809 672 σου
2849 619 2970 675 λίαν
2988 590 3452 695 ⁷ἀντιποιούμενος
3476 630 3504 680 6

426 690 484 738 et
514 682 783 746 h'ortatur,
815 696 876 740 ut
905 702 1024 741 eam
1056 701 1356 759 sequamur
1385 693 1821 754 immutabilitcr.
1859 700 1958 758 Pra

2104 704 2201 760 καὶ
2230 706 2311 770 είς
2345 682 2536 779 χεῖρας
2575 713 2692 774 τοῖς
2755 713 3117 782 στρατιώταις
3149 682 3301 788 ἐλθῃξ
3351 720 3448 772 καί
3478 738 3531 774 τι
3565 724 3667 777 τῶν

429 782 577 829 terea
630 791 760 832 vero
819 778 899 833 eis
932 795 1150 851 quoque
1201 785 1456 853 prohibet
1504 804 1699 846 omnes
1743 792 1958 849 haerese:

429 862 464 882 η
547 881 551 882 ν
614 867 626 882 .
855 879 863 882 ,
1106 874 1118 882 .
1232 875 1250 882 -

2103 778 2441 869 παραϐόλων
2483 778 2835 873 ἐργάσασθαι⁷
2876 806 3144 879 προαχθῇ.
3175 778 3394 862 Τούτων
3441 811 3471 863 δ
3506 812 3666 882 μέγας

424 862 562 920 Cum
614 867 729 923 haec
774 879 957 926 autem
1005 874 1171 929 verba
1225 875 1453 943 faceret,
1505 883 1714 939 accedit
1757 886 1958 970 quidan

2100 862 2361 954 ἀκούσας,
2390 862 2570 958 δεξιαν
2594 909 2702 946 τισι
2719 894 2827 949 τῶν
2858 862 3172 951 ὲτίισκδπῖυν
3194 900 3337 968 (οὐδὲ
3365 901 3476 970 γὰρ

424 958 687 1014 nuntians
743 960 851 1016 Deo
891 963 1128 1021 invisum
1180 968 1405 1025 Lucium
1457 988 1580 1028 cum
1614 990 1717 1031 suo
1759 964 1958 1035 exercil

2106 983 2553 1056 πᾶσινδκαιρὸς)
2597 984 2876 1057 ἐμϐαλὼν,
2924 988 3021 1042 καὶ
3067 989 3146 1061 τῷ
3198 958 3467 1062 ᾧιλήμᾷτὶ
3512 994 3664 1064 μίξας

420 1051 682 1107 accedere
710 1054 781 1109 ita
809 1067 1081 1126 paratum,
1118 1070 1177 1115 ut
1212 1062 1254 1116 si
1286 1079 1390 1132 qua
1423 1064 1513 1120 fiat
1537 1067 1590 1121 in
1622 1068 1764 1124 exitu
1788 1070 1958 1131 dilatit

2101 1072 2336 1144 δάκρυον
2367 1051 2453 1130 δια
2482 1051 2580 1148 την
2631 1051 3025 1158 τῶνσυνήθων
3047 1051 3270 1154 ζημίαν,
3295 1051 3417 1140 sive
3447 1051 3665 1153 κέὶτὶεξ

420 1155 531 1195 non
557 1142 714 1199 sileat
740 1146 966 1227 omnino
1000 1165 1102 1205 nec
1134 1147 1449 1223 mitigetur:
1482 1158 1576 1212 sed
1606 1174 1825 1215 manum
1853 1177 1958 1232 quo

2098 1142 2305 1231 λοιποῖς
2356 1142 3029 1240 συνταξάμενοςλνταῦθά
3238 1142 3539 1249 παρηγγύα
3583 1142 3665 1252 μί

417 1246 527 1301 quc
561 1236 813 1304 protinus
865 1240 1078 1305 afferat,
1117 1253 1173 1299 et
1225 1261 1347 1300 cum
1394 1251 1721 1307 contumelia
1756 1256 1958 1325 expelle

2107 1274 2242 1327 νειν,
2272 1260 2417 1324 Ἕως
2437 1236 2710 1330 ἀπελθὼν,
2743 1266 2897 1335 φησὶ,
2933 1266 3127 1338 μικρὸν
3155 1236 3353 1322 ἀνεθιῖί.

419 1341 487 1382 ex
519 1330 783 1388 Ecclesia.
814 1334 984 1393 Porro
1027 1350 1208 1396 autem
1248 1355 1621 1402 commovetur
1653 1365 1873 1420 quoque
1917 1352 2177 1423 populus,
2249 1356 2342 1426 qui
2405 1357 2549 1414 ferre
2593 1374 2703 1414 non
2775 1368 2955 1431 potest
2997 1361 3079 1416 sui
3133 1361 3523 1433 privationem.
3566 1360 3662 1417 Ex-

414 1422 733 1495 peditergo
769 1429 1074 1487 accelerare
1107 1434 1336 1499 exitum,
1384 1452 1455 1492 ne
1488 1439 1629 1495 forte
1669 1450 1722 1497 te
1755 1422 2325 1505 nimiumidefendens
2358 1451 2611 1520 papulas,
2655 1422 2799 1521 quod
2833 1452 2977 1507 absit
3005 1449 3065 1508 ut
3129 1453 3445 1518 videamus,
3474 1469 3661 1509 manus

410 1531 664 1576 conserat
710 1539 833 1578 cum
882 1528 1144 1586 militibus
1174 1573 1189 1596 ,
1238 1544 1291 1588 et
1343 1534 1635 1593 inducatur
1675 1549 1736 1595 ut
1776 1542 1981 1613 aliquid
2020 1544 2189 1601 faciat
2239 1546 2405 1602 nimis
2466 1562 2709 1618 praeceps
2760 1559 2816 1604 et
2894 1548 3286 1619 periculosum.
3370 1548 3503 1605 Ilaec
3543 1565 3658 1605 cum

410 1632 641 1688 magnus
698 1622 962 1679 audiisset
1006 1626 1283 1693 Joannes,
1341 1632 1727 1706 episcopisque
1783 1639 1990 1710 aliquot
2023 1650 2277 1712 porrecta
2321 1644 2543 1699 dextera
2612 1644 2814 1715 (neque
2857 1646 3028 1713 enim,
3075 1653 3135 1701 ut
3196 1644 3455 1701 omnibus
3494 1645 3661 1716 porri-

408 1720 615 1779 geret,’
644 1716 978 1773 concedebat
1005 1722 1266 1791 tempus),
1315 1735 1370 1779 et
1410 1728 1599 1783 osculo
1641 1729 1983 1788 miserabiles
2057 1735 2370 1791 miscuisset
2426 1738 2711 1808 lacrymas.
2762 1747 3051 1809 propterea
3122 1738 3266 1809 quod
3317 1747 3660 1808 separaretur

405 1815 436 1854 a
466 1802 862 1874 familiaribus,
902 1810 1102 1868 deinde
1142 1816 1307 1870 etiam
1342 1819 1597 1888 jussisset
1645 1823 1828 1880 valere
1881 1826 2140 1899 reliquos,
2176 1829 2437 1906 praecepit
2498 1802 2558 1886 ut
2590 1830 2665 1888 ibi
2724 1802 2912 1900 utique
2949 1842 3255 1901 manerent,
3317 1830 3501 1887 donec
3544 1846 3657 1887 cum

404 1897 683 1968 paululum
719 1904 1096 1974 abscessisset,
1129 1922 1516 1971 reverteretur.
1944 1969 1954 1977 .

472 1992 661 2049 XLIX.
728 1994 855 2052 Haec
914 2014 1037 2054 cum
1085 2002 1348 2071 dixisset,
1410 2022 1625 2065 sacrum
1674 2010 1958 2083 ingreditul

2147 2017 2282 2074 ΜΘ.
2348 2015 2537 2082 Οὕτως
2577 2017 2767 2083 είπὼν,
2820 2018 2914 2073 ἐπὶ
2986 2016 3083 2071 τὸν
3150 2016 3296 2090 ἱερὸν
3355 2015 3655 2086 είσὲρχεται

403 2084 805 2155 baptisterium,
853 2099 909 2145 et
948 2103 1193 2149 sanctam
1236 2108 1396 2154 vocat
1448 2099 1854 2173 Olympiadem:
1901 2124 1958 2164 es

2089 2111 2455 2183 βαπτιστῆρα,
2492 2111 2584 2164 καὶ
2626 2109 2965 2181 Ὀλυμπιάδα
3007 2084 3282 2182 καλεῖ
3312 2084 3657 2179 δσίαν.λήλη

400 2188 584 2234 autem
612 2182 838 2238 omnino
875 2184 1019 2239 clara
1076 2188 1273 2243 mulier
1305 2191 1387 2246 vel
1430 2193 1546 2247 solo
1580 2196 1824 2251 nomine.
1874 2198 1958 2255 Set

2083 2182 2141 2256 δὲ
2179 2203 2211 2273 ἡ
2244 2202 2381 2274 γυνὴ
2407 2203 2618 2267 πάντως
2652 2203 2789 2273 πρὸς
2815 2200 2980 2257 αὑτοῦ
3011 2200 3105 2275 τοῦ
3144 2202 3439 2273 ὀνόματος.
3470 2202 3654 2272 Ὅμως

402 2288 514 2327 non
577 2274 742 2330 fuerit
790 2276 1019 2332 fortasse
1056 2281 1298 2337 deterius
1337 2289 1656 2354 permittere
1698 2294 1979 2362 orationi,

402 2376 460 2421 ut
507 2381 566 2421 se
609 2367 891 2436 paululum
928 2383 1140 2428 recreet
1168 2375 1290 2445 ejus
1330 2377 1598 2435 bonorum
1643 2382 1874 2441 deliciis.
1901 2387 1979 2442 Ea

399 2469 526 2510 cum
555 2467 611 2512 et
630 2475 830 2529 genere
865 2471 921 2518 et
950 2463 1155 2519 divitiis
1197 2475 1252 2521 et
1280 2471 1465 2537 specie
1490 2475 1737 2544 corporis
1766 2486 1821 2531 et
1856 2477 1978 2533 aliis

399 2548 713 2618 hujusmodi
769 2554 925 2610 valde
976 2557 1374 2628 resplenderet,
1422 2579 1546 2618 cum
1596 2567 1713 2621 viro
1758 2570 1977 2639 quidem

394 2641 641 2711 jungitur
671 2647 1040 2714 matrimonio,
1073 2651 1167 2706 sed
1199 2668 1308 2707 non
1335 2654 1535 2712 amittit
1564 2658 1974 2731 virginitatem:

396 2736 492 2790 sed
526 2752 650 2792 cum
691 2739 771 2795 sic
815 2756 943 2795 cum
982 2758 1048 2797 eo
1076 2744 1302 2802 vixisset
1331 2749 1476 2804 circa
1507 2750 1696 2823 viginti
1736 2770 1972 2823 menses,

393 2825 485 2883 ille
531 2838 713 2885 autem
744 2833 1068 2890 excessisset
1116 2852 1183 2891 ex
1224 2838 1557 2907 hominibus,
1617 2845 1722 2899 etsi
1768 2862 1878 2902 non
1911 2863 1973 2904 ea

393 2932 540 2978 esset
604 2934 764 2981 aetate
791 2967 806 2991 ,
871 2928 957 2983 cui
1003 2931 1198 3000 pudori
1240 2943 1426 2990 essent
1458 2938 1711 2994 secundae
1748 2941 1971 3011 nuptias,

391 3015 677 3086 pulchram
702 3034 889 3074 revera
924 3023 1173 3092 amplexa
1203 3030 1641 3096 temperantiam,
1675 3047 1773 3101 per
1803 3042 1971 3090 totam

392 3105 560 3161 vitam
592 3123 712 3162 eam
760 3125 943 3166 amare
972 3114 1186 3170 voluit:
1230 3125 1287 3171 et
1338 3118 1466 3175 licet
1513 3121 1810 3193 imperator
1850 3143 1969 3183 eam

391 3210 612 3255 vocaret
662 3201 729 3257 ad
772 3205 1182 3263 matrimonium
1236 3226 1458 3268 suorum
1499 3225 1880 3288 cognatorum,
1917 3230 1973 3277 et

390 3301 512 3342 eam
562 3291 770 3361 magnis
811 3293 1050 3350 alliceret
1097 3298 1416 3364 honoribus,
1445 3301 1533 3357 illa
1578 3304 1834 3361 omnibus
1886 3321 1969 3362 re-

2081 2293 2142 2347 ού
2178 2295 2359 2365 χεῖρον
2408 2293 2619 2361 ἐφεῖναι
2673 2292 2869 2364 μικρὸν
2921 2293 3012 2347 καὶ
3045 2292 3124 2367 τῷ
3152 2293 3313 2364 λόγῳ,
3347 2292 3446 2345 καὶ
3478 2309 3653 2363 παρα-

2080 2385 2358 2455 τρυφῆσαι
2398 2382 2507 2436 τῶν
2561 2382 2767 2454 ταύτης
2814 2381 3018 2449 καλῶν,
3047 2383 3078 2452 ἢ
3106 2382 3313 2453 ζημίαν
3365 2381 3653 2451 ὑπομεῖναι

2078 2474 2294 2529 τελείαν
2340 2475 2561 2547 ἡδίστης
2599 2474 2742 2529 οὕτω
2779 2476 2874 2529 καὶ
2924 2473 3284 2546 ψυχωφελοῦς
3326 2472 3650 2546 διηγήσεως.

2078 2566 2226 2639 Αὕτη
2257 2566 2407 2637 γένει
2455 2569 2549 2621 καὶ
2575 2567 2794 2639 πλούτῳ
2826 2567 2918 2621 καὶ
2952 2566 3074 2638 ὥρᾳ
3102 2565 3377 2638 σώματος,
3403 2567 3507 2619 καὶ
3549 2568 3652 2630 τοῖς

2079 2656 2264 2722 ἄλλοις
2296 2660 2410 2721 τοῖς
2461 2658 2664 2727 ὁμοίως
2708 2658 2926 2728 ἔχουσιν
2983 2656 3227 2728 ἀτεχνῶς
3276 2656 3650 2727 διαλάμψασα,

2077 2747 2231 2818 ἀνδρὶ
2287 2732 2615 2802 συνάπτεται
2668 2747 2791 2819 μὲν,
2847 2747 2947 2820 τὴν
2977 2748 3033 2803 δὲ
3064 2749 3366 2819 παρθενίαν
3388 2749 3493 2802 οὒκ
3523 2749 3652 2803 ἀπο-

2076 2836 2356 2893 ϐάλλεται.
2414 2839 2558 2892 Ἀλλ’
2582 2837 2758 2904 οὕτως
2790 2839 2941 2910 αύτῷ
2978 2840 3108 2911 περί
3144 2856 3247 2893 που
3279 2839 3459 2910 μῆνας
3486 2841 3649 2894 εῐκοσι

2077 2929 2456 3000 συμϐιώσασα,
2511 2933 2634 2986 ἐπεὶ
2682 2935 2887 2997 ἐκεῖνος
2942 2934 2999 3001 ἐξ
3046 2932 3351 3005 ἀνθρώπων
3405 2935 3645 3002 ἐγένετο,

2074 3022 2254 3076 καίτοι
2313 3023 2412 3093 τὴν
2464 3023 2685 3094 ἡλικίαν
2709 3025 2809 3078 οὐκ
2856 3024 3055 3096 ἔχουσα
3081 3026 3208 3089 τοὺς
3232 3026 3528 3097 δευτέρους
3555 3028 3648 3094 γά-

2075 3130 2208 3185 μους
2236 3116 2656 3187 αίσχυνομὲνην,
2700 3117 2838 3187 αὐτὴ
2862 3118 2963 3187 τὴν
2991 3118 3346 3190 σωφροσύνην
3395 3120 3646 3173 ἀσπασα-

2074 3205 2233 3275 μένη,
2292 3206 2545 3278 στέργειν
2590 3208 2761 3279 αὐτὴν
2808 3210 2981 3263 είλετο
3027 3209 3114 3263 διὰ
3165 3210 3303 3280 βίου,
3346 3212 3442 3264 καὶ
3476 3211 3644 3264 ταῦτα

2069 3295 2165 3349 τοῦ
2192 3295 2457 3367 βασιλέως
2476 3297 2647 3370 αὐτὴν
2686 3300 2766 3364 είς
2813 3302 3094 3369 συγγενεῖς
3122 3301 3374 3364 ἕλκοντος
3400 3302 3637 3373 γάμους,

393 3378 538 3435 lictis
566 3381 798 3449 deliciis,
826 3394 887 3440 ut
927 3403 1048 3457 quae
1080 3404 1205 3443 eum
1240 3392 1488 3465 ingenuis
1522 3394 1660 3450 nihil
1698 3396 1958 3469 haberent

2070 3390 2352 3461 νηστείαις
2379 3390 2435 3444 δὲ
2469 3391 2673 3463 μᾶλλον
2694 3395 2789 3446 καὶ
2815 3392 3171 3465 ἀγρυπνίαις,
3201 3394 3294 3447 καὶ
3332 3396 3452 3459 τοῖς
3473 3395 3647 3457 ἄλλοις

387 3487 702 3538 commune,
734 3491 793 3531 se
845 3477 1152 3536 oblectabat
1194 3482 1425 3554 jejunio,
1479 3502 1589 3542 non
1627 3488 1801 3544 solum
1835 3491 1962 3557 cibi,

386 3565 481 3619 sed
517 3567 682 3621 etiam
722 3571 922 3635 somni,
965 3573 1197 3643 pulchre
1249 3593 1511 3635 exercens
1548 3596 1767 3652 corpus,
1800 3591 1855 3640 et
1910 3584 1967 3640 id

386 3658 613 3714 studens
648 3660 847 3717 habere
877 3679 1035 3735 opem
1079 3665 1282 3734 ferens,
1321 3685 1428 3724 non
1474 3680 1656 3727 autem
1699 3674 1965 3732 insidians

384 3748 453 3803 ad
482 3749 735 3806 virtutem
763 3769 778 3812 :
812 3757 1229 3824 temperantiam
1270 3776 1332 3815 ac
1367 3760 1684 3832 pudicitiam
1722 3767 1964 3837 comple-

383 3850 540 3896 ctens
585 3858 758 3913 usque
811 3846 878 3901 ad
923 3847 1334 3923 cogitationem,
1394 3869 1504 3909 non
1551 3855 1729 3912 solum
1786 3874 1962 3930 usque

381 3932 448 3987 ad
512 3943 844 3991 contactum.
904 3937 1190 4009 Postquam
1241 3952 1419 3999 autem
1466 3947 1711 4003 omnium
1786 3950 1961 4005 bono-

381 4038 505 4078 rum
557 4023 659 4079 fuit
713 4027 955 4096 domina,
1001 4046 1065 4085 ea
1110 4031 1167 4086 in
1222 4049 1356 4090 usus
1400 4046 1715 4093 sanctorum
1748 4041 1960 4097 studuit

385 4115 669 4174 effundere
699 4138 712 4174 :
746 4120 955 4193 fuitque
982 4124 1290 4183 diaconissu
1321 4130 1489 4185 totius
1516 4131 1796 4203 Ecclesia,
1828 4152 1958 4207 pro-

380 4216 504 4281 pter
530 4211 797 4282 insignem
838 4212 960 4285 ejus
990 4218 1247 4287 pietatem
1283 4232 1338 4276 et
1376 4222 1820 4294 hospitalitatem.
1849 4228 1957 4285 Eos

364 4290 524 4356 enim
549 4306 798 4366 maxime.
821 4307 914 4377 qui
940 4309 1191 4365 virtutem
1210 4315 1560 4382 exercebant,
1582 4317 1819 4388 hospitio
1836 4336 1955 4375 ma-

377 4393 573 4464 gniﬁce
596 4397 924 4468 excipiebat,
944 4410 1000 4456 et
1019 4418 1345 4475 quocunque
1377 4417 1587 4477 poterat
1618 4409 1795 4468 oﬂicio
1816 4412 1956 4469 hila-

375 4486 513 4572 riter
527 4492 1111 4561 prosequebaturﬂua:
1129 4497 1290 4553 etiam
1309 4497 1674 4573 Theophilum
1696 4516 1952 4578 tanquam

373 4577 467 4635 Dei
484 4562 716 4637 amicum
739 4586 1055 4653 observans,
1076 4604 1229 4644 suam
1257 4593 1308 4645 in
1328 4608 1451 4649 eum
1477 4598 1716 4652 ostendit
1738 4599 1952 4671 magni-

2069 3483 2393 3553 ὲντρυςιῶσα
2435 3484 2545 3538 τῶν
2584 3485 2881 3540 ἐπιπόνων.
2929 3485 3018 3549 Ὠς
3043 3486 3145 3557 ἤδη
3197 3487 3293 3540 καὶ
3324 3487 3426 3554 τῆς
3457 3487 3646 3550 οὐσίας

2068 3576 2249 3647 πάσης
2283 3577 2522 3650 κατέστη
2556 3577 2744 3650 κυρία,
2778 3580 2874 3633 ἐπὶ
2904 3579 3005 3651 τὴν
3028 3579 3327 3652 θεραπείαν
3348 3582 3526 3653 αὐτὴν
3545 3582 3646 3636 τῶν

2064 3667 2237 3736 ἁγίων
2269 3669 2527 3723 ἐκκενοῦν
2562 3670 2723 3738 ἔγνω,
2774 3670 3022 3734 διάκονός
3048 3689 3108 3725 τε
3147 3672 3248 3743 τῆς
3334 3672 3646 3743 Εκκλησίας

2064 3757 2265 3829 ἠξίωτο
2317 3760 2655 3831 καταστῆναι
2708 3763 2909 3833 πάσης,
2939 3762 3027 3816 διὰ
3058 3763 3280 3834 πολλὴν,
3313 3763 3383 3833 ἢν
3410 3759 3641 3835 εἶχετῆς

2063 3848 2350 3915 εὐλαϐείας
2377 3852 2716 3921 περιουσίαν,
2743 3854 2839 3907 καὶ
2872 3853 2932 3907 τδ
2952 3854 3053 3923 τῆς
3077 3855 3390 3923 φιλοξενίας
3432 3860 3637 3926 ἐπιφα-

2063 3939 2342 3997 νέστατον.
2370 3928 2491 3996 Ἷιν
2506 3942 2616 4015 γὰρ
2642 3943 2736 3998 καὶ⁷
2788 3943 3023 4016 μάλιστα
3047 3947 3172 4010 τοὺς
3198 3949 3401 4019 ἀρετὴν
3432 3950 3643 4020 μετιόν-

2060 4050 2159 4097 τας
2217 4033 2496 4101 ξενίζουσα
2551 4037 2874 4108 φιλοτίμως,
2935 4039 3029 4093 καὶ
3078 4040 3398 4111 θεραπείαν,
3465 4042 3522 4095 εἴ
3564 4042 3642 4104 τίς

2060 4124 2198 4190 ἔστι,
2226 4126 2599 4197 προσάγουσα,
2627 4131 2659 4199 ἥ
2687 4129 2780 4183 καὶ
2804 4130 3050 4203 Θεοφίλῳ
3079 4132 3340 4197 πολλάκις
3354 4133 3415 4185 τὸ
3444 4133 3640 4203 ἑαυτῆς

2062 4219 2438 4292 μεγαλόψυχον
2460 4221 2792 4288 ἐπεδείξατο·
2821 4225 2925 4277 κᾶν
2959 4225 3058 4296 τῆς
3078 4227 3290 4280 ἐκείνου
3315 4226 3570 4295 γλώττης
3584 4228 3639 4281 τὸ

2059 4313 2416 4386 φιλολοίδορον
2457 4315 2580 4368 οὐδὲ
2645 4317 2795 4386 αὐτὴ
2831 4317 3059 4387 ἔσχατον
3108 4319 3349 4392 ἠδυνήθη
3403 4324 3636 4391 φυγεῖν,

2020 4406 2331 4479 οπρόφασιν
2353 4404 2538 4472 δοῦσα,
2565 4407 2625 4461 τὸ
2654 4411 2780 4471 τοὺς
2802 4410 2893 4464 ὑπ’
2923 4412 3089 4464 αὐτοῦ
3121 4411 3485 4483 διωχθέντας,
3518 4415 3638 4479 τοὺς

2056 4499 2184 4570 περὶ
2229 4499 2541 4571 Ἀμμώνιόν
2579 4518 2719 4573 φημι
2755 4502 2850 4556 καὶ
2897 4502 3187 4576 Ἰσίδωρον,
3221 4504 3422 4575 ἄνδρας
3451 4506 3633 4577 θεοφιο

2056 4590 2169 4656 λεῖς
2231 4592 2610 4660 ὑποδέξασθαι.
2664 4594 2888 4649 Πάντων
2948 4596 3046 4667 μὲν
3073 4593 3189 4662 οὖν,
3235 4597 3425 4671 ὥσπερ
3479 4601 3632 4672 ἔφην,

373 4671 672 4738 licentiam,
699 4678 912 4733 etiamsi
949 4682 1068 4752 ejus
1096 4682 1293 4754 lingua:
1322 4684 1716 4756 impudentiam
1742 4700 1798 4747 et
1834 4708 1951 4746 ma-

2062 4682 2165 4737 τῶν
2220 4685 2524 4757 φιλαρέτων
2554 4686 2767 4758 ἀνδρῶν
2822 4688 3039 4760 θερμῶς
3068 4690 3312 4761 ὲκήδετο,
3367 4693 3469 4745 καὶ
3507 4671 3636 4764 προ·

371 4764 717 4821 ledicentiam
750 4784 819 4823 ne
845 4769 960 4839 ipsa
985 4772 1205 4841 quidem
1236 4777 1459 4831 omnino
1480 4778 1655 4846 potuit
1686 4780 1947 4852 eﬂ‘ugere,

367 4857 496 4912 data
525 4858 573 4912 ei
605 4848 916 4925 occasione,
938 4864 1086 4933 quod
1117 4882 1256 4935 quos
1285 4867 1376 4922 ille
1404 4866 1584 4924 fuerat
1609 4848 1945 4944 persecutus,

366 4947 716 5003 Ammonium
753 4952 964 5007 scilicet
993 4955 1367 5024 et'lsidorum,
1404 4958 1551 5013 viros
1586 4959 1699 5015 Deo
1728 4962 1944 5033 charos,

366 5041 643 5110 exceperit
664 5045 797 5115 (45).
831 5046 1011 5116 Atque
1050 5047 1295 5103 omnium
1346 5049 1586 5118 quidem,
1626 5052 1770 5110 sicut
1809 5056 1941 5125 dixi,

367 5128 608 5185 virorum
640 5133 860 5189 virtutis
883 5137 1183 5192 amantium
1211 5153 1462 5210 magnam
1488 5157 1672 5198 curam
1697 5148 1941 5218 gerebat,

365 5230 421 5275 et
454 5221 535 5276 eis
564 5222 820 5278 omnibus
854 5227 1027 5282 modis
1052 5228 1375 5296 providebat
1402 5248 1415 5283 :
1451 5231 1582 5289 huic
1610 5246 1792 5293 autem
1828 5240 1942 5296 viro

362 5312 524 5369 beato
556 5314 837 5370 fuitetiam
873 5317 1175 5386 familiaris,
1212 5323 1483 5392 quomodo
1514 5324 1715 5384 Thecla
1749 5330 1938 5398 Paulo,

298 5440 307 5447 ο
363 5407 433 5462 ab
471 5406 592 5477 ejus
624 5408 805 5478 lingua
840 5410 954 5465 tota
984 5411 1093 5466 vita
1131 5412 1470 5484 dependens.
1508 5416 1775 5484 Quoniam
1810 5438 1941 5479 vero

361 5514 486 5554 cum
514 5514 575 5554 ea
606 5500 725 5556 alia:
753 5516 969 5573 quoque
1000 5512 1159 5559 erant
1203 5507 1542 5580 diaconissaa,
1576 5511 1827 5581 Procula,
1883 5526 1940 5572 et

362 5589 652 5662 Pentadia,
681 5602 737 5650 et
772 5593 1005 5668 Sylvana
1044 5598 1178 5673 (44),
1215 5617 1335 5672 qua:
1364 5602 1563 5658 bonam
1592 5615 1802 5676 partem
1826 5607 1942 5664 ele-

428 5749 540 5835 (41’3)
569 5754 645 5835 De
669 5756 958 5837 Ammonio
993 5770 1047 5816 et
1073 5730 1625 5837 IshloroOrigenistis
1655 5768 1725 5822 ab
1750 5766 1928 5837 Olymo

359 5821 468 5891 pia,
503 5825 672 5881 inscic
693 5836 872 5883 tamen
908 5833 1333 5904 susceptis,vide
1368 5821 1487 5906 qua:
1512 5821 1778 5909 superius
1793 5821 1934 5897 dicta

2052 4776 2201 4842 νοίας
2260 4778 2459 4843 αὐτοὺς
2498 4780 2679 4851 πάσης
2726 4778 2881 4850 ἠξίου
2911 4798 2925 4814 ·
2960 4782 3038 4853 τῷ
3076 4782 3132 4836 δὲ
3168 4786 3428 4856 μακαρίῳ
3461 4784 3632 4857 τούτῳ

2050 4869 2145 4922 καὶ
2201 4869 2439 4942 συνήθης
2492 4872 2734 4939 ἐγένετο,
2787 4872 3036 4944 καθάπερ
3088 4875 3268 4930 Θέκλα
3295 4876 3375 4944 τῷ
3410 4877 3627 4949 Παύλῳ,

2050 4961 2151 5032 τῆς
2188 4962 2353 5016 αὐτοῦ
2405 4963 2650 5037 γλώττης
2696 4965 2801 5036 ὅλῳ
2846 4965 2947 5037 βίῳ
3006 4967 3208 5038 ὲαυτῆν
3253 4969 3629 5041 ἑξαρτήσασα.

2062 5053 2219 5108 Ἐπεὶ
2241 5054 2299 5107 δὲ
2331 5055 2467 5127 αὐτῇ
2501 5056 2595 5110 καὶ
2620 5056 2806 5129 ἕτεραι
2835 5059 3075 5113 διάκονοι
3106 5060 3370 5131 συνῆσαν,
3410 5062 3627 5133 Πρόκλη

2047 5163 2106 5199 τε
2129 5147 2224 5200 καὶ
2249 5147 2514 5203 Πενταδία
2542 5151 2636 5205 καὶ
2664 5149 2918 5224 Σιλσανή,
2941 5158 3034 5206 καὶ
3068 5153 3237 5217 αὑτὰς
3267 5153 3390 5207 τότε
3420 5171 3630 5224 συγκα-

2044 5238 2229 5305 λέσας,
2273 5241 2460 5308 Δεῦτε,
2530 5242 2660 5314 ἔφη,
2718 5243 3040 5315 θυγατέρες,
3096 5245 3369 5316 πρόσχετέ
3399 5265 3494 5316 μοι
3538 5246 3626 5300 τὸν

2046 5333 2190 5387 νοῦν.
2223 5333 2373 5406 Τάχα
2436 5333 2547 5407 γὰρ
2575 5336 2666 5390 καὶ
2702 5338 2839 5408 πρὸς
2861 5338 3006 5403 τέλος
3049 5338 3149 5410 ἤδη
3207 5338 3380 5393 κλίνει
3406 5342 3478 5393 τὰ
3505 5338 3622 5393 κατ’

2043 5423 2163 5493 ἐμὲ,
2209 5427 2304 5479 καὶ
2353 5428 2535 5483 οὐκέτι
2566 5446 2633 5500 με
2661 5430 2802 5485 κατὰ
2850 5431 2940 5484 τὸν
2988 5430 3083 5485 νῦν
3146 5432 3345 5503 ὄψεσθε
3396 5432 3619 5503 κόσμον.

2043 5513 2261 5585 Ταύτην
2288 5516 2346 5569 δὲ
2369 5518 2523 5586 ὑμῶν
2547 5519 2738 5591 δέομαι
2788 5521 2973 5592 δέησιν
3025 5523 3122 5593 τὴν
3150 5525 3409 5595 ἐσχάτην,
3455 5523 3619 5594 μηδὲν

2041 5607 2143 5677 τῆς
2197 5609 2461 5679 συνήθους
2505 5614 2635 5685 περὶ
2658 5616 2752 5671 τὸν
2807 5615 2901 5671 τοῦ
2931 5614 3066 5670 Θεοῦ
3094 5618 3220 5671 ναὸν
3256 5617 3615 5690 προσεδρεξας

2036 5780 2183 5825 sunt.

2117 5841 2226 5912 ut;
2261 5842 2344 5898 Al.
2379 5838 2670 5898 Salvinam.
