3834 6486
203 305 351 374 “85

1258 314 1434 379 VlTA
1473 317 1536 379 S.
1575 317 1897 380 JOANNIS
1948 320 2502 386 CHRYSOSTOMI.

3314 328 3454 398 1186

198 426 297 480 καὶ
345 423 586 490 πίστεως
618 424 962 496 καθυφεῖναι.
1006 425 1118 481 Καὶ
1142 426 1201 492 δς
1229 427 1295 482 ἂν
1323 430 1414 482 ἐπὶ
1465 430 1556 484 τὸν
1588 428 1777 499 θρόνον

1906 441 2068 494 :erant
2096 435 2488 490 convenienter
2516 436 2702 493 divino
2723 438 2922 496 Christi
2952 442 3138 508 verbo,
3161 459 3284 499 cum
3309 445 3454 516 ipsas

203 517 393 572 τοῦτον
424 516 506 584 (τὸ
523 517 631 587 γὰρ
651 511 793 572 εἶναι
819 518 919 589 τὴν
961 518 1288 590 Ἐκκλησίαν
1313 519 1520 591 ἔρημον
1554 521 1774 574 ἐπισκό-

202 624 306 660 που
325 607 545 687 πάντως
576 608 677 660 οὐκ
701 607 902 678 ἔσται),
931 609 988 671 ὃς
1016 608 1082 662 ἂν
1113 606 1208 664 οῦν
1235 612 1378 665 κατά
1408 609 1508 680 τὴν
1553 610 1772 664 πάντων

205 701 509 756 συναίνεσιν
533 699 621 754 ἐπ’
643 701 805 755 αὑτὸν
835 703 1066 774 ἀναχθῇ,
1095 703 1270 776 τούτῳ
1305 705 1558 776 καθάπερ
1589 705 1652 775 δὴ
1684 707 1776 758 καὶ

201 796 326 865 ἐμοὶ
376 797 477 864 τὴν
527 794 772 866 κεφαλὴν
830 795 986 866 ὑμεῖς
1031 797 1376 865 ὑποκλένατε,
1427 799 1522 852 καί
1547 817 1651 867 μου
1679 800 1776 870 τῆς

204 890 427 960 ἀγάπης
448 892 506 944 ἐν
529 891 649 951 ταῖς
679 892 1012 960 προσευχαῖς
1065 891 1372 962 μέμνησθε.
1419 892 1544 946 Ἐπὶ
1569 891 1777 954 τούτοις

204 983 328 1034 ἐπεὶ
363 981 599 1051 ἰσχυρῶς
621 981 800 1035 αὑτῶν
834 983 867 1053 ἡ
902 981 1046 1053 λυπη
1083 973 1374 1046 καθίκετο,¹
1404 984 1497 1036 xui
1551 985 1664 1047 τοῖς
1689 982 1778 1037 δά-

207 1089 370 1143 κρυσι
425 1070 826 1142 συνεχύθησαν,
894 1073 1079 1141 ἔλεγόν
1131 1091 1192 1127 τε
1249 1075 1350 1144 τὴν
1407 1074 1666 1145 στέρησιν
1717 1074 1778 1128 οὑ

206 1164 453 1234 φορητὴν
502 1163 693 1226 αὑταῖς
752 1159 915 1230 εἷναι,
962 1167 1058 1219 καὶ
1106 1168 1220 1230 τοῖς
1272 1167 1398 1221 ποσὶ
1431 1167 1782 1236 προσέκειντο

207 1257 322 1318 τοῖς
369 1253 535 1308 αὑτοῦ
575 1253 766 1325 γοερὸν
796 1256 1164 1322 ὀλολύζουσαι,
1219 1259 1424 1323 ἐκεῖνος
1465 1259 1553 1313 ἴνα
1584 1259 1658 1330 μὴ
1703 1257 1782 1329 τῷ

208 1340 355 1416 ὄχλῳ
389 1345 526 1416 πρὸς
573 1346 829 1416 αἴσθησιν
859 1347 920 1401 τὸ
949 1351 1181 1420 πρᾶγμα
1228 1351 1392 1404 πεσὸν
1426 1351 1652 1420 θόρυϐον
1686 1352 1784 1422 ἐμ-

210 1437 373 1508 ϐάλῃ,
397 1438 539 1490 νεύει
574 1438 682 1491 τῶν
710 1440 1100 1511 πρεσϐυτέρων
1137 1443 1244 1496 τινὶ
1277 1444 1614 1514 μεταστῆσαι
1647 1443 1783 1498 ταύ-

209 1548 332 1596 τας,
369 1531 464 1584 xui.
480 1531 540 1583 τὸ
571 1532 670 1601 μὲν
703 1532 1021 1600 ὑποζύγιον,
1053 1526 1115 1587 οὗ
1156 1536 1249 1589 καὶ
1270 1536 1570 1590 ἐπιϐαίνειν
1603 1535 1784 1591 εἰώθει

212 1622 426 1692 (λαθεῖν
483 1623 592 1695 γὰρ
659 1623 938 1695 ἠϐούλετο)
985 1627 1122 1698 πρὸς
1169 1631 1290 1692 ταῖς
1320 1628 1565 1694 δυτικαῖς
1588 1629 1786 1694 πύλαις

213 1716 409 1786 στῆναι
479 1715 692 1771 κελεύει
732 1733 748 1748 ·
826 1718 991 1783 αὑτὸς
1044 1719 1101 1772 δὲ
1160 1720 1247 1776 διὰ
1291 1721 1398 1776 τῶν
1452 1722 1786 1776 ἀνατολικῶν

213 1807 412 1874 ἔξεισι,
469 1808 568 1862 καὶ
628 1811 766 1880 μετά
813 1811 1011 1879 ὀλίγων
1058 1812 1227 1885 τινῶν
1266 1813 1403 1884 πρὸς
1431 1815 1522 1868 τὸν
1548 1816 1792 1883 αἰγιαλὸν
1825 1808 1864 1862 Β

213 1903 528 1972 καταχθεὶς,
584 1902 794 1957 ἔπλεεν.
814 1902 954 1956 Ἀλλ’
997 1897 1109 1958 οἷον
1135 1905 1244 1975 ἄρα
1275 1906 1369 1957 καὶ
1395 1907 1618 1976 μνήμης
1643 1906 1794 1970 ἀξιον

214 1994 294 2058 είς
319 1994 540 2064 ἔλεγχον
559 1996 660 2065 τῆς
686 1996 794 2049 τῶν
827 1997 1120 2070 μοχθηρῶν
1153 1998 1353 2062 κακίας
1383 2000 1411 2050 ὁ
1434 1998 1590 2067 λόγος
1625 1999 1796 2053 σπεύ-

214 2087 324 2143 δων
365 2088 562 2160 μικροῦ
594 2091 688 2142 καὶ
731 2089 974 2160 παρέδρα
986 2108 1052 2161 με
1079 2108 1094 2156 ;
1120 2091 1195 2144 Τὸ
1217 2093 1325 2160 γὰρ
1359 2092 1594 2162 πονηρὸν
1622 2095 1795 2147 ἐκεῖνο

219 2179 518 2249 συνέδριον,
577 2181 698 2234 ἐπεὶ
738 2180 845 2234 ἔδει
907 2181 1044 2251 μετά
1087 2181 1196 2235 τῶν
1262 2182 1440 2237 ἄλλων
1479 2178 1553 2238 ὧν
1590 2187 1797 2257 ἐπῆγον

216 2269 298 2342 τῷ
322 2272 460 2342 ἁγίῳ
491 2271 698 2338 κακῶν,
730 2273 862 2342 μηδὲ
881 2273 1044 2338 φόνου
1061 2275 1259 2338 αὑτοὺς
1283 2275 1643 2346 ἀποσχέσθαι,
1664 2278 1800 2332 ἀλλά

218 2363 318 2415 καὶ
345 2363 436 2415 τὸν
474 2362 563 2414 διὰ
605 2361 793 2430 ξίφους
841 2361 1108 2432 ώδινῆσαι
1168 2363 1290 2417 κατ’
1327 2365 1492 2418 αὑτοῦ
1539 2366 1794 2432 θάνατον,

217 2455 438 2524 οἰκέτης
466 2455 574 2508 τῶν
631 2471 775 2516 τινος
834 2453 1248 2525 πρεσϐυτέρων,
1291 2455 1557 2520 Ἐλπίδιος
1605 2457 1798 2528 δνομα,

223 2546 568 2618 πεντήκοντα
602 2545 956 2616 νομισμάτων
1008 2547 1098 2598 ὑπ’
1123 2545 1365 2608 ἐκείνων,
1401 2544 1500 2616 φεῦ
1537 2548 1549 2600 ι
1591 2548 1688 2617 τὴν
1715 2548 1800 2600 δε-

221 2640 344 2707 ξιάν
398 2639 710 2711 μισθωθεὶς,
765 2639 1170 2692 ἐπιϐουλεύσειν
1221 2638 1414 2709 ἔμελλε
1459 2639 1536 2708 τῷ
1582 2640 1798 2710 δικαίῳ,

224 2734 325 2788 καὶ
370 2733 646 2804 φωραθεὶς
688 2732 833 2804 (οὑδέ
888 2733 1000 2802 γὰρ
1053 2731 1265 2800 ἀφῆκεν
1291 2725 1372 2796 οἷς
1403 2729 1511 2786 οἶδε
1561 2731 1743 2802 λόγοις
1767 2736 1800 2803 ἡ

225 2827 448 2881 πάντων
497 2825 929 2896 ἐπιτροπεύουσα
962 2827 1214 2896 Πρόνοια)
1281 2826 1455 2890 ἐνίους
1488 2827 1596 2880 τῶν
1636 2845 1804 2880 κατα-

227 2919 471 2990 σχόντων
523 2913 602 2981 οἷς
656 2913 770 2988 εἶχε
819 2918 1023 2988 ξίφεσι,
1058 2919 1186 2982 τοὺς
1219 2918 1318 2989 μὲν
1364 2920 1563 2985 ἀνεῖλε,
1593 2922 1717 2984 τοὺς
1746 2921 1802 2974 δέ

226 3012 323 3066 καὶ
348 3010 598 3081 χαλεπῶς
630 3009 883 3079 ἑπληξεν.
921 3009 1060 3062 Ἀλλ’
1081 3009 1223 3064 οὕτω
1247 3009 1345 3080 μὲν
1373 3013 1401 3064 ό
1433 3011 1606 3080 μέγας
1627 3011 1800 3077 ἔπλει,

1881 539 2096 594 quoque
2129 535 2257 581 tunc
2291 545 2520 600 magnus
2550 531 2637 586 ille
2667 545 3022 590 eonvocasset
3055 554 3068 591 :
3100 536 3302 592 Adeste
3328 540 3453 608 huc,

1881 616 2076 686 inquit,
2138 619 2292 686 filice,
2342 623 2581 678 animum
2635 626 2766 680 mihi
2821 628 3096 685 adhibete.
3140 630 3248 684 Res
3307 634 3453 686 enim

1883 720 2080 766 nostra:
2110 714 2294 782 utique
2315 714 2426 782 jam
2464 718 2697 772 tendunt
2725 718 2790 772 ad
2847 719 3029 780 finem,
3069 737 3170 776 nec
3225 739 3309 777 me
3337 739 3456 777 am-
3525 792 3531 796 _

1884 805 2026 875 plius
2060 807 2314 862 videbitis
2348 809 2400 862 in
2437 809 2539 864 hoc
2572 815 2794 868 mundo.
2832 816 2983 870 Hanc
3015 827 3196 871 autem
3238 833 3265 870 a
3302 817 3458 872 vobis

1884 907 2180 952 extremam
2230 916 2360 970 rogo
2410 903 2755 972 petitionem,
2789 917 2848 958 ut
2907 906 2974 960 de
3009 917 3188 961 vestra
3243 909 3296 962 in
3363 907 3459 962 Dei

1887 997 2148 1065 templum
2179 978 2500 1054 assiduitate
2532 1009 2587 1054 et
2617 1000 2719 1054 fide
2753 1001 2888 1054 nihil
2921 1002 3234 1063 remittatis,
3262 1012 3314 1056 et
3340 1001 3462 1070 qui-

1889 1101 2108 1156 cunque
2135 1089 2274 1143 hanc
2314 1089 2501 1145 sedem
2532 1092 2842 1146 ascenderit
2869 1092 3006 1162 (fieri
3052 1095 3196 1148 enim
3229 1109 3336 1148 non
3367 1109 3464 1162 po-

1890 1180 2032 1244 terit,
2064 1190 2122 1234 tit
2155 1179 2398 1236 Ecclesia
2447 1183 2671 1236 omnino
2721 1193 2904 1238 careat
2946 1185 3248 1254 epiSt-opo),
3286 1187 3334 1240 ei
3370 1202 3465 1240 vos

1888 1271 2030 1325 sicut
2077 1272 2207 1326 mihi
2267 1273 2446 1342 capita
2496 1275 2795 1338 inclinetis,
2827 1285 2882 1331 et
2915 1259 3023 1330 mei
3065 1277 3372 1331 dilectionis
3409 1278 3465 1331 in

1889 1364 2145 1433 precibus
2198 1367 2584 1422 memineritis.
2631 1367 2763 1423 Post
2817 1370 2934 1424 haec
2989 1386 3113 1424 cum
3164 1385 3256 1424 eas
3315 1370 3470 1425 dolor

1891 1455 2247 1510 vehementer
2300 1457 2630 1524 invasisset,
2677 1469 2733 1514 et
2779 1461 3029 1530 protinus
3073 1462 3306 1516 fuissent
3337 1478 3470 1517 con-

1891 1543 2027 1599 fusa:
2077 1545 2348 1616 laerymis,
2391 1557 2447 1602 et
2499 1548 2745 1605 dicerent
2789 1551 2908 1618 ejus
2954 1551 3314 1620 privationem
3360 1566 3469 1605 non

1894 1635 2132 1691 futuram
2167 1639 2249 1693 eis
2282 1639 2640 1705 tolerabilem,
2673 1649 2727 1695 et
2759 1643 2876 1712 ejus
2929 1644 3096 1712 pedes
3124 1656 3468 1714 prensarent,

1897 1731 2165 1801 ejulantes
2196 1733 2602 1798 miserabiliter,
2635 1734 2744 1797 ille,
2789 1751 2858 1790 ne
2891 1736 2936 1790 si
2981 1739 3213 1807 populus
3258 1739 3311 1794 id
3345 1755 3471 1794 sen-

1895 1824 2076 1888 sisset,
2099 1824 2322 1879 afferret
2343 1827 2660 1892 tumultum,
2685 1829 2878 1882 annuit
2907 1831 2997 1882 uni
3023 1844 3087 1882 ex
3112 1832 3468 1901 presbyteris,

1899 1925 1956 1969 ut
1995 1931 2087 1971 eas
2115 1917 2412 1972 abduceret
2450 1935 2464 1971 :
2501 1927 2554 1971 et
2587 1918 2896 1989 jumentum
2929 1920 3172 1990 quidem,
3198 1924 3340 1991 quod
3384 1938 3461 1978 so-

1896 2007 2042 2062 lebat
2071 2009 2368 2064 ascendere
2401 2010 2639 2079 (‘volebat
2674 2011 2818 2066 enim
2862 2012 3075 2082 latere),
3113 2013 3273 2083 jussit
3307 2013 3470 2069 statui

1896 2098 1963 2152 ad
2021 2108 2204 2167 portas
2240 2098 2663 2157 Occidentales:
2720 2103 2837 2172 ipse
2890 2114 3070 2158 autem
3114 2121 3212 2175 per
3259 2114 3462 2175 portam

1897 2189 2230 2245 Orientalem
2278 2193 2441 2247 simul
2472 2204 2554 2249 est
2598 2210 2872 2265 egressus,
2916 2205 3124 2251 etcum
3174 2198 3361 2267 paucis
3407 2197 3479 2254 ad

1897 2282 2027 2337 litus
2055 2284 2324 2339 deductus
2354 2287 2646 2358 navigavit.
2681 2287 2786 2343 Sed
2813 2289 3030 2358 qualem
3061 2305 3200 2352 rem,
3225 2299 3279 2344 et
3311 2305 3479 2360 quam

1899 2374 2141 2445 dignam.
2177 2393 2298 2447 qua:
2333 2388 2790 2434 commemoretur
2835 2381 2900 2435 ad
2937 2381 3098 2451 plane
3147 2381 3476 2453 arguendam

1901 2467 2270 2537 improborum
2296 2472 2578 2538 malitiam,
2597 2472 2865 2528 festinans
2884 2474 3061 2529 oratio
3082 2475 3475 2544 propemodum

1903 2561 2288 2628 pra2termisit?
2323 2562 2634 2632 Improbum
2668 2565 2813 2618 enim
2848 2565 2980 2619 illud
3011 2566 3324 2625 concilium,
3351 2578 3474 2618 cum

1901 2661 2180 2722 oporteret
2202 2669 2324 2708 cum
2353 2654 2471 2708 aliis
2496 2654 2671 2720 malis,
2700 2671 2821 2724 qua:
2868 2665 3057 2710 sancto
3106 2655 3474 2720 intentabant,

1903 2760 1972 2798 ne
2004 2744 2151 2814 ipsos
2176 2746 2392 2815 quidem
2421 2763 2450 2800 a
2481 2747 2626 2802 caede
2645 2748 2940 2812 abstinere,
2972 2748 3066 2802 sed
3101 2748 3260 2802 etiam
3292 2748 3480 2816 inique

1903 2837 2080 2906 gladio
2109 2839 2309 2892 caulem
2358 2839 2411 2894 in
2445 2855 2567 2894 eum
2598 2841 2892 2910 parturire,
2924 2840 3158 2894 famulus
3198 2840 3480 2909 cujusdam

1904 2943 1966 2982 ex
1991 2930 2341 2999 presbyteris,
2374 2931 2595 2986 nomine
2623 2931 2886 3000 Elpidius,
2912 2932 3300 3003 quinquaginta
3321 2947 3485 2985 num-

1908 3024 2044 3089 mis,
2082 3025 2213 3092 proh
2274 3024 2462 3090 dolor,
2519 3025 2588 3079 ab
2645 3026 2751 3080 illis
2805 3025 3140 3089 conductus,
3193 3033 3308 3078 erat
3363 3025 3484 3080 viro

227 3104 327 3156 καὶ
377 3103 512 3175 πρὸς
567 3103 665 3172 τὴν
723 3102 1021 3174 ὑπερορίαν
1073 3104 1340 3174 ἀπήγετο.
1423 3104 1615 3176 Ἡδονὴ
1654 3105 1803 3159 δὲτὸ

1906 3117 2050 3185 justo
2110 3125 2399 3185 paraturus
2461 3116 2705 3172 insidias.
2755 3117 2856 3183 Qui
2901 3117 3117 3186 quidem
3174 3115 3485 3185 deprehen-

231 3194 439 3265 πλῆθος
483 3196 576 3248 καὶ⁹
620 3193 766 3266 λύπη
798 3195 1192 3266 διεμερίζοντο’
1222 3197 1365 3268 λύπη
1393 3197 1512 3268 μὲν,
1554 3199 1680 3262 τοὺς
1711 3199 1804 3252 εὑ-

231 3289 414 3352 σεϐεῖς
450 3306 508 3342 τε
537 3291 632 3342 καὶ
681 3289 995 3359 όρθοδόξους
1035 3292 1129 3344 καὶ
1164 3290 1290 3354 τοὺς
1322 3289 1557 3361 χρυσοῦς
1593 3291 1806 3345 ἐκείνου

229 3381 428 3450 λόγους
482 3381 862 3452 ζημιωθέντας
892 3382 1032 3452 μετά
1064 3383 1162 3453 τῆς
1200 3383 1404 3454 σεμνῆς
1429 3383 1627 3454 ὅψεωςο
1651 3384 1810 3452 ἡδονὴ

232 3473 294 3529 δὲ
329 3474 617 3538 Ἰουδαίους
659 3475 755 3527 καὶ
789 3475 1080 3544 Ἕλληνας,
1125 3471 1207 3538 οἷς
1246 3475 1341 3528 καὶ
1393 3477 1472 3538 εἰς
1507 3475 1702 3546 ἑορτὴν
1749 3475 1811 3528 τὸ

236 3569 471 3638 πρᾶγμα
493 3570 752 3638 κατέστη,
787 3569 912 3632 τοὺς
937 3568 1191 3638 ἐλέγχους
1227 3568 1437 3631 πάντας
1465 3567 1563 3638 τῆς
1601 3566 1811 3620 ἐκείνου

234 3658 484 3730 γλώττης
535 3659 912 3728 διαφυγοῦσιν,
963 3659 1096 3713 ώσεὶ
1156 3659 1286 3730 βέλη
1319 3660 1376 3712 ἐν
1407 3661 1552 3729 χειρὶ
1575 3659 1809 3713 δυνατοῦ

235 3754 356 3816 ταῖς
393 3752 644 3821 καρδίαις
674 3753 1008 3822 ἀφιεμένους
1029 3767 1044 3782 °
1075 3752 1131 3806 οἴ
1164 3752 1259 3806 καὶ
1288 3751 1690 3819 κατεμωκῶντο
1719 3753 1818 3806 καὶ⁹

238 3844 601 3913 κατέπαιζον,
649 3845 748 3900 καὶ
778 3845 944 3899 πολὺν
973 3843 1186 3914 γέλωτα
1213 3843 1316 3914 τῆς
1338 3843 1447 3897 τῶν
1469 3843 1816 3915 κρατούντων

237 3937 499 4008 κατέχεον
559 3935 832 4006 εὐηθείας,
879 3936 954 4000 ώς
1004 3936 1200 4011 μικροῦ
1237 3937 1332 3989 καὶ
1365 3935 1432 3990 δι’
1459 3935 1646 3990 οἴκτου
1671 3935 1820 3990 τίθε-

237 4031 366 4084 σθαι
393 4030 491 4101 τὴν
519 4031 626 4083 τῶν
649 4029 992 4103 Χριστιανῶν
1023 4031 1328 4102 συμφοράν.

1907 3223 1999 3262 sus
2051 3209 2258 3278 (neque
2315 3209 2462 3265 enim
2511 3211 2710 3278 quibus
2764 3209 2917 3263 novit
2971 3207 3309 3270 rationibus,
3361 3205 3488 3261 sivit

1907 3315 2031 3354 eum
2076 3301 2243 3355 latere
2277 3299 2370 3354 Dei
2408 3299 2778 3370 providentia)
2825 3300 3118 3354 nonnullos
3147 3315 3214 3352 ex
3255 3299 3340 3362 iis,
3389 3296 3486 3366 qui

1909 3406 2033 3446 eum
2086 3393 2652 3462 comprehenderant,
2714 3392 2780 3446 iis
2839 3407 2978 3461 quos
3017 3390 3208 3444 habuit
3263 3389 3488 3442 ensibus

1911 3482 2185 3539 interfecit
2229 3503 2244 3538 :
2296 3485 2435 3539 alios
2484 3493 2665 3538 autem
2717 3483 2958 3554 graviter
3006 3481 3330 3536 vulneravit.
3379 3479 3487 3534 Sed

1911 3577 2000 3631 ille
2059 3577 2280 3646 quidem
2345 3592 2575 3648 magnus
2621 3577 2698 3630 sic
2758 3575 3046 3645 navigabat
3083 3582 3137 3628 et
3193 3573 3377 3626 abibat
3431 3572 3488 3626 in

1910 3669 2202 3732 exsilium,
2259 3670 2493 3740 populus
2544 3677 2728 3724 autem
2782 3668 2980 3738 partim
3027 3665 3233 3732 laztitia,
3289 3664 3487 3734 partim

1911 3760 2100 3814 dolore
2151 3758 2529 3815 afﬁciebatur:
2571 3759 2760 3815 dolore
2817 3759 3036 3829 quidem
3089 3757 3192 3828 pii,
3241 3755 3331 3826 qui
3379 3754 3492 3823 pri-

1917 3851 2027 3905 vati
2076 3860 2234 3905 erant
2285 3852 2547 3906 suavibus
2587 3851 2734 3906 illius
2767 3849 3106 3903 orationibus
3152 3862 3278 3902 cum
3320 3860 3488 3900 vene-

1917 3942 2091 3996 rando
2127 3952 2352 4013 aspectu
2385 3963 2397 3997 :
2433 3943 2618 3998 laetitia
2641 3957 2770 3996 vero
2800 3940 2970 3996 Judaei
2995 3949 3050 3994 et
3085 3939 3336 4010 gentiles,
3367 3937 3482 4007 qui-

1918 4035 2022 4091 bus
2051 4036 2168 4092 harc
2221 4051 2311 4091 res
2344 4035 2461 4091 dies
2488 4044 2607 4090 erat
2656 4033 2851 4102 festus,
2890 4042 2949 4088 ut
2979 4034 3070 4103 qui
3111 4033 3255 4086 illius
3294 4031 3473 4097 lingua

237 4123 705 4194 reprehensiones
757 4125 984 4179 omnino
1018 4123 1381 4194 effugissent:
1431 4123 1904 4194 reprehensiones,
1947 4128 2190 4198 inquam,
2244 4145 2363 4198 qu.e
2401 4136 2656 4197 tanquam
2714 4128 2818 4180 ttla
2859 4127 2910 4178 in
2949 4141 3110 4178 manu
3151 4124 3406 4194 potentis,
3436 4138 3471 4174 u

236 4231 367 4274 cum
386 4216 574 4278 divino
599 4217 774 4272 dicam
797 4215 998 4272 Davide
1014 4217 1079 4282 ⁸ο,
1103 4217 1156 4272 in
1175 4217 1338 4272 corda
1361 4233 1544 4272 eorum
1570 4217 2003 4276 immittebantur
2029 4240 2040 4275 :
2063 4223 2156 4292 qui
2183 4231 2238 4277 et
2268 4222 2586 4285 irridebant,
2607 4229 2662 4274 et
2682 4218 3115 4284 ludificabantur,
3134 4227 3188 4271 et
3217 4216 3270 4270 in
3293 4213 3496 4285 princi-

239 4324 372 4383 pum
395 4310 679 4366 stultitiam
704 4310 874 4365 risum
896 4310 1248 4366 effundebant
1265 4313 1582 4377 maximum,
1604 4323 1663 4368 ut
1685 4312 2120 4371 Christianorum
2145 4317 2467 4372 calamitatis
2488 4314 2879 4386 propemodum
2899 4313 3061 4367 etiam
3081 4312 3492 4366 misererentur.

313 4403 395 4457 N'.
461 4401 751 4474 Ἐξαίφνης
794 4403 852 4457 δέ
882 4402 1092 4471 γίνεταί
1116 4421 1169 4457 τι
1200 4406 1430 4474 πρᾶγμα
1467 4404 1697 4475 φοϐερὸν
1726 4407 1803 4467 καὶ

1996 4407 2058 4462 L.
2095 4408 2180 4463 Fit
2204 4417 2386 4462 autem
2413 4407 2595 4462 statim
2630 4422 2718 4462 res
2745 4405 2988 4474 quaedam
3021 4404 3294 4466 terribilis,
3326 4405 3368 4457 si
3407 4405 3496 4458 vel

242 4493 410 4566 μέχρι
441 4497 539 4564 τῆς
571 4494 740 4566 ἀκοῆς
771 4495 1086 4568 ἐρχόμενον,
1114 4495 1208 4548 τοῦ
1237 4495 1372 4548 Θεοῦ
1406 4497 1623 4553 πάντως
1648 4497 1824 4561 οὕτως

239 4587 676 4658 οίκονομοῦντος,
732 4587 920 4659 ὥσπερ
972 4587 1065 4641 τὸν
1113 4587 1353 4660 σεισμὸν,
1397 4589 1682 4660 πρότερον,
1745 4592 1821 4654 εἰς

240 4680 405 4745 δόξαν
466 4679 564 4748 μὲν
613 4678 722 4732 τῶν
779 4658 946 4733 αὑτοῦ
999 4658 1370 4751 θεραπόντωνξ
1431 4658 1595 4749 (ρόϐον
1631 4681 1686 4734 δὲ
1731 4681 1824 4734 καὶ

246 4769 610 4840 συναίσθησιν
661 4771 771 4825 τῶν
817 4771 1020 4842 σφόδρα
1079 4772 1370 4843 τολμηρῶν
1425 4773 1517 4825 καὶ
1551 4771 1825 4842 θρασέων,

249 4864 534 4932 μονονουχὶ
609 4864 746 4934 μετά
804 4862 899 4916 τοῦ
958 4863 1123 4917 Δαϐὶδ
1186 4864 1490 4934 κηρύττονκ
1539 4866 1602 4917 Οἱ
1649 4883 1828 4935 παρα-

247 4955 630 5026 πικραίνοντες
666 4957 740 5028 μὴ
779 4956 1141 5026 ὑψούσθωσαν
1169 4959 1225 5008 ἐν
1247 4959 1478 5022 ἑαυτοῖς.
1507 4959 1688 5028 Αὐτῆς
1721 4961 1828 5030 γὰρ

248 5047 488 5119 ἡμέρας,
519 5048 642 5102 καθ’
667 5051 732 5119 ἣν
771 5050 799 5102 ό
821 5050 994 5119 μέγας
1026 5049 1124 5119 τῆς
1160 5034 1488 5120 Ἐκκλησίας
1516 5052 1714 5122 ἀστὴρ,
1741 5047 1831 5106 οἷα

249 5141 389 5212 πρός
426 5158 575 5204 τινας
595 5143 803 5212 δυσμὰς
825 5143 921 5213 τὴν
962 5143 1265 5214 ὑπερορίαν
1295 5143 1513 5213 ἐχώρει,
1544 5145 1656 5214 πῦρ
1687 5145 1828 5198 θεῖον

249 5231 319 5283 ἐκ
349 5230 513 5300 μέσου
541 5231 636 5284 τοῦ
669 5232 880 5304 θρόνου,
911 5227 955 5300 ᾧ
979 5232 1360 5304 προσεδρεύων
1393 5234 1489 5297 τάς
1519 5233 1669 5306 ἱερὰς
1694 5235 1830 5306 ἐπή-

251 5323 389 5390 γαζε
424 5323 663 5394 διδαχάς,
689 5325 780 5377 ὑπ’
806 5325 1064 5392 οὐδεμιᾶς
1090 5325 1272 5396 χειρὸς
1317 5325 1577 5394 ἀναφθὲν,
1600 5325 1688 5380 διὰ
1717 5327 1828 5378 τῶν

255 5415 420 5484 ἱερῶν
449 5416 694 5470 ἁλύσεων
725 5417 984 5486 ἀνεῖρπεν
1021 5418 1100 5481 είς
1133 5417 1286 5487 ὕψος.
1326 5414 1460 5470 Εἶτα
1507 5419 1606 5488 τὴν
1635 5419 1832 5488 στέγην

253 5506 539 5576 διαφαγὸν,
599 5509 743 5563 κατὰ
785 5510 892 5562 τῶν
939 5509 1124 5563 νώτων
1157 5511 1265 5564 τῶν
1313 5511 1527 5564 σεπτῶν
1569 5510 1833 5581 δωμάτων

255 5599 475 5672 ἐχώρει.
504 5600 785 5656 Ἐντεῦθεν
841 5602 1041 5674 ἄνεμος
1093 5602 1192 5672 τὴν
1257 5602 1432 5672 φλόγα
1475 5601 1831 5675 παραλαϐὼν,

335 5781 382 5814 ⁸ο
415 5781 558 5838 Psal.
596 5801 777 5850 uxvr,
808 5785 862 5841 4.
937 5784 976 5817 ⁸⁸
1001 5781 1143 5839 Psal.
1176 5800 1298 5850 μιν,
1329 5783 1382 5840 7.

1920 4502 2094 4557 solum
2147 4502 2215 4556 ad
2266 4517 2426 4556 aures
2482 4503 2787 4571 perveniat,
2843 4498 2956 4553 Deo
2995 4498 3110 4553 haec
3155 4495 3493 4566 pravidente,

1922 4593 2061 4650 sicut
2091 4594 2254 4649 etiam
2281 4593 2435 4662 prius
2466 4603 2626 4648 terra:
2665 4600 2894 4652 motum,
2932 4590 2998 4645 ad
3030 4590 3249 4660 gloriam
3281 4587 3497 4657 quidem

1920 4701 2148 4741 suorum
2199 4685 2549 4749 famulorum,
2591 4696 2794 4739 metum
2844 4693 3026 4737 autem
3066 4693 3120 4736 et
3151 4681 3498 4735 conscientia:

1923 4787 2186 4833 terrorem
2213 4792 2423 4841 eorum,
2455 4777 2546 4846 qui
2582 4785 2710 4830 sunt
2740 4775 2973 4828 audaces
3004 4782 3058 4827 et
3083 4771 3374 4834 temerarii,
3405 4772 3497 4838 qui

1924 4869 2087 4922 etiam
2155 4868 2548 4938 prepeniodum
2604 4866 2892 4921 emittebat
2941 4880 3128 4920 vocem
3186 4861 3401 4916 Davidis
3431 4861 3498 4925 “,

1935 4980 1953 5012 ι
1984 4959 2087 5027 Qui
2127 4960 2476 5026 exacerbant,
2525 4975 2596 5014 ne
2636 4959 2966 5013 extollantur
3012 4957 3065 5009 in
3108 4953 3320 5024 seipsis.
3359 4971 3377 5004 ι
3424 4953 3502 5008 Eo

1927 5053 2073 5106 enim
2107 5053 2215 5115 die,
2238 5068 2346 5121 quo
2373 5068 2565 5122 magna
2604 5051 2691 5104 illa
2725 5050 2877 5104 Stella
2927 5047 3203 5104 Ecclesiae.
3235 5044 3401 5099 veluti
3435 5045 3501 5099 ad

1927 5143 2215 5212 quemdam
2259 5157 2514 5196 occasum
2556 5142 2667 5196 ibat
2714 5141 2765 5194 in
2798 5139 3070 5201 exsilium,
3112 5137 3252 5208 ignis
3284 5135 3503 5189 divinus

1930 5247 1998 5286 ex
2045 5232 2134 5286 illa
2188 5233 2340 5296 sede,
2397 5233 2452 5286 in
2501 5249 2606 5302 qua
2637 5232 2883 5286 assidens
2936 5245 3145 5284 sacram
3193 5227 3506 5282 effundebat

1929 5323 2259 5388 doctrinam,
2293 5339 2323 5377 a
2367 5323 2514 5377 nulla
2553 5339 2715 5376 manu
2751 5335 3033 5385 accensus,
3063 5335 3159 5390 per
3202 5331 3386 5372 sacras
3410 5329 3503 5368 ca-

1932 5423 2087 5470 tenas
2109 5418 2283 5487 serpit
2314 5417 2368 5470 in
2393 5415 2584 5470 altum.
2606 5414 2809 5469 Deinde
2831 5429 2954 5468 cum
2987 5420 3187 5466 tectum
3213 5408 3501 5470 exedisset,

1932 5509 2201 5580 processit
2243 5525 2340 5579 per
2380 5523 2647 5564 summam
2698 5505 3042 5577 superficiem
3072 5498 3498 5556 venerandaruni

1933 5602 2151 5658 aedium.
2189 5601 2324 5658 llinc
2353 5617 2478 5659 cum
2509 5601 2808 5658 vehemens
2830 5607 3027 5655 ventus
3052 5595 3322 5651 ﬂammam
3356 5589 3496 5645 in’va
