3834 6472
296 322 441 386 :ilG'i

1590 317 1876 378 MENSIS
1914 316 2374 378 JANUARIUS.

3438 319 3579 388 1163

301 446 396 516 qui
454 445 631 516 ipsum
697 442 932 513 diligunt
978 442 1043 496 ³⁸.
1092 440 1296 497 Deinde
1343 438 1588 510 rogabat,
1644 453 1714 493 ne
1768 435 1885 506 quis

1993 437 2311 493 ἀπολιπεῖν·
2345 437 2459 491 ἀλλ’
2491 438 2544 492 εί
2581 437 2632 492 τί
2657 455 2749 508 μοι
2788 436 3248 511 καὶχαρίζεσθαι
3295 439 3580 512 βούλεσθε,

301 553 400 594 sua
433 552 596 593 causa
627 537 786 592 vellet
837 552 992 591 suam
1048 533 1354 603 relinquere
1405 530 1690 586 ecclesiam
1724 548 1738 584 :
1779 529 1888 585 Sed

303 632 350 686 si
385 630 550 685 vultis
579 629 732 694 mihi,
769 629 968 694 aiebat,
1013 625 1322 699 gratiﬁcari,
1354 631 1684 678 mementote
1715 621 1888 678 nostri

225 707 233 716 ’
301 723 362 776 in
390 719 586 775 vestris
617 718 975 774 orationibus.
1017 716 1144 772 Hzec
1185 714 1396 778 dicens,
1429 720 1718 782 postquam
1752 709 1888 764 vidit

302 827 399 868 eos
421 811 565 868 vinci
596 809 867 882 lacrymis,
921 807 1211 864 ecclesiam
1271 814 1476 867 autem,
1519 814 1579 858 ut
1607 801 1780 872 magis
1815 800 1886 855 ita

300 906 502 969 dicam,
523 902 742 969 deflere,
790 916 887 958 eos
918 898 1198 956 recreabat
1229 895 1566 968 spiritaliter,
1600 904 1656 949 et
1707 893 1887 948 indice

301 996 540 1052 sinistrae
564 1010 760 1050 manus
782 993 957 1049 volam
1003 990 1248 1062 pulsans,
1292 997 1351 1043 ut
1391 987 1598 1042 solebat
1627 984 1806 1041 facere
1832 984 1886 1038 in

295 1086 663 1142 curis-animi:
685 1084 851 1148 Satis,
870 1081 1067 1152 inquit,
1089 1078 1560 1134 lamentationum.
1581 1073 1721 1141 Quid
1739 1071 1885 1127 enim

297 1180 471 1235 vultis
493 1193 589 1234 cor
611 1176 744 1232 mihi
774 1175 1025 1247 frangere
1050 1173 1073 1227 ?
1103 1171 1210 1227 Sed
1243 1170 1445 1234 videte,
1472 1181 1542 1220 ne
1568 1162 1887 1234 relinquatis

297 1270 582 1336 ecclesias,
639 1269 741 1324 hoc
766 1267 934 1331 enim,
961 1265 1102 1322 sicut
1134 1263 1286 1335 prius
1312 1261 1443 1324 dixi,
1476 1259 1600 1314 volo
1629 1273 1660 1312 a
1709 1256 1884 1317 vobis,

301 1364 347 1419 si
401 1361 532 1433 quid
581 1360 748 1425 aliud,
790 1359 927 1414 fieri.
959 1356 1095 1413 Cum
1126 1365 1307 1410 autem
1339 1352 1566 1409 dixisset
1615 1348 1833 1419 quidam
1867 1363 1880 1399 :

303 1451 411 1508 Sed
438 1466 664 1508 necesse
709 1459 793 1505 est
834 1463 937 1504 nos
989 1455 1276 1502 manentes
1314 1445 1370 1498 in
1415 1441 1679 1506 ecclesiis,
1730 1437 1883 1494 com-

302 1545 584 1600 municare
606 1558 730 1599 cum
760 1539 1170 1596 insidiatoribus
1191 1545 1247 1592 et
1279 1537 1408 1591 dare
1438 1547 1660 1588 manum
1691 1529 1884 1585 iisdem

301 1636 830 1708 subscriptionibus;
863 1633 1054 1689 beatus
1079 1641 1260 1686 autem
1286 1628 1578 1698 protinus:
1613 1624 1721 1680 Sed
1754 1638 1883 1694 per-

301 1729 459 1785 mitto
486 1729 728 1798 quidem,
767 1725 961 1796 inquit,
1019 1731 1078 1778 ut
1131 1719 1525 1786 communices,
1575 1726 1628 1772 te
1657 1715 1884 1771 omnino

1991 529 2150 583 τοῦτο
2175 526 2314 583 εἶναι
2344 528 2522 584 καὶτὸ
2553 529 2914 601 μνημονεύειν
2965 532 3124 603 ἡμῶν
3168 534 3227 586 ἐν
3261 537 3382 598 ταῖς
3411 553 3581 607 προσ.

1989 625 2200 692 ευχαῖς.
2249 621 2335 684 Ὡς
2364 621 2424 674 δὲ
2453 618 2599 689 ἐώρα
2631 624 3030 693 συγχεομένους
3054 628 3168 689 τοῖς
3195 626 3450 698 δάκρυσι,
3475 630 3579 701 τὴν

2003 713 2330 784 Ἐκκλησίαν
2357 713 2413 767 δὲ
2443 715 2644 783 μᾶλλον
2662 715 2835 768 εἰπεῖν
2872 717 3334 789 ἀποδυρομένους,
3376 739 3582 794 πατρι-

1991 808 2104 872 κῶς
2125 805 2492 876 ἀνελάμῦανε,
2517 807 2612 860 καὶ
2637 805 2714 877 τῷ
2739 807 2943 878 λιχανῷ
2975 808 3223 878 δακτύλῳ
3249 813 3345 865 τὸν
3373 798 3580 882 ταρσὸν

1989 899 2089 968 τῆς
2122 899 2419 971 ἀριστερᾶς
2451 898 2632 971 χειρὸς
2666 900 2980 953 ἐπικόπτων
3022 901 3186 971 (οὕτω
3219 903 3328 973 γὰρ
3357 905 3416 957 ἐν
3453 907 3582 968 ταῖς

1989 988 2084 1042 ἐπὶ
2117 989 2240 1042 νοῦν
2266 989 2544 1058 φροντίσιν
2568 988 2748 1042 είώθει
2796 991 3014 1058 ποιεῖν),
3067 991 3244 1057 Ἀλις,
3276 989 3418 1059 εἷπε,
3466 985 3581 1048 τῶν

1991 1079 2238 1150 θρήνων·
2275 1080 2328 1132 τί
2360 1096 2462 1150 μου
2495 1079 2856 1151 συνθρύπτειν
2887 1079 3141 1150 βούλεσθε
3175 1083 3273 1152 τὴν
3304 1085 3576 1154 καρδίαν;

1989 1170 2104 1223 ἀλλ’
2137 1173 2287 1234 ὅπως
2309 1172 2407 1234 τὰς
2461 1171 2760 1244 ἐκκλησίας
2797 1173 2871 1242 μὴ
2909 1171 3214 1243 ἀπολίπητε
3241 1191 3254 1203 ·
3279 1173 3440 1228 τοῦτο
3464 1177 3580 1247 γὰρ

1991 1263 2120 1333 ὑμῖν
2166 1261 2259 1314 καὶ
2320 1263 2587 1334 πρότερον
2619 1263 2778 1334 ἐφην.
2833 1264 3092 1328 Εἰπόντος
3137 1265 3192 1318 δέ
3219 1283 3386 1331 τινος,
3431 1266 3578 1320 Ἀλλ’

1989 1353 2204 1425 ἀνάγκη
2230 1355 2350 1417 ταῖς
2376 1354 2696 1424 ἐκκλησίαις
2721 1355 3081 1425 ἐπιμένοντας
3118 1357 3267 1427 ἡμᾶς
3306 1337 3577 1429 κανωνῆ-

1990 1462 2081 1499 σαι
2115 1447 2228 1509 τοῖς
2277 1443 2590 1508 ἐπιδούλοις
2645 1442 2881 1509 τούτοις,
2925 1445 3021 1497 καὶ
3051 1446 3210 1514 χεῖρα
3239 1443 3426 1498 δοῦναι
3454 1449 3578 1508 ταῖς

1989 1538 2132 1602 ῑσαις
2163 1537 2533 1607 ὑπογραφαῖς·
2563 1536 2656 1591 τὸν
2676 1537 2949 1608 μακάριον
2979 1537 3166 1601 εὐθὺς,
3191 1537 3353 1591 Ἀλλὰ
3382 1555 3580 1592 κοινω-

1988 1631 2151 1702 νῆσαι
2187 1631 2306 1702 μέν,
2342 1631 2539 1697 είπεῖν,
2575 1630 2859 1702 ἐπιτρέπω
2889 1630 3050 1702 χάριν
3087 1629 3182 1684 τοῦ
3226 1631 3302 1701 μὴ
3344 1631 3579 1701 σχίσμα-

1986 1741 2079 1786 τος
2117 1724 2263 1795 ὑμᾶς
2319 1724 2526 1786 αίτίους
2572 1725 2914 1795 καταστῆναι
2948 1727 3013 1796 τῇ
3067 1724 3385 1796 Ἐκκλησία,
3437 1725 3578 1778 ὑπο-

300 1821 579 1878 abstinens
631 1820 696 1876 ab
752 1817 1003 1874 ecclesiae
1057 1814 1478 1879 schismatibus,
1537 1825 1881 1882 nequaquam

1990 1814 2195 1888 γράψαι
2246 1814 2304 1868 δέ
2353 1815 2627 1885 οὐδαμῶς.
2695 1815 2922 1870 Σύνοιδα
2975 1816 3086 1888 γὰρ
3145 1817 3296 1870 οὐδὲν
3349 1815 3578 1888 ἐμαυτῷ

300 1921 484 1968 autem
513 1908 847 1974 subscribas,
872 1907 1077 1962 nullius
1106 1905 1253 1961 enim
1294 1905 1372 1961 rei
1412 1905 1548 1959 mihi
1586 1919 1709 1958 sum
1759 1917 1882 1956 om-

294 2007 436 2062 nino
459 2005 738 2069 conscius,
764 2017 860 2057 cur
893 2001 1154 2070 deponar.
1184 1998 1322 2053 Cum
1355 1997 1389 2051 ii
1415 1996 1497 2052 sic
1520 1984 1884 2050 communiter

301 2103 766 2171 colloquerentur,
800 2096 1070 2152 accedunt
1099 2093 1320 2164 quidam
1351 2089 1649 2145 afferentes
1677 2087 1884 2141 litteras

301 2213 332 2252 a
360 2193 684 2264 Theophilo,
715 2203 948 2261 quarum
978 2196 1095 2242 erat
1127 2183 1451 2254 inscriptio:
1489 2183 1688 2236 Sancta
1723 2194 1885 2250 syno-

302 2289 406 2345 dus
463 2287 574 2359 (32)
638 2285 694 2339 in
751 2280 967 2350 Quercu
1024 2287 1368 2350 congregata,
1431 2273 1670 2329 Joanni:
1730 2272 1882 2326 illum

302 2379 522 2452 quidem
573 2375 709 2431 adeo
756 2372 900 2427 nude
953 2379 1011 2426 et
1046 2378 1154 2424 tam
1187 2366 1566 2440 ignominiose,
1593 2371 1655 2418 ut
1686 2377 1756 2417 ne
1785 2376 1884 2416 no-

303 2486 431 2527 men
477 2468 696 2540 quidem
741 2465 938 2521 darent
981 2463 1245 2534 episc0pi,
1273 2474 1426 2514 suam
1464 2465 1648 2512 autem
1696 2468 1883 2510 revera

306 2561 611 2633 improbam
647 2570 999 2630 synagogam,
1026 2561 1288 2609 vocantes
1313 2557 1554 2605 sanetam
1590 2546 1879 2616 synodum.

306 2653 644 2709 Videbantur
671 2651 817 2706 enim
843 2663 970 2704 eum
1001 2646 1398 2702 condemnasse
1424 2641 1507 2696 vel
1533 2649 1661 2695 ante
1685 2639 1882 2693 dictam

305 2761 550 2810 causam,
591 2743 824 2798 infames
885 2740 1096 2797 scilicet
1146 2748 1201 2795 et
1247 2734 1564 2792 cxsecrandi
1617 2747 1766 2798 eum,
1825 2731 1884 2786 in

305 2855 468 2911 quem
529 2851 641 2892 non
689 2835 833 2890 cadit
889 2829 1286 2904 reprehensio,
1339 2835 1531 2897 estque
1597 2838 1768 2896 purus
1829 2828 1885 2877 et

305 2932 563 2990 mundus.
613 2929 886 2995 Quidnam
934 2935 1118 2982 autem
1149 2922 1506 2997 continebant
1536 2935 1615 2974 eae
1647 2918 1886 2972 litterae?

307 3029 540 3085 Libellos
568 3024 901 3096 accepimus,
931 3022 1023 3093 qui
1058 3032 1216 3077 erant
1249 3019 1394 3090 pleni
1453 3016 1638 3072 multis
1691 3024 1883 3070 contra

304 3131 360 3176 te
409 3113 873 3175 accusationibds.
924 3115 1150 3185 Oportet
1204 3127 1334 3183 ergo
1383 3120 1437 3165 te
1466 3109 1673 3175 venire,
1707 3109 1775 3164 de
1802 3109 1884 3164 eis

307 3211 648 3267 redditurum
694 3207 980 3261 rationem.
1015 3204 1097 3260 Ad
1159 3203 1274 3258 haec
1327 3200 1534 3258 Christi
1585 3199 1884 3271 discipulus

305 3314 362 3361 et
417 3303 635 3358 imitans
686 3300 834 3354 illius
881 3296 1383 3363 mansuetudinem,
1440 3305 1551 3351 tres
1597 3294 1886 3366 episcopos

307 3413 431 3454 cum
459 3395 674 3451 duobus
704 3392 1034 3465 presbyteris
1091 3390 1258 3446 mittit
1309 3389 1380 3445 ad
1430 3403 1543 3452 eos,
1578 3387 1759 3458 ipsum
1786 3387 1885 3443 de.-

305 3489 582 3552 fensuros,
632 3486 774 3541 sicut
822 3484 925 3540 ille
981 3483 1096 3554 ipse
1150 3483 1342 3540 scribit
1397 3481 1452 3538 in
1498 3481 1724 3552 epistola
1773 3481 1882 3551 (33)

305 3577 373 3632 ad
411 3575 788 3631 Innocentium
831 3573 901 3644 (is
936 3583 1119 3628 autem
1171 3581 1289 3628 erat
1332 3573 1638 3645 patriarcha
1686 3572 1888 3628 Roma-

307 3669 453 3739 nus),
486 3669 730 3723 Misimus
765 3667 834 3722 ad
885 3665 1085 3738 ipsum,
1133 3665 1343 3730 dicens,
1397 3666 1714 3737 episcopum
1753 3663 1887 3721 Pes-

305 3762 544 3816 sinuntis
597 3760 950 3824 Demetrium,
1001 3757 1257 3827 Apameae
1298 3755 1600 3829 Eulysium,
1633 3764 1687 3812 et
1720 3756 1887 3828 Apia-

306 3867 412 3908 reze
443 3851 764 3922 Lucipinum
793 3851 936 3923 (5i);
969 3848 1314 3920 presbyteros
1336 3857 1519 3903 autem
1549 3847 1885 3904 Germanum

306 3954 362 4000 et
397 3943 683 4008 Severum,
727 3957 854 3997 cum
904 3955 991 4007 ea,
1040 3954 1149 4010 qua
1197 3955 1298 3996 nos
1335 3941 1646 4011 oportebat,
1698 3942 1887 3997 mode-

306 4035 519 4090 ratione
548 4031 966 4104 respondentes,
993 4039 1050 4087 et
1074 4031 1320 4087 dicentes
1347 4046 1451 4087 nos
1487 4047 1598 4087 non
1631 4047 1887 4090 recusare

301 4125 591 4196 judicium,
622 4123 716 4180 sed
756 4120 1005 4194 apertum
1037 4123 1316 4178 inimicum
1337 4132 1392 4179 et
1417 4123 1629 4180 hostem
1657 4125 1888 4182 manife-

307 4227 476 4272 stum.
506 4214 610 4281 Qui
635 4215 784 4271 enim
809 4215 1059 4270 nondum
1085 4214 1299 4272 libellos
1333 4225 1642 4286 acceperat,
1677 4226 1733 4272 et
1762 4218 1887 4273 talia

305 4309 376 4366 ab
441 4308 596 4364 initio
643 4307 871 4376 fecerat,
919 4317 974 4364 et
1006 4324 1066 4364 se
1091 4308 1160 4364 ab
1192 4309 1450 4365 Ecclesiae
1499 4311 1886 4368 communione

306 4411 361 4459 ct
414 4401 727 4472 precatione
793 4401 1116 4467 absciderat,
1164 4410 1510 4458 accusatores
1565 4403 1885 4470 adornabat,

1989 1908 2364 1974 καθαιρέσεως
2436 1909 2608 1973 ἀξιον.
2699 1908 2919 1963 Τούτων
2964 1908 3109 1962 οὕτω
3168 1909 3577 1979 διαλεγομένων

1987 1999 2382 2072 προσέρχονταί
2411 2017 2558 2063 τινες
2595 1999 2897 2070 γράμματα
2938 2001 3087 2070 παρὰ
3119 1999 3376 2069 Θεοφίλου
3409 2002 3576 2071 κομί-

1987 2092 2195 2156 ζοντες,
2225 2085 2356 2164 ὦνή
2389 2092 2691 2164 ἐπιγραφὴ,
2733 2092 2800 2145 Ἦ
2820 2092 2952 2162 ἀγία
2983 2092 3198 2156 σύνοδος
3229 2095 3261 2164 ἡ
3296 2094 3386 2146 ἐπὶ
3429 2093 3578 2164 Δρῦν

1987 2186 2440 2256 συναθροισθεῖσα
2463 2185 2544 2257 τῷ
2585 2185 2827 2258 Ἰωάννῃ,
2863 2185 3034 2255 ψιλῶς
3060 2185 3202 2239 οὕτω
3242 2187 3337 2239 καὶ
3359 2187 3576 2256 ἀτίμως

1983 2279 2146 2334 αὑτὸν
2166 2279 2531 2349 ὀνομάζουσα,
2591 2279 2686 2332 καὶ
2721 2278 2857 2349 μηδέ
2891 2276 3191 2330 ἐπίσκοπον
3225 2277 3452 2343 ἀξιοῦσα
3472 2295 3572 2331 και

1984 2371 2119 2426 λεῖν.
2165 2370 2463 2443 Ἐῲκεισαν
2511 2371 2622 2442 γὰρ
2676 2369 3000 2440 καθαίρεσιν
3039 2369 3208 2423 αὑτοῦ
3259 2371 3573 2439 καταψηφί-

1985 2465 2182 2520 σασθαι
2216 2466 2310 2520 καὶ
2345 2464 2452 2536 πρὸ
2482 2464 2784 2532 ἐξετάσεως
2815 2463 2909 2519 τοῦ
2935 2462 3181 2535 ἀλήπτου
3205 2465 3299 2517 καὶ
3327 2463 3572 2534 καθαροῦ

1983 2559 2034 2612 oi
2051 2559 2361 2629 ἐπίρρητοι,
2375 2557 2472 2612 καὶ
2499 2557 2889 2620 κατάπτυστοι,
2911 2557 3005 2610 καὶ
3025 2555 3234 2626 μυρίων
3255 2555 3576 2624 ἀναπεπλη-

1986 2651 2172 2722 σμένοι
2203 2651 2412 2705 κακῶν.
2430 2650 2528 2713 Τίς
2558 2649 2614 2702 δέ
2641 2650 2734 2702 καὶ
2757 2649 2918 2721 ἡτῶν
2943 2649 3282 2720 ἐγκειμένων
3298 2649 3530 2719 δύναμις
3552 2665 3568 2714 ;

1983 2743 2272 2807 Λιὸέλλους
2291 2743 2592 2814 ἐδεξάμεθα
2617 2742 2758 2796 κατά
2779 2740 2874 2795 σοῦ
2897 2741 3105 2794 πολλῶν
3130 2743 3289 2805 ὂντας
3307 2742 3571 2811 αἰτιαμά-

1984 2856 2093 2892 των
2113 2835 2366 2908 μεστούς.
2391 2837 2511 2906 Χρὴ
2537 2833 2631 2888 οῦν
2660 2835 2971 2906 ἀπαντῆσαί
3015 2850 3073 2887 σε
3103 2834 3196 2887 τὸν
3223 2834 3361 2904 ὑπὲρ
3388 2835 3572 2888 αὐτῶν

1987 2931 2248 2999 ὑφέξοντα
2276 2928 2453 2997 λόγον;
2487 2927 2629 2999 Πρὸς
2653 2926 2827 2981 ταῦτα
2850 2929 2878 2980 ό
2905 2926 3145 2998 Χριστοῦ
3177 2926 3446 2997 μαθητὴς,
3473 2929 3573 2980 καὶ

1985 3021 2084 3094 τὴν
2124 3021 2337 3075 ἐκείνου
2369 3019 2552 3091 ζηλῶν
2577 3020 2900 3084 ἐπιείκειαν,
2941 3021 3090 3090 τρεῖς
3123 3019 3230 3072 τῶν
3255 3020 3574 3072 ἐπισκόπων

1987 3111 2375 3179 ἐξαποστείλας
2399 3111 2515 3181 ἅμα
2533 3110 2680 3164 δυοῖν
2706 3110 3117 3182 πρεσϐυτέροιν,
3141 3109 3216 3174 ὡς
3239 3110 3399 3174 αὐτὸς
3432 3113 3574 3163 ἐκεῖ·

1987 3223 2076 3271 νος
2096 3209 2160 3260 ἐν
2171 3207 2237 3277 τῇ
2254 3206 2389 3277 πρὸς
2420 3204 2770 3258 Ἰννοκέντιον
2786 3202 3064 3274 ἐπιστολῇ,
3097 3201 3572 3274 Ἀπεστάλκαμεν,

1987 3297 2144 3368 φησὶ,
2169 3295 2304 3367 πρὸς
2328 3293 2492 3348 αὑτὸν
2539 3293 2841 3346 ἐπίσκοπον
2876 3293 2968 3346 τὸν
3006 3291 3352 3359 Πισινοῦντος
3381 3296 3575 3365 Δημή-

1986 3407 2160 3457 τριον.
2189 3389 2284 3443 τὸν.
2314 3387 2623 3460 Ἀπαμείας
2663 3385 2945 3452 Εύλύσιον,
2975 3387 3070 3440 καὶ
3100 3386 3192 3440 τὸν
3240 3387 3576 3455 Ἀππιαρίας

1987 3482 2316 3543 Λουπικῖνον
2333 3494 2347 3509 ·
2363 3479 2770 3550 πρεσϐυτέρους
2792 3479 2850 3531 δὲ
2894 3478 3177 3549 Γερμανδν
3196 3482 3290 3532 καὶ⁸
3307 3479 3572 3553 Σεὸῆρον,

1990 3575 2132 3647 μετά
2181 3573 2283 3640 τῆς
2325 3572 2710 3644 προσηκούσης
2739 3573 2874 3642 ἡμῖν
2917 3571 3218 3633 ἐπιεικείας
3265 3571 3574 3644 ἀποκρινόο

1991 3683 2146 3739 μενοι
2196 3668 2290 3720 καὶ
2327 3665 2600 3734 λέγοντες,
2640 3666 2716 3736 μὴ
2768 3663 3157 3735 παραιτεῖσθαι
3203 3665 3406 3736 κρίσιν,
3451 3665 3576 3720 ἀλλ’

1988 3759 2185 3830 ἐχθρὸν
2225 3757 2495 3829 πρόδηλον
2549 3757 2663 3811 καὶ.¹
2707 3757 2970 3828 πολέμιον
3028 3759 3282 3829 φανερόν.
3345 3759 3402 3812 '0
3457 3761 3576 3830 γὰρ

1990 3853 2218 3924 μηδέπω
2247 3850 2529 3913 λιϐέλλους
2565 3850 2882 3921 δεξάμενος,
2912 3851 3008 3903 καὶ
3028 3851 3247 3924 τοιαῦτα
3286 3854 3350 3905 ἐκ
3379 3869 3576 3923 προοι-

1991 3947 2132 4018 μίων
2173 3944 2430 4015 ποιήσας,
2481 3942 2578 3997 καὶ
2627 3943 2947 4014 ἀπορρήξας
2999 3944 3190 3997 ἐαυτὸν
3217 3944 3570 4016 Ἐκκλησίας,

1988 4037 2308 4102 κοινωνίας,
2373 4034 2572 4106 εὐχῆς,
2622 4035 2717 4089 καὶ
2772 4035 3114 4107 κατηγόρους
3162 4035 3433 4106 ἀλείφων,
3474 4040 3576 4092 καὶ

1989 4129 2191 4200 κλῆρον
2233 4127 2518 4200 μεθιστὰς,
2568 4128 2663 4180 καὶ
2701 4127 2997 4198 ἐκκλησίας
3049 4129 3293 4200 ἐρημῶν,
3335 4129 3450 4194 πῶς
3502 4130 3575 4186 ἂν

1987 4221 2022 4300 ᾗ
2067 4223 2277 4286 δίκαιος
2321 4220 2416 4274 ἐπὶ
2467 4220 2562 4274 τὸν
2605 4219 2701 4273 τοῦ
2747 4219 3004 4273 δικαστοῦ
3029 4220 3215 4291 θρόνον
3253 4221 3576 4278 ἀναϐαίνειν

1987 4315 2284 4388 οὐδαμόθεν
2319 4313 2468 4385 αὐτῷ
2524 4313 2908 4384 προσήκοντας
2951 4313 3083 4367 Οὑδέ
3118 4315 3224 4384 γὰρ
3274 4313 3576 4369 ἀκόλουθον

1986 4403 2056 4480 ἦν
2079 4408 2168 4462 τὸν
2197 4407 2255 4473 ἐξ
2289 4405 2566 4476 Δίγύπτου
2591 4408 2703 4468 τοῖς
2728 4407 2787 4459 ἐν
2825 4405 3016 4478 Θρᾴκῃ
3057 4407 3321 4472 δικάζειν,
3357 4411 3450 4462 καὶ
3476 4411 3577 4464 τὸν

285 4494 513 4550 elerum
558 4492 985 4559 transmovebat,
1037 4501 1092 4547 et
1147 4491 1394 4548 desertas
1435 4493 1695 4548 reddebat
1718 4494 1885 4548 eccle-

1991 4501 2292 4557 ὑπεύθυνον
2341 4499 2548 4562 αἰτίαις
2597 4499 2725 4553 ὄντα
2773 4501 2869 4552 καὶ
2911 4499 3105 4572 ἐχθρὸν
3152 4502 3248 4554 καὶ
3286 4503 3573 4574 πολέμιον.

305 4587 462 4642 'sias:
502 4586 776 4656 quomodo
805 4584 851 4641 is
889 4586 1014 4657 jure
1061 4585 1302 4656 potuerit
1353 4587 1650 4641 ascendere
1697 4587 1882 4641 sedem

303 4679 523 4750 iudicis,
555 4694 676 4748 qua:
715 4677 782 4732 ad
809 4693 934 4732 eum
964 4677 1186 4733 minime
1213 4678 1490 4748 pertinet?
1519 4677 1706 4748 Neque
1736 4681 1882 4732 enim

305 4779 424 4826 erat
460 4779 915 4838 consentaneum,
978 4779 1038 4825 ut
1089 4771 1181 4841 qui
1228 4786 1292 4826 ex
1331 4769 1563 4841 Egypto
1601 4778 1719 4825 erat
1755 4785 1883 4840 pro-

306 4863 502 4925 fectus,
536 4871 682 4918 esset
713 4863 880 4933 judex
926 4863 1013 4927 iis,
1067 4864 1160 4933 qui
1213 4873 1370 4918 erant
1434 4864 1488 4916 in
1542 4861 1796 4928 Thracia,
1835 4871 1890 4918 et

306 4957 399 5025 qui
441 4956 554 5025 ipse
577 4965 692 5010 erat
721 4970 846 5010 reus
870 4954 1150 5024 hostisque
1177 4965 1231 5009 et
1252 4955 1530 5009 inimicus.
1561 4952 1670 5008 Sed
1707 4962 1889 5008 tamen

306 5047 445 5104 nihil
483 5049 692 5102 'horum
752 5047 1041 5113 reveritus,
1098 5045 1193 5101 sed
1246 5045 1475 5115 implere
1513 5046 1740 5100 studens
1799 5061 1885 5112 ea,

307 5156 429 5213 quae
455 5149 741 5207 statuerat,
798 5156 921 5196 eum
969 5154 1072 5194 nos
1127 5139 1585 5211 significasscmus
1647 5153 1767 5195 esse
1791 5154 1889 5209 pa-

309 5242 458 5290 ratos
497 5234 707 5290 diluere
734 5235 964 5290 crimina
989 5235 1073 5290 vel
1101 5234 1247 5288 mille
1285 5243 1340 5289 et
1381 5243 1598 5290 centum
1651 5249 1890 5304 praesen-

308 5325 454 5383 tibus
482 5327 776 5399 episcopis,
803 5336 859 5382 et
889 5343 990 5385 nos
1019 5345 1186 5400 puros
1233 5341 1356 5385 esse
1405 5330 1718 5399 ostendere,
1747 5329 1890 5386 sicut

377 5490 425 5528 ³³
449 5492 570 5549 Act.
614 5509 726 5558 xlv,
756 5491 850 5548 21.

379 5651 490 5722 (32)
522 5649 774 5725 Synodus
826 5665 974 5725 anno
997 5651 1104 5706 405
1127 5668 1156 5725 a
1189 5651 1438 5725 Theoph.
1473 5664 1833 5725 congregatur
1865 5671 1882 5720 ;

308 5723 374 5778 ad
403 5721 795 5795 quam'cit-atur
817 5721 1054 5795 Joannes
1078 5723 1273 5794 Chrys.
1317 5721 1390 5778 lie
1434 5725 1533 5777 hac
1568 5721 1776 5795 synodo
1817 5727 1883 5778 ad

310 5797 582 5862 Quercum
628 5793 833 5864 habita,
862 5792 986 5854 vide
1036 5803 1165 5850 tom.
1192 5792 1224 5849 ‘l
1257 5795 1410 5851 Cone.
1440 5812 1558 5865 gen.
1593 5792 1694 5850 Sub
1718 5797 1884 5850 luno-

2002 4592 2141 4647 Ἀλλ’
2169 4594 2317 4662 ὅμως
2347 4591 2500 4644 ούδέν
2551 4590 2757 4644 τούτων
2796 4591 3096 4660 αἰδεσθεὶς,
3144 4594 3260 4648 ἀλλ’
3300 4595 3445 4666 ἇπερ
3476 4596 3578 4666 βε-

1992 4684 2282 4750 ϐούλευτο,
2331 4683 2618 4755 πληρῶσαι
2663 4685 3158 4754 κατεπειγόμενος,
3205 4686 3361 4756 ἡμῶν
3397 4688 3580 4758 δηλω-

1992 4777 2200 4832 σάντων
2223 4777 2304 4829 ὅτι
2337 4775 2546 4845 ἕτοιμοι
2575 4775 2668 4827 καὶ
2695 4776 2892 4829 ἐκατὺν
2916 4778 3010 4830 καὶ
3038 4777 3224 4848 χιλίων
3253 4781 3580 4833 ἐπισκόπων

1987 4867 2274 4939 παρόντων
2329 4866 2705 4921 ἀποδύσασθαι
2761 4867 2832 4920 τὰ.
2878 4867 3209 4941 ἐγκλήματα
3253 4873 3346 4924 καὶ
3395 4871 3577 4940 δεῖξαι

1985 4960 2260 5030 καθαροὺς
2290 4959 2449 5022 ὄντας
2473 4959 2719 5026 ἑαυτοὺς,
2750 4960 2942 5030 ὥσπερ
2972 4960 3065 5014 οῦν
3111 4963 3207 5016 καὶ
3248 4964 3436 5034 ἐσμὲν,
3469 4966 3579 5020 οὐκ

1987 5053 2265 5124 ἠνέσχετο,
2321 5051 2438 5105 ἀλλ’
2479 5054 2730 5106 ἀπόντων
2766 5053 2926 5123 ἡμῶν
2969 5053 3064 5106 καὶ
3110 5053 3326 5108 σύνοδον
3373 5058 3582 5109 ἐπικα-

1987 5148 2078 5200 λου
2089 5144 2399 5216 μένων,καὶ
2419 5145 2598 5218 κρίσιν
2621 5145 3044 5216 ἐπιζητούντων,
3071 5147 3163 5199 καὶ
3183 5147 3283 5200 οὐκ
3306 5147 3580 5216 ἀκρόασιν

1988 5239 2319 5309 φευγόντων,
2352 5239 2467 5292 ἀλλ’
2497 5239 2796 5310 ἀπέχθειαν
2819 5239 3194 5311 φανερὰν,καὶ
3223 5239 3579 5310 κατηγόρους

1992 5331 2234 5405 ἐδέχετο,
2269 5331 2366 5387 καὶ
2409 5333 2537 5398 τοὺς
2575 5331 2708 5404 παρ’
2743 5330 2878 5404 ἐμοῦ
2913 5332 3238 5402 γενομένους
3267 5333 3579 5404 ἀκοινωνη-

1993 5665 2138 5712 cent.
2179 5655 2224 5712 1.

2066 5728 2181 5802 (ξό)
2217 5729 2289 5802 Egi
2321 5725 2548 5802 epistola
2572 5727 2855 5802 Chrys._ad
2895 5729 3272 5786 Innocentium
3305 5727 3531 5798 Papam.

2068 5800 2178 5869 (δέ)
2213 5798 2295 5855 Al.
2329 5798 2664 5870 Lupicinum.
