3834 6488
283 443 421 509 1169

1269 443 1439 506 VlTA
1487 442 1544 501 S.
1589 441 1909 502 JOANNIS
1945 442 2502 503 CllRYSOSTOMI.

3391 437 3526 502 117)

274 577 397 624 τους
425 559 579 612 ἔλυσε
636 558 732 612 καὶ
787 556 915 629 παρῗ
965 555 1146 609 αὐτῶν
1177 555 1401 608 ἐκείνων
1453 553 1560 606 τῶν
1592 553 1745 628 olim
1777 553 1842 607 τὰ

1962 569 2093 608 ωηο
2117 570 2326 619 sumus,
2361 570 2469 609 non
2518 567 2710 624 passus
2736 561 2860 608 est:
2898 553 2990 607 sed
3026 550 3183 606 nobis
3212 548 3533 604 absentibus

273 652 598 722 ἐγκλήματα
654 649 1064 720 διαλυσαμένων
1110 649 1387 710 λιϐέλλους
1418 646 1722 716 ἐλάμϐανε,
1755 647 1848 700 καὶ

276 743 650 813 ὑπομνήματα
688 741 955 814 ἔπραττεν
977 780 991 804 ,
1024 741 1167 810 ἅπερ
1199 740 1379 794 πάντα
1425 738 1574 808 παρὰ
1608 737 1850 791 κανόνων

275 833 598 887 ἀκολουθίαν
631 829 718 904 ἦν.
742 832 904 885 Ἀλλὰ
939 832 1107 885 ταῦτα
1142 832 1242 902 μὲν
1270 831 1366 885 καὶ
1388 829 1456 886 τὰ
1485 830 1612 900 ἑξῆς
1641 830 1673 901 ἡ
1711 829 1848 900 καλὴ

274 924 498 990 διέξεισι
525 909 779 994 γλῶττα,
799 925 894 979 καὶ
921 924 1071 994 παρὰ
1099 923 1256 977 τοῦτο
1276 925 1336 978 ού
1361 923 1440 977 δεῖ
1467 922 1646 991 λέγειν
1679 924 1846 992 ἡμᾶς,

277 1017 453 1086 παρὸν
476 1001 693 1086 ἐκείνης
721 1013 964 1082 ἀκούειν.
1001 1012 1469 1082 Ἀπαγγελθείσης
1499 1011 1554 1065 δέ
1580 1013 1692 1074 τοῖς
1723 1011 1850 1079 περὶ

275 1109 537 1178 Θεόφιλον
587 1111 688 1182 τῆς
738 1108 1056 1177 ἀπολογίας,
1108 1108 1262 1161 αὐτοὶ
1303 1105 1399 1178 τὴν
1431 1106 1688 1176 ἀλήθειαν
1742 1105 1850 1158 τῶν

273 1201 582 1269 εἰρημένων
603 1201 702 1253 ούκ
739 1202 1076 1268 ἐνεγκόντες,
1103 1193 1224 1252 εἶτα
1259 1197 1402 1252 κατὰ
1436 1195 1543 1252 τῶν
1573 1196 1849 1251 ἀπεσταλ-

279 1293 458 1361 μένων
513 1292 614 1364 τὴν
655 1291 826 1363 ὀργὴν
863 1293 1103 1357 ἐκένουν,
1163 1291 1259 1345 καὶ
1302 1290 1589 1360 λαϐόμενοι
1647 1288 1850 1343 τούτων

274 1380 478 1451 ἔτυψάν
505 1400 563 1435 τε
613 1383 706 1438 καὶ
752 1383 986 1454 χιτῶνας
1034 1382 1212 1436 αὐτῶν
1249 1381 1580 1452 διέρρηξανο
1627 1379 1762 1451 πρὸς
1793 1379 1850 1434 δέ

277 1475 372 1526 καὶ
415 1475 654 1546 σιδήροις
708 1475 827 1539 ἐνὸς
875 1475 966 1529 τὸν
999 1475 1269 1546 τράχηλον
1306 1473 1653 1544 περιέϐαλον,
1706 1473 1851 1544 ἅπερ

277 1565 468 1637 ἔτυχον
491 1569 612 1620 τότε
634 1567 710 1638 τῷ
737 1568 1050 1640 πατριάρχη
1075 1568 1612 1638 παρασκευάσαντες.
1639 1566 1711 1618 Οὐ
1745 1564 1850 1636 μὴν

279 1659 410 1712 ἀλλὰ
446 1661 540 1714 καὶ
594 1660 689 1714 τοῦ
739 1660 975 1730 πονηροῦ
1006 1659 1178 1729 ταύτῃ
1211 1659 1485 1722 διαθέντος
1535 1660 1714 1712 αὐτῶν
1753 1659 1851 1731 τὴν

277 1752 528 1822 καρδίαν,
586 1754 680 1805 καὶ
733 1753 946 1822 φυγάδα
991 1751 1178 1805 τοῦτον
1213 1754 1270 1804 ἐν
1300 1753 1498 1824 ἀφανεῖ
1549 1750 1850 1805 καθιστῶσι

276 1845 455 1912 τόπῳ,
491 1844 556 1897 τὰ
615 1843 810 1914 σίδηρα
864 1845 1021 1897 ταυτὶ
1075 1843 1560 1915 περιϐεϐλημένον.
1608 1842 1848 1896 Ἐκείνου

1955 654 2010 700 et
2036 646 2299 717 synodum
2326 645 2728 713 invocantibus,
2748 653 2806 700 et
2823 645 3087 716 judicium
3111 642 3533 714 requirentibus,

1954 747 2010 789 et
2047 751 2153 789 non
2185 736 2519 792 auditionem
2557 737 2915 810 fugientibus,
2958 736 3067 792 sed'
3096 743 3314 806 apertas
3349 734 3534 789 inimi-

1956 828 2133 892 citias,
2168 829 2390 883 admisit
2427 839 2797 894 accusatores,
2845 839 2900 884 et
2944 843 3038 883 eos
3082 827 3176 898 qui
3217 841 3537 881 excommu-

1955 920 2118 973 nicati
2148 935 2176 972 a
2208 933 2297 974 me
2348 919 2587 986 fuerant,
2621 921 2876 987 absolvit,
2909 929 2963 976 et
2989 919 3058 973 ab
3108 919 3174 974 iis
3237 919 3393 990 ipsis,
3444 919 3535 988 qui

1955 1009 2199 1064 nondum
2254 1010 2483 1064 crimina
2555 1011 2849 1075 diluerant,
2907 1010 3118 1081 accepit
3184 1010 3418 1074 libellos,
3481 1020 3538 1064 et

1957 1104 2134 1174 exegit
2199 1105 2668 1160 commentarios:
2721 1122 2842 1175 quae
2893 1104 3111 1175 quidem
3161 1113 3319 1159 erant
3354 1103 3538 1158 omnia

1958 1208 2155 1268 przeter
2177 1212 2446 1252 canonum
2475 1198 2940 1268 consequentiam.
2973 1197 3080 1253 Sed
3135 1198 3252 1254 haec
3296 1197 3537 1270 quidem,

1956 1297 2012 1342 et
2040 1303 2160 1358 quae
2189 1287 2449 1358 deinceps
2479 1299 2801 1359 sequuntur.
2849 1289 3064 1360 egregia
3108 1287 3202 1343 illa
3242 1289 3425 1360 lingua
3453 1305 3542 1344 re-

1957 1389 2180 1434 censet:
2223 1389 2279 1434 et
2318 1379 2442 1434 ideo
2465 1396 2575 1434 non
2604 1396 2742 1451 opus
2771 1389 2875 1446 est,
2918 1389 2978 1435 ut
3023 1396 3086 1434 ea
3127 1397 3228 1436 nos
3273 1381 3538 1447 dicamus,

1957 1487 2080 1525 cum
2110 1471 2254 1526 illam
2285 1471 2476 1526 audire
2522 1472 2701 1528 liceat.
2736 1471 2937 1528 Verum
2971 1475 3115 1527 enim
3159 1487 3290 1528 vero
3335 1489 3542 1528 renun-

1959 1563 2090 1618 tiata
2143 1563 2468 1620 defensione
2531 1565 2623 1631 iis,
2678 1565 2770 1636 qui
2820 1575 2978 1621 erant
3039 1580 3163 1621 cum
3213 1565 3539 1636 TlteOphilo.

1959 1655 2063 1726 ipsi
2089 1673 2197 1711 non
2223 1658 2460 1714 ferentes
2483 1658 2765 1714 veritatem
2799 1673 3014 1724 eorum,
3039 1673 3160 1727 quae
3191 1657 3541 1721 dicebantur,

1962 1750 2257 1820 (quomodo
2301 1751 2469 1815 enim,
2503 1751 2596 1821 qui
2647 1767 2796 1822 spem
2829 1761 3125 1822 posuerant
3169 1749 3547 1814 mendacium,

1959 1850 2019 1895 ut
2055 1841 2131 1896 ait
2159 1841 2355 1896 beatus
2387 1841 2556 1898 Isaias
2582 1844 2648 1906 ³⁸,
2683 1850 2738 1897 et
2785 1843 3171 1913 exspectabant
3221 1843 3355 1911 fore,
3389 1852 3448 1897 ut
3475 1859 3540 1900 eo

277 1935 588 2005 τοιγαροῦν,
615 1935 690 1999 ὼς
731 1935 1078 2006 προείρηται,
1113 1935 1310 1998 αὐτοὺς
1353 1935 1473 2004 μὲν,
1500 1935 1594 1989 ἆτε
1629 1935 1854 2007 ἐχθροὺς

1962 1941 2271 2004 tegerentur
2292 1934 2335 2005 ἲ)
2396 1935 2534 1990 iram
2594 1934 2910 1990 cﬂ‘uderunt
2968 1936 3023 1990 in
3082 1951 3201 2001 eos,
3254 1935 3344 2005 qui
3385 1937 3538 1992 missi

279 2029 474 2096 σαφεῖς
519 2025 682 2090 ὄντας
719 2024 1181 2095 παραιτουμένου,
1215 2024 1433 2080 σύνοδον
1473 2026 1528 2103 δὲ
1564 2027 1854 2088 κανονικὴν

277 2118 733 2189 ἐπικαλουμένου,
751 2119 802 2172 oi
821 2120 1004 2187 ταχεῖς
1026 2108 1167 2186 αἷμα
1191 2118 1404 2188 ἐκχέαι,
1425 2119 1519 2171 καὶ
1552 2117 1626 2189 μὴ
1651 2119 1850 2188 παρόν·

277 2227 368 2273 τος
390 2209 525 2280 μηδέ
548 2209 606 2262 τὸ
625 2210 890 2280 παράπαν
910 2225 960 2262 τι
988 2207 1427 2280 ἀπολογουμένου
1453 2209 1858 2280 καταψηφίζον-

275 2321 390 2370 ται,
413 2303 590 2373 σαθρά
612 2319 732 2355 τινα
748 2302 890 2369 λίαν,
908 2302 1004 2356 τοῦ
1023 2303 1317 2372 ἀγγελικοῦ
1343 2303 1696 2365 κατειπόντες
1717 2303 1854 2374 βίου,

279 2391 567 2458 παίζουσιν
595 2395 839 2458 ἐοικότες
867 2393 1120 2466 μᾶλλονῆ
1152 2393 1537 2461 σπουδάζουσι,
1559 2396 1653 2450 καὶ
1675 2397 1772 2465 τὴν
1800 2396 1856 2448 ἐν

281 2485 481 2559 μακρῷ
508 2487 684 2558 χρόνῳ
712 2486 1200 2558 διαμελετηθεῖσαν
1229 2487 1430 2541 κακίαν
1461 2488 1518 2540 ἐν
1548 2488 1648 2558 μιᾷ
1675 2487 1860 2560 ἡμέρᾳ

281 2579 596 2633 συντελέσαι
622 2579 980 2642 σπεύσαντες.
1009 2579 1194 2634 Δειλὸν
1221 2580 1330 2652 γάρ
1363 2597 1414 2632 τι
1447 2579 1508 2632 τὸ
1536 2579 1728 2648 ψεῦδος
1766 2581 1859 2633 καλ⁴

278 2670 466 2734 δεινῶς
484 2671 778 2740 εύπτόητον
799 2685 813 2700 ·
837 2671 1030 2740 ἀμέλει
1054 2670 1150 2722 καί⁹
1173 2662 1270 2740 τὴν
1294 2671 1490 2739 πρᾶξιν
1513 2669 1859 2740 ἐπιταχύνειν

278 2761 411 2830 οἶδε,
427 2763 624 2832 φεῦγον
641 2763 730 2815 τὸν
761 2758 1153 2833 ἐλεγχον.Εῐτα
1177 2762 1510 2833 σκεψάμενοι
1535 2763 1628 2817 καὶ
1656 2765 1748 2817 τὸν
1767 2764 1860 2835 βα·-

283 2858 434 2910 σιλέα
461 2860 757 2929 συνήγορον
785 2858 882 2928 τῆς
917 2857 1102 2929 ψήφου
1124 2857 1485 2922 λαϐεῖν,ῶστε
1515 2859 1859 2929 ἰσχυρότερον

283 2947 455 3002 θεῖναι
476 2948 535 3003 τὸ
569 2948 1029 3020 σπουδαζόμενον,
1062 2948 1334 3010 συλλαϐὰς
1368 2948 1515 3019 αύτῷ
1549 2949 1861 3019 πέμπουσιν

280 3041 456 3105 οὕτως
488 3041 744 3112 ἐχούσαςο
777 3041 1004 3113 Ἐπειδὴ
1034 3041 1435 3114 κατηγορηθεὶς
1476 3041 1727 3112 Ἰωάννης
1766 3043 1862 3096 καὶ

287 3131 465 3201 ἐαυτῷ
489 3131 700 3202 χαλεπὰ
737 3131 994 3196 συνειδὼς
1019 3132 1156 3186 ἄλλα
1183 3151 1239 3186 τε
1270 3132 1519 3199 πλεῖστα,
1547 3134 1638 3186 καὶ
1664 3133 1745 3187 ὅτι
1766 3134 1861 3186 καὶ

285 3225 665 3290 καθοσιώσεως
711 3225 861 3297 αἰτίᾳ
912 3225 1197 3280 ὑπόκειται
1234 3226 1586 3300 (καθοσίωσιν
1618 3228 1675 3282 δέ
1709 3227 1856 3283 ἄντι-

284 3334 420 3388 κρυς
453 3317 552 3388 τὴν
579 3317 717 3388 πρὸς
745 3319 844 3388 τὴν
873 3317 1123 3388 βασιλίδα
1148 3319 1412 3392 διαφορὰν
1435 3321 1736 3392 ὠνόμαζον)
1760 3321 1860 3376 οὐκ

283 3409 516 3481 ἠθέλησε
566 3410 703 3482 πρὸς
755 3411 853 3481 τὴν
912 3410 1130 3467 σύνοδον
1166 3412 1496 3483 ἀπαντῆσαι,
1555 3413 1642 3467 διὰ
1687 3411 1860 3467 ταῦτα

288 3501 418 3569 γοῦν
447 3502 543 3556 καὶ
573 3504 714 3557 κατὰ
743 3504 941 3557 κανόνα
980 3504 1080 3576 ἤδη
1111 3503 1387 3578 καθῃρέθη
1406 3520 1422 3536 ο
1455 3505 1550 3558 καὶ
1585 3505 1646 3558 τὸ
1675 3503 1859 3558 λειπό-

291 3610 451 3665 μενον
478 3595 630 3650 οὐδὲν
664 3595 870 3668 ἕτερον,
897 3597 928 3667 ἦ
956 3595 1247 3668 ἐπιτρέψαι
1277 3596 1336 3650 τὸ
1367 3597 1629 3668 ὑμέτερον
1659 3601 1860 3666 κράτος

287 3686 383 3739 καὶ
415 3685 618 3740 ἄκοντα
659 3687 848 3740 τοῦτον
878 3689 957 3752 είς
1016 3687 1117 3758 τὴν
1166 3689 1464 3759 ὑπερορίαν
1497 3688 1857 3760 ἀπελαθῆναι.

290 3779 475 3834 Ταῦτα
528 3781 636 3834 τῶν
669 3780 852 3833 καλῶν
900 3781 1130 3852 ἱερέων,
1194 3783 1289 3835 καὶ
1345 3780 1586 3853 βραδέων
1642 3781 1741 3852 μὲν
1781 3782 1862 3846 είς

286 3873 457 3944 ὀργὴν
491 3874 818 3941 ὀφειλόντων
852 3868 1014 3940 εἶναι,
1051 3873 1261 3943 ταχέων
1287 3873 1343 3926 δὲ
1383 3876 1462 3938 είς
1496 3875 1859 3946 χρηστότητα,

289 3960 364 4019 ὦν
395 3966 446 4018 οῑ
494 3965 706 4029 ὀδόντες
750 3964 911 4029 ὅπλα,
946 3965 1039 4019 καὶ
1075 3964 1227 4036 βέλη,
1257 3966 1352 4018 καὶ
1384 3965 1418 4036 ἡ
1447 3965 1688 4034 γλῶσσα,
1718 3967 1863 4021 κατὰ

288 4057 349 4109 τὸ
377 4059 519 4112 θεῖον
557 4058 730 4111 εἰπεῖν
754 4057 958 4126 λόγιον,
1000 4056 1246 4129 μάχαιρα
1281 4056 1448 4122 ὀξεῖα.
1481 4054 1612 4112 Εἶτα
1647 4059 1862 4131 ἐπιτρέο

288 4150 491 4218 ψαντος
515 4149 802 4221 ’Λρκαδίου
830 4148 1212 4219 (πεπιστεύκει
1246 4150 1357 4221 γὰρ
1382 4149 1456 4214 ὡς
1489 4151 1725 4222 ἱερεῦσιν
1760 4155 1860 4206 αύο

288 4243 424 4307 τοῖς,
462 4241 675 4310 ἀγνοῶν
718 4241 800 4309 ὅτι
839 4241 905 4293 τὰ
961 4240 1146 4312 κρυφῆ
1181 4239 1276 4294 καὶ
1319 4242 1464 4296 κατὰ
1491 4244 1726 4298 διάνοιαν
1765 4245 1864 4316 οὐχ

292 4331 555 4402 ἱερεῦσιν,
596 4330 735 4385 ἀλλὰ
779 4330 1073 4403 ἱεροσύλοις
1109 4331 1310 4404 μᾶλλον
1345 4334 1583 4398 ἐοικότες
1623 4335 1774 4406 εἰσὶ),
1809 4337 1862 4390 τί

293 4424 532 4491 γίνεται;
569 4425 812 4478 Κινεῖται
847 4423 944 4494 μὲν
976 4424 1121 4489 ἅπας
1146 4426 1175 4479 ὁ
1199 4424 1392 4496 δῆμος,
1425 4426 1520 4480 καὶ
1553 4428 1633 4492 είς
1661 4427 1863 4499 πολλὴν

290 4516 506 4588 ἁθρόως
543 4517 733 4571 στάσιν
769 4517 1099 4572 ἀνάπτεταιο
1130 4519 1224 4571 καὶ
1253 4517 1412 4572 τοῦτο
1445 4519 1546 4588 μὲν
1575 4519 1670 4574 τοῦ
1712 4520 1864 4591 βασιο

1957 2025 2176 2080 fuerant
2211 2045 2223 2080 :
2267 2041 2473 2098 eosque
2517 2027 2918 2098 apprehensos}
2944 2027 3298 2083 vehementer
3342 2029 3537 2084 verbe-

1957 2129 2168 2186 rarunt,
2202 2129 2258 2174 et
2283 2136 2472 2176 eorum
2509 2121 2723 2175 tunicas
2767 2121 3123 2192 disruperunt
3153 2137 3166 2174 :
3208 2122 3338 2191 quin
3369 2121 3539 2177 etiam

1956 2212 2122 2281 ferro,
2174 2214 2319 2285 quod
2349 2223 2477 2269 tunc
2521 2222 2780 2286 pararunt
2809 2215 2862 2268 iu
2897 2214 3283 2285 patriarcliam,
3336 2213 3539 2270 collum

1956 2306 2122 2364 unius
2174 2307 2650 2362 circumdederunt
2688 2324 2702 2361 :
2739 2307 2870 2376 quin
2897 2306 3059 2361 etiam
3106 2322 3228 2361 cum
3272 2307 3541 2379 malignus

1957 2415 2148 2454 eorum
2175 2401 2336 2456 corda
2361 2401 2440 2456 sic
2463 2399 2755 2464 aﬂ'ecisset,
2786 2415 2911 2454 eum
2934 2399 3156 2456 mittunt
3184 2400 3236 2454 in
3266 2399 3542 2466 exsilium,

1959 2492 2013 2546 in
2050 2493 2341 2564 quemdam
2369 2494 2551 2548 locum
2606 2493 2900 2548 obscurum
2942 2501 2996 2547 et
3039 2492 3338 2558 occultum,
3391 2492 3540 2549 ferro

1958 2585 2038 2640 sic
2091 2583 2514 2638 circumdatum.
2569 2583 2666 2637 Illo
2725 2597 2855 2654 ergo
2895 2597 3013 2648 eos,
3047 2590 3106 2636 ut
3139 2582 3397 2648 diximus,
3449 2597 3542 2638 re-

1957 2687 2208 2742 cusante,
2239 2684 2493 2745 tanquam
2534 2683 2754 2744 apertos
2791 2673 3062 2737 inimicos,
3085 2675 3408 2728 canonicum
3440 2689 3539 2728 au-

1963 2779 2069 2824 lem
2122 2769 2411 2822 invocante
2465 2767 2795 2833 concilium,
2849 2767 2941 2837 qui
2998 2775 3155 2822 erant
3209 2767 3423 2823 veloces
3475 2768 3554 2822 ad.

1959 2860 2351 2916 eﬂ‘undendum
2384 2859 2726 2931 sanguinem,
2756 2859 2918 2914 etiam
2949 2875 3060 2913 non
3099 2867 3419 2927 praesentem
3448 2867 3555 2915 aut:

1960 2953 2162 3024 aliquid
2199 2953 2618 3023 respondentem
2677 2951 3067 3015 condemnant,
3116 2966 3240 3007 cum
3272 2951 3544 3007 imbecilla

1960 3047 2204 3118 quaedam
2238 3047 2521 3101 maledicta
2552 3046 2607 3100 in
2659 3045 2821 3101 vitam
2873 3045 3279 3117 congessissent
3334 3045 3543 3117 angeli-

1961 3153 2102 3203 eam,
2141 3137 2241 3194 visi
2279 3138 2462 3209 potius
2501 3136 2711 3202 ludere,
2744 3151 2907 3208 quam
2943 3135 3088 3192 serio
3115 3151 3297 3208 agere,
3334 3145 3388 3192 et
3422 3150 3544 3206 quae

1966 3232 2395 3302 longotcmpore
2426 3230 2694 3286 instructa
2736 3239 2792 3286 et
2843 3229 3095 3285 ordinata
3144 3229 3342 3297 fuerat,
3389 3229 3544 3294 mali:

1968 3324 2096 3379 tiam
2155 3339 2263 3378 uno
2315 3324 2402 3379 die
2455 3332 2661 3378 temere
2695 3323 2977 3379 studentes
3013 3321 3260 3384 effectam
3296 3322 3544 3380 reddere.

1962 3415 2072 3472 Res
2137 3425 2220 3472 est
2271 3415 2418 3471 cnim
2467 3415 2654 3471 timida
2693 3414 3059 3480 mendacium,
3106 3423 3162 3470 et
3215 3431 3337 3485 qua:
3388 3415 3546 3472 facile

1961 3519 2143 3582 potest
2197 3509 2428 3564 terreri:
2487 3516 2542 3564 et
2607 3509 2729 3564 ideo
2793 3509 3070 3564 actionum
3133 3508 3558 3564 exsecutionem

1964 3602 2112 3658 novit
2142 3602 2466 3668 accelerare,
2512 3601 2726 3674 fugiens
2767 3601 3013 3667 omnino,
3064 3615 3135 3656 ne
3165 3600 3542 3657 convincatur.

1965 3697 2170 3753 Deinde
2194 3711 2316 3752 cum
2348 3697 2790 3754 considerasscnt
2843 3696 2961 3751 fore
3003 3696 3105 3752 sibi
3144 3695 3296 3759 utile,
3342 3695 3389 3750 si
3442 3695 3547 3750 ba-

1964 3789 2158 3844 berent
2223 3789 2614 3859 imperatorem
2667 3805 2780 3845 suae
2831 3787 3176 3844 defensorem
3235 3787 3544 3855 sententias,

1965 3890 2025 3936 ut
2077 3882 2222 3952 quod
2278 3883 2530 3958 improbe
2583 3882 2877 3947 faciebant,
2934 3882 3236 3938 redderent
3294 3881 3547 3948 validius,

1965 3974 2032 4030 ad
2081 3990 2206 4030 eum
2239 3975 2461 4029 mittunt
2501 3975 2708 4031 litteras
2729 3975 2782 4030 in
2821 3977 2962 4030 hanc
2993 3972 3317 4031 sententiam
3348 3989 3362 4026 ε
3400 3970 3548 4038 Quo-

1965 4069 2110 4122 niam
2146 4077 2432 4125 accusatus
2473 4069 2732 4136 Joannes,
2768 4080 2822 4124 et
2858 4069 2959 4124 sibi
2997 4083 3120 4124 cum
3157 4067 3387 4122 aliorum
3425 4064 3546 4136 plu-

1967 4161 2231 4217 rimorum
2263 4165 2534 4229 conscius,
2568 4172 2683 4218 tum
2729 4163 2912 4226 etiam,
2941 4162 3086 4232 quod
3139 4161 3211 4216 sit
3251 4174 3378 4216 reus
3405 4159 3574 4214 ἰαππ-

1966 4255 2267 4326 majestatis
2311 4256 2495 4310 laesam
2558 4255 2716 4325 plane
2763 4255 3104 4324 maiestatem
3177 4251 3550 4313 nominantes,

1966 4366 2086 4420 qua:
2124 4350 2174 4404 ei
2207 4364 2331 4404 cum
2357 4346 2701 4417 impcratricc
2729 4346 2904 4401 fuerat
2931 4343 3404 4414 controversiam),
3434 4359 3554 4397 non

1966 4441 2144 4514 potuit
2191 4439 2292 4495 sibi
2357 4438 2707 4509 persuadere,
2741 4445 2799 4491 ut
2862 4437 3070 4492 veniret
3117 4436 3186 4491 ad
3233 4435 3544 4507 synodum;

1965 4541 2253 4605 prepterea
2301 4530 2344 4584 si
2375 4518 2565 4584 exacte
2592 4529 3013 4585 considerentur
3043 4525 3441 4596 canones,'jam
3465 4535 3553 4579 est

289 4610 428 4672 λέως
467 4609 732 4680 καταϐοᾷ,
772 4608 932 4662 τοῦτο
977 4610 1033 4663 δὲ
1080 4610 1175 4664 καὶ
1222 4609 1482 4680 Θεοφίλου
1520 4612 1719 4682 μᾶλλον
1765 4613 1858 4684 τὴν

1971 4625 2270 4696 depositus,
2297 4621 2433 4676 nihil
2461 4633 2650 4688 restat,
2684 4621 2788 4677 nisi
2823 4631 2882 4677 ut
2921 4630 3099 4677 vestra
3130 4621 3322 4690 jubeat
3353 4627 3547 4689 poten-

291 4701 494 4756 κακίαν
522 4700 756 4772 ἐλέγχει.
793 4700 983 4755 Πολλοὶ
1012 4700 1123 4773 γὰρ
1166 4703 1260 4756 καὶ
1287 4702 1395 4756 τῶν
1427 4703 1564 4768 τέως
1607 4703 1864 4776 ἀπεχθῶς

290 4794 525 4863 ἐχόντων
575 4793 991 4865 μεταϐαλόντες,
1031 4795 1209 4866 μάτην
1257 4795 1440 4864 ἔλεγον
1477 4797 1865 4868 διαϐεϐλῆσθαι

291 4889 383 4939 τον
412 4885 588 4956 ἅγιον,
623 4887 875 4958 μάρτυρα
898 4886 1107 4958 ἀψευδῆ
1135 4891 1198 4940 τὸ
1230 4889 1466 4952 συνειδὸς
1499 4889 1738 4960 ἔχοντες,
1768 4891 1865 4946 καὶ

291 4979 393 5049 τὴν
435 4979 658 5050 ἔκδηλον
698 4979 794 5034 καὶ
837 4979 1077 5052 φανερὰν
1123 4979 1536 5052 δυσωπηθέντες
1585 4981 1861 5054 ἀλήθειαν.

258 5080 261 5082 ’
295 5073 461 5136 Τέλος
487 5073 844 5144 ἰσχυροτέρας
885 5071 1185 5143 γενομένης
1215 5074 1313 5144 τῆς
1343 5074 1627 5145 πονηρίας,
1667 5073 1866 5143 μᾶλλον

291 5164 349 5218 δὲ
387 5163 479 5216 τοῦ
513 5164 671 5232 ἁγίου
703 5162 862 5217 τοῦτο
889 5163 1232 5235 θελήσαντος,
1270 5163 1355 5218 ἵνα
1393 5165 1466 5236 μή
1503 5182 1588 5230 τις
1625 5167 1718 5218 καὶ
1741 5167 1865 5220 τολ-

299 5253 448 5326 μηθῇ
475 5254 739 5319 κίνδυνος,
771 5253 964 5326 ῶσπερ
985 5253 1137 5325 φίλον
1181 5255 1240 5308 ἐν
1278 5258 1396 5320 ταῖς
1427 5257 1702 5321 τοιαύταις
1735 5259 1864 5313 στα·

295 5348 584 5418 σεσι,πρὸ;
616 5348 856 5418 ἐσπέραν
871 5348 970 5420 ἤδη
1005 5346 1223 5418 βαθεῖαν
1252 5348 1596 5418 ἐκϐάλλεται,
1619 5351 1866 5424 καθάπερ

294 5441 353 5492 ἐν
384 5442 450 5510 τῇ
500 5440 636 5511 αὐτῇ
688 5440 852 5517 πάλιν
898 5439 1034 5511 πρὸς
1084 5440 1430 5494 ἰννοκέντιον
1477 5443 1733 5517 ἐπιστολῇ
1769 5448 1867 5516 τῆς

291 5531 500 5603 χρυσῆς
532 5533 779 5602 γλώττης
811 5531 1032 5586 ἀκούειν
1055 5524 1265 5595 ἔξεστίν
1295 5531 1438 5585 οὕτω
1467 5534 1733 5606 λεγούσης
1754 5553 1768 5570 ο
1799 5535 1866 5590 Τί

292 5625 401 5695 γὰρ
428 5624 510 5678 δεῖ
538 5627 708 5678 πολλὰ
739 5625 950 5694 λέγειν;
976 5625 1090 5678 Οὐκ
1125 5623 1336 5694 ἀπέστη
1369 5627 1546 5679 πάντα
1573 5629 1742 5682 ποιῶν
1772 5632 1868 5686 καὶ

293 5717 840 5790 ⁶πραγματευόμενος,
875 5718 978 5783 ἕως
1031 5718 1179 5788 ἡμᾶς
1227 5716 1363 5787 μετὰ
1415 5717 1732 5784 δυναστείας
1773 5725 1868 5779 καὶ

363 5899 410 5934 ⁸⁸
439 5897 540 5957 lsa.
575 5915 762 5974 xxv’tu,
811 5904 894 5960 13.
973 5905 1015 5937 ³⁷
1053 5887 1195 5960 Psa‘l.
1225 5918 1335 5970 ιγι,
1372 5903 1402 5956 5
1434 5921 1446 5970 ;
1484 5919 1664 5972 usu,
1699 5906 1785 5964 14.

1973 4719 2047 4773 tia
2080 4732 2203 4773 eum
2233 4716 2318 4772 vel
2347 4716 2578 4771 invitum
2605 4715 2746 4770 mitti
2800 4715 2852 4768 in
2914 4712 3187 4769 exsilium?
3245 4711 3372 4767 llaec
3421 4720 3550 4766 sunt

1975 4807 2312 4880 egregiorum
2355 4804 2568 4861 illorum
2594 4803 2962 4866 sacerdotum,
2994 4801 3086 4871 qui
3116 4798 3389 4854 debebant
3425 4796 3549 4866 qui-

1974 4899 2096 4955 dem
2134 4913 2256 4954 esse
2288 4897 2425 4954 tardi
2456 4897 2525 4952 ad
2559 4896 2696 4951 iram
2743 4894 3099 4957 incitandam,
3131 4905 3324 4964 urgere
3366 4897 3550 4945 autem

1974 4993 2039 5048 ad
2111 4991 2560 5063 benignitatem:
2617 4988 2816 5060 quibus
2880 4986 2956 5040 ira
3027 4984 3094 5039 ad
3141 4979 3553 5040 similitudinem

1975 5086 2269 5156 serpentis,
2309 5091 2364 5140 et
2388 5084 2570 5155 lingua
2597 5083 2810 5154 (rursus
2848 5079 2994 5134 enim
3036 5077 3319 5133 nobiscum
3360 5075 3554 5146 loqua-

1971 5187 2060 5232 tur
2093 5177 2316 5233 divinus
2354 5175 2528 5231 David
2570 5176 2637 5244 ³⁷)
2666 5173 2878 5246 gladius
2928 5179 3137 5227 acutus.
3189 5167 3396 5224 Deinde
3426 5180 3552 5220 cum

1966 5269 2221 5340 iussisset
2249 5267 2518 5324 Arcadius
2545 5265 2649 5338 (eis
2676 5267 2824 5321 enim
2865 5265 3125 5320 credebat
3173 5272 3431 5332 tanquam
3459 5273 3550 5313 sa-

1969 5363 2297 5428 cerdotibus,
2338 5360 2590 5416 nesciens
2620 5375 2714 5415 eos
2770 5360 2827 5414 in
2890 5357 3133 5414 interiori
3179 5354 3400 5412 homine
3438 5367 3552 5407 non

1969 5470 2090 5509 esse
2146 5453 2545 5524 sacerdotibus,
2577 5453 2670 5508 sed
2723 5453 2904 5524 potius
2955 5449 3232 5523 sacrilegis
3292 5445 3544 5516 similes),

1945 5544 2098 5614 'quid
2150 5545 2248 5599 lit?
2291 5543 2535 5599 Movetur
2585 5544 2808 5614 quidem
2848 5543 3136 5598 universus
3182 5539 3434 5610 populus,
3492 5545 3556 5592 ut

1969 5638 2060 5707 qui
2091 5637 2350 5692 sensisset
2380 5636 2454 5703 id,
2493 5638 2639 5708 quod
2685 5653 2792 5692 non
2826 5647 2942 5693 erat
2974 5634 3303 5700 faciendum,
3358 5641 3414 5686 et
3461 5645 3552 5683 re-

1974 5738 2136 5800 pente
2169 5729 2222 5784 in
2265 5716 2520 5801 magnam
2558 5728 2872 5785 accenditur
2913 5729 3235 5786 seditionem
3267 5747 3285 5785 :
3333 5733 3388 5780 et
3425 5739 3551 5793 par-
