3834 6544
287 419 422 485 1171
1369 436 1375 442 ·
1502 412 1787 475 MENSIS
1817 410 1882 472 Μ

1988 408 2277 472 JARIUS.
3409 403 3550 467 11⁵12

287 532 386 587 tim
443 529 663 602 quidem
739 528 1070 585 vociferatur
1127 528 1389 584 adversus
1449 527 1870 598 imperatorem,

1988 522 2257 588 ιύθεντιας
2290 523 2469 594 πάσης
2498 523 2597 595 τῆς
2630 542 2691 579 τε
2722 526 2927 590 πόλεως
2961 524 3053 580 καὶ
3084 524 3182 596 τῆς
3228 519 3556 591 Ἐκκλησιας

281 623 482 693 partim
531 631 715 678 autem
750 621 1040 693 TheOphili
1101 635 1317 693 quoque
1365 629 1422 676 et
1471 619 1641 676 multo
1698 616 1872 689 magis

1988 612 2204 681 ὲξεέδτιλιι
2226 631 2240 647 ⁸
2277 616 2373 671 καὶ
2404 616 2542 687 πρὸς
2567 618 2806 690 ἑσπέραν
2841 617 3063 690 βαθεῖαν
3091 615 3184 673 τοῦ
3208 616 3380 687 δήμου
3411 631 3554 667 παν-

283 712 463 785 arguit
521 712 954 790 improbitatem.
1008 712 1160 768 Multi
1211 712 1357 767 enim
1416 711 1579 767 etiam
1648 726 1717 765 ex
1782 708 1870 774 iis,

1988 707 2066 772 ιδς
2105 706 2529 777 έπισυρομένου,
2579 708 2872 780 ἑλκόμενος
2924 707 3029 762 ὑπὸ
3061 706 3157 761 τοῦ
3214 705 3555 776 Κουριόσσω

284 805 378 876 qui
406 814 566 860 erant
599 805 647 861 ei
691 805 916 870 infensi,
962 804 1071 876 jam
1133 804 1347 870 mutati,
1401 802 1657 859 dicebant
1704 799 1874 855 fuisse

1988 801 2074 872 τῆς
2101 802 2308 866 πόλεως
2338 803 2396 856 ἑν
2443 803 2584 875 μέσῃ
2615 806 2682 875 τῇ
2715 802 2891 871 πόλει,
2933 803 3028 857 καὶ
3070 801 3209 873 πρὸς
3240 799 3362 870 βίαν
3394 799 3561 868 συρό-

287 903 538 952 sanctum
586 903 796 950 temere
844 885 1184 962 accusatum,
1232 893 1613 963 incorruptum
1678 898 1870 946 testem

1988 909 2137 964 μενος
2187 894 2535 965 κατηγόμην,
2575 895 2667 949 καὶ
2691 897 2772 959 εἰς
2808 894 2992 950 πλοῖον
3023 892 3393 963 ’ὲνεϐαλόμην,
3454 890 3557 943 καὶ

288 988 562 1043 habentes
589 1002 783 1043 omnes
813 986 1236 1054 conscientiam,
1258 993 1614 1056 apertamque
1661 989 1718 1037 et
1754 979 1873 1035 evi-

285 1080 507 1136 dentem
535 1088 856 1136 reverentes
894 1080 1180 1135 veritatem
1215 1096 1229 1133 :
1289 1077 1509 1133 tandem
1537 1084 1719 1131 autem
1749 1088 1873 1130 cum

292 1172 417 1243 plus
456 1171 716 1228 valuisset
770 1171 1112 1241 improbitas,
1171 1170 1281 1225 imo
1333 1183 1463 1224 vero
1518 1183 1642 1224 cum
1695 1167 1876 1238 justus

285 1265 527 1321 Joannes
560 1264 669 1321 hoc
702 1265 983 1332 voluisset,
1015 1280 1086 1321 ne
1138 1264 1359 1335 aliquod
1389 1264 1627 1319 oriretur
1654 1261 1876 1333 pericu-

288 1354 424 1421 lum,
465 1364 526 1411 ut
551 1355 691 1411 solet
716 1355 966 1410 accidere
996 1355 1052 1411 in
1090 1354 1290 1411 talibus
1317 1353 1696 1417 seditionibus,
1746 1366 1875 1423 pro-

290 1446 463 1502 fundo
484 1460 717 1518 vespere
749 1447 1065 1517 expellitur,
1113 1446 1257 1503 sicut
1300 1445 1475 1517 ipsam
1512 1444 1751 1515 linguam
1779 1459 1878 1498 au-

288 1552 437 1592 ream
466 1537 597 1593 licet
626 1537 818 1593 audire
852 1537 906 1591 in
942 1537 1171 1608 epistola
1203 1536 1270 1591 ad
1325 1534 1725 1598 Innocentium,
1757 1548 1878 1603 quae

288 1626 369 1681 sic
394 1626 527 1682 dicit
560 1644 575 1681 :
606 1625 745 1694 Quid
775 1626 921 1681 enim
972 1626 1143 1680 multa
1190 1640 1330 1696 opus
1359 1634 1444 1680 est
1485 1624 1715 1681 dicere?
1752 1623 1875 1680 Non

286 1716 503 1774 destitit
554 1718 740 1774 omnia
778 1716 961 1774 facere
1015 1725 1072 1773 et
1123 1716 1328 1782 moliri,
1397 1717 1572 1772 donec
1616 1731 1717 1771 nos
1754 1730 1877 1770 cum

288 1811 457 1867 multa
483 1818 755 1882 potestate
784 1820 839 1866 et
892 1809 1219 1866 auctoritate
1278 1824 1309 1866 e
1355 1809 1573 1865 civitate
1617 1808 1782 1880 ejecit
1823 1817 1880 1862 et

287 1916 357 1956 ex
407 1900 661 1969 ecclesia,
717 1910 772 1957 et
826 1900 1099 1973 profundo
1153 1914 1402 1971 vespere,
1458 1909 1691 1963 attracto
1729 1899 1876 1954 omni

290 1995 515 2065 populo,
552 2000 758 2050 tractus
804 2009 837 2050 a
868 1992 1186 2066 magistratu
1225 1992 1482 2058 civitatis,
1527 2009 1626 2064 per
1646 1992 1879 2047 mediam

289 2086 589 2151 civitatem,
651 2095 708 2141 et
764 2101 861 2157 per
914 2086 1026 2141 vim
1082 2084 1353 2142 deductus
1397 2100 1540 2151 sum,
1576 2085 1631 2140 in
1682 2097 1879 2139 navem

292 2177 596 2242 immissus,
630 2186 687 2233 et
728 2186 895 2234 noctu
943 2177 1217 2249 navigavi,
1264 2177 1523 2249 quoniam
1561 2176 1880 2233 invocabant

294 2274 563 2343 synodum
587 2273 655 2328 ad
677 2274 879 2344 justam
914 2274 1274 2330 auditionem.
1305 2273 1440 2341 Quis
1468 2271 1586 2329 hinc
1614 2271 1884 2328 audiverit

295 2362 420 2419 sine
441 2362 714 2436 lacrymis,
743 2364 957 2420 etiamsi
1004 2379 1098 2421 cor
1126 2364 1382 2437 habuerit
1420 2363 1739 2436 lapideum?
1775 2363 1883 2420 Sed

299 2456 385 2512 sic
411 2456 633 2527 quidem
683 2458 965 2528 expulsus,
1012 2458 1237 2529 appellit
1288 2457 1358 2513 ad
1414 2472 1477 2513 os
1527 2458 1704 2523 Ponti,
1737 2456 1884 2528 quod

296 2555 500 2603 vocant
529 2548 781 2604 Sacrum.
840 2539 1049 2605 Deinde
1109 2549 1273 2605 etiam
1308 2550 1505 2606 transit
1550 2548 1881 2616 Pra-netum,

295 2651 394 2699 aut
419 2644 489 2699 ab
523 2643 590 2699 iis
646 2644 851 2715 potius,
896 2645 989 2715 qui
1045 2645 1301 2718 agebant,
1336 2644 1744 2702 transmittitur.
1778 2644 1884 2699 Bo-

297 2752 405 2793 nus
443 2747 628 2794 autem
676 2734 1042 2810 Theophilus,
1091 2745 1378 2810 postquam
1436 2738 1639 2804 evenit,
1700 2746 1760 2794 ut
1820 2754 1885 2793 ex

293 2827 462 2884 animi
520 2828 797 2884 sententia
827 2828 1024 2885 ﬁerent
1051 2844 1175 2900 quae
1205 2829 1446 2894 volebat,
1505 2830 1671 2884 mittit
1721 2830 1886 2885 etiam

293 2920 513 2976 litteras
543 2919 612 2975 ad
658 2914 1042 2975 Innocentium
1082 2917 1392 2973 Romanum
1447 2919 1785 2989 episcopum,
1836 2918 1886 2973 ei

295 3010 618 3083 signiﬁcans
653 3009 882 3067 Joannis
916 3009 1338 3081 depositionem.
1381 3008 1486 3078 Qui
1514 3026 1641 3066 cum
1671 3010 1890 3083 legisset

1974 985 2062 1041 διὰ
2118 982 2313 1052 νυκτὸς
2351 985 2563 1051 ἔπλεον,
2619 988 2809 1061 ἐπειδὴ
2863 986 3081 1041 σύνοδον
3135 984 3271 1055 πρὸς
3336 982 3559 1036 δικαίαν

1974 1079 2236 1150 ἀκρόασιν
2263 1079 2669 1153 έπεκαλούμην.
2688 1081 2785 1145 τίς
2805 1080 2981 1136 ταῦτα
3016 1078 3303 1149 ἀδακρυτὶ,
3330 1075 3438 1129 κᾶν
3472 1074 3561 1126 λι-

1980 1171 2133 1243 θίνην
2166 1171 2268 1247 ἔχῃ
2288 1172 2549 1247 διάνοιαν,
2571 1173 2887 1241 ἀκούσειεν;
2914 1173 3058 1226 Ἀλλ’
3080 1170 3224 1235 οὕτω
3248 1171 3349 1240 μὲν
3392 1165 3561 1230 αῦτδς

1989 1245 2411 1332 Ἐκϐληθεὶςτῷ
2437 1261 2532 1315 τοῦ
2556 1262 2757 1319 Πόντου
2789 1263 3039 1334 στόματι,
3069 1261 3098 1315 δ
3129 1260 3224 1316 καὶ
3262 1258 3429 1329 Ἱερὸν
3459 1274 3565 1309 κα-

1979 1352 2159 1418 λοῦσι,
2192 1351 2499 1424 προσίσχει.
2540 1349 2679 1409 Εἶτα
2702 1353 2794 1408 καὶ
2829 1356 2908 1418 είς
2943 1354 3238 1425 Πραίνετον
3268 1348 3562 1417 διαϐαίνει,

1978 1444 2142 1515 quae
2200 1444 2310 1500 τῶν
2368 1446 2612 1515 ἀγόντων
2660 1444 2861 1516 μᾶλλον
2909 1443 3361 1517 μεταϐιϐάζεται.
3404 1440 3470 1493 '0
3502 1438 3565 1491 δὲ

1980 1536 2215 1608 χρηστὸς
2260 1536 2546 1608 Θεόφιλος,
2605 1536 2731 1591 έπεὶ
2782 1537 3005 1606 γέγονεν
3051 1534 3203 1605 αὐτῷ
3242 1532 3464 1589 τελέσαι
3490 1528 3567 1584 τὰ

1980 1629 2124 1684 κατὰ
2147 1628 2394 1701 γνώμην,
2418 1629 2728 1701 γράμματα
2758 1628 2854 1682 καὶ¹
2889 1626 3027 1699 πρὸς
3054 1625 3403 1679 Ἰννοκέντιον
3433 1622 3567 1678 τοῦ-

1980 1738 2073 1775 τον
2094 1722 2185 1795 τὸν
2222 1720 2440 1794 Ῥώμης
2468 1722 2764 1776 ἐπίσκοπον
2786 1719 3018 1792 πέμπει,
3045 1718 3212 1790 δήλην
3247 1716 3400 1787 αὐτῷ
3429 1716 3570 1771 καθ-

1987 1814 2139 1881 me;
2170 1814 2268 1885 τὴν
2307 1813 2555 1870 Ἰωάννου
2583 1813 2934 1884 καθαίρεσιν·
2962 1811 3138 1880 ὅςκαὶ
3161 1812 3274 1873 τοῖς
3293 1810 3568 1880 γράμμα-

1988 1923 2070 1961 σιν
2109 1904 2369 1977 ἐντυχὼν,
2406 1907 2526 1963 οὐδὲ
2553 1907 2905 1978 ἀντιγράφων
2936 1904 3073 1968 ὅλως
3104 1902 3320 1974 ἔκρινεν
3353 1899 3567 1966 ἀξιοῦν,

1985 1996 2187 2067 πολλὴν
2249 1995 2415 2052 αὐτοῦ
2461 1998 2798 2069 προπέτειαν
2826 1995 2922 2050 καὶ
2962 1993 3131 2065 τῦφον
3169 1991 3567 2061 κατεγνωκὼς,

1983 2090 2065 2144 ὅτι
2089 2107 2147 2143 τε
2175 2090 2339 2161 μόνος
2365 2090 2588 2160 γράψοι,
2621 2090 2717 2143 καὶ
2754 2089 2838 2143 ὅτι
2875 2088 3009 2160 μηδὲ
3032 2085 3263 2158 δηλώσοι
3294 2085 3485 2155 σαφῶς
3504 2076 3570 2137 οὗ

1985 2183 2145 2254 χάριν
2174 2182 2413 2249 καθεῖλε,
2455 2184 2547 2237 καὶ
2602 2183 2745 2255 μετὰ
2766 2182 2949 2236 τίνων.
2995 2180 3276 2235 Ἐντεῦθεν
3313 2179 3384 2233 τὰ
3422 2179 3571 2231 κατὰ

1994 2274 2376 2347 Ἡρακλείδην,
2405 2274 2465 2330 δν
2496 2276 2526 2328 ὁ
2550 2276 2723 2346 μέγας
2748 2274 2976 2350 Ἐφέσου
3005 2272 3269 2343 πρόεδρον
3291 2270 3577 2340 καταστήσ-

1987 2384 2085 2432 σας
2120 2361 2213 2438 ἦν,
2246 2366 2617 2436 ἀναψηλαφῶν
2641 2368 2669 2421 ὁ
2694 2364 2972 2435 Θεόφιλος,
3000 2364 3095 2417 καὶ
3124 2363 3314 2435 μῶμον
3340 2363 3405 2416 έκ
3439 2361 3575 2415 τού-

1986 2476 2081 2512 του
2105 2444 2398 2529 περιάψειν
2440 2458 2518 2529 τῷ
2569 2457 2827 2529 μακαρίῳ
2868 2455 3229 2530 πειρώμενος,
3277 2454 3374 2509 καὶ
3403 2452 3575 2509 αὑτὸν

1986 2552 2172 2624 ἔκρινε
2201 2551 2278 2623 μὴ
2312 2551 2578 2624 παρόντα,
2604 2550 2681 2614 ὼς
2713 2550 2800 2622 εἴη
2844 2550 2996 2615 τινὰς
3033 2549 3233 2609 ἀδίκως
3258 2548 3573 2618 τυπτήσας,

1987 2644 2083 2698 καὶ
2107 2643 2193 2698 διὰ
2219 2644 2393 2716 μέσης
2445 2642 2545 2713 τῆς
2586 2644 2794 2714 ἀγορᾶς
2842 2639 3215 2714 περιενεγκὼν
3248 2638 3438 2693 ἁλύσει
3486 2637 3575 2690 δε-

1991 2735 2207 2807 σμίους.
2254 2734 2674 2806 Ἀντιλεγὸντων
2703 2732 2796 2790 οὖν
2839 2736 2948 2789 τῶν
2977 2735 3077 2804 τῆς
3112 2733 3319 2797 πόλεως
3358 2729 3436 2801 μὴ
3459 2730 3575 2783 δεῖν

1990 2828 2131 2883 κατὰ
2159 2830 2412 2884 ἀπόντων
2445 2827 2709 2891 δικάζειν,
2751 2825 3147 2898 ’Δλεξανδρέων
3175 2823 3235 2879 δὲ
3275 2820 3577 2888 ἀξιούντων

1990 2928 2101 2990 τοῖς
2139 2925 2498 2999 Ἡρακλείδου
2540 2923 2870 2995 κατηγόροις
2917 2920 3228 2991 προσέχειν,
3266 2918 3461 2981 στάσις
3508 2917 3575 2968 ἐκ

1992 3017 2186 3072 τούτου
2243 3018 2436 3088 φύεται
2458 3032 2471 3047 ·
2508 3017 2574 3070 έκ
2605 3015 2662 3070 δὲ
2696 3014 2824 3086 τῆς,
2861 3012 3172 3084 συμπλοκαὶ
3220 3008 3456 3081 χειρῶν·
3508 3010 3577 3062 ὲκ

295 3101 532 3169 litteras,
561 3102 727 3183 etin
772 3101 856 3159 eis
884 3090 1113 3158 vidisset
1140 3100 1366 3157 multam
1397 3100 1636 3157 insidere
1661 3116 1882 3173 perver-

1988 3112 2230 3178 τούτων,
2280 3110 2608 3183 τραύματα’
2661 3107 2873 3172 τούτοις
2919 3106 2977 3160 δὲ
3026 3105 3122 3160 καὶ
3158 3104 3392 3165 θάνατος
3438 3101 3570 3171 ἡκο-

296 3194 538 3259 sitatem,
568 3180 645 3250 ne.
670 3192 845 3250 voluit
875 3192 1094 3265 quidem
1143 3193 1504 3264 respondere,
1537 3202 1598 3249 ut
1642 3194 1733 3264 qui
1761 3209 1882 3250 eum

1994 3204 2176 3259 λούθει
2195 3221 2211 3237 ·
2240 3180 2326 3257 ὧν⁷
2349 3180 2567 3256 πάντων
2599 3198 2854 3270 Θεόφιλος
2901 3198 3073 3266 αῐτιος
3098 3196 3331 3266 έλέγετο,
3357 3196 3451 3249 καὶ
3480 3188 3576 3264 ἦν.

297 3298 509 3359 magna:
532 3285 857 3342 temeritatis
900 3285 1217 3342 damnasset
1270 3294 1326 3341 et
1369 3286 1712 3359 arrogantia,
1746 3286 1882 3357 quod

1999 3297 2186 3353 Ταῦτα
2227 3293 2556 3359 Βυζαντίους
2605 3291 2859 3367 ἠρέθισεν
2906 3292 3128 3362 ἄκρως,
3188 3288 3283 3343 καὶ
3333 3285 3576 3340 διολέσαι

298 3384 359 3433 ιιι
392 3378 542 3433 solus
573 3377 909 3449 scripsisset,
940 3385 994 3432 et
1022 3378 1167 3449 quod
1197 3392 1307 3433 non
1341 3388 1527 3449 aperte
1560 3378 1888 3450 scripsisset,

301 3481 542 3537 quanam
565 3467 636 3524 de
673 3466 837 3524 causa
874 3477 927 3524 et
955 3462 1081 3524 cum
1129 3467 1329 3538 quibus
1362 3481 1488 3521 eum
1520 3465 1887 3536 deposuisset.

233 3565 241 3573 ‘
302 3560 444 3616 Hinc
469 3575 691 3618 causam
720 3561 1048 3624 Heraclidis,
1084 3575 1249 3631 quem
1282 3573 1512 3631 magnus
1538 3558 1628 3614 ille
1653 3557 1890 3614 Joannes

300 3651 503 3724 Ephesi
536 3655 898 3712 constituerat
949 3655 1280 3718 antistitem,
1333 3661 1573 3708 tractans
1607 3650 1889 3723 Theophi-

307 3744 416 3812 l-us,
448 3753 505 3802 et
541 3762 610 3802 ex
660 3762 728 3803 eo
785 3747 862 3803 illi
910 3748 1071 3803 beato
1129 3755 1349 3802 tentans
1408 3745 1585 3801 labem
1645 3745 1885 3809 inurere,

303 3841 485 3912 ipsum
509 3841 674 3897 etiam
704 3842 969 3913 judicavit
988 3856 1101 3896 non
1129 3849 1473 3912 praesentem,
1500 3840 1709 3906 dicens,
1743 3839 1888 3910 quod

304 3929 522 4001 aliquos
553 3932 755 4003 injuste
794 3932 1165 3998 verberasset,
1214 3940 1269 3987 et
1306 3947 1403 4003 per
1431 3930 1673 3987 medium
1709 3930 1888 3987 forum

310 4024 525 4082 vinctos
552 4012 745 4080 catena
795 4023 1269 4081 circumduxisset.
1300 4023 1523 4080 Civibus
1551 4036 1732 4079 autem
1760 4041 1888 4081 con-

305 4124 389 4169 tra
445 4115 780 4183 dicentibus,
840 4130 952 4170 non
1014 4123 1269 4186 oportere
1324 4116 1582 4170 absentes
1633 4115 1889 4186 judicari,

1998 3388 2161 3446 αὐτὸν
2196 3387 2446 3459 ἐζήτουν,
2475 3389 2568 3443 καὶ
2585 3384 2768 3463 βυθοῖς
2802 3382 3057 3439 ἐκδοῦναι
3100 3384 3212 3445 τοῖς
3242 3378 3579 3439 θαλαττίοις.

2007 3482 2067 3535 '0
2099 3483 2156 3537 δὲ
2185 3480 2294 3535 τῶν
2321 3480 2627 3538 διωκόντων
2655 3478 2729 3541 ὡς
2752 3476 2964 3548 ᾔσθετο,
2998 3474 3174 3547 φυγὰς
3187 3472 3347 3537 εὐθὺς
3376 3470 3575 3541 ᾤχετο,

1997 3574 2250 3639 καὶτοὺς
2302 3570 2637 3642 Αἰγυπτίους
2689 3570 2863 3625 εἰσέδυ
2937 3568 3160 3639 μυχούς.
3203 3567 3325 3620 Ὅτι
3364 3564 3425 3618 δὲ
3453 3563 3577 3618 οὐδὲ

1996 3666 2263 3739 πρότερον
2318 3668 2347 3721 ὁ
2382 3664 2746 3738 ταραχοποιδς
2803 3663 2988 3733 οὑτοσὶ
3020 3658 3176 3731 θυμῷ
3216 3658 3411 3727 δικαίῳ
3462 3657 3579 3714 τοῖς

1996 3760 2127 3832 περὶ
2154 3761 2445 3833 Διόσκορον
2504 3758 2830 3832 χολούμενος
2892 3752 2982 3826 ἦν,
3024 3754 3149 3810 οὗτε
3203 3754 3308 3824 μὴν
3356 3749 3579 3805 εὐσεϐεῖ

1995 3849 2239 3922 λογισμῷ
2312 3853 2432 3915 ταῖς
2478 3851 2800 3923 Ὠριγὲνουςδ
2851 3847 3127 3918 ἀπήχθετο
3179 3844 3417 3916 βίβλοις,
3456 3841 3575 3896 ἀλλ’

1996 3943 2248 4015 ἀφορμὰς
2300 3942 2549 3998 ἐντεῦθεν
2606 3943 2785 4014 ἐαυτῷ
2832 3940 3075 4013 πορίζων
3126 3940 3264 4009 πρὸς
3316 3937 3416 4007 τὴν
3474 3934 3575 3988 τοῦ

1996 4035 2156 4104 ἁγίου
2218 4031 2562 4103 καθαίρεσιν,
2614 4031 2678 4085 τὸ
2724 4030 2864 4103 μετὰ
2892 4029 3063 4083 ταῦτα
3095 4027 3264 4098 δηλοῖ,
3323 4021 3488 4095 Ὁμοῦ
3517 4038 3578 4073 τε

1998 4125 2107 4196 γὰρ
2142 4123 2203 4177 τὸ
2260 4122 2696 4192 σπουδαζόμενον
2758 4119 2909 4191 αὐτῷ
2951 4119 3224 4189 διήνυστο,
3257 4115 3353 4169 καὶ
3395 4128 3578 4182 παραυ

309 4206 625 4262 volentibus
656 4222 794 4262 vero.
832 4205 1213 4261 Alexandrinis
1233 4206 1517 4262 attendere
1546 4215 1882 4263 accusatores

2000 4216 2188 4289 χρῆμα
2219 4217 2332 4279 τοῖς
2369 4215 2624 4291 μοναχοῖς
2671 4212 2771 4285 μὲν
2800 4210 3108 4274 ἐσπένδετο,
3145 4209 3242 4271 τὰς
3277 4206 3495 4278 βίϐλους
3521 4203 3581 4256 δὲ

307 4295 632 4364 Heraclidis,
696 4314 763 4354 ex
812 4314 878 4355 eo
909 4309 1027 4356 orta
1069 4308 1156 4357 est
1210 4299 1446 4356 seditio:
1497 4317 1565 4355 ex
1626 4299 1882 4358 seditione

2002 4309 2350 4381 παρεδέχετο,
2385 4306 2451 4370 ἃς
2489 4307 2626 4370 τέως
2659 4303 2952 4366 συνοδικῶς
2988 4302 3389 4372 ἀπεκήρυττεν.
3434 4295 3579 4349 Ἀλλ’

305 4397 491 4446 autem
514 4400 738 4448 ventum
764 4401 849 4448 est
872 4393 940 4449 ad
967 4409 1197 4449 manus:
1220 4407 1288 4449 ex
1316 4407 1382 4448 eo
1403 4407 1533 4449 vero
1554 4393 1620 4449 ad
1642 4395 1882 4463 vulnera,

2000 4401 2029 4454 ὁ
2055 4398 2213 4468 λόγος
2237 4397 2450 4453 ἐπιέναι
2480 4396 2574 4451 καὶ
2600 4396 2670 4451 τὰ
2706 4395 2872 4449 λοιπὰ
2904 4394 3177 4466 βούλεται.

306 4494 372 4535 ea
426 4489 612 4538 autem
662 4498 813 4539 mors
867 4499 1086 4556 quoque
1148 4494 1233 4541 est
1291 4496 1609 4553 consecuta,
1659 4503 1893 4559 quorum
1927 4492 2172 4548 omnium
2241 4489 2579 4561 TheOphilus
2607 4487 2790 4544 dictus
2846 4497 2932 4543 est
2972 4496 3030 4542 et
3080 4486 3187 4541 fuit
3232 4498 3416 4539 causa.
3455 4481 3584 4536 llzec

305 4588 521 4631 summe
551 4574 857 4633 ‘irritarunt
898 4577 1249 4648 Byzantinos,
1287 4587 1344 4634 et
1391 4594 1515 4636 eum
1572 4583 1892 4651 quaerebant
1929 4586 2183 4655 perdere,
2216 4592 2274 4640 et
2338 4582 2391 4637 in
2462 4580 2795 4653 profundum
2826 4579 2992 4635 maris
3043 4579 3260 4634 mittere
3305 4591 3432 4629 eum
3484 4571 3584 4642 qui

306 4674 432 4721 erat
472 4666 714 4738 dignus:
768 4669 859 4725 ille
904 4678 1090 4724 autem
1148 4678 1436 4742 postquam
1497 4673 1671 4727 sensit
1711 4682 2124 4744 persequentes,
2202 4676 2325 4745 fuga
2391 4673 2577 4731 statim
2648 4671 2749 4728 sibi
2806 4672 3116 4737 consuluit,
3178 4679 3233 4725 et
3276 4667 3584 4739 penetralia

307 4754 480 4810 subiit
514 4755 753 4828 Aigypti.
778 4757 1147 4823 Quodautem
1168 4774 1349 4830 neque
1368 4759 1520 4831 prius
1551 4760 1898 4829 perturbator
1932 4763 2056 4832 jure
2115 4764 2376 4821 Dioscoro
2415 4763 2774 4825 irascebatur.
2840 4750 3031 4833 neque
3062 4777 3255 4816 veram.
3276 4768 3331 4814 ct
3358 4774 3588 4814 accura-

307 4859 419 4905 tam
454 4848 755 4906 defendens
785 4851 1047 4919 pietatem
1077 4860 1198 4907 erat
1232 4852 1467 4908 infestus
1506 4851 1663 4908 libris
1726 4852 1979 4927 Origenis
2004 4896 2019 4922 ,
2080 4856 2176 4913 sed
2239 4857 2369 4912 hinc
2432 4854 2683 4927 captabat
2708 4855 3049 4913 occasionem
3076 4853 3382 4924 deponendi
3406 4851 3587 4907 Joan-

307 4944 417 5012 nis,
446 4945 690 5002 ostendit
720 4946 798 5011 id,
827 4947 969 5017 quod
994 4956 1077 5003 est
1102 4955 1293 5019 postea
1335 4955 1712 5004 consecutum.
1760 4946 1894 5005 Nam
1934 4952 2095 5009 simul
2158 4964 2319 5024 atque
2383 4952 2610 5024 perfecit
2642 4952 2785 5027 quod
2839 4952 3109 5018 studebat,
3141 4966 3266 5006 cum
3297 4950 3588 5008 monachis

311 5041 496 5097 statim
523 5038 699 5124 fades
722 5040 883 5108 iniit;
917 5039 1086 5095 libros
1126 5050 1309 5096 autem
1334 5038 1556 5095 admisit
1620 5040 1757 5112 ('55),
1787 5057 1926 5112 quos
1963 5044 2117 5124 prius
2167 5046 2448 5108 abdicarat
2501 5046 2778 5121 synodica.
2831 5044 2938 5100 Sed
2985 5044 3101 5099 Vult
3136 5043 3299 5104 etiam
3367 5044 3584 5114 reliqua

311 5134 567 5208 persequi
597 5114 796 5190 oratio.

392 5220 582 5284 XLVI.
643 5228 866 5284 Interim
924 5228 1093 5297 enim,
1147 5228 1277 5285 dum
1323 5230 1443 5286 haec
1494 5230 1708 5295 tierent,
1761 5230 1882 5288 Deu:

2074 5236 2228 5303 Μετ’.
2270 5235 2359 5289 Ἐν
2382 5236 2491 5307 ὅσῳ
2518 5235 2626 5307 γὰρ
2652 5234 2952 5307 ἐπράττετο
2978 5232 3172 5295 ταῦτα.
3208 5233 3425 5303 νύκτωρ
3480 5231 3585 5305 τὴν

314 5329 630 5378 terraamotu
682 5319 959 5376 terrefecit
985 5320 1283 5388 civitatem,
1330 5337 1758 5394 communesque
1780 5339 1881 5379 ean

2004 5326 2162 5382 πόλιν
2183 5326 2396 5383 ἔσεισεν
2448 5330 2477 5382 ό
2511 5329 2664 5396 Θεὸς,
2701 5329 2796 5383 καὶ
2820 5328 3045 5400 θραῦσις
3072 5328 3164 5381 καὶ
3190 5326 3423 5397 δείματά
3460 5344 3588 5384 τινα

316 5413 602 5488 agitabant
629 5412 1136 5484 conquassationes,
1166 5421 1221 5470 et
1244 5430 1436 5486 graves
1469 5424 1707 5471 terrores
1730 5414 1882 5487 impos

2002 5415 2078 5487 τῷ
2100 5415 2365 5490 βασιλικῷ
2386 5419 2756 5490 συμπέπτωκε
2771 5420 3011 5485 κοιτῶνι,
3040 5417 3114 5480 ὡς
3138 5417 3231 5477 xei.
3261 5416 3492 5489 θορύϐου
3519 5419 3586 5471 τὸ

318 5508 527 5566 ratorio
558 5505 922 5563 imminebant
951 5505 1243 5565 cubiculo:
1276 5508 1416 5566 adeo
1448 5517 1509 5564 ut
1540 5507 1773 5579 populus
1816 5515 1882 5563 tu'

2004 5508 2208 5581 πλῆθος
2236 5504 2696 5585 ὑποπλησθῆναι,’
2719 5512 2816 5568 καὶ
2849 5511 2993 5584 μέγα
3021 5510 3259 5582 βοῶντας
3286 5510 3589 5565 ἀνακαλεί-

390 5714 503 5789 (35)
534 5714 916 5793 _fl_‘lieop_hilum
965 5712 1222 5793 Origenis
1248 5727 1464 5793 errores
1509 5720 1742 5793 tantum,
1788 5727 1897 5767 non
2009 5714 2290 5793 erroribus
2321 5728 2441 5793 esse
2476 5714 2776 5793 cavendum
2805 5714 3114 5783 admoneat,
3139 5715 3295 5773 docet
3314 5712 3586 5771 Baronius

318 5784 509 5841 omnes
534 5784 1017 5843 libros—damnasse
1039 5784 1151 5853 ,‘ex
1180 5786 1439 5843 Ecclesiae
1467 5784 1748 5842 catholica:
1773 5798 1901 5837 seu-
2008 5795 2137 5843 tom.
2178 5785 2218 5839 ν
2248 5785 2438 5842 Annal.
2467 5801 2555 5842 an.
2582 5785 2707 5843 405.

322 5856 513 5923 tentia,
549 5872 667 5928 qua:
694 5859 812 5934 ejus
842 5857 1277 5916 Commentarios
1308 5858 1381 5914 ita
1412 5856 1562 5927 legit,
1595 5863 1654 5911 ut
1681 5854 1751 5910 ab
1781 5853 1898 5925 ejus
