3834 6478
264 404 406 470 1172

1314 402 1592 475 νΙΤΑβ.
1634 399 1877 461 IOANN
1888 400 1955 459 IS
1994 402 2550 466 CllRYSOSTOMl.

3383 404 3521 473 illi

262 524 392 577 σθαι
423 520 517 575 τὸν
552 518 707 592 ίερέα
758 518 868 573 Καὶ
894 519 923 572 ό
954 518 1207 590 βασιλεὺς
1232 518 1433 572 αὐτίκα
1477 515 1690 589 κέντρῳ
1738 518 1841 571 τινὶ

1946 516 2119 571 multu
2143 517 2481 589 impleretur,
2511 527 2567 574 et
2597 533 2790 593 magna
2817 534 2949 576 voce
2998 521 3259 588 clamans,
3299 539 3523 581 revoca-

260 615 442 686 λύπης
493 611 593 684 τὴν
629 611 862 684 καρδίαν
890 611 1137 681 πληγεὶς,
1171 611 1476 683 μετάμελός
1498 628 1558 688 τε
1602 608 1838 680 γεγόνει,

262 708 358 759 καὶ
399 706 694 777 γράμμασι
743 702 1042 775 βασιλικοῖς
1090 702 1195 775 τὴν
1245 703 1493 757 Ἰωάννου
1543 702 1841 772 ἀνάκλησιν

261 795 601 850 ἑπισπεύδει.
659 793 885 863 Πέμπει
931 790 989 846 δὲ
1048 791 1186 862 μετὰ
1212 791 1323 845 τῶν
1356 790 1703 862 γραμμάτων
1748 788 1841 842 καὶ

263 889 517 960 Βρίσωνα
564 886 658 941 τὸν
685 884 961 956 εὐνοῦχον,
1007 882 1307 956 τηνικαῦτα
1333 887 1397 956 τῇ
1427 882 1661 955 βασιλίδι.
1685 880 1842 935 E660-

263 975 354 1048 ξίᾳ
384 974 658 1046 ύπηρετού
666 990 826 1045 μενον
847 990 862 1005 ·
881 974 943 1037 ὃς
964 973 1057 1028 τὸν
1083 973 1238 1043 ἅγιον
1260 975 1319 1029 ὲν
1354 973 1639 1045 Πραινέτῳ
1672 988 1842 1026 κατα-

258 1069 443 1123 λαϐὼν
470 1068 574 1121 ὑπὸ
600 1066 708 1121 τῶν
737 1065 1188 1138 ὲγχειρισθέντων
1210 1067 1640 1138 φρουρούμενον,
1673 1066 1843 1120 ἐπαν-

260 1159 439 1213 ελθεῖν
468 1157 621 1228 ἠξίου
644 1157 738 1211 καὶ
766 1159 835 1228 τῇ
856 1155 1010 1211 πόλει
1049 1158 1246 1228 στῆσαι
1288 1157 1383 1211 τὸν
1405 1156 1669 1210 κίνδυνον.
1702 1156 1837 1209 Μετ’

260 1238 422 1304 αὐτὸν
455 1250 512 1304 δὲ
539 1248 712 1315 ἄλλοι,
743 1250 837 1303 καὶ
872 1249 989 1319 μετ’
1009 1249 1252 1313 ἐκείνους
1273 1248 1470 1321 ἕτεροι,
1503 1249 1599 1302 καὶ
1628 1247 1842 1319 πλήρης

258 1341 407 1396 οὕτω
432 1341 541 1397 τῶν
597 1338 969 1412 πεμπομένων
1000 1342 1029 1395 ὁ
1056 1340 1354 1412 Βόσπορος.
1410 1340 1566 1394 Ἐπεὶ
1592 1334 1687 1394 οῦν
1716 1341 1842 1394 ὑπο⁶

260 1433 519 1505 στρέφειν
549 1432 710 1487 αὑτὸν
745 1431 992 1503 ἔγνωσαν
1029 1434 1062 1504 ή
1104 1431 1258 1497 πόλις
1313 1432 1490 1504 (τρίτη
1547 1431 1603 1486 δὲ
1629 1427 1698 1502 ἦν
1741 1432 1837 1486 ὲπί

258 1526 460 1599 δεκάτῃ
512 1525 590 1597 τῷ
633 1525 974 1598 Νοεμϐρίῳ),
1029 1526 1149 1590 πῶς
1188 1526 1254 1581 ἄν
1298 1542 1383 1590 τις
1430 1524 1543 1580 τῶν
1590 1523 1839 1590 ἐξιόντων

258 1619 557 1690 ἁριθμήσοι
611 1617 672 1672 τὸ
720 1617 945 1689 πλῆθος,
1000 1617 1117 1682 πῶς
1166 1615 1437 1688 ὲκφράσοι
1466 1615 1571 1688 τὴν
1596 1616 1836 1688 ήδονήν;

256 1712 367 1767 τῶν
393 1709 651 1782 ποταμῶν
682 1709 792 1781 γὰρ
824 1708 1070 1781 ἀτεχνῶς
1107 1708 1411 1780 ἐμιμοῦντο
1453 1709 1524 1764 τὰ
1563 1707 1835 1781 ῥεύματα.

259 1805 373 1859 Καὶ
396 1802 575 1875 μεστὴ
608 1802 756 1875 μὲνὴ
780 1801 1021 1857 θάλαττα
1035 1800 1371 1874 πορθμείων,
1394 1801 1568 1873 μεστὴ
1586 1801 1642 1854 δὲ
1666 1802 1836 1873 ήχων,

273 1872 451 1967 μεστή
494 1872 572 1948 δδή
598 1872 861 1966 ᾀσμάτων
887 1892 987 1947 καὶ
1013 1872 1308 1964 ὑμνῳδίας.
1345 1872 1584 1947 Τοιαῦτα
1618 1891 1842 1946 δύναται
1875 1872 1915 1928 Β

263 1987 429 2052 πόθος
456 1987 655 2058 ψυχαῖς
679 1986 925 2050 ἐντακεὶς
954 1986 1146 2058 ἀνδρὸς
1162 1985 1366 2056 πολλήν
1388 2000 1448 2039 τε
1472 1983 1842 2056 άρετὴνυέχοντ-

261 2094 375 2143 τος,
410 2077 506 2131 καὶ
519 2075 748 2146 ὠφελεῖν
802 2077 1029 2130 πλείστα
1062 2075 1386 2147 δυναμένου,
1429 2076 1525 2129 κα)⁸
1557 2073 1841 2145 πατρικῶς

263 2169 604 2241 στέργοντος.
641 2168 812 2223 Τοῦτο
864 2169 1166 2240 τεκμήριον
1221 2165 1449 2238 ἀκριϐὲς
1498 2164 1742 2237 ὑπῆρξεν
1773 2159 1842 2237 ἦς

262 2261 533 2317 ἀπέλαυον
564 2260 756 2333 ἡδονῆς
784 2261 835 2314 οἰ
863 2259 963 2332 τῆς
1010 2259 1219 2331 χρυσῆς
1242 2258 1450 2330 ταύτης
1488 2256 1733 2328 γλώττης
1757 2256 1841 2308 ὲν-

263 2352 581 2424 τρυιρῶντες
605 2355 717 2416 τοῖς
745 2351 1005 2424 ῥεύμασι.
1039 2351 1116 2405 Τὸ
1150 2350 1257 2422 γὰρ
1300 2349 1475 2414 οὕτως
1494 2348 1657 2403 αὑτὸν
1683 2349 1840 2402 ἄπει-

261 2445 505 2517 ληφότας
545 2444 798 2516 ἡσθῆναι,
823 2443 1012 2513 σαφῶς
1035 2443 1226 2514 ἐδήλου
1244 2442 1343 2513 τὴν
1374 2440 1629 2513 στέρησιν
1663 2439 1841 2510 λύπης

261 2539 446 2596 αἰτίαν
482 2538 666 2602 αὐτοῖς
693 2537 1053 2608 καταστῆναι.
1079 2536 1240 2605 Δύπη
1270 2535 1326 2589 δὲ
1348 2533 1516 2605 πολλὴ
1548 2534 1687 2605 μετὰ
1717 2532 1841 2586 στέ-

264 2646 441 2701 ρησιν,
469 2630 592 2700 ίσην
640 2624 782 2683 εἶναι
829 2629 1292 2700 προϋπάρχουσαν
1318 2625 1514 2697 ήδονὴν
1549 2626 1837 2698 μαρτυρεῖ.

274 2726 430 2780 Ἐπεὶ
454 2725 637 2780 τοίνυν
666 2723 907 2780 ἐπανιὼν
931 2722 1162 2793 ἔγγιστά
1204 2738 1308 2775 που
1335 2721 1433 2793 τῆς
1467 2720 1676 2783 πόλεως
1696 2718 1841 2788 γίνε-

259 2836 377 2885 ται,
423 2817 488 2873 οὐ
522 2816 789 2890 πρότερον
832 2815 1093 2872 εἰσελθεῖν
1133 2814 1310 2885 ἠξίου,
1357 2815 1491 2884 πρὶν
1524 2813 1590 2867 ἂν
1631 2811 1839 2883 μείζονι

260 2910 531 2984 κριτηρίῳ
552 2909 624 2964 τὰ
655 2909 777 2964 κατ’
801 2909 1007 2963 ἐκεῖνον
1033 2909 1336 2979 ἐπιτραπῇ.
1356 2904 1523 2960 Ἀλλὰ
1543 2904 1605 2959 τὸ
1636 2905 1841 2977 πλῆθος

265 3003 525 3076 ἤσχαλλε,
567 3003 665 3058 καὶ
702 3002 909 3072 τόλμης
934 3001 1161 3073 ἥπτετο,
1193 2999 1288 3053 καὶ
1328 2999 1454 3062 τοὺς
1501 2997 1841 3068 κρατοῦντας

184 3098 193 3104 ’
263 3097 606 3169 ἐλοιδορεῖτο,
645 3097 760 3161 ἕως
811 3097 1052 3159 ἅπαντες
1103 3095 1184 3158 εἰς
1224 3093 1419 3147 ταυτὸν
1471 3090 1838 3159 συνελθόντες,

1944 620 2029 665 ret
2053 610 2413 667 sacerdotem.
2450 611 2593 679 Quin
2643 614 2807 669 etiam
2838 614 2955 686 ipse
2985 630 3201 687 quoque
3228 618 3522 688 imperator

1944 703 2255 760 vehementi
2313 705 2534 761 stimulo
2591 706 2823 763 tristitia:
2883 707 2939 763 in
2999 710 3163 766 corde
3219 712 3516 779 sauciatus,

1944 805 2195 851 movetur
2216 798 2561 867 poenitentia,
2600 807 2656 856 et
2684 800 2888 857 litteris
2934 801 3295 873 imperatoriis
3324 820 3519 877 quam-

1943 887 2183 958 primum
2208 904 2463 962 magnum
2503 891 2653 946 illum
2686 902 2923 949 revocat.
2951 893 3140 950 Brison
3171 907 3353 953 autem
3377 909 3517 962 erat,

1944 980 2034 1037 cui
2075 981 2216 1037 datae
2256 981 2478 1038 fuerunt
2526 984 2741 1047 litterae,
2806 1002 2951 1044 unus
2980 1003 3044 1043 ex
3079 991 3369 1059 eunuchis,
3423 994 3517 1064 qui

1944 1074 2332 1130 ministrabant
2385 1075 2662 1132 Eudoxiaa.
2721 1076 2824 1144 Qui
2882 1095 3007 1135 cum
3051 1085 3391 1152 pervenisset
3448 1086 3517 1142 ad

1944 1177 2230 1234 sanctum,
2282 1170 2374 1240 qui
2428 1170 2661 1227 Praeneti
2692 1173 3074 1228 asservabatur
3130 1176 3189 1230 in
3247 1179 3517 1247 custodia,

1942 1259 2152 1330 rogavit
2182 1267 2240 1314 ut
2260 1258 2473 1315 veniret
2492 1268 2548 1315 et
2580 1260 2855 1317 civitatem
2880 1262 3134 1320 liberaret
3173 1281 3200 1321 a
3250 1266 3514 1338 periculo.

1941 1346 2049 1406 Sed
2079 1365 2191 1406 non
2230 1352 2297 1407 ad
2327 1351 2609 1408 Brisonem
2637 1369 2810 1425 usque
2845 1356 3092 1413 conStitit
3136 1358 3259 1428 ejus
3311 1360 3520 1418 reditus

1940 1441 2180 1497 studium
2238 1451 2293 1497 et
2346 1443 2712 1500 acceleratio:
2763 1445 2860 1500 sed
2889 1456 3011 1516 post
3057 1446 3235 1518 ipsum
3296 1449 3408 1515 alii,
3463 1459 3519 1506 et

1940 1540 2065 1602 post
2088 1532 2208 1589 illos
2239 1533 2351 1591 alii.
2392 1534 2593 1605 Sicque
2624 1534 2727 1592 fuit
2755 1535 3066 1607 Bosphorus
3087 1539 3281 1609 plenus
3302 1555 3517 1607 eorum,

1943 1626 2034 1696 qui
2063 1626 2437 1683 mittebantur.
2466 1628 2604 1684 Cum
2635 1628 2819 1700 itaque
2850 1645 2976 1686 eum
3008 1630 3188 1686 redire
3209 1633 3527 1704 agnovisset

1942 1716 2135 1773 civitas
2196 1718 2338 1790 (erat
2385 1728 2572 1775 autem
2617 1721 2863 1777 decimus
2906 1721 3102 1777 tertius
3145 1721 3523 1797 Novembris),

1944 1811 2407 1881 quemadmodum
2441 1814 2777 1869 enumerarit
2801 1814 3071 1886 quispiam
3108 1811 3521 1875 multitudinem

1945 1914 2156 1969 eorum,
2180 1903 2271 1974 qui
2298 1903 2560 1959 exibant?
2585 1903 2866 1972 Quomodo
2884 1906 3167 1977 explicarit
3191 1910 3432 1967 studium
3461 1915 3528 1967 in

1944 1991 2318 2064 cgredi'endo?
2386 1993 2674 2061 Quomodo
2744 1999 3074 2068 expresserit
3141 2001 3525 2073 voluptatem?

1943 2085 2109 2140 Plane
2135 2084 2282 2140 enim
2308 2084 2662 2143 imitabantur
2700 2087 2902 2144 ﬂuenta
2933 2090 3245 2160 ﬂuviorum,
3274 2108 3397 2150 cum
3425 2096 3521 2151 alii

1943 2177 2064 2233 aliis
2089 2177 2403 2247 agminatim
2439 2180 2816 2238 succederent.
2844 2183 2911 2238 Et
2949 2192 3068 2238 erat
3094 2184 3311 2255 quidem
3367 2202 3522 2243 mare

1943 2271 2164 2342 plenum
2196 2273 2452 2344 navigiis,
2504 2276 2725 2346 plenum
2756 2285 2938 2333 autem
2970 2279 3152 2335 sonitu
3185 2281 3531 2354 canticisque

1942 2373 1997 2420 et
2017 2364 2254 2437 hymnis,
2287 2366 2379 2439 qui
2417 2368 2529 2423 Deo
2553 2383 2679 2424 cum
2709 2385 2902 2441 magna
2927 2371 3204 2443 voluptate
3242 2374 3520 2430 caueban-

1944 2463 2052 2509 tur.
2084 2453 2199 2510 Hoc
2224 2464 2405 2525 potest
2429 2455 2674 2512 insidens
2701 2459 3020 2519 animaevviri
3041 2461 3397 2529 desiderium,
3424 2462 3521 2535 qui

1942 2546 2145 2604 virtute
2182 2548 2403 2618 quidem
2446 2558 2530 2605 est
2568 2560 2815 2619 ornatus,
2850 2562 2935 2609 est
2963 2564 3145 2610 autem
3172 2557 3398 2613 sortitus
3423 2574 3521 2629 po-

1942 2638 2055 2708 puli
2104 2639 2653 2708 administrationem,
2688 2650 2744 2697 et
2787 2658 2909 2697 eum
2937 2654 3083 2701 amat
3107 2655 3352 2716 paterne.
3403 2646 3523 2704 ΙΙοε

1943 2739 2026 2786 est
2054 2730 2279 2787 evidens
2298 2743 2681 2804 argumentum
2713 2734 3028 2805 voluptatis,
3075 2752 3182 2807 qua
3208 2746 3337 2794 tunc
3363 2738 3520 2795 frue-

1940 2821 2161 2890 bantur,
2215 2824 2307 2895 qui
2337 2825 2599 2895 jucundis
2638 2841 2697 2882 se
2739 2827 3030 2898 explebant
3073 2827 3292 2885 ﬂuentis
3339 2846 3525 2888 aureae

1942 2913 2105 2984 hujus
2128 2914 2342 2986 linguae.
2367 2913 2521 2982 Quod
2542 2916 2709 2984 enim,
2740 2918 2831 2990 qui
2861 2933 2985 2975 eum
3017 2922 3524 2991 exceperunt,adeo

1943 3015 2072 3060 sunt
2094 3006 2222 3074 lati,
2268 3007 2322 3063 id
2349 3009 2674 3065 ostendebat
2705 3011 3067 3082 privationem
3102 3012 3271 3070 fuisse
3300 3028 3522 3071 causam

1942 3099 2125 3171 magni
2158 3100 2385 3156 doloris.
2414 3100 2643 3174 Magnus
2677 3112 2859 3160 autem
2891 3105 3065 3170 dolor,
3100 3117 3222 3177 post
3267 3109 3498 3179 pri-vatio
3584 3092 3593 3100 ’

262 3193 360 3247 καί
381 3191 453 3247 τὰ
480 3191 578 3263 μὲν
607 3190 788 3260 δεήσει
813 3187 1172 3260 χρησάμενοι,
1201 3186 1268 3240 τὰ
1290 3185 1347 3239 δὲ
1377 3184 1472 3238 καὶ
1495 3182 1841 3257 προσδιαισά-

1947 3205 2098 3257 nem,
2155 3200 2385 3248 testatur
2430 3192 2656 3249 omnino
2680 3193 2848 3248 fuisse
2901 3210 3086 3265 parem
3148 3204 3308 3252 antea
3368 3198 3526 3253 volu-

269 3300 443 3357 μενοι,
490 3283 739 3339 πείθουσι
773 3282 927 3352 μόλις
959 3279 1216 3350 ἐπιϐῆναι
1240 3277 1342 3349 τῆς
1370 3276 1599 3339 πόλεως.
1639 3275 1728 3339 Ὠς
1783 3274 1842 3329 δὲ

266 3380 363 3435 καὶ
397 3378 475 3451 τῷ
513 3376 688 3447 θρόνῳ
745 3372 993 3438 καθίζειν
1043 3370 1288 3442 ἔμελλον,
1365 3366 1602 3439 ἰσχυρῶς
1664 3365 1843 3420 ἀντείη

264 3488 413 3545 χετο,
459 3469 624 3524 πάλιν
669 3467 806 3532 δεῖν,
858 3464 1070 3533 λέγων,
1114 3462 1183 3517 τά
1231 3460 1576 3532 ψηφισθέντα
1614 3461 1844 3530 δοκιμασ-

268 3562 463 3633 σθῆναι
514 3559 784 3630 πρότερον
826 3553 1272 3623 καθολικωτέρας
1328 3550 1561 3620 τυχόντα
1622 3549 1843 3620 ἐπικρί-

266 3666 426 3714 σεως.
465 3648 606 3702 Ἀλλ’
667 3650 694 3702 ό
738 3646 832 3700 τοῦ
883 3644 1012 3699 λαοῦ
1068 3643 1336 3715 κρείττων
1388 3641 1601 3710 γίνεται
1682 3640 1847 3704 πόθος

269 3742 567 3814 (ὲγλίχοντο
607 3738 715 3811 γὰρ
763 3737 864 3808 τῆς
901 3735 1169 3807 μελιχρᾶς
1208 3732 1517 3787 ἐπακοῦσαι
1568 3731 1841 3802 γλώττης,

263 3830 332 3907 ἧς
383 3833 630 3903 συνήθως
685 3830 1008 3900 ἀπέλαυον),
1066 3826 1164 3882 καὶ
1205 3827 1286 3890 είς
1332 3825 1424 3879 τὸν
1451 3825 1847 3897 πατριαρχικδν

266 3925 440 3989 οὕτως
467 3920 734 3993 ἀνάγουσι
767 3921 981 3992 θρόνον.
1020 3918 1078 3973 '0
1108 3917 1167 3971 δὲ
1189 3916 1402 3981 πάντας
1429 3933 1493 3970 τε
1520 3915 1688 3986 ἡδέως
1712 3910 1845 3981 εἶδε,

267 4018 360 4073 καὶ
386 4015 576 4087 ῶσπερ
604 4015 745 4078 ἔθος,
772 4013 871 4085 τὴν
900 4013 1137 4083 εἰρήνην
1155 4011 1339 4074 αὐτοῖς
1369 4007 1665 4079 ἐπηύξατο.
1691 4004 1847 4061 Οὕτω

270 4109 373 4182 μὲν
398 4113 432 4181 ή
475 4108 773 4179 Ἐκκλησία
815 4106 905 4161 τὸν
959 4104 1163 4174 ἑαυτῆς
1196 4100 1431 4172 νυμφίον
1472 4097 1845 4161 ἀπολαϐοῦσα,

267 4200 365 4256 καὶ
401 4199 461 4252 τὸ
507 4195 793 4269 περιελθὸν
826 4195 966 4266 αὐτῇ
1017 4193 1156 4256 τέως
1213 4188 1540 4261 σκυθρωπὸν
1594 4188 1840 4259 λύσασα,

268 4293 421 4364 ήνθει
455 4290 551 4344 καὶ
605 4288 796 4344 ἔϐαλλε
838 4288 962 4351 ταῖς
1011 4285 1266 4356 ποτίμοις
1311 4282 1477 4337 αὑτοῦ
1524 4281 1634 4337 τῶν
1677 4282 1850 4352 λόγων

267 4382 609 4455 ἀρδευομένην
634 4380 861 4450 πηγαῖς.
897 4377 1066 4442 ’Δλλ’,
1100 4370 1146 4431 ὦ
1177 4374 1365 4445 φθόνε,
1394 4373 1564 4428 κακὸν
1598 4373 1846 4445 ἄμαχονι

268 4473 361 4527 Σοὶ
385 4474 496 4544 γὰρ
523 4471 661 4534 ὅλως
680 4470 781 4523 οὐκ
809 4464 877 4539 ἦν
913 4468 1163 4538 ήρεμείν,
1189 4465 1312 4521 οὐδέ
1354 4482 1477 4518 τινα
1505 4464 1665 4535 κόρον
1693 4463 1848 4535 ἔσχες

1947 3289 2170 3352 ptatem.
2209 3283 2345 3338 Cum
2373 3298 2501 3354 ergo
2525 3296 2826 3352 revertens,
2864 3295 3008 3342 esset
3042 3288 3286 3358 proxime
3335 3289 3526 3344 civitao

1949 3379 2079 3439 tem,
2109 3373 2329 3428 nolebat
2356 3373 2503 3444 prius
2533 3372 2762 3446 ingredi,
2788 3390 2950 3445 quam
2980 3376 3174 3447 majori
3199 3378 3406 3448 judicio
3437 3394 3526 3434 res

1948 3463 2068 3534 ejus
2098 3463 2573 3519 committeretur:
2631 3465 2727 3521 sed
2777 3466 3009 3537 populus
3039 3483 3184 3538 aegre
3215 3467 3442 3535 ferebat,
3469 3478 3526 3525 et

1946 3556 2013 3611 ad
2045 3555 2353 3612 audendum
2393 3557 2506 3628 jam
2549 3571 2608 3612 se
2657 3558 2903 3627 parabat.
2959 3565 3015 3611 et
3063 3571 3179 3623 eos,
3216 3558 3307 3637 qui
3339 3575 3523 3615 rerum

1947 3649 2318 3721 potiebantur,
2363 3651 2736 3706 insectabatur
2760 3650 3087 3717 maledictis,
3122 3652 3298 3707 donec
3334 3668 3527 3708 omnes

1948 3741 2002 3795 in
2058 3741 2198 3797 idem
2230 3741 2661 3823 convenientes,
2711 3750 2764 3798 et
2797 3742 2995 3813 partim
3045 3743 3263 3813 quidem
3308 3754 3530 3800 utentes

1948 3831 2222 3901 precibus,
2282 3830 2477 3902 partim
2536 3838 2718 3886 autem
2766 3831 2875 3887 vim
2927 3830 3216 3887 afferentes
3267 3832 3527 3903 (audaciae

1948 3921 2091 3977 enim
2123 3920 2325 3992 aliquid
2358 3921 2521 3977 habet
2548 3919 2901 3992 desiderium)
2934 3920 3023 3977 vix
3054 3922 3273 3977 tandem
3297 3938 3527 3993 persua-

1948 4013 2082 4069 dent
2114 4011 2413 4069 ascendere
2456 4012 2755 4067 civitatem.
2783 4009 2919 4067 Cum
2954 4026 3084 4067 vero
3107 4021 3293 4069 essent
3314 4028 3438 4068 eum
3470 4011 3527 4068 in

1950 4108 2078 4163 sede
2122 4105 2461 4171 collocaturi,
2512 4105 2628 4175 ipse
2678 4118 2868 4159 rursus
2892 4103 3096 4159 resistit
3123 4106 3533 4170 vehementius,

1951 4198 2141 4254 dicens
2173 4205 2429 4268 Oportere
2453 4212 2537 4262 ea,
2573 4211 2694 4266 quae
2724 4195 2875 4267 prius
2917 4204 3047 4251 sunt
3102 4196 3339 4262 decreta,
3395 4214 3526 4253 exa-

1950 4290 2170 4355 minari,
2197 4300 2253 4346 et
2276 4282 2501 4345 omnino
2530 4289 2701 4360 magis
2721 4288 2974 4360 generale
2995 4289 3211 4359 assequi
3236 4289 3525 4359 judicium.

1950 4381 2057 4437 Sed
2106 4382 2238 4438 vicit
2283 4381 2467 4451 populi
2495 4379 2781 4450 judicium,
2810 4378 2954 4448 quod
2978 4388 3098 4434 erat
3130 4379 3323 4435 fortius
3347 4382 3527 4436 omni-

1952 4476 2055 4531 bus
2087 4492 2101 4529 :
2136 4483 2190 4530 et
2223 4473 2302 4529 sic
2331 4488 2455 4528 cum
2490 4486 2679 4528 rursus
2699 4472 2754 4526 in
2776 4472 2960 4526 sedem
2992 4471 3259 4528 reducunt
3296 4473 3527 4544 patriar-

268 4565 378 4620 τῶν
409 4563 531 4618 κατ’
554 4561 724 4617 αὑτοῦ
755 4559 1093 4632 προσϐαλῶν,
1122 4557 1248 4624 ἕως,
1273 4544 1431 4630 ἄγρὶε
1451 4555 1547 4609 καὶ
1572 4555 1841 4618 ἀτίθιιιτσε1

1961 4564 2191 4622 chalem.
2224 4562 2317 4619 Ille
2339 4571 2520 4618 autem
2567 4570 2621 4617 et
2668 4576 2859 4617 omnes
2895 4561 3146 4617 lubenter
3185 4564 3413 4634 aspexit,
3447 4574 3524 4630 et,

242 4657 453 4712 ,τέλεον
503 4655 665 4710 αὑτὸν
705 4650 1043 4725 ἀπορρῆξαι,
1092 4650 1189 4703 καὶ
1251 4648 1469 4734 μακράν
1522 4646 1694 4701 θεῖναι
1748 4646 1841 4717 τῆς

1951 4664 2011 4712 ιιι
2056 4671 2180 4712 mos
2225 4656 2328 4722 est,
2353 4669 2545 4726 pacem
2570 4652 2650 4709 eis
2681 4660 2767 4709 est
2794 4664 3070 4724 precatus.
3101 4655 3168 4709 Et
3192 4653 3271 4709 sic
3303 4655 3527 4726 quidem

206 4756 211 4760 ’
270 4751 509 4822 ποίμνης
556 4748 806 4820 ἴσχυσας,
863 4746 948 4812 αἲ,
984 4743 1065 4810 αἳ,
1097 4743 1189 4797 τὸν
1224 4741 1390 4797 καλὸν
1442 4740 1697 4812 ποιμένα,
1752 4738 1841 4792 καὶ

1950 4751 2189 4807 Ecclesia
2208 4765 2331 4805 cum
2353 4763 2511 4804 suum
2531 4762 2793 4819 sponsum
2823 4748 3144 4819 accepisset,
3179 4757 3234 4805 et
3259 4764 3379 4821 qua:
3409 4743 3534 4807 eam

270 4846 579 4918 ὀφθαλμοῖς.
636 4842 940 4914 ἀγρύπνοις
1000 4836 1173 4911 αὐτῆς
1228 4836 1645 4911 προϊστάμενον.
1700 4833 1841 4905 Πλὴν

1951 4841 2409 4907 circumsistebat,
2455 4850 2585 4896 tunc
2611 4839 2861 4895 solvisset
2892 4839 3193 4910 tristitiam,
3220 4841 3447 4898 ﬂorebat
3474 4853 3529 4898 et

272 4939 408 4995 ἀλλὰ
435 4940 558 4996 τίνα
581 4938 784 5010 τρόπον
809 4935 993 4991 πάντα
1018 4932 1240 5004 συνέϐη,
1257 4932 1352 4987 καὶ
1372 4929 1595 5002 «eam;
1621 4927 1841 5000 ἀφορμὴ

1951 4931 2291 5005 germinabat
2318 4932 2535 5003 irrigata
2559 4930 2894 4987 suavissimis
2921 4932 3212 4988 verborum
3245 4933 3363 5004 ejus
3401 4933 3528 4989 fon-

271 5031 348 5103 τῴ
377 5032 557 5103 φθόνῳ
584 5029 681 5084 τοῦ
712 5027 932 5085 τοσοῦδε
970 5023 1180 5091 κακοῦ;

1954 5023 2120 5081 tibus.
2146 5025 2278 5093 Sed,
2307 5040 2341 5080 o
2360 5024 2585 5085 invidia.
2604 5023 2804 5079 malum
2826 5023 3108 5089 invictum,
3130 5025 3354 5091 malum,
3385 5028 3534 5097 quod

269 5140 487 5196 semper
534 5124 692 5180 bonis
742 5121 1051 5178 insidiatur.
1103 5116 1226 5179 Tibi
1264 5117 1412 5175 enim
1462 5117 1689 5175 omnino
1735 5131 1847 5173 non
1882 5114 2082 5174 licebat
2144 5117 2449 5188 quiescere,
2507 5133 2686 5188 neque
2715 5118 2821 5172 ulla
2860 5126 2913 5174 te
2934 5119 3080 5190 cepit
3110 5119 3331 5176 satietas
3353 5123 3535 5178 conti-

269 5236 506 5277 uuorum
545 5219 867 5285 insultuum,
900 5216 1098 5280 donec,
1125 5227 1159 5268 ο
1187 5228 1335 5269 θωνα
1355 5220 1413 5268 et
1474 5213 1724 5284 agrestis,
1758 5227 1882 5267 eum
1922 5213 2136 5267 valuisti
2193 5212 2417 5269 omnino
2443 5212 2769 5282 abrumpere
2794 5220 2849 5267 et
2886 5212 3072 5284 procul
3102 5228 3131 5269 a
3165 5229 3325 5287 grege
3356 5232 3537 5272 remo-

271 5335 420 5388 vere,
444 5318 595 5374 heu!
627 5313 769 5370 beul
797 5312 1011 5367 bonum
1028 5317 1327 5379 pastorem,
1353 5314 1410 5363 et
1441 5307 1534 5378 qui
1561 5305 1910 5378 vigilantibus
1971 5306 2144 5363 oculis
2198 5307 2249 5362 ei
2291 5313 2541 5376 praeerat.
2570 5305 2675 5362 Sed
2714 5322 2949 5377 quonam
2996 5306 3157 5363 modo
3184 5306 3300 5365 haec
3333 5324 3537 5366 evene-

271 5420 421 5475 runt,
448 5420 505 5466 et
532 5407 804 5464 undenam
830 5417 1021 5459 rursus
1040 5401 1257 5457 invidiae
1282 5399 1416 5454 tanti
1445 5399 1573 5455 mali
1596 5397 1850 5455 occasio?

340 5504 475 5562 MZ'.
516 5502 695 5574 Στήλη
734 5518 818 5566 τις
845 5498 1065 5572 ἀργυρᾶ
1109 5500 1211 5568 τῆς
1251 5496 1525 5568 βασιλίδος
1553 5495 1721 5566 ἐγγύς
1746 5513 1841 5550 που

2030 5490 2241 5547 XLVII.
2307 5491 2499 5547 Statua
2558 5492 2804 5562 quadam
2859 5502 3118 5566 argentea
3176 5494 3541 5567 impcratricis

271 5600 369 5656 τοῦ
418 5598 592 5672 ἱεροῦ,
620 5592 665 5668 ᾧ
707 5597 879 5668 Σοφία
932 5593 1241 5665 ἐπώνυμον,
1274 5592 1368 5646 ἐπὶ
1418 5590 1599 5654 κίονος
1635 5585 1722 5661 ἦν.
1763 5589 1841 5642 Ἐν

1961 5600 2127 5658 prope
2187 5584 2471 5656 templum,
2532 5586 2618 5641 cui
2673 5601 2973 5659 cognomen
3004 5596 3091 5645 est
3144 5585 3363 5659 Sophia,
3416 5602 3534 5646 erat

279 5693 453 5769 ταύτῃ
490 5691 740 5764 συνήθως
774 5689 1042 5762 δημώδεις
1066 5684 1382 5758 ἠθροίζοντο
1406 5681 1636 5738 παιδιαί.
1672 5682 1841 5750 Ὅπερ

1961 5693 2125 5750 super
2164 5677 2495 5733 columnam.
2535 5680 2687 5734 inea
2725 5679 2794 5735 de
2823 5693 2978 5735 more
3025 5680 3226 5736 ﬁebant
3260 5682 3368 5736 ludi
3408 5683 3535 5752 qui-

274 5786 304 5840 ὁ
336 5784 507 5857 μέγας
547 5783 706 5857 ⁸ὓϐριν
746 5779 885 5838 εἶναι
937 5778 1030 5836 τοῦ
1079 5775 1207 5833 ναοῦ
1250 5774 1632 5847 λογισάμενος,
1662 5773 1749 5827 διὰ
1793 5773 1841 5826 τὲ

1964 5773 2086 5827 dam
2135 5769 2355 5841 publici.
2402 5769 2559 5838 Quod
2607 5772 2827 5843 quidem
2862 5788 2985 5828 cum
3013 5789 3239 5846 magnus
3268 5774 3356 5859 ille
3386 5783 3537 5833 recte
