3834 6534
307 410 445 476 1275

1533 402 1816 463 MENSIS
1853 398 2308 482 JANUARIUs.

3417 398 3570 463 1176

299 529 607 594 reputasset
624 532 744 575 esse
771 517 953 587 templi
977 513 1360 572 contumeliam
1383 511 1472 582 (ad
1501 525 1686 566 sacros
1707 509 1872 570 enim,

1995 508 2094 570 τοῖς
2121 507 2288 577 ἱεροῖς
2309 503 2499 576 ὕμνοις
2523 501 2803 576 ᾀδομένοις
2827 502 3094 570 ἀτάκτους
3112 520 3172 558 τε
3195 505 3288 559 καὶ
3305 505 3570 576 ἀσήμους

300 616 392 688 qui
454 613 793 669 canebantur
851 610 1102 682 hymnos,
1149 607 1391 663 confusa:
1448 613 1503 659 et
1554 600 1874 657 inordinata;

301 721 460 762 voces
502 711 690 759 contra
733 701 1103 766 resonabant),
1150 714 1292 770 saepe
1318 705 1498 752 autem
1534 695 1872 756 adhortatus,

297 812 410 853 non
447 793 717 866 potuisset
751 791 929 846 facere
964 798 1024 845 ut
1053 797 1352 853 cessarent,
1381 787 1621 858 linguam
1646 785 1790 838 laxat
1821 781 1874 836 in

298 903 414 956 eos,
451 885 544 957 qui
577 885 690 939 lucc
721 883 984 955 jubebant
1011 881 1150 936 ficri.
1179 881 1368 950 Itaque
1399 877 1639 934 Eudoxia
1689 891 1878 932 rursus

305 982 374 1038 ad
420 996 478 1036 se
515 979 737 1034 trahens
788 991 850 1031 ea
907 991 1027 1046 quae
1070 973 1410 1038 dicebantur,
1462 982 1516 1028 et
1561 971 1878 1025 existimans

300 1072 484 1128 omnia
510 1071 576 1125 ad
607 1085 665 1126 se
710 1067 919 1132 referri,
942 1066 1176 1139 gnaviori
1207 1065 1314 1120 telo
1349 1064 1442 1118 ira:
1473 1063 1736 1127 sauciata,
1761 1068 1880 1115 erat

300 1160 680 1224 intolerabilis,
719 1171 820 1214 nec
841 1165 1054 1228 poterat
1074 1153 1340 1220 cohiberi,
1369 1161 1633 1224 quantum
1664 1150 1878 1205 ellicere

299 1262 535 1325 poterat,
587 1251 903 1306 universum
951 1255 1196 1302 evertere
1255 1244 1596 1316 aggrediens,
1638 1251 1692 1296 et
1740 1239 1877 1295 nihil

299 1343 450 1399 aliud
477 1340 732 1397 ellectum
762 1338 989 1394 reddere
1018 1335 1358 1398 machinans,
1381 1349 1543 1404 quam
1573 1341 1878 1402 opportune

301 1452 428 1492 eum
451 1433 656 1498 ulcisci,
683 1432 774 1502 qui
800 1431 947 1486 visus
969 1429 1142 1484 fuerat
1159 1443 1278 1484 eam
1297 1427 1506 1482 afﬁcere
1526 1424 1722 1496 injuria
1743 1423 1875 1496 (56).

302 1531 514 1587 Rursus
554 1541 682 1596 ergo
719 1521 900 1578 statim
930 1521 1362 1593 congregabatur
1391 1518 1630 1590 synodus
1661 1515 1794 1590 (37),
1826 1523 1881 1571 et

301 1619 496 1674 litterae
543 1613 902 1670 mittebantur
935 1611 1318 1682 imperatoria},
1345 1624 1467 1680 quae
1501 1615 1556 1663 et
1583 1608 1719 1663 alios
1759 1607 1880 1681 epi-

303 1727 498 1783 scopos
523 1721 575 1766 et
604 1724 719 1774 eos,
743 1707 834 1776 qui
869 1718 1044 1775 nuper
1093 1711 1438 1760 accusatores
1484 1701 1722 1767 fuerant,
1753 1715 1884 1756 evo-

301 1805 520 1864 cabant.
573 1801 707 1856 Cum
757 1805 939 1852 autem
991 1811 1100 1850 non
1128 1804 1272 1850 esset
1321 1795 1402 1850 eis
1441 1793 1670 1848 honesta
1718 1787 1880 1849 causa

1979 596 2334 668 άντηχεῖσθαι
2368 595 2574 666 φωνάς,
2619 597 2744 650 ἐπεὶ
2781 595 2953 650 πολλὰ
2984 597 3326 669 παραινέσας
3353 599 3570 655 παύειν

1978 688 2080 742 οὐκ
2126 684 2264 758 εἷχε,
2293 691 2618 762 παραχωρεῖ
2658 691 2726 760 τῇ
2778 687 2994 762 γλώττῃ
3035 689 3180 743 κατὰ
3220 689 3331 743 τῶν
3379 691 3570 744 ταῦτα

1979 777 2230 847 γενέσθαι
2273 778 2626 836 κελευόντων.
2673 781 2736 833 Ἦ
2790 781 2967 836 τοίνυν
2991 780 3232 846 Εὺδοξία
3272 781 3436 835 πάλιν
3471 783 3573 846 εις

1981 871 2182 940 ἑαυτὴν
2210 870 2443 924 ἕλκουσα
2468 871 2538 926 τά
2583 871 2874 942 λεγόμενα,
2906 873 3004 926 καὶ
3042 873 3179 946 πρὸς
3226 873 3396 944 αὐτὴν
3422 875 3575 928 ἀνα-

1981 959 2247 1030 φέρεσθαι
2295 959 2358 1014 τὺ
2405 963 2513 1016 πᾶν
2562 963 2808 1034 οἰομένη,
2852 962 3138 1036 βαρυτέρῳ
3183 967 3418 1018 τυπεῖσα
3457 965 3571 1019 τοῦ

1982 1051 2158 1123 θυμοῦ
2195 1052 2408 1126 κέντρῳ
2447 1053 2722 1126 άφόρητός
2760 1071 2821 1109 τε
2864 1056 2958 1110 καὶ
2993 1057 3296 1120 ἀκάθεκτος
3342 1052 3434 1128 ἦν,
3480 1058 3568 1126 γῇ

1981 1145 2260 1199 Θάλασσαν
2311 1146 2570 1217 μιγνῦσα,
2616 1147 2712 1200 καὶ
2761 1145 2823 1201 τδ
2886 1149 2996 1203 πᾶν
3040 1147 3348 1219 στρέφουα,
3399 1148 3566 1202 οὐδὲν

1980 1237 2112 1293 ἄλλο
2159 1239 2440 1311 περαίνειν
2496 1239 2800 1311 βουλομένη
2843 1240 3196 1312 πρότερον,ἢ
3243 1238 3570 1309 ἀμύνασθαι

1981 1331 2072 1385 τὸν
2099 1331 2327 1400 δόξαντα
2362 1331 2669 1406 ὑθρικέναι.
2697 1331 2873 1397 Εὐθὺς
2910 1329 3004 1387 οὖν
3039 1333 3257 1398 σύνοδος
3285 1334 3572 1404 expc-.sz

1985 1426 2170 1492 πάλιν,
2206 1426 2300 1481 καὶ
2336 1426 2590 1498 βασιλικά
2623 1427 2760 1498 πρὸς
2796 1426 2972 1498 τούτῳ
3002 1431 3308 1500 γράμματα
3331 1429 3571 1498 διεπέμ-

1984 1535 2170 1582 ποντο,
2227 1519 2420 1585 ἄλλους
2466 1537 2526 1574 τε
2566 1520 2677 1574 τῶν
2711 1522 3045 1588 ἐπισκόπων,
3073 1523 3168 1576 καὶ
3207 1523 3330 1587 τοὺς
3364 1520 3572 1592 πρώην

1984 1611 2325 1684 κατηγόρους
2357 1613 2836 1686 μετακαλούμενα.
2863 1615 3018 1670 Ἐπεὶ
3047 1615 3106 1669 δὲ
3129 1619 3231 1670 οὐκ
3265 1611 3338 1687 ἦν
3374 1617 3570 1678 αὐτοῖς

1983 1704 2344 1776 εὐπρόσωπος
2395 1705 2620 1778 ἀφορμὴ
2668 1707 2763 1761 τοῦ
2812 1706 2884 1762 τά
2948 1709 3053 1780 ἤδη
3111 1707 3573 1780 κατηγορηθέντα

1985 1798 2178 1860 κινεῖν,
2209 1797 2360 1868 ὅμως
2405 1799 2508 1852 οὐκ
2551 1797 2794 1870 ἄσπορον
2838 1800 3074 1870 κατέστη
3125 1800 3238 1864 τοῖς
3285 1801 3569 1870 πονηροῖς,

303 1893 560 1954 movendi
611 1907 700 1955 ea,
743 1903 974 1962 quorum
1016 1887 1125 1958 jam
1172 1886 1354 1941 fuerat
1410 1893 1737 1950 accusatus,
1791 1899 1881 1939 ars

1995 1887 2184 1958 μαθεῖν
2211 1865 2272 1952 ἐξ
2311 1889 2498 1962 ἐτέρου
2531 1865 2920 1960 σπουδάσασιν,
2950 1891 2980 1945 δ
3019 1865 3222 1960 γνῶναι
3269 1865 3574 1964 παρ’-ἔαυ-

304 1999 484 2046 tamen
513 2001 621 2042 non
655 1984 830 2040 defuit
881 1981 1120 2038 malitia.
1150 1981 1234 2036 Ad
1283 1996 1410 2036 eum
1454 1979 1624 2045 enim,
1684 1977 1777 2050 qui
1825 1979 1882 2033 in

302 2081 468 2136 rebus
533 2076 805 2150 ejusmodi
853 2083 972 2131 erat
1028 2071 1522 2145 ingeniosissimus,
1555 2079 1608 2125 et
1655 2069 1722 2124 ad
1770 2069 1885 2124 haec

304 2168 671 2228 construenda
709 2166 1115 2231 solertissimus,
1153 2177 1348 2234 nempe
1387 2161 1454 2216 ad
1497 2161 1882 2230 Theophilum,

305 2271 616 2320 statuerunt
647 2259 910 2325 scribere,
959 2267 1020 2314 ut
1063 2257 1150 2314 vel
1198 2254 1414 2329 veniret
1455 2253 1882 2325 quamprimum,

303 2357 391 2412 vel
427 2354 647 2410 modum
667 2352 748 2408 eis
770 2365 963 2408 rursus
987 2357 1321 2422 suggereret,
1353 2363 1449 2418 per
1475 2363 1635 2418 quem
1664 2355 1887 2418 possent

307 2449 572 2505 adversus
623 2444 849 2502 Joannis
899 2456 1169 2498 summam
1203 2439 1532 2496 contendere
1579 2442 1884 2494 veritatem.

306 2541 428 2613 Ipse
453 2545 658 2603 autem,
699 2545 756 2591 ut
786 2532 879 2606 qui
921 2532 1195 2604 quomodo
1226 2531 1452 2602 fugisset
1483 2537 1629 2586 esset
1655 2543 1884 2593 memor,

306 2631 496 2688 venire
531 2627 752 2700 quidem
777 2628 846 2682 ad
869 2641 964 2682 eos
1000 2623 1289 2690 recusavit,
1317 2631 1376 2678 ut
1408 2619 1552 2692 quod
1596 2635 1706 2676 non
1745 2626 1889 2676 esset

309 2725 414 2782 sibi
435 2720 814 2779 conducibile:
841 2717 1006 2774 mittit
1027 2726 1208 2772 autem
1233 2725 1343 2772 tres
1369 2730 1432 2770 ex
1461 2713 1576 2770 suis
1595 2712 1886 2785 episcopis,

309 2821 390 2875 eis
419 2817 546 2874 dato
575 2827 786 2872 canone
821 2811 888 2867 ad
933 2807 1338 2866 accusationem
1376 2805 1512 2876 (58),
1551 2819 1712 2875 quem
1739 2803 1890 2873 prius

309 2912 718 2982 proposuetunt
776 2899 967 2956 Ariani
1025 2898 1287 2954 adversus
1352 2895 1588 2950 validum
1631 2891 1890 2948 Ecclesiae

309 2997 802 3075 propugnaculum,
840 3007 1038 3064 nempe
1077 2987 1460 3052 Athanasium,
1495 2985 1587 3056 qui
1623 2984 1758 3075 dicit
1787 3001 1801 3037 ε
1831 2983 1891 3039 Si

312 3073 435 3164 quis
462 3090 754 3162 episcopus
783 3095 878 3140 aut
899 3082 1178 3154 presbyter
1197 3079 1341 3150 justc
1370 3085 1464 3132 aut
1491 3075 1653 3131 etiam
1688 3073 1891 3144 injuste

313 3184 621 3256 depositus,
648 3195 747 3252 per
775 3193 836 3233 se
873 3175 1102 3231 redierit
1144 3173 1347 3242 absque
1375 3167 1582 3242 synodo
1611 3165 1887 3230 Ecclesiae,

314 3280 364 3333 ci
396 3292 507 3332 non
549 3274 710 3330 detur
749 3267 984 3340 amplius
1021 3267 1173 3322 locus
1217 3260 1577 3320 defensionis.
1607 3258 1785 3331 Atque
1815 3257 1893 3314 sic

315 3367 537 3442 quidem
569 3365 637 3430 is,
660 3362 748 3419 cui
769 3361 953 3416 nullus
976 3365 1095 3414 erat
1121 3373 1219 3428 par
1248 3355 1616 3426 improbitate,
1641 3352 1894 3409 cochlear

314 3457 588 3523 Ecclesiae,
625 3455 824 3526 Libyca
857 3453 1013 3524 plane
1042 3450 1180 3518 fera,
1229 3464 1294 3505 ex
1351 3447 1585 3519 A‘Igypto
1646 3445 1892 3507 Proteus,

318 3551 481 3624 jussit
505 3563 600 3606 eos
625 3547 809 3604 dicere
837 3543 931 3615 qui
979 3543 1050 3598 ab
1103 3543 1221 3612 ipso
1265 3537 1416 3595 missi
1475 3537 1714 3602 fuerant,
1755 3534 1894 3591 nihil

319 3643 464 3701 aliud
493 3641 681 3698 volens
703 3637 945 3702 efﬁcere,
970 3649 1132 3706 quam
1163 3642 1222 3688 ut
1268 3632 1346 3688 sic
1391 3646 1490 3686 sua
1542 3635 1689 3684 esset
1742 3626 1896 3682 ﬁrma

257 3757 262 3762 ·
319 3753 383 3794 ac
411 3743 526 3791 rata
551 3731 846 3797 sententia,
893 3738 948 3784 et
993 3741 1062 3782 ne
1107 3726 1224 3780 viro
1253 3723 1470 3796 egregio
1502 3723 1726 3778 daretur
1747 3719 1900 3775 locus

319 3825 565 3884 diluendi
603 3822 925 3884 calumnias,
959 3833 1082 3888 quae
1130 3815 1460 3884 ei°objectae
1503 3813 1742 3868 fuerant.
1791 3809 1901 3866 Sed.

320 3920 413 3978 ille
451 3932 559 3972 non
595 3913 895 3984 vulpinam,
927 3909 1021 3964 sed
1048 3907 1320 3963 leoninam
1361 3904 1544 3978 potius
1581 3902 1778 3974 pellem
1809 3901 1896 3956 in-

322 4011 518 4071 duens,
551 4016 748 4073 nempe
793 4000 1100 4064 veritatem,
1150 3996 1284 4052 dicit
1333 4009 1436 4050 nec
1472 4009 1532 4058 se
1586 3993 1641 4047 in
1693 3991 1898 4064 judicio

320 4104 510 4167 fuisse,
543 4113 718 4171 neque
739 4094 1137 4171 accusationem
1162 4092 1456 4155 audivisse,
1481 4103 1660 4159 neque
1676 4087 1899 4143 omnino

321 4196 586 4254 habuisse
635 4170 854 4262 tempus
897 4189 965 4244 ad
1001 4170 1376 4243 defensionem
1414 4201 1428 4238 :
1469 4181 1538 4236 ab
1570 4181 1900 4251 imperatore

323 4303 505 4366 autem
561 4291 731 4347 fuisse
759 4289 1066 4360 expulsum,
1101 4292 1156 4340 et
1187 4283 1258 4338 ab
1291 4281 1381 4336 illo
1406 4295 1594 4336 rursus
1620 4279 1706 4336 vel
1755 4278 1894 4334 invi-

327 4399 440 4444 tum
493 4383 910 4440 introductum:
975 4375 1177 4447 alioqui
1229 4383 1411 4430 autem
1463 4388 1524 4429 se
1560 4371 1702 4428 scire
1755 4373 1900 4427 hunc

323 4493 590 4538 canonem
628 4475 798 4532 fuisse
843 4469 1206 4541 compositum
1249 4467 1319 4523 ab
1369 4462 1632 4522 Arianis:
1673 4473 1728 4520 et
1769 4479 1902 4534 quo-

1985 1978 2094 2032 τῶν
2126 1979 2333 2052 ἄπορον
2363 1976 2452 2054 ἦν.
2493 1981 2560 2036 Τί
2592 1978 2688 2036 οὖν
2723 1983 3074 2051 σκέπτονται,
3109 1985 3204 2038 καὶ
3249 1987 3340 2037 ποῖ
3373 1985 3576 2054 φέρον-ι

1983 2086 2117 2136 ται;
2153 2070 2294 2144 Πρὸς
2327 2073 2420 2126 τὸν
2465 2073 2628 2143 σοφὸν
2668 2073 2736 2128 τά
2769 2073 2997 2130 τοιαῦτα
3039 2077 3134 2130 καὶ
3179 2073 3572 2146 ποριμώτατον

1987 2166 2318 2235 κακουργεῖν
2347 2166 2583 2236 γράφειν
2625 2166 2893 2236 ἔγνωσαν,
2925 2168 3022 2221 καὶ
3059 2166 3191 2238 παρ’
3221 2167 3388 2221 αὑτοῦ
3417 2167 3572 2221 διδα-

1942 2290 1948 2296 .
1986 2255 2186 2324 χθῆναι
2218 2254 2316 2328 τὴν
2358 2256 2468 2310 τῶν
2518 2258 2914 2330 ἀπορουμένων
2971 2259 3216 2332 εὖρεσιν.·
3256 2259 3574 2330 Γράφουσιν

1987 2343 2083 2402 οὖν
2115 2349 2361 2420 Θεοφίλῳ
2389 2351 2423 2419 ἢ
2457 2351 2772 2424 ἀπαντῆσαι
2801 2351 2863 2406 τδ
2901 2353 3068 2424 τάχος
3099 2353 3279 2419 πάλιν,
3306 2354 3339 2426 ἢ
3364 2353 3576 2424 τρόπον

1988 2439 2172 2504 αὐτοῖς
2215 2440 2554 2510 ὑποθέσθαι,
2601 2443 2670 2497 δι’
2711 2437 2772 2499 οὗ
2819 2443 2886 2498 άν
2939 2444 3217 2516 δυνηθεῖεν
3283 2446 3421 2514 προς
3467 2447 3577 2516 τὴν

1991 2531 2193 2604 πολλὴν
2259 2533 2508 2589 Ἰωάννου
2560 2535 2882 2592 διαπαλαίεν
2935 2537 3214 2608 ἀλήθειαν.
3255 2537 3426 2602 Αὐτὸς
3476 2533 3577 2592 οὖν

1991 2623 2267 2690 συνειδὼς,
2290 2627 2442 2689 ὅπως
2461 2621 2673 2698 ἀπέδρα
2699 2629 2992 2701 πρότερον,
3016 2629 3078 2682 τὸ
3103 2629 3203 2700 μὲν
3233 2629 3574 2700 ἀπαντῆσαι,

1991 2716 2086 2772 ἆτε
2113 2719 2188 2790 μὴ
2219 2718 2536 2774 λυσιτελοῦν
2574 2721 2743 2792 αὐτῷ,
2778 2722 3165 2795 παρῃτήσατω
3198 2725 3346 2794 τρεῖς
3372 2722 3430 2776 δὲ
3461 2723 3577 2777 τῶν

1993 2809 2086 2864 ὑπ’
2118 2811 2282 2866 αὑτὸν
2342 2813 2658 2867 ἐπισκόπων
2717 2814 3016 2884 ἐκπέμπει,
3067 2815 3270 2869 κανόνα
3311 2815 3436 2880 δοὺς
3492 2816 3578 2879 εἰς

1992 2902 2349 2975 κατηγορίαν,
2366 2903 2426 2957 δν
2457 2905 2728 2976 Ἀρειανοὶ
2757 2905 3020 2978 πρότερον
3043 2906 3185 2961 κατά
3211 2905 3307 2960 τοῦ
3338 2907 3576 2979 στερροΰ

1991 2995 2089 3062 τῆς
2131 2995 2457 3068 Ἐκκλησίας
2498 2997 2822 3068 ἐρείσματος
2864 2997 3187 3052 ’Δθανασῖου
3219 2999 3575 3070 προέτειναν,

1999 3088 2066 3143 El'
2093 3107 2177 3154 τις
2221 3091 2539 3157 ἐπίσκοπος,
2579 3090 2827 3160 λέγοντα,
2859 3091 2892 3162 ἢ
2932 3091 3304 3163 πρεσδύτερος
3341 3092 3577 3159 δικαίως

1993 3181 2027 3251 ἢ
2056 3182 2149 3236 καὶ
2175 3183 2376 3247 ἀδίκως
2413 3183 2788 3254 καθαιρεθεὶς,
2820 3184 2999 3254 ἐαυτῷ
3029 3185 3318 3239 ἐπανέλθοι
3345 3185 3570 3239 συνόδου

1993 3273 2118 3346 δίχα
2169 3276 2236 3347 τῇ
2296 3275 2618 3348 Ἐκκλησία,
2665 3274 2744 3346 τῷ
2783 3275 3010 3348 τοιούτῳ
3072 3277 3272 3347 μηκέτι
3327 3277 3574 3331 δίδοσθαι

1997 3369 2180 3441 χώραν
2229 3367 2548 3438 ἀπολογίας.
2586 3367 2746 3424 Οὕτω
2779 3369 2878 3441 μὲν
2907 3369 3002 3424 οὖν
3034 3371 3062 3423 ὁ
3115 3369 3305 3442 μηδενὶ
3331 3370 3434 3442 τὴν
3477 3387 3580 3425 πο-

1997 3460 2188 3532 νηρίαν
2219 3459 2525 3532 ίσούμενος,
2561 3461 2590 3514 δ
2629 3461 2729 3532 τῆς
2757 3461 3088 3532 Ἐκκλησίας
3135 3461 3336 3526 δοίδυξ,
3368 3463 3431 3514 τὸ
3472 3463 3576 3516 Λι-

1999 3551 2166 3606 ϐυκὸν
2187 3549 2398 3622 θηρίον,
2429 3553 2457 3604 ό
2481 3550 2540 3618 ἐξ
2559 3551 2838 3620 Αἰγύπτου
2867 3553 3144 3622 Πρωτεὺς,
3170 3552 3344 3616 οὕτως
3367 3555 3577 3618 ἐκεῖνος

1997 3646 2108 3708 τοῖς
2147 3643 2240 3698 ὑπ’
2289 3643 2452 3698 αὑτοῦ
2505 3645 2832 3715 πεμφθεῖσιν
2871 3645 3142 3716 ἐπέτρεψε
3185 3645 3386 3715 λέγειν,
3418 3645 3578 3700 οὐδὲν

1999 3735 2210 3809 ἕτερον,
2251 3735 2284 3808 ἢ
2314 3736 2414 3808 τὴν
2442 3734 2608 3791 αὑτοῦ
2640 3735 2962 3808 βουλόμενος
2990 3737 3170 3808 ψῆφον
3201 3739 3447 3808 κρατεῖν,
3479 3738 3576 3792 καὶ

2005 3829 2142 3900 μηδὲ
2174 3825 2360 3900 χώραν
2384 3827 2608 3898 δοθῆναι
2635 3829 2713 3900 τῷ
2733 3829 2985 3901 μακαρίῳ
3013 3830 3110 3894 τάς
3137 3830 3393 3895 suam;
3423 3832 3578 3885 ἀπο-

2002 3918 2291 3975 δύσασθαι.
2336 3919 2510 3983 Αὐτὸς
2556 3919 2614 3974 δὲ
2674 3922 2812 3991 μήτε
2867 3919 3192 3975 δικάσασθαι
3243 3922 3378 3988 ἔφη,
3439 3923 3577 3995 μήτε

2004 4011 2220 4083 γραφῆς
2257 4010 2516 4077 ἀκοῦσαι,
2547 4009 2696 4083 μήθ’,
2721 4011 2857 4076 ὅλως
2891 4013 3084 4084 καιροῦ
3123 4015 3305 4084 τυχεῖν
3337 4015 3416 4078 είς
3443 4017 3578 4068 ἀπο-

2002 4103 2192 4172 λογίαν
2215 4119 2231 4136 ·
2270 4102 2377 4157 ὑπὸ
2403 4102 2667 4174 βασιλέως
2701 4103 2759 4158 δὲ
2798 4105 3124 4178 ἐξωσθῆναι,
3157 4107 3255 4159 καὶ
3282 4108 3412 4176 παρ’
3437 4105 3582 4159 ἑκεί-

2004 4212 2096 4248 νου
2113 4195 2276 4250 πάλιν
2305 4195 2642 4267 εἰσαχθῆναι,
2669 4197 2766 4250 καὶ
2794 4196 2869 4268 μὴ
2895 4197 3234 4269 βουλόμενος·
3254 4197 3429 4260 άλλως
3449 4197 3580 4252 τεδὲ

2004 4286 2099 4342 καὶ
2122 4287 2214 4340 τὸν
2237 4287 2439 4341 κανόνα
2457 4287 2646 4342 τοῦτον
2667 4287 2758 4342 ὑπ’
2781 4289 3078 4360 Ἀρειανῶν
3095 4287 3213 4344 οἰδα
3232 4290 3575 4357 συντεθέντα,

2004 4377 2098 4436 καὶ
2130 4379 2212 4432 ὅτι
2243 4379 2320 4450 μὴ
2348 4377 2529 4442 καλῶς
2556 4375 2720 4452 εῖχεν,
2744 4380 2850 4435 ὑπὸ
2871 4381 2969 4452 τῆς
3000 4383 3058 4436 έν
3088 4379 3324 4454 Σαρόικῇ
3361 4382 3578 4436 συνόδου

2003 4473 2433 4540 διαστραφένταο
2465 4467 2712 4540 εἷταιτοῖς
2741 4474 2873 4546 περὶ
2897 4473 3154 4528 ’Λκάκιον
3171 4475 3266 4528 καὶ
3287 4475 3577 4547 Ἀντίοχον,

261 4624 269 4633 .
323 4573 472 4628 niam
501 4584 610 4626 non
663 4577 808 4623 recte
849 4579 910 4620 se
955 4560 1209 4624 habebat,
1263 4575 1294 4614 a
1341 4555 1648 4614 Sardicensi
1696 4557 1890 4628 synodo

2007 4563 2339 4636 Σεὸηριανόν
2361 4581 2421 4618 τε
2455 4567 2551 4618 καὶ
2567 4567 2826 4637 Κυρῖνον,
2855 4562 2952 4620 καὶ
2979 4567 3070 4620 τοῦ
3099 4567 3298 4638 μέρους
3331 4567 3578 4622 Ἰωάννου

321 4664 494 4721 fuisse
521 4661 838 4730 abrogatum
862 4654 994 4728 ('59).
1020 4652 1227 4709 Deinde
1248 4666 1372 4708 cum
1412 4649 1575 4704 simul
1615 4663 1739 4702 cum
1767 4648 1904 4701 Aca-

326 4757 413 4813 cio
437 4763 492 4810 et
524 4729 797 4808 Antiocho
843 4757 900 4804 et
930 4747 1051 4804 aliis
1085 4743 1574 4802 calumniatoribus
1631 4755 1697 4794 ex
1747 4729 1903 4810 parte

325 4858 545 4918 quoque
563 4839 792 4898 Joannis
829 4838 1020 4893 decem
1053 4834 1282 4908 ingressi
1315 4831 1549 4887 fuissent
1577 4828 1642 4882 ad
1674 4829 1906 4898 impera-

329 4949 528 5004 torem,
584 4943 640 4989 et
669 4932 742 4987 illi
769 4929 989 5002 quidem
1021 4927 1372 4988 afﬁrmarent,
1403 4923 1608 4990 dictum
1637 4935 1902 4994 canonem

327 5044 450 5086 esse
498 5027 714 5081 firmum
760 5033 816 5078 et
846 5022 1104 5086 validum,
1133 5027 1192 5073 ut
1214 5017 1304 5088 qui
1335 5025 1526 5086 aperte
1551 5013 1728 5068 factus
1759 5019 1904 5068 esset

326 5123 396 5178 ab
449 5115 810 5174 orthodoxis:
872 5114 927 5168 hi
975 5119 1159 5167 autem
1213 5109 1475 5172 dicerent,
1524 5120 1651 5160 eum
1701 5119 1822 5160 esse
1849 5113 1906 5160 et

326 5211 532 5270 tuentis
579 5215 635 5263 et
677 5206 874 5276 lingua:
904 5205 1192 5262 haereticae,
1227 5209 1282 5256 et
1315 5199 1550 5271 maligne
1583 5198 1651 5252 ab
1680 5197 1762 5252 eis
1785 5211 1906 5252 esse

325 5311 631 5364 inventum.
663 5300 1022 5370 Quamobrem
1054 5313 1197 5368 saepe
1221 5297 1289 5352 ab
1315 5295 1556 5352 Ecclesia
1581 5293 1780 5365 injuste
1811 5306 1910 5348 ex-

397 5507 512 5579 (56)
547 5501 811 5579 Baronius
834 5496 1116 5579 justiorem
1148 5499 1530 5579 commotionis
1548 5512 1769 5579 causam
1795 5495 1889 5579 ξο-

324 5569 701 5636 οιιὴίεόοιηιο
747 5569 1041 5642 Eudoxiam
1077 5574 1291 5642 astruit,
1325 5572 1469 5642 quod
1511 5571 1632 5640 ejus
1665 5569 1890 5624 simula-

322 5667 478 5708 crum
503 5649 730 5708 scilicet,
759 5658 867 5697 non
895 5641 1068 5696 solum
1090 5641 1504 5712 Qonstantinop.
1537 5648 1894 5712 veneraretur

325 5706 420 5778 ἐρὶι
446 5706 541 5793 per
569 5706 876 5793 provincias
895 5713 1057 5793 etiarn
1085 5706 1634 5793 Ethnicorumlittslar
1661 5710 1896 5766 circum-

325 5782 582 5850 ιόιιηὲιιινῖ
618 5789 749 5844 Vide
774 5783 944 5851 bra-il.
984 5782 1177 5838 Baron.
1208 5784 1274 5838 ad
1297 5801 1386 5840 an.
1416 5783 1536 5839 404.

421 5865 510 5935 37)
547 5862 718 5917 Anno
763 5855 879 5912 404.
925 5853 1124 5932 lterum
1160 5857 1367 5930 cogitur
1421 5853 1658 5928 synodus
1707 5859 1898 5909 contra

2003 4655 2137 4710 δέκα
2176 4655 2626 4710 συνεισελθόντων
2655 4659 2734 4722 εἰς
2781 4657 3032 4729 βασιλέα,
3064 4660 3158 4713 καὶ
3183 4658 3292 4736 τῷν
3336 4659 3437 4730 μὲν
3465 4659 3584 4712 δια·

2005 4749 2456 4838 τεινομένωντδν
2491 4749 2590 4822 ἠδη
2639 4751 2901 4822 λεχθέντα
2937 4752 3326 4824 συντηρεῖσθαι
3357 4751 3578 4817 κανόνα,

2003 4841 2079 4906 ὥς
2126 4859 2192 4912 γε
2230 4843 2326 4895 καὶ
2377 4841 2483 4895 ὑπὸ
2539 4843 2838 4912 ὀρθοδόξων
2899 4843 3330 4916 συντεθειμένον,
3382 4842 3495 4897 τῶν
3521 4841 3580 4896 δὲ

2004 4935 2294 5008 αίρετικῆς
2329 4933 2492 4988 αὑτὸν
2543 4935 2740 5006 φρενὸς
2791 4933 2929 4991 εἶναι
2978 4937 3268 5007 λεγόντων,
3323 4937 3420 4991 καὶ
3477 4935 3584 4990 ὑπδ

2003 5029 2212 5083 τούτων
2261 5025 2588 5099 κακούργως
2638 5028 3026 5101 ἐξευρημένον,
3063 5031 3180 5086 ἀνθ’
3211 5024 3288 5085 ὧν
3323 5031 3586 5094 πολλάκις

2005 5116 2106 5193 τῆς
2143 5120 2473 5191 Ἐκκλησίας
2503 5119 2707 5186 άδίκως
2756 5121 3052 5188 ἀπελαθεὶς
3095 5123 3435 5188 ’Δθανάσιος,
3467 5119 3586 5176 εἶτα

2010 5211 2206 5284 καιροῦ
2230 5210 2514 5281 τυγχάνων
2539 5210 2720 5282 ἑαυτῷ
2743 5211 2994 5284 έπεισῄει
3016 5229 3030 5244 ο
3062 5215 3155 5267 καὶ
3177 5215 3368 5285 ὅτιπερ
3406 5212 3590 5266 Ἰωάνα

2007 5323 2104 5371 νης
2138 5303 2258 5358 οὐδὲ
2291 5299 2604 5374 καθῄρηται
2651 5302 2944 5375 πρότερον,
2979 5302 3095 5358 ἀλλ’
3125 5303 3299 5369 οὕτως
3345 5303 3453 5360 ὑπὸ
3493 5303 3587 5358 κός

1995 5493 2172 5550 virum
2203 5493 2317 5547 Dei.
2351 5491 2484 5548 Vide
2515 5488 2746 5559 Niceph.
2791 5489 2886 5544 lib.
2917 5504 3038 5550 xm.
3076 5487 3229 5559 c.‘l7
3262 5502 3287 5559 ;_
3313 5485 3468 5542 Socr.
3487 5487 3582 5543 lib.

1997 5580 2161 5640 vt,_c.
2202 5564 2305 5630 16;
2342 5563 2560 5619 Sozom.
2585 5557 2682 5616 lib.
2720 5575 2837 5625 vtu,
2859 5576 2982 5640 gap.
3017 5559 3108 5624 20,
3129 5557 3228 5626 2i;
3257 5557 3470 5613 Banad
3491 5575 3582 5614 an.

1997 5635 2184 5779 ll0:38)
2219 5705 2348 5779 Erat
2370 5704 2463 5779 hic
2491 5719 2666 5779 canon
2691 5702 2905 5779 concilii
2950 5659 3278 5779 Antiocheni
3318 5701 3377 5757 in
3396 5698 3583 5756 Eume-

2003 5771 2130 5840 niis,
2157 5771 2226 5831 ab
2257 5775 2474 5830 Ariauis
2511 5775 2792 5840 celebrati,
2829 5783 2887 5830 ut
2918 5783 3069 5830 notat
3096 5771 3214 5827 Bar.

2079 5847 2196 5919 (59)
2227 5846 2428 5904 Concif.
2465 5845 2672 5902 Sardic.
2707 5861 2754 5900 ε.
2791 5846 2844 5901 5.
