3834 6484
272 417 411 486 UTI

1332 410 1511 472 VITA
1547 410 1607 471 S.
1649 408 1969 472 JOANNIS
2003 408 2563 471 CHRYSOSTOMI.

3394 378 3535 471 1.178

269 551 443 605 μητος
472 530 845 597 ὲξελαυνεται,
866 527 962 583 καί⁸
981 527 1104 582 οὐδὲ
1134 526 1312 599 ἑαυτῷ
1341 525 1684 598 ἐπεισῆλθεν,
1704 525 1839 579 ἀλλὰ

1962 527 2134 581 ιιιιςιιε
2155 525 2502 589 Athanasius,
2521 522 2719 580 deinde
2741 521 3087 580 occasionem
3109 528 3326 585 nactus,
3357 537 3456 592 per
3476 538 3535 577 sc

266 629 347 697 τῷ
382 626 462 696 σῷ
506 624 724 696 κράτει,
761 623 949 693 φησὶν,
977 620 1149 686 εἴξας,
1181 614 1228 675 ὧ
1274 619 1520 691 βασιλεῦ.
1558 618 1760 689 μᾶλλον
1788 619 1846 672 δὲ

269 714 537 789 βιασθείς.
555 716 721 779 Τέλος
752 712 1254 784 ὑπογραψάῖωσαν,
1282 713 1332 765 oi
1359 711 1460 781 τῆς
1475 710 1726 765 Ἰωάννου
1755 710 1851 764 καὶ

266 810 408 864 θεοῦ
443 810 639 880 μοίρας
678 804 855 872 εἷπον,
906 802 1053 860 οὗτοι
1103 804 1252 877 (τοὺς
1294 805 1426 873 περὶ
1470 804 1562 857 τὸν
1595 802 1852 857 Ἀκάκιον

267 903 367 955 καὶ
398 902 674 971 Ἀντίοχον
692 898 965 968 λέγοντες)
989 898 1039 950 οἱ
1065 896 1362 967 ὀρθοδόξων
1381 891 1526 948 ,εἶναι
1541 894 1631 949 τὸν
1653 894 1853 947 κανόνα

266 992 665 1063 διατεινόμενοι
701 993 797 1061 τῆς
829 990 1001 1059 αὐτῆς
1035 984 1175 1041 εἶναι
1203 987 1436 1050 πίστεως
1464 988 1575 1049 τοῖς
1605 985 1849 1039 ἐκτεθει-

267 1087 415 1152 κόσι,
437 1086 532 1138 καὶ
563 1083 840 1137 διαλύουσι
867 1083 927 1135 τὸ
955 1078 1275 1152 ἀμφίϐολον.
1310 1078 1609 1150 Ἐπῄνεσεν
1639 1080 1666 1131 6
1694 1077 1851 1145 βασι-

267 1178 399 1239 λεὺς
450 1176 511 1229 τὺ
555 1174 868 1247 εἰρημένον,
904 1172 979 1235 ὡς
1030 1172 1214 1233 καλῶς
1264 1169 1421 1240 ἔχον,
1477 1171 1570 1223 καὶ
1615 1169 1858 1237 γίνεσθαι

271 1266 450 1330 οὕτως
505 1266 841 1337 ἐπέτρεπεν·
897 1264 945 1315 oi
995 1261 1052 1314 δὲ
1099 1261 1399 1330 ὑπέσχοντο
1439 1259 1538 1329 μὲν
1588 1259 1859 1329 ποιήσειν,

266 1358 574 1427 ἀπέσχοντο
614 1356 673 1408 δὲ
719 1355 781 1408 τὸ
813 1351 889 1425 μὴ
938 1351 1181 1421 ἀσφαλὲς
1234 1350 1329 1404 τοῦ
1382 1349 1719 1425 πράγματος.
1758 1350 1864 1402 ὑπ-

268 1447 662 1511 οπτεύσαντες.

1953 618 2162 673 rediit:
2218 627 2275 673 et
2321 618 2464 689 quod
2510 617 2751 673 Joannes
2796 630 2869 672 ne
2912 616 3066 687 prius
3117 614 3339 686 quidem
3373 614 3538 670 fuerit

1951 708 2255 780 depositus,
2289 718 2344 764 et
2380 723 2558 778 neque
2587 722 2681 779 per
2709 722 2770 763 se
2798 722 2988 762 rursus
3024 715 3173 761 esset
3205 705 3485 777 ingressus
3517 723 3533 759 :

1954 802 2049 857 sed
2082 810 2175 856 tuo
2204 801 2407 856 cedens
2447 801 2700 872 imperio,
2734 800 2976 863 aiebant,
3007 814 3041 854 ο
3073 800 3389 869 imperator,
3426 799 3537 852 imo

1958 910 2087 951 vero
2113 909 2212 964 per
2244 895 2351 948 vim
2385 903 2626 948 coactus.
2674 892 2957 948 Postremo
2999 893 3370 947 inscribantur
3399 892 3535 962 (40),

1956 986 2233 1051 dicebant,
2283 986 2318 1041 ii
2359 985 2451 1056 qui
2490 995 2618 1041 sunt
2644 985 2871 1041 Joannis
2897 993 2951 1040 et
2980 984 3071 1040 Dei
3102 986 3293 1055 partis.
3326 993 3381 1039 et
3421 984 3533 1048 isti,

1957 1078 2213 1133 Acacium
2247 1076 2493 1134 dicentes
2536 1086 2592 1132 et
2629 1076 2981 1142 Antiochum,
3027 1076 3122 1147 qui
3169 1076 3534 1132 orthodoxum

1958 1169 2233 1225 affirmant
2262 1185 2388 1225 esse
2415 1185 2683 1226 eanonem
2717 1187 2733 1237 ;
2765 1178 2821 1225 et
2847 1169 3118 1225 fateantur
3147 1184 3205 1223 se
3233 1184 3355 1223 esse
3386 1170 3535 1239 ejus-

1958 1262 2083 1316 dem
2115 1260 2260 1330 fidei,
2296 1263 2453 1333 cujus
2504 1263 2563 1329 ii,
2598 1263 2689 1334 qui
2721 1262 3009 1318 ediderunt
3061 1278 3075 1316 :
3106 1269 3163 1317 et
3196 1262 3275 1317 sic
3307 1260 3538 1316 solvitur

1963 1354 2040 1421 id,
2072 1354 2139 1410 de
2169 1371 2277 1426 quo
2318 1357 2622 1413 dubitatur.
2650 1355 2917 1411 Laudavit
2944 1355 3087 1426 quod
3124 1354 3329 1410 dictum
3360 1354 3537 1409 fuerat

1964 1447 2283 1519 imperator,
2332 1457 2395 1505 ut
2440 1450 2587 1520 quod
2632 1459 2780 1504 recte
2822 1465 2882 1504 se
2910 1448 3153 1511 haberet,
3184 1457 3240 1503 et
3271 1448 3350 1503 sic
3375 1446 3537 1518 jussit

269 1560 369 1601 eos
420 1544 619 1599 facere.
685 1543 760 1598 Illi
820 1553 1003 1600 autem
1046 1557 1108 1597 se
1157 1541 1399 1596 facturos
1448 1542 1666 1611 quidem
1716 1549 1846 1596 sunt
1880 1543 2125 1613 polliciti,
2158 1560 2271 1616 prae
2329 1560 2389 1602 se
2418 1545 2679 1611 ferentes,
2739 1560 2801 1601 se
2832 1544 3108 1601 conlidere
3160 1546 3537 1601 :destiterunt

270 1649 426 1700 vero,
459 1642 519 1689 ut
557 1633 649 1704 qui
673 1635 783 1689 sint
809 1633 1070 1705 suspicati
1105 1647 1221 1688 rem
1254 1632 1480 1687 minime
1504 1647 1628 1688 esse
1654 1642 1847 1689 tutam.

342 1750 484 1808 MH’.
529 1752 616 1805 Ἐν
637 1749 847 1816 τούτοις
874 1752 984 1805 τῶν
1038 1751 1377 1823 πραγμάτων
1404 1750 1592 1814 ὄντων,
1626 1750 1720 1804 καὶ
1748 1748 1844 1804 τοῦ

2018 1749 2251 1807 XLVIII.
2293 1749 2429 1806 Cum
2458 1765 2546 1807 res
2568 1750 2641 1806 ita
2673 1766 2732 1806 se
2767 1751 3053 1819 haberent,
3089 1761 3145 1807 et
3178 1752 3268 1809 ille
3298 1754 3520 1823 quidem

273 1846 377 1916 μὲν
407 1845 482 1910 ὼς
506 1845 702 1916 ἄριστα
733 1844 832 1915 τὴν
876 1844 1206 1915 Ἐκκλησίαν
1236 1834 1673 1907 διέποντοςέτος
1707 1844 1855 1897 ἐντε-

270 1940 365 2003 λὲς
408 1938 547 2010 μετὰ
579 1937 677 2010 τὴν
702 1938 1023 2009 ἀνάκλησιν,
1059 1937 1170 1990 τῶν
1201 1937 1257 1991 δὲ
1282 1938 1348 1992 τὰ
1379 1938 1593 1991 ἑαυτῶν
1636 1937 1857 1991 ποιούν-

274 2052 411 2098 των,
473 2032 569 2087 καὶ
598 2030 650 2084 τί
711 2031 785 2101 μὴ
835 2029 1149 2093 κινούντων,
1196 2028 1339 2083 ὥστε
1394 2029 1486 2083 τὸν
1562 2030 1718 2099 ἅγιον
1755 2028 1852 2084 τοῦ

273 2125 466 2195 θρόνου
508 2126 865 2192 καταγαγεῖν,
919 2122 1147 2193 ἐπείπερ
1175 2123 1209 2193 ἡ
1233 2120 1325 2175 τοῦ
1362 2121 1556 2192 Πάσχα
1578 2120 1852 2193 παρέϐαλ-

272 2215 365 2269 λεν
398 2215 581 2287 ἑορτὴ,
601 2214 710 2269 τῶν
726 2214 935 2284 συχνῶν
966 2214 1243 2284 ὀχλήσεων
1258 2214 1285 2266 6
1307 2211 1558 2283 βασιλεὺς
1571 2210 1847 2284 ἡττηθεὶς,

272 2309 429 2381 δηλοῖ
481 2308 561 2380 τῷ
623 2307 935 2378 πατριάρχῃ
963 2308 1062 2376 τῇς
1126 2305 1454 2375 ⁹Εκκλησίας
1504 2304 1854 2372 ὑπεξελθεῖν,

276 2402 385 2455 ὑπὸ
415 2400 652 2454 συνόδων
681 2398 781 2470 ἥδη
805 2398 950 2451 δυεῖν
975 2396 1481 2468 καταψηφισθέντα.
1513 2396 1657 2467 Πρὸς
1687 2396 1858 2451 ταῦτα

276 2492 619 2564 τοιγαροῦνό
670 2491 866 2562 μέγας,
898 2491 1101 2545 Είπατε
1149 2490 1227 2561 τῷ
1259 2489 1487 2558 βασιλεῖ,
1545 2491 1672 2559 ἔφη.
1718 2488 1857 2559 Ἐγὼ

278 2585 430 2655 παρὰ
465 2583 557 2636 τοῦ
597 2582 729 2635 Θεοῦ
754 2583 845 2635 καὶ
864 2580 1121 2653 Σωτῆρος
1150 2582 1250 2653 τὴν
1284 2566 1860 2653 Ἐκκλησίανέπιτρα-

279 2680 424 2743 πεὶς,
468 2678 823 2749 ὑποχωρῆσαι
860 2676 1065 2747 ταύτης
1112 2675 1255 2730 ἑκὼν
1307 2676 1543 2732 δέδοικα.
1584 2678 1646 2731 Εί
1687 2677 1745 2731 δέ
1776 2694 1857 2730 σοι

277 2769 436 2823 τοῦτο
466 2771 605 2823 κατὰ
634 2766 883 2840 γνώμην,
917 2762 963 2822 ὦ
984 2768 1225 2839 βασιλεῦ,
1259 2768 1394 2821 ἀλλὰ
1434 2768 1524 2840 βίᾳ
1551 2785 1617 2840 με
1654 2770 1857 2840 ταύτης

280 2862 501 2929 ἔξωσον,
546 2862 611 2916 ἵν’
656 2862 765 2932 ἔχω
811 2861 911 2934 τῆς
935 2862 1097 2915 οἱονεὶ
1141 2861 1488 2929 λειποταξίας
1538 2861 1855 2931 ἀπολογίαν,

279 2956 379 3029 τήν
400 2973 461 3009 τε
489 2956 588 3027 σὴν
647 2955 917 3021 ἐξουσίαν,
981 2957 1076 3012 καὶ
1126 2956 1227 3026 τὴν
1276 2956 1412 3026 ἐμοῦ
1440 2955 1589 3027 παρὰ
1622 2956 1854 3027 γνώμην

282 3046 452 3117 αὐτῆς
483 3045 823 3117 κατάλειψιν.
859 3045 1183 3117 Πέμψαντες
1207 3047 1408 3111 τοίνυν,
1458 3047 1555 3118 τῆς
1604 3047 1704 3118 μὲν
1742 3049 1851 3101 λει-

1962 1861 2106 1900 anno
2143 1845 2353 1917 integro
2379 1845 2584 1915 optime
2618 1844 3029 1900 administraret
3071 1846 3372 1901 Ecclesiam
3413 1855 3538 1917 post

1961 1941 2365 1996 revocationem
2392 1958 2406 1995 :
2434 1940 2522 1995 isti
2560 1949 2765 2005 autem,
2800 1955 2921 2012 quae
2959 1941 3063 1995 'sibi
3099 1951 3256 1996 erant
3295 1944 3533 2013 pr0pria,

1959 2035 2202 2090 facerent
2240 2052 2254 2089 :
2298 2049 2361 2089 ea
2408 2049 2542 2090 vero
2580 2043 2735 2089 erant
2782 2043 2928 2089 artes
2966 2043 3022 2089 et
3074 2036 3385 2105 impositura:
3426 2056 3439 2091 :
3483 2046 3539 2092 et

1959 2128 2088 2198 quid
2122 2138 2232 2181 non
2259 2136 2563 2192 moverent,
2590 2138 2649 2182 ut
2676 2128 2936 2182 Sanctum
2960 2146 2991 2182 e
3019 2129 3148 2184 sede
3176 2129 3535 2199 deponerent,

1960 2218 2175 2275 étiamsi
2207 2234 2319 2272 non
2364 2218 2644 2287 potuerint
2677 2218 2798 2288 ejus
2847 2219 3072 2289 spiritus
3094 2219 3369 2289 dejicere?
3398 2219 3538 2276 Cum

1961 2310 2176 2365 adesset
2235 2309 2408 2366 festus
2461 2311 2577 2366 dies
2628 2309 2870 2374 Pascha,
2908 2328 2938 2367 a
2997 2314 3183 2368 multis
3247 2314 3534 2381 molestiis,

1916 2427 1926 2436 -
1959 2415 2095 2471 quas
2144 2398 2195 2455 ei
2238 2401 2608 2455 exbibuerunt
2647 2401 2758 2466 isti,
2789 2401 2965 2456 victus
3016 2402 3330 2473 imperator,
3368 2404 3537 2476 signi-

1959 2490 2082 2545 ficat
2118 2490 2460 2561 patriarchae,
2485 2497 2544 2543 ut
2572 2490 2798 2545 excedat
2846 2506 2911 2545 ex
2941 2491 3193 2558 ecclesia,
3220 2501 3280 2547 ut
3303 2494 3395 2563 qui
3424 2497 3535 2564 jam

1959 2595 1986 2634 a
2018 2580 2228 2635 duabus
2257 2579 2477 2651 synodis
2528 2580 2600 2633 sit
2632 2579 3051 2635 condemnatus.
3078 2580 3281 2637 Adhaec
3306 2598 3537 2654 magnus

1959 2671 2048 2726 ille
2089 2670 2327 2726 Joannes
2363 2688 2377 2724 :
2428 2671 2563 2741 Ego,
2601 2670 2798 2739 inquit,
2847 2660 2936 2727 cui
2990 2670 3135 2737 Deus
3165 2682 3219 2728 et
3277 2674 3538 2731 Servator

1960 2762 2258 2819 Ecclesiam
2307 2762 2530 2818 tradidit
2581 2765 2906 2834 regendam,
2942 2764 3010 2819 ab
3048 2779 3133 2825 ea.
3161 2781 3281 2821 mea
3339 2780 3535 2838 sponte

1962 2872 2155 2912 vereor
2195 2857 2476 2912 recedere.
2502 2856 2599 2911 Sin
2640 2864 2822 2912 autem
2854 2858 2955 2912 hoc
2997 2858 3069 2912 ita
3096 2859 3195 2913 tibi
3228 2860 3461 2926 videtur,
3502 2878 3536 2918 ο

1962 2952 2275 3021 imperator,
2314 2958 2370 3004 at
2400 2964 2488 3005 me
2519 2965 2585 3005 ex
2633 2964 2697 3004 ea
2736 2949 2787 3004 vi
2824 2949 3054 3019 expelle,
3088 2960 3149 3004 ut
3194 2966 3281 3006 me
3329 2952 3533 3022 possim

1959 3046 2183 3100 omnino
2212 3043 2526 3107 defendere,
2578 3043 2721 3113 quod
2756 3042 2947 3097 ordine
2980 3042 3063 3097 vel
3096 3043 3143 3097 vi
3174 3043 3533 3104 deseruerim.

281 3114 540 3209 τουργίας
579 3114 740 3192 αὐτὸν
771 3114 1072 3208 ἀπέχεσθαι
1094 3114 1565 3209 παραγγέλλουσι,
1605 3114 1698 3209 .τῷ
1728 3141 1852 3194 ὲπι-

1962 3139 2039 3196 Ad
2073 3154 2198 3195 eum
2234 3138 2415 3209 itaque
2445 3137 2724 3192 mittentes
2775 3136 3069 3207 prohibent
3112 3139 3332 3209 quidem
3365 3142 3535 3199 sacri-

284 3231 524 3300 σκοπείῳ
575 3228 630 3282 δὲ
672 3231 735 3283 τδ
790 3232 965 3303 παρὸν
1025 3229 1381 3302 ἐνδιατρίϐειν
1435 3232 1851 3304 παραχωροῦσι,

283 3321 583 3390 δείσαντες,
629 3314 808 3391 οἶμαι,
866 3319 942 3392 μή
987 3336 1042 3373 τι
1097 3321 1260 3375 πάλιν
1300 3322 1396 3376 κοιλ⁸
1449 3322 1582 3385 Θεὸς
1647 3322 1855 3378 ἄνωθεν

283 3413 575 3484 ἑπιδικάσῃ
602 3415 668 3484 τῇ
693 3412 887 3488 τόλμῃ,
938 3412 1035 3467 καὶ
1081 3413 1146 3467 ἵν’
1195 3413 1365 3483 ἐγγὺς
1411 3413 1574 3467 αὐτὸν
1639 3398 1857 3484 ἔχοντες

283 3504 683 3576 διορθώσοιντο.
732 3505 918 3571 Οῦτως
961 3503 1055 3560 οῦν
1108 3506 1322 3572 ίδιάζων
1362 3505 1564 3576 μεταξὺ
1609 3505 1792 3576 διῆγεν
1829 3508 1857 3559 6

288 3597 463 3667 μέγας
518 3595 805 3662 διαλέξεών
827 3612 887 3649 τε
920 3597 1013 3651 καὶ
1058 3597 1168 3650 τῶν
1229 3596 1409 3651 καλῶν
1461 3596 1558 3667 τῆς
1609 3596 1856 3666 γλώττης

287 3688 577 3760 ῥευμάτων
630 3688 971 3759 εἰργόμενος.
1017 3687 1170 3741 Ἐπεὶ
1194 3688 1251 3742 δὲ
1289 3690 1381 3742 καὶ
1412 3690 1445 3760 ἡ
1471 3688 1567 3741 τοῦ
1616 3688 1855 3759 μεγάλου

286 3781 565 3835 Σαϐϐάτου
605 3782 787 3853 ἡμέρα
821 3777 909 3853 ἦν,
935 3784 963 3835 6
995 3781 1250 3852 βασιλεὺς
1286 3782 1412 3846 τοὺς
1443 3783 1570 3853 περὶ
1605 3782 1857 3836 Ἀκάκιόν

284 3891 344 3927 τε
376 3874 471 3927 καὶ
499 3873 776 3944 Ἀντίοχον
834 3874 1345 3945 μεταστειλάμενος,
1372 3875 1426 3928 τί
1465 3875 1573 3929 δέοι
1600 3875 1857 3947 πράττειν

286 3963 496 4034 ἠρώτα.
556 3965 817 4018 Σκοπεῖτε
874 3964 1003 4036 γὰρ,
1059 3964 1188 4037 ἔφη,
1230 3967 1324 4020 καὶ
1348 3968 1396 4019 εί
1424 3966 1602 4031 καλῶς
1655 3967 1858 4037 ἔχειτὰ

287 4055 420 4127 παρ’
453 4057 607 4127 ὑμῶν
654 4056 1039 4127 είσηγούμενα.
1076 4058 1137 4111 Οί
1182 4057 1259 4124 δὲ,
1303 4057 1429 4111 Ἐπὶ
1468 4059 1567 4129 τὴν
1616 4059 1857 4130 κεφαλὴν

288 4149 464 4220 ἡμῶν,
515 4145 688 4217 εἷπον,
740 4152 772 4218 ἢ
818 4151 1064 4206 Ἰωάννου
1092 4151 1429 4222 καθαίρεσις,
1456 4131 1673 4205 ἐοικότα
1697 4153 1858 4224 τυχὸν

286 4245 423 4309 τοῖς,
453 4242 529 4295 Τὸ
560 4238 699 4314 αἷμα
741 4243 905 4296 αἰτοῦ
938 4242 1023 4313 ἐφ’
1053 4245 1222 4315 ἡμᾶς,
1249 4242 1484 4307 εἰποῦσι,
1512 4244 1607 4297 καὶ
1635 4245 1694 4297 οὐ
1724 4244 1857 4298 πολὺ

286 4336 476 4408 πόρρω
504 4338 601 4407 τῆς
651 4336 876 4407 γνώμης
919 4336 1100 4389 αὐτῶν
1140 4335 1527 4404 φθεγξάμενοι.
1554 4336 1666 4389 Καὶ
1686 4333 1859 4399 οὕτως

286 4429 502 4500 ὲοήμην
569 4429 1039 4498 καταψηφίζονται
1092 4430 1187 4482 τοῦ
1251 4428 1484 4491 δικαίου,
1535 4429 1671 4499 μήτε
1694 4427 1936 4526 λόγουΒ

290 4521 628 4592 μεταδόντες,
682 4522 766 4590 ἐφ’
807 4516 887 4584 οἷς
935 4520 1317 4591 κατηγόρουν,
1378 4520 1503 4591 μήτ’
1554 4518 1851 4587 ἀπολογίαν

287 4612 575 4685 ἡντιναοῦν
604 4614 732 4686 παρ’
765 4614 972 4666 ἐκείνου
999 4613 1302 4684 δεξάμενοι.
1335 4612 1502 4666 Ταῦτ’
1522 4608 1617 4667 οὖν
1654 4612 1855 4683 μαθίόν-

287 4724 382 4770 τες
436 4707 485 4758 οῖ
544 4705 644 4776 τῆς
698 4700 944 4761 Ἰωάννου
1015 4706 1256 4776 μερίδος,
1291 4706 1476 4775 οἱμὲν
1545 4704 1856 4771 ἐπίσκοποι,

288 4798 436 4872 λύπῃ
458 4800 552 4851 καὶ
575 4798 803 4867 δάκρυσι
828 4798 1009 4862 δόντες
1052 4800 1300 4863 ἑαυτοὺς,
1360 4801 1477 4862 ταῖς
1509 4799 1859 4866 καταγωγαῖς

290 4889 582 4963 ἡσύχαζον·
637 4891 801 4961 ἱερεῖς
831 4890 1001 4946 δὲκαὶ
1031 4892 1150 4945 ὅσοι
1184 4890 1279 4946 τοῦ
1305 4890 1509 4962 κλήρου
1539 4889 1596 4943 ἐν
1618 4884 1862 4943 τισιτῶν

290 4982 595 5053 εὐκτηρίων
632 4982 795 5035 οἴκων
837 4984 965 5053 περὶ
996 4983 1088 5037 τὸν
1116 4983 1301 5047 τόπον,
1362 4982 1420 5045 ὃς
1483 4983 1864 5035 Κωνσταντια-

290 5078 379 5132 ναὶ
409 5075 646 5144 λέγεται,
694 5075 1070 5146 συναγόμενοι,
1120 5076 1260 5146 μετὰ
1310 5075 1506 5128 πολλοῦ
1536 5074 1630 5129 τοῦ
1678 5074 1867 5128 συνδε-

288 5167 633 5240 δραμηκότας
677 5167 915 5239 πλήθους
965 5168 1074 5223 τῶν
1138 5168 1298 5240 ίερῶν
1361 5167 1548 5239 ὓμνων
1608 5166 1705 5221 καὶ
1762 5167 1864 5237 τῆς

290 5261 555 5332 συνήθους
602 5262 812 5331 εἴχοντο
846 5260 1173 5330 δοξολογίας,
1215 5259 1596 5331 βαπτίσματός
1627 5276 1686 5313 τε
1715 5258 1862 5335 θείου

287 5354 415 5416 τοὺς
466 5353 789 5424 προσιόντας
810 5352 1017 5421 ἠξίουν.
1056 5352 1343 5414 Δείσαντες
1373 5351 1466 5405 οῦν
1495 5354 1543 5405 οἱ
1581 5352 1675 5405 τοῦ
1700 5368 1866 5422 πονη-

293 5445 388 5517 ροῦ
444 5445 744 5517 συνεδρίου,
776 5445 852 5518 μὴ
874 5444 951 5517 τῷ
989 5444 1117 5515 ἱερῷ
1152 5443 1498 5515 προσϐαλὼν,
1551 5444 1625 5507 ὡς
1649 5442 1796 5509 ἔθος,
1836 5445 1865 5498 6

359 5588 408 5622 ³⁸
437 5587 631 5642 Matth.
653 5601 824 5651 xxvn,
849 5585 942 5641 25.

361 5722 474 5790 (ω)
506 5721 777 5792 Elpidium
807 5719 1088 5792 Laodiceae
1123 5714 1631 5792 Syrizecpiscopum
1664 5713 1853 5792 fuisse,

292 5784 659 5850 memorat'ex
688 5791 924 5845 Palladio
958 5784 1277 5857 Baroanui
1308 5784 1468 5855 hujus
1502 5784 1679 5857 causa;
1708 5784 1857 5841 deci-

290 5879 501 5921 swnem
542 5862 856 5935 perfacilem
893 5856 1591 5932 imperatoriproposuerit.

1958 3229 2163 3285 licare:
2197 3227 2503 3285 concedunt
2540 3234 2740 3291 autem,
2775 3235 2834 3281 ut
2885 3225 2939 3279 in
2977 3229 3263 3299 pra'sentia
3313 3231 3532 3300 quidem

1956 3331 2207 3379 versetur
2251 3322 2307 3376 in
2356 3321 2707 3391 episcopatu;
2778 3320 3052 3387 timentes,
3100 3330 3161 3376 ut
3205 3324 3419 3394 Opinor,
3464 3342 3535 3382 ne

1958 3414 2103 3470 Deus
2156 3428 2346 3469 rursus
2379 3414 2615 3483 desuper
2657 3413 2798 3468 ferat
2850 3416 3174 3471 sententiam
3223 3418 3283 3471 in
3339 3434 3532 3474 eorum

1958 3506 2265 3573 audaciam,
2292 3513 2349 3561 et
2388 3514 2448 3559 ut
2476 3520 2647 3576 prope
2672 3519 2797 3560 eum
2827 3504 3110 3573 habentes,
3145 3508 3240 3563 Dei
3266 3508 3404 3564 iram
3436 3526 3534 3581 per

1960 3599 2137 3669 ipsum
2170 3598 2488 3668 reprimant.
2513 3597 2606 3651 Sic
2635 3612 2764 3668 ergo
2794 3612 3039 3652 seorsum
3063 3599 3279 3654 interim
3312 3602 3422 3672 egit
3449 3604 3532 3658 vir

1959 3690 2050 3744 ille
2083 3704 2333 3758 magnus,
2358 3703 2582 3743 cessans
2615 3703 2643 3742 a
2688 3689 3035 3744 sermonibus
3064 3700 3118 3746 et
3150 3692 3391 3762 pulchris
3427 3695 3533 3748 lin-

1959 3796 2076 3853 gua:
2135 3780 2375 3836 ﬂuentis.
2424 3780 2561 3835 Cum
2608 3789 2793 3834 autem
2837 3788 2982 3835 esset
3012 3784 3128 3838 dies
3171 3786 3351 3856 magni
3399 3785 3539 3841 Sab~

1959 3870 2071 3926 bati
2105 3870 2241 3941 (41),
2276 3871 2571 3939 imperator
2602 3871 2729 3926 fecit
2762 3872 2907 3942 quod
2943 3888 3052 3928 non
3095 3872 3257 3930 recte'
3273 3892 3333 3930 se
3368 3874 3535 3933 habe.

1960 3962 2074 4026 bat,
2107 3977 2210 4018 nec
2256 3962 2422 4017 animi
2469 3974 2585 4018 erat
2625 3964 2977 4034 imperatorii.
3011 3968 3300 4024 Aceersitis
3335 3968 3536 4026 Acacio

1960 4064 2017 4110 et
2044 4052 2334 4121 Antiocho,
2367 4054 2577 4126 rogavit
2600 4056 2856 4125 quidnam
2880 4064 3152 4125 oporteret
3186 4056 3390 4114 facere.
3426 4043 3535 4117 sed

1962 4160 2199 4221 oportet,
2224 4149 2421 4221 inquit,
2450 4151 2818 4218 considerare,
2849 4167 2918 4205 an
2950 4152 3060 4207 Deo
3088 4162 3237 4224 grata
3261 4157 3388 4220 sint,
3418 4173 3539 4225 qua:

1961 4259 1991 4297 a
2017 4243 2172 4299 vobis
2218 4243 2375 4299 ﬁunt.
2419 4244 2498 4297 llli
2540 4254 2723 4299 autem
2755 4245 2906 4316 (quid
2952 4247 3099 4301 enim
3134 4256 3251 4302 erat
3284 4249 3363 4303 eis
3394 4249 3540 4306 Deus

1962 4350 2107 4389 curae
2123 4335 2188 4406 ?),
2218 4334 2273 4389 in
2306 4342 2577 4396 nostrum,
2610 4334 2887 4404 inquiunt,
2916 4336 3104 4400 redeat
3132 4337 3536 4405 caputJoannis

1963 4426 2232 4497 depositio
2263 4444 2275 4479 :
2302 4425 2498 4479 similia
2533 4425 2618 4491 iis,
2649 4430 2741 4495 qui
2770 4427 3027 4481 dixerunt
3054 4446 3067 4480 :
3110 4445 3129 4478 ι
3157 4429 3389 4499 Sanguis
3415 4432 3537 4500 ejus

1966 4535 2130 4589 super
2160 4534 2259 4574 nos
2282 4516 2348 4585 ³⁸,
2375 4537 2393 4570 ι
2430 4526 2486 4573 et
2527 4504 2637 4571 non
2676 4518 2865 4588 procul
2905 4519 2974 4573 ab
3024 4534 3214 4573 eorum
3244 4522 3536 4592 sententia,

1965 4612 2186 4667 elocuti.
2224 4610 2316 4666 Sic
2348 4610 2626 4691 absentem
2672 4612 3038 4666 condemnant
3082 4612 3256 4667 virum
3306 4614 3537 4685 justum,

1967 4719 2091 4760 cum
2136 4718 2239 4759 nec
2269 4704 2337 4759 de
2380 4703 2467 4770 iis,
2500 4718 2734 4773 quorum
2778 4703 3156 4776 accusabatur,
3193 4703 3407 4759 dicendi
3438 4721 3539 4776 po-

1968 4805 2219 4853 testatem
2252 4797 2300 4851 ei
2332 4795 2731 4867 permisissent,
2758 4796 2902 4865 quod
2934 4775 3018 4850 est
3044 4809 3335 4850 commune
3363 4775 3543 4852 omni»

1966 4888 2090 4951 bus,
2121 4887 2213 4957 qui
2256 4886 2504 4957 judicant
2543 4886 2663 4940 sine
2710 4886 2816 4940 ulla
2863 4886 3027 4940 animi
3074 4887 3538 4956 perturbatione:

1968 4994 2148 5048 neque
2177 4978 2245 5033 ab
2278 4979 2370 5033 illo
2406 4977 2573 5032 ullam
2600 4977 2943 5046 accepissent
2975 4976 3374 5036 defensionem.
3403 4980 3539 5035 Cum

1968 5072 2085 5127 haec
2098 5079 2280 5126 autem
2302 5069 2661 5134 audivissent,
2683 5068 2775 5142 qui
2799 5077 2953 5123 erant
2968 5084 2999 5123 a
3021 5069 3266 5139 partibus
3286 5068 3536 5136 Joannis,

1963 5163 2201 5236 episcopi
2255 5164 2476 5235 quidem
2534 5178 2593 5218 se
2623 5161 2789 5217 animi
2841 5161 3147 5234 azgritudini
3190 5162 3456 5218 dedentes
3485 5173 3540 5219 et

1963 5258 2234 5331 lacrymis,
2268 5258 2323 5313 in
2372 5256 2583 5329 angulis
2624 5256 2867 5311 latebant
2910 5265 2966 5310 et
3007 5256 3268 5311 silentiun
3310 5258 3541 5329 agebant

1964 5351 2020 5405 in
2089 5347 2457 5404 habitaculis:
2499 5348 2810 5403 sacerdotes
2868 5356 3049 5403 autem
3103 5356 3159 5403 et
3229 5349 3541 5418 quicunque

1966 5451 2123 5499 erant
2155 5456 2222 5495 ex
2266 5440 2447 5509 clero,
2478 5439 2944 5512 congregabantur
2982 5440 3049 5496 ad
3088 5440 3349 5511 quasdam
3395 5439 3539 5494 aedes

2037 5722 2147 5790 (ll)
2178 5717 2333 5784 Nota,
2362 5735 2486 5774 cum
2516 5728 2661 5777 esset
2686 5720 2802 5777 dies
2823 5718 3004 5793 magni
3035 5715 3278 5784 Sabbati,
3302 5714 3409 5773 hoc
3432 5724 3539 5787 est,

1963 5791 2257 5848 Sabbatum
2289 5800 2559 5848 sanctum.
