3834 6468
376 348 517 447 tris

1591 383 1874 445 MENSIS
1904 385 2360 452 JANUARlUS.

3482 409 3623 476 1180

373 496 639 563 oratorias
712 494 960 567 (vocatur
987 504 1172 552 autem
1217 495 1372 553 locus
1411 483 1838 570 Constantiana!)
1895 517 1914 556 ε

2021 558 2023 564 λ
2054 502 2328 573 βασιλεὺς,
2371 505 2467 558 καὶ
2516 505 2609 560 τοῦ
2640 508 2771 564 λαοῦ
2803 514 3042 570 κενωθὲν
3071 518 3203 572 αὑτὸ
3261 520 3622 595 θεασάμενος,

371 605 495 646 cum
546 603 747 658 magna
787 587 1156 645 concurrisset
1206 588 1520 655 multitudo,
1566 590 1631 647 iis
1683 593 1939 649 omnibus

368 698 513 739 curae
545 689 702 737 erant
750 681 891 736 sacri
941 681 1128 752 hymni
1171 688 1228 736 et
1268 690 1529 737 consueta
1566 682 1886 754 glo‘rilicatio
1920 704 1935 740 :

366 782 633 844 praeterea
666 786 794 828 vero
825 787 921 827 eos
956 788 1195 843 quoque,
1223 772 1315 843 qui
1368 774 1721 842 accedebant,
1752 776 1938 833 divino

365 866 727 934 dignabantur
771 865 1063 935 baptismo.
1118 865 1398 922 Timentes
1426 881 1578 936 ergo,
1632 869 1725 938 qui
1781 879 1938 926 erant

363 959 597 1029 improbi
628 960 869 1022 concilii,
900 976 969 1014 ne
999 960 1043 1015 si
1080 962 1135 1014 in
1158 961 1444 1033 templum,
1476 971 1537 1017 ιιι
1581 963 1813 1030 solebat,
1839 980 1936 1020 ve-

361 1052 536 1106 nisset
595 1053 913 1122 nuper-ator.
943 1061 1000 1107 et
1054 1054 1283 1109 vidisset
1337 1054 1391 1110 id
1428 1071 1660 1112 vacuum
1712 1057 1933 1128 populo,

365 1143 494 1198 hinc
525 1143 741 1213 quidem
785 1144 1017 1198 sentiret
1064 1145 1249 1215 populi
1294 1146 1349 1199 in
1384 1162 1638 1218 magnum
1666 1148 1934 1204 Joannem

359 1230 822 1300 benevolentiam,
884 1248 1072 1289 eorum
1126 1243 1330 1302 autem,
1374 1246 1436 1292 ut
1486 1248 1603 1295 erat
1642 1249 1934 1295 consenta-

357 1340 547 1389 neum,
584 1321 976 1381 condemnaret
1007 1327 1311 1384 invidiam:
1354 1329 1593 1386 elﬁciunt
1625 1341 1685 1385 ut
1711 1332 1931 1402 quidem

359 1414 561 1471 Lucius
590 1416 696 1472 dux
726 1417 1190 1474 militumnunieri
1222 1422 1401 1490 grav-is
1430 1432 1738 1490 armaturae,
1767 1441 1929 1494 quem

358 1508 522 1560 etiam
566 1506 706 1563 fama
766 1516 885 1562 erat
916 1522 1038 1563 esse
1082 1509 1339 1580 gentilem
1393 1513 1686 1584 religione,
1728 1516 1930 1572 vadens

356 1608 678 1654 convocaret
725 1600 980 1669 poltulum
1037 1602 1102 1657 ad
1133 1603 1458 1669 ecclesiam,
1514 1608 1930 1663 mansuetudine

355 1690 590 1758 primum
611 1698 771 1745 utens
796 1699 848 1744 et
876 1692 1250 1762 persuasione,
1273 1692 1392 1765 lege
1422 1695 1658 1751 ut‘aiunt
1687 1696 1925 1764 Boeotia;

353 1784 437 1836 sin
510 1782 713 1845 minus,
774 1783 882 1841 vim
946 1784 1111 1839 etiam
1177 1785 1424 1852 inferret,
1489 1788 1732 1843 lanceam
1797 1789 1927 1845 mis-

352 1887 482 1927 cens
522 1888 645 1928 cum
684 1875 938 1929 caduceo.
972 1876 1066 1931 Ille
1095 1888 1275 1933 autem
1310 1894 1442 1933 cum
1467 1880 1650 1934 statim
1682 1896 1805 1934 cum
1836 1881 1914 1946 iis,

2030 1861 2139 1961 ⁸γὰρ
2196 1861 2530 1951 ἐπιστέλλων
2562 1861 2931 1971 ’.Ιννοκεντίῳ,
3001 1861 3103 1957 τκᾷι

350 1981 489 2037 quos
565 1966 837 2032 habebat,
892 1967 1302 2038 quadringentis
1352 1985 1577 2040 vespere
1636 1971 1922 2039 irruisset,

350 2057 440 2112 illa
489 2057 637 2121 fecit,
674 2073 796 2127 quae
848 2073 946 2128 par
994 2068 1114 2112 erat
1151 2074 1247 2113 eos
1298 2060 1444 2114 solos
1501 2059 1636 2132 pati,
1695 2061 1791 2129 qui
1844 2061 1925 2116 l'e-

350 2158 538 2204 cerant
569 2165 582 2201 :
629 2147 809 2203 dicere
838 2157 1018 2201 autem
1069 2155 1124 2201 et
1169 2147 1441 2218 explicare
1485 2164 1595 2203 non
1628 2164 1728 2205 nos
1759 2165 1922 2221 opor-

350 2247 462 2304 tet,
519 2238 616 2294 sed
660 2238 715 2293 id
780 2237 1083 2293 concedere
1132 2237 1211 2292 illi
1267 2238 1465 2309 lingua:
1510 2240 1753 2294 omnium
1805 2242 1917 2312 pul-

349 2329 633 2385 cherrimae
658 2367 673 2393 ,
726 2334 781 2382 et
823 2342 943 2381 eam
978 2328 1169 2384 audire
1222 2339 1561 2384 narrantem.
1598 2331 1720 2400 Ipse
1777 2333 1962 2416 enim.

348 2421 492 2476 sicut
523 2418 737 2474 fortiter
761 2419 1041 2485 sustinuit,
1072 2419 1149 2473 ita
1167 2419 1329 2474 etiam
1361 2437 1488 2477 vere
1517 2423 1757 2481 narravit
1779 2427 1927 2494 quod

346 2511 564 2566 accidit.
588 2509 847 2566 Scriberis
879 2512 1024 2564 enim
1053 2511 1122 2565 ad
1151 2512 1548 2580 Innocentium,
1569 2522 1624 2568 et
1653 2529 1774 2584 quae
1804 2516 1921 2570 ausi

345 2602 582 2666 fuerant,
630 2600 879 2655 oratione
926 2615 1295 2672 persequens,
1346 2618 1469 2658 eum
1525 2614 1707 2659 autem
1762 2615 1920 2661 antea

344 2694 583 2750 diximus
627 2691 933 2748 Romanum
979 2693 1149 2748 fuisse
1183 2695 1521 2766 cpiscOputn,
1551 2697 1631 2752 sic
1669 2712 1783 2753 rem
1812 2708 1922 2753 tra-

342 2789 504 2842 ctavit
531 2806 543 2842 :
579 2786 864 2853 Quomodo
889 2803 1008 2857 qute
1041 2786 1130 2841 hic
1159 2786 1300 2842 facta
1330 2798 1461 2843 sunt
1485 2789 1762 2861 deinceps,
1793 2806 1920 2845 nar-

342 2882 599 2946 raverim,
641 2894 762 2951 qua:
803 2873 1021 2933 omnem
1066 2887 1328 2949 superant
1372 2880 1729 2953 tragmdiam?
1754 2882 1916 2950 Qua:-

342 2986 467 3026 nam
495 2986 558 3026 ea
584 2971 869 3041 explicarit
899 2971 1111 3026 oratio?
1135 2974 1395 3039 Quaenam
1429 2988 1590 3029 aures
1622 2988 1684 3029 ea
1715 2979 1919 3045 absque

341 3065 569 3119 horrore
618 3063 977 3135 acceperint?
1026 3064 1160 3119 Nam
1217 3080 1340 3119 cum
1393 3080 1494 3119 nos
1548 3067 1737 3122 eadem
1779 3067 1920 3125 sicut

339 3158 493 3229 prius
523 3171 976 3227 proponeremus,
1011 3167 1234 3227 repente
1266 3160 1559 3215 multitudo
1597 3161 1832 3216 militum
1861 3164 1915 3217 in

340 3252 456 3322 ipso
491 3264 689 3321 magno
721 3249 976 3315 Sabbato,
1009 3251 1118 3313 die,
1145 3251 1254 3320 jam
1288 3251 1582 3308 inclinante
1622 3256 1688 3309 ad
1718 3270 1914 3327 vespe-

339 3338 490 3412 ram,
526 3342 583 3396 in
612 3342 873 3399 ecclesias
912 3344 1150 3410 irruens,
1202 3345 1510 3400 universum
1549 3347 1775 3415 clerum,
1820 3350 1914 3420 qui

339 3447 453 3492 erat
496 3437 798 3501 nobiscum,
848 3437 1073 3506 expulit,
1124 3438 1398 3509 armisque
1428 3440 1821 3510 circumdedit;
1860 3451 1914 3498 et

337 3528 616 3596 mulieres,
651 3543 771 3600 qum
805 3544 864 3583 se
894 3528 962 3583 ad
1008 3528 1334 3598 baptismum
1363 3542 1648 3598 exuerant,
1681 3549 1748 3588 ex
1780 3534 1907 3590 aedi-

338 3620 441 3674 bus
472 3620 729 3675 oratoriis
780 3619 942 3673 nuda:
999 3634 1065 3673 eo
1102 3629 1348 3690 tempore
1405 3633 1718 3686 evaserunt.
1762 3635 1909 3681 metu

336 3710 515 3782 gravis
566 3710 730 3779 hujus
773 3709 1121 3780 irruptionis,
1161 3725 1231 3765 ne
1279 3727 1404 3765 eum
1453 3715 1694 3783 quidem,
1746 3732 1907 3787 quem

336 3806 491 3857 decet
517 3801 798 3862 mulieres,
823 3800 1047 3870 pudoris
1070 3810 1321 3855 ornatum
1349 3803 1575 3859 induere
1599 3806 1904 3874 permissae:

335 3893 519 3946 multae
544 3906 672 3946 vero
700 3891 863 3945 etiam
882 3892 1120 3961 acceptis
1145 3892 1461 3949 vulneribus
1482 3895 1647 3965 expul
1679 3911 1726 3950 aa
1755 3909 1904 3962 sunt,

333 3995 395 4039 tt
420 3986 634 4038 lavacra
675 3982 940 4055 sanguine
977 3992 1105 4037 sunt
1149 3984 1387 4054 impleta,
1426 3994 1478 4040 et
1509 4002 1661 4041 sacra
1704 3987 1906 4043 ﬂuenta

332 4078 597 4149 sanguine
645 4085 937 4130 evaserunt
968 4092 1260 4147 purpurea.
1290 4078 1357 4132 Et
1398 4094 1501 4132 nec
1545 4079 1635 4133 hic
1685 4079 1903 4150 quidem

332 4172 534 4225 malum
582 4169 867 4223 constitit:
915 4169 1011 4224 sed
1049 4155 1274 4241 ingressi
1326 4170 1547 4236 milites,
1585 4173 1675 4227 ubi
1717 4182 1904 4229 sancta

331 4273 491 4320 erant
547 4262 805 4334 reposita,
854 4278 1109 4333 quorum,
1159 4263 1299 4317 sicut
1348 4262 1721 4333 cognovimus,
1762 4281 1905 4322 non-

332 4357 467 4412 nulli
499 4371 611 4410 non
646 4364 803 4410 erant
840 4355 1117 4426 mysteriis
1151 4354 1345 4408 initiati
1378 4370 1498 4425 quae
1530 4355 1678 4411 intus
1720 4368 1898 4425 erant,

333 4452 516 4507 omnia
549 4450 817 4516 viderunt,
850 4458 905 4504 et
935 4448 1313 4504 sanctissimus
1345 4448 1545 4505 Christi
1568 4452 1810 4522 sanguis,
1843 4458 1903 4506 ut

2045 593 2299 665 αἴσθησιν
2328 596 2429 667 μὲν
2458 600 2708 655 ἐντεῦθεν
2748 603 2902 659 λάϐοι
2930 611 3030 677 τῆς
3069 610 3164 665 τοῦ
3194 612 3326 668 λαοῦ
3359 593 3498 687 πρὸς
3529 620 3625 672 τὸν

2044 688 2222 759 μέγαν
2241 689 2478 755 εὐνοίας,
2510 692 2691 748 αὐτῶν
2725 695 2782 748 δὲ
2805 697 3107 768 βασκανίαν
3137 704 3297 770 εὐθὺς
3338 701 3622 781 καταγνῷ,

2040 780 2525 851 παρασκευάζουσι
2577 784 2809 840 Λούκιόν
2873 806 2998 845 τινα
3049 792 3145 847 τοῦ
3220 796 3459 869 ἀριθμοῦ
3507 802 3624 856 τῶν

2037 869 2353 942 ὁπλοφόρων
2373 873 2694 945 ἡγούμενον,
2722 877 2781 931 ὃν
2800 882 2895 935 καὶ
2932 882 3168 955 Ἕλληνα
3194 888 3295 958 τὴν
3318 890 3623 961 θρησκείαν

2036 963 2065 1016 ό
2085 964 2194 1017 τῶν
2228 965 2440 1021 πολλῶν
2471 965 2585 1039 εἶχε
2630 971 2806 1040 λόγος,
2837 976 3171 1042 ἀπελθόντα,
3205 980 3267 1033 τὸ
3306 982 3511 1053 πλῆθος
3537 988 3622 1049 είς

2033 1054 2133 1128 τὴν
2164 1058 2461 1129 ἐκκλησίαν
2480 1063 2983 1134 μετακαλέσασθαι,
3011 1071 3285 1144 ἐπιεικείᾳ
3305 1074 3366 1127 τὸ
3395 1076 3621 1148 πρῶτον

2035 1150 2130 1203 καὶ
2158 1151 2336 1204 πειθοῖ
2376 1152 2681 1225 χρώμενον,
2716 1160 2766 1211 εἰ
2810 1158 2856 1211 δ’
2893 1159 3004 1226 οὖν,
3039 1162 3175 1217 ἀλλὰ
3205 1166 3300 1220 atat
3342 1165 3466 1237 βίαν
3515 1171 3619 1223 ἐπ-

2034 1244 2280 1308 αγαγεῖνο
2321 1241 2379 1296 Ὅ
2406 1244 2450 1297 δ’
2481 1246 2643 1311 εὖθῦς
2703 1250 2839 1319 πρὸς
2893 1250 3003 1323 [ῖσ.
3043 1253 3164 1325 σὺν]
3219 1260 3613 1329 τετρακοσίοις,

2030 1326 2112 1395 οἷς
2161 1335 2289 1404 περὶ
2343 1335 2509 1390 αὑτὸν
2537 1333 2707 1409 εἶχεν,
2738 1341 2979 1413 ἑσπέρας
3029 1326 3392 1414 ἐπεισπεσὼν,
3424 1326 3614 1405 ἐκεῖνα

2029 1426 2346 1497 εἰργάσατο,
2380 1428 2417 1484 ἃ
2462 1430 2645 1485 ποθεῖν
2691 1433 2791 1503 μὲν
2844 1435 2968 1497 τοὺς
3012 1437 3344 1508 δεδρακότας
3411 1444 3614 1511 μόνους

2027 1511 2095 1586 ἦν
2121 1516 2268 1581 ἄξιον
2284 1536 2298 1550 ·
2318 1522 2495 1574 εἰπεῖν
2516 1521 2572 1576 δὲ
2591 1524 2686 1576 καὶ⁵
2710 1525 3048 1596 διασαφῆσαι
3076 1534 3430 1602 παραχωρεῖν
3458 1536 3613 1605 ἡμᾶς

2031 1611 2307 1679 προσῆκον
2335 1613 2400 1683 τῇ
2444 1614 2707 1686 καλλίστῃ
2766 1617 3049 1685 γλωσσῶν,
3107 1622 3203 1674 καὶ
3240 1624 3373 1695 παρ’
3436 1627 3611 1697 αὐτῆς

2030 1698 2248 1754 ἀκούειν
2294 1702 2672 1778 διηγουμένης.
2762 1710 2933 1776 Αὐτὸς
2987 1713 3092 1785 γὰρ
3147 1714 3335 1789 ὥσπερ
3395 1719 3607 1792 ὑπέστη

2033 1800 2318 1867 γενναίως,
2345 1800 2501 1856 ὀὕτω
2522 1803 2587 1874 δὴ
2618 1805 2711 1858 καὶ
2739 1809 3099 1874 γενναιότατα
3121 1811 3444 1885 διηγήσατο.
3495 1817 3609 1871 Καὶ

3139 1906 3210 1959 τὰ
3261 1908 3606 1979 τολμηθέντα

2026 1981 2239 2050 διεξιὼν
2266 1985 2518 2058 (Ῥώμης
2547 1989 2603 2042 δέ
2628 1990 2794 2045 αὑτὸν
2829 1993 3126 2049 ἐπίσκοπον
3151 1999 3180 2050 ό
3210 1998 3368 2069 λόγος
3392 2002 3606 2071 φθάσας

2027 2074 2306 2149 ἐδήλωσε),
2333 2077 2578 2135 διέλαϐεν
2600 2081 2742 2138 οὕτω
2760 2100 2776 2116 ο
2806 2086 2930 2152 Πῶς
2953 2085 3021 2140 ἂν
3044 2090 3112 2143 τὰ
3133 2090 3369 2147 ἐνταῦθα
3406 2093 3603 2166 διηγη-

2028 2166 2234 2237 σαίμην
2263 2168 2470 2235 λοιπὸν,
2496 2174 2677 2227 πᾶσαν
2708 2175 3109 2249 ὑπερϐαίνοντα
3142 2184 3485 2255 τραγῳδίαν;
3516 2188 3600 2252 τίς

2026 2261 2166 2315 αὐτὰ
2192 2264 2561 2336 παραστήσειε
2589 2266 2749 2336 λόγος
2772 2286 2786 2336 ;
2813 2270 2943 2325 ποῖα
2964 2275 3135 2347 χωρὶς
3156 2276 3360 2348 φρίκης
3386 2278 3602 2344 δέξεται

2024 2352 2200 2424 ἀκοή;
2235 2352 2425 2421 Ἥμῶν
2443 2357 2551 2430 γὰρ
2585 2359 2778 2429 ταῦτα,
2802 2363 3055 2438 καθάπερ
3087 2367 3393 2440 ἔμπροσθεν
3421 2371 3597 2440 εἷπον,

2024 2448 2445 2516 προτεινόντων,
2488 2450 2685 2523 ἁθρόον
2731 2460 3082 2527 στρατιωτῶν
3110 2462 3314 2533 πλῆθος
3342 2466 3497 2539 αὐτῷ
3523 2469 3602 2540 τῷ

2024 2538 2559 2613 μεγάλῳἝαϐϐἀτῳ,
2597 2545 2732 2610 πρὸς
2765 2549 3005 2620 ἑσπέραν
3051 2552 3236 2608 λοιπὸν
3253 2557 3354 2626 τῆς
3383 2538 3599 2629 ἡμέρας

2024 2630 2425 2703 ἐπειγομένης,
2483 2637 2604 2698 ταῖς
2650 2638 2969 2708 ἐκκλησίαις
3024 2644 3451 2713 ἐπεισελθόντες,
3504 2636 3598 2707 τὸν

2023 2720 2226 2793 κλῆρον
2256 2723 2472 2780 ἅπαντα
2491 2726 2585 2781 τὸν
2614 2728 2711 2782 σὺν
2733 2731 2865 2802 ⁴ημῖν
2896 2734 3032 2803 πρὸς
3045 2735 3166 2806 βίαν
3190 2739 3465 2809 ἐξέϐαλον,
3498 2743 3600 2797 καὶ

2019 2817 2204 2880 ὅπλοις
2223 2818 2284 2871 τὸ
2325 2819 2472 2890 βῆμα
2525 2825 2976 2895 περιεστοίχιστο.
3026 2829 3139 2883 Καὶ
3188 2835 3442 2900 γυναῖκες
3484 2836 3598 2890 τῶν

2019 2908 2325 2979 εὑκτηρίων
2353 2909 2538 2977 οῖκων,
2571 2913 2709 2984 πρὸς
2730 2915 2789 2968 τὸ
2820 2915 3103 2989 βάπτισμα
3147 2921 3588 2995 ἀποδυσάμεναι,

2021 2999 2139 3051 κατ’
2172 2999 2334 3053 αὑτὸν
2360 3000 2453 3054 τὸν
2469 3003 2659 3072 καιρὸν
2706 3004 2916 3073 γυμναὶ
2939 3005 3145 3076 ἔφυγον
3168 3008 3276 3064 ἀπὸ
3298 3010 3393 3065 τοῦ
3420 3013 3592 3083 φόϐου

2020 3091 2117 3161 τῆς
2167 3091 2413 3162 χαλεπῆς
2449 3093 2653 3166 ταύτης
2694 3096 2910 3168 ἐφόδου,
2960 3098 3083 3153 οὑδὲ
3135 3100 3234 3173 τὴν
3270 3105 3590 3175 πρέπουσαν

2021 3181 2270 3247 γυναιξὶν
2336 3184 2755 3258 εὐσχημοσύνην
2842 3191 3295 3262 συγχωρούμεναι
3362 3196 3593 3265 περιθέ-

2025 3268 2171 3325 σθαι.
2227 3270 2427 3327 Πολλαὶ
2456 3274 2513 3327 δέ
2544 3276 2659 3329 καὶ.
2691 3275 2984 3347 τραύματα
3024 3278 3315 3352 δεξάμεναι
3362 3285 3595 3350 ἐξεϐάλ-

2021 3359 2195 3428 λοντο,
2246 3363 2340 3416 καὶ
2386 3364 2618 3436 αἵματος
2667 3369 2726 3422 ai
2786 3369 3167 3444 κολυμϐῆθραι
3229 3375 3593 3449 ἐπλήροῦντο,
3706 3390 3711 3394 ’

2020 3451 2114 3503 καὶ
2152 3450 2220 3506 τὰ
2261 3454 2383 3524 ιερὰ
2410 3453 2518 3510 ἀπὸ
2554 3457 2660 3511 τῶν
2685 3459 2933 3530 αἱμάτων
2973 3464 3310 3532 ἐφοινίσσετο
3346 3470 3587 3539 νάματα.

2019 3543 2130 3598 Καὶ
2154 3544 2289 3598 οὐδὲ
2323 3546 2558 3602 ἐνταῦθα
2594 3551 2835 3621 εἱστήκει
2867 3554 2929 3607 τὸ
2972 3554 3167 3620 δεινὸν,
3201 3559 3317 3613 ἀλλ’
3360 3561 3489 3615 ἔνθα
3518 3565 3591 3619 τὰ

2019 3634 2150 3704 ἆγια
2173 3637 2449 3707 ἀπέκειτο,
2480 3640 2813 3707 εἰσελθόντες
2859 3647 2907 3699 oi
2943 3650 3290 3719 στρατιῶται,
3334 3647 3411 3707 ὧν
3454 3654 3590 3712 ἔνιοι

2017 3726 2200 3792 καθὼς
2243 3729 2584 3800 ἐπέγνωμεν,
2652 3735 2746 3788 καὶ
2793 3737 3027 3809 ἀμύητοι
3073 3736 3232 3814 ἦσαν,
3279 3746 3458 3800 πάντα
3526 3766 3588 3802 τε

2016 3818 2203 3889 ἐώρων
2268 3822 2338 3875 τὰ
2376 3822 2545 3887 ἔνδον,
2575 3827 2668 3879 καὶ
2696 3827 2755 3881 τὸ
2790 3830 3091 3898 ἁγιώτατον
3119 3830 3262 3906 αἷμα
3314 3838 3408 3892 τοῦ
3445 3841 3587 3912 Χρι-

2016 3909 2143 3962 στοῦ
2165 3909 2241 3972 ὠς
2267 3913 2324 3963 ἐν
2350 3913 2588 3984 τοσούτῳ
2616 3916 2828 3989 θορύϐῳ
2858 3922 2936 3985 είς
2957 3923 3026 3976 τὰ
3048 3924 3154 3979 τῶν
3168 3909 3588 4000 προειρημένων

2016 4003 2367 4072 στρατιωτῶν
2394 4006 2584 4075 ἱμάτια
2606 4008 2866 4081 ἐξεχεῖτο,
2909 4017 3005 4068 καὶ
3050 4016 3126 4080 ὡς
3151 4019 3207 4070 ἐν
3233 4021 3585 4098 αἰχμαλωσίᾳ

2014 4090 2348 4167 βαρϐαρικῇ,
2402 4097 2580 4153 πάντα
2610 4101 2878 4173 ἐτολμᾶτο
2911 4120 2928 4138 ο
2958 4107 3051 4161 καὶ
3070 4110 3098 4161 ό
3119 4090 3451 4183 δῆμοςπρὸς
3484 4090 3587 4187 τὴν

2011 4182 2244 4253 ἐρημίαν
2264 4185 2548 4255 ἠλαύνετο.
2584 4194 2677 4245 καὶ
2713 4194 2901 4258 ἆπαςό
2929 4196 3055 4262 λαὸς
3093 4199 3192 4269 τῆς
3219 4182 3425 4269 πόλεως
3476 4182 3587 4274 ἔξω

2009 4277 2262 4349 διέτριϐε.
2297 4282 2407 4336 Καὶ
2448 4287 2599 4339 κεναὶ
2630 4288 2689 4341 ἐν
2715 4289 2875 4361 ἑορτῇ
2926 4292 3148 4366 τοιαύτῃ
3180 4295 3287 4350 τῶν
3333 4299 3479 4354 λαῶν
3527 4305 3584 4357 ai

2010 4372 2297 4442 ἐκκλησίαι
2358 4377 2618 4445 ἐγίνοντο,
2677 4384 2775 4436 καὶ
2833 4384 3044 4450 πλείους
3088 4388 3121 4458 ἢ
3176 4393 3585 4460 τεσσαράκοντα

2009 4463 2300 4520 ἐπίσκοποι
2343 4468 2839 4541 οί,οίκονομοῦντες
2874 4473 3008 4548 ἡμῖν
3039 4480 3179 4549 μετὰ
3203 4483 3298 4535 τοῦ
3336 4484 3466 4538 λαοῦ
3488 4492 3583 4541 καὶ

334 4544 392 4600 in
416 4554 566 4600 tanto
600 4544 856 4609 tumultu,
896 4543 952 4597 in
1002 4543 1384 4614 praedictorum
1438 4544 1670 4599 militum
1720 4554 1900 4601 vestes

2021 4556 2109 4614 τοῦ
2140 4558 2346 4631 κλήρου
2381 4561 2504 4636 είκῇ
2532 4565 2625 4617 καὶ
2676 4570 2854 4637 μάτην
2889 4543 3200 4641 ἠλαύνοντο.
3263 4578 3373 4632 Καὶ
3397 4580 3585 4634 ὀλολυ-

328 4637 431 4694 fuit
451 4636 659 4692 ellusus
689 4635 823 4707 (42),
856 4643 911 4689 et
954 4644 1208 4705 tanquam
1256 4635 1309 4690 in
1342 4636 1626 4692 barbarica
1672 4638 1903 4708 captivi-

331 4740 439 4787 tate
483 4732 601 4785 ausi
639 4740 768 4785 sunt
808 4729 1132 4795 illa-omnia,
1181 4740 1233 4784 et
1285 4732 1523 4800 pepulus
1559 4731 1769 4799 ejectus
1798 4731 1903 4787 fuit

330 4827 383 4878 in
418 4824 789 4886 solitudinem,
823 4832 880 4877 et
932 4821 1224 4877 universus
1273 4822 1458 4891 populi
1498 4831 1671 4878 cretus
1722 4839 1904 4878 versa-

327 4917 488 4973 batur
512 4926 664 4972 extra
693 4914 969 4970 civitatem
997 4932 1009 4968 :
1035 4914 1163 4967 etin
1191 4912 1280 4967 tali
1312 4913 1452 4967 festo
1483 4914 1725 4970 ecclesia:
1745 4926 1905 4974 erant

325 5008 521 5071 iuanes
550 5006 776 5078 populo,
812 5016 867 5060 et
899 5005 1020 5074 plus
1053 5021 1213 5075 quam
1243 5006 1602 5078 quadraginta
1638 5009 1898 5080 episcopi,

325 5103 415 5172 qui
450 5100 736 5157 nobiscum
765 5097 1263 5162 communicabant,
1294 5112 1418 5152 cum
1442 5099 1637 5169 populo
1667 5109 1722 5156 et
1751 5102 1899 5157 clero

326 5202 534 5248 temere
564 5188 774 5258 eXpulsi
806 5196 951 5250 sunt,
977 5188 1321 5260 gemitusque
1350 5198 1403 5244 ct
1423 5190 1673 5260 planctus
1697 5204 1815 5249 erat
1843 5195 1897 5250 in

326 5280 734 5344 solitudinibus,
765 5286 818 5332 et
849 5277 1105 5347 quaelibet
1144 5294 1272 5349 pars
1322 5279 1559 5339 civitatis
1590 5292 1708 5338 erat
1736 5286 1896 5355 plena

327 5374 415 5429 his
458 5370 880 5428 calamitatibus.
912 5366 1046 5422 Nam
1081 5379 1301 5440 prapter
1343 5370 1610 5443 insignem
1641 5372 1898 5443 iniquita-

326 5482 458 5534 tem,
484 5480 594 5519 non
620 5465 797 5519 solum
818 5462 909 5533 qui
933 5461 1297 5533 patiebantur,
1325 5467 1426 5519 sed
1450 5465 1612 5519 etiam
1640 5467 1729 5535 qui
1760 5466 1897 5521 nihil

393 5696 504 5779 (42)
544 5699 678 5752 Nota
719 5693 810 5749 hic
850 5703 1039 5780 contra
1078 5693 1239 5765 hujus
1278 5703 1539 5780 temporis
1585 5694 1895 5780 haereticos,

320 5765 413 5835 qui
477 5765 676 5839 negant
723 5765 1104 5821 asservaudam
1153 5766 1575 5847 sacratissimam
1603 5767 1897 5847 ’Euchari-

320 5839 502 5905 etiam,
541 5838 704 5908 quam
734 5853 842 5894 non
875 5844 1083 5893 tantum
1126 5838 1226 5893 sub
1269 5838 1449 5906 specie
1489 5838 1662 5906 panis,
1701 5839 1796 5893 sed
1838 5849 1893 5893 et

2012 4649 2107 4717 ya‘.
2148 4652 2243 4704 καὶ
2285 4656 2523 4723 οἰμωγαὶ
2558 4657 2657 4722 τὰς
2685 4660 2863 4726 οίκίας
2892 4665 3035 4718 κατὰ
3063 4668 3161 4732 τὰς
3216 4670 3453 4742 ἐρημίας
3491 4676 3587 4730 καὶ⁵

2011 4742 2153 4796 κατὰ
2200 4747 2310 4799 πᾶν
2340 4750 2438 4820 τῆς
2470 4749 2677 4817 πόλεως
2739 4754 2904 4826 μέρος
2940 4756 3048 4811 τῶν
3091 4765 3385 4834 συμφορῶν
3413 4767 3585 4839 ἐπλή-

2013 4849 2141 4904 ρουν
2169 4836 2394 4894 τούτων.
2446 4840 2546 4893 Διὰ
2586 4842 2696 4912 γὰρ
2722 4846 2819 4917 τὴν
2855 4848 3158 4923 ὑπερϐολὴν
3208 4855 3309 4924 τῆς
3343 4836 3585 4928 παρανο-

2012 4924 2163 4993 μίας,
2211 4925 2308 4996 οὐχ
2346 4929 2395 4980 oi
2423 4929 2721 5001 πάσχοντες
2752 4937 2933 5004 μόνον,
2996 4941 3135 4994 ἀλλὰ
3172 4944 3266 4997 καὶ
3320 4947 3371 4999 οἱ
3412 4924 3585 5018 μηδὲν

2008 5013 2255 5070 τοιοῦτον
2306 5018 2691 5090 ὑπομένοντες,
2731 5027 3031 5099 συνήλγουν
3061 5033 3212 5102 ἡμῖν,
3240 5035 3365 5104 οὐχὶ

2006 5104 2087 5171 ξοι
2147 5106 2309 5175 μόνον
2333 5147 2349 5172 ,
2403 5109 2539 5164 ἀλλὰ
2598 5114 2692 5166 καὶ
2744 5117 3006 5186 αἱρετικοὶ
3056 5123 3150 5175 καὶ
3192 5104 3438 5178 Ἰουδαῖοι
3488 5127 3584 5179 καὶ

2012 5197 2299 5270 Ἕλληνες.
2374 5201 2460 5266 Ὦς
2489 5204 2588 5274 τῆς
2651 5207 2859 5273 πόλεως
2893 5212 3035 5265 κατὰ
3079 5215 3279 5285 κράτος
3323 5218 3578 5289 ἁλούσης,

2004 5287 2178 5354 οὕτως
2207 5294 2265 5346 ἐν
2289 5293 2541 5364 θορύϐοις
2559 5298 2655 5365 καὶ
2678 5306 2946 5372 ταραχαῖς
2979 5306 3072 5358 καὶ
3097 5306 3378 5377 ὀλολυγαῖς
3405 5287 3583 5366 ᾶπαν-

2007 5400 2071 5435 τα
2091 5378 2180 5453 ἦν.
2233 5385 2342 5439 Καὶ
2364 5386 2539 5443 ταῦτα
2571 5390 2837 5462 ἐτολμᾶτο
2875 5397 3028 5467 παρὰ
3057 5400 3282 5469 γνώμην
3310 5402 3404 5456 τοῦ
3433 5404 3588 5457 stic:-

2008 5472 2267 5529 ϐεστάτου
2326 5476 2613 5549 βασιλέως,
2665 5486 2854 5548 νυκτὸς
2883 5486 3317 5561 καταλαϐούσης,
3365 5491 3588 5546 ἐπισκό-

2006 5701 3007 5790 γῖηίοεεςτνοιξτηλῐιωοϐὴςγεοειρπιι
3035 5726 3299 5790 memorat
3328 5719 3560 5790 epistola

2006 5773 2151 5829 Idem
2181 5776 2341 5832 etiam
2376 5777 2432 5834 S.
2466 5773 2859 5853 (ἔνθεοι-,Πίσα
2893 5784 2930 5840 l.
2975 5800 3055 5853 ut,
3087 5801 3136 5844 c.
3169 5773 3513 5854 ὅϐινιείιῖιιῖίέ
