3834 6458
258 403 391 470 1181

1318 408 1497 469 VITA
1548 392 1609 469 s.
1647 407 1974 471 JOANNIS
2022 400 2576 466 CHRYSOSTOMI.

3366 362 3505 459 1182

221 540 377 587 ,πων
403 519 545 575 αὐτὰ
596 523 1136 590 κατασκευαζόντων,
1192 525 1285 579 καὶ
1327 525 1593 597 πολλαχοῦ
1630 541 1828 597 στρατ-

1940 524 2037 579 tale
2068 521 2429 585 sustinebant,
2461 534 2556 590 per
2583 529 2913 574 consensum
2946 513 3229 572 nobiscum
3259 514 3502 570 dolorem

250 611 550 686 ηγούντων,
589 613 641 666 οἳ
690 613 789 668 οὐκ
823 615 1117 686 ᾐσχύνοντο
1163 615 1657 689 καμπιδούκτωρας
1705 616 1828 672 ἀντὶ

250 706 519 760 διακόνων
537 708 981 779 προηγουμένους
1014 707 1250 781 ἔχοντες,
1313 709 1554 781 Ἡμέρας
1585 710 1640 765 δὲ
1670 726 1825 779 γενο-

253 799 447 870 μένης,
508 800 658 853 πᾶσα
709 800 743 868 ἡ
773 800 927 863 πόλις
978 801 1085 867 ἔξω
1120 801 1231 856 τῶν
1256 802 1450 872 τειχῶν
1477 801 1826 872 μετῳκίζετο,

252 890 361 943 ὑπὸ
380 891 572 960 δένδρα
593 890 695 947 καὶ·
703 891 903 956 νάπας,
914 892 1164 964 καθάπερ
1181 893 1422 965 πρόϐατα
1437 893 1827 963 διεσπαρμένα,

252 981 353 1051 τὴν
376 981 568 1054 ἑορτὴν
596 982 991 1049 ἐπιτελοῦντες.
1036 985 1175 1042 Ἀλλ’
1210 985 1354 1041 οὕτω
1413 987 1516 1052 μὲν
1571 988 1605 1057 ἡ
1653 987 1830 1057 χρυσῆ

244 1071 500 1149 γλῶσσα.
532 1075 769 1133 Τοιαῦτα
805 1076 863 1129 δὲ
902 1078 1046 1133 κατὰ
1067 1078 1164 1150 τὴν
1206 1078 1400 1150 ἑορτὴν
1426 1078 1522 1135 τοῦ
1560 1081 1752 1152 Πάσχα
1781 1082 1831 1135 oi

257 1163 421 1218 καλοὶ
444 1168 702 1238 ποιμένες
733 1169 829 1227 καὶ
858 1168 1048 1242 ψυχῶν
1097 1173 1433 1243 προστασίαν
1463 1173 1823 1245 πεπιστευμέ-

256 1272 340 1310 νοι
365 1257 442 1328 τῷ
470 1258 766 1315 ἀναστάντι
798 1261 1238 1334 ὲκαρποφόρουν.
1291 1263 1572 1319 Ἐντεῦθεν
1605 1265 1699 1319 καὶ
1725 1265 1836 1320 δια·

218 1414 223 1417 _
254 1347 515 1416 τάγματα
570 1348 848 1420 πανταχοῦ
874 1352 1210 1421 προετίθετο,
1254 1354 1355 1425 τῆς
1393 1355 1640 1410 Ἰωάννου
1669 1355 1836 1430 διείρ-

253 1454 421 1506 γοντα
450 1439 738 1505 κοινωνίας
759 1455 777 1471 '
807 1439 845 1497 ἃ
887 1443 1142 1498 τοσοῦτον
1170 1444 1416 1517 ἐκράτει,
1448 1446 1525 1512 ὡς
1553 1447 1652 1518 τὴν
1676 1448 1831 1503 ἐναν-

254 1529 381 1584 τίαν
407 1530 608 1601 μᾶλλον
642 1532 903 1604 εἰληφότα
929 1535 1329 1607 παραγγελίαν,
1366 1539 1644 1612 καὶταύτῃ
1671 1541 1834 1599 πλέον

257 1619 385 1684 τοῦς
416 1621 856 1693 πολεμουμένους
886 1626 1225 1695 ρωννύοντα,
1252 1627 1442 1700 ὥσπερ
1472 1628 1537 1701 δὴ
1584 1628 1678 1683 τοῦ
1698 1629 1832 1684 Θεοῦ

256 1711 456 1781 τρόπος
508 1714 565 1766 ὲν
615 1718 829 1786 καιροῖς
867 1719 1130 1784 τοιούτοις
1176 1719 1648 1793 οἰκονομούμενος.
1721 1719 1834 1775 Καὶ

258 1803 370 1876 γὰρ
401 1804 495 1867 καὶ
520 1806 575 1859 αἱ
613 1805 903 1877 ἐκκλησίαι
960 1808 1058 1863 καὶ
1101 1810 1130 1863 ό
1177 1809 1411 1881 ἀριθμὸς
1455 1810 1658 1882 ηὔξανε
1708 1811 1829 1866 καθ⁹

258 1894 496 1965 ἑκάστην
549 1894 659 1948 τῶν
697 1896 894 1968 ἐκείνῳ
950 1900 1415 1970 προστιθεμένων.
1484 1903 1570 1957 Ἐν
1625 1901 1835 1965 τούτοις

257 1983 353 2039 οὖν
379 1986 476 2055 τῆς
503 1988 883 2059 Πεντηκοστῆς
913 1989 1016 2061 ἠδη
1035 1991 1470 2065 καταλαϐούσης,
1496 1994 1616 2047 ἐπεὶ
1644 1995 1743 2047 οὐκ
1769 1989 1838 2066 ἦν

258 2074 398 2137 ὅλως
418 2075 743 2146 τῷδιαϐόλῳ
770 2080 983 2151 φορητὰ
1023 2081 1093 2134 τὰ
1128 2081 1417 2153 γενόμενα,
1447 2083 1839 2152 προσελθόντες

258 2161 342 2231 οἷς
371 2168 575 2232 ἐκεῖνος
621 2171 857 2236 ὲνέπνει,
908 2172 1005 2225 καὶ
1041 2172 1380 2243 θεραπευτὰς
1401 2167 1514 2244 εἶχε
1551 2174 1834 2246 γνησίους,

258 2261 350 2314 Σοὶ
381 2261 501 2332 μὲν.
531 2260 610 2336 τῷ
652 2261 866 2333 βασιλεῖ
911 2263 1144 2333 ἔφησαν,
1198 2265 1416 2330 ἐξουσία
1470 2266 1577 2320 τῶν
1623 2265 1838 2338 ἀνθρω-

258 2353 432 2413 πίνων
465 2355 615 2428 παρὰ
671 2355 830 2423 Θεοῦ,
877 2357 1015 2414 ἀλλὰ
1069 2359 1140 2416 τὰ
1189 2358 1301 2417 τῶν
1340 2358 1650 2429 ἐκκλησιῶν
1708 2361 1840 2430 ἡμῖν

258 2445 675 2519 ἐπιτέτραπται.
749 2447 1043 2522 Τοιγάρτοι
1093 2452 1234 2524 μήτε
1305 2453 1499 2526 ἱερέων
1520 2451 1838 2526 ἲερὼτε-ρος,

265 2540 407 2644 pigre
429 2539 671 2642 ita-vdev
699 2541 1090 2644 ακριὸἐστερος
1117 2541 1258 2600 εἶναι
1295 2544 1639 2629 βουλόμενος.
1665 2563 1842 2617 παρα-

259 2629 427 2700 χώρει
448 2631 557 2688 τῶν
585 2632 842 2688 τοιούτων
870 2636 1023 2706 ἡμῖν.
1048 2636 1190 2708 Ἔφη
1199 2636 1299 2707 μέν
1328 2655 1409 2691 σοι
1431 2638 1526 2692 καὶ
1551 2617 1837 2709 πρότερον,

261 2720 503 2792 βασιλεῦ,
540 2725 633 2778 ἐπὶ
656 2725 756 2799 τὴν
772 2727 1013 2799 κεφαλὴν
1042 2730 1126 2799 εἴη
1160 2728 1258 2801 τὴν
1288 2728 1617 2802 ήμετέρανή
1658 2730 1840 2784 Ἰωάν-

261 2831 361 2867 νου
407 2816 749 2888 καθαίρεσις.
812 2820 906 2892 Μὴ
957 2821 1139 2876 τοίνυν
1188 2822 1502 2894 φειδόμενος
1541 2821 1636 2876 τοῦ
1698 2818 1839 2889 ένδς,

260 2904 389 2969 τοὺς
442 2907 650 2974 πάντας
687 2911 810 2965 θέλε
841 2911 1054 2968 λυπεῖν.
1114 2914 1247 2968 Τότε
1287 2914 1576 2986 παρρησία
1612 2912 1841 2985 πέμψας

260 3001 296 3064 ἀ
318 3000 593 3070 βασιλεὺς,
628 3004 692 3058 ΟΞ
719 3005 1019 3078 κατήγοροί
1043 3023 1160 3072 σου,
1195 3005 1449 3079 γνωρίζει
1468 3007 1546 3078 τῷ
1574 3008 1843 3080 πατριάρ-

263 3107 358 3164 χῃ.
384 3094 444 3147 τὸ
485 3099 662 3167 κρῖμα
707 3098 769 3152 τὸ
827 3098 939 3166 σὸν,
967 3100 1116 3163 ὅπως
1144 3099 1211 3154 ἂν
1248 3099 1379 3172 ἔχοι,
1403 3099 1498 3153 καὶ
1542 3099 1611 3172 ἣν
1659 3099 1842 3154 ἔθεντο

262 3182 995 3282 ψῆφονξτῆςὶιαθαιρέσεως,
1036 3187 1181 3241 κατὰ
1227 3188 1326 3257 τῆς
1369 3187 1578 3241 ἑαυτῶν
1621 3186 1839 3240 ἕλκουσι
1867 3223 1913 3282 C

265 3275 530 3344 κεφαλῆς.
575 3276 665 3348 Τῷ
690 3277 810 3348 Θεῷ
834 3278 1013 3333 τοίνυν
1036 3278 1106 3333 τὰ
1132 3279 1274 3335 κατά
1297 3284 1490 3335 σαυτὸν
1516 3278 1839 3350 ἐπιτρέψας,

264 3365 364 3435 τῆς
416 3366 739 3439 Ἐκκλησίας
763 3368 1055 3441 ἁπόστηθι.
1073 3371 1139 3425 Τί
1160 3370 1333 3438 τοῦτο,
1369 3372 1580 3443 ἀνδρῶν
1613 3373 1843 3444 εὐμετα-

264 3457 563 3524 ϐαλώτατε,
585 3461 677 3515 καὶ
701 3459 965 3531 βασιλέων
985 3462 1062 3533 τῷ
1075 3466 1293 3535 κρατεῖν
1316 3467 1671 3533 ἀγεννέστατε
1690 3482 1705 3533 ;
1725 3465 1842 3528 πῶς

260 3544 586 3620 ᾧτοσαύτην
611 3553 929 3626 εἰσήνεγκας
949 3556 1047 3629 τῂν
1072 3555 1303 3626 σπουδὴν
1327 3557 1390 3610 ἐκ
1403 3557 1500 3627 τῆς
1527 3555 1843 3628 Ἀντιοχέων

267 3643 761 3729 μετακαλούμενος,
826 3646 923 3700 καὶ
968 3648 1205 3719 Χριστοῦ
1236 3647 1336 3721 τὴν
1402 3648 1729 3719 Ἐκκλησίαν
1755 3667 1843 3704 πι-

268 3735 498 3802 στεύων,
534 3738 628 3793 ttat
652 3732 714 3794 οὗ
748 3741 946 3809 πεῖραν
982 3741 1115 3811 ὅσην
1144 3741 1302 3812 ἔσχες
1326 3740 1426 3811 τῆς
1460 3741 1683 3812 ἀρετῆς,
1713 3741 1840 3795 τοῦ·

272 3843 356 3881 ιον
375 3828 439 3881 οὐ
467 3829 565 3898 τῆς
614 3828 940 3901 Ἐκκλησίας
965 3830 1149 3894 ἁπλῶς
1184 3831 1547 3904 ἐκϐέϐληκας,
1583 3833 1721 3887 ἀλλά
1747 3832 1843 3888 καὶ

266 3919 567 3991 ὑπερορίαν
611 3920 776 3976 αὐτοῦ
819 3922 1205 3990 κατεδίκασας,
1232 3924 1403 3996 ἄνδρα
1452 3925 1551 3996 τὴν
1601 3925 1840 3997 Χριστοῦ

266 4012 553 4086 ζημιώσας
601 4014 859 4086 ποίμνην,
892 4010 990 4080 Ob,
1013 4017 1155 4071 xci-:3:
1181 4016 1271 4071 τὸν
1318 4017 1491 4089 μέγαν
1526 4017 1739 4073 Παῦλον
1765 4021 1841 4074 εί-

269 4106 409 4170 πείν,
435 4104 553 4161 οὐδὲ
579 4107 607 4161 ὁ
640 4108 745 4171 πᾶς
766 4108 1147 4176 κόσμος’ἄξιος
1173 4125 1187 4176 ;
1241 4110 1402 4165 Ἀλλὰ
1431 4110 1525 4165 καὶ
1547 4111 1606 4165 σὲ
1625 4112 1843 4178 πάντως

265 4196 550 4266 ἠπάτησεν
585 4197 719 4261 Εὕα,
758 4201 800 4270 ,ἡ
846 4199 1165 4272 δολιωτάτη,
1236 4204 1400 4273 φημὶ,
1460 4206 1765 4273 γυναικῶν,
1804 4207 1838 4277 ἡ

265 4286 493 4361 γνώμην
540 4291 635 4347 καὶ
681 4292 927 4360 γλῶτταν
949 4291 1186 4376 ὀφιὼᾆης
1226 4294 1320 4347 καὶ
1346 4294 1616 4367 μοχθηρὰ,
1652 4295 1842 4368 ὥσπερ

266 4380 334 4435 δι’
366 4381 586 4455 ἐκείνης
616 4385 644 4437 ὁ
664 4385 808 4451 ὄφις,
868 4384 1043 4451 οὕτως
1099 4386 1238 4457 αὐτὴ
1308 4387 1399 4441 διὰ
1422 4387 1532 4442 τῶν
1564 4389 1626 4443 ού
1658 4390 1841 4444 καλῶν

268 4472 543 4542 ποιμένων
564 4474 644 4537 είς
671 4467 787 4528 ὦτα
815 4475 892 4528 τὰ
916 4477 985 4529 σὰ
1017 4475 1339 4547 λαλήσασα.ἷ
1367 4477 1586 4535 Τούτων
1607 4480 1638 4531 ὁ
1667 4464 1849 4548 μέγαξ

1930 617 2318 687 accipiebant:
2356 630 2465 669 non
2504 614 2678 669 solum
2713 611 2808 682 qui
2833 618 2993 667 erant
3015 609 3260 680 ejusdem
3291 608 3507 679 Opinio-

1931 708 2038 775 nis,
2065 707 2159 763 sed
2188 707 2354 762 etiam
2379 703 2648 768 haeretici,
2678 711 2735 757 et
2755 700 2953 768 Judaei,
2983 712 3039 755 et
3064 698 3296 768 gentiles
3329 714 3342 750 :
3381 712 3505 765 pcr-

1931 801 2059 857 inde
2086 815 2150 855 ac
2182 798 2226 855 si
2259 798 2309 854 vi
2352 807 2509 868 capta
2538 805 2682 852 esset
2724 795 2935 858 civitas,
2967 792 3045 848 sic
3072 793 3127 847 in
3157 790 3499 845 tumultibus.

1931 889 2436 963 perturbationibus
2465 896 2520 945 et
2557 887 2847 958 gemitibus
2875 894 3034 939 erant
3063 884 3266 939 omnia.
3300 883 3365 936 Et
3388 882 3502 935 huic

1933 984 2074 1040 facta
2104 990 2232 1038 sunt
2258 990 2459 1053 praeter
2486 974 2811 1035 sententiam
2841 978 2915 1049 pii
2945 974 3310 1046 imperatoris,
3339 982 3500 1027 noctu

1936 1076 2052 1139 hac
2101 1073 2547 1145 comparantibus
2595 1070 2886 1142 episcopis.
2936 1076 2991 1124 et
3033 1068 3220 1123 multis
3270 1067 3325 1120 in
3369 1063 3505 1119 locis

1933 1165 2326 1223 exercentibus
2349 1178 2549 1219 munus
2580 1161 2736 1217 ducis
2775 1158 3064 1219 exercitus,
3095 1156 3193 1224 qui
3237 1168 3342 1206 non
3378 1166 3505 1205 eru—

1933 1255 2228 1312 bescebant
2252 1270 2352 1325 pro
2384 1252 2627 1309 diaconis
2651 1249 2826 1320 campi
2851 1236 3105 1308 ductores
3139 1244 3340 1301 habere
3365 1256 3506 1310 prte-

1933 1350 2212 1406 ccdentes.
2238 1349 2374 1403 Cum
2408 1355 2588 1402 autem
2629 1344 2822 1402 fuisset
2861 1340 3022 1402 dies,
3046 1347 3155 1394 tota
3187 1335 3374 1391 civitas
3401 1332 3505 1387 mi-

1934 1440 2111 1513 gravit
2151 1448 2300 1497 extra
2342 1436 2563 1501 mnia,
2595 1435 2700 1491 sub
2753 1433 3039 1489 arboribus
3082 1437 3137 1484 et
3191 1425 3507 1484 nemoribus

1935 1532 2075 1589 sicut
2121 1531 2379 1601 dispersae
2431 1543 2560 1583 oves
2606 1525 2807 1582 festum
2857 1523 3214 1579 celebrantes.
3274 1517 3381 1571 Sed
3430 1515 3509 1571 sic

1935 1625 2159 1697 quidem
2186 1624 2372 1695 lingua
2415 1622 2504 1676 illa
2529 1634 2719 1680 aurea.
2753 1616 2878 1673 Haec
2920 1624 3103 1671 autem
3145 1614 3198 1667 in
3231 1611 3374 1666 festo
3402 1610 3508 1665 Pa-

1936 1717 2082 1774 scha:
2115 1715 2316 1788 egregii
2348 1724 2594 1784 pastores
2620 1718 2675 1766 et
2696 1709 2893 1780 quibus
2916 1707 3216 1761 animarum
3240 1716 3369 1755 cura
3392 1706 3511 1754 erat

1936 1804 2591 1875 crcdita,obtulerunt:ei,
2621 1803 2711 1873 qui
2736 1807 3071 1857 surrexerat.
3098 1796 3236 1850 Hinc
3264 1794 3426 1848 etiam
3451 1791 3509 1846 in

1938 1916 2157 1958 omnem
2189 1908 2399 1972 partem
2426 1899 2597 1955 missa
2618 1903 2743 1951 sunt
2767 1893 2964 1957 edicta,
2999 1904 3120 1963 quae
3150 1885 3513 1957 prohibebant

1934 1980 2265 2052 abJoannis
2291 1990 2676 2049 communione
2708 2005 2724 2042 :
2761 2000 2880 2056 qum
2909 1993 3111 2039 tantam
3144 1981 3250 2035 vim
3301 1978 3509 2034 habue-

1940 2095 2090 2150 runt,
2122 2083 2350 2156 perinde
2397 2098 2459 2137 ac
2494 2082 2539 2137 si
2587 2080 2976 2153 praecepissent
3019 2073 3356 2131 contrarium
3393 2087 3407 2125 :
3459 2076 3515 2124 et

1941 2192 2058 2241 eos,
2083 2176 2177 2247 qui
2225 2173 2704 2245 oppugnabantur,
2728 2168 2901 2239 magis
2944 2166 3020 2222 sic
3069 2162 3466 2219 confirmarunt
3496 2174 3511 2210 :

1941 2285 2101 2341 quem
2134 2265 2358 2338 quidem
2390 2264 2612 2319 modum
2643 2262 2782 2316 solet
2818 2269 3006 2314 tenere
3039 2256 3184 2311 Deus
3229 2254 3283 2309 in
3319 2253 3515 2322 hujus-

1943 2361 2095 2419 modi
2124 2357 2464 2429 temporibus
2493 2354 2774 2418 Ecclesiae,
2818 2359 2966 2406 certe
2996 2359 3051 2404 et
3094 2361 3358 2402 numerus
3393 2358 3518 2415 (ξι-ουτ

1940 2455 2123 2513 scebat
2158 2451 2377 2507 assidue
2414 2463 2627 2513 eorum,
2663 2446 2759 2517 qui
2795 2445 2873 2499 illi
2906 2442 3324 2511 adliciebantur.
3364 2435 3513 2491 Inte-

1940 2550 2048 2605 rim
2085 2556 2267 2611 autem
2297 2545 2425 2601 dum
2453 2542 2563 2613 jam
2585 2539 2836 2595 venisset
2878 2535 3228 2598 Pentecoshw
3249 2528 3514 2602 quoniam

1943 2642 2057 2699 ﬁeri
2100 2655 2212 2695 non
2262 2622 2519 2709 poterat,
2546 2642 2607 2689 ut
2648 2632 2861 2689 occulto
2913 2629 3138 2684 inimico
3178 2627 3293 2681 haec
3334 2630 3518 2679 essent

1942 2730 2271 2795 tolerabilia,
2301 2726 2626 2785 accedentes
2666 2723 2723 2788 ii,
2759 2736 2898 2792 quos
2949 2718 3038 2772 ille
3094 2715 3432 2787 inspirabat,
3465 2722 3518 2766 et

1942 2839 1972 2879 a
1998 2822 2199 2893 quibus
2221 2821 2339 2890 ipse
2359 2813 2925 2873 valdeobservabatur
2959 2825 2971 2862 :
3005 2808 3123 2862 Tibi
3154 2805 3395 2878 quidem,
3429 2803 3517 2860 di«

1944 2922 2143 2971 xerunt
2183 2908 2523 2981 imperatori,
2554 2921 2737 2960 rerum
2772 2904 3132 2959 humanarum
3173 2898 3298 2954 data
3352 2906 3437 2952 est
3485 2911 3516 2950 a

1945 3005 2056 3062 Deo
2084 3011 2348 3076 potestas,
2383 2999 2478 3057 sed
2511 2995 2880 3054 Ecclesiarum
2908 3008 2997 3048 res
3029 2998 3157 3047 sunt
3182 2986 3342 3043 nobis
3366 3002 3517 3042 com.

1946 3099 2145 3154 missae.
2185 3095 2372 3166 Itaque
2396 3108 2498 3149 nec
2526 3087 2901 3160 sacerdotibus
2934 3083 3197 3146 sanctior,
3219 3096 3323 3136 nec
3348 3093 3517 3135 canu-

1945 3193 2106 3248 nibus
2155 3189 2345 3246 volens
2400 3170 2661 3259 majorem
2707 3181 2910 3236 habere
2951 3176 3366 3237 auctoritatem,
3401 3172 3519 3227 haec

1945 3285 2189 3354 relinque
2223 3278 2514 3352 episcopis.
2549 3275 2670 3332 Tibi
2704 3272 2922 3344 quidem
2976 3271 3130 3341 prius
3167 3282 3383 3338 quoque
3433 3265 3521 3320 di-

1944 3377 2148 3440 ximus,
2171 3390 2204 3428 o
2234 3373 2552 3442 imperator,
2584 3368 2638 3421 in
2670 3374 2919 3420 nostrum
2950 3362 3138 3417 redeat
3166 3368 3332 3429 caput
3351 3355 3518 3412 Joan-

1943 3471 2030 3527 nis
2055 3465 2347 3540 depositio.
2376 3463 2513 3518 Vide
2542 3474 2691 3531 ergo,
2726 3474 2793 3515 ne
2823 3471 2991 3511 unum
3017 3454 3098 3510 sic
3127 3451 3515 3521 complectens,

1944 3573 2141 3617 onmes,
2182 3569 2373 3627 pergas
2420 3550 2634 3607 allicere
2675 3545 2912 3603 tristitia.
2958 3543 3079 3597 Non
3134 3540 3368 3612 amplius
3404 3540 3520 3594 haec

1944 3649 2221 3707 sustinere
2264 3652 2479 3718 poterat
2533 3640 2848 3710 imperator,
2901 3635 2996 3690 sed
3045 3633 3293 3705 protinus
3331 3640 3519 3700 aperte

1944 3741 2207 3804 mittens,
2266 3734 2537 3807 signiﬁcat
2574 3729 2898 3801 patriarchae
2942 3726 2999 3781 in
3047 3725 3195 3779 hunc
3246 3723 3516 3777 modum:

1941 3830 2301 3885 Accusatores
2330 3824 2406 3880 tui
2435 3820 2700 3893 judicium
2737 3828 2912 3883 tuum,
2934 3814 3426 3893 quomodocunque
3459 3827 3518 3866 se

1944 3921 2163 3983 habeat,
2197 3929 2253 3975 et
2281 3890 2450 3989 quam
2487 3912 2849 3986 depositionis
2876 3911 3122 3965 tulerunt
3165 3890 3517 3969 sententiam,

1945 4014 2170 4068 trahunt
2198 4013 2253 4065 in
2284 4026 2443 4067 suum
2471 4015 2653 4079 caput.
2678 4004 2810 4059 Rem
2841 4003 3024 4072 itaque
3050 4010 3198 4056 tuam
3236 4001 3343 4053 Deo
3371 4014 3520 4050 rom-

1943 4103 2187 4166 mittens,
2216 4100 2407 4157 recede
2436 4099 2505 4155 ab
2556 4095 2816 4193 Egclesia.
2857 4093 2998 4160 Quid
3048 4093 3173 4154 hoc,
3210 4106 3242 4145 ο
3275 4089 3518 4145 virorum

1942 4195 2103 4266 longe
2152 4180 2620 4254 mutabilissime,‘
2642 4196 2696 4242 et
2742 4186 3131 4256 imperatorum
3184 4182 3242 4237 in
3286 4180 3521 4237 admini-

1943 4287 2171 4342 strando
2194 4285 2424 4356 imperio
2460 4280 2829 4354 ignavissime,
2860 4276 3136 4347 quomodo
3178 4275 3264 4329 cui
3302 4282 3515 4328 tantum

1928 4366 2240 4435 adhibuisti
2287 4374 2551 4437 studium,
2584 4366 2708 4425 eum
2756 4382 3047 4423 accersens
3096 4364 3421 4430 Antiochia,
3468 4373 3522 4417 et

1940 4470 2145 4528 Christi
2189 4468 2249 4523 ei
2279 4467 2510 4523 credens
2563 4462 2888 4524 Ecclesiam,
2926 4459 3084 4529 cujus
3140 4457 3356 4510 virtutis
3406 4472 3515 4509 non

268 4560 527 4628 ἀκούσας,
567 4563 731 4633 μηδὲν
755 4565 1078 4636 σκυθρωπὸν
1107 4567 1140 4640 ἢ
1166 4568 1415 4638 κατηφὲς
1454 4569 1584 4641 μήτ’
1617 4571 1676 4624 ἐν
1711 4589 1838 4642 καρ-

1949 4575 2178 4635 parvum
2212 4556 2388 4614 fecisti
2423 4553 2747 4627 periculum,
2790 4566 2915 4607 eum
2951 4564 3062 4603 non
3093 4549 3270 4602 solum
3306 4547 3514 4616 ejecisli

270 4654 361 4727 δίᾳ
389 4653 699 4724 δεξάμενος,
751 4658 879 4729 μήτ’
924 4659 980 4712 ὲν
1009 4658 1129 4729 ὄψει
1197 4663 1623 4734 παρασημήνας,
1653 4662 1845 4732 Δεῦτε,

266 4750 383 4811 τοῖς
434 4750 562 4820 περὶ
607 4751 770 4805 αὐτὸν
821 4751 1141 4816 ἐπισκόποις
1194 4751 1321 4824 ἔφη,
1374 4755 1453 4825 τῷ
1498 4756 1715 4828 ἀγγέλῳ
1742 4758 1843 4825 τῆς

266 4838 602 4911 -Ἐκκλησίας
631 4840 731 4914 ήδη
775 4841 870 4895 καὶ
925 4842 1336 4916 συνταξώμεθα.
1383 4842 1515 4900 Εἶτα
1577 4847 1717 4917 μετὰ
1743 4847 1844 4920 τὴν

270 4933 622 5002 καθήκουσαν
683 4935 1016 5007 προσευχὴν,
1069 4936 1242 4992 πολλὰ
1275 4939 1407 5011 περὶ
1437 4939 1533 5010 τῆς
1560 4939 1841 5009 ὀρθοδόξου

265 5023 698 5097 διαμαρτύρεται
738 5026 976 5091 πίστεως
1010 5067 1027 5095 ,
1094 5029 1190 5084 καὶ
1235 5028 1445 5100 ταύτης
1484 5030 1839 5102 ἀμεταθέτως

266 5115 486 5186 ἔχεσθαι
510 5119 785 5188 παραινεῖ,
817 5117 1008 5171 ἔπειτα
1037 5119 1136 5173 καὶ
1171 5119 1352 5185 πασας
1380 5121 1566 5185 αὐτοῖς
1591 5123 1781 5193 αίρέσε
1793 5140 1839 5188 ις

267 5207 628 5278 ἀπαγορεύει.
681 5207 869 5275 Οὕτως
893 5210 1112 5281 ὁμιλίας
1155 5210 1334 5284 ἔχοντι
1366 5213 1728 5286 προσέρχεταί
1756 5233 1841 5280 τις

267 5298 551 5367 ἀγγέλλων
581 5300 677 5354 τὸν
709 5300 962 5374 θεομισῆ,
991 5303 1225 5360 Λούκιον
1251 5306 1392 5377 μετὰ
1426 5306 1521 5360 τοῦ
1556 5290 1655 5366 ὑπ’
1680 5308 1843 5361 αὐτὸν

269 5390 682 5462 στρατεύματος
750 5396 1052 5465 προσάγειν
1102 5396 1244 5452 οὕτω
1300 5400 1841 5471 παρεσκευασμένον,

266 5483 366 5547 ὡς,
390 5482 549 5555 εἴπερ
589 5484 837 5559 ἀναῦάλῃ
865 5486 965 5558 τὴν
994 5487 1197 5554 ἔξοδον,
1224 5489 1320 5545 καὶ
1353 5489 1477 5561 βίαν
1505 5491 1843 5561 ἐπενεγκεῖν,

268 5575 365 5629 καὶ
392 5575 513 5646 μεθ’
550 5577 994 5649 ὕϐρεως.ὲξῶσαι
1021 5581 1124 5651 τῆς
1168 5582 1516 5650 Ἐκκλησίας.
1556 5582 1844 5637 Κλονεῖται

267 5666 324 5719 δὲ
354 5670 446 5720 καὶ
473 5667 534 5721 τὸ
582 5668 790 5739 πλῆθος
822 5671 921 5743 τὴν
967 5672 1067 5745 σὴν
1111 5673 1209 5745 οὐχ
1237 5668 1348 5730 οἷόν
1374 5691 1434 5729 τε
1463 5674 1523 5730 ὃν
1551 5676 1842 5746 ὑπομεῖναι

351 5826 395 5859 ³9
427 5827 594 5882 llebr.
625 5843 700 5895 xu,
735 5828 827 5883 ‘28.

1946 4673 2012 4713 ex
2031 4654 2305 4711 Ecclesia:
2331 4650 2424 4706 sed
2450 4662 2572 4703 eum
2598 4646 2761 4700 etiam
2786 4643 2960 4697 virum
2989 4639 3221 4709 turpiter
3246 4638 3513 4693 damnasti

1945 4749 2151 4812 exsilio,
2179 4742 2377 4801 Christi
2405 4754 2619 4812 gregem
2651 4737 2849 4792 damno
2866 4733 3104 4788 alliciens
3129 4751 3139 4785 :
3169 4746 3278 4802 quo
3298 4730 3516 4800 quidem

1944 4840 2084 4906 viro,
2115 4844 2178 4892 ut
2209 4849 2333 4890 cum
2362 4845 2561 4903 magno
2595 4828 2769 4882 dicam
2804 4823 3009 4886 Paulo,
3049 4837 3120 4876 ne
3166 4822 3363 4890 dignus
3398 4821 3517 4889 qui-

1945 4933 2069 4987 dem
2126 4935 2244 4983 erat
2299 4923 2588 4978 universus
2636 4914 2875 4971 mundus
2895 4912 2980 4965 "‘l
3032 4911 3135 4965 Sed
3194 4920 3249 4965 te
3300 4924 3517 4979 quoque

1944 5022 2168 5081 omnino
2212 5016 2357 5088 cepit
2389 5013 2603 5073 mulier.
2651 5010 2761 5065 Eva
2807 5019 2998 5060 rursus
3035 5013 3154 5058 tuas
3184 5017 3363 5063 aures,
3394 5016 3515 5070 quae

1943 5125 2072 5177 sunt
2124 5108 2332 5175 faciles,
2376 5104 2592 5174 decepit
2635 5097 3064 5155 miserabiliter:
3111 5094 3384 5166 quomodo
3417 5110 3513 5164 per

1943 5209 2091 5265 illam
2124 5213 2375 5272 serpens,
2400 5196 2474 5251 ita
2501 5193 2614 5262 ipsa
2643 5206 2742 5261 per
2762 5203 2871 5242 non
2902 5185 3077 5241 bonos
3112 5193 3356 5253 pastores
3389 5197 3491 5236 cor

1941 5302 2029 5358 dis
2050 5298 2199 5352 virus
2229 5303 2505 5350 evomens.
2530 5284 2655 5340 Haec
2675 5298 2798 5340 cum
2830 5293 3059 5350 magnus
3081 5278 3171 5332 ille
3192 5276 3519 5338 audivisset,

1941 5394 2093 5451 nullo
2122 5401 2357 5446 mmrore
2401 5390 2497 5438 aut
2530 5379 2775 5442 tristitia,
2813 5388 2918 5431 nec
2964 5373 3021 5427 in
3053 5372 3223 5427 corde
3265 5368 3508 5433 allectus,

1941 5502 2045 5544 nec
2065 5484 2217 5541 vultu
2260 5494 2371 5552 prie
2401 5492 2461 5532 se
2494 5474 2677 5529 ferens
2704 5513 2725 5541 ,
2767 5469 2865 5525 sed
2906 5468 3083 5522 virum
3117 5463 3416 5518 ostendens
3458 5462 3514 5514 i‘n

1943 5574 2359 5640 tentationibus,
2393 5568 2536 5625 sicut
2583 5564 2640 5619 in
2684 5566 3007 5633 tempestate
3050 5556 3510 5629 gubernatorem:

1942 5671 2167 5735 Adeste,
2195 5663 2372 5737 inquit
2414 5658 2528 5717 suis
2550 5652 2843 5730 episcopis,
2874 5651 2986 5725 jam
3018 5647 3200 5705 valere
3226 5643 3518 5717 iubeamus
