  <div class='ocr_page' id='page_1' title='image "/cluster/home/n/w/nwhite01/storage/ocr_20150623/114/hvd.32044019208123/643.png"; bbox 0 0 3834 6474; ppageno 0'>
   <div class='ocr_carea' id='block_1_1' title="bbox 388 388 528 459">
    <p class='ocr_par' dir='ltr' id='par_1_1' title="bbox 388 388 528 459">
     <span class='ocr_line' id='line_1_1' title="bbox 388 388 528 459; baseline 0 -2"><span class='ocrx_word' id='word_1_1' title='bbox 388 388 528 459; x_wconf 67' lang='grc' dir='ltr'><strong>1ἳ83</strong></span> 
     </span>
    </p>
   </div>
   <div class='ocr_carea' id='block_1_2' title="bbox 1609 386 2387 470">
    <p class='ocr_par' dir='ltr' id='par_1_2' title="bbox 1609 386 2387 470">
     <span class='ocr_line' id='line_1_2' title="bbox 1609 386 2387 470; baseline 0.005 -6"><span class='ocrx_word' id='word_1_2' title='bbox 1609 402 1893 464; x_wconf 86' lang='lat' dir='ltr'><strong>MENSIS</strong></span> <span class='ocrx_word' id='word_1_3' title='bbox 1927 386 2387 470; x_wconf 74' lang='lat' dir='ltr'><strong>JANUARIUS:</strong></span> 
     </span>
    </p>
   </div>
   <div class='ocr_carea' id='block_1_3' title="bbox 3490 402 3642 479">
    <p class='ocr_par' dir='ltr' id='par_1_3' title="bbox 3490 402 3642 479">
     <span class='ocr_line' id='line_1_3' title="bbox 3490 402 3642 479; baseline 0.013 -1"><span class='ocrx_word' id='word_1_4' title='bbox 3490 402 3642 479; x_wconf 66' lang='grc'><strong>1184</strong></span> 
     </span>
    </p>
   </div>
   <div class='ocr_carea' id='block_1_4' title="bbox 382 507 1932 607">
    <p class='ocr_par' dir='ltr' id='par_1_4' title="bbox 382 507 1932 588">
     <span class='ocr_line' id='line_1_4' title="bbox 382 507 1932 588; baseline 0.006 -22"><span class='ocrx_word' id='word_1_5' title='bbox 382 509 635 581; x_wconf 85' lang='lat' dir='ltr'><strong>angelum</strong></span> <span class='ocrx_word' id='word_1_6' title='bbox 667 507 948 568; x_wconf 83' lang='lat' dir='ltr'><strong>Ecclesiae.</strong></span> <span class='ocrx_word' id='word_1_7' title='bbox 978 511 1184 569; x_wconf 88' lang='lat' dir='ltr'><strong>Deinde</strong></span> <span class='ocrx_word' id='word_1_8' title='bbox 1216 523 1339 586; x_wconf 88' lang='lat' dir='ltr'><strong>post</strong></span> <span class='ocrx_word' id='word_1_9' title='bbox 1367 524 1556 580; x_wconf 85' lang='lat' dir='ltr'><strong>tactas,</strong></span> <span class='ocrx_word' id='word_1_10' title='bbox 1587 534 1727 588; x_wconf 86' lang='lat' dir='ltr'><strong>quas</strong></span> <span class='ocrx_word' id='word_1_11' title='bbox 1752 534 1932 575; x_wconf 79' lang='lat' dir='ltr'><strong>conve</strong></span> 
     </span>
    </p>
   </div>
   <div class='ocr_carea' id='block_1_5' title="bbox 2036 507 3636 607">
    <p class='ocr_par' dir='ltr' id='par_1_5' title="bbox 2064 521 3636 607">
     <span class='ocr_line' id='line_1_5' title="bbox 2064 521 3636 607; baseline 0.008 -31"><span class='ocrx_word' id='word_1_12' title='bbox 2064 522 2339 594; x_wconf 77' lang='grc' dir='ltr'><strong>στέρησιν.</strong></span> <span class='ocrx_word' id='word_1_13' title='bbox 2414 521 2766 596; x_wconf 83' lang='grc' dir='ltr'><strong>Ἐπιταχυναι</strong></span> <span class='ocrx_word' id='word_1_14' title='bbox 2828 525 3134 599; x_wconf 80' lang='grc' dir='ltr'><strong>’τοιγαροῦν</strong></span> <span class='ocrx_word' id='word_1_15' title='bbox 3169 527 3490 584; x_wconf 72' lang='grc' dir='ltr'><strong>’λυσιτελεῖ</strong></span> <span class='ocrx_word' id='word_1_16' title='bbox 3533 535 3636 607; x_wconf 74' lang='grc' dir='ltr'><strong>τὴν</strong></span> 
     </span>
    </p>
   </div>
   <div class='ocr_carea' id='block_1_6' title="bbox 380 602 1954 682">
    <p class='ocr_par' dir='ltr' id='par_1_6' title="bbox 380 602 1954 682">
     <span class='ocr_line' id='line_1_6' title="bbox 380 602 1954 682; baseline 0.01 -27"><span class='ocrx_word' id='word_1_17' title='bbox 380 602 587 666; x_wconf 86' lang='lat' dir='ltr'><strong>niebat.</strong></span> <span class='ocrx_word' id='word_1_18' title='bbox 614 619 825 674; x_wconf 83' lang='lat' dir='ltr'><strong>preces,</strong></span> <span class='ocrx_word' id='word_1_19' title='bbox 849 604 919 661; x_wconf 91' lang='lat' dir='ltr'><strong>de</strong></span> <span class='ocrx_word' id='word_1_20' title='bbox 948 606 1054 662; x_wconf 87' lang='lat' dir='ltr'><strong>lide</strong></span> <span class='ocrx_word' id='word_1_21' title='bbox 1077 607 1380 665; x_wconf 78' lang='lat' dir='ltr'><strong>orthodoxa</strong></span> <span class='ocrx_word' id='word_1_22' title='bbox 1410 612 1580 666; x_wconf 91' lang='lat' dir='ltr'><strong>multa</strong></span> <span class='ocrx_word' id='word_1_23' title='bbox 1613 614 1954 682; x_wconf 84' lang='lat' dir='ltr'><strong>testiﬁcatur,</strong></span> 
     </span>
    </p>
   </div>
   <div class='ocr_carea' id='block_1_7' title="bbox 378 695 1958 769">
    <p class='ocr_par' dir='ltr' id='par_1_7' title="bbox 378 695 1958 769">
     <span class='ocr_line' id='line_1_7' title="bbox 378 695 1958 769; baseline 0.008 -19"><span class='ocrx_word' id='word_1_24' title='bbox 378 704 436 751; x_wconf 85' lang='lat' dir='ltr'><strong>et</strong></span> <span class='ocrx_word' id='word_1_25' title='bbox 465 695 736 757; x_wconf 81' lang='lat' dir='ltr'><strong>h&#39;ortatur,</strong></span> <span class='ocrx_word' id='word_1_26' title='bbox 766 706 827 751; x_wconf 92' lang='lat' dir='ltr'><strong>ut</strong></span> <span class='ocrx_word' id='word_1_27' title='bbox 856 712 975 751; x_wconf 89' lang='lat' dir='ltr'><strong>eam</strong></span> <span class='ocrx_word' id='word_1_28' title='bbox 1008 710 1309 769; x_wconf 84' lang='lat' dir='ltr'><strong>sequamur</strong></span> <span class='ocrx_word' id='word_1_29' title='bbox 1337 701 1772 760; x_wconf 86' lang='lat' dir='ltr'><strong>immutabiliter.</strong></span> <span class='ocrx_word' id='word_1_30' title='bbox 1810 706 1958 762; x_wconf 72' lang='lat' dir='ltr'><strong>Prte-</strong></span> 
     </span>
    </p>
   </div>
   <div class='ocr_carea' id='block_1_8' title="bbox 381 789 1952 862">
    <p class='ocr_par' dir='ltr' id='par_1_8' title="bbox 381 789 1952 862">
     <span class='ocr_line' id='line_1_8' title="bbox 381 789 1952 862; baseline 0.008 -21"><span class='ocrx_word' id='word_1_31' title='bbox 381 795 529 842; x_wconf 87' lang='lat' dir='ltr'><strong>terea</strong></span> <span class='ocrx_word' id='word_1_32' title='bbox 581 803 712 843; x_wconf 87' lang='lat' dir='ltr'><strong>vero</strong></span> <span class='ocrx_word' id='word_1_33' title='bbox 771 789 852 844; x_wconf 91' lang='lat' dir='ltr'><strong>eis</strong></span> <span class='ocrx_word' id='word_1_34' title='bbox 884 806 1103 861; x_wconf 89' lang='lat' dir='ltr'><strong>quoque</strong></span> <span class='ocrx_word' id='word_1_35' title='bbox 1152 793 1408 862; x_wconf 88' lang='lat' dir='ltr'><strong>prohibet</strong></span> <span class='ocrx_word' id='word_1_36' title='bbox 1456 808 1652 852; x_wconf 88' lang='lat' dir='ltr'><strong>omnes</strong></span> <span class='ocrx_word' id='word_1_37' title='bbox 1695 798 1952 854; x_wconf 70' lang='lat' dir='ltr'><strong>haereses.</strong></span> 
     </span>
    </p>
   </div>
   <div class='ocr_carea' id='block_1_9' title="bbox 377 876 1949 961">
    <p class='ocr_par' dir='ltr' id='par_1_9' title="bbox 377 876 1949 961">
     <span class='ocr_line' id='line_1_9' title="bbox 377 876 1949 961; baseline 0.01 -30"><span class='ocrx_word' id='word_1_38' title='bbox 377 876 515 932; x_wconf 88' lang='lat' dir='ltr'><strong>Cum</strong></span> <span class='ocrx_word' id='word_1_39' title='bbox 566 879 682 935; x_wconf 68' lang='lat' dir='ltr'><strong>haec.</strong></span> <span class='ocrx_word' id='word_1_40' title='bbox 727 889 910 936; x_wconf 89' lang='lat' dir='ltr'><strong>autem</strong></span> <span class='ocrx_word' id='word_1_41' title='bbox 958 884 1124 938; x_wconf 88' lang='lat' dir='ltr'><strong>verba</strong></span> <span class='ocrx_word' id='word_1_42' title='bbox 1178 884 1406 951; x_wconf 79' lang='lat' dir='ltr'><strong>faceret,</strong></span> <span class='ocrx_word' id='word_1_43' title='bbox 1458 889 1666 945; x_wconf 87' lang='lat' dir='ltr'><strong>accedit</strong></span> <span class='ocrx_word' id='word_1_44' title='bbox 1709 891 1949 961; x_wconf 90' lang='lat' dir='ltr'><strong>quidam,</strong></span> 
     </span>
    </p>
   </div>
   <div class='ocr_carea' id='block_1_10' title="bbox 377 969 1951 1039">
    <p class='ocr_par' dir='ltr' id='par_1_10' title="bbox 377 969 1951 1039">
     <span class='ocr_line' id='line_1_10' title="bbox 377 969 1951 1039; baseline 0.01 -16"><span class='ocrx_word' id='word_1_45' title='bbox 377 971 640 1026; x_wconf 88' lang='lat' dir='ltr'><strong>nuntians</strong></span> <span class='ocrx_word' id='word_1_46' title='bbox 696 971 805 1027; x_wconf 88' lang='lat' dir='ltr'><strong>Deo</strong></span> <span class='ocrx_word' id='word_1_47' title='bbox 845 974 1081 1030; x_wconf 86' lang='lat' dir='ltr'><strong>invisum</strong></span> <span class='ocrx_word' id='word_1_48' title='bbox 1133 977 1358 1034; x_wconf 82' lang='lat' dir='ltr'><strong>Lucium</strong></span> <span class='ocrx_word' id='word_1_49' title='bbox 1408 995 1533 1035; x_wconf 90' lang='lat' dir='ltr'><strong>cum</strong></span> <span class='ocrx_word' id='word_1_50' title='bbox 1567 995 1669 1037; x_wconf 90' lang='lat' dir='ltr'><strong>suo</strong></span> <span class='ocrx_word' id='word_1_51' title='bbox 1712 969 1951 1039; x_wconf 82' lang='lat' dir='ltr'><strong>exercitu</strong></span> 
     </span>
    </p>
   </div>
   <div class='ocr_carea' id='block_1_11' title="bbox 374 1064 1947 1145">
    <p class='ocr_par' dir='ltr' id='par_1_11' title="bbox 374 1064 1947 1145">
     <span class='ocr_line' id='line_1_11' title="bbox 374 1064 1947 1145; baseline 0.01 -28"><span class='ocrx_word' id='word_1_52' title='bbox 374 1064 636 1119; x_wconf 84' lang='lat' dir='ltr'><strong>accedere</strong></span> <span class='ocrx_word' id='word_1_53' title='bbox 663 1065 734 1120; x_wconf 89' lang='lat' dir='ltr'><strong>ita</strong></span> <span class='ocrx_word' id='word_1_54' title='bbox 762 1077 1035 1136; x_wconf 84' lang='lat' dir='ltr'><strong>paratum,</strong></span> <span class='ocrx_word' id='word_1_55' title='bbox 1071 1079 1131 1124; x_wconf 91' lang='lat' dir='ltr'><strong>ut</strong></span> <span class='ocrx_word' id='word_1_56' title='bbox 1165 1070 1207 1124; x_wconf 88' lang='lat' dir='ltr'><strong>si</strong></span> <span class='ocrx_word' id='word_1_57' title='bbox 1240 1087 1344 1141; x_wconf 87' lang='lat' dir='ltr'><strong>qua</strong></span> <span class='ocrx_word' id='word_1_58' title='bbox 1376 1072 1467 1127; x_wconf 81' lang='lat' dir='ltr'><strong>ﬁat</strong></span> <span class='ocrx_word' id='word_1_59' title='bbox 1491 1073 1543 1128; x_wconf 91' lang='lat' dir='ltr'><strong>in</strong></span> <span class='ocrx_word' id='word_1_60' title='bbox 1575 1074 1717 1129; x_wconf 80' lang='lat' dir='ltr'><strong>exitu</strong></span> <span class='ocrx_word' id='word_1_61' title='bbox 1741 1075 1947 1145; x_wconf 84' lang='lat' dir='ltr'><strong>dilatio,</strong></span> 
     </span>
    </p>
   </div>
   <div class='ocr_carea' id='block_1_12' title="bbox 375 1154 1948 1237">
    <p class='ocr_par' dir='ltr' id='par_1_12' title="bbox 375 1154 1948 1237">
     <span class='ocr_line' id='line_1_12' title="bbox 375 1154 1948 1237; baseline 0.01 -29"><span class='ocrx_word' id='word_1_62' title='bbox 375 1168 484 1208; x_wconf 86' lang='lat' dir='ltr'><strong>non</strong></span> <span class='ocrx_word' id='word_1_63' title='bbox 511 1154 668 1211; x_wconf 86' lang='lat' dir='ltr'><strong>sileat</strong></span> <span class='ocrx_word' id='word_1_64' title='bbox 694 1156 919 1237; x_wconf 75' lang='lat' dir='ltr'><strong>omnino</strong></span> <span class='ocrx_word' id='word_1_65' title='bbox 954 1175 1056 1214; x_wconf 91' lang='lat' dir='ltr'><strong>nec</strong></span> <span class='ocrx_word' id='word_1_66' title='bbox 1088 1156 1403 1233; x_wconf 85' lang='lat' dir='ltr'><strong>mitigetur:</strong></span> <span class='ocrx_word' id='word_1_67' title='bbox 1436 1164 1530 1219; x_wconf 89' lang='lat' dir='ltr'><strong>sed</strong></span> <span class='ocrx_word' id='word_1_68' title='bbox 1559 1180 1779 1221; x_wconf 87' lang='lat' dir='ltr'><strong>manum</strong></span> <span class='ocrx_word' id='word_1_69' title='bbox 1807 1183 1948 1237; x_wconf 82' lang='lat' dir='ltr'><strong>quo-</strong></span> 
     </span>
    </p>
   </div>
   <div class='ocr_carea' id='block_1_13' title="bbox 372 1248 1945 1329">
    <p class='ocr_par' dir='ltr' id='par_1_13' title="bbox 372 1248 1945 1329">
     <span class='ocr_line' id='line_1_13' title="bbox 372 1248 1945 1329; baseline 0.011 -32"><span class='ocrx_word' id='word_1_70' title='bbox 372 1258 481 1314; x_wconf 84' lang='lat' dir='ltr'><strong>quc</strong></span> <span class='ocrx_word' id='word_1_71' title='bbox 516 1248 768 1316; x_wconf 85' lang='lat' dir='ltr'><strong>protinus</strong></span> <span class='ocrx_word' id='word_1_72' title='bbox 819 1250 1033 1313; x_wconf 83' lang='lat' dir='ltr'><strong>all‘crat,</strong></span> <span class='ocrx_word' id='word_1_73' title='bbox 1072 1262 1127 1308; x_wconf 91' lang='lat' dir='ltr'><strong>et</strong></span> <span class='ocrx_word' id='word_1_74' title='bbox 1179 1270 1302 1309; x_wconf 90' lang='lat' dir='ltr'><strong>cum</strong></span> <span class='ocrx_word' id='word_1_75' title='bbox 1349 1257 1675 1312; x_wconf 78' lang='lat' dir='ltr'><strong>contumelia</strong></span> <span class='ocrx_word' id='word_1_76' title='bbox 1711 1260 1945 1329; x_wconf 81' lang='lat' dir='ltr'><strong>expellat</strong></span> 
     </span>
    </p>
   </div>
   <div class='ocr_carea' id='block_1_14' title="bbox 2056 615 3635 692">
    <p class='ocr_par' dir='ltr' id='par_1_14' title="bbox 2056 615 3635 692">
     <span class='ocr_line' id='line_1_14' title="bbox 2056 615 3635 692; baseline 0.005 -23"><span class='ocrx_word' id='word_1_77' title='bbox 2056 615 2353 683; x_wconf 68' lang='grc' dir='ltr'><strong>ἐξέλευσιν,</strong></span> <span class='ocrx_word' id='word_1_78' title='bbox 2381 616 2455 687; x_wconf 84' lang='grc' dir='ltr'><strong>μή</strong></span> <span class='ocrx_word' id='word_1_79' title='bbox 2506 618 2636 671; x_wconf 80' lang='grc' dir='ltr'><strong>ποτέ</strong></span> <span class='ocrx_word' id='word_1_80' title='bbox 2668 635 2759 672; x_wconf 89' lang='grc' dir='ltr'><strong>σου</strong></span> <span class='ocrx_word' id='word_1_81' title='bbox 2799 618 2920 674; x_wconf 90' lang='grc' dir='ltr'><strong>λίαν</strong></span> <span class='ocrx_word' id='word_1_82' title='bbox 2957 621 3404 692; x_wconf 81' lang='grc' dir='ltr'><strong>ἀντιποιούμενος</strong></span> <span class='ocrx_word' id='word_1_83' title='bbox 3428 625 3458 676; x_wconf 83' lang='grc' dir='ltr'><strong>ὁ</strong></span> <span class='ocrx_word' id='word_1_84' title='bbox 3479 623 3635 689; x_wconf 71' lang='grc' dir='ltr'><strong>λαὸς,</strong></span> 
     </span>
    </p>
   </div>
   <div class='ocr_carea' id='block_1_15' title="bbox 2055 708 3636 785">
    <p class='ocr_par' dir='ltr' id='par_1_15' title="bbox 2055 708 3636 785">
     <span class='ocr_line' id='line_1_15' title="bbox 2055 708 3636 785; baseline 0.005 -22"><span class='ocrx_word' id='word_1_85' title='bbox 2055 708 2152 763; x_wconf 74' lang='grc' dir='ltr'><strong>καὶ</strong></span> <span class='ocrx_word' id='word_1_86' title='bbox 2181 710 2262 772; x_wconf 85' lang='grc' dir='ltr'><strong>είς</strong></span> <span class='ocrx_word' id='word_1_87' title='bbox 2296 713 2487 780; x_wconf 86' lang='grc' dir='ltr'><strong>χεῖρας</strong></span> <span class='ocrx_word' id='word_1_88' title='bbox 2525 713 2643 773; x_wconf 83' lang='grc' dir='ltr'><strong>τοῖς</strong></span> <span class='ocrx_word' id='word_1_89' title='bbox 2706 711 3067 781; x_wconf 81' lang='grc' dir='ltr'><strong>στρατιώταις</strong></span> <span class='ocrx_word' id='word_1_90' title='bbox 3101 712 3252 785; x_wconf 79' lang='grc' dir='ltr'><strong>ἔλθη,</strong></span> <span class='ocrx_word' id='word_1_91' title='bbox 3304 716 3401 769; x_wconf 87' lang='grc' dir='ltr'><strong>καί</strong></span> <span class='ocrx_word' id='word_1_92' title='bbox 3430 734 3484 770; x_wconf 88' lang='grc' dir='ltr'><strong>τι</strong></span> <span class='ocrx_word' id='word_1_93' title='bbox 3519 718 3636 771; x_wconf 84' lang='grc' dir='ltr'><strong>τῶν</strong></span> 
     </span>
    </p>
   </div>
   <div class='ocr_carea' id='block_1_16' title="bbox 2054 800 3635 877">
    <p class='ocr_par' dir='ltr' id='par_1_16' title="bbox 2054 800 3635 877">
     <span class='ocr_line' id='line_1_16' title="bbox 2054 800 3635 877; baseline 0.004 -23"><span class='ocrx_word' id='word_1_94' title='bbox 2054 800 2381 872; x_wconf 83' lang='grc' dir='ltr'><strong>παραϐόλων</strong></span> <span class='ocrx_word' id='word_1_95' title='bbox 2435 802 2773 874; x_wconf 66' lang='grc' dir='ltr'><strong>ἐργάσασθαι</strong></span> <span class='ocrx_word' id='word_1_96' title='bbox 2826 803 3096 876; x_wconf 78' lang='grc' dir='ltr'><strong>προαχθῇ.</strong></span> <span class='ocrx_word' id='word_1_97' title='bbox 3128 806 3347 859; x_wconf 85' lang='grc' dir='ltr'><strong>Τούτων</strong></span> <span class='ocrx_word' id='word_1_98' title='bbox 3393 807 3423 859; x_wconf 78' lang='grc' dir='ltr'><strong>ὁ</strong></span> <span class='ocrx_word' id='word_1_99' title='bbox 3458 807 3635 877; x_wconf 88' lang='grc' dir='ltr'><strong>μέγας</strong></span> 
     </span>
    </p>
   </div>
   <div class='ocr_carea' id='block_1_17' title="bbox 2052 890 3630 967">
    <p class='ocr_par' dir='ltr' id='par_1_17' title="bbox 2052 890 3630 967">
     <span class='ocr_line' id='line_1_17' title="bbox 2052 890 3630 967; baseline 0.006 -22"><span class='ocrx_word' id='word_1_100' title='bbox 2052 890 2312 955; x_wconf 85' lang='grc' dir='ltr'><strong>ἀκούσας,</strong></span> <span class='ocrx_word' id='word_1_101' title='bbox 2342 891 2523 960; x_wconf 82' lang='grc' dir='ltr'><strong>δεξιάν</strong></span> <span class='ocrx_word' id='word_1_102' title='bbox 2546 909 2654 947; x_wconf 88' lang='grc' dir='ltr'><strong>τισι</strong></span> <span class='ocrx_word' id='word_1_103' title='bbox 2670 893 2779 947; x_wconf 84' lang='grc' dir='ltr'><strong>τῶν</strong></span> <span class='ocrx_word' id='word_1_104' title='bbox 2810 897 3126 949; x_wconf 74' lang='grc' dir='ltr'><strong>ἐπισκόπων</strong></span> <span class='ocrx_word' id='word_1_105' title='bbox 3147 896 3291 966; x_wconf 71' lang='grc' dir='ltr'><strong>(οὐδὲ</strong></span> <span class='ocrx_word' id='word_1_106' title='bbox 3318 896 3429 967; x_wconf 77' lang='grc' dir='ltr'><strong>γὰρ</strong></span> <span class='ocrx_word' id='word_1_107' title='bbox 3457 899 3630 954; x_wconf 70' lang='grc' dir='ltr'><strong>ἐδίδου</strong></span> 
     </span>
    </p>
   </div>
   <div class='ocr_carea' id='block_1_18' title="bbox 2059 984 3633 1059">
    <p class='ocr_par' dir='ltr' id='par_1_18' title="bbox 2059 984 3633 1059">
     <span class='ocr_line' id='line_1_18' title="bbox 2059 984 3633 1059; baseline 0.003 -21"><span class='ocrx_word' id='word_1_108' title='bbox 2059 985 2505 1057; x_wconf 74' lang='grc' dir='ltr'><strong>πᾶσινὸκαιρὸς)</strong></span> <span class='ocrx_word' id='word_1_109' title='bbox 2549 984 2828 1058; x_wconf 76' lang='grc' dir='ltr'><strong>ἐμϐαλὼν,</strong></span> <span class='ocrx_word' id='word_1_110' title='bbox 2875 986 2973 1041; x_wconf 74' lang='grc' dir='ltr'><strong>καὶ</strong></span> <span class='ocrx_word' id='word_1_111' title='bbox 3019 986 3099 1058; x_wconf 82' lang='grc' dir='ltr'><strong>τῷ</strong></span> <span class='ocrx_word' id='word_1_112' title='bbox 3151 988 3420 1058; x_wconf 81' lang='grc' dir='ltr'><strong>φιλήματι</strong></span> <span class='ocrx_word' id='word_1_113' title='bbox 3464 989 3633 1059; x_wconf 86' lang='grc' dir='ltr'><strong>μίξας</strong></span> 
     </span>
    </p>
   </div>
   <div class='ocr_carea' id='block_1_19' title="bbox 2054 1075 3634 1159">
    <p class='ocr_par' dir='ltr' id='par_1_19' title="bbox 2054 1075 3634 1159">
     <span class='ocr_line' id='line_1_19' title="bbox 2054 1075 3634 1159; baseline 0.004 -29"><span class='ocrx_word' id='word_1_114' title='bbox 2054 1075 2289 1147; x_wconf 84' lang='grc' dir='ltr'><strong>δάκρυον</strong></span> <span class='ocrx_word' id='word_1_115' title='bbox 2320 1076 2406 1132; x_wconf 72' lang='grc' dir='ltr'><strong>διὰ</strong></span> <span class='ocrx_word' id='word_1_116' title='bbox 2435 1078 2534 1149; x_wconf 77' lang='grc' dir='ltr'><strong>τὴν</strong></span> <span class='ocrx_word' id='word_1_117' title='bbox 2588 1079 2978 1159; x_wconf 54' lang='grc' dir='ltr'><strong>τῶνουνήθων</strong></span> <span class='ocrx_word' id='word_1_118' title='bbox 3000 1077 3224 1152; x_wconf 79' lang='grc' dir='ltr'><strong>ζημίαν,</strong></span> <span class='ocrx_word' id='word_1_119' title='bbox 3249 1076 3371 1136; x_wconf 77' lang='grc' dir='ltr'><strong>εἶτα</strong></span> <span class='ocrx_word' id='word_1_120' title='bbox 3401 1083 3634 1148; x_wconf 71' lang='grc' dir='ltr'><strong>καὶτοῖς</strong></span> 
     </span>
    </p>
   </div>
   <div class='ocr_carea' id='block_1_20' title="bbox 2051 1168 3634 1248">
    <p class='ocr_par' dir='ltr' id='par_1_20' title="bbox 2051 1168 3634 1248">
     <span class='ocr_line' id='line_1_20' title="bbox 2051 1168 3634 1248; baseline 0.005 -25"><span class='ocrx_word' id='word_1_121' title='bbox 2051 1168 2258 1233; x_wconf 80' lang='grc' dir='ltr'><strong>λοιποῖς</strong></span> <span class='ocrx_word' id='word_1_122' title='bbox 2310 1170 2728 1240; x_wconf 81' lang='grc' dir='ltr'><strong>συνταξάμενος,</strong></span> <span class='ocrx_word' id='word_1_123' title='bbox 2750 1172 2983 1227; x_wconf 76' lang='grc' dir='ltr'><strong>ἐνταῦθά</strong></span> <span class='ocrx_word' id='word_1_124' title='bbox 3043 1190 3147 1229; x_wconf 86' lang='grc' dir='ltr'><strong>που</strong></span> <span class='ocrx_word' id='word_1_125' title='bbox 3193 1174 3492 1246; x_wconf 82' lang='grc' dir='ltr'><strong>παρηγγύα</strong></span> <span class='ocrx_word' id='word_1_126' title='bbox 3538 1176 3634 1248; x_wconf 66' lang='grc' dir='ltr'><strong>με·</strong></span> 
     </span>
    </p>
   </div>
   <div class='ocr_carea' id='block_1_21' title="bbox 2061 1262 3307 1336">
    <p class='ocr_par' dir='ltr' id='par_1_21' title="bbox 2061 1262 3307 1336">
     <span class='ocr_line' id='line_1_21' title="bbox 2061 1262 3307 1336; baseline 0.002 -20"><span class='ocrx_word' id='word_1_127' title='bbox 2061 1277 2196 1330; x_wconf 89' lang='grc' dir='ltr'><strong>νειν,</strong></span> <span class='ocrx_word' id='word_1_128' title='bbox 2226 1262 2372 1325; x_wconf 84' lang='grc' dir='ltr'><strong>Ἕως</strong></span> <span class='ocrx_word' id='word_1_129' title='bbox 2392 1263 2665 1329; x_wconf 81' lang='grc' dir='ltr'><strong>ἀπελθὼν,</strong></span> <span class='ocrx_word' id='word_1_130' title='bbox 2697 1265 2851 1334; x_wconf 66' lang='grc' dir='ltr'><strong>φησι,</strong></span> <span class='ocrx_word' id='word_1_131' title='bbox 2887 1265 3082 1336; x_wconf 78' lang='grc' dir='ltr'><strong>μικρὸν</strong></span> <span class='ocrx_word' id='word_1_132' title='bbox 3111 1265 3307 1319; x_wconf 82' lang='grc' dir='ltr'><strong>ἀνεθῶ.</strong></span> 
     </span>
    </p>
   </div>
   <div class='ocr_carea' id='block_1_22' title="bbox 374 1343 3631 1430">
    <p class='ocr_par' dir='ltr' id='par_1_22' title="bbox 374 1343 3631 1430">
     <span class='ocr_line' id='line_1_22' title="bbox 374 1343 3631 1430; baseline 0.006 -36"><span class='ocrx_word' id='word_1_133' title='bbox 374 1354 442 1395; x_wconf 78' lang='lat' dir='ltr'><strong>ex</strong></span> <span class='ocrx_word' id='word_1_134' title='bbox 474 1343 738 1399; x_wconf 77' lang='lat' dir='ltr'><strong>Ecclesia.</strong></span> <span class='ocrx_word' id='word_1_135' title='bbox 769 1345 939 1402; x_wconf 84' lang='lat' dir='ltr'><strong>Porro</strong></span> <span class='ocrx_word' id='word_1_136' title='bbox 981 1360 1163 1404; x_wconf 90' lang='lat' dir='ltr'><strong>autem</strong></span> <span class='ocrx_word' id='word_1_137' title='bbox 1202 1362 1576 1408; x_wconf 73' lang='lat' dir='ltr'><strong>commovetur</strong></span> <span class='ocrx_word' id='word_1_138' title='bbox 1608 1371 1828 1425; x_wconf 90' lang='lat' dir='ltr'><strong>quoque</strong></span> <span class='ocrx_word' id='word_1_139' title='bbox 1872 1356 2132 1428; x_wconf 87' lang='lat' dir='ltr'><strong>populus,</strong></span> <span class='ocrx_word' id='word_1_140' title='bbox 2204 1358 2297 1428; x_wconf 88' lang='lat' dir='ltr'><strong>qui</strong></span> <span class='ocrx_word' id='word_1_141' title='bbox 2360 1358 2504 1415; x_wconf 88' lang='lat' dir='ltr'><strong>l&#39;erre</strong></span> <span class='ocrx_word' id='word_1_142' title='bbox 2548 1374 2658 1414; x_wconf 91' lang='lat' dir='ltr'><strong>non</strong></span> <span class='ocrx_word' id='word_1_143' title='bbox 2728 1367 2910 1430; x_wconf 82' lang='lat' dir='ltr'><strong>potest</strong></span> <span class='ocrx_word' id='word_1_144' title='bbox 2952 1359 3034 1414; x_wconf 89' lang='lat' dir='ltr'><strong>sui</strong></span> <span class='ocrx_word' id='word_1_145' title='bbox 3089 1359 3477 1430; x_wconf 83' lang='lat' dir='ltr'><strong>privationem.</strong></span> <span class='ocrx_word' id='word_1_146' title='bbox 3520 1356 3631 1412; x_wconf 79' lang='lat' dir='ltr'><strong>Ex-</strong></span> 
     </span>
    </p>
   </div>
   <div class='ocr_carea' id='block_1_23' title="bbox 369 1435 3630 1522">
    <p class='ocr_par' dir='ltr' id='par_1_23' title="bbox 369 1435 3630 1522">
     <span class='ocr_line' id='line_1_23' title="bbox 369 1435 3630 1522; baseline 0.005 -33"><span class='ocrx_word' id='word_1_147' title='bbox 369 1435 689 1507; x_wconf 71' lang='lat' dir='ltr'><strong>peditergo</strong></span> <span class='ocrx_word' id='word_1_148' title='bbox 723 1439 1030 1496; x_wconf 88' lang='lat' dir='ltr'><strong>accelerare</strong></span> <span class='ocrx_word' id='word_1_149' title='bbox 1064 1442 1292 1507; x_wconf 78' lang='lat' dir='ltr'><strong>exitum,</strong></span> <span class='ocrx_word' id='word_1_150' title='bbox 1339 1459 1410 1498; x_wconf 92' lang='lat' dir='ltr'><strong>ne</strong></span> <span class='ocrx_word' id='word_1_151' title='bbox 1444 1445 1585 1500; x_wconf 84' lang='lat' dir='ltr'><strong>forte</strong></span> <span class='ocrx_word' id='word_1_152' title='bbox 1624 1455 1677 1503; x_wconf 87' lang='lat' dir='ltr'><strong>te</strong></span> <span class='ocrx_word' id='word_1_153' title='bbox 1711 1448 1939 1504; x_wconf 90' lang='lat' dir='ltr'><strong>nimium</strong></span> <span class='ocrx_word' id='word_1_154' title='bbox 1980 1450 2280 1507; x_wconf 81' lang='lat' dir='ltr'><strong>defendens</strong></span> <span class='ocrx_word' id='word_1_155' title='bbox 2312 1451 2567 1522; x_wconf 87' lang='lat' dir='ltr'><strong>populus,</strong></span> <span class='ocrx_word' id='word_1_156' title='bbox 2609 1451 2754 1521; x_wconf 90' lang='lat' dir='ltr'><strong>quod</strong></span> <span class='ocrx_word' id='word_1_157' title='bbox 2788 1451 2932 1506; x_wconf 76' lang='lat' dir='ltr'><strong>absit</strong></span> <span class='ocrx_word' id='word_1_158' title='bbox 2960 1459 3020 1506; x_wconf 93' lang='lat' dir='ltr'><strong>ut</strong></span> <span class='ocrx_word' id='word_1_159' title='bbox 3085 1450 3401 1514; x_wconf 86' lang='lat' dir='ltr'><strong>videamus,</strong></span> <span class='ocrx_word' id='word_1_160' title='bbox 3427 1464 3630 1505; x_wconf 87' lang='lat' dir='ltr'><strong>manus</strong></span> 
     </span>
    </p>
   </div>
   <div class='ocr_carea' id='block_1_24' title="bbox 366 1538 3628 1620">
    <p class='ocr_par' dir='ltr' id='par_1_24' title="bbox 366 1538 3628 1620">
     <span class='ocr_line' id='line_1_24' title="bbox 366 1538 3628 1620; baseline 0.004 -33"><span class='ocrx_word' id='word_1_161' title='bbox 366 1543 620 1588; x_wconf 76' lang='lat' dir='ltr'><strong>conserat</strong></span> <span class='ocrx_word' id='word_1_162' title='bbox 665 1550 789 1590; x_wconf 90' lang='lat' dir='ltr'><strong>cum</strong></span> <span class='ocrx_word' id='word_1_163' title='bbox 838 1538 1100 1594; x_wconf 88' lang='lat' dir='ltr'><strong>militibus</strong></span> <span class='ocrx_word' id='word_1_164' title='bbox 1130 1581 1145 1604; x_wconf 92' lang='lat'><strong>,</strong></span> <span class='ocrx_word' id='word_1_165' title='bbox 1195 1551 1247 1595; x_wconf 93' lang='lat' dir='ltr'><strong>et</strong></span> <span class='ocrx_word' id='word_1_166' title='bbox 1299 1540 1591 1598; x_wconf 89' lang='lat' dir='ltr'><strong>inducatur</strong></span> <span class='ocrx_word' id='word_1_167' title='bbox 1630 1555 1692 1600; x_wconf 93' lang='lat' dir='ltr'><strong>ut</strong></span> <span class='ocrx_word' id='word_1_168' title='bbox 1733 1546 1937 1617; x_wconf 85' lang='lat' dir='ltr'><strong>aliquid</strong></span> <span class='ocrx_word' id='word_1_169' title='bbox 1976 1547 2145 1604; x_wconf 80' lang='lat' dir='ltr'><strong>faciat</strong></span> <span class='ocrx_word' id='word_1_170' title='bbox 2195 1548 2360 1604; x_wconf 88' lang='lat' dir='ltr'><strong>nimis</strong></span> <span class='ocrx_word' id='word_1_171' title='bbox 2422 1562 2665 1620; x_wconf 62' lang='lat' dir='ltr'><strong>prmceps</strong></span> <span class='ocrx_word' id='word_1_172' title='bbox 2716 1557 2773 1603; x_wconf 89' lang='lat' dir='ltr'><strong>et</strong></span> <span class='ocrx_word' id='word_1_173' title='bbox 2850 1546 3243 1617; x_wconf 84' lang='lat' dir='ltr'><strong>periculosum.</strong></span> <span class='ocrx_word' id='word_1_174' title='bbox 3327 1544 3456 1601; x_wconf 65' lang='lat' dir='ltr'><strong>Haec</strong></span> <span class='ocrx_word' id='word_1_175' title='bbox 3498 1560 3628 1601; x_wconf 85' lang='lat' dir='ltr'><strong>cum</strong></span> 
     </span>
    </p>
   </div>
   <div class='ocr_carea' id='block_1_25' title="bbox 367 1632 3631 1716">
    <p class='ocr_par' dir='ltr' id='par_1_25' title="bbox 367 1632 3631 1716">
     <span class='ocr_line' id='line_1_25' title="bbox 367 1632 3631 1716; baseline 0.004 -33"><span class='ocrx_word' id='word_1_176' title='bbox 367 1644 597 1700; x_wconf 80' lang='lat' dir='ltr'><strong>magnus</strong></span> <span class='ocrx_word' id='word_1_177' title='bbox 654 1632 919 1689; x_wconf 90' lang='lat' dir='ltr'><strong>audiisset</strong></span> <span class='ocrx_word' id='word_1_178' title='bbox 962 1635 1241 1700; x_wconf 83' lang='lat' dir='ltr'><strong>Joannes,</strong></span> <span class='ocrx_word' id='word_1_179' title='bbox 1297 1639 1684 1712; x_wconf 88' lang='lat' dir='ltr'><strong>episcopisque</strong></span> <span class='ocrx_word' id='word_1_180' title='bbox 1739 1643 1947 1714; x_wconf 88' lang='lat' dir='ltr'><strong>aliquot</strong></span> <span class='ocrx_word' id='word_1_181' title='bbox 1979 1653 2234 1716; x_wconf 87' lang='lat' dir='ltr'><strong>porrecta</strong></span> <span class='ocrx_word' id='word_1_182' title='bbox 2277 1646 2500 1701; x_wconf 77' lang='lat' dir='ltr'><strong>dextera</strong></span> <span class='ocrx_word' id='word_1_183' title='bbox 2568 1644 2770 1715; x_wconf 89' lang='lat' dir='ltr'><strong>(neque</strong></span> <span class='ocrx_word' id='word_1_184' title='bbox 2813 1644 2984 1711; x_wconf 88' lang='lat' dir='ltr'><strong>enim,</strong></span> <span class='ocrx_word' id='word_1_185' title='bbox 3032 1651 3092 1698; x_wconf 92' lang='lat' dir='ltr'><strong>ut</strong></span> <span class='ocrx_word' id='word_1_186' title='bbox 3152 1641 3410 1697; x_wconf 83' lang='lat' dir='ltr'><strong>omnibus</strong></span> <span class='ocrx_word' id='word_1_187' title='bbox 3448 1639 3631 1711; x_wconf 80' lang='lat' dir='ltr'><strong>porri-</strong></span> 
     </span>
    </p>
   </div>
   <div class='ocr_carea' id='block_1_26' title="bbox 364 1727 3631 1809">
    <p class='ocr_par' dir='ltr' id='par_1_26' title="bbox 364 1727 3631 1809">
     <span class='ocr_line' id='line_1_26' title="bbox 364 1727 3631 1809; baseline 0.005 -35"><span class='ocrx_word' id='word_1_188' title='bbox 364 1732 571 1791; x_wconf 87' lang='lat' dir='ltr'><strong>gcrct,’</strong></span> <span class='ocrx_word' id='word_1_189' title='bbox 601 1727 934 1782; x_wconf 90' lang='lat' dir='ltr'><strong>concedebat</strong></span> <span class='ocrx_word' id='word_1_190' title='bbox 961 1730 1223 1800; x_wconf 91' lang='lat' dir='ltr'><strong>tempus),</strong></span> <span class='ocrx_word' id='word_1_191' title='bbox 1272 1742 1327 1786; x_wconf 91' lang='lat' dir='ltr'><strong>et</strong></span> <span class='ocrx_word' id='word_1_192' title='bbox 1367 1734 1556 1789; x_wconf 92' lang='lat' dir='ltr'><strong>osculo</strong></span> <span class='ocrx_word' id='word_1_193' title='bbox 1599 1734 1941 1792; x_wconf 89' lang='lat' dir='ltr'><strong>miserabiles</strong></span> <span class='ocrx_word' id='word_1_194' title='bbox 2015 1737 2327 1793; x_wconf 87' lang='lat' dir='ltr'><strong>miscuisset</strong></span> <span class='ocrx_word' id='word_1_195' title='bbox 2381 1739 2667 1808; x_wconf 82' lang='lat' dir='ltr'><strong>lacrymas,</strong></span> <span class='ocrx_word' id='word_1_196' title='bbox 2718 1745 3009 1809; x_wconf 86' lang='lat' dir='ltr'><strong>propterea</strong></span> <span class='ocrx_word' id='word_1_197' title='bbox 3078 1735 3223 1806; x_wconf 88' lang='lat' dir='ltr'><strong>quod</strong></span> <span class='ocrx_word' id='word_1_198' title='bbox 3275 1743 3631 1804; x_wconf 83' lang='lat' dir='ltr'><strong>separaretur</strong></span> 
     </span>
    </p>
   </div>
   <div class='ocr_carea' id='block_1_27' title="bbox 362 1814 3627 1907">
    <p class='ocr_par' dir='ltr' id='par_1_27' title="bbox 362 1814 3627 1907">
     <span class='ocr_line' id='line_1_27' title="bbox 362 1814 3627 1907; baseline 0.005 -41"><span class='ocrx_word' id='word_1_199' title='bbox 362 1828 394 1866; x_wconf 88' lang='lat' dir='ltr'><strong>a</strong></span> <span class='ocrx_word' id='word_1_200' title='bbox 425 1814 820 1885; x_wconf 73' lang='lat' dir='ltr'><strong>familiaribus,</strong></span> <span class='ocrx_word' id='word_1_201' title='bbox 860 1821 1059 1877; x_wconf 90' lang='lat' dir='ltr'><strong>deinde</strong></span> <span class='ocrx_word' id='word_1_202' title='bbox 1100 1823 1265 1878; x_wconf 92' lang='lat' dir='ltr'><strong>etiam</strong></span> <span class='ocrx_word' id='word_1_203' title='bbox 1300 1825 1555 1895; x_wconf 87' lang='lat' dir='ltr'><strong>jussisset</strong></span> <span class='ocrx_word' id='word_1_204' title='bbox 1602 1828 1786 1884; x_wconf 86' lang='lat' dir='ltr'><strong>valere</strong></span> <span class='ocrx_word' id='word_1_205' title='bbox 1838 1830 2098 1903; x_wconf 83' lang='lat' dir='ltr'><strong>reliquos,</strong></span> <span class='ocrx_word' id='word_1_206' title='bbox 2134 1831 2394 1907; x_wconf 81' lang='lat' dir='ltr'><strong>praecepit</strong></span> <span class='ocrx_word' id='word_1_207' title='bbox 2456 1839 2516 1887; x_wconf 90' lang='lat' dir='ltr'><strong>ut</strong></span> <span class='ocrx_word' id='word_1_208' title='bbox 2547 1831 2623 1888; x_wconf 88' lang='lat' dir='ltr'><strong>ibi</strong></span> <span class='ocrx_word' id='word_1_209' title='bbox 2681 1830 2870 1899; x_wconf 88' lang='lat' dir='ltr'><strong>utique</strong></span> <span class='ocrx_word' id='word_1_210' title='bbox 2907 1839 3213 1897; x_wconf 88' lang='lat' dir='ltr'><strong>manerent,</strong></span> <span class='ocrx_word' id='word_1_211' title='bbox 3275 1827 3456 1884; x_wconf 89' lang='lat' dir='ltr'><strong>donec</strong></span> <span class='ocrx_word' id='word_1_212' title='bbox 3498 1841 3627 1899; x_wconf 75' lang='lat' dir='ltr'><strong>eum</strong></span> 
     </span>
    </p>
   </div>
   <div class='ocr_carea' id='block_1_28' title="bbox 362 1910 2584 2003">
    <p class='ocr_par' dir='ltr' id='par_1_28' title="bbox 362 1910 2584 2003">
     <span class='ocr_line' id='line_1_28' title="bbox 362 1910 2584 2003; baseline 0.012 -40"><span class='ocrx_word' id='word_1_213' title='bbox 362 1910 641 1981; x_wconf 88' lang='lat' dir='ltr'><strong>paululum</strong></span> <span class='ocrx_word' id='word_1_214' title='bbox 677 1915 1054 1983; x_wconf 86' lang='lat' dir='ltr'><strong>abscessisset,</strong></span> <span class='ocrx_word' id='word_1_215' title='bbox 1087 1929 1475 1978; x_wconf 86' lang='lat' dir='ltr'><strong>reverteretur.</strong></span> <span class='ocrx_word' id='word_1_216' title='bbox 1903 1972 1913 1981; x_wconf 95' lang='lat'><strong>.</strong></span> <span class='ocrx_word' id='word_1_217' title='bbox 2580 1999 2584 2003; x_wconf 10' lang='grc' dir='ltr'><strong>ς</strong></span> 
     </span>
    </p>
   </div>
   <div class='ocr_carea' id='block_1_29' title="bbox 430 2004 1932 2087">
    <p class='ocr_par' dir='ltr' id='par_1_29' title="bbox 430 2004 1932 2087">
     <span class='ocr_line' id='line_1_29' title="bbox 430 2004 1932 2087; baseline 0.011 -29"><span class='ocrx_word' id='word_1_218' title='bbox 430 2004 620 2060; x_wconf 81' lang='lat' dir='ltr'><strong>XLIX.</strong></span> <span class='ocrx_word' id='word_1_219' title='bbox 687 2005 813 2062; x_wconf 73' lang='lat' dir='ltr'><strong>Haec</strong></span> <span class='ocrx_word' id='word_1_220' title='bbox 873 2024 996 2063; x_wconf 89' lang='lat' dir='ltr'><strong>cum</strong></span> <span class='ocrx_word' id='word_1_221' title='bbox 1044 2010 1307 2078; x_wconf 81' lang='lat' dir='ltr'><strong>dixisset,</strong></span> <span class='ocrx_word' id='word_1_222' title='bbox 1368 2029 1584 2070; x_wconf 89' lang='lat' dir='ltr'><strong>sacrum</strong></span> <span class='ocrx_word' id='word_1_223' title='bbox 1634 2015 1932 2087; x_wconf 77' lang='lat' dir='ltr'><strong>ingreditur</strong></span> 
     </span>
    </p>
   </div>
   <div class='ocr_carea' id='block_1_30' title="bbox 2036 2004 3625 2087">
    <p class='ocr_par' dir='ltr' id='par_1_30' title="bbox 2106 2011 3625 2087">
     <span class='ocr_line' id='line_1_30' title="bbox 2106 2011 3625 2087; baseline -0.008 -11"><span class='ocrx_word' id='word_1_224' title='bbox 2106 2020 2241 2077; x_wconf 74' lang='lat' dir='ltr'><strong>MB&#39;.</strong></span> <span class='ocrx_word' id='word_1_225' title='bbox 2306 2017 2495 2083; x_wconf 77' lang='grc' dir='ltr'><strong>Οὕτως</strong></span> <span class='ocrx_word' id='word_1_226' title='bbox 2535 2017 2725 2082; x_wconf 86' lang='grc' dir='ltr'><strong>είπὼν,</strong></span> <span class='ocrx_word' id='word_1_227' title='bbox 2778 2017 2873 2071; x_wconf 75' lang='grc' dir='ltr'><strong>ἐπὶ</strong></span> <span class='ocrx_word' id='word_1_228' title='bbox 2945 2013 3041 2069; x_wconf 75' lang='grc' dir='ltr'><strong>τὸν</strong></span> <span class='ocrx_word' id='word_1_229' title='bbox 3108 2013 3255 2087; x_wconf 75' lang='grc' dir='ltr'><strong>ἱερὸν</strong></span> <span class='ocrx_word' id='word_1_230' title='bbox 3314 2011 3625 2083; x_wconf 73' lang='grc' dir='ltr'><strong>εἰσέρχεται</strong></span> 
     </span>
    </p>
   </div>
   <div class='ocr_carea' id='block_1_31' title="bbox 361 2097 1932 2187">
    <p class='ocr_par' dir='ltr' id='par_1_31' title="bbox 361 2097 1932 2179">
     <span class='ocr_line' id='line_1_31' title="bbox 361 2097 1932 2179; baseline 0.009 -26"><span class='ocrx_word' id='word_1_231' title='bbox 361 2097 764 2167; x_wconf 86' lang='lat' dir='ltr'><strong>baptisterium,</strong></span> <span class='ocrx_word' id='word_1_232' title='bbox 812 2110 868 2155; x_wconf 92' lang='lat' dir='ltr'><strong>et</strong></span> <span class='ocrx_word' id='word_1_233' title='bbox 907 2111 1152 2157; x_wconf 86' lang='lat' dir='ltr'><strong>sanctam</strong></span> <span class='ocrx_word' id='word_1_234' title='bbox 1196 2115 1355 2161; x_wconf 86' lang='lat' dir='ltr'><strong>vocat</strong></span> <span class='ocrx_word' id='word_1_235' title='bbox 1408 2105 1813 2179; x_wconf 79' lang='lat' dir='ltr'><strong>Olympiadem:</strong></span> <span class='ocrx_word' id='word_1_236' title='bbox 1861 2124 1932 2168; x_wconf 74' lang='grc' dir='ltr'><strong>εει</strong></span> 
     </span>
    </p>
   </div>
   <div class='ocr_carea' id='block_1_32' title="bbox 2036 2097 3629 2187">
    <p class='ocr_par' dir='ltr' id='par_1_32' title="bbox 2049 2104 3629 2187">
     <span class='ocr_line' id='line_1_32' title="bbox 2049 2104 3629 2187; baseline -0.009 -18"><span class='ocrx_word' id='word_1_237' title='bbox 2049 2113 2415 2187; x_wconf 85' lang='grc' dir='ltr'><strong>βαπτιστῆρα,</strong></span> <span class='ocrx_word' id='word_1_238' title='bbox 2450 2112 2543 2165; x_wconf 73' lang='grc' dir='ltr'><strong>καὶ</strong></span> <span class='ocrx_word' id='word_1_239' title='bbox 2585 2108 2924 2181; x_wconf 80' lang='grc' dir='ltr'><strong>Ὀλυμπιάδα</strong></span> <span class='ocrx_word' id='word_1_240' title='bbox 2966 2107 3123 2161; x_wconf 79' lang='grc' dir='ltr'><strong>καλεῖ</strong></span> <span class='ocrx_word' id='word_1_241' title='bbox 3141 2104 3241 2179; x_wconf 81' lang='grc' dir='ltr'><strong>τὴν</strong></span> <span class='ocrx_word' id='word_1_242' title='bbox 3272 2105 3450 2159; x_wconf 73' lang='grc' dir='ltr'><strong>ὁσίαν.</strong></span> <span class='ocrx_word' id='word_1_243' title='bbox 3480 2104 3629 2174; x_wconf 81' lang='grc' dir='ltr'><strong>Δήλη</strong></span> 
     </span>
    </p>
   </div>
   <div class='ocr_carea' id='block_1_33' title="bbox 361 2192 1932 2276">
    <p class='ocr_par' dir='ltr' id='par_1_33' title="bbox 361 2192 1932 2259">
     <span class='ocr_line' id='line_1_33' title="bbox 361 2192 1932 2259; baseline 0.009 -14"><span class='ocrx_word' id='word_1_244' title='bbox 361 2200 543 2246; x_wconf 82' lang='lat' dir='ltr'><strong>autem</strong></span> <span class='ocrx_word' id='word_1_245' title='bbox 571 2192 798 2248; x_wconf 88' lang='lat' dir='ltr'><strong>omnino</strong></span> <span class='ocrx_word' id='word_1_246' title='bbox 834 2194 978 2248; x_wconf 90' lang='lat' dir='ltr'><strong>clara</strong></span> <span class='ocrx_word' id='word_1_247' title='bbox 1036 2196 1233 2251; x_wconf 90' lang='lat' dir='ltr'><strong>mulier</strong></span> <span class='ocrx_word' id='word_1_248' title='bbox 1264 2198 1346 2253; x_wconf 85' lang='lat' dir='ltr'><strong>vel</strong></span> <span class='ocrx_word' id='word_1_249' title='bbox 1389 2199 1506 2253; x_wconf 87' lang='lat' dir='ltr'><strong>solo</strong></span> <span class='ocrx_word' id='word_1_250' title='bbox 1539 2201 1784 2256; x_wconf 90' lang='lat' dir='ltr'><strong>nomine.</strong></span> <span class='ocrx_word' id='word_1_251' title='bbox 1834 2202 1932 2259; x_wconf 89' lang='lat' dir='ltr'><strong>Sed</strong></span> 
     </span>
    </p>
   </div>
   <div class='ocr_carea' id='block_1_34' title="bbox 2036 2192 3626 2276">
    <p class='ocr_par' dir='ltr' id='par_1_34' title="bbox 2043 2197 3626 2276">
     <span class='ocr_line' id='line_1_34' title="bbox 2043 2197 3626 2276; baseline -0.006 -17"><span class='ocrx_word' id='word_1_252' title='bbox 2043 2205 2101 2259; x_wconf 85' lang='grc' dir='ltr'><strong>δὲ</strong></span> <span class='ocrx_word' id='word_1_253' title='bbox 2139 2205 2171 2276; x_wconf 79' lang='grc' dir='ltr'><strong>ἡ</strong></span> <span class='ocrx_word' id='word_1_254' title='bbox 2204 2204 2341 2275; x_wconf 80' lang='grc' dir='ltr'><strong>γυνὴ</strong></span> <span class='ocrx_word' id='word_1_255' title='bbox 2367 2203 2578 2267; x_wconf 83' lang='grc' dir='ltr'><strong>πάντως</strong></span> <span class='ocrx_word' id='word_1_256' title='bbox 2611 2203 2748 2272; x_wconf 71' lang='grc' dir='ltr'><strong>πρὸς</strong></span> <span class='ocrx_word' id='word_1_257' title='bbox 2775 2198 2940 2255; x_wconf 79' lang='grc' dir='ltr'><strong>αὐτοῦ</strong></span> <span class='ocrx_word' id='word_1_258' title='bbox 2970 2198 3064 2273; x_wconf 77' lang='grc' dir='ltr'><strong>τοῦ</strong></span> <span class='ocrx_word' id='word_1_259' title='bbox 3104 2199 3397 2269; x_wconf 74' lang='grc' dir='ltr'><strong>ὀνόματος.</strong></span> <span class='ocrx_word' id='word_1_260' title='bbox 3427 2197 3626 2268; x_wconf 84' lang='grc' dir='ltr'><strong>Ὅμως</strong></span> 
     </span>
    </p>
   </div>
   <div class='ocr_carea' id='block_1_35' title="bbox 363 2286 1940 2366">
    <p class='ocr_par' dir='ltr' id='par_1_35' title="bbox 363 2286 1940 2366">
     <span class='ocr_line' id='line_1_35' title="bbox 363 2286 1940 2366; baseline 0.008 -27"><span class='ocrx_word' id='word_1_261' title='bbox 363 2301 474 2339; x_wconf 88' lang='lat' dir='ltr'><strong>non</strong></span> <span class='ocrx_word' id='word_1_262' title='bbox 537 2286 701 2345; x_wconf 80' lang='lat' dir='ltr'><strong>fuerit</strong></span> <span class='ocrx_word' id='word_1_263' title='bbox 750 2287 979 2342; x_wconf 83' lang='lat' dir='ltr'><strong>fortasse</strong></span> <span class='ocrx_word' id='word_1_264' title='bbox 1017 2290 1258 2345; x_wconf 82' lang='lat' dir='ltr'><strong>deterius</strong></span> <span class='ocrx_word' id='word_1_265' title='bbox 1296 2295 1616 2362; x_wconf 87' lang='lat' dir='ltr'><strong>permittere</strong></span> <span class='ocrx_word' id='word_1_266' title='bbox 1658 2298 1940 2366; x_wconf 90' lang='lat' dir='ltr'><strong>orationi,</strong></span> 
     </span>
    </p>
   </div>
   <div class='ocr_carea' id='block_1_36' title="bbox 363 2378 1940 2453">
    <p class='ocr_par' dir='ltr' id='par_1_36' title="bbox 363 2378 1940 2453">
     <span class='ocr_line' id='line_1_36' title="bbox 363 2378 1940 2453; baseline 0.008 -20"><span class='ocrx_word' id='word_1_267' title='bbox 363 2389 419 2433; x_wconf 90' lang='lat' dir='ltr'><strong>ut</strong></span> <span class='ocrx_word' id='word_1_268' title='bbox 467 2393 526 2433; x_wconf 90' lang='lat' dir='ltr'><strong>se</strong></span> <span class='ocrx_word' id='word_1_269' title='bbox 569 2378 851 2448; x_wconf 87' lang='lat' dir='ltr'><strong>paululum</strong></span> <span class='ocrx_word' id='word_1_270' title='bbox 889 2391 1101 2436; x_wconf 61' lang='lat' dir='ltr'><strong>recreet</strong></span> <span class='ocrx_word' id='word_1_271' title='bbox 1129 2383 1250 2453; x_wconf 89' lang='lat' dir='ltr'><strong>ejus</strong></span> <span class='ocrx_word' id='word_1_272' title='bbox 1290 2384 1560 2441; x_wconf 91' lang='lat' dir='ltr'><strong>bonorum</strong></span> <span class='ocrx_word' id='word_1_273' title='bbox 1604 2388 1835 2445; x_wconf 89' lang='lat' dir='ltr'><strong>deliciis.</strong></span> <span class='ocrx_word' id='word_1_274' title='bbox 1863 2391 1940 2447; x_wconf 83' lang='lat' dir='ltr'><strong>Ea</strong></span> 
     </span>
    </p>
   </div>
   <div class='ocr_carea' id='block_1_37' title="bbox 360 2472 1940 2550">
    <p class='ocr_par' dir='ltr' id='par_1_37' title="bbox 360 2472 1940 2550">
     <span class='ocr_line' id='line_1_37' title="bbox 360 2472 1940 2550; baseline 0.01 -29"><span class='ocrx_word' id='word_1_275' title='bbox 360 2481 486 2522; x_wconf 92' lang='lat' dir='ltr'><strong>cum</strong></span> <span class='ocrx_word' id='word_1_276' title='bbox 516 2479 571 2524; x_wconf 90' lang='lat' dir='ltr'><strong>et</strong></span> <span class='ocrx_word' id='word_1_277' title='bbox 591 2485 791 2541; x_wconf 81' lang='lat' dir='ltr'><strong>genere</strong></span> <span class='ocrx_word' id='word_1_278' title='bbox 826 2481 883 2528; x_wconf 90' lang='lat' dir='ltr'><strong>et</strong></span> <span class='ocrx_word' id='word_1_279' title='bbox 912 2472 1116 2528; x_wconf 88' lang='lat' dir='ltr'><strong>divitiis</strong></span> <span class='ocrx_word' id='word_1_280' title='bbox 1158 2484 1213 2529; x_wconf 92' lang='lat' dir='ltr'><strong>et</strong></span> <span class='ocrx_word' id='word_1_281' title='bbox 1241 2477 1426 2545; x_wconf 90' lang='lat' dir='ltr'><strong>specie</strong></span> <span class='ocrx_word' id='word_1_282' title='bbox 1451 2480 1699 2550; x_wconf 89' lang='lat' dir='ltr'><strong>corporis</strong></span> <span class='ocrx_word' id='word_1_283' title='bbox 1727 2491 1783 2536; x_wconf 93' lang='lat' dir='ltr'><strong>et</strong></span> <span class='ocrx_word' id='word_1_284' title='bbox 1818 2481 1940 2537; x_wconf 88' lang='lat' dir='ltr'><strong>aliis</strong></span> 
     </span>
    </p>
   </div>
   <div class='ocr_carea' id='block_1_38' title="bbox 360 2560 1939 2644">
    <p class='ocr_par' dir='ltr' id='par_1_38' title="bbox 360 2560 1939 2644">
     <span class='ocr_line' id='line_1_38' title="bbox 360 2560 1939 2644; baseline 0.009 -28"><span class='ocrx_word' id='word_1_285' title='bbox 360 2560 674 2631; x_wconf 70' lang='lat' dir='ltr'><strong>huiusmodi</strong></span> <span class='ocrx_word' id='word_1_286' title='bbox 730 2564 887 2620; x_wconf 87' lang='lat' dir='ltr'><strong>valde</strong></span> <span class='ocrx_word' id='word_1_287' title='bbox 938 2566 1336 2642; x_wconf 86' lang='lat' dir='ltr'><strong>resplenderet,</strong></span> <span class='ocrx_word' id='word_1_288' title='bbox 1384 2586 1509 2625; x_wconf 90' lang='lat' dir='ltr'><strong>cum</strong></span> <span class='ocrx_word' id='word_1_289' title='bbox 1558 2572 1676 2626; x_wconf 88' lang='lat' dir='ltr'><strong>viro</strong></span> <span class='ocrx_word' id='word_1_290' title='bbox 1720 2574 1939 2644; x_wconf 84' lang='lat' dir='ltr'><strong>quidem</strong></span> 
     </span>
    </p>
   </div>
   <div class='ocr_carea' id='block_1_39' title="bbox 356 2653 1937 2736">
    <p class='ocr_par' dir='ltr' id='par_1_39' title="bbox 356 2653 1937 2736">
     <span class='ocr_line' id='line_1_39' title="bbox 356 2653 1937 2736; baseline 0.009 -28"><span class='ocrx_word' id='word_1_291' title='bbox 356 2653 604 2724; x_wconf 75' lang='lat' dir='ltr'><strong>jungitur</strong></span> <span class='ocrx_word' id='word_1_292' title='bbox 633 2657 1003 2723; x_wconf 87' lang='lat' dir='ltr'><strong>matrimonio,</strong></span> <span class='ocrx_word' id='word_1_293' title='bbox 1035 2659 1130 2714; x_wconf 91' lang='lat' dir='ltr'><strong>sed</strong></span> <span class='ocrx_word' id='word_1_294' title='bbox 1161 2675 1271 2714; x_wconf 91' lang='lat' dir='ltr'><strong>non</strong></span> <span class='ocrx_word' id='word_1_295' title='bbox 1297 2662 1498 2718; x_wconf 87' lang='lat' dir='ltr'><strong>amittit</strong></span> <span class='ocrx_word' id='word_1_296' title='bbox 1527 2664 1937 2736; x_wconf 75' lang='lat' dir='ltr'><strong>virginitatem:</strong></span> 
     </span>
    </p>
   </div>
   <div class='ocr_carea' id='block_1_40' title="bbox 358 2749 1935 2829">
    <p class='ocr_par' dir='ltr' id='par_1_40' title="bbox 358 2749 1935 2829">
     <span class='ocr_line' id='line_1_40' title="bbox 358 2749 1935 2829; baseline 0.008 -27"><span class='ocrx_word' id='word_1_297' title='bbox 358 2749 454 2803; x_wconf 89' lang='lat' dir='ltr'><strong>sed</strong></span> <span class='ocrx_word' id='word_1_298' title='bbox 489 2764 613 2804; x_wconf 89' lang='lat' dir='ltr'><strong>cum</strong></span> <span class='ocrx_word' id='word_1_299' title='bbox 654 2750 734 2806; x_wconf 93' lang='lat' dir='ltr'><strong>sic</strong></span> <span class='ocrx_word' id='word_1_300' title='bbox 778 2767 906 2805; x_wconf 90' lang='lat' dir='ltr'><strong>cum</strong></span> <span class='ocrx_word' id='word_1_301' title='bbox 945 2767 1011 2807; x_wconf 90' lang='lat' dir='ltr'><strong>eo</strong></span> <span class='ocrx_word' id='word_1_302' title='bbox 1040 2752 1265 2810; x_wconf 81' lang='lat' dir='ltr'><strong>vixisset</strong></span> <span class='ocrx_word' id='word_1_303' title='bbox 1294 2755 1439 2811; x_wconf 88' lang='lat' dir='ltr'><strong>circa</strong></span> <span class='ocrx_word' id='word_1_304' title='bbox 1470 2757 1659 2829; x_wconf 76' lang='lat' dir='ltr'><strong>viginti</strong></span> <span class='ocrx_word' id='word_1_305' title='bbox 1699 2775 1935 2826; x_wconf 86' lang='lat' dir='ltr'><strong>menses,</strong></span> 
     </span>
    </p>
   </div>
   <div class='ocr_carea' id='block_1_41' title="bbox 357 2838 1937 2912">
    <p class='ocr_par' dir='ltr' id='par_1_41' title="bbox 357 2838 1937 2912">
     <span class='ocr_line' id='line_1_41' title="bbox 357 2838 1937 2912; baseline 0.009 -19"><span class='ocrx_word' id='word_1_306' title='bbox 357 2838 448 2895; x_wconf 90' lang='lat' dir='ltr'><strong>ille</strong></span> <span class='ocrx_word' id='word_1_307' title='bbox 494 2849 675 2896; x_wconf 89' lang='lat' dir='ltr'><strong>autem</strong></span> <span class='ocrx_word' id='word_1_308' title='bbox 706 2843 1032 2899; x_wconf 82' lang='lat' dir='ltr'><strong>excessisset</strong></span> <span class='ocrx_word' id='word_1_309' title='bbox 1080 2861 1147 2899; x_wconf 79' lang='lat' dir='ltr'><strong>ex</strong></span> <span class='ocrx_word' id='word_1_310' title='bbox 1188 2846 1521 2912; x_wconf 88' lang='lat' dir='ltr'><strong>hominibus,</strong></span> <span class='ocrx_word' id='word_1_311' title='bbox 1581 2850 1685 2905; x_wconf 91' lang='lat' dir='ltr'><strong>etsi</strong></span> <span class='ocrx_word' id='word_1_312' title='bbox 1732 2867 1841 2906; x_wconf 93' lang='lat' dir='ltr'><strong>non</strong></span> <span class='ocrx_word' id='word_1_313' title='bbox 1875 2867 1937 2908; x_wconf 88' lang='lat' dir='ltr'><strong>ea</strong></span> 
     </span>
    </p>
   </div>
   <div class='ocr_carea' id='block_1_42' title="bbox 358 2938 1934 3015">
    <p class='ocr_par' dir='ltr' id='par_1_42' title="bbox 358 2938 1934 3015">
     <span class='ocr_line' id='line_1_42' title="bbox 358 2938 1934 3015; baseline 0.008 -26"><span class='ocrx_word' id='word_1_314' title='bbox 358 2943 504 2991; x_wconf 90' lang='lat' dir='ltr'><strong>esset</strong></span> <span class='ocrx_word' id='word_1_315' title='bbox 567 2945 727 2992; x_wconf 83' lang='lat' dir='ltr'><strong>aetate</strong></span> <span class='ocrx_word' id='word_1_316' title='bbox 755 2978 770 3002; x_wconf 91' lang='lat'><strong>,</strong></span> <span class='ocrx_word' id='word_1_317' title='bbox 835 2938 922 2992; x_wconf 90' lang='lat' dir='ltr'><strong>cui</strong></span> <span class='ocrx_word' id='word_1_318' title='bbox 966 2940 1162 3010; x_wconf 92' lang='lat' dir='ltr'><strong>pudori</strong></span> <span class='ocrx_word' id='word_1_319' title='bbox 1203 2950 1390 2996; x_wconf 86' lang='lat' dir='ltr'><strong>essent</strong></span> <span class='ocrx_word' id='word_1_320' title='bbox 1422 2944 1676 2999; x_wconf 71' lang='lat' dir='ltr'><strong>secundae</strong></span> <span class='ocrx_word' id='word_1_321' title='bbox 1712 2946 1934 3015; x_wconf 64' lang='lat' dir='ltr'><strong>nuptiae,</strong></span> 
     </span>
    </p>
   </div>
   <div class='ocr_carea' id='block_1_43' title="bbox 356 3028 1936 3107">
    <p class='ocr_par' dir='ltr' id='par_1_43' title="bbox 356 3028 1936 3107">
     <span class='ocr_line' id='line_1_43' title="bbox 356 3028 1936 3107; baseline 0.008 -27"><span class='ocrx_word' id='word_1_322' title='bbox 356 3028 642 3099; x_wconf 83' lang='lat' dir='ltr'><strong>pulchram</strong></span> <span class='ocrx_word' id='word_1_323' title='bbox 665 3045 853 3084; x_wconf 84' lang='lat' dir='ltr'><strong>revera</strong></span> <span class='ocrx_word' id='word_1_324' title='bbox 889 3032 1138 3101; x_wconf 80' lang='lat' dir='ltr'><strong>amplexa</strong></span> <span class='ocrx_word' id='word_1_325' title='bbox 1167 3036 1606 3104; x_wconf 87' lang='lat' dir='ltr'><strong>temperantiam,</strong></span> <span class='ocrx_word' id='word_1_326' title='bbox 1640 3052 1737 3107; x_wconf 90' lang='lat' dir='ltr'><strong>per</strong></span> <span class='ocrx_word' id='word_1_327' title='bbox 1768 3046 1936 3094; x_wconf 87' lang='lat' dir='ltr'><strong>totam</strong></span> 
     </span>
    </p>
   </div>
   <div class='ocr_carea' id='block_1_44' title="bbox 356 3116 1934 3199">
    <p class='ocr_par' dir='ltr' id='par_1_44' title="bbox 356 3116 1934 3199">
     <span class='ocr_line' id='line_1_44' title="bbox 356 3116 1934 3199; baseline 0.009 -26"><span class='ocrx_word' id='word_1_328' title='bbox 356 3116 525 3173; x_wconf 88' lang='lat' dir='ltr'><strong>vitam</strong></span> <span class='ocrx_word' id='word_1_329' title='bbox 556 3134 677 3174; x_wconf 90' lang='lat' dir='ltr'><strong>eam</strong></span> <span class='ocrx_word' id='word_1_330' title='bbox 725 3136 908 3176; x_wconf 90' lang='lat' dir='ltr'><strong>amare</strong></span> <span class='ocrx_word' id='word_1_331' title='bbox 936 3123 1151 3178; x_wconf 86' lang='lat' dir='ltr'><strong>voluit:</strong></span> <span class='ocrx_word' id='word_1_332' title='bbox 1194 3133 1252 3180; x_wconf 90' lang='lat' dir='ltr'><strong>et</strong></span> <span class='ocrx_word' id='word_1_333' title='bbox 1302 3125 1431 3182; x_wconf 88' lang='lat' dir='ltr'><strong>licet</strong></span> <span class='ocrx_word' id='word_1_334' title='bbox 1478 3128 1775 3199; x_wconf 86' lang='lat' dir='ltr'><strong>imperator</strong></span> <span class='ocrx_word' id='word_1_335' title='bbox 1815 3147 1934 3187; x_wconf 90' lang='lat' dir='ltr'><strong>eam</strong></span> 
     </span>
    </p>
   </div>
   <div class='ocr_carea' id='block_1_45' title="bbox 357 3212 1939 3293">
    <p class='ocr_par' dir='ltr' id='par_1_45' title="bbox 357 3212 1939 3293">
     <span class='ocr_line' id='line_1_45' title="bbox 357 3212 1939 3293; baseline 0.009 -27"><span class='ocrx_word' id='word_1_336' title='bbox 357 3221 577 3266; x_wconf 86' lang='lat' dir='ltr'><strong>vocaret</strong></span> <span class='ocrx_word' id='word_1_337' title='bbox 628 3212 695 3267; x_wconf 87' lang='lat' dir='ltr'><strong>ad</strong></span> <span class='ocrx_word' id='word_1_338' title='bbox 738 3215 1147 3271; x_wconf 87' lang='lat' dir='ltr'><strong>matrimonium</strong></span> <span class='ocrx_word' id='word_1_339' title='bbox 1201 3234 1423 3275; x_wconf 91' lang='lat' dir='ltr'><strong>suorum</strong></span> <span class='ocrx_word' id='word_1_340' title='bbox 1465 3231 1846 3293; x_wconf 88' lang='lat' dir='ltr'><strong>cognatorum,</strong></span> <span class='ocrx_word' id='word_1_341' title='bbox 1882 3234 1939 3281; x_wconf 91' lang='lat' dir='ltr'><strong>et</strong></span> 
     </span>
    </p>
   </div>
   <div class='ocr_carea' id='block_1_46' title="bbox 357 3302 1935 3373">
    <p class='ocr_par' dir='ltr' id='par_1_46' title="bbox 357 3302 1935 3373">
     <span class='ocr_line' id='line_1_46' title="bbox 357 3302 1935 3373; baseline 0.008 -19"><span class='ocrx_word' id='word_1_342' title='bbox 357 3313 478 3355; x_wconf 84' lang='lat' dir='ltr'><strong>eam</strong></span> <span class='ocrx_word' id='word_1_343' title='bbox 528 3302 737 3373; x_wconf 81' lang='lat' dir='ltr'><strong>magnis</strong></span> <span class='ocrx_word' id='word_1_344' title='bbox 777 3302 1016 3359; x_wconf 76' lang='lat' dir='ltr'><strong>alliceret</strong></span> <span class='ocrx_word' id='word_1_345' title='bbox 1063 3306 1382 3370; x_wconf 86' lang='lat' dir='ltr'><strong>honoribus,</strong></span> <span class='ocrx_word' id='word_1_346' title='bbox 1412 3308 1499 3363; x_wconf 89' lang='lat' dir='ltr'><strong>illa</strong></span> <span class='ocrx_word' id='word_1_347' title='bbox 1544 3309 1801 3365; x_wconf 90' lang='lat' dir='ltr'><strong>omnibus</strong></span> <span class='ocrx_word' id='word_1_348' title='bbox 1852 3325 1935 3366; x_wconf 87' lang='lat' dir='ltr'><strong>re-</strong></span> 
     </span>
    </p>
   </div>
   <div class='ocr_carea' id='block_1_47' title="bbox 2041 2288 3623 2367">
    <p class='ocr_par' dir='ltr' id='par_1_47' title="bbox 2041 2288 3623 2367">
     <span class='ocr_line' id='line_1_47' title="bbox 2041 2288 3623 2367; baseline -0.006 -18"><span class='ocrx_word' id='word_1_349' title='bbox 2041 2296 2102 2351; x_wconf 87' lang='grc' dir='ltr'><strong>ού</strong></span> <span class='ocrx_word' id='word_1_350' title='bbox 2138 2297 2319 2367; x_wconf 78' lang='grc' dir='ltr'><strong>χεῖρον</strong></span> <span class='ocrx_word' id='word_1_351' title='bbox 2369 2294 2580 2362; x_wconf 71' lang='grc' dir='ltr'><strong>ἐφεῖναι</strong></span> <span class='ocrx_word' id='word_1_352' title='bbox 2633 2291 2829 2364; x_wconf 72' lang='grc' dir='ltr'><strong>μικρὸν</strong></span> <span class='ocrx_word' id='word_1_353' title='bbox 2880 2291 2973 2345; x_wconf 75' lang='grc' dir='ltr'><strong>καὶ</strong></span> <span class='ocrx_word' id='word_1_354' title='bbox 3005 2289 3084 2363; x_wconf 81' lang='grc' dir='ltr'><strong>τῷ</strong></span> <span class='ocrx_word' id='word_1_355' title='bbox 3111 2290 3274 2361; x_wconf 82' lang='grc' dir='ltr'><strong>λόγῳ,</strong></span> <span class='ocrx_word' id='word_1_356' title='bbox 3307 2288 3404 2341; x_wconf 73' lang='grc' dir='ltr'><strong>καὶ</strong></span> <span class='ocrx_word' id='word_1_357' title='bbox 3434 2305 3623 2359; x_wconf 82' lang='grc' dir='ltr'><strong>παρα-</strong></span> 
     </span>
    </p>
   </div>
   <div class='ocr_carea' id='block_1_48' title="bbox 2041 2377 3626 2457">
    <p class='ocr_par' dir='ltr' id='par_1_48' title="bbox 2041 2377 3626 2457">
     <span class='ocr_line' id='line_1_48' title="bbox 2041 2377 3626 2457; baseline -0.006 -17"><span class='ocrx_word' id='word_1_358' title='bbox 2041 2387 2319 2457; x_wconf 81' lang='grc' dir='ltr'><strong>τρυφῆσαι</strong></span> <span class='ocrx_word' id='word_1_359' title='bbox 2357 2383 2467 2438; x_wconf 85' lang='grc' dir='ltr'><strong>τῶν</strong></span> <span class='ocrx_word' id='word_1_360' title='bbox 2521 2382 2727 2454; x_wconf 84' lang='grc' dir='ltr'><strong>ταύτης</strong></span> <span class='ocrx_word' id='word_1_361' title='bbox 2774 2380 2979 2447; x_wconf 85' lang='grc' dir='ltr'><strong>καλῶν,</strong></span> <span class='ocrx_word' id='word_1_362' title='bbox 3007 2380 3039 2451; x_wconf 78' lang='grc' dir='ltr'>ἢ</span> <span class='ocrx_word' id='word_1_363' title='bbox 3067 2379 3274 2451; x_wconf 79' lang='grc' dir='ltr'><strong>ζημίαν</strong></span> <span class='ocrx_word' id='word_1_364' title='bbox 3326 2377 3626 2447; x_wconf 76' lang='grc' dir='ltr'><strong>ὑπομείναι</strong></span> 
     </span>
    </p>
   </div>
   <div class='ocr_carea' id='block_1_49' title="bbox 2040 2469 3622 2548">
    <p class='ocr_par' dir='ltr' id='par_1_49' title="bbox 2040 2469 3622 2548">
     <span class='ocr_line' id='line_1_49' title="bbox 2040 2469 3622 2548; baseline -0.006 -16"><span class='ocrx_word' id='word_1_365' title='bbox 2040 2476 2254 2532; x_wconf 78' lang='grc' dir='ltr'><strong>τελείαν</strong></span> <span class='ocrx_word' id='word_1_366' title='bbox 2300 2476 2522 2548; x_wconf 81' lang='grc' dir='ltr'><strong>ἡδίστης</strong></span> <span class='ocrx_word' id='word_1_367' title='bbox 2560 2473 2703 2529; x_wconf 73' lang='grc' dir='ltr'><strong>οὕτω</strong></span> <span class='ocrx_word' id='word_1_368' title='bbox 2741 2474 2836 2528; x_wconf 87' lang='grc' dir='ltr'><strong>καὶ</strong></span> <span class='ocrx_word' id='word_1_369' title='bbox 2885 2471 3246 2545; x_wconf 77' lang='grc' dir='ltr'><strong>ψυχωφελοῦς</strong></span> <span class='ocrx_word' id='word_1_370' title='bbox 3289 2469 3622 2542; x_wconf 78' lang='grc' dir='ltr'><strong>διηγήσεως.</strong></span> 
     </span>
    </p>
   </div>
   <div class='ocr_carea' id='block_1_50' title="bbox 2040 2563 3625 2641">
    <p class='ocr_par' dir='ltr' id='par_1_50' title="bbox 2040 2563 3625 2641">
     <span class='ocr_line' id='line_1_50' title="bbox 2040 2563 3625 2641; baseline -0.007 -16"><span class='ocrx_word' id='word_1_371' title='bbox 2040 2569 2188 2641; x_wconf 78' lang='grc' dir='ltr'><strong>Αὕτη</strong></span> <span class='ocrx_word' id='word_1_372' title='bbox 2218 2569 2369 2639; x_wconf 85' lang='grc' dir='ltr'><strong>γένει</strong></span> <span class='ocrx_word' id='word_1_373' title='bbox 2417 2569 2510 2623; x_wconf 74' lang='grc' dir='ltr'><strong>καὶ</strong></span> <span class='ocrx_word' id='word_1_374' title='bbox 2536 2566 2755 2638; x_wconf 86' lang='grc' dir='ltr'><strong>πλούτῳ</strong></span> <span class='ocrx_word' id='word_1_375' title='bbox 2787 2566 2880 2620; x_wconf 75' lang='grc' dir='ltr'><strong>καὶ</strong></span> <span class='ocrx_word' id='word_1_376' title='bbox 2914 2564 3035 2636; x_wconf 81' lang='grc' dir='ltr'><strong>ὥρᾳ</strong></span> <span class='ocrx_word' id='word_1_377' title='bbox 3063 2563 3340 2635; x_wconf 85' lang='grc' dir='ltr'><strong>σώματος,</strong></span> <span class='ocrx_word' id='word_1_378' title='bbox 3367 2563 3464 2616; x_wconf 80' lang='grc' dir='ltr'><strong>καὶ</strong></span> <span class='ocrx_word' id='word_1_379' title='bbox 3506 2564 3625 2626; x_wconf 76' lang='grc' dir='ltr'><strong>τοῖς</strong></span> 
     </span>
    </p>
   </div>
   <div class='ocr_carea' id='block_1_51' title="bbox 2042 2654 3624 2728">
    <p class='ocr_par' dir='ltr' id='par_1_51' title="bbox 2042 2654 3624 2728">
     <span class='ocr_line' id='line_1_51' title="bbox 2042 2654 3624 2728; baseline -0.005 -14"><span class='ocrx_word' id='word_1_380' title='bbox 2042 2659 2226 2725; x_wconf 76' lang='grc' dir='ltr'><strong>ἄλλοις</strong></span> <span class='ocrx_word' id='word_1_381' title='bbox 2258 2661 2372 2722; x_wconf 83' lang='grc' dir='ltr'><strong>τοῖς</strong></span> <span class='ocrx_word' id='word_1_382' title='bbox 2422 2658 2627 2728; x_wconf 76' lang='grc' dir='ltr'><strong>ὁμοίως</strong></span> <span class='ocrx_word' id='word_1_383' title='bbox 2670 2658 2888 2728; x_wconf 78' lang='grc' dir='ltr'><strong>ἔχουσιν</strong></span> <span class='ocrx_word' id='word_1_384' title='bbox 2945 2654 3191 2727; x_wconf 81' lang='grc' dir='ltr'><strong>ἀτεχνῶς</strong></span> <span class='ocrx_word' id='word_1_385' title='bbox 3240 2654 3624 2722; x_wconf 76' lang='grc' dir='ltr'><strong>διαλάμψασα,</strong></span> 
     </span>
    </p>
   </div>
   <div class='ocr_carea' id='block_1_52' title="bbox 2040 2733 3625 2821">
    <p class='ocr_par' dir='ltr' id='par_1_52' title="bbox 2040 2733 3625 2821">
     <span class='ocr_line' id='line_1_52' title="bbox 2040 2733 3625 2821; baseline -0.004 -17"><span class='ocrx_word' id='word_1_386' title='bbox 2040 2749 2194 2821; x_wconf 72' lang='grc' dir='ltr'><strong>ἀνδρὶ</strong></span> <span class='ocrx_word' id='word_1_387' title='bbox 2250 2733 2578 2803; x_wconf 83' lang='grc' dir='ltr'><strong>συνάπτεται</strong></span> <span class='ocrx_word' id='word_1_388' title='bbox 2631 2747 2754 2819; x_wconf 77' lang='grc' dir='ltr'><strong>μὲν,</strong></span> <span class='ocrx_word' id='word_1_389' title='bbox 2809 2747 2908 2819; x_wconf 75' lang='grc' dir='ltr'><strong>τὴν</strong></span> <span class='ocrx_word' id='word_1_390' title='bbox 2940 2747 2995 2801; x_wconf 80' lang='grc' dir='ltr'><strong>δὲ</strong></span> <span class='ocrx_word' id='word_1_391' title='bbox 3027 2746 3329 2817; x_wconf 82' lang='grc' dir='ltr'><strong>παρθενίαν</strong></span> <span class='ocrx_word' id='word_1_392' title='bbox 3351 2746 3450 2799; x_wconf 86' lang='grc' dir='ltr'><strong>ούκ</strong></span> <span class='ocrx_word' id='word_1_393' title='bbox 3480 2745 3625 2798; x_wconf 74' lang='grc' dir='ltr'><strong>ἀπο·</strong></span> 
     </span>
    </p>
   </div>
   <div class='ocr_carea' id='block_1_53' title="bbox 2039 2836 3622 2910">
    <p class='ocr_par' dir='ltr' id='par_1_53' title="bbox 2039 2836 3622 2910">
     <span class='ocr_line' id='line_1_53' title="bbox 2039 2836 3622 2910; baseline -0.001 -18"><span class='ocrx_word' id='word_1_394' title='bbox 2039 2838 2319 2895; x_wconf 81' lang='grc' dir='ltr'><strong>ϐάλλεται.</strong></span> <span class='ocrx_word' id='word_1_395' title='bbox 2377 2839 2522 2893; x_wconf 83' lang='grc' dir='ltr'><strong>Ἀλλ’</strong></span> <span class='ocrx_word' id='word_1_396' title='bbox 2545 2837 2722 2904; x_wconf 75' lang='grc' dir='ltr'><strong>οὕτως</strong></span> <span class='ocrx_word' id='word_1_397' title='bbox 2753 2838 2905 2910; x_wconf 83' lang='grc' dir='ltr'><strong>αύτῷ</strong></span> <span class='ocrx_word' id='word_1_398' title='bbox 2941 2838 3071 2909; x_wconf 88' lang='grc' dir='ltr'><strong>περί</strong></span> <span class='ocrx_word' id='word_1_399' title='bbox 3107 2854 3211 2891; x_wconf 83' lang='grc' dir='ltr'><strong>που</strong></span> <span class='ocrx_word' id='word_1_400' title='bbox 3242 2836 3419 2907; x_wconf 82' lang='grc' dir='ltr'><strong>μῆνας</strong></span> <span class='ocrx_word' id='word_1_401' title='bbox 3442 2837 3622 2890; x_wconf 74' lang='grc' dir='ltr'><strong>εἰκοσι</strong></span> 
     </span>
    </p>
   </div>
   <div class='ocr_carea' id='block_1_54' title="bbox 2040 2930 3617 3003">
    <p class='ocr_par' dir='ltr' id='par_1_54' title="bbox 2040 2930 3617 3003">
     <span class='ocr_line' id='line_1_54' title="bbox 2040 2930 3617 3003; baseline -0.001 -16"><span class='ocrx_word' id='word_1_402' title='bbox 2040 2932 2420 3003; x_wconf 74' lang='grc' dir='ltr'><strong>συμϐιώσασα,</strong></span> <span class='ocrx_word' id='word_1_403' title='bbox 2475 2934 2598 2986; x_wconf 75' lang='grc' dir='ltr'><strong>ἐπεὶ</strong></span> <span class='ocrx_word' id='word_1_404' title='bbox 2645 2934 2851 2995; x_wconf 78' lang='grc' dir='ltr'><strong>ἐκεῖνος</strong></span> <span class='ocrx_word' id='word_1_405' title='bbox 2905 2932 2963 2999; x_wconf 76' lang='grc' dir='ltr'><strong>ἐξ</strong></span> <span class='ocrx_word' id='word_1_406' title='bbox 3010 2930 3315 3002; x_wconf 85' lang='grc' dir='ltr'><strong>ἀνθρώπων</strong></span> <span class='ocrx_word' id='word_1_407' title='bbox 3370 2931 3617 2998; x_wconf 75' lang='grc' dir='ltr'><strong>ἐγένετο,</strong></span> 
     </span>
    </p>
   </div>
   <div class='ocr_carea' id='block_1_55' title="bbox 2039 3023 3621 3095">
    <p class='ocr_par' dir='ltr' id='par_1_55' title="bbox 2039 3023 3621 3095">
     <span class='ocr_line' id='line_1_55' title="bbox 2039 3023 3621 3095; baseline 0 -18"><span class='ocrx_word' id='word_1_408' title='bbox 2039 3024 2219 3078; x_wconf 84' lang='grc' dir='ltr'><strong>καίτοι</strong></span> <span class='ocrx_word' id='word_1_409' title='bbox 2277 3024 2376 3095; x_wconf 80' lang='grc' dir='ltr'><strong>τὴν</strong></span> <span class='ocrx_word' id='word_1_410' title='bbox 2429 3024 2649 3095; x_wconf 78' lang='grc' dir='ltr'><strong>ἠλικίαν</strong></span> <span class='ocrx_word' id='word_1_411' title='bbox 2674 3024 2774 3078; x_wconf 87' lang='grc' dir='ltr'><strong>ούκ</strong></span> <span class='ocrx_word' id='word_1_412' title='bbox 2820 3023 3019 3095; x_wconf 76' lang='grc' dir='ltr'><strong>ἔχουσα</strong></span> <span class='ocrx_word' id='word_1_413' title='bbox 3045 3025 3172 3087; x_wconf 73' lang='grc' dir='ltr'><strong>τοὺς</strong></span> <span class='ocrx_word' id='word_1_414' title='bbox 3198 3023 3488 3093; x_wconf 80' lang='grc' dir='ltr'><strong>δευτέρους</strong></span> <span class='ocrx_word' id='word_1_415' title='bbox 3513 3024 3621 3090; x_wconf 80' lang='grc' dir='ltr'><strong>γά-</strong></span> 
     </span>
    </p>
   </div>
   <div class='ocr_carea' id='block_1_56' title="bbox 2040 3116 3620 3188">
    <p class='ocr_par' dir='ltr' id='par_1_56' title="bbox 2040 3116 3620 3188">
     <span class='ocr_line' id='line_1_56' title="bbox 2040 3116 3620 3188; baseline -0.001 -19"><span class='ocrx_word' id='word_1_416' title='bbox 2040 3134 2173 3188; x_wconf 83' lang='grc' dir='ltr'><strong>μους</strong></span> <span class='ocrx_word' id='word_1_417' title='bbox 2201 3118 2621 3188; x_wconf 79' lang='grc' dir='ltr'><strong>αίσχυνομένην,</strong></span> <span class='ocrx_word' id='word_1_418' title='bbox 2665 3116 2804 3186; x_wconf 77' lang='grc' dir='ltr'><strong>αὐτὴ</strong></span> <span class='ocrx_word' id='word_1_419' title='bbox 2827 3117 2927 3186; x_wconf 78' lang='grc' dir='ltr'><strong>τὴν</strong></span> <span class='ocrx_word' id='word_1_420' title='bbox 2956 3116 3310 3187; x_wconf 79' lang='grc' dir='ltr'><strong>σωφροσύνην</strong></span> <span class='ocrx_word' id='word_1_421' title='bbox 3359 3116 3620 3169; x_wconf 75' lang='grc' dir='ltr'><strong>ἀσπασαο</strong></span> 
     </span>
    </p>
   </div>
   <div class='ocr_carea' id='block_1_57' title="bbox 2040 3207 3616 3280">
    <p class='ocr_par' dir='ltr' id='par_1_57' title="bbox 2040 3207 3616 3280">
     <span class='ocr_line' id='line_1_57' title="bbox 2040 3207 3616 3280; baseline 0 -19"><span class='ocrx_word' id='word_1_422' title='bbox 2040 3208 2199 3278; x_wconf 82' lang='grc' dir='ltr'><strong>μένη,</strong></span> <span class='ocrx_word' id='word_1_423' title='bbox 2258 3208 2510 3279; x_wconf 87' lang='grc' dir='ltr'><strong>στέργειν</strong></span> <span class='ocrx_word' id='word_1_424' title='bbox 2555 3208 2726 3280; x_wconf 82' lang='grc' dir='ltr'><strong>αὐτὴν</strong></span> <span class='ocrx_word' id='word_1_425' title='bbox 2773 3208 2947 3261; x_wconf 78' lang='grc' dir='ltr'><strong>εἵλετο</strong></span> <span class='ocrx_word' id='word_1_426' title='bbox 2992 3208 3080 3261; x_wconf 70' lang='grc' dir='ltr'><strong>διὰ</strong></span> <span class='ocrx_word' id='word_1_427' title='bbox 3130 3207 3268 3277; x_wconf 85' lang='grc' dir='ltr'><strong>βίου,</strong></span> <span class='ocrx_word' id='word_1_428' title='bbox 3311 3207 3616 3261; x_wconf 74' lang='grc' dir='ltr'><strong>καὶταῦτα</strong></span> 
     </span>
    </p>
   </div>
   <div class='ocr_carea' id='block_1_58' title="bbox 2036 3298 3608 3369">
    <p class='ocr_par' dir='ltr' id='par_1_58' title="bbox 2036 3298 3608 3369">
     <span class='ocr_line' id='line_1_58' title="bbox 2036 3298 3608 3369; baseline -0.001 -17"><span class='ocrx_word' id='word_1_429' title='bbox 2036 3298 2131 3352; x_wconf 84' lang='grc' dir='ltr'><strong>τοῦ</strong></span> <span class='ocrx_word' id='word_1_430' title='bbox 2158 3298 2424 3369; x_wconf 85' lang='grc' dir='ltr'><strong>βασιλέως</strong></span> <span class='ocrx_word' id='word_1_431' title='bbox 2443 3298 2612 3369; x_wconf 74' lang='grc' dir='ltr'><strong>αὖτὴν</strong></span> <span class='ocrx_word' id='word_1_432' title='bbox 2651 3300 2732 3364; x_wconf 89' lang='grc' dir='ltr'><strong>είς</strong></span> <span class='ocrx_word' id='word_1_433' title='bbox 2779 3300 3061 3368; x_wconf 72' lang='grc' dir='ltr'><strong>συγγενεῖς</strong></span> <span class='ocrx_word' id='word_1_434' title='bbox 3088 3298 3338 3361; x_wconf 71' lang='grc' dir='ltr'><strong>ἕλκοντος</strong></span> <span class='ocrx_word' id='word_1_435' title='bbox 3365 3298 3608 3367; x_wconf 78' lang='grc' dir='ltr'><strong>γάμους,</strong></span> 
     </span>
    </p>
   </div>
   <div class='ocr_carea' id='block_1_59' title="bbox 360 3382 1932 3473">
    <p class='ocr_par' dir='ltr' id='par_1_59' title="bbox 360 3391 1932 3473">
     <span class='ocr_line' id='line_1_59' title="bbox 360 3391 1932 3473; baseline 0.008 -27"><span class='ocrx_word' id='word_1_436' title='bbox 360 3391 505 3447; x_wconf 90' lang='lat' dir='ltr'><strong>lictis</strong></span> <span class='ocrx_word' id='word_1_437' title='bbox 532 3393 765 3460; x_wconf 89' lang='lat' dir='ltr'><strong>deliciis,</strong></span> <span class='ocrx_word' id='word_1_438' title='bbox 792 3404 853 3450; x_wconf 93' lang='lat' dir='ltr'><strong>ut</strong></span> <span class='ocrx_word' id='word_1_439' title='bbox 894 3412 1014 3467; x_wconf 69' lang='lat' dir='ltr'><strong>qua:</strong></span> <span class='ocrx_word' id='word_1_440' title='bbox 1047 3413 1171 3452; x_wconf 92' lang='lat' dir='ltr'><strong>cum</strong></span> <span class='ocrx_word' id='word_1_441' title='bbox 1206 3401 1454 3472; x_wconf 86' lang='lat' dir='ltr'><strong>ingenuis</strong></span> <span class='ocrx_word' id='word_1_442' title='bbox 1488 3400 1627 3456; x_wconf 89' lang='lat' dir='ltr'><strong>nihil</strong></span> <span class='ocrx_word' id='word_1_443' title='bbox 1665 3402 1932 3473; x_wconf 66' lang='lat' dir='ltr'><strong>haberent</strong></span> 
     </span>
    </p>
   </div>
   <div class='ocr_carea' id='block_1_60' title="bbox 2036 3382 3619 3473">
    <p class='ocr_par' dir='ltr' id='par_1_60' title="bbox 2037 3390 3619 3464">
     <span class='ocr_line' id='line_1_60' title="bbox 2037 3390 3619 3464; baseline -0.001 -19"><span class='ocrx_word' id='word_1_444' title='bbox 2037 3392 2318 3464; x_wconf 76' lang='grc' dir='ltr'><strong>νησῑείαις</strong></span> <span class='ocrx_word' id='word_1_445' title='bbox 2345 3392 2401 3446; x_wconf 86' lang='grc' dir='ltr'><strong>δὲ</strong></span> <span class='ocrx_word' id='word_1_446' title='bbox 2436 3392 2640 3464; x_wconf 78' lang='grc' dir='ltr'><strong>μᾶλλον</strong></span> <span class='ocrx_word' id='word_1_447' title='bbox 2660 3394 2756 3447; x_wconf 71' lang='grc' dir='ltr'><strong>καὶ</strong></span> <span class='ocrx_word' id='word_1_448' title='bbox 2781 3390 3138 3464; x_wconf 79' lang='grc' dir='ltr'><strong>ἀγρυπνίαις,</strong></span> <span class='ocrx_word' id='word_1_449' title='bbox 3167 3391 3260 3444; x_wconf 84' lang='grc' dir='ltr'><strong>καὶ</strong></span> <span class='ocrx_word' id='word_1_450' title='bbox 3298 3393 3413 3455; x_wconf 78' lang='grc' dir='ltr'><strong>τοῖς</strong></span> <span class='ocrx_word' id='word_1_451' title='bbox 3433 3390 3619 3455; x_wconf 77' lang='grc' dir='ltr'><strong>ἄλλοις</strong></span> 
     </span>
    </p>
   </div>
   <div class='ocr_carea' id='block_1_61' title="bbox 354 3487 1929 3562">
    <p class='ocr_par' dir='ltr' id='par_1_61' title="bbox 354 3487 1929 3562">
     <span class='ocr_line' id='line_1_61' title="bbox 354 3487 1929 3562; baseline 0.006 -23"><span class='ocrx_word' id='word_1_452' title='bbox 354 3499 668 3549; x_wconf 85' lang='lat' dir='ltr'><strong>commune,</strong></span> <span class='ocrx_word' id='word_1_453' title='bbox 701 3501 761 3542; x_wconf 89' lang='lat' dir='ltr'><strong>se</strong></span> <span class='ocrx_word' id='word_1_454' title='bbox 812 3487 1119 3545; x_wconf 88' lang='lat' dir='ltr'><strong>oblectabat</strong></span> <span class='ocrx_word' id='word_1_455' title='bbox 1161 3491 1393 3562; x_wconf 85' lang='lat' dir='ltr'><strong>jejunio,</strong></span> <span class='ocrx_word' id='word_1_456' title='bbox 1446 3509 1556 3548; x_wconf 91' lang='lat' dir='ltr'><strong>non</strong></span> <span class='ocrx_word' id='word_1_457' title='bbox 1595 3494 1768 3549; x_wconf 85' lang='lat' dir='ltr'><strong>solum</strong></span> <span class='ocrx_word' id='word_1_458' title='bbox 1803 3495 1929 3561; x_wconf 91' lang='lat' dir='ltr'><strong>cibi,</strong></span> 
     </span>
    </p>
   </div>
   <div class='ocr_carea' id='block_1_62' title="bbox 354 3578 1934 3657">
    <p class='ocr_par' dir='ltr' id='par_1_62' title="bbox 354 3578 1934 3657">
     <span class='ocr_line' id='line_1_62' title="bbox 354 3578 1934 3657; baseline 0.008 -25"><span class='ocrx_word' id='word_1_459' title='bbox 354 3578 449 3632; x_wconf 85' lang='lat' dir='ltr'><strong>sed</strong></span> <span class='ocrx_word' id='word_1_460' title='bbox 485 3578 650 3633; x_wconf 82' lang='lat' dir='ltr'><strong>etiam</strong></span> <span class='ocrx_word' id='word_1_461' title='bbox 689 3580 890 3644; x_wconf 90' lang='lat' dir='ltr'><strong>somni,</strong></span> <span class='ocrx_word' id='word_1_462' title='bbox 934 3582 1165 3652; x_wconf 87' lang='lat' dir='ltr'><strong>pulchre</strong></span> <span class='ocrx_word' id='word_1_463' title='bbox 1217 3600 1479 3641; x_wconf 80' lang='lat' dir='ltr'><strong>exercens</strong></span> <span class='ocrx_word' id='word_1_464' title='bbox 1516 3601 1735 3657; x_wconf 91' lang='lat' dir='ltr'><strong>corpus,</strong></span> <span class='ocrx_word' id='word_1_465' title='bbox 1768 3595 1823 3644; x_wconf 89' lang='lat' dir='ltr'><strong>et</strong></span> <span class='ocrx_word' id='word_1_466' title='bbox 1877 3588 1934 3643; x_wconf 91' lang='lat' dir='ltr'><strong>id</strong></span> 
     </span>
    </p>
   </div>
   <div class='ocr_carea' id='block_1_63' title="bbox 354 3670 1933 3744">
    <p class='ocr_par' dir='ltr' id='par_1_63' title="bbox 354 3670 1933 3744">
     <span class='ocr_line' id='line_1_63' title="bbox 354 3670 1933 3744; baseline 0.008 -21"><span class='ocrx_word' id='word_1_467' title='bbox 354 3670 581 3726; x_wconf 86' lang='lat' dir='ltr'><strong>studens</strong></span> <span class='ocrx_word' id='word_1_468' title='bbox 616 3672 816 3727; x_wconf 84' lang='lat' dir='ltr'><strong>habere</strong></span> <span class='ocrx_word' id='word_1_469' title='bbox 846 3689 1003 3744; x_wconf 91' lang='lat' dir='ltr'><strong>opem</strong></span> <span class='ocrx_word' id='word_1_470' title='bbox 1048 3674 1251 3741; x_wconf 82' lang='lat' dir='ltr'><strong>ferens,</strong></span> <span class='ocrx_word' id='word_1_471' title='bbox 1289 3692 1397 3730; x_wconf 91' lang='lat' dir='ltr'><strong>non</strong></span> <span class='ocrx_word' id='word_1_472' title='bbox 1442 3686 1624 3733; x_wconf 89' lang='lat' dir='ltr'><strong>autem</strong></span> <span class='ocrx_word' id='word_1_473' title='bbox 1668 3678 1933 3735; x_wconf 88' lang='lat' dir='ltr'><strong>insidians</strong></span> 
     </span>
    </p>
   </div>
   <div class='ocr_carea' id='block_1_64' title="bbox 353 3760 1933 3841">
    <p class='ocr_par' dir='ltr' id='par_1_64' title="bbox 353 3760 1933 3841">
     <span class='ocr_line' id='line_1_64' title="bbox 353 3760 1933 3841; baseline 0.008 -26"><span class='ocrx_word' id='word_1_474' title='bbox 353 3760 421 3815; x_wconf 89' lang='lat' dir='ltr'><strong>ad</strong></span> <span class='ocrx_word' id='word_1_475' title='bbox 450 3761 747 3822; x_wconf 86' lang='lat' dir='ltr'><strong>virtutem:</strong></span> <span class='ocrx_word' id='word_1_476' title='bbox 780 3765 1197 3833; x_wconf 85' lang='lat' dir='ltr'><strong>temperantiam</strong></span> <span class='ocrx_word' id='word_1_477' title='bbox 1239 3783 1301 3822; x_wconf 92' lang='lat' dir='ltr'><strong>ac</strong></span> <span class='ocrx_word' id='word_1_478' title='bbox 1335 3767 1653 3838; x_wconf 91' lang='lat' dir='ltr'><strong>pudicitiam</strong></span> <span class='ocrx_word' id='word_1_479' title='bbox 1691 3771 1933 3841; x_wconf 84' lang='lat' dir='ltr'><strong>comple-</strong></span> 
     </span>
    </p>
   </div>
   <div class='ocr_carea' id='block_1_65' title="bbox 352 3856 1931 3934">
    <p class='ocr_par' dir='ltr' id='par_1_65' title="bbox 352 3856 1931 3934">
     <span class='ocr_line' id='line_1_65' title="bbox 352 3856 1931 3934; baseline 0.009 -27"><span class='ocrx_word' id='word_1_480' title='bbox 352 3863 509 3907; x_wconf 86' lang='lat' dir='ltr'><strong>ctens</strong></span> <span class='ocrx_word' id='word_1_481' title='bbox 554 3870 727 3924; x_wconf 89' lang='lat' dir='ltr'><strong>usque</strong></span> <span class='ocrx_word' id='word_1_482' title='bbox 781 3856 848 3910; x_wconf 91' lang='lat' dir='ltr'><strong>ad</strong></span> <span class='ocrx_word' id='word_1_483' title='bbox 893 3856 1303 3932; x_wconf 83' lang='lat' dir='ltr'><strong>cogitationem,</strong></span> <span class='ocrx_word' id='word_1_484' title='bbox 1364 3876 1474 3915; x_wconf 92' lang='lat' dir='ltr'><strong>non</strong></span> <span class='ocrx_word' id='word_1_485' title='bbox 1520 3861 1698 3917; x_wconf 89' lang='lat' dir='ltr'><strong>solum</strong></span> <span class='ocrx_word' id='word_1_486' title='bbox 1756 3879 1931 3934; x_wconf 84' lang='lat' dir='ltr'><strong>usque</strong></span> 
     </span>
    </p>
   </div>
   <div class='ocr_carea' id='block_1_66' title="bbox 350 3944 1930 4018">
    <p class='ocr_par' dir='ltr' id='par_1_66' title="bbox 350 3944 1930 4018">
     <span class='ocr_line' id='line_1_66' title="bbox 350 3944 1930 4018; baseline 0.007 -20"><span class='ocrx_word' id='word_1_487' title='bbox 350 3944 417 3999; x_wconf 91' lang='lat' dir='ltr'><strong>ad</strong></span> <span class='ocrx_word' id='word_1_488' title='bbox 481 3955 815 4001; x_wconf 67' lang='lat' dir='ltr'><strong>contactum.</strong></span> <span class='ocrx_word' id='word_1_489' title='bbox 874 3947 1160 4018; x_wconf 88' lang='lat' dir='ltr'><strong>Postquam</strong></span> <span class='ocrx_word' id='word_1_490' title='bbox 1210 3960 1390 4006; x_wconf 90' lang='lat' dir='ltr'><strong>autem</strong></span> <span class='ocrx_word' id='word_1_491' title='bbox 1435 3953 1681 4008; x_wconf 87' lang='lat' dir='ltr'><strong>omnium</strong></span> <span class='ocrx_word' id='word_1_492' title='bbox 1755 3954 1930 4010; x_wconf 87' lang='lat' dir='ltr'><strong>bono-</strong></span> 
     </span>
    </p>
   </div>
   <div class='ocr_carea' id='block_1_67' title="bbox 351 4035 1931 4104">
    <p class='ocr_par' dir='ltr' id='par_1_67' title="bbox 351 4035 1931 4104">
     <span class='ocr_line' id='line_1_67' title="bbox 351 4035 1931 4104; baseline 0.007 -15"><span class='ocrx_word' id='word_1_493' title='bbox 351 4051 475 4091; x_wconf 91' lang='lat' dir='ltr'><strong>rum</strong></span> <span class='ocrx_word' id='word_1_494' title='bbox 526 4035 630 4091; x_wconf 87' lang='lat' dir='ltr'><strong>fuit</strong></span> <span class='ocrx_word' id='word_1_495' title='bbox 684 4037 925 4104; x_wconf 89' lang='lat' dir='ltr'><strong>domina,</strong></span> <span class='ocrx_word' id='word_1_496' title='bbox 972 4055 1035 4094; x_wconf 88' lang='lat' dir='ltr'><strong>ea</strong></span> <span class='ocrx_word' id='word_1_497' title='bbox 1080 4040 1137 4094; x_wconf 90' lang='lat' dir='ltr'><strong>in</strong></span> <span class='ocrx_word' id='word_1_498' title='bbox 1192 4056 1326 4097; x_wconf 83' lang='lat' dir='ltr'><strong>usus</strong></span> <span class='ocrx_word' id='word_1_499' title='bbox 1371 4052 1685 4098; x_wconf 87' lang='lat' dir='ltr'><strong>sanctorum</strong></span> <span class='ocrx_word' id='word_1_500' title='bbox 1718 4045 1931 4101; x_wconf 85' lang='lat' dir='ltr'><strong>studuit</strong></span> 
     </span>
    </p>
   </div>
   <div class='ocr_carea' id='block_1_68' title="bbox 355 4127 1929 4211">
    <p class='ocr_par' dir='ltr' id='par_1_68' title="bbox 355 4127 1929 4211">
     <span class='ocr_line' id='line_1_68' title="bbox 355 4127 1929 4211; baseline 0.008 -29"><span class='ocrx_word' id='word_1_501' title='bbox 355 4127 641 4185; x_wconf 78' lang='lat' dir='ltr'><strong>eﬂ‘undere</strong></span> <span class='ocrx_word' id='word_1_502' title='bbox 670 4149 683 4185; x_wconf 90' lang='lat'><strong>:</strong></span> <span class='ocrx_word' id='word_1_503' title='bbox 718 4130 927 4203; x_wconf 87' lang='lat' dir='ltr'><strong>fuitque</strong></span> <span class='ocrx_word' id='word_1_504' title='bbox 954 4133 1261 4192; x_wconf 72' lang='lat' dir='ltr'><strong>diaconissa</strong></span> <span class='ocrx_word' id='word_1_505' title='bbox 1291 4137 1460 4192; x_wconf 90' lang='lat' dir='ltr'><strong>totius</strong></span> <span class='ocrx_word' id='word_1_506' title='bbox 1488 4138 1766 4208; x_wconf 68' lang='lat' dir='ltr'><strong>Ecclesiae,</strong></span> <span class='ocrx_word' id='word_1_507' title='bbox 1798 4155 1929 4211; x_wconf 92' lang='lat' dir='ltr'><strong>pro-</strong></span> 
     </span>
    </p>
   </div>
   <div class='ocr_carea' id='block_1_69' title="bbox 350 4221 1928 4300">
    <p class='ocr_par' dir='ltr' id='par_1_69' title="bbox 350 4221 1928 4300">
     <span class='ocr_line' id='line_1_69' title="bbox 350 4221 1928 4300; baseline 0.009 -25"><span class='ocrx_word' id='word_1_508' title='bbox 350 4229 475 4293; x_wconf 84' lang='lat' dir='ltr'><strong>pter</strong></span> <span class='ocrx_word' id='word_1_509' title='bbox 501 4223 769 4293; x_wconf 88' lang='lat' dir='ltr'><strong>insigncm</strong></span> <span class='ocrx_word' id='word_1_510' title='bbox 810 4221 932 4294; x_wconf 81' lang='lat' dir='ltr'><strong>ejus</strong></span> <span class='ocrx_word' id='word_1_511' title='bbox 962 4227 1219 4296; x_wconf 87' lang='lat' dir='ltr'><strong>pietatem</strong></span> <span class='ocrx_word' id='word_1_512' title='bbox 1254 4239 1310 4284; x_wconf 92' lang='lat' dir='ltr'><strong>et</strong></span> <span class='ocrx_word' id='word_1_513' title='bbox 1347 4229 1792 4300; x_wconf 78' lang='lat' dir='ltr'><strong>ltOSpitalitatem.</strong></span> <span class='ocrx_word' id='word_1_514' title='bbox 1819 4232 1928 4289; x_wconf 85' lang='lat' dir='ltr'><strong>Eos</strong></span> 
     </span>
    </p>
   </div>
   <div class='ocr_carea' id='block_1_70' title="bbox 336 4302 1927 4394">
    <p class='ocr_par' dir='ltr' id='par_1_70' title="bbox 336 4302 1927 4394">
     <span class='ocr_line' id='line_1_70' title="bbox 336 4302 1927 4394; baseline 0.007 -26"><span class='ocrx_word' id='word_1_515' title='bbox 336 4302 495 4368; x_wconf 80' lang='lat' dir='ltr'><strong>enim</strong></span> <span class='ocrx_word' id='word_1_516' title='bbox 521 4316 771 4377; x_wconf 81' lang='lat' dir='ltr'><strong>maxime.</strong></span> <span class='ocrx_word' id='word_1_517' title='bbox 793 4316 886 4387; x_wconf 90' lang='lat' dir='ltr'><strong>qui</strong></span> <span class='ocrx_word' id='word_1_518' title='bbox 913 4318 1164 4373; x_wconf 87' lang='lat' dir='ltr'><strong>virtutem</strong></span> <span class='ocrx_word' id='word_1_519' title='bbox 1183 4321 1532 4387; x_wconf 81' lang='lat' dir='ltr'><strong>exercebant,</strong></span> <span class='ocrx_word' id='word_1_520' title='bbox 1555 4323 1791 4394; x_wconf 82' lang='lat' dir='ltr'><strong>hospitio</strong></span> <span class='ocrx_word' id='word_1_521' title='bbox 1808 4340 1927 4379; x_wconf 89' lang='lat' dir='ltr'><strong>ma-</strong></span> 
     </span>
    </p>
   </div>
   <div class='ocr_carea' id='block_1_71' title="bbox 349 4405 1927 4483">
    <p class='ocr_par' dir='ltr' id='par_1_71' title="bbox 349 4405 1927 4483">
     <span class='ocr_line' id='line_1_71' title="bbox 349 4405 1927 4483; baseline 0.009 -24"><span class='ocrx_word' id='word_1_522' title='bbox 349 4405 546 4477; x_wconf 82' lang='lat' dir='ltr'><strong>gniﬁce</strong></span> <span class='ocrx_word' id='word_1_523' title='bbox 569 4406 896 4478; x_wconf 84' lang='lat' dir='ltr'><strong>excipiebat,</strong></span> <span class='ocrx_word' id='word_1_524' title='bbox 917 4419 972 4464; x_wconf 89' lang='lat' dir='ltr'><strong>et</strong></span> <span class='ocrx_word' id='word_1_525' title='bbox 992 4427 1317 4482; x_wconf 90' lang='lat' dir='ltr'><strong>quocunque</strong></span> <span class='ocrx_word' id='word_1_526' title='bbox 1350 4423 1559 4483; x_wconf 88' lang='lat' dir='ltr'><strong>poterat</strong></span> <span class='ocrx_word' id='word_1_527' title='bbox 1590 4412 1767 4472; x_wconf 74' lang='lat' dir='ltr'><strong>ollicio</strong></span> <span class='ocrx_word' id='word_1_528' title='bbox 1789 4416 1927 4473; x_wconf 87' lang='lat' dir='ltr'><strong>hila-</strong></span> 
     </span>
    </p>
   </div>
   <div class='ocr_carea' id='block_1_72' title="bbox 348 4499 1924 4581">
    <p class='ocr_par' dir='ltr' id='par_1_72' title="bbox 348 4499 1924 4581">
     <span class='ocr_line' id='line_1_72' title="bbox 348 4499 1924 4581; baseline 0.01 -31"><span class='ocrx_word' id='word_1_529' title='bbox 348 4499 486 4581; x_wconf 76' lang='lat' dir='ltr'><strong>riter</strong></span> <span class='ocrx_word' id='word_1_530' title='bbox 500 4501 1084 4571; x_wconf 62' lang='lat' dir='ltr'><strong>prosequebaturﬂua:</strong></span> <span class='ocrx_word' id='word_1_531' title='bbox 1102 4504 1263 4559; x_wconf 89' lang='lat' dir='ltr'><strong>etiam</strong></span> <span class='ocrx_word' id='word_1_532' title='bbox 1281 4504 1646 4578; x_wconf 84' lang='lat' dir='ltr'><strong>Theophilum</strong></span> <span class='ocrx_word' id='word_1_533' title='bbox 1669 4520 1924 4581; x_wconf 88' lang='lat' dir='ltr'><strong>tanquam</strong></span> 
     </span>
    </p>
   </div>
   <div class='ocr_carea' id='block_1_73' title="bbox 347 4573 1925 4674">
    <p class='ocr_par' dir='ltr' id='par_1_73' title="bbox 347 4573 1925 4674">
     <span class='ocr_line' id='line_1_73' title="bbox 347 4573 1925 4674; baseline 0.011 -30"><span class='ocrx_word' id='word_1_534' title='bbox 347 4590 441 4646; x_wconf 92' lang='lat' dir='ltr'><strong>Dei</strong></span> <span class='ocrx_word' id='word_1_535' title='bbox 458 4573 690 4648; x_wconf 79' lang='lat' dir='ltr'><strong>amicum</strong></span> <span class='ocrx_word' id='word_1_536' title='bbox 713 4595 1029 4661; x_wconf 85' lang='lat' dir='ltr'><strong>observans,</strong></span> <span class='ocrx_word' id='word_1_537' title='bbox 1050 4614 1203 4652; x_wconf 89' lang='lat' dir='ltr'><strong>suam</strong></span> <span class='ocrx_word' id='word_1_538' title='bbox 1230 4599 1282 4652; x_wconf 92' lang='lat' dir='ltr'><strong>in</strong></span> <span class='ocrx_word' id='word_1_539' title='bbox 1301 4615 1423 4655; x_wconf 91' lang='lat' dir='ltr'><strong>eum</strong></span> <span class='ocrx_word' id='word_1_540' title='bbox 1450 4602 1689 4657; x_wconf 86' lang='lat' dir='ltr'><strong>ostendit</strong></span> <span class='ocrx_word' id='word_1_541' title='bbox 1711 4603 1925 4674; x_wconf 89' lang='lat' dir='ltr'><strong>magni-</strong></span> 
     </span>
    </p>
   </div>
   <div class='ocr_carea' id='block_1_74' title="bbox 2036 3483 3619 3555">
    <p class='ocr_par' dir='ltr' id='par_1_74' title="bbox 2036 3483 3619 3555">
     <span class='ocr_line' id='line_1_74' title="bbox 2036 3483 3619 3555; baseline -0.001 -17"><span class='ocrx_word' id='word_1_542' title='bbox 2036 3485 2360 3555; x_wconf 71' lang='grc' dir='ltr'><strong>ἐντρυφῶσα</strong></span> <span class='ocrx_word' id='word_1_543' title='bbox 2401 3486 2511 3539; x_wconf 83' lang='grc' dir='ltr'><strong>τῶν</strong></span> <span class='ocrx_word' id='word_1_544' title='bbox 2550 3485 2848 3539; x_wconf 74' lang='grc' dir='ltr'><strong>ἐπιπόνων.</strong></span> <span class='ocrx_word' id='word_1_545' title='bbox 2895 3483 2985 3548; x_wconf 82' lang='grc' dir='ltr'><strong>Ὠς</strong></span> <span class='ocrx_word' id='word_1_546' title='bbox 3010 3484 3112 3555; x_wconf 75' lang='grc' dir='ltr'><strong>ἤδη</strong></span> <span class='ocrx_word' id='word_1_547' title='bbox 3164 3483 3260 3537; x_wconf 76' lang='grc' dir='ltr'><strong>καὶ</strong></span> <span class='ocrx_word' id='word_1_548' title='bbox 3292 3484 3391 3551; x_wconf 86' lang='grc' dir='ltr'><strong>τῆς</strong></span> <span class='ocrx_word' id='word_1_549' title='bbox 3418 3483 3619 3547; x_wconf 80' lang='grc' dir='ltr'><strong>οὐσίας</strong></span> 
     </span>
    </p>
   </div>
   <div class='ocr_carea' id='block_1_75' title="bbox 2035 3577 3621 3651">
    <p class='ocr_par' dir='ltr' id='par_1_75' title="bbox 2035 3577 3621 3651">
     <span class='ocr_line' id='line_1_75' title="bbox 2035 3577 3621 3651; baseline 0 -18"><span class='ocrx_word' id='word_1_550' title='bbox 2035 3579 2216 3650; x_wconf 80' lang='grc' dir='ltr'><strong>πάσης</strong></span> <span class='ocrx_word' id='word_1_551' title='bbox 2251 3579 2489 3651; x_wconf 77' lang='grc' dir='ltr'><strong>κατέστη</strong></span> <span class='ocrx_word' id='word_1_552' title='bbox 2523 3577 2711 3650; x_wconf 87' lang='grc' dir='ltr'><strong>κυρία,</strong></span> <span class='ocrx_word' id='word_1_553' title='bbox 2746 3579 2841 3631; x_wconf 70' lang='grc' dir='ltr'><strong>ἐπὶ</strong></span> <span class='ocrx_word' id='word_1_554' title='bbox 2871 3578 2972 3650; x_wconf 84' lang='grc' dir='ltr'><strong>τὴν</strong></span> <span class='ocrx_word' id='word_1_555' title='bbox 2995 3577 3294 3651; x_wconf 81' lang='grc' dir='ltr'><strong>θεραπείαν</strong></span> <span class='ocrx_word' id='word_1_556' title='bbox 3316 3579 3486 3649; x_wconf 79' lang='grc' dir='ltr'><strong>αὐτὴν</strong></span> <span class='ocrx_word' id='word_1_557' title='bbox 3507 3578 3621 3633; x_wconf 83' lang='grc' dir='ltr'><strong>τῶν</strong></span> 
     </span>
    </p>
   </div>
   <div class='ocr_carea' id='block_1_76' title="bbox 2032 3669 3621 3740">
    <p class='ocr_par' dir='ltr' id='par_1_76' title="bbox 2032 3669 3621 3740">
     <span class='ocr_line' id='line_1_76' title="bbox 2032 3669 3621 3740; baseline -0.001 -16"><span class='ocrx_word' id='word_1_558' title='bbox 2032 3670 2205 3739; x_wconf 83' lang='grc' dir='ltr'><strong>ἁγίων</strong></span> <span class='ocrx_word' id='word_1_559' title='bbox 2237 3670 2495 3725; x_wconf 77' lang='grc' dir='ltr'><strong>ἐκκενοῦν</strong></span> <span class='ocrx_word' id='word_1_560' title='bbox 2530 3670 2691 3739; x_wconf 76' lang='grc' dir='ltr'><strong>ἔγνω,</strong></span> <span class='ocrx_word' id='word_1_561' title='bbox 2742 3669 2990 3733; x_wconf 82' lang='grc' dir='ltr'><strong>διάκονός</strong></span> <span class='ocrx_word' id='word_1_562' title='bbox 3016 3687 3075 3723; x_wconf 88' lang='grc' dir='ltr'><strong>τε</strong></span> <span class='ocrx_word' id='word_1_563' title='bbox 3116 3670 3215 3740; x_wconf 83' lang='grc' dir='ltr'><strong>τῆς</strong></span> <span class='ocrx_word' id='word_1_564' title='bbox 3302 3669 3621 3739; x_wconf 83' lang='grc' dir='ltr'><strong>Εκκλησίας</strong></span> 
     </span>
    </p>
   </div>
   <div class='ocr_carea' id='block_1_77' title="bbox 2033 3756 3615 3833">
    <p class='ocr_par' dir='ltr' id='par_1_77' title="bbox 2033 3756 3615 3833">
     <span class='ocr_line' id='line_1_77' title="bbox 2033 3756 3615 3833; baseline 0.002 -21"><span class='ocrx_word' id='word_1_565' title='bbox 2033 3759 2234 3831; x_wconf 73' lang='grc' dir='ltr'><strong>ἠξίωτο</strong></span> <span class='ocrx_word' id='word_1_566' title='bbox 2286 3762 2623 3831; x_wconf 83' lang='grc' dir='ltr'><strong>καταστῆναι</strong></span> <span class='ocrx_word' id='word_1_567' title='bbox 2676 3763 2877 3833; x_wconf 79' lang='grc' dir='ltr'><strong>πάσης,</strong></span> <span class='ocrx_word' id='word_1_568' title='bbox 2908 3760 2995 3814; x_wconf 77' lang='grc' dir='ltr'><strong>διὰ</strong></span> <span class='ocrx_word' id='word_1_569' title='bbox 3026 3760 3249 3831; x_wconf 84' lang='grc' dir='ltr'><strong>πολλὴν,</strong></span> <span class='ocrx_word' id='word_1_570' title='bbox 3281 3761 3350 3831; x_wconf 75' lang='grc' dir='ltr'><strong>ἢν</strong></span> <span class='ocrx_word' id='word_1_571' title='bbox 3378 3756 3615 3831; x_wconf 77' lang='grc' dir='ltr'><strong>εἶχετῆς</strong></span> 
     </span>
    </p>
   </div>
   <div class='ocr_carea' id='block_1_78' title="bbox 2032 3851 3611 3922">
    <p class='ocr_par' dir='ltr' id='par_1_78' title="bbox 2032 3851 3611 3922">
     <span class='ocr_line' id='line_1_78' title="bbox 2032 3851 3611 3922; baseline 0.002 -18"><span class='ocrx_word' id='word_1_572' title='bbox 2032 3851 2318 3916; x_wconf 86' lang='grc' dir='ltr'><strong>εὐλαϐείας</strong></span> <span class='ocrx_word' id='word_1_573' title='bbox 2346 3852 2685 3922; x_wconf 86' lang='grc' dir='ltr'><strong>περιουσίαν,</strong></span> <span class='ocrx_word' id='word_1_574' title='bbox 2712 3854 2807 3906; x_wconf 76' lang='grc' dir='ltr'><strong>καὶ</strong></span> <span class='ocrx_word' id='word_1_575' title='bbox 2840 3852 2900 3906; x_wconf 74' lang='grc' dir='ltr'><strong>τὸ</strong></span> <span class='ocrx_word' id='word_1_576' title='bbox 2921 3852 3021 3922; x_wconf 78' lang='grc' dir='ltr'><strong>τῆς</strong></span> <span class='ocrx_word' id='word_1_577' title='bbox 3046 3853 3357 3922; x_wconf 79' lang='grc' dir='ltr'><strong>φιλοξενίας</strong></span> <span class='ocrx_word' id='word_1_578' title='bbox 3399 3857 3611 3922; x_wconf 71' lang='grc' dir='ltr'><strong>ἐπιφα-</strong></span> 
     </span>
    </p>
   </div>
   <div class='ocr_carea' id='block_1_79' title="bbox 2032 3929 3618 4016">
    <p class='ocr_par' dir='ltr' id='par_1_79' title="bbox 2032 3929 3618 4016">
     <span class='ocr_line' id='line_1_79' title="bbox 2032 3929 3618 4016; baseline 0.003 -21"><span class='ocrx_word' id='word_1_579' title='bbox 2032 3942 2311 3999; x_wconf 84' lang='grc' dir='ltr'><strong>νέστατον.</strong></span> <span class='ocrx_word' id='word_1_580' title='bbox 2339 3929 2459 3997; x_wconf 69' lang='grc' dir='ltr'><strong>Ἶιν</strong></span> <span class='ocrx_word' id='word_1_581' title='bbox 2475 3943 2586 4015; x_wconf 81' lang='grc' dir='ltr'><strong>γὰρ</strong></span> <span class='ocrx_word' id='word_1_582' title='bbox 2612 3943 2706 3998; x_wconf 79' lang='grc' dir='ltr'><strong>καὶ</strong></span> <span class='ocrx_word' id='word_1_583' title='bbox 2757 3942 2992 4015; x_wconf 83' lang='grc' dir='ltr'><strong>μάλιστα</strong></span> <span class='ocrx_word' id='word_1_584' title='bbox 3016 3945 3142 4008; x_wconf 80' lang='grc' dir='ltr'><strong>τοὺς</strong></span> <span class='ocrx_word' id='word_1_585' title='bbox 3168 3946 3370 4016; x_wconf 77' lang='grc' dir='ltr'><strong>ἀρετὴν</strong></span> <span class='ocrx_word' id='word_1_586' title='bbox 3400 3946 3618 4016; x_wconf 65' lang='grc' dir='ltr'><strong>μετιόν-</strong></span> 
     </span>
    </p>
   </div>
   <div class='ocr_carea' id='block_1_80' title="bbox 2030 4035 3616 4109">
    <p class='ocr_par' dir='ltr' id='par_1_80' title="bbox 2030 4035 3616 4109">
     <span class='ocr_line' id='line_1_80' title="bbox 2030 4035 3616 4109; baseline 0 -20"><span class='ocrx_word' id='word_1_587' title='bbox 2030 4053 2129 4099; x_wconf 87' lang='grc' dir='ltr'><strong>τας</strong></span> <span class='ocrx_word' id='word_1_588' title='bbox 2187 4035 2466 4102; x_wconf 79' lang='grc' dir='ltr'><strong>ξενίζουσα</strong></span> <span class='ocrx_word' id='word_1_589' title='bbox 2522 4037 2844 4107; x_wconf 73' lang='grc' dir='ltr'><strong>φιλοτίμως,</strong></span> <span class='ocrx_word' id='word_1_590' title='bbox 2905 4037 2999 4092; x_wconf 70' lang='grc' dir='ltr'><strong>ιιαὶ</strong></span> <span class='ocrx_word' id='word_1_591' title='bbox 3049 4038 3367 4109; x_wconf 79' lang='grc' dir='ltr'><strong>θεραπείαν,</strong></span> <span class='ocrx_word' id='word_1_592' title='bbox 3429 4038 3484 4090; x_wconf 72' lang='grc' dir='ltr'><strong>εἴ</strong></span> <span class='ocrx_word' id='word_1_593' title='bbox 3527 4038 3616 4100; x_wconf 81' lang='grc' dir='ltr'><strong>τίς</strong></span> 
     </span>
    </p>
   </div>
   <div class='ocr_carea' id='block_1_81' title="bbox 2031 4127 3616 4201">
    <p class='ocr_par' dir='ltr' id='par_1_81' title="bbox 2031 4127 3616 4201">
     <span class='ocr_line' id='line_1_81' title="bbox 2031 4127 3616 4201; baseline 0.001 -21"><span class='ocrx_word' id='word_1_594' title='bbox 2031 4127 2169 4193; x_wconf 77' lang='grc' dir='ltr'><strong>ἑστι,</strong></span> <span class='ocrx_word' id='word_1_595' title='bbox 2196 4128 2569 4199; x_wconf 84' lang='grc' dir='ltr'><strong>προσάγουσα,</strong></span> <span class='ocrx_word' id='word_1_596' title='bbox 2597 4131 2630 4199; x_wconf 79' lang='grc' dir='ltr'>ἦ</span> <span class='ocrx_word' id='word_1_597' title='bbox 2657 4129 2750 4182; x_wconf 80' lang='grc' dir='ltr'><strong>καὶ</strong></span> <span class='ocrx_word' id='word_1_598' title='bbox 2774 4128 3020 4201; x_wconf 79' lang='grc' dir='ltr'><strong>Θεοφίλῳ</strong></span> <span class='ocrx_word' id='word_1_599' title='bbox 3050 4130 3310 4193; x_wconf 76' lang='grc' dir='ltr'><strong>πολλάκις</strong></span> <span class='ocrx_word' id='word_1_600' title='bbox 3325 4130 3384 4183; x_wconf 79' lang='grc' dir='ltr'><strong>τὸ</strong></span> <span class='ocrx_word' id='word_1_601' title='bbox 3411 4128 3616 4201; x_wconf 79' lang='grc' dir='ltr'><strong>ἑαυτῆς</strong></span> 
     </span>
    </p>
   </div>
   <div class='ocr_carea' id='block_1_82' title="bbox 2033 4221 3615 4294">
    <p class='ocr_par' dir='ltr' id='par_1_82' title="bbox 2033 4221 3615 4294">
     <span class='ocr_line' id='line_1_82' title="bbox 2033 4221 3615 4294; baseline 0.001 -19"><span class='ocrx_word' id='word_1_602' title='bbox 2033 4221 2409 4293; x_wconf 79' lang='grc' dir='ltr'><strong>μεγαλόψυχον</strong></span> <span class='ocrx_word' id='word_1_603' title='bbox 2431 4222 2763 4288; x_wconf 77' lang='grc' dir='ltr'><strong>ἐπεδείξατο·</strong></span> <span class='ocrx_word' id='word_1_604' title='bbox 2792 4224 2895 4276; x_wconf 75' lang='grc' dir='ltr'><strong>κᾶν</strong></span> <span class='ocrx_word' id='word_1_605' title='bbox 2930 4224 3029 4294; x_wconf 77' lang='grc' dir='ltr'><strong>τῆς</strong></span> <span class='ocrx_word' id='word_1_606' title='bbox 3049 4224 3260 4277; x_wconf 79' lang='grc' dir='ltr'><strong>ἐκείνου</strong></span> <span class='ocrx_word' id='word_1_607' title='bbox 3286 4222 3534 4292; x_wconf 79' lang='grc' dir='ltr'><strong>γλώττης</strong></span> <span class='ocrx_word' id='word_1_608' title='bbox 3548 4225 3615 4277; x_wconf 75' lang='grc' dir='ltr'><strong>τὸ</strong></span> 
     </span>
    </p>
   </div>
   <div class='ocr_carea' id='block_1_83' title="bbox 2030 4315 3611 4389">
    <p class='ocr_par' dir='ltr' id='par_1_83' title="bbox 2030 4315 3611 4389">
     <span class='ocr_line' id='line_1_83' title="bbox 2030 4315 3611 4389; baseline 0.001 -21"><span class='ocrx_word' id='word_1_609' title='bbox 2030 4315 2387 4388; x_wconf 83' lang='grc' dir='ltr'><strong>φιλολοίδορον</strong></span> <span class='ocrx_word' id='word_1_610' title='bbox 2428 4316 2551 4369; x_wconf 79' lang='grc' dir='ltr'><strong>οὐδὲ</strong></span> <span class='ocrx_word' id='word_1_611' title='bbox 2617 4317 2757 4386; x_wconf 72' lang='grc' dir='ltr'><strong>αὕτη</strong></span> <span class='ocrx_word' id='word_1_612' title='bbox 2802 4316 3032 4387; x_wconf 73' lang='grc' dir='ltr'><strong>ἔσχατον</strong></span> <span class='ocrx_word' id='word_1_613' title='bbox 3080 4317 3321 4389; x_wconf 74' lang='grc' dir='ltr'><strong>ἠδυνήθη</strong></span> <span class='ocrx_word' id='word_1_614' title='bbox 3375 4320 3611 4387; x_wconf 75' lang='grc' dir='ltr'><strong>φυγεῖν,</strong></span> 
     </span>
    </p>
   </div>
   <div class='ocr_carea' id='block_1_84' title="bbox 1992 4407 3615 4483">
    <p class='ocr_par' dir='ltr' id='par_1_84' title="bbox 1992 4407 3615 4483">
     <span class='ocr_line' id='line_1_84' title="bbox 1992 4407 3615 4483; baseline 0.002 -22"><span class='ocrx_word' id='word_1_615' title='bbox 1992 4408 2302 4483; x_wconf 58' lang='grc' dir='ltr'><strong>,πρόφασιν</strong></span> <span class='ocrx_word' id='word_1_616' title='bbox 2325 4407 2510 4473; x_wconf 83' lang='grc' dir='ltr'><strong>δοῦσα,</strong></span> <span class='ocrx_word' id='word_1_617' title='bbox 2537 4408 2597 4461; x_wconf 78' lang='grc' dir='ltr'><strong>τὸ</strong></span> <span class='ocrx_word' id='word_1_618' title='bbox 2626 4411 2753 4470; x_wconf 79' lang='grc' dir='ltr'><strong>τοὺς</strong></span> <span class='ocrx_word' id='word_1_619' title='bbox 2773 4410 2865 4463; x_wconf 80' lang='grc' dir='ltr'><strong>ὑπ’</strong></span> <span class='ocrx_word' id='word_1_620' title='bbox 2895 4411 3062 4463; x_wconf 82' lang='grc' dir='ltr'><strong>αὐτοῦ</strong></span> <span class='ocrx_word' id='word_1_621' title='bbox 3093 4409 3449 4480; x_wconf 77' lang='grc' dir='ltr'><strong>διωχθέντας,</strong></span> <span class='ocrx_word' id='word_1_622' title='bbox 3483 4412 3615 4475; x_wconf 74' lang='grc' dir='ltr'><strong>τοὺς</strong></span> 
     </span>
    </p>
   </div>
   <div class='ocr_carea' id='block_1_85' title="bbox 2029 4500 3609 4574">
    <p class='ocr_par' dir='ltr' id='par_1_85' title="bbox 2029 4500 3609 4574">
     <span class='ocr_line' id='line_1_85' title="bbox 2029 4500 3609 4574; baseline 0.003 -20"><span class='ocrx_word' id='word_1_623' title='bbox 2029 4501 2156 4573; x_wconf 76' lang='grc' dir='ltr'><strong>περὶ</strong></span> <span class='ocrx_word' id='word_1_624' title='bbox 2202 4500 2513 4573; x_wconf 81' lang='grc' dir='ltr'><strong>Ἀμμώνιόν</strong></span> <span class='ocrx_word' id='word_1_625' title='bbox 2551 4519 2692 4573; x_wconf 83' lang='grc' dir='ltr'><strong>φημι</strong></span> <span class='ocrx_word' id='word_1_626' title='bbox 2727 4502 2823 4556; x_wconf 82' lang='grc' dir='ltr'><strong>καὶ</strong></span> <span class='ocrx_word' id='word_1_627' title='bbox 2869 4501 3161 4574; x_wconf 81' lang='grc' dir='ltr'><strong>Ἰσίδωρον,</strong></span> <span class='ocrx_word' id='word_1_628' title='bbox 3194 4503 3395 4572; x_wconf 82' lang='grc' dir='ltr'><strong>ἄνδρας</strong></span> <span class='ocrx_word' id='word_1_629' title='bbox 3421 4502 3609 4574; x_wconf 68' lang='grc' dir='ltr'><strong>θεοφι-</strong></span> 
     </span>
    </p>
   </div>
   <div class='ocr_carea' id='block_1_86' title="bbox 2029 4592 3609 4668">
    <p class='ocr_par' dir='ltr' id='par_1_86' title="bbox 2029 4592 3609 4668">
     <span class='ocr_line' id='line_1_86' title="bbox 2029 4592 3609 4668; baseline 0.003 -23"><span class='ocrx_word' id='word_1_630' title='bbox 2029 4593 2142 4658; x_wconf 83' lang='grc' dir='ltr'><strong>λεῖς</strong></span> <span class='ocrx_word' id='word_1_631' title='bbox 2204 4594 2583 4661; x_wconf 83' lang='grc' dir='ltr'><strong>ὐποδέξασθαι.</strong></span> <span class='ocrx_word' id='word_1_632' title='bbox 2637 4593 2861 4648; x_wconf 84' lang='grc' dir='ltr'><strong>Πάντων</strong></span> <span class='ocrx_word' id='word_1_633' title='bbox 2922 4595 3020 4666; x_wconf 84' lang='grc' dir='ltr'><strong>μὲν</strong></span> <span class='ocrx_word' id='word_1_634' title='bbox 3047 4592 3163 4660; x_wconf 77' lang='grc' dir='ltr'><strong>οὖν,</strong></span> <span class='ocrx_word' id='word_1_635' title='bbox 3209 4595 3399 4668; x_wconf 83' lang='grc' dir='ltr'><strong>ὥσπερ</strong></span> <span class='ocrx_word' id='word_1_636' title='bbox 3446 4597 3609 4668; x_wconf 74' lang='grc' dir='ltr'><strong>ἔφην,</strong></span> 
     </span>
    </p>
   </div>
   <div class='ocr_carea' id='block_1_87' title="bbox 348 4683 1932 4782">
    <p class='ocr_par' dir='ltr' id='par_1_87' title="bbox 348 4683 1924 4763">
     <span class='ocr_line' id='line_1_87' title="bbox 348 4683 1924 4763; baseline 0.008 -25"><span class='ocrx_word' id='word_1_637' title='bbox 348 4683 646 4748; x_wconf 79' lang='lat' dir='ltr'><strong>licentiam,</strong></span> <span class='ocrx_word' id='word_1_638' title='bbox 674 4687 887 4742; x_wconf 85' lang='lat' dir='ltr'><strong>etiamsi</strong></span> <span class='ocrx_word' id='word_1_639' title='bbox 924 4690 1042 4760; x_wconf 87' lang='lat' dir='ltr'><strong>ejus</strong></span> <span class='ocrx_word' id='word_1_640' title='bbox 1070 4690 1266 4762; x_wconf 77' lang='lat' dir='ltr'><strong>lingua:</strong></span> <span class='ocrx_word' id='word_1_641' title='bbox 1295 4692 1690 4763; x_wconf 84' lang='lat' dir='ltr'><strong>impudentiam</strong></span> <span class='ocrx_word' id='word_1_642' title='bbox 1715 4704 1771 4751; x_wconf 93' lang='lat' dir='ltr'><strong>et</strong></span> <span class='ocrx_word' id='word_1_643' title='bbox 1807 4712 1924 4750; x_wconf 52' lang='lat' dir='ltr'><strong>ma-</strong></span> 
     </span>
    </p>
   </div>
   <div class='ocr_carea' id='block_1_88' title="bbox 2036 4683 3615 4782">
    <p class='ocr_par' dir='ltr' id='par_1_88' title="bbox 2036 4685 3615 4761">
     <span class='ocr_line' id='line_1_88' title="bbox 2036 4685 3615 4761; baseline 0.002 -21"><span class='ocrx_word' id='word_1_644' title='bbox 2036 4685 2138 4740; x_wconf 80' lang='grc' dir='ltr'><strong>τῶν</strong></span> <span class='ocrx_word' id='word_1_645' title='bbox 2193 4687 2498 4758; x_wconf 81' lang='grc' dir='ltr'><strong>φιλαρέτων</strong></span> <span class='ocrx_word' id='word_1_646' title='bbox 2528 4686 2740 4758; x_wconf 83' lang='grc' dir='ltr'><strong>ἀνδρῶν</strong></span> <span class='ocrx_word' id='word_1_647' title='bbox 2795 4687 3013 4759; x_wconf 85' lang='grc' dir='ltr'><strong>θερμῶς</strong></span> <span class='ocrx_word' id='word_1_648' title='bbox 3043 4689 3286 4759; x_wconf 75' lang='grc' dir='ltr'><strong>ὲκήδετο,</strong></span> <span class='ocrx_word' id='word_1_649' title='bbox 3340 4690 3437 4743; x_wconf 76' lang='grc' dir='ltr'><strong>καὶ</strong></span> <span class='ocrx_word' id='word_1_650' title='bbox 3474 4707 3615 4761; x_wconf 85' lang='grc' dir='ltr'><strong>προ-</strong></span> 
     </span>
    </p>
   </div>
   <div class='ocr_carea' id='block_1_89' title="bbox 346 4774 1921 4857">
    <p class='ocr_par' dir='ltr' id='par_1_89' title="bbox 346 4774 1921 4857">
     <span class='ocr_line' id='line_1_89' title="bbox 346 4774 1921 4857; baseline 0.007 -28"><span class='ocrx_word' id='word_1_651' title='bbox 346 4774 692 4831; x_wconf 86' lang='lat' dir='ltr'><strong>ledicentiam</strong></span> <span class='ocrx_word' id='word_1_652' title='bbox 724 4793 793 4833; x_wconf 90' lang='lat' dir='ltr'><strong>ne</strong></span> <span class='ocrx_word' id='word_1_653' title='bbox 821 4778 936 4848; x_wconf 87' lang='lat' dir='ltr'><strong>ipsa</strong></span> <span class='ocrx_word' id='word_1_654' title='bbox 960 4781 1179 4850; x_wconf 91' lang='lat' dir='ltr'><strong>quidem</strong></span> <span class='ocrx_word' id='word_1_655' title='bbox 1211 4784 1433 4837; x_wconf 91' lang='lat' dir='ltr'><strong>omnino</strong></span> <span class='ocrx_word' id='word_1_656' title='bbox 1455 4784 1629 4853; x_wconf 89' lang='lat' dir='ltr'><strong>potuit</strong></span> <span class='ocrx_word' id='word_1_657' title='bbox 1660 4784 1921 4857; x_wconf 73' lang='lat' dir='ltr'><strong>effugere,</strong></span> 
     </span>
    </p>
   </div>
   <div class='ocr_carea' id='block_1_90' title="bbox 343 4858 1921 4947">
    <p class='ocr_par' dir='ltr' id='par_1_90' title="bbox 343 4858 1921 4947">
     <span class='ocr_line' id='line_1_90' title="bbox 343 4858 1921 4947; baseline 0.008 -25"><span class='ocrx_word' id='word_1_658' title='bbox 343 4868 471 4923; x_wconf 90' lang='lat' dir='ltr'><strong>data</strong></span> <span class='ocrx_word' id='word_1_659' title='bbox 501 4868 549 4923; x_wconf 91' lang='lat' dir='ltr'><strong>ei</strong></span> <span class='ocrx_word' id='word_1_660' title='bbox 580 4858 892 4932; x_wconf 87' lang='lat' dir='ltr'><strong>occasione.</strong></span> <span class='ocrx_word' id='word_1_661' title='bbox 913 4873 1060 4942; x_wconf 86' lang='lat' dir='ltr'><strong>quod</strong></span> <span class='ocrx_word' id='word_1_662' title='bbox 1092 4890 1231 4942; x_wconf 90' lang='lat' dir='ltr'><strong>quos</strong></span> <span class='ocrx_word' id='word_1_663' title='bbox 1260 4874 1351 4929; x_wconf 89' lang='lat' dir='ltr'><strong>ille</strong></span> <span class='ocrx_word' id='word_1_664' title='bbox 1379 4874 1558 4930; x_wconf 80' lang='lat' dir='ltr'><strong>fuerat</strong></span> <span class='ocrx_word' id='word_1_665' title='bbox 1582 4887 1921 4947; x_wconf 88' lang='lat' dir='ltr'><strong>persecutus,</strong></span> 
     </span>
    </p>
   </div>
   <div class='ocr_carea' id='block_1_91' title="bbox 342 4958 1918 5036">
    <p class='ocr_par' dir='ltr' id='par_1_91' title="bbox 342 4958 1918 5036">
     <span class='ocr_line' id='line_1_91' title="bbox 342 4958 1918 5036; baseline 0.008 -25"><span class='ocrx_word' id='word_1_666' title='bbox 342 4958 693 5013; x_wconf 81' lang='lat' dir='ltr'><strong>Ammonium</strong></span> <span class='ocrx_word' id='word_1_667' title='bbox 729 4961 940 5016; x_wconf 90' lang='lat' dir='ltr'><strong>scilicet</strong></span> <span class='ocrx_word' id='word_1_668' title='bbox 968 4962 1342 5031; x_wconf 54' lang='lat' dir='ltr'><strong>et&#39;lsidorum,</strong></span> <span class='ocrx_word' id='word_1_669' title='bbox 1379 4965 1525 5019; x_wconf 90' lang='lat' dir='ltr'><strong>viros</strong></span> <span class='ocrx_word' id='word_1_670' title='bbox 1560 4965 1673 5020; x_wconf 92' lang='lat' dir='ltr'><strong>Deo</strong></span> <span class='ocrx_word' id='word_1_671' title='bbox 1702 4966 1918 5036; x_wconf 89' lang='lat' dir='ltr'><strong>charos,</strong></span> 
     </span>
    </p>
   </div>
   <div class='ocr_carea' id='block_1_92' title="bbox 342 5051 1917 5128">
    <p class='ocr_par' dir='ltr' id='par_1_92' title="bbox 342 5051 1917 5128">
     <span class='ocr_line' id='line_1_92' title="bbox 342 5051 1917 5128; baseline 0.008 -23"><span class='ocrx_word' id='word_1_672' title='bbox 342 5051 619 5121; x_wconf 80' lang='lat' dir='ltr'><strong>exceperit</strong></span> <span class='ocrx_word' id='word_1_673' title='bbox 641 5054 774 5124; x_wconf 76' lang='grc'><strong>(45).</strong></span> <span class='ocrx_word' id='word_1_674' title='bbox 808 5054 987 5124; x_wconf 83' lang='lat' dir='ltr'><strong>Atque</strong></span> <span class='ocrx_word' id='word_1_675' title='bbox 1026 5055 1271 5110; x_wconf 86' lang='lat' dir='ltr'><strong>omnium</strong></span> <span class='ocrx_word' id='word_1_676' title='bbox 1321 5056 1560 5125; x_wconf 91' lang='lat' dir='ltr'><strong>quidem,</strong></span> <span class='ocrx_word' id='word_1_677' title='bbox 1601 5056 1745 5114; x_wconf 89' lang='lat' dir='ltr'><strong>sicut</strong></span> <span class='ocrx_word' id='word_1_678' title='bbox 1784 5061 1917 5128; x_wconf 85' lang='lat' dir='ltr'><strong>dixi,</strong></span> 
     </span>
    </p>
   </div>
   <div class='ocr_carea' id='block_1_93' title="bbox 343 5140 1917 5224">
    <p class='ocr_par' dir='ltr' id='par_1_93' title="bbox 343 5140 1917 5224">
     <span class='ocr_line' id='line_1_93' title="bbox 343 5140 1917 5224; baseline 0.008 -29"><span class='ocrx_word' id='word_1_679' title='bbox 343 5140 585 5196; x_wconf 90' lang='lat' dir='ltr'><strong>virorum</strong></span> <span class='ocrx_word' id='word_1_680' title='bbox 619 5142 836 5198; x_wconf 85' lang='lat' dir='ltr'><strong>virtutis</strong></span> <span class='ocrx_word' id='word_1_681' title='bbox 860 5146 1159 5200; x_wconf 90' lang='lat' dir='ltr'><strong>amantium</strong></span> <span class='ocrx_word' id='word_1_682' title='bbox 1187 5161 1437 5218; x_wconf 87' lang='lat' dir='ltr'><strong>magnam</strong></span> <span class='ocrx_word' id='word_1_683' title='bbox 1464 5163 1648 5203; x_wconf 90' lang='lat' dir='ltr'><strong>curam</strong></span> <span class='ocrx_word' id='word_1_684' title='bbox 1672 5152 1917 5224; x_wconf 89' lang='lat' dir='ltr'><strong>gerebat,</strong></span> 
     </span>
    </p>
   </div>
   <div class='ocr_carea' id='block_1_94' title="bbox 342 5232 1918 5305">
    <p class='ocr_par' dir='ltr' id='par_1_94' title="bbox 342 5232 1918 5305">
     <span class='ocr_line' id='line_1_94' title="bbox 342 5232 1918 5305; baseline 0.008 -18"><span class='ocrx_word' id='word_1_685' title='bbox 342 5242 398 5287; x_wconf 89' lang='lat' dir='ltr'><strong>et</strong></span> <span class='ocrx_word' id='word_1_686' title='bbox 431 5233 512 5288; x_wconf 90' lang='lat' dir='ltr'><strong>eis</strong></span> <span class='ocrx_word' id='word_1_687' title='bbox 541 5232 797 5288; x_wconf 90' lang='lat' dir='ltr'><strong>omnibus</strong></span> <span class='ocrx_word' id='word_1_688' title='bbox 831 5236 1004 5291; x_wconf 86' lang='lat' dir='ltr'><strong>modis</strong></span> <span class='ocrx_word' id='word_1_689' title='bbox 1029 5236 1390 5305; x_wconf 84' lang='lat' dir='ltr'><strong>providebat:</strong></span> <span class='ocrx_word' id='word_1_690' title='bbox 1428 5238 1557 5295; x_wconf 83' lang='lat' dir='ltr'><strong>huic</strong></span> <span class='ocrx_word' id='word_1_691' title='bbox 1587 5250 1769 5297; x_wconf 87' lang='lat' dir='ltr'><strong>autem</strong></span> <span class='ocrx_word' id='word_1_692' title='bbox 1804 5244 1918 5300; x_wconf 87' lang='lat' dir='ltr'><strong>viro</strong></span> 
     </span>
    </p>
   </div>
   <div class='ocr_carea' id='block_1_95' title="bbox 340 5324 1914 5402">
    <p class='ocr_par' dir='ltr' id='par_1_95' title="bbox 340 5324 1914 5402">
     <span class='ocr_line' id='line_1_95' title="bbox 340 5324 1914 5402; baseline 0.008 -23"><span class='ocrx_word' id='word_1_693' title='bbox 340 5324 501 5380; x_wconf 89' lang='lat' dir='ltr'><strong>beato</strong></span> <span class='ocrx_word' id='word_1_694' title='bbox 533 5326 634 5381; x_wconf 76' lang='lat' dir='ltr'><strong>fuit</strong></span> <span class='ocrx_word' id='word_1_695' title='bbox 654 5328 815 5381; x_wconf 88' lang='lat' dir='ltr'><strong>etiam</strong></span> <span class='ocrx_word' id='word_1_696' title='bbox 850 5327 1152 5395; x_wconf 80' lang='lat' dir='ltr'><strong>familiaris,</strong></span> <span class='ocrx_word' id='word_1_697' title='bbox 1189 5330 1460 5401; x_wconf 81' lang='lat' dir='ltr'><strong>quomodo</strong></span> <span class='ocrx_word' id='word_1_698' title='bbox 1490 5331 1692 5388; x_wconf 88' lang='lat' dir='ltr'><strong>Thecla</strong></span> <span class='ocrx_word' id='word_1_699' title='bbox 1726 5334 1914 5402; x_wconf 81' lang='lat' dir='ltr'><strong>Paulo,</strong></span> 
     </span>
    </p>
   </div>
   <div class='ocr_carea' id='block_1_96' title="bbox 276 5418 1918 5493">
    <p class='ocr_par' dir='ltr' id='par_1_96' title="bbox 276 5418 1918 5493">
     <span class='ocr_line' id='line_1_96' title="bbox 276 5418 1918 5493; baseline 0.007 -20"><span class='ocrx_word' id='word_1_700' title='bbox 276 5453 285 5461; x_wconf 85' lang='lat'><strong><em>-</em></strong></span> <span class='ocrx_word' id='word_1_701' title='bbox 341 5418 412 5474; x_wconf 89' lang='lat' dir='ltr'><strong>ab</strong></span> <span class='ocrx_word' id='word_1_702' title='bbox 450 5418 570 5487; x_wconf 90' lang='lat' dir='ltr'><strong>ejus</strong></span> <span class='ocrx_word' id='word_1_703' title='bbox 601 5419 783 5489; x_wconf 90' lang='lat' dir='ltr'><strong>lingua</strong></span> <span class='ocrx_word' id='word_1_704' title='bbox 818 5420 932 5475; x_wconf 78' lang='lat' dir='ltr'><strong>tota</strong></span> <span class='ocrx_word' id='word_1_705' title='bbox 962 5420 1071 5475; x_wconf 90' lang='lat' dir='ltr'><strong>vita</strong></span> <span class='ocrx_word' id='word_1_706' title='bbox 1109 5421 1446 5493; x_wconf 88' lang='lat' dir='ltr'><strong>dependens.</strong></span> <span class='ocrx_word' id='word_1_707' title='bbox 1485 5423 1752 5491; x_wconf 85' lang='lat' dir='ltr'><strong>Quoniam</strong></span> <span class='ocrx_word' id='word_1_708' title='bbox 1788 5443 1918 5484; x_wconf 89' lang='lat' dir='ltr'><strong>vero</strong></span> 
     </span>
    </p>
   </div>
   <div class='ocr_carea' id='block_1_97' title="bbox 339 5512 1918 5587">
    <p class='ocr_par' dir='ltr' id='par_1_97' title="bbox 339 5512 1918 5587">
     <span class='ocr_line' id='line_1_97' title="bbox 339 5512 1918 5587; baseline 0.006 -20"><span class='ocrx_word' id='word_1_709' title='bbox 339 5526 463 5567; x_wconf 92' lang='lat' dir='ltr'><strong>cum</strong></span> <span class='ocrx_word' id='word_1_710' title='bbox 492 5525 554 5565; x_wconf 88' lang='lat' dir='ltr'><strong>ea</strong></span> <span class='ocrx_word' id='word_1_711' title='bbox 585 5512 703 5567; x_wconf 71' lang='lat' dir='ltr'><strong>alia:</strong></span> <span class='ocrx_word' id='word_1_712' title='bbox 731 5527 948 5582; x_wconf 88' lang='lat' dir='ltr'><strong>quoque</strong></span> <span class='ocrx_word' id='word_1_713' title='bbox 979 5522 1138 5569; x_wconf 89' lang='lat' dir='ltr'><strong>erant</strong></span> <span class='ocrx_word' id='word_1_714' title='bbox 1181 5515 1519 5587; x_wconf 84' lang='lat' dir='ltr'><strong>diaconissae,</strong></span> <span class='ocrx_word' id='word_1_715' title='bbox 1554 5517 1805 5587; x_wconf 87' lang='lat' dir='ltr'><strong>Procula,</strong></span> <span class='ocrx_word' id='word_1_716' title='bbox 1860 5532 1918 5577; x_wconf 91' lang='lat' dir='ltr'><strong>et</strong></span> 
     </span>
    </p>
   </div>
   <div class='ocr_carea' id='block_1_98' title="bbox 341 5601 1920 5682">
    <p class='ocr_par' dir='ltr' id='par_1_98' title="bbox 341 5601 1920 5682">
     <span class='ocr_line' id='line_1_98' title="bbox 341 5601 1920 5682; baseline 0.007 -23"><span class='ocrx_word' id='word_1_717' title='bbox 341 5601 632 5673; x_wconf 87' lang='lat' dir='ltr'><strong>Pentadia,</strong></span> <span class='ocrx_word' id='word_1_718' title='bbox 660 5613 716 5661; x_wconf 90' lang='lat' dir='ltr'><strong>et</strong></span> <span class='ocrx_word' id='word_1_719' title='bbox 750 5604 984 5679; x_wconf 89' lang='lat' dir='ltr'><strong>Sylvana</strong></span> <span class='ocrx_word' id='word_1_720' title='bbox 1023 5607 1156 5682; x_wconf 66' lang='grc'><strong>(44),</strong></span> <span class='ocrx_word' id='word_1_721' title='bbox 1193 5625 1313 5680; x_wconf 75' lang='lat' dir='ltr'><strong>quae</strong></span> <span class='ocrx_word' id='word_1_722' title='bbox 1341 5609 1542 5666; x_wconf 89' lang='lat' dir='ltr'><strong>bonam</strong></span> <span class='ocrx_word' id='word_1_723' title='bbox 1571 5621 1782 5682; x_wconf 85' lang='lat' dir='ltr'><strong>partem</strong></span> <span class='ocrx_word' id='word_1_724' title='bbox 1805 5612 1920 5670; x_wconf 83' lang='lat' dir='ltr'><strong>ele-</strong></span> 
     </span>
    </p>
   </div>
   <div class='ocr_carea' id='block_1_99' title="bbox 2026 4778 3612 4855">
    <p class='ocr_par' dir='ltr' id='par_1_99' title="bbox 2026 4778 3612 4855">
     <span class='ocr_line' id='line_1_99' title="bbox 2026 4778 3612 4855; baseline 0.002 -21"><span class='ocrx_word' id='word_1_725' title='bbox 2026 4779 2175 4844; x_wconf 86' lang='grc' dir='ltr'><strong>νοίας</strong></span> <span class='ocrx_word' id='word_1_726' title='bbox 2234 4781 2432 4845; x_wconf 76' lang='grc' dir='ltr'><strong>αὐτοὺς</strong></span> <span class='ocrx_word' id='word_1_727' title='bbox 2471 4781 2652 4851; x_wconf 69' lang='grc' dir='ltr'><strong>πάσης</strong></span> <span class='ocrx_word' id='word_1_728' title='bbox 2701 4778 2855 4850; x_wconf 72' lang='grc' dir='ltr'><strong>ἠξίου</strong></span> <span class='ocrx_word' id='word_1_729' title='bbox 2885 4797 2899 4813; x_wconf 90' lang='grc'><strong>·</strong></span> <span class='ocrx_word' id='word_1_730' title='bbox 2934 4781 3013 4852; x_wconf 83' lang='grc' dir='ltr'><strong>τῷ</strong></span> <span class='ocrx_word' id='word_1_731' title='bbox 3051 4782 3107 4835; x_wconf 77' lang='grc' dir='ltr'><strong>δὲ</strong></span> <span class='ocrx_word' id='word_1_732' title='bbox 3144 4783 3403 4853; x_wconf 85' lang='grc' dir='ltr'><strong>μακαρίῳ</strong></span> <span class='ocrx_word' id='word_1_733' title='bbox 3431 4781 3612 4855; x_wconf 77' lang='grc' dir='ltr'><strong>τούτῳ</strong></span> 
     </span>
    </p>
   </div>
   <div class='ocr_carea' id='block_1_100' title="bbox 2025 4871 3608 4947">
    <p class='ocr_par' dir='ltr' id='par_1_100' title="bbox 2025 4871 3608 4947">
     <span class='ocr_line' id='line_1_100' title="bbox 2025 4871 3608 4947; baseline -0.001 -21"><span class='ocrx_word' id='word_1_734' title='bbox 2025 4872 2119 4926; x_wconf 71' lang='grc' dir='ltr'><strong>καὶ</strong></span> <span class='ocrx_word' id='word_1_735' title='bbox 2175 4871 2413 4944; x_wconf 78' lang='grc' dir='ltr'><strong>συνήθης</strong></span> <span class='ocrx_word' id='word_1_736' title='bbox 2467 4873 2709 4940; x_wconf 79' lang='grc' dir='ltr'><strong>ἐγένετο,</strong></span> <span class='ocrx_word' id='word_1_737' title='bbox 2762 4872 3011 4943; x_wconf 81' lang='grc' dir='ltr'><strong>καθάπερ</strong></span> <span class='ocrx_word' id='word_1_738' title='bbox 3064 4873 3243 4929; x_wconf 83' lang='grc' dir='ltr'><strong>Θέκλα</strong></span> <span class='ocrx_word' id='word_1_739' title='bbox 3270 4873 3349 4942; x_wconf 81' lang='grc' dir='ltr'><strong>τῷ</strong></span> <span class='ocrx_word' id='word_1_740' title='bbox 3384 4874 3608 4947; x_wconf 70' lang='grc' dir='ltr'><strong>Παύλῳ,</strong></span> 
     </span>
    </p>
   </div>
   <div class='ocr_carea' id='block_1_101' title="bbox 2025 4964 3610 5039">
    <p class='ocr_par' dir='ltr' id='par_1_101' title="bbox 2025 4964 3610 5039">
     <span class='ocr_line' id='line_1_101' title="bbox 2025 4964 3610 5039; baseline 0.003 -22"><span class='ocrx_word' id='word_1_741' title='bbox 2025 4964 2126 5034; x_wconf 78' lang='grc' dir='ltr'><strong>τῆς</strong></span> <span class='ocrx_word' id='word_1_742' title='bbox 2163 4964 2328 5018; x_wconf 76' lang='grc' dir='ltr'><strong>αὐτοῦ</strong></span> <span class='ocrx_word' id='word_1_743' title='bbox 2379 4964 2625 5037; x_wconf 83' lang='grc' dir='ltr'><strong>γλώττης</strong></span> <span class='ocrx_word' id='word_1_744' title='bbox 2671 4965 2776 5036; x_wconf 80' lang='grc' dir='ltr'><strong>ὅλῳ</strong></span> <span class='ocrx_word' id='word_1_745' title='bbox 2822 4964 2922 5037; x_wconf 81' lang='grc' dir='ltr'><strong>βίῳ</strong></span> <span class='ocrx_word' id='word_1_746' title='bbox 2982 4967 3184 5037; x_wconf 81' lang='grc' dir='ltr'><strong>ὲαυτῆν</strong></span> <span class='ocrx_word' id='word_1_747' title='bbox 3229 4967 3610 5039; x_wconf 73' lang='grc' dir='ltr'><strong>ὲξαρτήσασα.</strong></span> 
     </span>
    </p>
   </div>
   <div class='ocr_carea' id='block_1_102' title="bbox 2037 5056 3610 5133">
    <p class='ocr_par' dir='ltr' id='par_1_102' title="bbox 2037 5056 3610 5133">
     <span class='ocr_line' id='line_1_102' title="bbox 2037 5056 3610 5133; baseline 0.001 -22"><span class='ocrx_word' id='word_1_748' title='bbox 2037 5056 2193 5112; x_wconf 76' lang='grc' dir='ltr'><strong>Ἐπεὶ</strong></span> <span class='ocrx_word' id='word_1_749' title='bbox 2216 5056 2275 5109; x_wconf 76' lang='grc' dir='ltr'><strong>δὲ</strong></span> <span class='ocrx_word' id='word_1_750' title='bbox 2306 5057 2443 5129; x_wconf 77' lang='grc' dir='ltr'><strong>αὐτῇ</strong></span> <span class='ocrx_word' id='word_1_751' title='bbox 2477 5057 2571 5111; x_wconf 64' lang='grc' dir='ltr'><strong>καὶ</strong></span> <span class='ocrx_word' id='word_1_752' title='bbox 2595 5056 2782 5128; x_wconf 78' lang='grc' dir='ltr'><strong>ἕτεραι</strong></span> <span class='ocrx_word' id='word_1_753' title='bbox 2810 5058 3052 5113; x_wconf 79' lang='grc' dir='ltr'><strong>διάκονοι</strong></span> <span class='ocrx_word' id='word_1_754' title='bbox 3083 5059 3346 5130; x_wconf 79' lang='grc' dir='ltr'><strong>συνῆσαν,</strong></span> <span class='ocrx_word' id='word_1_755' title='bbox 3386 5059 3610 5133; x_wconf 68' lang='grc' dir='ltr'><strong>Πρᾶκλη</strong></span> 
     </span>
    </p>
   </div>
   <div class='ocr_carea' id='block_1_103' title="bbox 2023 5149 3613 5223">
    <p class='ocr_par' dir='ltr' id='par_1_103' title="bbox 2023 5149 3613 5223">
     <span class='ocr_line' id='line_1_103' title="bbox 2023 5149 3613 5223; baseline 0.001 -20"><span class='ocrx_word' id='word_1_756' title='bbox 2023 5166 2083 5203; x_wconf 88' lang='grc' dir='ltr'><strong>τε</strong></span> <span class='ocrx_word' id='word_1_757' title='bbox 2105 5149 2200 5203; x_wconf 73' lang='grc' dir='ltr'><strong>καὶ</strong></span> <span class='ocrx_word' id='word_1_758' title='bbox 2224 5150 2490 5205; x_wconf 85' lang='grc' dir='ltr'><strong>Πενταδία</strong></span> <span class='ocrx_word' id='word_1_759' title='bbox 2518 5151 2613 5205; x_wconf 77' lang='grc' dir='ltr'><strong>καὶ</strong></span> <span class='ocrx_word' id='word_1_760' title='bbox 2641 5149 2894 5223; x_wconf 81' lang='grc' dir='ltr'><strong>Σιλϐανὴ,</strong></span> <span class='ocrx_word' id='word_1_761' title='bbox 2917 5158 3011 5205; x_wconf 78' lang='grc' dir='ltr'><strong>καὶ</strong></span> <span class='ocrx_word' id='word_1_762' title='bbox 3045 5152 3215 5216; x_wconf 75' lang='grc' dir='ltr'><strong>αὐτὰς</strong></span> <span class='ocrx_word' id='word_1_763' title='bbox 3245 5151 3366 5205; x_wconf 81' lang='grc' dir='ltr'><strong>τότε</strong></span> <span class='ocrx_word' id='word_1_764' title='bbox 3397 5169 3613 5223; x_wconf 84' lang='grc' dir='ltr'><strong>συγκα-</strong></span> 
     </span>
    </p>
   </div>
   <div class='ocr_carea' id='block_1_104' title="bbox 2020 5241 3609 5315">
    <p class='ocr_par' dir='ltr' id='par_1_104' title="bbox 2020 5241 3609 5315">
     <span class='ocr_line' id='line_1_104' title="bbox 2020 5241 3609 5315; baseline 0.003 -21"><span class='ocrx_word' id='word_1_765' title='bbox 2020 5241 2205 5308; x_wconf 76' lang='grc' dir='ltr'><strong>λέσας,</strong></span> <span class='ocrx_word' id='word_1_766' title='bbox 2250 5242 2436 5309; x_wconf 80' lang='grc' dir='ltr'><strong>Δεῦτε,</strong></span> <span class='ocrx_word' id='word_1_767' title='bbox 2507 5242 2637 5314; x_wconf 80' lang='grc' dir='ltr'><strong>ἔφη,</strong></span> <span class='ocrx_word' id='word_1_768' title='bbox 2695 5243 3018 5315; x_wconf 85' lang='grc' dir='ltr'><strong>θυγατέρες,</strong></span> <span class='ocrx_word' id='word_1_769' title='bbox 3074 5244 3346 5315; x_wconf 74' lang='grc' dir='ltr'><strong>πρόσχετέ</strong></span> <span class='ocrx_word' id='word_1_770' title='bbox 3376 5263 3469 5314; x_wconf 81' lang='grc' dir='ltr'><strong>μοι</strong></span> <span class='ocrx_word' id='word_1_771' title='bbox 3514 5244 3609 5298; x_wconf 83' lang='grc' dir='ltr'><strong>τδν</strong></span> 
     </span>
    </p>
   </div>
   <div class='ocr_carea' id='block_1_105' title="bbox 2022 5334 3607 5409">
    <p class='ocr_par' dir='ltr' id='par_1_105' title="bbox 2022 5334 3607 5409">
     <span class='ocr_line' id='line_1_105' title="bbox 2022 5334 3607 5409; baseline 0.002 -20"><span class='ocrx_word' id='word_1_772' title='bbox 2022 5336 2167 5389; x_wconf 83' lang='grc' dir='ltr'><strong>νοῦν.</strong></span> <span class='ocrx_word' id='word_1_773' title='bbox 2200 5335 2351 5408; x_wconf 84' lang='grc' dir='ltr'><strong>Τάχα</strong></span> <span class='ocrx_word' id='word_1_774' title='bbox 2414 5334 2524 5407; x_wconf 78' lang='grc' dir='ltr'><strong>γὰρ</strong></span> <span class='ocrx_word' id='word_1_775' title='bbox 2552 5336 2644 5390; x_wconf 85' lang='grc' dir='ltr'><strong>καὶ</strong></span> <span class='ocrx_word' id='word_1_776' title='bbox 2679 5338 2816 5408; x_wconf 73' lang='grc' dir='ltr'><strong>πρὸς</strong></span> <span class='ocrx_word' id='word_1_777' title='bbox 2838 5338 2985 5402; x_wconf 82' lang='grc' dir='ltr'><strong>τέλος</strong></span> <span class='ocrx_word' id='word_1_778' title='bbox 3026 5337 3129 5409; x_wconf 70' lang='grc' dir='ltr'><strong>ἢδη</strong></span> <span class='ocrx_word' id='word_1_779' title='bbox 3186 5337 3358 5391; x_wconf 76' lang='grc' dir='ltr'><strong>κλίνει</strong></span> <span class='ocrx_word' id='word_1_780' title='bbox 3384 5339 3454 5391; x_wconf 72' lang='grc' dir='ltr'><strong>τὰ</strong></span> <span class='ocrx_word' id='word_1_781' title='bbox 3481 5338 3607 5392; x_wconf 77' lang='grc' dir='ltr'><strong>κατ’</strong></span> 
     </span>
    </p>
   </div>
   <div class='ocr_carea' id='block_1_106' title="bbox 2020 5428 3604 5502">
    <p class='ocr_par' dir='ltr' id='par_1_106' title="bbox 2020 5428 3604 5502">
     <span class='ocr_line' id='line_1_106' title="bbox 2020 5428 3604 5502; baseline 0.003 -22"><span class='ocrx_word' id='word_1_782' title='bbox 2020 5428 2140 5497; x_wconf 76' lang='grc' dir='ltr'><strong>ἐμὲ,</strong></span> <span class='ocrx_word' id='word_1_783' title='bbox 2186 5429 2281 5482; x_wconf 77' lang='grc' dir='ltr'><strong>καὶ</strong></span> <span class='ocrx_word' id='word_1_784' title='bbox 2330 5428 2513 5482; x_wconf 68' lang='grc' dir='ltr'><strong>οὐκέτι</strong></span> <span class='ocrx_word' id='word_1_785' title='bbox 2544 5445 2611 5499; x_wconf 88' lang='grc' dir='ltr'><strong>με</strong></span> <span class='ocrx_word' id='word_1_786' title='bbox 2639 5430 2781 5483; x_wconf 78' lang='grc' dir='ltr'><strong>κατὰ</strong></span> <span class='ocrx_word' id='word_1_787' title='bbox 2828 5430 2919 5483; x_wconf 81' lang='grc' dir='ltr'><strong>τὸν</strong></span> <span class='ocrx_word' id='word_1_788' title='bbox 2966 5430 3062 5485; x_wconf 84' lang='grc' dir='ltr'><strong>νῦν</strong></span> <span class='ocrx_word' id='word_1_789' title='bbox 3125 5430 3324 5502; x_wconf 74' lang='grc' dir='ltr'><strong>ὄψεσθε</strong></span> <span class='ocrx_word' id='word_1_790' title='bbox 3374 5430 3604 5502; x_wconf 70' lang='grc' dir='ltr'><strong>κόσμον.</strong></span> 
     </span>
    </p>
   </div>
   <div class='ocr_carea' id='block_1_107' title="bbox 2021 5517 3607 5594">
    <p class='ocr_par' dir='ltr' id='par_1_107' title="bbox 2021 5517 3607 5594">
     <span class='ocr_line' id='line_1_107' title="bbox 2021 5517 3607 5594; baseline 0 -21"><span class='ocrx_word' id='word_1_791' title='bbox 2021 5517 2238 5590; x_wconf 84' lang='grc' dir='ltr'><strong>Ταύτην</strong></span> <span class='ocrx_word' id='word_1_792' title='bbox 2266 5519 2323 5573; x_wconf 76' lang='grc' dir='ltr'><strong>δὲ</strong></span> <span class='ocrx_word' id='word_1_793' title='bbox 2347 5519 2501 5590; x_wconf 83' lang='grc' dir='ltr'><strong>ὑμῶν</strong></span> <span class='ocrx_word' id='word_1_794' title='bbox 2525 5519 2718 5592; x_wconf 78' lang='grc' dir='ltr'><strong>δέομαι</strong></span> <span class='ocrx_word' id='word_1_795' title='bbox 2767 5520 2952 5591; x_wconf 80' lang='grc' dir='ltr'><strong>δέησιν</strong></span> <span class='ocrx_word' id='word_1_796' title='bbox 3004 5522 3101 5592; x_wconf 83' lang='grc' dir='ltr'><strong>τὴν</strong></span> <span class='ocrx_word' id='word_1_797' title='bbox 3130 5524 3388 5594; x_wconf 73' lang='grc' dir='ltr'><strong>ἐσχάτην,</strong></span> <span class='ocrx_word' id='word_1_798' title='bbox 3435 5522 3607 5593; x_wconf 69' lang='grc' dir='ltr'><strong>μηδὲν</strong></span> 
     </span>
    </p>
   </div>
   <div class='ocr_carea' id='block_1_108' title="bbox 2018 5612 3602 5688">
    <p class='ocr_par' dir='ltr' id='par_1_108' title="bbox 2018 5612 3602 5688">
     <span class='ocr_line' id='line_1_108' title="bbox 2018 5612 3602 5688; baseline 0.001 -21"><span class='ocrx_word' id='word_1_799' title='bbox 2018 5612 2122 5683; x_wconf 81' lang='grc' dir='ltr'><strong>τῆς</strong></span> <span class='ocrx_word' id='word_1_800' title='bbox 2174 5613 2438 5684; x_wconf 70' lang='grc' dir='ltr'><strong>συνήθους</strong></span> <span class='ocrx_word' id='word_1_801' title='bbox 2483 5615 2613 5686; x_wconf 70' lang='grc' dir='ltr'><strong>περὶ</strong></span> <span class='ocrx_word' id='word_1_802' title='bbox 2637 5616 2731 5671; x_wconf 78' lang='grc' dir='ltr'><strong>τὸν</strong></span> <span class='ocrx_word' id='word_1_803' title='bbox 2786 5614 2880 5670; x_wconf 81' lang='grc' dir='ltr'><strong>τοῦ</strong></span> <span class='ocrx_word' id='word_1_804' title='bbox 2911 5613 3046 5669; x_wconf 75' lang='grc' dir='ltr'><strong>Θεοῦ</strong></span> <span class='ocrx_word' id='word_1_805' title='bbox 3075 5617 3200 5670; x_wconf 72' lang='grc' dir='ltr'><strong>ναὸν</strong></span> <span class='ocrx_word' id='word_1_806' title='bbox 3236 5616 3602 5688; x_wconf 80' lang='grc' dir='ltr'><strong>προσεδρείας</strong></span> 
     </span>
    </p>
   </div>
   <div class='ocr_carea' id='block_1_109' title="bbox 376 5738 2162 5847">
    <p class='ocr_par' dir='ltr' id='par_1_109' title="bbox 376 5738 2162 5847">
     <span class='ocr_line' id='line_1_109' title="bbox 376 5738 2162 5847; baseline 0.003 -24"><span class='ocrx_word' id='word_1_807' title='bbox 376 5764 520 5847; x_wconf 43' lang='lat'><strong>.(41’3)</strong></span> <span class='ocrx_word' id='word_1_808' title='bbox 548 5767 624 5847; x_wconf 79' lang='lat' dir='ltr'><strong>De</strong></span> <span class='ocrx_word' id='word_1_809' title='bbox 649 5767 937 5826; x_wconf 81' lang='lat' dir='ltr'><strong>Ammonio</strong></span> <span class='ocrx_word' id='word_1_810' title='bbox 973 5780 1027 5826; x_wconf 83' lang='lat' dir='ltr'><strong>et</strong></span> <span class='ocrx_word' id='word_1_811' title='bbox 1052 5738 1605 5847; x_wconf 30' lang='lat' dir='ltr'><strong>lsiiloro‘Origenistis</strong></span> <span class='ocrx_word' id='word_1_812' title='bbox 1635 5773 1704 5847; x_wconf 82' lang='lat' dir='ltr'><strong>ab</strong></span> <span class='ocrx_word' id='word_1_813' title='bbox 1730 5770 1907 5847; x_wconf 68' lang='lat' dir='ltr'><strong>Olym-</strong></span> <span class='ocrx_word' id='word_1_814' title='bbox 2015 5786 2162 5831; x_wconf 89' lang='lat' dir='ltr'><strong>sunt.</strong></span> 
     </span>
    </p>
   </div>
   <div class='ocr_carea' id='block_1_110' title="bbox 338 5838 1914 5915">
    <p class='ocr_par' dir='ltr' id='par_1_110' title="bbox 338 5838 1914 5915">
     <span class='ocr_line' id='line_1_110' title="bbox 338 5838 1914 5915; baseline 0.004 -23"><span class='ocrx_word' id='word_1_815' title='bbox 338 5838 447 5907; x_wconf 90' lang='lat' dir='ltr'><strong>pia,</strong></span> <span class='ocrx_word' id='word_1_816' title='bbox 482 5838 651 5894; x_wconf 80' lang='lat' dir='ltr'><strong>inscio</strong></span> <span class='ocrx_word' id='word_1_817' title='bbox 672 5848 851 5896; x_wconf 89' lang='lat' dir='ltr'><strong>tamen</strong></span> <span class='ocrx_word' id='word_1_818' title='bbox 888 5842 1313 5914; x_wconf 86' lang='lat' dir='ltr'><strong>susceptis,vide</strong></span> <span class='ocrx_word' id='word_1_819' title='bbox 1348 5838 1466 5914; x_wconf 78' lang='lat' dir='ltr'><strong>qua:</strong></span> <span class='ocrx_word' id='word_1_820' title='bbox 1492 5844 1742 5915; x_wconf 80' lang='lat' dir='ltr'><strong>superius</strong></span> <span class='ocrx_word' id='word_1_821' title='bbox 1773 5838 1914 5901; x_wconf 79' lang='lat' dir='ltr'><strong>dicta</strong></span> 
     </span>
    </p>
   </div>
   <div class='ocr_carea' id='block_1_111' title="bbox 2096 5842 2649 5916">
    <p class='ocr_par' dir='ltr' id='par_1_111' title="bbox 2096 5842 2649 5916">
     <span class='ocr_line' id='line_1_111' title="bbox 2096 5842 2649 5916; baseline 0.002 -17"><span class='ocrx_word' id='word_1_822' title='bbox 2096 5847 2205 5916; x_wconf 64' lang='grc'><strong>(44)</strong></span> <span class='ocrx_word' id='word_1_823' title='bbox 2239 5847 2322 5902; x_wconf 85' lang='lat' dir='ltr'><strong>Al.</strong></span> <span class='ocrx_word' id='word_1_824' title='bbox 2358 5842 2649 5900; x_wconf 82' lang='lat' dir='ltr'><strong>Salvinam.</strong></span> 
     </span>
    </p>
   </div>
  </div>
