3834 6474
217 305 370 374 1185

1277 315 1452 379 VlTA
1491 318 1555 379 S.
1594 317 1916 380 JOANNIS
1967 320 2520 386 CHRYSOSTOMI.

3333 327 3472 398 1186

212 426 316 480 atat
364 423 605 490 πίστεως
637 425 980 496 καθυφεῖναι.
1025 426 1137 481 Καὶ
1161 427 1219 492 ὃς
1248 427 1314 482 ἂν
1342 431 1433 482 ἐπὶ
1484 430 1574 484 τὸν
1606 429 1795 500 θρόνον

1924 441 2087 496 ςοτοηῑ
2115 435 2507 490 convenienter
2535 436 2720 493 divino
2741 439 2940 496 Christi
2970 441 3156 507 verbo,
3179 459 3302 499 cum
3327 445 3472 516 ipsas

217 518 412 571 τοῦτον
443 516 524 583 (τὸ
541 517 650 588 γὰρ
670 511 812 572 εἶναι
838 518 938 589 τὴν
979 519 1306 590 Ἐκκλησίαν
1331 520 1539 592 ἔρημον
1573 521 1792 575 ἐπισκό-

217 625 324 660 που
344 608 564 687 πάντως
595 609 695 661 οὐκ
720 607 922 679 ἔσται),
950 609 1007 671 ὃς
1035 609 1101 662 ἂν
1132 607 1226 664 οὖν
1253 613 1396 665 κατὰ
1427 610 1526 680 τὴν
1571 610 1791 664 πάντων

219 702 528 755 συναὶνεσιν
552 699 640 754 ἐπ’
662 702 824 755 αὑτὸν
853 703 1085 774 ἀναχθῇ,
1113 703 1289 776 τούτῳ
1324 705 1576 776 καθάπερ
1607 705 1671 775 δὴ
1702 707 1794 759 καὶ

216 797 345 864 ἐμοὶ
395 797 495 864 τὴν
545 794 790 867 κεφαλὴν
849 795 1004 866 ὑμεῖς
1051 797 1394 864 ὑποκλένοιτε,
1446 800 1540 852 καί
1566 818 1669 868 μου
1698 801 1795 870 τῆς

219 890 446 960 ἀγάπης
466 893 524 944 ὲν
547 892 667 952 ταῖς
698 892 1032 961 προσευχαῖς
1085 891 1391 962 μέμνησθε.
1437 893 1563 946 Ἐπὶ
1587 892 1796 954 τούτοις

219 983 347 1035 ἐπεὶ
383 981 617 1052 ἰσχυρῶς
640 981 819 1035 αὑτῶν
853 983 886 1053 ἡ
921 981 1065 1053 λυπη
1101 972 1394 1046 καθίκετο,
1423 984 1516 1036 καὶ
1570 985 1683 1047 τοῖς
1708 983 1796 1037 δά-

223 1089 389 1143 κρυσι
444 1071 846 1144 συνεχύθησαν,
913 1072 1098 1141 ἔλεγόν
1151 1091 1211 1127 τε
1268 1075 1369 1144 τὴν
1427 1074 1685 1145 στέρησιν
1735 1074 1796 1129 οὑ

222 1165 472 1234 φορητὴν
521 1164 712 1226 αὑταῖς
771 1160 934 1230 εἶναι,
981 1166 1077 1219 καὶ
1126 1168 1239 1230 τοῖς
1291 1167 1417 1221 ποσὶ
1450 1168 1800 1236 προσέκειντο

224 1256 340 1318 τοῖς
387 1253 554 1308 αὑτοῦ
593 1254 784 1326 γοερὸν
815 1257 1182 1322 ὀλολύζουσαι,
1239 1260 1444 1323 ἐκεῖνος
1485 1260 1572 1314 ἵνα
1603 1259 1677 1331 μὴ
1722 1258 1800 1330 τῷ

229 1339 374 1416 ὄχλῳ
409 1345 545 1416 πρὸς
593 1347 847 1416 αἴσθησιν
877 1347 938 1401 τὺ
969 1351 1201 1420 πρᾶγμα
1247 1351 1410 1405 πεσὸν
1446 1351 1671 1421 θόρυϐον
1705 1353 1802 1422 ὲμ-

229 1437 392 1508 ϐάλῃ,
416 1438 558 1490 νεύει
594 1437 701 1492 τῶν
729 1440 1119 1511 πρεσϐυτέρων
1156 1442 1264 1496 τινὶ
1296 1444 1633 1513 μεταστῆσαι
1666 1443 1801 1498 ταύ-

230 1548 352 1596 τας,
388 1531 482 1584 καὶ
500 1531 560 1583 τὸ
591 1533 689 1601 μὲν
722 1531 1040 1601 ὑποζύγιον,
1073 1526 1134 1586 οὗ
1175 1536 1268 1589 καὶ
1289 1536 1589 1590 ἐπιϐαίνειν
1621 1535 1803 1591 εἰώθει

232 1623 446 1692 (λαθεῖν
503 1624 612 1695 γὰρ
678 1623 958 1696 ἠϐούλετο)
1003 1627 1141 1699 πρὸς
1189 1631 1309 1692 ταῖς
1339 1628 1584 1693 δυτικαῖς
1607 1629 1805 1694 πύλαις

234 1716 428 1786 στῆναι
499 1715 711 1770 κελεύει
751 1733 767 1748 ⁶
845 1719 1010 1784 αὑτὸς
1063 1720 1120 1772 δὲ
1179 1720 1266 1776 διὰ
1310 1721 1416 1776 τῶν
1472 1722 1806 1776 ἀνατολικῶν

1900 539 2115 594 quoque
2149 536 2276 581 tunc
2310 545 2537 599 magnus
2568 531 2656 586 ille
2685 545 3040 589 convocasset
3074 554 3086 590 :
3119 536 3320 592 Adeste
3347 539 3472 607 huc,

1901 615 2096 686 inquit,
2157 618 2311 685 ﬁlim,
2361 623 2600 677 animum
2653 626 2784 679 mihi
2840 627 3115 683 adhibete.
3158 629 3267 682 Res
3326 633 3472 685 enim

1901 721 2099 766 nostra:
2129 714 2313 782 utique
2334 713 2444 781 jam
2483 717 2715 771 tendunt
2744 717 2810 771 ad
2865 718 3048 779 ﬁnem,
3088 736 3189 774 nec
3244 737 3329 776 me
3357 738 3476 775 am-
3544 791 3550 796 ι

1903 805 2045 874 plius
2078 807 2332 862 videbitis
2367 808 2418 862 in
2456 808 2558 864 hoc
2591 814 2813 868 mundo.
2851 815 3002 868 Hanc
3034 826 3216 869 autem
3257 832 3284 868 a
3321 815 3478 871 vobis

1903 907 2199 952 extremam
2249 916 2378 970 rogo
2429 903 2774 972 petitionem,
2807 916 2867 957 ut
2926 905 2993 959 de
3026 916 3207 960 vestra
3263 907 3316 960 in
3382 906 3478 961 Dei

1905 996 2166 1065 templum
2197 978 2518 1054 assiduitate
2551 1009 2606 1054 et
2636 999 2738 1053 ﬁde
2771 1000 2907 1053 nihil
2941 1001 3252 1062 remittatis,
3281 1010 3334 1054 et
3359 999 3481 1069 qui-

1908 1101 2126 1156 cunque
2154 1089 2294 1143 hanc
2333 1090 2519 1144 sedem
2551 1092 2860 1146 ascenderit
2887 1091 3024 1161 (ﬁeri
3071 1093 3215 1147 enim
3247 1108 3354 1147 non
3386 1107 3483 1160 po-

1908 1180 2050 1245 terit,
2082 1190 2140 1234 ut
2173 1179 2417 1236 Ecclesia
2465 1183 2690 1237 omnino
2739 1192 2923 1238 careat
2965 1184 3267 1254 episi‘opol,
3305 1185 3352 1239 ei
3389 1201 3483 1238 vos

1907 1272 2049 1326 sicut
2095 1273 2226 1327 mihi
2286 1273 2464 1343 capita
2514 1275 2813 1339 inclinetis,
2845 1284 2900 1330 et
2934 1259 3042 1331 mei
3084 1276 3390 1330 dilectionis
3427 1277 3482 1330 in

1908 1365 2163 1433 precibus
2216 1367 2602 1422 memineritis.
2650 1368 2780 1424 Post
2835 1370 2952 1424 haec
3008 1385 3131 1424 cum
3183 1385 3274 1423 eas
3333 1369 3487 1424 dolor

1910 1455 2266 1510 vehementer
2318 1457 2648 1525 invasisset,
2696 1469 2750 1514 et
2797 1461 3048 1530 protinus
3092 1461 3324 1516 fuissent
3355 1477 3488 1516 cou-

1911 1543 2046 1598 fusae
2096 1545 2367 1616 lacrymis,
2410 1557 2465 1603 et
2517 1548 2764 1605 dicerent
2807 1551 2927 1619 ejus
2972 1551 3332 1620 privationem
3378 1566 3486 1605 non

1913 1635 2151 1691 futuram
2187 1638 2268 1693 eis
2301 1625 2658 1705 tolerabilem,
2691 1648 2745 1695 ct
2777 1643 2895 1712 ejus
2948 1645 3114 1712 pedes
3142 1656 3485 1713 prensarent,

1915 1731 2184 1800 ejulantes
2214 1732 2620 1798 miserabiliter,
2652 1734 2763 1797 ille,
2807 1750 2876 1790 ne
2910 1734 2964 1789 si
2999 1739 3232 1807 populus
3277 1739 3329 1793 id
3363 1755 3489 1794 sen-

233 1807 432 1874 εξεισι,
489 1808 587 1862 καὶ
647 1811 786 1880 μετὰ
833 1811 1030 1879 ὀλίγων
1077 1812 1246 1885 ,τινῶν
1285 1813 1422 1884 πρὸς
1450 1814 1540 1867 τὸν
1567 1816 1811 1882 αἰγιαλὸν

1924 1824 2094 1888 sisset,
2118 1823 2341 1879 aﬁ‘erret
2362 1827 2677 1891 tumultum,
2703 1828 2896 1881 annuit
2925 1830 3016 1881 uni
3041 1843 3105 1882 ex
3131 1831 3486 1900 presbyteris,

231 1903 548 1972 καταχθεὶς,
603 1902 814 1957 ἔπλεεν.
833 1903 973 1956 Ἀλλ’
1016 1897 1128 1958 οἷον
1154 1905 1262 1975 ἄρα
1295 1906 1388 1957 καὶ
1413 1907 1638 1976 μνήμης
1661 1905 1812 1969 ἄξιον

232 1994 313 2057 εἰς
339 1995 559 2064 ἔλεγχον
579 1996 680 2065 τῆς
705 1996 814 2048 τῶν
846 1997 1138 2069 μοχθηρῶν
1172 1998 1372 2060 κακίας
1402 1999 1430 2049 ὁ
1453 1998 1609 2066 λόγος
1644 1999 1815 2052 σπεύ-

233 2087 343 2142 δων
384 2088 582 2160 μικροῦ
614 2091 708 2142 καὶ
751 2089 994 2159 παρέδρα
1005 2107 1072 2160 με
1098 2107 1112 2156 ;
1139 2090 1214 2144 Τὸ
1235 2092 1344 2160 γὰρ
1378 2091 1613 2162 πονηρὸν
1642 2095 1814 2146 ἐκεῖνο

239 2179 538 2248 συνέδριον,
596 2180 717 2233 ἐπεὶ
757 2179 864 2233 ἔδει
926 2180 1062 2250 μετὰ
1106 2180 1215 2234 τῶν
1281 2181 1460 2236 ἄλλων
1499 2178 1572 2238 ὧν
1610 2186 1816 2257 ἐπῆγον

236 2269 318 2342 τῷ
342 2271 480 2341 ἁγίῳ
511 2271 718 2338 κακῶν,
749 2273 882 2342 μηδὲ
901 2273 1062 2338 φόνου
1081 2274 1279 2336 αὐτοὺς
1303 2275 1662 2346 ἀποσχέσθαι,
1683 2277 1819 2331 ἀλλὰ

239 2362 338 2415 καὶ
365 2363 456 2415 τὸν
494 2362 582 2414 διὰ
625 2360 812 2430 ξίφους
861 2360 1127 2432 ὼδινῆσαι
1187 2363 1309 2416 κατ’
1347 2365 1511 2416 αὑτοῦ
1558 2365 1814 2431 θάνατον,

238 2455 458 2524 οἰκέτης
486 2455 594 2507 τῶν
651 2471 794 2515 τινος
853 2453 1267 2524 πρεσϐυτέρων,
1310 2454 1576 2519 Ἐλπίδιος
1625 2455 1817 2526 ὄνομα,

243 2545 587 2618 πεντήκοντα
621 2544 974 2615 νομισμάτων
1027 2545 1117 2598 ὑπ’
1142 2544 1384 2608 ἐκείνων,
1421 2543 1520 2615 φεῦ
1556 2547 1568 2600 ί
1610 2547 1708 2616 τὴν
1735 2547 1820 2600 δε-

244 2640 363 2707 ξιὰν
418 2638 730 2710 μισθωθεὶς,
785 2637 1189 2692 ὲπιδουλεύσειν
1241 2638 1433 2709 ἔμελλε
1478 2638 1556 2708 τῷ
1601 2639 1817 2709 δικαίῳ,

245 2734 346 2787 καὶ
390 2733 665 2803 φωραθεὶς
707 2731 852 2804 (οὑδὲ
908 2732 1019 2802 γὰρ
1073 2731 1284 2800 ἀφῆκεν
1311 2726 1392 2796 οἷς
1422 2729 1530 2786 οἶδε
1580 2732 1819 2803 λόγοιςή

247 2826 468 2881 πάντων
515 2825 948 2896 ὲπιτροπεύουσα
982 2827 1234 2896 Πρόνοια)
1301 2826 1474 2890 ἐνίους
1507 2827 1615 2881 τῶν
1655 2845 1824 2880 κατα-

249 2918 490 2990 σχόντων
542 2913 622 2981 οἷς
675 2913 789 2988 εἶχε
838 2918 1043 2987 ξίφεσι,
1078 2919 1205 2982 τοῦς
1239 2918 1338 2988 μὲν
1383 2920 1582 2985 ἀνεῖλε,
1612 2922 1736 2984 τοὺς
1765 2921 1822 2974 δὲ

249 3012 344 3066 καὶ
368 3009 618 3080 χαλεπῶς
650 3009 902 3079 ἑπληξεν.
941 3009 1080 3062 Ἀλλ’
1101 3008 1242 3063 οὑτω
1267 3009 1365 3080 μὲν
1393 3013 1420 3064 ὁ
1452 3011 1626 3079 μέγας
1646 3011 1820 3076 ἔπλει,

1918 1924 1975 1969 ut
2013 1931 2105 1970 cas
2134 1916 2431 1972 abduceret
2469 1934 2482 1970 :
2519 1927 2572 1971 et
2606 1918 2914 1988 jumentqu
2947 1919 3191 1988 quidem,
3217 1923 3359 1990 quod
3403 1937 3480 1976 so-

1915 2006 2061 2062 lebat
2091 2009 2388 2063 ascendere
2419 2009 2657 2078 (volebat
2692 2011 2836 2064 enim
2881 2011 3094 2081 latere),
3131 2012 3293 2081 jussit
3327 2012 3487 2068 statui

1915 2097 1982 2151 ad
2039 2107 2223 2166 portas
2259 2097 2682 2155 Occidentales:
2738 2102 2855 2171 ipse
2909 2112 3090 2157 autem
3132 2120 3232 2174 per
3278 2112 3482 2174 portam

1917 2187 2249 2244 Orientalent
2296 2193 2460 2246 simul
2490 2203 2572 2248 est
2616 2209 2891 2264 egressus,
2935 2203 3142 2250 etcum
3193 2197 3380 2266 paucis
3425 2195 3498 2252 ad

1916 2281 2046 2336 litus
2075 2283 2342 2338 deductus
2373 2286 2664 2357 navigavit.
2699 2286 2804 2342 Sed
2832 2288 3048 2358 qualem
3081 2304 3219 2352 rem,
3243 2297 3297 2343 et
3330 2304 3498 2359 quam

1918 2373 2159 2444 dignam.
2196 2392 2317 2446 qua:
2352 2387 2809 2434 commemoretur
2853 2381 2919 2434 ad
2955 2381 3118 2450 plane
3167 2381 3494 2452 arguendam

1921 2467 2288 2536 improborum
2315 2471 2596 2537 malitiam,
2615 2471 2884 2528 festinans
2903 2473 3080 2528 oratio
3101 2475 3495 2543 propemodum

1922 2560 2307 2627 pra3termisit?
2341 2561 2653 2631 Improbum
2687 2564 2832 2617 enim
2867 2564 2999 2619 illud
3030 2565 3342 2625 concilium,
3370 2577 3494 2618 cum

1920 2659 2199 2720 oporteret
2221 2668 2343 2706 cum
2371 2653 2490 2706 aliis
2515 2654 2690 2720 malis,
2719 2670 2840 2724 quat
2887 2665 3076 2710 sancto
3125 2655 3493 2720 intentabant,

1923 2759 1992 2797 ne
2022 2743 2170 2814 ipsos
2195 2745 2411 2814 quidem
2440 2762 2469 2799 a
2500 2747 2646 2801 caede
2665 2748 2958 2813 abstinere,
2991 2748 3084 2802 sed
3120 2748 3279 2801 etiam
3311 2747 3498 2816 inique

1922 2836 2098 2906 gladio
2128 2837 2328 2891 caedem
2377 2838 2431 2893 in
2464 2855 2587 2892 cum
2618 2840 2912 2909 parturire,
2943 2840 3177 2894 famulus
3217 2840 3499 2909 cujusdam

1923 2942 1985 2982 ex
2010 2929 2361 2998 presbyteris,
2393 2931 2614 2985 nomine
2642 2931 2905 2999 Elpidius,
2932 2932 3319 3003 quinquaginta
3339 2948 3504 2985 num-

1926 3022 2063 3089 mis,
2101 3024 2232 3092 proh
2293 3024 2481 3090 dolor,
2539 3025 2608 3079 ab
2664 3026 2770 3080 illis
2825 3025 3159 3088 conductus,
3211 3033 3328 3078 erat
3383 3024 3503 3079 viro

250 3103 347 3156 καὶ
397 3103 532 3175 πρὸς
587 3103 685 3172 τὴν
743 3102 1040 3173 ὑπερορίαν
1091 3103 1360 3173 ἀπήγετο.
1443 3103 1634 3175 Ἡδονὴ
1674 3105 1732 3158 δὲ
1761 3105 1819 3158 τὸ

1924 3116 2069 3184 justo
2129 3125 2419 3184 paraturus
2481 3116 2724 3172 insidias.
2773 3117 2875 3182 Qui
2920 3117 3135 3186 quidem
3193 3114 3504 3185 deprehen-

254 3193 459 3264 πλῆθος
502 3195 596 3248 καὶ
640 3193 786 3265 λύπη
818 3194 1212 3266 διεμερίζοντο·
1241 3196 1385 3268 λύπη
1413 3197 1531 3267 μὲν,
1573 3198 1699 3261 τοὺς
1729 3198 1823 3250 εὑ-

253 3288 434 3351 σεὸεἰς
470 3305 529 3341 τε
558 3291 652 3341 καὶ
701 3288 1014 3358 ὀρθοδόξους
1054 3291 1148 3343 καὶ
1183 3290 1310 3353 τοὺς
1341 3289 1576 3360 χρυσοῦς
1612 3291 1825 3343 ἐκείνου

252 3381 448 3450 λόγους
502 3380 881 3451 ζημιωθέντας
912 3382 1052 3451 μετά
1083 3382 1181 3452 τῆς
1219 3383 1424 3452 σεμνῆς
1448 3382 1646 3452 ὅψεωςο
1670 3383 1830 3452 ἡδονὴ

254 3472 638 3537 δὲξἸουδαίους
679 3474 775 3526 καὶ
808 3474 1100 3544 Ἕλληνας,
1145 3470 1226 3537 οἷς
1265 3474 1360 3527 καὶ
1412 3476 1492 3537 είς
1526 3473 1721 3545 ἑορτὴν
1768 3474 1830 3527 τὸ

258 3568 491 3638 πρᾶγμα
513 3569 772 3638 κατέστη,
806 3567 932 3631 τοὺς
957 3567 1210 3637 ἐλέγχους
1246 3567 1456 3630 πάντας
1484 3567 1583 3637 τῆς
1621 3565 1830 3620 ἐκείνου

1926 3223 2018 3262 sus
2071 3208 2278 3277 (neque
2335 3209 2482 3264 enim
2530 3211 2730 3278 quibus
2783 3209 2936 3262 novit
2990 3207 3328 3269 rationibus,
3380 3204 3507 3260 sivit

1926 3315 2050 3354 eum
2097 3300 2263 3354 latere
2295 3299 2390 3354 Dei
2427 3299 2798 3369 providentia)
2843 3299 3136 3353 nonnullos
3166 3314 3232 3352 ex
3274 3298 3358 3362 iis,
3408 3295 3505 3365 qui

1928 3405 2052 3444 eum
2105 3392 2671 3461 comprehenderant,
2733 3391 2799 3445 iis
2858 3405 2997 3460 quos
3037 3389 3227 3443 habuit
3281 3388 3506 3442 ensibus

1929 3481 2205 3538 interfecit
2249 3502 2264 3537 :
2315 3483 2454 3538 alios
2503 3492 2684 3537 autem
2737 3481 2977 3552 graviter
3025 3480 3350 3535 vulneravit.
3398 3477 3506 3533 Sed

1930 3576 2020 3630 ille
2079 3576 2301 3645 quidem
2366 3591 2594 3646 magnus
2640 3575 2717 3629 sic
2776 3573 3065 3643 navigabat
3102 3581 3156 3626 et
3211 3572 3395 3626 abibat
3451 3571 3507 3626 in

256 3658 504 3729 γλώττης
556 3658 932 3728 διαφυγοῦσιν,
983 3658 1115 3712 ὡσεὶ
1176 3657 1305 3729 βέλη
1339 3659 1396 3710 ὲν
1427 3661 1571 3729 χειρὶ
1595 3658 1819 3712 δυνατοῦ

1929 3668 2223 3732 exsilium,
2279 3669 2513 3738 populus
2564 3675 2746 3722 autem
2801 3666 3000 3737 partim
3046 3664 3252 3730 laetitia,
3309 3663 3506 3733 partim

256 3753 376 3815 ταῖς
412 3752 664 3820 καρδίαις
695 3752 1028 3822 ἀφιεμένους
1049 3766 1063 3781 ·
1095 3751 1150 3804 οἴ
1184 3751 1278 3804 καὶ
1308 3751 1710 3818 κατεμωκῶντο
1738 3753 1819 3805 κα¹

1931 3759 2120 3813 dolore
2171 3757 2548 3814 adiciebatur:
2590 3758 2778 3813 dolore
2835 3757 3056 3828 quidem
3109 3755 3211 3826 pii,
3260 3753 3350 3824 qui
3398 3753 3512 3822 pri-

259 3844 621 3912 κατέπαιζον,
669 3843 768 3899 καὶ⁵
798 3844 963 3898 πολὺν
993 3843 1206 3913 γέλωτα
1233 3842 1336 3913 τῆς
1357 3842 1467 3896 τῶν
1489 3842 1819 3914 κρατούντωι

1936 3842 2046 3904 vati
2096 3858 2255 3904 erant
2305 3850 2566 3904 suavibus
2607 3849 2752 3905 illius
2785 3847 3125 3902 orationibus
3171 3860 3296 3900 cum
3340 3858 3507 3899 vene-

260 3937 518 4008 κατέχεον
579 3935 851 4006 εὐηθείας,
898 3935 974 3999 ὡς
1023 3935 1219 4010 μικροῦ
1257 3936 1352 3988 καὶ
1384 3934 1452 3988 δι’
1479 3934 1666 3988 οἴκτου
1691 3934 1819 3988 τίθε-

1937 3941 2111 3996 rando
2147 3951 2372 4012 aspectu
2405 3961 2417 3996 :
2452 3941 2637 3996 laetitia
2661 3955 2788 3995 vero
2819 3938 2988 3995 Judaei
3015 3947 3069 3993 et
3103 3937 3354 4008 gentiles,
3386 3935 3501 4006 qui-

262 4030 386 4084 σθαι
413 4029 511 4100 τὴν
539 4031 646 4083 τῶν
669 4029 1012 4102 Χριστιανῶν
1043 4030 1348 4101 συμφοράν.

1937 4034 2041 4090 bus
2071 4035 2189 4090 hate
2241 4050 2330 4090 res
2364 4034 2480 4090 dies
2507 4041 2626 4088 erat
2675 4032 2871 4101 festus,
2909 4041 2968 4086 ut
2998 4032 3089 4101 qui
3131 4031 3274 4085 illius
3313 4029 3492 4096 lingua

261 4123 726 4194 reprehensiones
776 4125 1004 4178 omnino
1037 4123 1401 4194 effugissent:
1451 4122 1924 4192 reprehensiones,
1966 4127 2210 4198 inquam,
2264 4143 2382 4198 qum
2421 4135 2675 4196 tanquam
2733 4126 2837 4178 tela
2877 4125 2929 4177 in
2968 4139 3130 4177 manu
3171 4123 3424 4192 potentis,
3455 4137 3489 4173 υ

261 4231 387 4273 cum
406 4216 594 4279 divino
619 4217 794 4271 dicam
817 4214 1098 4282 Davide“,
1121 4216 1176 4270 in
1195 4216 1357 4271 corda
1381 4231 1564 4271 eorum
1590 4215 2023 4275 immittebantur
2048 4239 2060 4274 :
2083 4221 2177 4290 qui
2203 4231 2258 4276 et
2288 4221 2606 4283 irridebant,
2626 4228 2681 4274 et
2701 4217 3134 4283 ludiﬁcabantur,
3153 4226 3207 4270 et
3237 4214 3290 4268 in
3313 4212 3516 4284 princi-

263 4324 392 4382 pum
414 4309 700 4366 stultitiam
723 4309 893 4364 risum
915 4309 1267 4366 effundebant
1284 4312 1602 4375 maximum,
1623 4323 1682 4367 ut
1705 4311 2141 4370 Christianorum
2166 4317 2488 4371 calamitatis
2507 4313 2898 4385 pr0pemodum
2918 4313 3080 4366 etiam
3099 4311 3512 4365 misererentur.

333 4403 415 4457 N'.
481 4401 771 4473 Ἐξαίφνης
814 4402 871 4456 δὲ
902 4401 1111 4470 γίνεταί
1135 4419 1189 4456 τι
1219 4405 1450 4473 πρᾶγμα
1487 4403 1716 4474 φοϐερὸν
1746 4406 1819 4466 κα

2017 4406 2078 4461 L.
2117 4407 2200 4462 Fit
2225 4416 2406 4461 autem
2433 4406 2614 4460 statim
2650 4421 2737 4461 res
2763 4405 3007 4474 quaedam
3040 4402 3313 4464 terribilis,
3346 4405 3388 4456 si
3426 4404 3516 4457 vel

267 4493 430 4566 μέχρι
461 4497 559 4564 τῆς
591 4493 760 4564 ἀκοῆς
791 4495 1105 4566 ἐρχόμενον,
1133 4495 1228 4548 τοῦ
1256 4494 1392 4547 Θεοῦ
1425 4497 1643 4552 πάντως
1668 4496 1819 4550 οὑτω

1940 4501 2114 4556 solum
2167 4501 2236 4555 ad
2286 4516 2446 4555 aures
2502 4502 2806 4569 perveniat,
2863 4497 2974 4552 Deo
3013 4498 3129 4552 haec
3175 4494 3514 4565 providente,

264 4587 696 4658 οἰκονομοῦντος,
751 4585 940 4658 ὥσπερ
992 4586 1084 4640 τὸν
1133 4587 1375 4662 σεισμὸνΔ
1417 4589 1702 4659 πρότερον,
1765 4591 1819 4640 εἰη

1942 4593 2081 4649 sicut
2111 4593 2274 4648 etiam
2302 4591 2455 4662 prius
2487 4600 2646 4646 terra:
2685 4600 2913 4652 motum,
2951 4590 3017 4645 ad
3049 4589 3268 4660 gloriam
3301 4586 3518 4656 quidem

265 4678 425 4744 δόξαν
454 4657 457 4658 ν
485 4679 584 4747 μὲν
633 4677 742 4731 τῶν
798 4657 965 4732 αὑτοῦ
1018 4657 1389 4750 θεραπόντωνδ,
1451 4657 1616 4748 φόϐον
1650 4681 1706 4734 δὲ
1751 4699 1819 4733 κα

1941 4701 2168 4740 suorum
2219 4684 2570 4748 fanmlorum,
2610 4695 2814 4738 metum
2863 4692 3045 4737 autem
3085 4692 3138 4735 et
3171 4680 3519 4734 conscientia:

270 4769 630 4839 συναίσθησιν
681 4770 791 4824 τῶν
836 4769 1039 4841 σφόδρα
1099 4771 1537 4841 τολμηρῶνκαὶ
1571 4771 1845 4842 θρασέων,

273 4863 554 4931 μονονουχὶ
629 4863 766 4933 μετὰ
824 4861 919 4916 τοῦ
977 4863 1143 4916 Δαϐὶδ
1205 4864 1510 4933 κηρύττονοέ
1559 4866 1623 4917 Οἱ
1669 4883 1848 4935 παρα-

270 4954 650 5025 πικραίνοντες
686 4955 760 5027 μὴ
799 4955 1160 5025 ὑψούσθωσαν
1188 4958 1245 5007 ὲν
1267 4958 1499 5022 ἑαυτοῖς.
1527 4959 1708 5027 Αὑτῆς
1741 4961 1848 5030 γὰρ

271 5047 507 5118 ἡμέρας,
540 5047 662 5101 καθ’
688 5049 752 5118 ἣν
790 5049 818 5100 ὀ
840 5049 1013 5118 μέγας
1045 5048 1144 5118 τῆς
1180 5033 1508 5120 Ἐκκλησίας
1536 5052 1733 5121 ἀστὴρ,
1762 5046 1851 5106 οἷα

271 5140 409 5210 πρός
446 5157 595 5204 τινας
616 5142 823 5211 δυσμὰς
845 5142 940 5213 τὴν
983 5143 1284 5213 ὑπερορίαν
1315 5142 1533 5213 ἐχώρει,
1565 5144 1676 5214 πῦρ
1707 5144 1848 5198 θεῖον

271 5229 340 5281 ὲκ
369 5229 534 5298 μέσου
562 5229 656 5283 τοῦ
689 5231 901 5302 θρόνου,
931 5226 975 5299 ᾧ
1000 5231 1379 5304 προσεδρεύων
1413 5233 1509 5297 τὰς
1539 5233 1689 5306 ἱερὰς
1714 5235 1851 5305 ἐπῆ-

273 5321 410 5389 γαζε
444 5321 683 5392 διδαχὰς,
709 5324 800 5376 ὑπ’
826 5324 1084 5391 οὐδεμιᾶς
1110 5325 1292 5395 χειρὸς
1338 5324 1597 5394 ἀναφθὲν,
1620 5325 1708 5379 διὰ
1737 5326 1848 5377 τῶν

277 5413 441 5484 ιερῶν
471 5414 714 5468 ἁλύσεων
746 5416 1004 5485 ἁνεῖρπεν
1041 5417 1120 5480 είς
1153 5415 1306 5487 ὕψος.
1347 5413 1480 5470 Εἶτα
1527 5417 1626 5487 τὴν
1654 5418 1852 5486 στέγην

275 5505 560 5574 διαφαγδν,
620 5508 763 5561 κατὰ
805 5509 912 5561 τῶν
959 5509 1145 5563 νώτων
1177 5509 1286 5562 τῶν
1335 5510 1547 5562 σεπτῶν
1589 5509 1853 5579 δωμάτων

277 5598 496 5670 ἐχώρει.
525 5599 804 5654 Ἐντεῦθεν
862 5600 1061 5672 ἄνεμος
1113 5601 1212 5672 τὴν
1278 5600 1453 5670 φλόγα
1495 5599 1851 5673 παραλαϐὼν,

355 5780 403 5813 ⁵ο
436 5780 578 5837 Psal.
617 5799 798 5848 Lxxvr,
829 5783 883 5840 4.
957 5783 997 5816 δ’
1021 5781 1163 5838 Psal.
1197 5799 1318 5849 ιμ’,
1350 5783 1402 5838 7.

1944 4786 2206 4833 terrorem
2234 4792 2443 4840 eorum,
2476 4776 2566 4845 qui
2602 4785 2730 4829 sunt
2760 4773 2993 4827 audaces
3023 4782 3077 4826 et
3102 4770 3393 4833 temerarii,
3425 4771 3518 4838 qui

1945 4868 2108 4922 etiam
2174 4867 2568 4937 prepemodum
2624 4865 2912 4920 emittebat
2961 4879 3147 4919 vocem
3205 4860 3421 4915 Davidis
3451 4861 3519 4925 “,

1956 4979 1974 5012 ι
2005 4958 2108 5026 Qui
2147 4959 2496 5025 exacerbant,
2545 4974 2616 5013 ne
2655 4957 2986 5012 extollantur
3031 4956 3084 5008 in
3127 4952 3338 5023 seipsis.
3378 4971 3396 5003 ι
3444 4952 3524 5007 Eo

1948 5052 2093 5105 enim
2127 5053 2235 5113 die,
2259 5067 2366 5120 quo
2394 5066 2586 5121 magna
2624 5050 2711 5103 illa
2744 5048 2896 5102 Stella
2947 5045 3222 5104 Ecclesiae.
3254 5044 3420 5099 veluti
3455 5045 3522 5098 ad

1947 5143 2236 5212 quemdam
2280 5156 2533 5195 occasum
2575 5140 2687 5194 ibat
2733 5139 2786 5192 in
2818 5137 3090 5201 exsilium,
3132 5136 3270 5207 ignis
3303 5134 3524 5189 divinus

1950 5247 2018 5286 ex
2066 5231 2154 5285 illa
2209 5232 2361 5294 sede,
2417 5232 2472 5284 in
2521 5247 2626 5300 qua
2656 5230 2903 5285 assidens
2957 5243 3164 5282 sacram
3212 5226 3526 5280 eﬁundebat

1949 5323 2279 5386 doctrinam,
2313 5337 2343 5376 a
2387 5322 2533 5376 nulla
2573 5337 2735 5374 manu
2771 5333 3052 5382 accensus,
3083 5332 3179 5387 per
3221 5330 3406 5370 sacras
3431 5329 3524 5367 ca-

1952 5423 2107 5469 tenas
2130 5417 2303 5485 serpit
2334 5415 2388 5468 in
2413 5414 2604 5468 altum.
2625 5412 2829 5467 Deinde
2851 5427 2974 5466 cum
3007 5418 3207 5464 tectum
3233 5406 3522 5469 exedisset,

1953 5508 2222 5578 processit
2262 5523 2360 5577 per
2399 5521 2667 5562 summam
2717 5502 3061 5574 superﬁciem
3092 5496 3518 5554 venerandarum

1953 5601 2172 5656 aedium.
2209 5599 2344 5656 llinc
2372 5614 2498 5656 cum
2527 5599 2828 5656 vehemens
2850 5605 3046 5653 ventus
3072 5592 3343 5648 ﬂammam
3376 5587 3516 5643 iuva»
