3834 6510
349 329 484 398 118Ἱ

1602 325 1884 386 MENSIS
1915 325 2366 386 JANUARIUS.

3467 320 3612 386 “88

345 441 528 505 sisset,
555 452 674 493 eam
704 437 758 491 in
789 435 1008 492 domum
1038 442 1259 490 senatus
1293 442 1504 498 evocat,
1527 449 1647 504 qua:
1667 433 1773 486 sita
1805 439 1909 484 eral

2025 432 2117 485 ἐπὶ
2165 431 2256 485 τόν
2283 431 2379 501 τῆς
2433 429 2740 500 συγκλήτου
2767 429 3058 501 γερουσίας
3083 425 3231 484 οἷκον
3260 428 3350 483 διὰ
3387 431 3612 502 μακροῦ

342 531 502 602 longo
549 528 751 583 abhinc
788 527 982 595 spatio.
1029 527 1153 582 Erat
1188 537 1369 582 autem
1425 540 1512 580 res
1546 524 1702 579 valde
1742 521 1916 577 admi-

344 622 546 685 rabils,
570 620 1024 690 quemadmodum
1074 619 1288 674 ﬂamma
1321 631 1578 688 tanquam
1613 618 1912 672 animatum

340 713 644 786 quidpiam.
677 711 760 775 iis,
798 728 917 779 qua:
945 719 1102 765 erant
1134 711 1479 776 intermedia,
1520 708 1831 779 pepercerit
1859 714 1917 761 et

341 823 404 863 ea
432 803 747 861 transilierit
780 821 792 857 :
841 821 910 860 ne
945 813 1127 874 posset
1161 792 1357 872 aliquis
1406 802 1482 866 id,
1526 801 1671 870 quod
1712 800 1914 854 factum

341 900 538 963 fuerat,
581 895 1190 960 ascribere-vicinitati,
1226 905 1280 948 et
1313 904 1422 949 tam
1474 909 1730 964 magnum
1778 905 1915 961 opus

340 997 395 1044 et
421 999 529 1043 tam
555 990 898 1054 diuturnum,
927 988 1149 1043 materia
1179 979 1398 1056 quidem
1429 985 1911 1056 pretiosissimum,

339 1083 747 1153 pulchritudine
769 1091 949 1135 autem
971 1080 1453 1150 speciosissimum,
1474 1087 1724 1132 exustum
1753 1076 1912 1131 trium

340 1175 595 1229 horarum
631 1175 828 1245 spatio,
850 1175 1126 1228 redactum
1155 1173 1225 1228 sit
1250 1173 1302 1226 in
1339 1171 1584 1225 niltiium.
1605 1170 1694 1224 Sic
1727 1179 1910 1224 autem

339 1266 482 1336 ignis
514 1283 740 1337 serpens
777 1277 831 1321 et
873 1262 924 1320 ἢ]
957 1269 1143 1322 orbem
1193 1267 1514 1336 depaSeens,
1565 1264 1663 1318 soli
1723 1280 1913 1318 rursus

339 1361 515 1428 parcit
557 1363 900 1427 domunculae
932 1363 982 1414 in
1017 1378 1120 1431 qua
1171 1363 1535 1415 servabantur
1581 1371 1707 1410 vasa
1737 1372 1907 1410 sacra.

339 1448 492 1514 Quod
519 1452 739 1519 quidem
800 1468 907 1506 non
952 1453 1156 1519 absque
1213 1450 1306 1503 Dei
1359 1447 1585 1502 numine
1632 1461 1734 1500 nec
1779 1461 1910 1502 casu

340 1540 537 1595 factum
567 1552 652 1596 est
683 1561 694 1596 :
741 1543 834 1598 sed
875 1557 943 1596 ne
991 1539 1340 1612 syc0phantis
1370 1538 1638 1609 praeberet
1663 1537 1909 1592 occasio-

337 1651 484 1698 nem.
527 1655 592 1693 ex
632 1653 908 1693 sacrorum
944 1651 1194 1693 vasorum
1255 1635 1498 1700 interitu,
1541 1641 1732 1688 sancto
1791 1634 1910 1688 viro

337 1730 582 1784 inurendi
631 1731 978 1785 calumniam.
1015 1729 1157 1795 Quid
1191 1727 1356 1798 ergo?
1389 1741 1515 1782 cum
1558 1727 1688 1780 hinc
1740 1741 1908 1792 opor-

2021 523 2118 578 τοῦ
2152 524 2320 595 μέσου
2349 524 2600 594 κείμενον
2627 524 2958 588 ἐκκαλεῖται,
2991 523 3247 594 καθάπερ
3279 523 3402 577 τινὰ
3425 523 3602 594 ἔμψυ-

2020 633 2113 686 χον
2143 615 2250 668 τῶν
2285 615 2488 685 μεταξῦ
2513 615 2872 686 φεισαμένην,
2898 614 2975 679 ὡς
3000 615 3075 686 μὴ
3099 617 3164 686 τῇ
3196 615 3460 686 ὲγγύτητί
3480 633 3610 669 τινα

2019 708 2163 778 ἔχειν
2187 709 2246 762 τὸ
2276 709 2499 777 γεγονὸς
2524 709 2851 780 ἐπιγράφειν
2873 722 2887 738 ·
2916 710 3012 761 καὶ
3039 707 3208 777 τριῶν
3237 708 3398 778 ὡρῶν
3431 709 3605 778 ἔργον

2015 801 2257 854 τοιοῦτον
2295 800 2435 870 μέγα
2467 802 2561 855 καὶ
2616 801 2985 871 πολυχρόνιον,
3032 800 3132 872 ὕλῃ
3169 800 3268 870 μὲν
3305 799 3606 854 πολυτελέ-

2026 910 2241 956 στατον,
2295 891 2482 946 κάλλει
2514 893 2572 946 δὲ
2627 893 2980 963 ὡραιότατον,
3013 892 3279 946 ὲκκανθὲν
3309 893 3391 952 είς
3424 891 3601 955 ἅπαν,

2017 985 2155 1056 πρὸς
2191 984 2251 1039 τὸ
2290 984 2365 1056 μὴ
2391 985 2448 1039 ὃν
2469 985 2662 1056 ᾤχετο.
2695 983 2854 1040 Οὕτω
2879 985 2938 1038 δὲ
2977 985 3253 1056 παραθέον
3271 986 3331 1036 τδ
3362 983 3473 1049 πῦρ
3497 984 3600 1038 καὶ

2015 1079 2083 1131 τὰ
2105 1077 2288 1148 κύκλῳ
2321 1077 2729 1148 διανεμόμενον,
2761 1077 2921 1148 μόνου
2961 1075 3054 1130 τοῦ
3081 1076 3324 1130 οίκίσκου
3357 1075 3606 1145 φείδεται

2016 1172 2196 1236 πάλιν,
2229 1173 2286 1226 ὲν
2311 1164 2354 1237 ᾧ
2387 1170 2496 1224 τῶν
2546 1171 2707 1241 ἱερῶν
2739 1171 2948 1223 σκευῶν
2991 1170 3241 1240 ἐτηρεῖτο
3265 1169 3324 1221 τὸ
3357 1164 3595 1237 πλῆθος,

2014 1265 2074 1318 οὐ
2111 1265 2202 1318 τὸν
2236 1265 2437 1335 χρυσὸν
2478 1262 2896 1333 εὐλαϐούμενον,
2929 1262 3050 1316 οὐδὲ
3107 1262 3204 1332 τὴν
3243 1262 3408 1330 ἄλλην
3437 1261 3601 1331 ὓλην,

2013 1358 2090 1420 ὡς
2123 1357 2189 1410 ἂν
2217 1358 2360 1410 είποι
2403 1373 2507 1419 τις,
2561 1355 2658 1425 τὴν
2691 1356 2901 1425 τιμίαν,
2957 1355 3072 1409 ἀλλ’
3107 1355 3190 1408 ἵνα
3230 1354 3306 1427 μὴ
3340 1357 3454 1418 τοῖς
3498 1372 3601 1406 συο

2014 1449 2309 1518 κοφάνταις
2355 1447 2540 1517 χώραν
2572 1447 2828 1518 παράσχῃ
2862 1445 3138 1517 διαϐολῆς,
3184 1447 3278 1500 καὶ
3338 1448 3604 1499 ὑπόνοιαν

2015 1538 2356 1607 ὑφαιρέσεως
2373 1539 2437 1607 τῇ
2451 1535 2557 1589 τῶν
2576 1535 2874 1606 κειμηλίων
2893 1536 3139 1607 ἀπωλείᾳ
3163 1536 3238 1605 τῷ
3253 1535 3396 1605 ἁγίῳ
3424 1551 3606 1604 προσ-

2001 1621 2266 1700 τρίψουσι.
2309 1629 2373 1682 Τί
2416 1623 2546 1695 οὗνς
2579 1628 2693 1680 δέον
2737 1625 2986 1680 ἐντεῦθεν
3015 1627 3141 1688 τοὺς
3177 1627 3470 1695 πονηροὺς,
3521 1626 3605 1688 ὡς

2011 1722 2168 1777 ἁλιέα
2195 1720 2494 1792 πληγέντα,
2519 1721 2674 1789 φασὶ,
2705 1719 2829 1774 νοῦν
2863 1720 3052 1781 οἴσειν,
3079 1720 3126 1772 οἱ
3160 1719 3216 1772 δὲ
3248 1718 3345 1772 καὶ
3375 1718 3600 1788 πρόφα-

337 1827 479 1874 teret
528 1820 806 1890 improbos
841 1831 1098 1890 tanquam
1149 1787 1491 1890 percussum,
1522 1827 1578 1872 ut
1617 1817 1789 1881 aiunt,
1823 1817 1907 1886 pi-

2019 1809 2100 1866 σιν
2129 1812 2287 1866 τοῦτο
2307 1811 2666 1880 ποιησάμενοι
2693 1810 2788 1862 τοῦ
2823 1810 3010 1872 κακῶς
3038 1810 3190 1880 δρᾷν,
3219 1809 3450 1869 πολλοὺς
3472 1807 3587 1860 τῶν

337 1892 601 1965 διτοιοιεεῐη
635 1927 824 1980 sapere
855 1929 868 1966 :
907 1912 981 1965 illi
1027 1911 1167 1965 male
1202 1910 1433 1966 faciendi
1467 1910 1596 1964 hinc
1641 1910 1904 1980 majorem

335 2014 615 2059 sumentes
650 2004 998 2069 occasionen,
1038 2003 1338 2073 pergebant
1369 2018 1431 2056 ea
1467 2003 1745 2071 persequi,
1783 2017 1904 2071 quae

333 2095 582 2150 solebant
610 2113 626 2154 :
665 2106 726 2158 et
753 2097 958 2152 multos
982 2096 1197 2165 quidem
1234 2112 1298 2150 ex
1331 2093 1604 2165 episcopis
1631 2106 1687 2148 et
1723 2109 1906 2148 sacer-

2013 1907 2347 1969 ὲπισκόπων,
2383 1903 2582 1976 μᾶλλον
2601 1904 2692 1957 καὶ
2729 1903 2940 1973 ἱερέων,
2999 1903 3094 1958 καὶ
3143 1901 3252 1954 τῶν
3282 1900 3460 1956 ἄλλων
3487 1901 3602 1952 τῶν

2011 1999 2112 2066 τῆς
2155 1996 2402 2051 Ἰωάννου
2438 1996 2637 2066 μοίρας
2668 1994 2950 2059 ἐκόλαζον,
2977 1995 3078 2046 ὑπὸ
3105 1994 3316 2046 τούτων
3346 1993 3604 2060 λέγοντες

2017 2088 2389 2161 ὑποϐληθῆναι
2423 2089 2482 2142 τὸ
2525 2088 2637 2160 πῦρ
2699 2087 2778 2158 τῷ
2825 2088 3142 2160 πατριάρχῃ
3193 2084 3599 2157 χαριζομένων.

334 2187 576 2250 dotibus,
626 2189 827 2242 multos
870 2198 1054 2244 autem
1097 2205 1164 2242 ex
1211 2189 1330 2244 aliis
1359 2203 1598 2259 quoque,
1639 2186 1730 2256 qui
1781 2185 2037 2241 favebant
2106 2184 2352 2256 partibus
2416 2183 2665 2249 Joannis,
2731 2183 3086 2238 vehementer
3137 2180 3461 2250 puniebant,
3499 2178 3593 2232 di-

336 2292 528 2338 centes
591 2283 760 2338 abiis
807 2285 985 2354 ignem
1021 2283 1188 2339 fuisse
1242 2285 1524 2355 injectum,
1573 2284 1702 2338 dum
1744 2283 1946 2337 vellent
1987 2282 2165 2336 facere
2238 2295 2350 2335 rem
2401 2288 2610 2351 gratam
2671 2277 3022 2348 patriarchae.
3077 2275 3184 2330 Sed
3229 2282 3600 2346 persequatur

331 2378 508 2434 oratio
546 2393 633 2440 ea,
664 2395 784 2448 quae
816 2390 1247 2449 consequuntur,
1280 2388 1335 2434 et
1384 2379 1661 2448 quomodo
1719 2392 1777 2432 se
1831 2376 2082 2431 habuerit
2111 2375 2387 2438 exsilium,
2417 2374 2732 2445 singulatim
2757 2372 3015 2428 declaret.

400 2467 486 2522 Li.
515 2467 602 2523 Sic
625 2485 753 2540 ergo
771 2485 997 2540 magnus
1015 2473 1178 2527 homo
1199 2473 1288 2527 Dei
1311 2485 1364 2527 et
1385 2471 1713 2526 fortissimus
1731 2469 1904 2523 athle-

328 2567 383 2614 ta
409 2560 670 2625 veritatis,
698 2577 727 2615 a
755 2563 913 2617 saevis
944 2563 1210 2618 militibus
1231 2563 1536 2618 ducebatur
1553 2563 1606 2616 in
1629 2562 1904 2633 quoddam

325 2651 602 2707 desertum
618 2653 890 2708 Armenia:
901 2655 1218 2724 oppidulum
1233 2656 1454 2711 nomine
1471 2656 1746 2711 Cucusum
1767 2655 1901 2725 (ᾇὸ),

328 2746 514 2801 multis
560 2754 710 2802 tunc.
734 2755 789 2802 et
835 2747 1053 2802 assidue
1093 2747 1293 2804 lsauris
1323 2748 1375 2804 id
1420 2749 1900 2820 depopulantibus,

2082 2469 2212 2523 NA'.
2233 2467 2393 2523 Οὕτω
2411 2469 2508 2538 μὲν
2537 2467 2628 2520 οὖν
2657 2469 2684 2519 ὁ
2711 2468 2884 2537 μέγας
2913 2461 3003 2520 τοῦ
3027 2463 3162 2517 Θεοῦ
3179 2462 3470 2534 ἄνθρωπος
3499 2460 3601 2518 καὶ

2008 2558 2104 2627 τῆς
2118 2557 2375 2623 ἀληθείας
2396 2559 2706 2627 ἀγωνιστὴς
2723 2557 2954 2627 ἄμαχος,
2973 2556 3077 2608 ὑπὸ
3097 2553 3447 2626 στρατιωτῶν
3467 2555 3603 2624 ἦγε-

2008 2667 2071 2704 το
2101 2652 2178 2713 εἰς
2207 2648 2411 2721 ἔρημόν
2436 2667 2488 2702 τι
2516 2651 2614 2720 τῆς
2649 2648 2938 2719 Ἀρμενίας
2969 2647 3243 2718 πολίχνιον
3262 2647 3604 2718 (Κουκουσὺς

2008 2743 2228 2813 ὄνομα),
2251 2742 2465 2796 πολλῶν
2479 2742 2611 2795 αὐτὸ
2626 2742 2752 2795 τότε
2776 2741 2870 2796 καὶ
2886 2742 3121 2812 συνεχῶς
3153 2739 3296 2795 Ἰσαύ
3303 2757 3413 2812 ρων
3428 2757 3604 2795 κατα-

329 2848 384 2892 et
415 2838 759 2894 incursiones
801 2839 1148 2895 facientibus.
1185 2840 1308 2895 Fuit
1339 2847 1528 2896 autem
1566 2841 1669 2896 hoc
1701 2841 1902 2895 fartum

2019 2837 2332 2909 τρεχόντων.
2375 2836 2656 2907 Ἑπίτηδες
2681 2832 2835 2906 οἶμαι
2861 2835 3018 2889 τοῦτο
3035 2833 3438 2905 γενόμενον,ὠς
3458 2833 3602 2904 μετά

326 2928 599 2991 consulto,
627 2939 686 2983 ut
722 2930 982 2995 arbitror,
1017 2939 1076 2985 ut
1101 2947 1224 2984 cum
1266 2930 1385 2985 aliis
1416 2931 1595 2996 malis,
1642 2932 1909 2986 inimicis-

2019 2929 2126 2982 τῶν
2161 2930 2338 2983 ἄλλων
2363 2928 2550 2984 κακῶν
2599 2930 2694 2981 καὶ
2736 2926 2922 2996 χερσὶν
2958 2925 3122 2981 αὐτὸν
3166 2927 3287 2990 ταῖς
3317 2925 3600 2996 ἐχθίσταις

328 3019 482 3074 simis
510 3034 728 3090 quoque
755 3036 944 3074 eorum
975 3022 1226 3075 manibus
1258 3021 1583 3076 traderetur.
1615 3021 1747 3088 Qua-
1775 3038 1907 3077 vero

2019 3021 2400 3092 παραδοθῆναι.
2439 3019 2507 3073 "A
2533 3019 2597 3090 δὴ
2625 3019 2768 3073 κατά
2799 3020 2896 3090 τὴν
2927 3016 3045 3071 ὁδὸν
3070 3017 3300 3088 ὑπέστη.
3325 3020 3420 3070 καὶ
3448 3015 3601 3078 ὅσοις

327 3114 417 3168 ille
445 3113 497 3167 in
524 3114 612 3168 via
648 3129 840 3183 passus
863 3114 954 3180 sit,
987 3123 1041 3167 et
1072 3129 1196 3167 cum
1222 3129 1381 3183 quam
1409 3114 1592 3168 multis
1618 3114 1906 3168 decertans

2019 3112 2071 3183 Ξὴ
2101 3114 2196 3166 καὶ
2222 3113 2431 3182 ἡλίκοις
2476 3111 2726 3164 παλαίων
2769 3111 2996 3174 κακοῖς,
3042 3109 3151 3162 οὐδ’
3190 3107 3364 3172 οὕτως
3400 3108 3600 3177 ἠμέλει

326 3205 509 3271 malis,
551 3220 652 3258 nec
683 3205 763 3258 sic
791 3205 1010 3273 quidem
1057 3205 1320 3274 abjecerit
1355 3221 1539 3259 curam
1585 3206 1681 3260 Dei
1718 3207 1906 3260 Eccle-

328 3295 554 3358 siarum,
592 3311 885 3362 quemnam
939 3297 1106 3352 alium
1147 3308 1242 3352 aut
1275 3299 1595 3368 jucundius,
1627 3308 1723 3355 aut
1752 3315 1909 3370 aper-

331 3387 457 3450 tius,
473 3396 565 3441 aut
585 3389 764 3443 verius
780 3389 1048 3444 dicentem
1068 3391 1376 3455 audiemus,
1393 3408 1555 3462 quam
1573 3392 1728 3446 illum
1747 3391 1909 3444 ?lla2c

329 3479 497 3546 enim,
531 3479 583 3532 in
620 3496 724 3534 una
750 3481 1000 3550 epistola,
1031 3497 1192 3551 quam
1229 3484 1297 3537 ad
1325 3499 1456 3539 suos
1476 3485 1688 3551 scribit,
1713 3490 1910 3538 tractat

329 3570 510 3642 lingua
541 3573 628 3627 illa
655 3588 839 3628 aurea.
868 3574 922 3628 Si
947 3573 1093 3628 enim
1124 3590 1400 3630 carcerem
1425 3576 1700 3641 habitatis,
1733 3583 1788 3630 et
1811 3589 1902 3628 ca-

329 3672 454 3718 tena
486 3663 651 3718 vincti
671 3665 822 3730 estis,
852 3674 907 3720 et
933 3680 1055 3719 eum
1084 3666 1342 3734 squalidis
1369 3676 1423 3720 et
1445 3666 1681 3721 sordidis
1711 3667 1907 3723 inclusi

328 3756 484 3818 estis,
517 3767 802 3826 propterea
834 3759 977 3827 quod
1020 3774 1130 3813 non
1157 3759 1533 3814 assentiamini
1582 3775 1774 3814 eorum
1803 3760 1912 3815 ini-

327 3848 540 3916 quitati,
579 3849 846 3903 exsultate
872 3858 928 3904 et
980 3850 1258 3917 Iretemini,
1294 3838 1632 3906 coronemini
1675 3859 1730 3907 et
1777 3853 1912 3908 cho-

332 3954 424 3994 ros
472 3940 696 4005 ducite,
742 3942 886 4010 quod
938 3940 1054 3997 haec
1118 3943 1231 3997 sint
1305 3943 1462 3998 vobis
1540 3943 1757 3998 occasio
1816 3959 1913 3999 co-

329 4029 609 4098 piosarum
673 4031 1006 4086 mercedum.
1083 4032 1216 4087 Nam
1285 4047 1389 4086 nos
1460 4047 1680 4103 quoque
1760 4036 1914 4090 tabe-

333 4121 456 4175 faeti
518 4130 573 4176 et
619 4123 925 4192 consumpti
980 4139 1211 4179 sumus:
1256 4134 1460 4179 mortes
1521 4126 1666 4194 passi
1723 4141 1914 4184 sumus

332 4228 406 4265 nn
416 4213 759 4268 umerabiles.
778 4212 899 4269 Haec
912 4225 1094 4270 autem
1112 4225 1342 4285 possunt
1359 4216 1556 4270 melius
1574 4219 1909 4287 renuntiare,

332 4304 426 4373 qui
476 4304 560 4358 vel
621 4305 770 4360 brevi
818 4307 1080 4376 temporis
1125 4315 1404 4360 momento
1449 4306 1734 4367 nobiscum
1781 4321 1912 4366 sunt

333 4396 530 4451 versati
567 4416 580 4451 :
618 4413 739 4451 cum
767 4397 965 4467 quibus
1009 4413 1080 4452 ne
1119 4397 1269 4467 potui
1307 4397 1524 4467 quidem
1566 4401 1746 4471 loqui,
1783 4419 1909 4458 cum

334 4502 628 4556 oppressus
657 4502 836 4542 essem
870 4488 1104 4542 assiduis
1137 4487 1398 4544 febribus.
1433 4489 1640 4555 Quibus
1669 4508 1793 4548 cum
1832 4495 1910 4548 la-

335 4579 605 4642 borarem,
641 4587 695 4634 et
730 4588 896 4634 noctu
943 4589 998 4634 et
1029 4579 1265 4634 interdiu
1296 4583 1526 4652 cogebar
1551 4583 1656 4638 iter
1677 4584 1909 4655 ingredi,

331 4682 388 4726 et
421 4680 555 4725 azstu
580 4671 856 4738 obsessus,
895 4680 951 4726 et
990 4671 1169 4742 vigilia
1202 4673 1477 4742 perditus,
1505 4683 1563 4729 et
1601 4674 1910 4743 privatione

334 4763 790 4827 necessariorum,
823 4772 878 4816 et
915 4773 1155 4833 egestate
1193 4779 1415 4827 eorum,
1448 4763 1541 4833 qui
1577 4765 1685 4819 mei
1724 4781 1912 4821 curam

333 4863 602 4923 gererent.
626 4854 695 4908 lis
723 4855 891 4917 enim,
915 4856 1005 4924 qui
1032 4855 1273 4920 metalla,
1303 4855 1535 4922 fodiunt,
1573 4865 1630 4911 et
1660 4873 1908 4914 carceres

336 4945 602 5012 habitant,
651 4947 898 5016 graviora
953 4947 1097 5015 passi
1148 4962 1337 5002 sumus
1378 4956 1434 5001 et
1479 4949 1736 5017 patimur.
1806 4950 1910 5007 Vix

331 5039 552 5092 tandem
600 5049 782 5094 autem
839 5037 1062 5109 perveni
1119 5037 1442 5109 (lassat-eam,
1500 5047 1756 5110 tanquam
1817 5043 1910 5112 qui

329 5131 604 5185 venissem
667 5145 698 5184 a
765 5138 1086 5198 tempestate
1115 5130 1170 5183 in
1202 5139 1438 5200 portum.
1512 5131 1619 5186 Sed
1664 5149 1766 5189 nec
1827 5136 1913 5190 hic

330 5231 523 5292 portus
558 5221 730 5290 potuit
758 5235 1006 5276 recreare
1050 5221 1191 5274 mala
1255 5220 1538 5287 ﬂuctuum,
1599 5224 1738 5279 adeo
1810 5240 1912 5281 nos

328 5316 561 5370 omnino
588 5315 737 5384 prius
785 5323 999 5384 tempus
1035 5313 1364 5370 confecerat.
1407 5315 1513 5372 Sed
1566 5326 1749 5372 tamen
1787 5334 1912 5374 cum

330 5408 603 5462 venissem
649 5407 950 5462 Caesaream
979 5447 992 5470 ,
1042 5422 1153 5461 non
1201 5421 1390 5476 parum
1426 5407 1714 5478 respiravi,
1767 5410 1911 5480 quod

327 5512 528 5566 aquam
600 5497 711 5552 bibi
764 5511 979 5567 puram,
1055 5496 1199 5565 quod
1271 5512 1465 5567 panem
1516 5498 1724 5568 sumpsi
1801 5516 1911 5554 non

329 5591 598 5660 olentem,
629 5606 730 5646 nec
762 5591 979 5656 durum,
1006 5589 1151 5659 quod
1176 5603 1288 5643 non
1318 5588 1553 5659 amplius
1584 5589 1661 5645 fui
1693 5592 1912 5648 ablutus

2009 3203 2104 3258 τοῦ
2125 3203 2222 3266 τὰς
2264 3203 2596 3270 Ἐκκλησίας
2613 3201 2706 3256 τοῦ
2727 3200 2860 3254 Θεοῦ
2887 3200 3069 3264 καλῶς
3103 3198 3268 3271 ἔχειν,
3303 3200 3450 3262 τίνος
3481 3198 3601 3270 ἑτέ·

2011 3316 2104 3371 ρου
2125 3297 2397 3367 λέγοντος,
2417 3296 2450 3369 ἢ
2469 3296 2698 3361 ἐκείνου,
2723 3295 2949 3369 ἧδιον,ῆ
2973 3293 3325 3364 σαφέστερον,
3350 3291 3602 3364 ἦάληθέ-

2013 3408 2100 3444 στε
2113 3408 2225 3461 ρον,
2259 3389 2554 3460 ἀκούοιμεν
2571 3389 2668 3455 iv;
2697 3389 2794 3442 καὶ
2821 3387 2990 3440 ταῦτα
3008 3387 3117 3458 γὰρ
3141 3388 3198 3438 ὲν
3222 3385 3320 3455 μιᾷ
3336 3383 3446 3436 τῶν
3473 3387 3599 3437 ἑπι-

2013 3483 2214 3536 στολῶν
2239 3483 2272 3552 ὴ
2309 3483 2486 3552 χρυσῆ
2511 3482 2726 3550 γλῶττα
2752 3480 2889 3549 πρὸς
2917 3479 3043 3541 τοὺς
3059 3479 3160 3548 τῆς
3190 3475 3355 3532 αὑτοῦ
3378 3475 3601 3546 μερίδος

2013 3576 2197 3646 φησίν
2225 3576 2289 3628 Εί
2318 3575 2534 3646 γὰρκαὶ
2561 3574 2935 3645 δεσμωτήριον
2964 3574 3184 3638 οἰκεῖτε,
3217 3571 3311 3624 καὶ
3332 3569 3597 3624 ἀλύσεσιν

2014 3666 2351 3737 περίκεισθε,
2381 3666 2476 3719 καὶ
2497 3666 2636 3734 μετά
2668 3664 2778 3720 τῶν
2799 3663 3136 3736 αὐχμώντων
3171 3664 3264 3717 καὶ
3292 3662 3600 3735 ρυπώντων

2015 3758 2137 3812 ἐστὲ
2165 3755 2684 3828 κατακεκλεισμένοι
2733 3757 2920 3812 ἕνεκεν
2952 3757 3047 3811 τοῦ
3097 3756 3172 3827 μὴ
3204 3754 3494 3809 συνθέσθαι
3524 3755 3622 3825 τῇ-

2013 3849 2215 3904 τούτων
2241 3851 2579 3922 παρανομίᾳ,
2605 3850 2720 3904 ἀλλ’
2743 3849 2836 3904 οὖν
2864 3850 3124 3919 σκιρτᾶτε
3171 3848 3268 3901 καὶ
3299 3846 3600 3916 ἀγγαλλιᾶς

2017 3943 2132 4008 σθε,
2168 3942 2537 4011 στεφανοῦσθε
2566 3942 2662 3996 καὶ
2685 3941 2963 4014 χορεύετε,
2991 3941 3073 3994 ὅτι
3096 3939 3298 4009 πολλῆς
3320 3936 3596 4008 ιμπορίας

2016 4035 2144 4106 ὑμῖν
2179 4035 2436 4098 ὑπόθεσις
2475 4035 2647 4088 ταῦτα
2669 4051 2683 4065 ·
2735 4034 2860 4087 ἐπεὶ
2894 4033 2989 4087 καὶ
3016 4033 3179 4104 ᾑμεῖς
3207 4028 3594 4098 ἀνηλώθημεν,

2014 4125 2461 4196 ὲδαπανήθημεν,
2509 4125 2724 4196 μυρίοις
2777 4124 3126 4193 ἀπεθάνομεν
3170 4120 3460 4183 θανάτοιςο
3497 4118 3598 4172 καὶ

2014 4218 2184 4271 ταῦτα
2236 4218 2416 4271 ἴσασιν
2457 4216 2846 4288 ἀκριδέστερον
2883 4215 3202 4284 ἀναγγεῖλαι
3237 4217 3285 4268 οι
3333 4215 3428 4268 καὶ
3460 4213 3598 4284 βρα-

2016 4310 2168 4380 χεῖαν
2196 4308 2368 4379 ῥοπὴν
2391 4309 2523 4378 ἡμῖν
2555 4306 2944 4376 συγγενόμενοι
2970 4319 2985 4337 ο
3021 4305 3160 4374 πρὸς
3187 4303 3284 4367 οὓς
3311 4303 3436 4356 οὐδὲ
3476 4305 3596 4356 δια-

2020 4400 2274 4472 λεχθῆναί
2290 4399 2643 4470 τιὲδυνήθην,
2663 4396 2770 4451 ὑπὸ
2780 4399 2887 4452 τῶν
2905 4398 3142 4467 συνεχῶν
3161 4395 3414 4468 πυρετῶν
3432 4413 3603 4450 κατα-

2019 4495 2182 4564 δεσλη
2193 4493 2372 4563 μένοςο
2398 4491 2492 4555 οὓς
2523 4491 2661 4561 ἔχων
2685 4492 2779 4544 καὶ
2802 4492 2858 4543 ὲν
2874 4491 3029 4542 νυκτὶ
3055 4488 3151 4542 καὶ
3183 4488 3440 4560 ὲνὴμέρᾳ
3466 4488 3604 4541 ὁδοι-

2021 4587 2208 4656 πορεῖν
2239 4582 2651 4656 ὴναγκαζόμην,
2676 4582 2772 4634 καὶ
2792 4577 3296 4649 θάλπειπολιορκού
3305 4593 3488 4648 μενος,
3505 4580 3602 4630 καὶ

2019 4655 2124 4729 ὑπδ
2139 4674 2443 4745 ἀγρυπνίας
2457 4655 3030 4744 διαφθειρόμενος,καὶ
3047 4671 3150 4725 ὑπὸ
3165 4671 3268 4740 τῆς
3284 4669 3396 4723 τῶν
3412 4673 3605 4741 ἐπιτη-

2019 4767 2176 4820 δείων
2199 4766 2432 4838 ἐρημίας
2456 4766 2854 4836 ἀπολλύμενος,
2891 4766 2984 4819 καὶ
3016 4765 3115 4836 τῆς
3151 4763 3259 4818 τῶν
3288 4780 3604 4834 προστησο-

2024 4861 2200 4931 μένων
2239 4859 2492 4930 ἀπορίας.
2522 4850 2631 4912 Καῖ
2654 4861 2763 4930 γάρ
2802 4858 2910 4913 τῶν
2939 4857 3010 4912 τὰ
3035 4859 3274 4932 μέταλλα
3293 4857 3604 4928 ἐργαζομέ-

2021 4969 2150 5019 νων,
2206 4952 2300 5005 mi.
2329 4952 2398 5006 τὰ
2449 4952 2806 5022 δεσμωτήρια
2856 4951 3182 5015 οίκοὺντων,
3236 4950 3601 5021 χαλεπώτερα

2021 5045 2116 5096 καὶ
2147 5043 2498 5113 πεπόνθαμεν
2555 5042 2647 5096 καὶ
2695 5043 3000 5114 πάσχομεν.
3037 5041 3165 5113 Ὀψὲ
3223 5043 3282 5095 δέ
3342 5059 3472 5095 ποτε
3505 5045 3601 5096 καὶ

2024 5133 2178 5205 μόλις
2215 5134 2479 5205 ἐπέτυχον
2521 5136 2620 5205 τῆς
2651 5135 3006 5206 Καισαρείας,
3061 5133 3138 5198 ὡς
3167 5135 3276 5190 ἀπὸ
3330 5136 3603 5207 χειμῶνος

2017 5226 2099 5289 είς
2127 5225 2324 5296 λιμένα
2365 5226 2568 5281 ἐλθών·
2613 5226 2728 5280 ἀλλ’
2771 5227 2891 5280 οὐδὲ
2928 5228 2956 5279 ὁ
2984 5225 3150 5297 λιμὴν
3190 5219 3346 5290 οὗτος
3375 5230 3604 5298 ἴσχυσεν

2019 5318 2431 5389 ἀνακτήσασθαι
2483 5321 2552 5372 τὰ
2604 5319 2711 5373 ἀπὸ
2760 5319 2852 5374 τοῦ
2888 5319 3182 5374 κλυδωνίου
3231 5322 3417 5375 κακά’
3452 5319 3603 5374 οὕτω

2019 5411 2277 5476 καθάπαξ
2332 5413 2480 5483 ἡμᾶς
2532 5412 2928 5482 ό⁴ἔμπροσθεν
2951 5413 3140 5483 χρόνος
3174 5415 3600 5482 κατειργάσατο.

2033 5503 2174 5556 Ἀλλ’
2209 5504 2360 5575 ὅμως
2411 5502 2582 5558 ἐλθὼν
2632 5504 2709 5566 et;
2741 5503 2840 5575 τὴν
2873 5503 3234 5573 Καισάρειαν,
3279 5503 3340 5556 οὐ
3399 5502 3602 5573 μικρὸν

2020 5595 2281 5667 ἁνέψυξα,
2309 5597 2390 5651 ὅτι
2425 5596 2521 5653 καὶ
2563 5596 2752 5660 ὓδατος
2784 5595 2933 5650 ἔπιον
2955 5592 3221 5667 καθαροῦ,
3243 5594 3327 5649 δτι
3367 5596 3460 5648 καὶ
3492 5595 3599 5666 ἂρ·

408 5753 518 5819 (45)
555 5751 879 5822 Deportatnr
908 5747 1202 5815 (Incusum,
1249 5764 1336 5802 an.
1389 5748 1525 5815 ιοιι,
1572 5758 1629 5802 ιιι
1681 5759 1830 5804 notat
1883 5749 2077 5807 Baron.
