3834 6478
212 315 357 389 ῐ189

1242 327 1413 393 VITA
1452 333 1511 393 S.
1550 333 1871 397 IOANNIS
1903 338 2461 407 CHRYSOSTOMI.

3332 340 3470 411 1190

209 449 308 528 του
353 430 455 528 οὐκ
504 431 783 501 όδωδότος.
824 437 946 495 οὐδὲ
988 442 1430 513 κατεσκληκότος
1459 445 1783 515 μετέλαϐον,

1906 452 2205 524 'ragmentis
2251 460 2543 526 doliorum,
2586 460 2682 517 sed
2738 457 2921 515 inveni
2969 456 3226 513 balneum
3281 457 3472 528 quale-
3522 470 3533 479 '

211 524 297 578 ὅτι
323 523 510 577 ούκέτι
556 527 616 578 ἐν
665 530 780 592 τοῖς
810 530 1090 602 κλάσμασι
1140 534 1252 588 τῶν
1284 536 1463 590 πίθων
1491 538 1781 610 ἐλουόμην,

214 614 332 668 ἀλλ’
350 610 510 687 εὖρον
536 617 816 687 βαλανεῖον
848 616 960 676 οἷον
984 623 1205 695 δήποτε,
1239 626 1321 681 ὅτι
1356 628 1678 700 συγκεχώρη
1693 649 1793 701 μαι

211 705 351 769 τέως
368 710 434 776 τῇ
471 708 625 781 κλίνῃ
661 713 1068 784 προσηλῶσθαι.
1114 717 1270 788 Ἐνῆν
1297 721 1390 773 καὶ
1423 721 1645 776 πλείονα
1668 723 1791 778 τού-

216 814 328 851 των
360 800 556 865 είπείν,
586 802 699 854 ἀλλ’
724 804 810 857 ἵνα
840 805 915 876 μὴ
946 807 1150 879 σφόδρα
1176 808 1428 882 λυπήσω,
1469 814 1631 886 μέχρι
1667 816 1793 870 τού-

215 907 326 942 των
367 890 557 962 ἵστημι
586 927 589 930 ν
615 894 793 949 ἐκεῖνο
839 898 1153 968 προστιθείς
1183 916 1200 934 ο
1261 901 1343 956 ὅτι
1402 903 1479 975 μὴ
1542 905 1790 979 παύσητε

217 983 569 1074 όνειδίζοντες
594 990 721 1052 τοὺς
773 992 1105 1059 ἀγαπῶντας
1152 996 1320 1066 ἡμᾶς.
1352 998 1652 1065 Τοσούτους
1683 1002 1792 1074 γὰρ

218 1070 435 1140 έχοντες
482 1075 740 1145 ἐραστὰς,
771 1080 867 1132 καὶ
890 1083 1163 1155 τοσαύτην
1192 1085 1421 1158 δύναμιν
1461 1070 1791 1164 περιϐεϐληζ

224 1164 439 1234 μένους,
475 1164 599 1219 οὐδὲ
651 1169 831 1222 αὐτῶν
857 1171 1221 1246 τυγχάνομεν,
1246 1171 1322 1232 ὧν
1346 1181 1708 1251 τυγχάνουσιν
1740 1182 1792 1235 οἰ

220 1265 551 1331 κατέιδικοι,⁴
586 1266 727 1337 ῶστε
757 1272 836 1333 εἰς
867 1272 1222 1346 ἡμερώτερον
1244 1274 1341 1327 καὶ
1365 1273 1663 1345 ἐγγύτερόν
1689 1289 1791 1326 που

220 1360 691 1431 καταδικασθῆναι
723 1363 910 1417 τόπον·
943 1364 1080 1417 ἀλλὰ
1107 1365 1203 1418 καὶ
1233 1363 1328 1420 τοῦ
1385 1365 1636 1436 σώματος
1662 1367 1793 1436 ἡμῖν

227 1452 712 1525 ἀπαγορεύσαντος
747 1496 762 1519 ,
815 1458 912 1511 καί⁵
951 1457 1049 1511 τοῦ
1135 1457 1303 1527 φόϐου
1349 1458 1457 1511 τῶν
1533 1458 1811 1531 Ἰσαύρων,

222 1544 405 1598 πάντα
467 1545 904 1617 πολιορκοῦντος,
968 1548 1070 1618 τῆς
1106 1549 1309 1619 μικρᾶς
1346 1547 1548 1618 ταύτης
1578 1550 1673 1603 καὶ
1700 1549 1794 1603 εὐ-

222 1637 413 1702 τελοῦς
465 1639 565 1690 οὐκ
616 1638 956 1709 ἐπετύχομεν
977 1639 1218 1710 χάριτος.
1244 1640 1382 1706 Δόξα
1416 1639 1495 1711 τῷ
1548 1639 1668 1712 Θεῷ
1697 1642 1794 1695 καὶ

222 1729 315 1783 διὰ
343 1729 519 1783 τοῦτο·
551 1731 613 1784 ού
659 1732 948 1802 παυόμεθα
978 1732 1090 1802 γὰρ
1144 1732 1305 1785 αὑτὸν
1326 1734 1418 1786 ἐπὶ
1467 1736 1604 1788 πᾶσι
1637 1734 1795 1801 δοξά-

1897 565 2132 620 cunque,
2190 555 2332 623 quod
2392 562 2520 609 tunc
2575 553 2704 608 mihi
2771 566 3091 609 concessum
3161 543 3472 605 fuit'lecto

1896 642 2055 714 adigi.
2109 643 2356 700 Poteram
2409 645 2492 700 his
2525 646 2677 717 plura
2709 646 2891 702 dicere
2925 663 2938 699 :
2993 643 3089 699 sed
3130 659 3200 698 ne
3239 642 3470 698 nimium

1896 734 1997 790 sim
2035 736 2314 802 molestus,
2348 740 2629 812 hucusque
2667 741 2823 807 sisto,
2893 730 3025 794 illud
3063 739 3290 802 addens,
3322 738 3467 808 quod

1895 843 2007 882 non
2053 830 2276 884 cessetis
2304 833 2629 901 exprobrare
2665 834 2747 898 iis,
2793 834 2882 903 qui
2923 848 3022 887 nos
3051 832 3300 902 diligunt.
3332 830 3467 884 Nam

1895 935 2018 975 cum
2052 930 2157 976 tam
2193 925 2390 979 multos
2422 924 2738 992 habeamus,
2764 926 2854 995 qui
2893 940 2995 979 nos
3016 934 3220 988 amant,
3252 932 3305 979 et
3332 939 3469 993 quo-

1896 1029 2018 1068 rum
2063 1023 2146 1070 est,
2185 1023 2332 1070 tanta
2368 1017 2628 1086 potentia,
2654 1006 2737 1072 ine
2775 1033 2837 1072 ea
2879 1017 3099 1087 quidem
3130 1016 3471 1087 asquuimur

1899 1122 2020 1175 quae
2044 1106 2415 1172 condemnati,
2448 1116 2506 1162 ut
2542 1108 2597 1161 in
2632 1108 2903 1164 mitiorem
2939 1119 2992 1164 et
3030 1110 3471 1179 propinquiorem

1898 1196 2133 1268 aliquem
2163 1197 2341 1252 locum
2368 1198 2671 1269 re!egemur
2701 1217 2714 1254 :
2748 1199 2840 1254 sed
2872 1214 2994 1253 cum
3016 1208 3071 1254 et
3090 1216 3286 1270 corpus
3313 1201 3473 1255 nobis

1901 1291 1972 1346 sit
2002 1290 2273 1347 defessum
2300 1333 2315 1358 ,
2347 1301 2400 1348 et
2429 1300 2606 1347 metus
2642 1292 2952 1348 Isaurorum
2989 1292 3171 1348 omnia
3204 1293 3469 1355 obsideat,

1901 1383 2041 1437 hanc
2072 1399 2290 1454 parvam
2320 1391 2374 1439 et
2403 1384 2563 1439 vilem
2596 1385 2819 1456 gratiam
2856 1401 2963 1439 non
2995 1400 3183 1439 sumus
3213 1385 3476 1440 assecuti.’

1902 1473 2014 1528 Deo
2044 1485 2264 1545 propter
2308 1475 2409 1530 hoc
2446 1491 2663 1546 quoque
2706 1477 2778 1531 sit
2814 1477 3002 1548 gloria.
3043 1476 3163 1532 Non
3193 1491 3473 1531 cessamus

1899 1565 2043 1620 enim
2082 1581 2207 1620 eum
2246 1565 2545 1637 gloriﬁcare
2584 1567 2638 1621 in
2678 1568 2951 1622 omnibus.
2996 1567 3080 1622 Sit
3116 1583 3313 1622 nomen
3354 1567 3476 1637 ejus

1900 1656 2248 1712 benedictum
2302 1656 2359 1712 in
2418 1659 2613 1714 szecula
2666 1660 3009 1714 saeculorum.
3066 1658 3267 1729 Aperte
3326 1659 3475 1713 enim

1902 1744 2075 1809 scitis,
2103 1744 2284 1798 omnia
2317 1759 2436 1800 esse
2465 1745 2623 1815 plena
2657 1746 2981 1801 tumultibus
3018 1754 3073 1800 et
3121 1744 3478 1815 perturbatio-

222 1820 430 1887 ζοντες.
504 1822 602 1894 Είη
629 1823 691 1877 τὸ
719 1822 892 1894 ὄνομα
942 1822 1106 1878 αὐτοῦ
1160 1824 1528 1895 εὐλογημένον
1558 1828 1639 1889 εἰς
1668 1830 1793 1890 τοὺς

1906 1836 2077 1890 nibus.
2100 1835 2212 1891 Nec
2232 1845 2446 1906 Oportet
2462 1837 2636 1892 solum
2658 1852 2847 1910 rogare
2869 1852 2967 1908 pro
2982 1836 3474 1905 ConstantinOpoli,

222 1916 448 1977 αἰῶνας.
513 1918 658 1970 Ἴστε
711 1916 822 1989 γὰρ
856 1917 1043 1986 σαφῶς
1082 1918 1158 1982 ὡς
1205 1920 1383 1973 πάντα
1432 1918 1676 1988 οορύϐων
1702 1920 1797 1973 καὶ

226 2008 325 2063 καὶ
347 2009 592 2079 ταραχῆς
617 2010 999 2082 πεπλήρωται,
1036 2012 1127 2063 καὶ
1160 2011 1257 2082 ούχ
1292 2011 1433 2084 ὑπὲρ
1450 2010 1800 2066 Κωνσταντί-

224 2117 321 2155 νου
374 2100 580 2165 πόλεως
613 2101 717 2173 χρὴ
769 2102 932 2173 μόνον
989 2103 1352 2175 παρακαλεῖν,
1385 2104 1503 2157 ἀλλ’
1529 2104 1682 2175 ύπὲρ-
1700 2105 1798 2174 τῆς

223 2193 553 2263 οἰκουμένης
608 2195 852 2265 ἁπάσης.
898 2196 1231 2267 Ἐπειδήπερ
1260 2195 1510 2250 ἐντεῦθεν
1555 2195 1802 2268 ἀρξάμε-

222 2302 316 2340 νον
374 2276 452 2340 cz:
487 2286 684 2352 κακὸν,
736 2287 989 2360 καθάπερ
1055 2288 1292 2361 εἴρηται,
1318 2287 1417 2353 τὰς
1473 2288 1799 2362 Ἐκκλησίας

223 2376 503 2447 πανταχοῦ
559 2377 667 2447 γῆς
729 2377 1074 2449 λυμαίνεται.
1163 2380 1567 2450 Ἐϐδομήκοντα
1616 2380 1799 2435 τοίνυν

224 2469 443 2541 ἡμέρας
472 2470 848 2534 ἀναλώσαντες
877 2472 1017 2524 κατὰ
1047 2471 1146 2544 τὴν
1173 2470 1311 2536 ὁδὸν,
1343 2471 1440 2541 ὀψέ
1474 2488 1599 2525 ποτε
1626 2472 1800 2544 ἀπην-

223 2562 475 2633 τήκαμεν
503 2561 583 2626 εἰς
607 2562 706 2632 τὴν
735 2562 1067 2626 Κουκουσδν,
1107 2563 1169 2616 τὸ
1192 2564 1377 2633 πάσης
1404 2563 1507 2633 τῆς
1546 2563 1802 2635 οἰκουμέ-

224 2672 326 2725 νης
348 2654 684 2726 ἐρημότατον
720 2654 919 2725 χωρίον
939 2671 954 2687 σ
988 2655 1110 2710 ὅθεν
1138 2655 1451 2722 λογίζεσθαι
1480 2658 1546 2727 τῇ
1579 2655 1796 2727 θαυμα-

229 2746 441 2818 σιότητι
497 2748 654 2820 ὑμῶν
695 2747 925 2815 ἔξεστιν,
958 2748 1058 2802 ὅσα
1094 2747 1192 2803 καὶ
1228 2748 1394 2818 ἡλίκα
1449 2749 1798 2818 πεπόνθαμεν

228 2836 401 2905 κακὰ,
460 2842 717 2910 πυρετοῖς
765 2841 1059 2912 άφορήτοις
1123 2839 1467 2905 παλαίοντες,
1528 2842 1625 2895 καὶ
1650 2842 1800 2913 φόϐῳ

239 2931 535 3004 Ἰσαυρικῷ
594 2933 1066 3005 πολιορκούμενοι.
1135 2932 1247 2988 Καὶ
1301 2933 1473 2989 ταῦτα
1514 2934 1657 3004 λέγω
1702 2934 1803 2989 οὐκ

227 3021 397 3087 ἀξιῶν
423 3023 710 3097 ἐνοχλῆσαι
731 3041 875 3087 τινα,
903 3023 1043 3079 ὥστε
1070 3025 1218 3095 ἡμᾶς
1253 3024 1591 3097 μεταστῆσαι
1621 3023 1802 3078 ἐντεῦο

229 3115 326 3170 θεν
346 3116 429 3188 (τὸ
476 3119 583 3190 γὰρ
612 3117 995 3188 χαλεπώτατον
1033 3116 1386 3189 διηνύσαμεν,
1409 3117 1508 3188 τῆς
1549 3114 1669 3171 ὁδοῦ
1699 3115 1799 3188 τὴν

228 3208 652 3279 ταλαιπωρίαν),
698 3207 814 3263 ἀλλ’
868 3209 1014 3279 ὑμᾶς
1056 3209 1234 3279 ’χάριν
1276 3209 1433 3271 αἰτῶ,
1462 3208 1523 3261 τὸ
1567 3206 1803 3277 συνεχῶς

227 3300 369 3372 ἡμῖν
404 3301 655 3370 γράφειν,
687 3300 780 3354 κοιλ⁸
813 3300 950 3371 ὑπὲρ
976 3300 1083 3354 τῶν
1120 3300 1451 3373 Ἑκκλησιῶν
1475 3298 1802 3370 φροντίζειν.

230 3391 347 3445 Καὶ
377 3390 541 3446 πάλιν
570 3390 627 3443 δὲ
685 3390 832 3445 οὕτω
876 3392 1077 3464 φησίνο
1127 3393 1281 3446 Ἐπεὶ
1321 3394 1413 3447 καὶ
1438 3394 1586 3464 ἡμᾶς
1624 3388 1806 3462 τρίτον

231 3480 356 3545 ἔτος
385 3483 441 3535 ὲν
469 3482 651 3555 ἐξορίᾳ
710 3481 1086 3554 διατρίϐοντας
1110 3483 1277 3555 λιμῷ,
1307 3483 1501 3554 λοιμῷ,
1524 3482 1804 3553 πολέμοις,

234 3575 581 3645 πολιορκίαις
665 3578 945 3649 συνεχέσιν
973 3618 989 3644 ,
1050 3577 1256 3648 ἐρημίᾳ
1305 3577 1532 3647 ἀφάτῳ,
1593 3575 1808 3644 θανάτῳ

232 3669 616 3739 ωθημερινῷ,
668 3670 968 3741 μαχαίραις
1024 3668 1372 3739 Ἰσαυρικαῖς,
1403 3669 1498 3738 οὐχ
1544 3665 1618 3730 ὡς
1651 3665 1810 3735 ἔτυχε

234 3764 548 3833 παρακαλεί
572 3763 665 3817 καὶ
707 3762 1107 3835 παραμυθεῖται
1130 3762 1189 3816 τὸ
1214 3761 1436 3832 διαρκὲς
1458 3761 1551 3815 καὶ
1579 3760 1809 3831 μόνιμον

234 3852 396 3923 ὑμῶν
451 3853 553 3922 τῆς
604 3853 920 3920 διαθέσεως,
978 3854 1079 3924 τῆς
1144 3854 1459 3926 παρρησίας
1483 3852 1543 3906 τὸ
1568 3852 1805 3914 ἀκλινέςο

232 3946 423 4001 ὅθενεί
448 3947 542 4001 καὶ
570 3947 662 4001 τοῦ
721 3948 951 4018 ἐδάφους
974 3946 1069 4001 καὶ
1098 3944 1207 4000 τῶν
1235 3945 1431 4017 τειχῶν
1474 3946 1575 4016 τῆς
1602 3944 1811 4010 πόλεως

236 4036 640 4107 ἐκϐεϐλήμεθα,
669 4039 766 4108 τῆς
797 4038 853 4091 δὲ
906 4037 1115 4109 κυρίως
1132 4037 1339 4101 πόλεως
1371 4037 1433 4090 οὐ
1463 4036 1807 4109 μετῳκίσθη-

240 4145 364 4209 pett.
386 4129 446 4183 Εἰ
472 4131 577 4201 γὰρ
597 4130 755 4200 ὑμεῖς
777 4131 810 4201 ἡ
839 4130 1011 4195 πόλις,
1042 4129 1162 4201 μεθ’
1184 4131 1337 4201 ὑμῶν
1354 4128 1411 4183 δὲ
1431 4132 1592 4200 ἡμεῖς
1608 4129 1697 4185 ἀεὶ
1715 4129 1811 4183 καὶ

237 4222 302 4276 ἲν
327 4222 475 4290 ὑμῖν,
497 4221 720 4292 εὔδηλον
741 4223 823 4277 ὅτι
851 4224 946 4277 καὶ
968 4221 1203 4277 ἐνταῦθα
1230 4222 1511 4291 διάγοντες
1526 4222 1623 4295 την
1654 4221 1808 4276 πόλιν

235 4313 497 4384 οἰκοῦμεν
528 4316 762 4386 ἐκείνην.
795 4316 905 4370 Καὶ
942 4314 1052 4386 γὰρ
1086 4313 1479 4385 ἐνδιαιτώμεθα
1509 4313 1665 4383 ὑμῶν
1688 4314 1810 4376 ταῖς

1898 1927 1991 1983 sed
2046 1944 2145 1998 pro
2188 1930 2445 1983 universo
2482 1929 2612 1982 orbe
2660 1938 2928 1983 terrarum
2981 1946 2994 1982 :
3035 1927 3475 1998 quandoquidem

1897 2019 2121 2084 malum,
2163 2019 2307 2090 quod
2343 2020 2472 2075 hinc
2504 2020 2688 2090 coepit,
2723 2021 2863 2075 sicut
2904 2018 3105 2074 dictum
3138 2027 3240 2084 est,
3274 2019 3478 2089 ubique

1901 2120 2168 2167 terrarum
2199 2113 2378 2183 perdit
2408 2112 2700 2169 Ecclesias.
2741 2113 2878 2168 Cum
2909 2112 3253 2183 septuaginta
3290 2111 3474 2181 itaque

1898 2203 2014 2259 dies
2054 2205 2582 2273 consumpsissemus
2608 2204 2661 2259 in
2696 2204 2913 2269 itinere,
2947 2202 3036 2258 vix
3069 2190 3303 2257 tandem'
3324 2200 3477 2257 veni-

1901 2311 2023 2351 mus
2046 2295 2344 2363 Cucusum,
2379 2298 2544 2353 totius
2582 2297 2732 2352 orbis
2762 2305 2919 2351 terra:
2962 2295 3138 2350 locum
3166 2292 3479 2350 desertissi-

1900 2401 2073 2441 mum.
2125 2383 2490 2452 Quamobrem
2547 2385 2676 2440 licet
2730 2385 2858 2440 hinc
2907 2395 3097 2445 vestrae
3137 2381 3477 2453 amplitudini

1899 2475 2232 2540 ratiocinari,
2276 2491 2436 2547 quam
2485 2475 2653 2530 multa
2684 2476 2823 2529 mala
2860 2475 3001 2545 passi
3037 2474 3232 2534 simus.
3262 2481 3317 2528 et
3354 2487 3478 2537 cum

1901 2565 2147 2621 febribus
2191 2567 2462 2621 luctantes
2501 2566 2954 2627 intolerabilibus,
3001 2572 3057 2620 et
3088 2562 3299 2620 obsessi
3333 2572 3481 2618 metu

1900 2659 2233 2714 Isaurorum.
2264 2657 2463 2713 Ethaec
2493 2658 2638 2722 dico,
2665 2672 2775 2713 non
2795 2657 2985 2712 volens
3002 2670 3195 2728 rogare
3220 2655 3479 2725 aliquem,

1902 2760 1964 2807 ut
2014 2765 2116 2805 nos
2169 2750 2300 2806 hinc
2341 2758 2725 2805 transmoveat.
2777 2746 3110 2803 Pet-fecimus
3151 2745 3297 2800 enim
3339 2745 3482 2815 quod

1902 2851 2020 2898 erat
2046 2841 2446 2914 gravissimum,
2476 2854 2671 2910 nempe
2707 2839 2807 2895 viae
2844 2838 3167 2894 molestiam.
3201 2836 3307 2893 Sed
3342 2837 3484 2892 hanc

1902 2949 1932 2989 a
1967 2933 2120 2989 vobis
2147 2941 2270 3004 peto
2301 2934 2550 3005 gratiam,
2574 2941 2634 2986 ut
2659 2931 2875 2987 assidue
2900 2930 2967 2985 ad
2998 2945 3098 2985 nos
3127 2928 3395 2995 scribatis,
3427 2937 3483 2985 et

1903 3040 2089 3082 curam
2120 3026 2317 3097 geratis
2346 3023 2733 3080 Ecclesiarum.
2760 3021 2825 3078 Et
2847 3036 3035 3077 rursus
3057 3021 3136 3076 sic
3152 3020 3317 3076 dicit:
3348 3016 3481 3073 Nam

1905 3131 2006 3171 nos
2025 3132 2262 3187 quoque,
2286 3117 2376 3187 qui
2410 3116 2630 3171 tertium
2656 3128 2861 3168 annum
2892 3128 3174 3167 versamur
3198 3111 3251 3165 in
3270 3109 3484 3172 exsilio,

1906 3207 2071 3272 fame,
2101 3216 2275 3279 peste,
2307 3207 2480 3276 bellis,
2515 3206 2878 3276 frequentitur
2918 3202 3314 3265 obsidionibus,
3356 3200 3486 3256 soli-

1908 3300 2115 3367 tudine,
2145 3315 2265 3371 quae
2301 3300 2478 3356 verbis
2505 3299 2765 3370 explicari
2798 3311 2907 3352 non
2937 3304 3134 3366 potest,
3156 3303 3330 3349 morte
3347 3307 3488 3363 quo-

1908 3392 2132 3458 tidiana,
2187 3391 2377 3461 gladiis
2434 3391 2705 3456 lsauricis,
2756 3404 2865 3444 non
2936 3388 3129 3442 leviter
3171 3386 3487 3442 consolatur

1909 3495 2170 3559 perpetua
2202 3492 2380 3541 vestra
2405 3494 2460 3541 et
2488 3485 2695 3540 stabilis
2723 3483 2962 3549 affectio,
2999 3483 3262 3551 ﬁrmaque
3295 3490 3350 3536 et
3382 3482 3488 3535 im-

1912 3587 2057 3632 mota
2101 3576 2317 3632 ﬁducia.
2359 3576 2719 3643 Quamobrem
2750 3575 2961 3632 etiamsi
3002 3589 3032 3629 a
3063 3574 3179 3629 solo
3213 3580 3268 3627 et
3295 3572 3489 3626 mmni-

1907 3670 2011 3726 bus
2032 3669 2267 3733 civitatis
2310 3669 2519 3740 expulsi
2547 3683 2757 3732 sumus,
2799 3667 2869 3723 ab
2925 3682 2987 3721 ea
3021 3674 3222 3728 tamen,
3258 3680 3379 3734 quae
3403 3674 3489 3721 est

1907 3762 2126 3834 proprie
2175 3761 2388 3825 civitas,
2437 3777 2544 3815 non
2575 3758 2950 3831 migravimus.
2979 3757 3035 3814 Si
3064 3759 3207 3814 enim
3237 3773 3332 3812 vos
3355 3757 3487 3813 estis

1910 3856 2121 3924 civitas,
2171 3870 2272 3911 nos
2311 3863 2491 3910 autem
2527 3869 2746 3925 semper
2784 3853 3067 3909 vobiscum
3102 3861 3156 3908 et
3187 3852 3241 3906 In
3280 3850 3434 3906 vobis
3467 3866 3483 3905 :

1908 3949 2116 4007 clarum
2147 3957 2252 4013 est,
2284 3947 2428 4018 quod
2459 3946 2551 4002 hic
2574 3960 2795 4017 quoque
2833 3945 3115 4017 degentes,
3151 3943 3293 3997 illam
3330 3943 3487 3996 habi-

1913 4049 2094 4097 tamus
2136 4040 2433 4096 civitatem.
2468 4040 2530 4093 ln
2567 4037 2763 4093 vestris
2789 4036 2937 4091 enim
2980 4034 3229 4105 degimus
3267 4032 3486 4098 animis,

1918 4142 1975 4190 et
2004 4133 2313 4204 ubicunque
2347 4132 2629 4194 fuerimus,
2658 4144 2848 4184 omnes
2870 4143 2989 4189 vos,
3017 4127 3107 4196 qui
3136 4125 3490 4181 vehementes

1916 4225 2050 4281 estis
2073 4225 2244 4280 nostri
2273 4232 2567 4288 amatores,
2599 4222 2652 4275 in
2691 4211 3010 4291 cognitione
3043 4216 3492 4272 circumferentes

1915 4315 2148 4371 abimus.
2641 4336 2645 4339 ·

234 4405 459 4477 ψυχαῖς,
484 4406 580 4459 καὶ
601 4405 844 4477 ὅπουπερ
870 4404 936 4459 ἂν
975 4399 1145 4475 ὦμεν,
1172 4405 1381 4467 πάντας
1403 4403 1548 4473 ὑμᾶς
1573 4402 1698 4465 τοὺς
1734 4402 1998 4475 σφοδροὺς
2037 4407 2070 4476 η
2080 4403 2195 4476 μῶν
2231 4405 2470 4475 ἐραστὰς
2503 4403 2592 4456 ἐπὶ
2622 4402 2831 4456 διανοία
2849 4399 3234 4472 περιφέροντες
3263 4396 3487 4468 ἄπιμεν.

311 4541 473 4612 Δηλοῖ
484 4540 539 4593 δέ
558 4540 698 4612 καὶή
715 4538 848 4611 πρὸς
865 4539 1242 4595 Κωνστάντιον
1260 4535 1408 4607 αὑτῷ
1422 4536 1513 4589 τὸν
1528 4534 1801 4607 πρεσϐύτα

1994 4537 2114 4592 Alia
2149 4551 2316 4609 porro
2340 4537 2406 4592 ad
2437 4535 2812 4608 presbyterum
2840 4531 3253 4588 Constantinum
3280 4530 3348 4585 ab
3374 4530 3493 4600 ipso

241 4653 335 4708 ρον
356 4636 631 4707 γραφεῖσα
647 4633 930 4704 ἐπιστολὴ,
949 4631 1040 4686 τὸν
1064 4632 1204 4702 ὑπὲρ
1225 4630 1333 4684 τῶν
1348 4626 1687 4699 Ἐκκλησιῶν
1715 4627 1817 4698 ζῆ-

239 4729 355 4791 λον,
386 4724 555 4789 οὕτως
575 4724 793 4796 ἔχουσαν
823 4725 903 4796 Τῇ
942 4718 1175 4794 τετάρτῃ
1204 4722 1297 4776 τοῦ
1332 4720 1584 4790 Πανέμου
1621 4718 1813 4791 μηνὸς,

245 4819 454 4891 μέλλων
473 4819 581 4871 ἀπὸ
596 4820 696 4886 τῆς
714 4816 948 4880 Νικαίας
968 4812 1224 4887 ἐξορμᾷν,
1246 4814 1419 4869 ταῦτα
1434 4813 1815 4883 διαπέμπομαι

243 4918 310 4965 τὶ
346 4911 650 4983 γράμματα
680 4909 815 4982 πρὸς
834 4909 934 4978 τὴν
957 4909 1057 4978 σὴν
1091 4906 1427 4973 θεοσέϐειαν,
1457 4904 1812 4979 παρακαλῶν,

243 5003 381 5075 ὅπερ
395 5006 480 5056 ἀεὶ
496 5002 827 5074 παρακαλῶν
842 5002 941 5055 οὐκ
959 5002 1304 5072 ἐπαυσάμην,
1319 4997 1423 5053 κᾶν
1435 4996 1716 5070 χαλεπώτε
1726 5012 1815 5068 ρος

248 5099 344 5154 τοῦ
380 5098 475 5151 νῦν
508 5099 831 5169 κατέχοντος
874 5097 1101 5168 γένηται
1136 5098 1165 5151 ὁ
1198 5093 1427 5166 χειμὼν,
1461 5094 1564 5149 κᾶν
1594 5094 1816 5166 μείζονα

242 5189 315 5245 τὰ
344 5191 583 5261 κύματα,
617 5190 693 5260 μὴ
723 5188 1019 5243 διαλείπειν
1042 5187 1113 5242 τὰ
1144 5186 1342 5242 σαυτοῦ
1366 5183 1630 5257 πληροῦν,
1653 5183 1818 5249 τὰείς

241 5285 344 5357 τὴν
358 5272 667 5353 οἰκονομίαν
695 5276 762 5355 ἦς
791 5282 849 5348 ἐξ
873 5283 1046 5354 ἀρχῆς
1075 5281 1218 5353 ἥψω·
1245 5281 1389 5350 λέγω
1411 5279 1475 5349 δὴ
1492 5278 1587 5334 τοῦ
1625 5277 1818 5348 Ἐλλη-

244 5376 441 5447 νισμοῦ
466 5376 565 5447 τὴν
599 5375 942 5448 καθαίρεσιν,
1002 5373 1112 5427 τῶν
1133 5371 1440 5444 ἐκκλησιῶν
1471 5371 1571 5437 τὰς
1607 5368 1816 5424 οἰκοδο-

251 5467 379 5537 μὰς,
434 5468 544 5521 τῶν
572 5468 760 5540 ψυχῶν
795 5469 892 5541 τὴν
922 5465 1258 5539 ἐπιμέλειαν.
1295 5466 1386 5537 Μὴ
1412 5466 1477 5537 δή
1516 5462 1629 5536 [γρ.
1657 5460 1815 5535 μηδέ]

251 5575 313 5613 σε
353 5557 545 5616 ὕπτιον
601 5562 825 5614 ποιείτω
882 5560 990 5615 τῶν
1044 5558 1386 5631 πραγμάτων
1441 5558 1476 5629 ἡ
1534 5554 1813 5611 δυσκολία.

252 5649 389 5705 Οὐδέ
432 5652 540 5724 γὰρ
597 5652 938 5724 κυϐερνήτης
962 5651 1024 5722 τδ
1053 5650 1290 5718 πέλαγος
1317 5646 1461 5720 ὁρῶν
1490 5647 1816 5719 μαινόμενον

253 5743 351 5796 καὶ
375 5743 789 5815 διανιστάμενον
844 5743 1214 5815 ἀποστήσεται
1261 5739 1372 5796 τῶν
1427 5739 1663 5794 οἰάκωνο
1696 5738 1811 5795 ἀλλ’
1862 5764 1865 5769 ι

1918 4630 2122 4705 scripta
2176 4629 2424 4700 epistola,
2481 4627 2832 4683 manifestum
2887 4626 3006 4695 ejus
3068 4639 3166 4695 pro
3226 4620 3491 4676 Ecclesiis

1916 4722 2050 4779 facit
2105 4722 2386 4788 studium;
2418 4737 2540 4792 quae
2589 4720 2669 4775 sic
2711 4734 2769 4775 se
2818 4718 3026 4773 habet:
3061 4717 3262 4783 Quarto
3286 4712 3491 4777 mensis

1915 4815 2153 4871 Panaami
2198 4815 2375 4871 Nicaea
2428 4813 2729 4876 soluturus,
2794 4811 2894 4866 has
2947 4808 3126 4865 scribo
3179 4806 3386 4861 litteras
3422 4803 3491 4859 ad

1918 4918 2066 4965 tuam
2102 4910 2392 4980 pietatem,
2431 4906 2727 4961 adhortans
2774 4902 2843 4958 ad
2894 4902 2969 4969 id,
3032 4900 3175 4972 quod
3214 4914 3491 4969 nunquam

1918 5004 2126 5061 cessavi
2159 5011 2211 5057 te
2236 5000 2532 5064 adhortari,
2589 4998 2803 5055 etiamsi
2859 4997 2996 5065 haec,
3039 5010 3158 5066 quae
3210 5009 3355 5048 nunc
3385 5000 3487 5058 est,

1919 5104 2038 5150 orta
2097 5091 2258 5147 fuerit
2309 5100 2601 5162 tempestas
2660 5088 2895 5162 gravior,
2951 5096 3007 5143 et
3061 5085 3298 5156 majores
3349 5083 3466 5139 exci

1920 5193 2104 5239 tentur
2133 5181 2348 5245 fluctus,
2381 5190 2441 5235 ut
2471 5195 2582 5235 nou
2646 5194 2829 5235 cesses
2884 5193 2970 5242 ea,
3026 5192 3147 5248 quae
3211 5186 3303 5231 tua
3336 5181 3491 5240 sunt,

1920 5274 2167 5345 implere,
2209 5272 2276 5328 ad
2322 5288 2385 5327 ea
2431 5270 2902 5337 administranda,
2950 5284 3072 5342 qua:
3118 5268 3188 5324 ab
3238 5268 3395 5324 initio
3430 5280 3493 5322 es

1921 5381 2209 5439 aggressus
2234 5365 2303 5421 ad
2329 5364 2740 5430 destruendam,
2761 5364 3002 5434 inquam,
3035 5361 3275 5435 gentium
3303 5374 3492 5430 super-

1921 5458 2222 5524 stitionem,
2268 5456 2632 5513 Ecclesiarum
2672 5455 3121 5519 aedificationem,
3181 5451 3489 5507 animarum

1924 5567 2111 5608 curam
2163 5550 2480 5623 gerendam.
2536 5548 2614 5603 Ne
2649 5558 2703 5604 te
2753 5549 3010 5619 supinum
3060 5544 3253 5600 reddat
3306 5553 3491 5595 rerum

1922 5643 2256 5702 difﬁcultas:
2313 5656 2493 5713 neque
2524 5641 2673 5699 cnim
2718 5640 3050 5713 gubernator
3097 5634 3289 5690 videns
3343 5645 3494 5688 mare

1921 5735 2152 5795 saeviens
2181 5744 2237 5793 et
2264 5733 2548 5809 agitatum,
2587 5732 2808 5791 recedet
2834 5731 3066 5788 a'clavo.
3102 5725 3212 5784 Sed
3245 5737 3351 5781 nec
3380 5734 3497 5779 me-
