3834 6468
336 277 470 347 1191

1571 288 1852 352 MENSPS
1887 289 2342 354 JANUARIUS.

3443 283 3588 350 119?.

332 391 488 449 dicus
509 396 766 460 aegrotum
791 389 982 445 videns
1000 391 1192 447 morbo
1217 393 1412 462 teneri,
1441 394 1712 466 relinquet
1740 413 1904 453 cura-

2015 396 2131 450 οὐδέ
2163 395 2350 468 ίατρὸς
2380 393 2472 450 τὸν
2508 394 2786 468 κάμνοντα
2828 394 3042 466 βλέπων
3069 395 3136 466 τῇ
3155 359 3314 466 ’νόσῳ
3348 395 3596 466 κρατού-

335 483 575 539 tionem:
612 480 706 536 scd
755 489 885 536 tunc
922 481 1298 554 unusquisque
1331 499 1520 540 eorum
1563 495 1679 540 arte
1720 495 1904 542 utetur

332 574 570 630 maxime
597 581 650 626 et
682 572 847 627 animi
871 573 1173 630 alacritate.
1209 576 1288 631 Ne
1320 584 1371 632 te
1402 577 1659 646 supinum
1683 578 1902 636 faciant.

332 682 455 736 qua:
491 665 858 736 contingunt..
878 665 1064 735 Neque
1107 666 1253 721 enim
1284 683 1383 738 pro
1434 667 1612 732 malis,
1645 684 1764 738 quae
1814 667 1903 722 alii

332 759 492 812 nobis
518 758 742 817 faciunt.
777 758 1072 813 reddemus
1102 759 1393 824 rationem,
1427 760 1523 814 sed
1561 760 1725 815 etiam
1761 777 1905 816 mer-

332 850 519 905 cedem
551 849 904 918 accipiemus.
935 850 990 903 Si
1022 859 1202 904 autem
1229 850 1354 921 ipsi,
1389 867 1507 920 qua:
1537 866 1638 906 nos
1669 861 1903 922 oportet,

335 958 442 996 non
471 958 534 995 ex
587 943 747 996 nobis
793 942 1177 1010 attulerimns,
1229 944 1322 998 sed
1357 943 1494 1014 pigri
1545 953 1597 998 et
1647 945 1906 1000 socordes

330 1033 620 1095 fuerimus,
659 1033 792 1088 nihil
832 1049 932 1089 nos
970 1034 1038 1090 ad
1074 1035 1176 1089 hoc
1203 1033 1460 1090 defendet
1490 1050 1670 1090 rerum
1705 1035 1906 1089 tumul-

330 1136 440 1182 tus.
480 1125 610 1180 Nam
637 1127 842 1182 Paulus
867 1142 1104 1198 quoque,
1137 1142 1257 1182 cum
1287 1127 1558 1182 habitaret
1579 1127 1631 1180 in
1659 1141 1900 1192 carcere,

329 1229 386 1274 et
417 1207 564 1289 ligno
595 1228 740 1274 esset
770 1219 1037 1289 alligatus.
1068 1234 1190 1288 quae
1217 1235 1315 1273 sua
1346 1225 1524 1278 erant.
1557 1218 1788 1273 faciebat
1809 1219 1856 1250 “
1887 1235 1902 1250 ο

329 1322 384 1382 et
407 1311 594 1372 Jonas,
631 1311 722 1381 qui
755 1310 1032 1366 ferebatur
1066 1310 1118 1364 in
1153 1310 1290 1365 mari
1323 1318 1514 1365 ventre
1543 1309 1706 1380 piscis
1731 1311 1776 1342 ⁸⁸
1805 1328 1821 1366 :
1849 1317 1906 1365 et

333 1413 442 1458 tres
473 1404 647 1473 pueri.
695 1404 789 1473 qui
843 1404 1201 1458 versabantur
1247 1403 1301 1456 in
1335 1401 1560 1458 fornace
1592 1401 1680 1462 “z
1727 1419 1908 1474 neque

329 1496 498 1550 ullum
535 1511 724 1550 eorum
762 1495 1010 1550 fecerunt
1051 1495 1343 1564 pigriorem
1377 1494 1434 1548 hi
1463 1493 1595 1550 varii
1632 1509 1902 1551 carceres.

329 1588 456 1643 llaec
489 1603 620 1660 ergo
667 1589 934 1659 cogitans,
988 1587 1212 1642 domine
1257 1586 1353 1652 mi,
1398 1597 1452 1642 et
1504 1587 1806 1644 Phoenicia:
1851 1597 1908 1644 et

328 1680 563 1744 Arabiae,
597 1689 654 1735 et
685 1695 873 1735 earum
918 1695 1040 1747 quae
1084 1687 1213 1732 sunt
1260 1677 1316 1732 in
1355 1677 1602 1743 Oriente,
1637 1677 1908 1735 Ecclesia-

329 1789 447 1826 rum
477 1788 546 1826 ne
581 1787 762 1827 cesses
797 1787 985 1827 curam
1028 1785 1240 1843 gerere,
1279 1769 1462 1826 sciens
1501 1769 1618 1826 fore
1649 1781 1708 1827 ut
1731 1772 1906 1841 majo-

327 1880 442 1918 rem
481 1863 716 1934 accipias
751 1863 1080 1928 mercedem,
1115 1878 1238 1918 cum
1270 1863 1372 1919 etsi
1411 1861 1522 1919 sint
1573 1871 1684 1919 tam
1739 1867 1908 1921 multa

328 1955 632 2019 obstacula,
672 1965 727 2010 tu
763 1971 886 2026 qua:
919 1966 1008 2009 tua
1043 1964 1192 2019 sttnt,
1217 1953 1490 2010 conferas.
1526 1953 1696 2011 Porro
1725 1965 1906 2011 autem

325 2046 436 2102 noli
477 2061 599 2102 esse
627 2046 680 2100 in
715 2047 1004 2102 scribendo
1027 2046 1096 2102 ad
1126 2062 1228 2101 nos
1251 2047 1568 2119 negligens:
1615 2047 1710 2102 sed
1733 2047 1912 2103 scribe

328 2141 395 2195 ad
431 2131 532 2196 nos
571 2140 1036 2212 frequentissime.
1074 2139 1208 2196 Nam
1243 2151 1303 2196 ut
1337 2157 1485 2198 nunc
1532 2143 1906 2214 cognovimus,

330 2247 439 2285 non
491 2231 727 2302 amplius
777 2231 1106 2298 Selzastiam,
1154 2233 1246 2289 sed
1291 2232 1564 2288 Cucnsnm
1599 2235 1748 2290 abire
1777 2236 1912 2306 iussi

328 2335 518 2376 smnus
550 2339 566 2378 :
601 2337 762 2392 quem
791 2323 842 2376 in
876 2322 1053 2378 locum
1083 2324 1188 2378 erit
1213 2325 1306 2380 tibi
1329 2325 1542 2381 facilius
1559 2327 1625 2381 ad
1654 2341 1756 2382 nos
1783 2327 1912 2384 dare

327 2411 554 2468 litteras.
593 2411 784 2468 Scribe
815 2429 946 2484 ergo
977 2423 1108 2485 quot
1138 2415 1380 2471 ecclesia:
1405 2416 1507 2473 hoc
1535 2433 1682 2472 anno
1711 2417 1913 2476 fuerint

327 2499 625 2564 aedificatae,
650 2511 704 2558 et
735 2503 956 2573 quinam
999 2505 1098 2558 viri
1143 2507 1314 2562 sancti
1351 2506 1635 2578 ntigrarint
1663 2509 1719 2562 in
1744 2501 1913 2567 Ριίω-

323 2591 546 2660 niciam,
575 2603 630 2649 et
668 2613 734 2648 an
771 2597 942 2688 maior
964 2596 1138 2653 factus
1173 2597 1338 2653 fuerit
1365 2598 1666 2669 profectus.
1695 2601 1908 2656 Etenim

324 2696 448 2738 cum
477 2701 544 2740 ex
581 2685 758 2741 Nicaa
789 2680 1120 2742 itti'enissem
1152 2689 1441 2758 quemdam
1473 2680 1801 2747 monachum
1824 2693 1909 2748 in-

325 2773 558 2835 clusum.
587 2779 830 2846 persuasi
873 2778 976 2849 ipsi
1008 2788 1068 2834 ut
1095 2781 1308 2835 veniret
1343 2781 1409 2835 ad
1441 2791 1588 2836 tuam
1628 2784 1910 2852 pietatem.

2017 505 2178 560 μενον
2221 487 2572 560 ἀναχωρήσει
2620 488 2720 559 τῆς
2752 487 3074 560 θεραπείας,
3123 487 3262 543 ἀλλὰ
3306 489 3433 543 τότε
3489 489 3597 558 μά·

2013 580 2170 635 λιστα
2198 581 2429 645 ἕκαστος
2465 580 2670 635 τούτων
2691 582 2758 652 τῇ
2787 579 2954 652 τέχνῃ
2975 583 3260 653 χρήσεται.
3292 581 3365 634 Σὺ
3387 582 3594 650 τοίνυν,

2011 673 2252 728 δέσποτά
2307 691 2409 744 μου
2456 672 2754 744 τιμιώτατε
2811 675 2905 726 καὶ
2961 673 3348 739 εὐλαϐέστατε,
3414 673 3592 745 πολλῇ

2013 764 2108 817 νῦν
2167 765 2458 834 χρῆσαιτῇ
2492 763 2789 836 προθυμίᾳ.
2853 762 2945 832 Μὴ
2987 764 3052 834 δὴ
3109 763 3302 817 ὕπτιον
3364 763 3596 818 ποιείτω

2011 871 2071 906 σε
2109 853 2178 908 τὰ
2201 854 2589 924 συμϐαίνοντα.
2613 855 2688 908 Οὐ
2722 854 2833 926 γὰρ
2856 854 2998 924 ὑπὲρ
3023 846 3099 908 ὧν
3131 853 3379 908 ποιοῦσιν
3440 855 3596 925 ἡμᾶς

2009 945 2188 1017 ἕτεροι
2215 947 2401 1000 κακῶν
2437 947 2595 1016 λόγον
2633 945 2896 1018 δώσομεν,
2926 946 3063 999 ἀλλὰ
3089 947 3183 1000 καὶ
3217 946 3408 1017 μισθὸν
3423 945 3598 1016 ληψό-

2015 1037 2176 1106 μεθα.
2209 1038 2271 1091 Ei
2305 1037 2359 1092 δέ
2388 1039 2544 1093 αὐτοὶ
2563 1039 2632 1092 τὰ
2656 1037 2786 1109 παρ’
2810 1037 3018 1090 ἐαυτῶν
3052 1037 3129 1108 μὴ
3156 1038 3594 1108 είσενέγκοιμεν,

2010 1129 2148 1183 ἀλλὰ
2205 1129 2620 1202 ρᾳθυμήσομεν,
2675 1129 2826 1184 οὐδὲν
2847 1130 2926 1192 είς
2964 1129 3126 1184 τοῦτο
3157 1129 3317 1205 ἡμῶν
3353 1133 3600 1202 προστή-

2013 1236 2168 1274 σεται
2201 1221 2229 1274 ὀ
2252 1222 2360 1275 τῶν
2424 1223 2772 1294 πραγμάτων
2821 1221 3072 1292 θόρυϐος’
3107 1224 3231 1276 ἐπεὶ
3259 1223 3354 1277 καὶ
3379 1223 3598 1288 Παῦλος

2011 1311 2384 1383 δεσμωτήριον
2409 1313 2598 1376 οἰκῶν,
2639 1314 2836 1385 καὶτῷ
2868 1313 3010 1382 ξύλῳ
3043 1303 3492 1387 προσδεδεμένας,
3523 1314 3598 1370 τὰ

2013 1400 2180 1456 αὐτοῦ
2210 1405 2405 1458 ἐποίει.
2431 1407 2541 1458 Καὶ
2569 1406 2755 1470 Ἰωνᾶς
2779 1408 2836 1458 ἐν
2866 1408 2930 1477 τῇ
2957 1405 3158 1477 γαστρὶ
3181 1404 3272 1458 τοῦ
3296 1404 3595 1458 θαλαττίου

2015 1495 2206 1565 θηρίου
2269 1496 2593 1569 φερόμενος,
2641 1497 2736 1550 καὶ
2778 1497 2826 1552 οἱ
2865 1499 3014 1566 τρεῖς
3070 1495 3258 1560 παῖδες
3308 1498 3359 1550 oi
3419 1497 3478 1550 ἐν
3523 1499 3596 1566 τῇ

2014 1583 2230 1657 καμίνῳ
2259 1586 2627 1659 διατρίϐοντες
2646 1601 2662 1618 ⁸
2687 1586 2782 1640 καὶ¹
2826 1586 3018 1640 οὐδένα
3047 1584 3250 1639 τούτων
3278 1587 3348 1638 τὰ
3368 1587 3596 1639 ποικίλα

2013 1674 2368 1748 δεσμωτήρια
2420 1677 2596 1730 ταῦτα
2647 1677 3022 1749 ῥᾳθυμότερον
3077 1676 3372 1747 πεποίηκε.
3406 1675 3599 1730 Ταῦτα

2012 1761 2106 1819 οὖν
2162 1767 2381 1833 ἐννοῶν,
2417 1765 2655 1820 δέσποτά
2710 1782 2836 1836 μου,
2873 1767 2970 1819 καὶ
3005 1766 3258 1836 Φοινίκης
3292 1765 3387 1818 καὶ
3431 1767 3571 1836 ’Δρα

2012 1859 2134 1924 ϐίας
2163 1859 2257 1912 καὶ
2285 1857 2394 1912 τῶν
2418 1857 2558 1912 κατὰ
2579 1858 2678 1930 τὴν
2713 1857 3027 1928 Ἀνατολὴν,
3051 1859 3126 1928 μὴ
3153 1857 3339 1930 παύσῃ
3370 1857 3596 1926 φροντί-

2011 1950 2122 2015 ζων
2157 1949 2518 2022 Ἑκκλησιῶν,
2543 1949 2697 2015 εἰδὼς
2715 1950 2797 2004 ὃτι
2825 1947 3217 2020 πλείοναξλήψῃ
3251 1948 3342 2002 τὸν
3375 1949 3598 2018 μισθὸν,

2011 2043 2120 2112 ὅσῳ
2141 2041 2236 2095 καὶ
2277 2041 2550 2095 τοσούτων
2595 2040 2766 2094 ὄντων
2795 2040 2904 2093 τῶν
2943 2039 3306 2110 κωλυμάτων,
3342 2040 3413 2092 τὰ
3440 2041 3598 2111 παρὰ

2014 2133 2214 2188 σαυτοῦ
2261 2133 2558 2206 εἰσφέρεις.
2580 2134 2690 2188 Καὶ
2723 2133 2958 2206 γράφειν
2984 2131 3040 2186 δὲ
3064 2133 3196 2201 ἡμῖν
3245 2131 3486 2203 συνεχῶς
3515 2131 3601 2204 μὴ

2014 2224 2285 2288 κατόκνει,
2324 2203 2464 2279 ἀλλᾶ
2517 2203 2615 2279 καὶ
2660 2203 2996 2278 πυκνότατα.
3034 2221 3130 2286 Ὠς
3184 2223 3292 2293 γὰρ
3349 2203 3599 2292 ἔγνωμεν

2013 2316 2130 2382 νῦν,
2183 2317 2368 2371 οὐκέτι
2394 2318 2474 2382 εἰς
2507 2316 2859 2378 Σεϐάστειαν,
2885 2314 3022 2368 ἀλλὰ
3045 2315 3127 2378 εἰς
3147 2314 3244 2386 τὴν
3277 2315 3596 2368 Κουκουσὸν

2015 2407 2416 2480 ἐκελεύσθημεν
2470 2407 2750 2474 ἀπελθεῖν,
2799 2407 2933 2461 ὅπου
2967 2423 3048 2460 σοι
3075 2404 3171 2459 καὶ
3223 2405 3597 2474 εὐκολώτερον

2015 2496 2350 2551 ἐπιστέλλειν
2396 2499 2549 2568 ἡμῖν.
2585 2497 2768 2569 Γράφε
2798 2498 2979 2551 τοίνυν
3026 2499 3182 2568 ἡμῖν,
3216 2495 3382 2549 πόσαι
3408 2513 3470 2550 τε
3503 2498 3569 2548 ἐκ
3591 2523 3603 2536 -

2016 2588 2238 2662 κλησίαι
2285 2589 2370 2642 ἐπ’
2420 2589 2538 2651 ἐτος
2567 2588 3022 2661 ᾡκοδομήθησαν,
3065 2589 3162 2642 καὶ
3210 2591 3356 2652 τίνες
3401 2589 3602 2662 ἄνδρες

2017 2681 2164 2752 ἅγιοι
2196 2682 2539 2753 μετέστησαν
2559 2683 2640 2744 είς
2669 2681 2768 2752 τὴν
2791 2681 3072 2752 Φοινίκην,
3098 2681 3192 2733 καὶ
3209 2679 3264 2734 εἴ
3287 2697 3370 2743 τις
3393 2679 3602 2734 πλείων

2016 2774 2210 2844 γέγονε
2276 2773 2552 2846 προκοπή.
2576 2774 2688 2826 Καὶ
2727 2773 2838 2844 γὰρ
2865 2771 2974 2827 ἀπὸ
3001 2771 3236 2836 Νικαίας
3274 2771 3449 2842 εὑρών
3470 2788 3600 2826 τινα

321 2874 380 2924 et
424 2867 601 2923 abiret
634 2869 687 2923 in
735 2870 1090 2926 Phtnniciam.
1133 2872 1217 2928 An
1245 2887 1374 2944 ergo
1416 2876 1728 2940 accesserit,
1777 2876 1907 2932 velis

2021 2867 2325 2938 μονάζοντα
2386 2864 2865 2936 ἐγκεκλεισμένον,
2941 2865 3138 2918 ἔπεισα
3200 2864 3366 2918 αὐτὸν
3415 2863 3603 2918 ἐλθεῖν

323 2961 458 3016 mihi
487 2963 812 3034 significare.
841 2965 916 3018 De
944 2963 1115 3018 fundo
1143 2963 1374 3022 Salamis
1398 3006 1412 3029 ,
1445 2967 1538 3038 qui
1569 2966 1706 3023 situs
1739 2977 1825 3024 est
1857 2967 1907 3022 in

2019 2960 2155 3030 πρὸς
2193 2959 2294 3030 τὴν
2335 2959 2436 3030 σὴν
2467 2957 2778 3024 εὐλάϐειαν,
2807 2956 2903 3012 καὶ
2930 2956 3188 3012 ἀπελθεῖν
3231 2959 3311 3022 είς
3341 2956 3441 3028 τὴν
3469 2957 3604 3010 Φοι-

323 3051 524 3124 Cypro,
561 3055 651 3124 qui
687 3055 1042 3110 obsidebatur
1081 3057 1150 3112 ab
1193 3057 1384 3114 haeresi
1415 3058 1907 3128 Marcionistarum,

2018 3052 2194 3123 νίκην.
2231 3052 2294 3106 El
2317 3053 2692 3124 παραγέγονεν
2721 3049 2837 3113 οὖν,
2867 3050 3106 3122 δηλῶσαί
3143 3066 3234 3122 μοι
3293 3047 3608 3104 σπούδασον

323 3159 690 3199 conveneram
718 3163 854 3216 quos
892 3149 1198 3217 oportebat,
1233 3159 1287 3206 et
1316 3151 1633 3206 universum
1657 3152 1907 3208 effectum

2015 3143 2106 3198 τοῦ
2159 3143 2432 3214 Σαλάμιος
2474 3143 2588 3218 [γρ.
2635 3142 2967 3216 Σαλαμῖνος]
3003 3142 3189 3198 ἐνεκεν
3240 3142 3463 3214 χωρίου,
3499 3141 3602 3195 τοῦ

322 3237 664 3292 reddiderum
693 3255 705 3290 :
738 3239 833 3293 sed
865 3238 938 3294 fui
967 3241 1120 3310 prius
1142 3243 1422 3313 expulsus.
1447 3242 1504 3298 Si
1531 3259 1659 3315 ergo
1687 3245 1907 3302 sciveris

2015 3235 2158 3290 κατὰ
2183 3236 2282 3306 τὴν
2319 3235 2543 3306 Κύπρον
2562 3235 2674 3309 [γρ.
2708 3234 2907 3308 Τύρον]
2931 3235 3210 3306 κειμένου,
3236 3235 3331 3288 τοῦ
3361 3234 3467 3288 ὑπὸ
3494 3233 3604 3304 τῆς

321 3326 605 3385 dominum
695 3345 876 3385 meum
949 3330 1262 3398 Quiriacum
1337 3335 1654 3406 episcopum
1747 3353 1912 3408 agere

327 3417 822 3493 Constantinopoli,
858 3423 925 3480 de
960 3425 1062 3480 hac
1087 3441 1145 3480 re
1174 3425 1241 3481 ad
1271 3441 1396 3482 eum
1427 3428 1606 3484 scribe
1633 3447 1646 3483 :
1672 3437 1728 3485 et
1761 3440 1916 3500 pote-

323 3511 398 3566 rit
426 3512 740 3568 universum
775 3514 1008 3572 eiiicerc.
1040 3519 1260 3584 Omnes,
1299 3527 1355 3574 ct
1382 3535 1478 3576 eos
1514 3521 1772 3586 maxime,
1818 3523 1912 3593 qui

325 3601 530 3684 habent
557 3603 624 3658 ad
643 3605 810 3660 Deum
845 3606 1117 3674 fiduciam,
1149 3626 1277 3682 roga
1305 3619 1366 3666 ut
1392 3611 1578 3666 multis
1599 3622 1654 3667 et
1681 3612 1913 3669 intensis

322 3689 658 3753 contendant
731 3699 1010 3768 precibus,
1071 3709 1131 3755 ut
1179 3711 1358 3757 cesset
1415 3701 1520 3758 hoc
1569 3703 1910 3776 naufragium

323 3787 474 3842 orbis
519 3797 700 3844 terrae.
741 3789 878 3846 Mala
918 3791 1063 3846 enim
1107 3792 1465 3850 intolerabilia
1514 3805 1570 3850 et
1614 3795 1798 3850 Asiam
1837 3796 1914 3851 iu-

321 3888 602 3946 vaserunt,
619 3880 858 3952 aliasque
873 3881 1120 3939 civitates
1146 3892 1202 3939 et
1223 3885 1481 3942 ecclesias
1501 3903 1518 3947 :
1549 3901 1674 3958 qua
1693 3887 1912 3958 quidem

321 3985 392 4024 ne
423 3971 611 4026 videar
630 3988 750 4027 esse
767 3973 1049 4040 molestus,
1071 3977 1294 4032 mittens
1313 3977 1522 4050 singula
1552 3979 1754 4045 dicere,
1777 3979 1912 4036 illud

329 4061 503 4115 solum
538 4063 738 4130 dicam,
763 4065 946 4120 multis
970 4081 1109 4136 epus
1134 4083 1255 4123 esse
1293 4078 1349 4124 et
1375 4069 1608 4126 intensis
1635 4071 1910 4141 precibus.

323 4150 429 4207 Sed
461 4153 604 4208 enim
638 4157 1016 4213 rex-crtcndum
1057 4170 1161 4226 est,
1210 4163 1354 4217 unde
1381 4163 1752 4222 discessimus.

2013 3328 2276 3408 αἱρέσεως
2310 3328 2418 3383 τῶν
2464 3329 2900 3400 Μαρκιωνιστῶν
2933 3327 3414 3402 πολιορκουμένου,
3446 3328 3603 3398 ἥμην

2018 3419 2386 3490 διειλεγμένος
2441 3414 2522 3484 οἷς
2555 3421 2744 3493 ἐχρῆν,
2782 3422 2876 3473 καὶ
2931 3419 3315 3493 κατωρθωκὼς
3351 3421 3411 3474 τὸ
3454 3421 3592 3486 πᾶν,

2019 3511 2134 3566 ἀλλ’
2179 3512 2350 3582 ἔφθην
2387 3511 2696 3581 ἐκϐληθείς.
2742 3512 2803 3566 Ei
2829 3513 3012 3566 τοίνυν
3045 3513 3236 3584 μάθοις
3271 3513 3365 3567 τὸν
3400 3512 3604 3580 κύριόν

2024 3621 2126 3676 μου
2175 3587 2457 3675 Κυριακδν
2494 3605 2586 3656 τὸν
2615 3605 2912 3658 ἐπίσκοπον
2940 3605 3033 3658 ἐπὶ
3055 3605 3156 3675 τῆς
3183 3604 3603 3658 Κωνσταντίνου

2021 3697 2228 3759 πόλεως
2253 3696 2574 3768 διατρίϐειν,
2629 3696 2932 3751 ἐπίστειλον
2958 3696 3107 3769 αὐτῷ
3150 3696 3356 3770 ταύτης
3403 3697 3600 3752 ἕνεκεν

2019 3787 2116 3857 τῆς
2134 3787 2462 3852 ὑποθέσεως,
2485 3790 2580 3844 καὶ
2603 3788 2664 3842 τὸ
2716 3791 2824 3844 πᾶν
2845 3789 3029 3844 ἀνύειν
3093 3789 3400 3860 δυνήσεται.
3455 3789 3605 3843 Πάν-

2019 3897 2150 3946 τας,
2189 3881 2284 3934 καὶ
2337 3881 2572 3952 μάλιστα
2635 3883 2761 3944 τοὺς
2811 3881 3128 3955 παρρησίαν
3181 3881 3406 3951 ἔχοντας
3454 3879 3602 3950 πρὸς

2023 3973 2178 4042 Θεὸν,
2211 3975 2518 4046 παρακάλει
2566 3974 2733 4047 πολλῇ
2774 3977 3072 4048 κεχρῆσθαι
3121 3978 3186 4047 τῇ
3221 3975 3382 4044 εὐχῇ,
3424 3973 3601 4044 πολλῇ

2016 4068 2082 4138 τῇ
2123 4067 2390 4138 ἐκτενείᾳ,
2443 4067 2584 4121 ὥστε
2622 4067 2684 4121 τὸ
2719 4068 2817 4138 τῆς
2871 4069 3196 4138 οἰκουμένης
3236 4067 3395 4120 τοῦτο
3421 4063 3604 4119 ναυά-

2017 4179 2136 4232 γιον
2163 4161 2500 4218 παύσασθαι.
2537 4163 2814 4235 Ἀφάρητα
2841 4163 2948 4232 γὰρ
2979 4163 3074 4217 καὶ
3088 4163 3189 4232 τὴν
3226 4161 3409 4214 Ἀσίαν
3431 4158 3604 4214 κατεῖ·

323 4233 458 4299 λαϐε
500 4249 664 4312 κακὰ,
704 4250 798 4302 καὶ
839 4250 1032 4321 ἐτέρας
1081 4253 1140 4306 δὲ
1174 4253 1356 4319 πόλεις
1410 4255 1508 4310 καὶ
1555 4255 1870 4330 ἐκκλησίας.
1927 4257 2106 4328 "Amp
2135 4255 2223 4309 ἵνα
2262 4255 2337 4328 μὴ
2399 4255 2538 4310 δοκῶ
2589 4233 2899 4326 διενογλεῖν,
2961 4255 3143 4324 ἀφιεὶς
3177 4253 3238 4308 τὸ
3281 4253 3404 4306 καθ’
3461 4253 3604 4305 ἔκα-

325 4357 450 4396 στον
481 4342 680 4413 λέγειν,
727 4346 901 4401 ἐκεῖνο
943 4349 1104 4420 μόνον
1165 4350 1297 4421 ἐρῶ,
1349 4344 1432 4405 ὅτι
1484 4352 1662 4425 εὐχῶν
1711 4353 1921 4408 πολλῶν
1984 4353 2265 4427 χρεία,καὶ
2310 4352 2549 4425 δεήσεων
2607 4351 2862 4406 ἐκτενῶν.
2931 4349 3093 4404 Ἀλλά
3146 4349 3256 4421 γὰρ
3309 4347 3602 4402 ἐπανιτέον

323 4434 448 4491 ὅθεν
487 4437 648 4508 ἐξέϐη
658 4454 776 4507 μεν.

395 4555 504 4612 ιιι.
530 4555 707 4626 Atque
726 4555 804 4612 sic
823 4555 1063 4626 quidem.
1089 4571 1234 4620 cum,
1255 4563 1316 4610 ut
1339 4555 1598 4621 diximus,
1617 4555 1907 4612 duceretur

2086 4557 2214 4614 NB’.
2245 4558 2403 4613 Οὕτω
2433 4557 2533 4629 μὲν
2597 4551 2712 4624 οὖν,
2745 4557 2820 4620 ὡς
2859 4555 3090 4626 ἔφημεν,
3116 4557 3196 4618 είς
3225 4559 3286 4608 τὸ
3340 4555 3438 4622 τῆς
3469 4555 3602 4626 ἐρη-

321 4645 618 4706 Cucusum.
642 4645 786 4714 quod
818 4655 904 4700 est
933 4644 1248 4714 oppidulum
1277 4645 1586 4700 solitudinis
1605 4684 1620 4710 ,
1650 4659 1774 4699 eum
1811 4661 1908 4700 ex-

321 4740 458 4810 cipit
483 4739 804 4808 Adelphius,
825 4737 1053 4808 quierat
1077 4737 1366 4807 episcopus
1391 4737 1616 4792 Anabisi
1648 4736 1782 4806 (46),
1800 4751 1912 4790 non

2015 4654 2142 4725 μίας
2171 4652 2443 4724 πολίχνιον
2477 4651 2574 4724 τὴν
2611 4651 2918 4706 Κουκουσδν
2949 4651 3241 4720 ἀγόμενον,
3285 4649 3603 4718 ’Δδελφειδς

2013 4734 2184 4794 αὐτδν
2208 4741 2549 4812 ὑποδέχεται,
2575 4741 2632 4803 ὃς
2664 4739 2962 4804 ἐπίσκοπος
2999 4739 3324 4809 ’Δραϐισσοῦ
3359 4735 3449 4810 ἦν,
3486 4741 3594 4794 οὐκ

321 4847 474 4898 casu,
503 4832 599 4887 sed
626 4830 811 4886 divina
839 4831 1070 4901 quadam
1098 4829 1307 4885 visione
1335 4829 1522 4900 jussus
1559 4844 1684 4884 eum
1706 4829 1907 4898 excipe

2015 4831 2167 4885 ἀθεεὶ
2196 4833 2438 4896 πάντως,
2469 4832 2583 4886 ἀλλ’
2607 4832 2728 4902 ὄψει
2768 4833 2878 4886 τινὶ
2911 4832 3162 4904 θειοτέρα
3187 4833 3286 4902 τὴν
3318 4831 3598 4902 ὑποδοχὴν

322 4939 402 4980 re.
449 4924 558 4979 Sed
588 4939 690 4979 nec
718 4923 824 4978 hoc
860 4931 978 4978 erat
1009 4931 1164 4977 extra
1204 4921 1441 4976 divinam
1474 4921 1874 4992 providentiam
1898 4958 1914 4982 .

2018 4921 2352 4988 κελευσθείς.
2388 4925 2464 4978 Οὐ
2496 4925 2603 4994 μὴν
2643 4923 2758 4979 ἀλλ’
2794 4914 2917 4978 οὐδὲ
2946 4923 3103 4977 τοῦτο
3127 4924 3226 4994 τῆς
3253 4922 3404 4986 θείας
3435 4923 3601 4988 ἐκτὸς

319 5018 462 5088 quod
483 5032 711 5088 magnus
740 5017 829 5070 ille
845 5014 1158 5070 exsilioillic
1182 5023 1323 5069 esset
1344 5015 1758 5070 condemnatus.
1783 5013 1907 5070 Nam

2018 5004 2086 5086 ἦν
2113 5015 2391 5086 προνοίας,
2426 5016 2486 5069 τὸ
2511 5016 2603 5070 τὸν
2619 5017 2792 5088 μέγαν
2819 5017 2936 5070 ἐκεῖ
2958 5018 3057 5085 τὴν
3087 5015 3386 5086 ὑπερορίαν
3418 5031 3600 5068 κατα-

319 5127 444 5166 cum
477 5119 602 5182 post
630 5111 742 5177 illa,
777 5125 841 5164 ex
864 5108 1200 5172 hominibus,
1232 5107 1322 5176 qui
1354 5107 1632 5178 impietate
1660 5115 1716 5162 et
1750 5109 1908 5177 igno-

321 5205 494 5260 rantia
521 5205 746 5258 omnino
777 5204 1112 5267 laborabant,
1132 5202 1421 5258 simulacra
1452 5209 1631 5257 autem
1660 5212 1716 5257 et
1743 5203 1906 5258 arbo-

323 5310 411 5349 res
437 5303 492 5348 et
520 5308 744 5348 nemora
773 5308 872 5364 per
893 5309 1161 5348 summam
1191 5291 1442 5347 colebant
1471 5291 1739 5347 inscitiam
1757 5309 1780 5358 _:
1812 5293 1906 5364 qui

319 5394 507 5440 autem
543 5383 705 5455 paulo
736 5387 861 5455 plus
885 5385 1189 5455 sepiebant,
1222 5382 1302 5438 sol
1335 5383 1404 5440 ab
1433 5383 1512 5440 eis
1537 5384 1904 5442 adorabatur:

392 5543 440 5578 “
471 5544 590 5599 Act.
633 5560 744 5610 xvi,
779 5544 889 5599 2i.-
947 5541 1142 5599 u.l'on.
1181 5560 1242 5612 ιι,
1278 5547 1330 5602 1.
1363 5562 1516 5618 seqq.

397 5683 510 5754 (£6)
541 5684 866 5756 Adelphium
904 5686 954 5742 id
989 5687 1249 5756 temporis
1281 5703 1390 5742 non
1434 5687 1607 5744 fuisse
1635 5687 1906 5743 Anabise-

328 5771 484 5822 nunt,
519 5757 637 5812 sive
668 5757 1018 5814 Arabisinum
1049 5760 1386 5830 cpisc0pum,
1430 5759 1526 5815 sed
1558 5758 1802 5824 Treium,
1841 5773 1908 5813 ex

2019 5104 2294 5178 κριθῆναι.
2322 5103 2476 5158 Μετὰ
2529 5105 2638 5175 γὰρ
2665 5107 2849 5160 ἐκεῖνα
2881 5103 3226 5170 δυσσεϐείας,
3255 5105 3350 5158 καὶ
3379 5103 3598 5172 ἀνθρώ-

2018 5213 2135 5250 πων
2179 5197 2316 5261 ὅλως
2357 5197 2432 5268 μὴ
2467 5196 2686 5251 εἰδότων
2712 5197 2805 5250 τὸν
2832 5196 3057 5268 Κύριον,
3089 5197 3203 5251 ἀλλ’
3228 5197 3453 5260 εἴδωλα,
3493 5196 3596 5248 καὶ

2015 5286 2228 5358 δένδρα,
2263 5290 2358 5342 καὶ
2428 5287 2564 5357 ἄλση
2625 5286 2752 5358 (φεῦ
2815 5287 2915 5358 τῆς
2954 5289 3140 5352 ἀνοίας
3167 5287 3206 5358 1)
3268 5287 3600 5360 προσκυνεῖν

2015 5377 2304 5451 ἑλομένων.
2347 5378 2504 5432 Ὅσοι
2539 5378 2594 5432 δὲ
2627 5377 2801 5451 βραχύ
2831 5396 2886 5434 τι
2919 5379 3016 5434 τοῦ
3059 5383 3280 5452 φρονεῖν
3315 5381 3599 5452 μετεῖχον,

1594 5547 1640 5580 ⁸⁸
1667 5546 1806 5602 Dan.
1841 5561 1898 5614 tt,
1932 5547 1955 5600 ί
1989 5561 2144 5615 seqq,

1977 5668 2426 5756 '(Zhrysostomo,
2481 5680 2646 5755 epist.
2687 5679 2812 5750 126,
2866 5679 3060 5752 probat
3103 5678 3302 5735 Baron.
3347 5676 3414 5735 ad
3458 5691 3596 5735 ann.-

2015 5754 2140 5810 407.
