3834 6484
255 364 394 433 1193
1307 380 1485 443 νΙΤΑ
1523 382 1582 444 S.
1626 384 1798 447 IOAb‘

1906 389 1946 451 S
1978 391 2075 453 CH
2087 392 2533 460 RYSOSTOMI.
2891 420 2925 449 τ’
3070 424 3077 431 °
3368 406 3511 470 119‘

252 482 453 552 ὁῆλιος
499 483 684 549 αὐτοῖς
740 486 821 551 είς
872 490 1262 558 προσκύνησιν.
1332 486 1495 548 Οὗτοι
1536 496 1798 567 τοιγαροῦ

1926 514 1991 554 ex
2024 500 2089 556 iis
2116 516 2249 575 ergo
2274 506 2492 574 quidam
2527 507 2618 578 (de
2644 523 2841 580 magno
2868 510 3013 565 enim
3035 511 3248 570 Joanne
3277 528 3510 585 accepe-

252 573 393 640 (ούδὲ
421 576 532 646 γὰρ
559 576 588 629 ὁ
621 578 796 647 μέγας
818 581 1052 650 ἀνήκοος
1081 583 1267 647 αὐτοῖς
1298 579 1411 649 οἷος
1442 581 1531 657 ἦν,
1572 586 1670 641 καὶ
1708 589 1795 642 οἷα

1927 600 2053 646 rant
2079 573 2435 667 auditionem)
2457 573 2579 653 cum
2599 573 2887 670 quemdam
2911 601 3262 659 adduxissem
3292 573 3510 677 paraly-

246 668 345 736 τῆς
370 668 595 738 χάριτος
647 669 974 742 ἠξιωμένος)
1035 677 1350 744 παράλυτόν
1376 696 1498 734 τινα
1526 681 1798 737 κλινοπετῖ

1927 685 2095 740 ticum
2143 688 2198 742 in
2247 688 2389 745 lecto
2440 668 2881 757 decumbentem,
2943 695 3205 766 rogabant
3262 705 3320 752 ut
3380 712 3506 753 eum

249 758 703 828 παρενεγκόντες,
730 759 1055 831 θεραπεύειν
1076 766 1282 835 ἠξίουν.
1315 770 1420 823 Τὸν
1437 771 1494 824 δὲ
1516 772 1608 826 καὶ
1632 773 1798 843 χρόνσ

1924 788 2162 833 curaret.
2215 781 2266 837 is
2309 796 2439 839 vero
2501 799 2625 840 cum
2674 794 2909 864 tempus
2955 796 3197 859 rogasset
3249 791 3427 846 morbi
3453 800 3509 845 et

247 849 603 920 ἐρωτήσαντα
633 853 731 922 τῆς
751 854 929 920 νόσου,
952 859 1046 911 καὶ
1069 859 1254 925 σέϐας,
1280 861 1404 917 ἐπεὶ
1425 865 1593 935 {pecus
1610 867 1700 919 τὸν
1725 868 1798 937 μὲε

1924 870 2263 942 religionem,
2312 876 2405 930 ubi
2452 853 2918 949 audivitﬂtempus
2959 880 3178 949 quidem
3216 897 3336 937 esse
3382 891 3507 938 octo

242 941 431 1008 ὖγδοον
452 942 571 1007 ἔτος
587 938 750 1011 εἷναι,
763 946 825 1000 τὸ
837 947 914 1009 δὲ,
933 948 1102 1018 ἥλιον,
1118 952 1328 1006 Οὐκοῦν
1345 955 1601 1011 ἰάσασθαί
1619 976 1674 1011 σε
1692 960 1818 1031 χρὴ,

245 1035 432 1104 φάναι,
466 1036 558 1090 τὸν
591 1037 768 1108 ἥλιον,
803 1041 1001 1111 μικρὸν
1044 1043 1534 1117 ύπομειδιάσαντα,
1582 1050 1694 1121 εἴγε
1730 1046 1822 1107 οὖ·

239 1144 332 1189 τος
392 1128 527 1192 Θεός
595 1131 678 1184 σοί
719 1133 890 1188 ἐστιν.
936 1134 1099 1190 Ἀλλὰ
1134 1139 1269 1209 μηδὲ
1325 1141 1491 1196 αὑτὸν
1558 1144 1817 1201 δύνασθαι

243 1219 435 1288 μηδὲν,
467 1223 676 1276 ἐκεῖνον
710 1226 907 1289 εἰπεῖν,
949 1228 1078 1282 ἄνευ
1119 1223 1292 1303 οὗπερ
1334 1233 1447 1305 ἔχει
1476 1235 1635 1291 Θεοῦ.
1665 1235 1817 1294 Εῐναι

239 1309 349 1379 γὰρ
391 1313 484 1365 καὶ
512 1313 651 1384 ἡλίῳ
684 1314 819 1370 Θεὸν
852 1316 1147 1389 ἀκούομεν,
1199 1315 1243 1391 ᾧ
1278 1322 1552 1396 λατρεύει.
1601 1330 1667 1383 Τί
1697 1327 1813 1396 οὖν,

237 1401 394 1464 αὖθις
421 1406 761 1462 ὑπολαϐόντα
791 1412 883 1466 τὸν
938 1412 1117 1483 ἅγιον,
1153 1417 1255 1471 οὐκ
1285 1419 1491 1475 ἐκεῖνον
1523 1423 1743 1492 μᾶλλον,

234 1494 332 1549 καὶ
355 1495 507 1569 ἥλιος
554 1498 837 1568 λατρεύειν
867 1500 996 1570 οἵδε,
1027 1509 1224 1576 τιμᾶτε
1272 1510 1434 1579 Θεόν;
1483 1512 1626 1568 Ἀλλ’
1656 1517 1815 1586 ἡμεῖς

233 1600 322 1675 γε,
348 1588 536 1653 φάναι,
569 1589 630 1642 ού
668 1589 983 1663 τολμῶμεν
1015 1596 1187 1665 μέγας
1228 1599 1336 1669 γὰρ
1363 1603 1569 1665 ἐκεῖνος
1595 1607 1689 1658 καὶ
1720 1623 1814 1675 φο-

156 1676 164 1681 ’
231 1673 539 1766 δερώτατος
562 1694 579 1713 ο
607 1681 709 1735 κᾶν
743 1685 816 1753 μή
843 1703 928 1749 τις
950 1686 1099 1752 ἄξιος
1128 1690 1294 1743 αὐτοῦ
1326 1688 1383 1764 ᾖ,
1411 1693 1505 1748 καὶ
1536 1673 1811 1766 ἁμαρτίας

231 1765 539 1839 ἐλεύθερος,
572 1772 709 1842 όμοῦ
750 1792 808 1828 τε
870 1779 1160 1848 προσέλθοι
1192 1782 1511 1850 λατρεῦσαι,
1544 1788 1807 1861 καὶθείῳ

232 1859 368 1926 πυρὶ
401 1863 825 1931 καταφλέγεται.
862 1867 1018 1923 Ἐπεὶ
1049 1870 1105 1923 δὲ
1147 1873 1320 1926 ταῦτα
1354 1876 1556 1945 μύθους
1591 1875 1744 1933 εἶπεν

229 1949 408 2018 ἅγιος,
441 1954 536 2006 καὶ
566 1954 762 2027 τέχνην
792 1954 935 2013 εἶναι
955 1962 1049 2015 τοῦ
1078 1966 1316 2036 πονηροῦ
1342 1971 1479 2040 πρὸς
1505 1973 1804 2040 ἀπώλειαν,

206 2045 323 2108 ,καὶ
356 2045 432 2109 ὡς
465 2048 494 2100 ὁ
524 2047 618 2102 τοῦ
647 2050 800 2121 ἡλίου
827 2054 1021 2108 τούτου
1061 2057 1215 2124 Θεὸς,
1253 2062 1466 2130 ὁρατῶν
1498 2081 1558 2116 τε
1589 2067 1680 2119 καὶ
1717 2068 1808 2127 ἀο-

229 2133 410 2205 ράτων
460 2140 681 2194 πάντων
737 2144 855 2198 ἐστὶ
886 2145 1038 2214 Θεὸς,
1068 2151 1162 2203 καὶ
1191 2152 1379 2207 οὐδένα
1407 2156 1457 2208 οί
1497 2157 1606 2211 τῶν
1633 2176 1802 2231 προσ-

224 2230 422 2285 ιόντων
463 2238 634 2301 μισεῖ,
671 2236 777 2291 κᾶν
815 2240 1138 2311 ἁμαρτωλὸς
1166 2241 1224 2319 ᾖ,
1271 2248 1533 2323 μετάνοια
1561 2251 1616 2304 δὲ
1640 2230 1803 2308 at.th

223 2323 456 2379 εἰσέλθοι
481 2327 592 2381 τῶν
622 2330 1028 2400 προλαῦόντων,
1053 2337 1152 2390 καὶ⁵
1179 2338 1260 2391 ὅτι
1288 2341 1582 2396 πίστευσον
1619 2347 1802 2415 μόνον,

220 2414 323 2470 καὶ
346 2418 379 2487 ἡ
405 2417 671 2489 θεραπεία
701 2422 863 2485 εὐθὺς
895 2425 1086 2495 ἕψεταί
1112 2445 1195 2482 σοι
1224 2432 1361 2500 μετά
1384 2450 1447 2502 γε
1466 2435 1569 2504 τῆς
1600 2414 1800 2509 ψυχῆς,

219 2510 319 2566 καὶ
345 2510 440 2564 τοῦ
471 2513 746 2582 σώματος,
780 2517 1101 2575 πιστεύεινδ
1123 2524 1296 2576 νοσῶν
1323 2521 1466 2591 εἶπε,
1496 2528 1589 2581 καὶ
1613 2531 1804 2601 μηδενὶ

221 2601 446 2670 μηκέτι,
477 2603 591 2657 ἀλλ’
615 2605 650 2675 ἢ
683 2607 760 2677 τῷ
800 2610 947 2682 μόνῳ
1000 2612 1288 2686 λατρεύειν
1331 2618 1471 2689 Θεῷ.
1506 2622 1642 2676 Τότε
1693 2641 1806 2678 τοι-

212 2696 426 2766 γαροῦν
480 2700 592 2760 τοίς
621 2701 785 2756 αὑτοῦ
844 2704 1062 2775 μέλεσιν
1107 2711 1654 2787 ἐπισφραγισάμενον
1708 2719 1802 2773 τὸν

219 2789 519 2861 μακάριον,
554 2792 748 2864 Κύριε,
804 2799 834 2851 ό
866 2799 956 2851 τὸν
991 2804 1350 2872 παρειμένον,
1405 2806 1602 2873 είπεῖν,
1629 2810 1687 2863 δν
1714 2811 1802 2866 διὰ

213 2879 320 2947 τῆς
352 2881 553 2953 στέγης
577 2885 715 2958 αὐτῇ
750 2887 909 2962 κλίνῃ
943 2908 1026 2946 σοι
1060 2894 1332 2964 καθῆκαν,
1373 2897 1518 2972 λόγῳ
1546 2901 1693 2972 μόνῳ
1722 2904 1800 2973 τῷ

215 2974 296 3045 σῷ
341 2977 658 3049 ίασάμενος,
710 2983 807 3036 καὶ
855 2985 1046 3040 τοῦτον
1095 2989 1190 3043 ἐπὶ
1223 2990 1349 3063 δόξῃ
1383 2995 1449 3064 τῇ
1508 2996 1573 3066 σῇ
1610 2998 1704 3050 καὶ
1731 3002 1798 3070 τῇ

213 3069 536 3138 ἐπιγνώσει,
577 3074 707 3142 μόνε
730 3076 855 3139 Bst,
892 3077 970 3148 τῷ
1009 3079 1238 3151 νεύματί
1295 3103 1389 3139 σου
1428 3069 1794 3157 θεράπευσον.

1924 975 2216 1030 annorum,
2266 966 2336 1020 ab
2394 982 2461 1022 eo
2490 976 2673 1023 autem
2709 969 2811 1025 coli
2849 971 3017 1027 solem
3049 989 3060 1024 :
3104 972 3332 1043 Oportet
3376 990 3505 1047 ergo

1921 1056 2093 1111 solem
2117 1057 2215 1113 tibi
2243 1058 2470 1125 mederi,
2498 1060 2652 1121 dixit,
2680 1077 2873 1133 parum
2905 1065 3214 1132 subridens,
3251 1067 3398 1122 sihic
3422 1076 3504 1124 est

1920 1147 2067 1202 Deus
2094 1157 2240 1205 tuus.
2280 1149 2386 1205 Sed
2415 1166 2517 1207 nec
2546 1153 2663 1223 ipse
2690 1160 2892 1225 potest,
2938 1156 3118 1227 inquit
3158 1158 3267 1224 ille,
3297 1160 3504 1230 absque

1921 1234 2054 1302 Deo,
2090 1252 2253 1307 quem
2294 1237 2480 1295 habet.
2524 1242 2789 1298 Audimus
2819 1245 2965 1300 enim
3005 1246 3102 1302 soli
3138 1264 3350 1320 quoque
3380 1266 3503 1307 esse

1922 1329 2117 1394 Deum,
2169 1346 2332 1401 quem
2380 1335 2531 1389 colit.
2578 1334 2715 1402 Quid
2773 1352 2920 1409 ergo,
2982 1338 3118 1393 dixit
3161 1342 3503 1412 respondens

1917 1429 2161 1487 sanctus,
2214 1438 2324 1478 non
2372 1423 2523 1480 illum
2568 1427 2746 1495 potius
2784 1427 2955 1482 Deum
2990 1429 3186 1491 colitis.
3227 1446 3388 1501 quem
3423 1434 3505 1487 sol
3592 1426 3594 1428 ’

1915 1528 2132 1584 quoque
2176 1516 2358 1572 colit?
2395 1516 2499 1573 Sed
2536 1534 2653 1583 nos,
2700 1521 2878 1592 inquit
2906 1522 2996 1578 ille
3020 1562 3035 1586 ,
3071 1540 3178 1579 non
3219 1525 3501 1580 audemus.

1915 1600 2010 1656 llle
2061 1602 2232 1669 enim,
2289 1605 2487 1676 inquit,
2541 1616 2624 1663 est
2672 1624 2919 1681 magnus,
2962 1622 3017 1667 et
3053 1614 3143 1684 qui
3185 1622 3363 1685 potest
3388 1616 3504 1671 solo

1913 1692 2139 1748 nomine
2186 1694 2474 1752 horrorem
2507 1696 2724 1764 afferre,
2765 1710 2820 1755 et
2853 1702 2896 1757 si
2926 1703 3049 1772 quis
3087 1719 3197 1760 non
3242 1706 3404 1761 fuerit
3436 1721 3504 1762 eo

1911 1785 2108 1856 dignus
2158 1798 2214 1843 ct
2256 1788 2394 1844 liber
2430 1806 2460 1845 a
2494 1801 2739 1862 peccato,
2771 1793 2933 1850 simul
2970 1804 3133 1868 atque
3159 1799 3391 1854 accessit
3433 1799 3500 1854 ad

1919 1877 2283 1945 adorandum,
2336 1879 2457 1952 igne
2508 1882 2694 1939 divino
2736 1885 3094 1943 comburitur.
3146 1888 3280 1943 Cum
3319 1901 3496 1945 autem

1912 1966 2148 2024 Sanctus
2179 1970 2295 2026 hac
2319 1971 2548 2028 dixisset
2579 1988 2700 2030 esse
2723 1973 2929 2031 faculas
2952 1985 3008 2032 et
3045 1986 3218 2033 artem
3255 1980 3497 2051 ma‘igni,

1912 2061 2003 2129 qui
2030 2062 2116 2126 iis,
2157 2064 2250 2133 qui
2281 2071 2497 2135 parent,
2531 2068 2837 2122 mercedem
2876 2068 3131 2125 conciliat
3163 2069 3444 2125 interitum
3479 2090 3494 2126 :

1909 2151 2188 2207 etDeum
2218 2151 2384 2224 hujus
2416 2154 2568 2220 solis,
2605 2170 2728 2211 esse
2774 2158 2944 2212 Deum
2987 2173 3201 2224 eorum,
3233 2174 3354 2229 qum
3395 2161 3499 2215 sub

1907 2254 2187 2314 aspectum
2213 2247 2417 2305 cadunt
2449 2257 2652 2318 etquae
2684 2264 2792 2303 non
2830 2250 3054 2317 cadunt,
3095 2266 3199 2306 nec
3230 2252 3398 2306 ullum
3432 2267 3499 2306 ex

1907 2334 1999 2402 iis,
2027 2336 2117 2406 qui
2145 2337 2212 2393 ad
2239 2353 2363 2393 eum
2391 2339 2679 2403 accedunt,
2703 2340 2873 2410 rejici,
2896 2341 3107 2398 etiamsi
3138 2342 3497 2413 sitpeccator,

1904 2427 2069 2484 modo
2100 2444 2224 2484 eum
2256 2431 2484 2486 subierit
2511 2432 2833 2503 paenitentia
2858 2448 3073 2501 eorum,-
3109 2450 3232 2505 quae
3259 2450 3497 2506 pratces-

1905 2529 2119 2576 serunt.
2152 2520 2339 2577 Solum
2371 2523 2579 2594 itaque,
2610 2523 2807 2594 inquit,
2828 2525 2989 2581 crede
3019 2544 3032 2580 :
3071 2535 3126 2581 et
3156 2528 3336 2582 statim
3369 2542 3495 2582 cum

1913 2613 2199 2669 curatione
2234 2616 2505 2684 corporis,
2545 2624 2806 2685 sequetur
2841 2617 3005 2672 etiam
3033 2619 3244 2673 curatio
3277 2618 3493 2674 animae.

1906 2705 2043 2760 Cum
2071 2707 2150 2762 sic
2169 2706 2396 2763 dixisset
2423 2717 2770 2764 sacrosancta
2818 2708 2909 2763 illa
2930 2710 3136 2782 lingua,
3162 2710 3296 2765 dixit
3322 2726 3497 2781 πιςτο-

1908 2808 1994 2854 tus
2027 2815 2086 2855 se
2113 2800 2360 2866 credere,
2397 2809 2455 2856 et
2482 2817 2542 2856 se
2578 2801 2790 2857 nullum
2831 2803 2995 2858 alium
3035 2804 3270 2873 amplius
3319 2803 3489 2859 Deum

1902 2908 2025 2948 esse
2050 2894 2349 2950 culturum.
2369 2893 2523 2949 Tune
2552 2909 2680 2966 ergo
2713 2895 2927 2961 beatus,
2958 2910 3080 2950 cum
3107 2896 3348 2951 membra
3371 2897 3493 2967 ejus

1908 2986 2270 3058 obsignasset,
2334 2985 2563 3042 Domine
2592 3027 2607 3054 ,
2643 2986 2841 3057 inquit,
2883 2986 2975 3058 qui
3030 2987 3386 3059 paralyticum
3420 2984 3491 3054 “,

1902 3092 2063 3147 quem
2112 3092 2211 3148 per
2254 3086 2461 3133 tectum
2503 3092 2628 3133 cum
2661 3080 2779 3149 ipso
2815 3080 2956 3134 lecto
2993 3079 3092 3134 tibi
3131 3079 3490 3145 demiserunt,

213 3163 331 3217 Καὶ
393 3164 471 3228 ὡς
502 3165 675 3220 ταῦτα
722 3170 890 3233 εἴποι.
950 3174 1252 3244 ἀναστῆναὲ
1302 3196 1361 3232 τε
1389 3180 1550 3245 εὐθὺς
1578 3184 1671 3237 τὸν
1707 3202 1796 3239 νο-

1906 3170 2024 3225 solo
2046 3170 2212 3225 verbo
2247 3171 2473 3237 curasti,
2507 3170 2656 3228 hunc
2685 3184 2901 3240 quoque
2922 3170 2988 3225 ad
3015 3171 3236 3242 gloriam
3265 3180 3412 3227 tuam
3437 3183 3494 3229 et

214 3258 417 3314 σοῦντα
442 3261 532 3315 καὶ
559 3262 690 3330 ὑγιᾶ
725 3264 938 3333 στῆναι,
967 3268 1155 3336 μισθὸν
1185 3271 1447 3341 εἰληφότα
1501 3276 1601 3341 τῆς
1639 3277 1792 3330 εύσε⁴

212 3351 392 3416 δείας,
425 3352 525 3424 τὴν
559 3357 729 3428 ρῶσιν
763 3357 858 3411 τοῦ
907 3358 1236 3434 σώματος.ῆ
1271 3366 1473 3434 μᾶλλον
1522 3367 1611 3421 διὰ
1640 3369 1794 3423 νόσου

212 3450 555 3518 σωματικῆς,
587 3449 724 3521 πρὸς
750 3451 851 3524 τὴν
890 3452 1131 3524 ψυχικὴν
1150 3456 1383 3524 ὑγίειαν,
1417 3459 1449 3528 ἢ
1479 3459 1573 3512 καὶ
1613 3460 1795 3529 ἀμφοο

208 3536 390 3608 τέρων
421 3538 783 3610 ὁδηγηθέντα.
818 3541 991 3597 Τοῦτο
1020 3545 1083 3597 τὸ
1117 3544 1304 3615 θαῦμα
1334 3548 1630 3603 πιστεύσαι
1666 3552 1795 3614 τοὺς

202 3629 308 3699 τῆς
344 3628 530 3701 χώρας
556 3631 761 3703 ταύτης
801 3637 964 3699 ποιεῖ,
1013 3637 1108 3689 καὶ
1134 3636 1214 3707 τῷ
1236 3637 1574 3709 βαπτίσματι
1616 3658 1790 3710 προσ-

214 3722 396 3777 ελθεῖν
420 3723 658 3794 ἀριθμοῦ
684 3727 1214 3795 κρείττονας.Ἐπτὰ
1241 3731 1424 3784 τοίνυν
1463 3734 1794 3799 ἐπισκόπους

206 3818 312 3871 σὺν
362 3816 479 3886 ἃμα
528 3819 924 3890 πρεσϐυτέροις
983 3823 1081 3875 καὶ
1113 3823 1384 3889 διακόνοις
1446 3828 1655 3892 ἱκανοῖς
1714 3830 1793 3901 τῷ

202 3905 406 3977 πλήθει
433 3907 543 3961 τῶν
573 3912 993 3966 πιστευσάντων
1024 3914 1118 3966 ἐπὶ
1144 3915 1357 3980 τούτοις
1382 3922 1790 3989 χειροτονήσας,

201 3999 438 4069 ἐπείπερ
461 4000 610 4073 εὖροι
634 4005 783 4066 τινὰς
818 4005 1000 4059 αὐτῶν
1024 4008 1125 4077 τὴν
1152 4007 1422 4081 Ἐλλήνων
1444 4014 1645 4083 φράσιν
1670 4015 1792 4068 ἐπι-

205 4094 532 4162 σταμένους,
567 4097 778 4163 τούτοις
810 4099 909 4153 ὅσα
936 4102 1029 4155 καὶ
1052 4100 1274 4177 γλώσσῃ
1300 4107 1669 4177 χρησάμενος,
1701 4108 1793 4161 τόν

166 4200 262 4257 ἴτε
309 4184 451 4240 θεῖον
483 4186 644 4242 Δαδὶδ
703 4191 797 4243 καὶ
843 4191 943 4260 τὴν
1000 4194 1211 4266 Καινὴν
1276 4196 1494 4252 ἃπασαν
1521 4200 1657 4271 πρὸς
1693 4202 1791 4271 τῆν

214 4277 446 4332 Ἐλλάδα
474 4279 726 4347 γλῶτταν
758 4281 827 4336 δι’
851 4282 1035 4339 αὐτῶν
1070 4286 1423 4355 μετασάλλει.
1458 4293 1571 4345 Καὶ
1609 4310 1789 4364 παρα-

198 4371 388 4426 δίδωσι
416 4374 514 4443 μὲν
543 4374 637 4429 τὸν
667 4375 836 4430 τύπον
880 4378 979 4448 τῆς
1012 4382 1356 4453 ἀναιμάκτου
1382 4386 1610 4452 ⁹θυσίας,
1646 4389 1790 4442 ἐκδι-

199 4466 396 4520 δάσκει
425 4466 481 4520 δὲ
520 4468 616 4520 καὶ
664 4469 733 4522 τὰ
777 4472 874 4540 τῆς
920 4472 1133 4540 Καινῆς
1175 4476 1471 4548 Διαθήκης.
1517 4474 1648 4533 Εἶτα
1694 4481 1789 4536 καὶ

203 4560 442 4623 κανόνας
463 4562 648 4628 αὐτοῖς
671 4567 975 4636 εἰσηγεῖται
997 4568 1312 4640 ψαλμῳδίας
1335 4571 1427 4624 καὶ
1449 4572 1789 4642 προσευχῶν.

215 4649 449 4719 Ὀλίγων
481 4651 535 4705 δὲ
562 4654 785 4726 ἡμερῶν
808 4655 1227 4728 πληθυνομένην
1252 4659 1395 4729 ὀρῶν
1425 4658 1525 4730 τὴν
1551 4661 1792 4732 νεοπαγῆ

201 4738 413 4808 ταύτην
442 4740 792 4814 Ἐκκλησίαν,
817 4747 953 4801 ἀλλὰ
977 4750 1070 4803 καὶ
1095 4750 1205 4803 τῶν
1237 4750 1333 4805 τοῦ
1365 4750 1604 4822 Χριστοῦ
1640 4753 1795 4806 ἐντοσ-

197 4829 315 4884 λῶν
346 4832 408 4884 ού
447 4833 652 4905 μικρὰν
686 4838 745 4890 ἐν
785 4838 972 4903 αὐτοῖς
1006 4841 1105 4910 τὴν
1133 4841 1399 4906 ἐπίδοσιν,
1436 4836 1795 4914 ᾠμολόγειτε

198 4920 281 4990 τῷ
323 4921 442 4992 Θεῷ
501 4925 682 4994 χάριν,
733 4930 828 4981 καὶ
876 4930 1179 5000 ὴγαλλιᾶτο
1226 4934 1302 5004 τῷ
1336 4933 1634 5001 πνεύματι,
1672 4940 1787 5003 τοῖς

200 5010 487 5067 ἀσθενέσιν
545 5018 724 5072 αὐτῶν
794 5023 987 5092 χεῖρας
1035 5024 1289 5093 ίασίμσυς
1341 5028 1633 5096 ἐπιτιθεὶς,
1687 5031 1782 5085 καὶ

200 5107 410 5176 προῖκα
432 5107 493 5160 τὸ
515 5109 738 5165 πάντων
766 5114 1056 5170 κάλλιστον
1079 5116 1461 5189 χαριζόμενος.

268 5282 395 5341 Nl".
414 5286 522 5340 Καὶ
537 5288 564 5340 ό
581 5286 680 5357 μὲν
696 5290 755 5343 ὲν
767 5290 975 5355 τούτοις
988 5287 1075 5364 ἦν·
1110 5294 1225 5348 ὅσοι
1239 5296 1295 5349 δὲ
1317 5295 1425 5349 τῶν
1436 5297 1587 5371 αὐτῷ
1603 5316 1783 5355 κεκοι-

193 5374 525 5445 νωνηκότων
544 5371 687 5446 ἦσαν
706 5380 997 5437 ἐπίσκοποί
1020 5399 1078 5436 τε
1101 5385 1196 5450 καὶ
1218 5385 1383 5455 ἱερεῖς
1402 5388 1607 5453 ἁπλῶς,
1626 5391 1677 5444 οἳ
1693 5391 1782 5445 διὰ

191 5465 288 5518 τὸν
306 5465 446 5537 ὑπὲρ
459 5468 695 5538 Χριστοῦ
709 5470 872 5538 ζῆλον
893 5474 1186 5542 ἐκκλησίαν
1199 5478 1470 5547 ἐμίσησαν
1484 5498 1619 5552 πονη
1629 5500 1780 5552 ρευο-

195 5559 398 5628 μένων,
413 5560 633 5625 τούτους
652 5563 716 5633 δὴ
743 5566 954 5630 πάντας
983 5567 1297 5637 δημεύσεις,
1316 5571 1540 5642 ἑξορίαι,
1563 5575 1780 5631 θάνατοι

194 5653 294 5705 καὶ
316 5651 564 5717 κολάσεις
588 5656 830 5710 ποικίλαι
851 5657 1242 5730 διεμερίζοντο.
1266 5664 1374 5716 Καὶ
1390 5664 1501 5738 γὰρ
1521 5665 1629 5722 ἔδει
1652 5669 1780 5723 κὰν-

286 5833 333 5864 ⁸³
363 5831 494 5890 Luc.
528 5853 581 5897 ν,
610 5834 694 5890 i8.

429 5935 700 5998 Panos.
728 5939 848 6031 Gn.
880 5934 1101 5999 CXIV.

1898 3260 2235 3332 agnitionem
2264 3271 2356 3316 tuo
2386 3269 2522 3315 nutu
2551 3277 2703 3317 cura.
2732 3261 2859 3318 litec
2879 3277 3001 3317 cum
3033 3262 3282 3328 dixisset,
3303 3264 3489 3319 statim

1899 3353 2158 3414 surrexit,
2203 3353 2294 3422 qui
2327 3354 2645 3424 aegrotabat,
2672 3362 2727 3408 et
2753 3354 2903 3408 stetit
2945 3369 3133 3421 sanus,
3157 3364 3217 3410 ut
3244 3355 3337 3425 qui
3364 3355 3482 3410 fru-

1901 3451 2050 3497 ctum
2093 3442 2315 3513 pietatis
2343 3445 2647 3514 accepisset
2672 3446 2839 3500 robur
2864 3446 3112 3516 corporis
3140 3463 3154 3500 :
3184 3457 3277 3502 aut
3305 3449 3492 3518 potius

1897 3549 1995 3605 per
2018 3537 2272 3591 morbum
2299 3538 2548 3607 corporis
2585 3538 2854 3594 deductus
2876 3538 3072 3595 fuisset
3105 3539 3170 3594 ad
3202 3541 3488 3597 sanitatem

1897 3628 2121 3696 animus,
2168 3639 2261 3684 aut
2302 3630 2467 3684 etiam
2499 3631 2806 3701 utriusque.
2847 3630 2959 3686 lloc
2988 3632 3311 3688 miraculum
3360 3633 3489 3688 favit

1905 3720 2184 3790 regionem
2221 3737 2345 3776 eum
2374 3732 2490 3778 toto
2518 3731 2661 3778 cortu
2697 3722 2943 3789 credere,
2981 3731 3037 3778 et
3062 3723 3489 3781 innumerabiles

1902 3813 2168 3877 accedere
2194 3814 2262 3868 ad
2290 3816 2639 3885 baptismum.
2665 3816 2800 3872 Cum
2819 3831 2946 3886 ergo
2969 3823 3179 3886 septem
3203 3816 3489 3905 episcopos

1897 3918 2022 3959 eum
2050 3904 2379 3975 presbyteris
2402 3918 2455 3961 et
2477 3906 3131 3962 diaeonissuﬂicientibus
3150 3904 3487 3961 multitudini

1894 4011 2086 4051 eorum
2114 4037 2128 4061 ,
2162 3997 2255 4066 qui
2287 3997 2672 4061 crediderant,
2704 4000 2784 4055 eis
2821 4000 3156 4064 ordinassct,
3188 3996 3490 4054 invenisset

1896 4097 2079 4144 autem
2102 4091 2370 4160 quosdam
2386 4106 2453 4147 ex
2481 4093 2559 4146 eis
2574 4092 2714 4147 bene
2732 4093 2871 4148 scire
2887 4093 3136 4150 (ira:ch
3156 4107 3485 4160 sermonem,

1898 4182 1980 4237 eis
2009 4188 2270 4253 tanquam
2313 4182 2492 4256 lingua
2534 4199 2687 4250 usus,
2722 4183 2966 4240 divinum
3012 4185 3174 4241 David
3216 4196 3272 4241 et
3312 4194 3484 4242 totum

1894 4276 2105 4333 Novum
2125 4279 2535 4335 Testamentum
2565 4297 2662 4351 per
2682 4280 2831 4351 ipsos
2852 4280 3037 4336 Gra‘ce
3058 4282 3483 4351 interpretatur:

1896 4378 1955 4425 et
1982 4370 2218 4425 formam
2245 4372 2465 4442 quidem
2497 4373 2660 4427 tradit
2684 4373 2957 4427 incruenti
2990 4372 3240 4427 sacriilcii
3275 4388 3289 4425 :
3323 4374 3483 4429 docet

1892 4472 2072 4518 autem
2101 4479 2163 4519 ea
2186 4480 2422 4534 quoque,
2441 4475 2700 4534 quazsunt
2724 4463 2861 4520 Novi
2889 4465 3246 4521 Testamenti.
3280 4466 3482 4520 Deinde

1892 4555 2060 4610 tradit
2090 4557 2254 4611 etiam
2290 4556 2370 4611 eis
2416 4557 2630 4628 regulas
2681 4558 2994 4628 psalmodiae
3037 4567 3092 4614 et
3145 4556 3476 4612 orationum.

1896 4646 2032 4704 Cum
2063 4663 2194 4720 ergo
2223 4650 2412 4721 paucis
2450 4651 2642 4706 diebus
2678 4652 2902 4707 vidisset
2937 4653 3082 4706 hanc
3108 4666 3297 4706 recens
3331 4658 3477 4705 stru-

1894 4749 2039 4797 ctam
2094 4743 2383 4799 ecclesiam
2442 4744 2816 4814 multiplicari,
2867 4744 3000 4814 quin
3051 4745 3216 4799 etiam
3271 4743 3480 4799 Christi

1898 4845 2297 4906 praeceptorum
2329 4852 2439 4893 non
2466 4853 2695 4908 parvum
2721 4837 2776 4892 in
2800 4838 2880 4892 eis
2920 4836 3032 4891 licri
3061 4837 3480 4904 incrementum,

1894 4925 2008 4983 Deo
2034 4943 2260 5000 magnas
2283 4929 2473 4999 agebat
2498 4930 2698 5000 gratias
2723 4938 2780 4986 et
2804 4929 3112 4984 exsultabat
3141 4929 3357 4999 spiritu,
3392 4931 3481 5000 iis,

1903 5021 1996 5092 qui
2031 5038 2097 5076 ex
2126 5021 2207 5077 eis
2233 5031 2387 5077 erant
2417 5023 2637 5092 inﬁrmi,
2672 5023 2912 5079 medicas
2942 5038 3136 5078 manus
3169 5023 3481 5094 imponens,

1898 5123 1955 5170 et
1985 5113 2039 5170 id
2071 5116 2215 5185 quod
2260 5124 2346 5171 est
2378 5116 2621 5172 omnium
2666 5115 3117 5188 pulcherrimum,
3160 5117 3328 5190 gratis
3370 5117 3483 5173 lar-

1896 5206 2073 5278 giens.

1963 5299 2094 5357 Llil.
2124 5299 2232 5357 Sed
2268 5300 2360 5356 ille
2392 5300 2607 5371 quidem
2646 5303 2702 5357 in
2748 5305 2831 5361 his
2864 5325 2878 5361 :
2926 5323 3116 5363 eorum
3163 5314 3342 5362 autem
3382 5306 3478 5376 qui

1890 5391 2204 5449 inimicitias
2246 5403 2452 5451 temere
2487 5398 2836 5461 exercebant,
2870 5409 2964 5454 aut
2992 5416 3206 5464 eorum,
3238 5399 3328 5469 qui
3362 5398 3474 5453 Deo

1890 5494 1944 5540 et
1965 5484 2160 5540 Joanni
2187 5486 2560 5554 adhaerebant,
2590 5506 2676 5545 res
2713 5492 2987 5563 quomodo
3016 5492 3040 5546 ?
3071 5491 3394 5559 Quicunque
3420 5489 3470 5545 ei

1889 5579 2431 5636 communicaverant
2471 5583 2734 5656 episcopi,
2770 5570 2831 5642 ut
2854 5585 3023 5643 semel
3063 5585 3264 5647 dicam,
3295 5590 3350 5636 et
3376 5598 3466 5637 sa-

1887 5671 2165 5739 cerdotes,
2198 5674 2291 5743 qui
2321 5684 2549 5746 propter
2574 5692 2673 5747 pro
2696 5677 2915 5734 Christo
2948 5676 3123 5732 zelum
3153 5675 3281 5731 odio
3311 5674 3479 5731 habe.

3045 5953 3127 6015 3S
