3834 6482
411 365 554 430 1195

1643 371 1928 431 MENSIS
1965 372 2419 434 JANUARIUS.

3520 369 3643 437 1196

409 477 537 531 bant
582 478 867 533 eet-lesiam
928 480 1364 551 malignantium,
1406 479 1439 533 ii
1489 494 1679 534 omnes
1723 479 1989 533 bonorum

2104 482 2266 536 ιαῦθα
2293 481 2388 535 τοῦ
2411 479 2576 534 καλοῦ
2597 480 2852 549 ποιμένος
2876 477 3018 534 κατᾶ
3048 477 3147 548 τὴν
3185 477 3279 532 τοῦ
3324 478 3537 549 πρῶτον
3567 484 3621 550 μί

407 569 829 638 publicationes,
859 571 1237 640 relegationes,
1265 581 1488 637 mortes,
1525 581 1579 626 et
1609 571 1753 626 varia
1785 571 1990 639 suppli-

410 679 423 709 t
443 659 489 712 ia
509 659 793 714 subierunt
817 661 1169 731 (47).Etenim
1195 664 1478 732 oportebat
1503 662 1587 716 hic
1611 677 1845 732 quoque,
1867 679 1988 716 cum

413 751 590 805 bonus
623 761 810 822 pastor
837 754 901 808 ad
942 755 1302 811 imitationem
1336 755 1494 826 primi
1526 755 1762 810 venisset
1790 755 1842 808 in
1875 770 1991 808 ma-

411 857 515 896 nus
539 842 852 913 impiorum,
881 845 1115 916 dispergi
1135 847 1352 917 quidem
1376 862 1523 909 oves,
1554 862 1646 901 eas
1668 859 1848 900 autem
1872 862 1992 902 esse

414 949 631 1004 quoque
693 951 817 990 cum
877 939 1136 1008 magistra
1192 939 1541 994 molestorum
1599 941 1891 1009 participes
1923 940 1990 996 “.

412 1026 638 1081 Licebat
657 1043 786 1098 ergo
808 1029 992 1082 videre
1010 1029 1146 1084 alios
1173 1030 1388 1100 quidem
1419 1031 1663 1101 implere,
1682 1048 1801 1102 quae
1825 1045 1993 1101 prope

413 1127 594 1183 erant,
624 1118 936 1174 custodias:
974 1120 1110 1175 alios
1141 1130 1321 1176 autem
1355 1123 1727 1188 condemnari,
1751 1123 1993 1178 habitare

412 1218 586 1264 terras
639 1219 694 1264 et
749 1213 956 1267 insulas
1002 1215 1190 1284 procul
1238 1215 1402 1281 sitas;
1433 1214 1617 1268 multis
1647 1225 1701 1269 et
1741 1217 1994 1286 gravjbus

415 1299 700 1353 tormentis
739 1301 891 1369 prius
931 1302 1228 1358 confectos.
1276 1305 1406 1367 Qua:
1455 1313 1634 1358 autem
1693 1306 1892 1359 fiebant
1940 1309 1991 1360 in

412 1389 628 1455 itinere,
677 1406 736 1444 ea
788 1402 945 1446 erant
1001 1393 1103 1447 alia
1154 1394 1400 1462 quazdam
1444 1395 1701 1465 tragozdia
1746 1404 1800 1449 et
1836 1397 1995 1465 plane

415 1481 539 1536 Ilias
573 1484 860 1538 malorum.
903 1485 1034 1539 Nam
1063 1501 1185 1540 cum
1215 1487 1357 1541 nacti
1391 1496 1577 1540 essent
1611 1505 1783 1543 saevos
1813 1499 1866 1543 et
1896 1490 1998 1543 ἱιιι·

413 1575 617 1643 probos
657 1592 772 1638 eos,
807 1579 896 1646 qui
935 1579 1227 1642 ducebant,
1261 1579 1342 1635 eis
1371 1580 1509 1634 nihil
1543 1583 1770 1636 omnino
1808 1599 1996 1653 parce-

417 1667 596 1732 batur,
641 1684 819 1738 neque
851 1671 902 1724 in
940 1687 1033 1724 eos
1067 1671 1171 1725 ulla
1203 1672 1594 1726 ostendebatur
1626 1675 1912 1728 clementia
1944 1686 1998 1729 et

414 1760 771 1831 benignitas:
837 1779 938 1816 nec
985 1779 1107 1818 cum
1165 1765 1244 1818 eis
1284 1765 1353 1818 ita
1407 1766 1686 1834 agebatur,
1735 1776 1992 1838 tanquam

413 1851 647 1908 fuissent
681 1855 927 1910 homines
948 1856 1225 1911 commissi
1260 1857 1590 1918 hominibus.
1613 1860 1706 1914 sed
1739 1870 1991 1928 tanquam

413 1946 543 1999 feris
575 1949 758 2015 potius
782 1960 875 2003 aut
903 1948 1240 2006 daemonibus
1267 1952 1594 2005 immanibus
1610 1962 1658 2005 et
1687 1953 1991 2018 homicidis,

415 2048 470 2091 et
501 2038 624 2092 ideo
656 2039 994 2096 ducebantur
1020 2042 1213 2096 acerbe
1243 2053 1296 2098 et
1332 2043 1829 2098 immisericorditcr
1857 2061 1869 2097 :
1905 2045 1994 2098 alii

417 2128 636 2194 quidem
663 2124 740 2185 sie
764 2132 942 2186 vexati
969 2133 1023 2186 in
1052 2132 1370 2199 itinere,alii
1404 2144 1583 2189 atttem
1621 2137 1780 2190 nudis
1803 2147 1857 2190 et
1887 2153 1992 2191 non

415 2220 603 2275 stratis
654 2223 818 2278 mulis
864 2223 1099 2292 injectis,
1153 2241 1262 2278 non
1313 2241 1470 2280 secus
1519 2243 1679 2297 quam
1720 2229 1762 2282 si
1814 2239 1997 2283 essent

417 2326 582 2366 onera
631 2311 890 2368 inanima.
936 2317 1042 2371 Sed
1092 2317 1213 2385 quis
1256 2317 1524 2385 insignem
1565 2336 1753 2374 eorum
1800 2321 1997 2375 dixerit

416 2403 767 2460 insolentiam
801 2407 824 2461 ?
857 2405 989 2472 Quis
1027 2411 1244 2478 probra,
1281 2413 1728 2476 ludiﬁcationem,
1769 2416 1996 2468 subsan-

417 2495 717 2560 nationem,
746 2497 1072 2566 irrisionem,
1108 2517 1229 2571 qua:
1261 2503 1427 2571 plagis
1468 2513 1522 2558 et
1552 2503 1731 2574 ﬂagris
1760 2505 1994 2558 animam

417 2595 646 2656 tangunt
679 2590 1078 2654 vehementius,
1128 2605 1183 2647 et
1229 2594 1488 2658 efficiunt,
1532 2607 1589 2650 ut
1634 2613 1778 2651 mors
1803 2598 1995 2651 acerba

416 2679 483 2733 sit
514 2681 684 2750 magis
709 2683 943 2751 optanda
990 2684 1060 2740 iis
1103 2687 1193 2754 qui
1222 2686 1550 2755 patiuntur?
1581 2687 1644 2742 Ut
1670 2698 1850 2742 autem
1875 2689 1995 2742 illo-

415 2784 538 2824 rum
582 2771 818 2826 dedecus
851 2773 1116 2828 haberent
1152 2790 1251 2844 pro
1292 2776 1530 2840 deliciis,
1565 2792 1675 2830 non
1711 2777 1766 2829 in
1807 2777 1998 2830 domos

417 2861 746 2928 orationum,
776 2881 883 2919 non
917 2866 972 2919 in
997 2866 1175 2934 aliqua
1207 2867 1310 2922 alia
1337 2868 1643 2922 habitacula
1674 2869 1726 2922 in
1753 2869 1997 2923 diverso-

416 2954 511 3009 riis
545 2971 638 3010 eos
670 2957 1091 3012 introducebant
1122 2978 1135 3012 :
1173 2961 1267 3015 sed
1300 2962 1352 3014 in
1382 2961 1682 3015 fornicibus
1709 2971 1764 3016 et
1797 2962 1998 3031 prosti-

414 3046 559 3102 bulis
585 3062 680 3103 eos
704 3051 1018 3105 exsecrandi
1081 3062 1137 3106 et
1177 3053 1425 3108 scelerati
1465 3054 1836 3108 includebant.
1873 3055 1998 3109 llrec

2097 588 2263 641 μησιν
2291 572 2394 623 ὑπὸ
2422 571 2578 641 χερσὶ
2621 572 2739 631 ταῖς
2767 569 2876 621 τῶν
2928 568 3146 638 ἀνόμων
3200 568 3490 637 γενομένου
3535 570 3642 623 δια-

2094 659 2491 731 σκορπισθῆναι
2521 661 2618 729 μὲν
2634 659 2702 712 τὰ
2728 657 3000 726 πρόϐατα,
3035 656 3360 725 κοινωνῆσαι
3379 656 3434 708 δὲ
3465 656 3646 720 αὐτοὺς

2093 754 2186 804 καὶ
2218 749 2295 820 τῷ
2317 751 2622 822 διδασκάλῳ
2660 751 2766 803 τῶν
2786 749 3039 818 Θλίψεων.
3069 745 3178 800 Ἦν
3221 744 3316 800 οὖν
3349 748 3480 818 δρᾷν
3530 750 3645 811 τοῦς

2096 842 2195 913 μὲν
2227 843 2324 906 τὰς
2354 843 2515 911 ἐγγύς
2543 861 2642 896 που
2675 843 2925 912 φυλακὰς
2948 842 3315 914 πληροῦντας,
3340 844 3464 906 τοὺς
3485 842 3538 896 δὲ
3564 843 3648 906 τὰς

2097 933 2313 1002 μακρὰν
2341 933 2603 1004 ἠπείρους
2625 934 2718 986 καὶ
2739 935 2934 1004 νήσους
2957 935 3126 986 οἰκεῖν
3146 934 3646 1004 κατακρινομένουςο

2095 1022 2318 1086 πολλαῖς
2351 1023 2617 1095 πρότερον
2648 1025 2739 1076 καὶ
2767 1023 3028 1093 χαλεπαῖς
3055 1027 3173 1086 ταῖς
3192 1023 3442 1089 βασάνοις
3472 1042 3652 1094 κατερ-

2094 1113 2419 1180 γασθέντας.
2438 1113 2518 1167 Τὰ
2537 1115 2591 1167 δὲ
2605 1115 2743 1167 κατὰ
2760 1117 2856 1183 τὴν
2877 1114 3156 1183 όδόν,ᾶλλη
3178 1131 3260 1178 τις
3279 1114 3550 1184 τραγῳδία
3567 1116 3649 1167 καὶ

2097 1203 2352 1276 δακρύων
2390 1205 2666 1267 ὑπόθεσις.
2686 1204 2864 1274 Ὠμῶν
2881 1205 2990 1274 γὰρ
3007 1205 3261 1275 τυχόντες
3295 1206 3388 1257 καὶ
3419 1206 3649 1274 πονηρῶν

2095 1296 2204 1348 τῶν
2239 1297 2497 1362 ἀγόντων,
2521 1296 2778 1365 οὐδεμιᾶς
2795 1295 3044 1364 ἠξιοῦντο
3071 1297 3343 1366 προνοίας,
3373 1296 3405 1366 ἢ
3429 1296 3652 1366 φειδοῦς.

2095 1389 2127 1458 ἢ
2164 1389 2486 1458 σπλάγχνων
2533 1387 2923 1454 τῶν”φυσικῶν
2983 1389 3079 1440 καὶ
3108 1389 3496 1460 χρηστότητος,
3541 1391 3649 1443 οὑδὲ

2097 1477 2170 1541 ὼς
2196 1479 2471 1548 ἄνθρωποι
2506 1476 2815 1548 ἀνθρώποις
2847 1478 3229 1541 πιστευθέντες
3260 1474 3421 1548 ἦσαν,
3458 1479 3651 1544 ἀλλ’ὡς

2101 1567 2311 1639 θηρίοις
2347 1569 2569 1638 μᾶλλον,
2604 1570 2635 1638 ἢ
2673 1569 2884 1641 ἀγρίοις
2919 1569 3136 1638 δαίμοσι
3165 1570 3256 1622 καὶ
3283 1569 3650 1640 ἀνθρωποκτό-

2099 1678 2234 1723 νοις.
2265 1662 2372 1713 Kal.
2395 1661 2479 1714 διὰ
2508 1661 2664 1715 τοῦτο
2690 1663 2903 1733 πικρῶς
2929 1664 3124 1734 ἤγοντο
3162 1664 3257 1716 καὶ
3287 1663 3651 1733 summm,

2101 1753 2150 1804 οί
2203 1751 2302 1820 μὲν
2333 1750 2476 1804 οὕτω
2523 1754 2648 1823 περὶ
2693 1753 2789 1823 τὴν
2841 1753 3151 1822 ὁδοιπορίαν
3205 1753 3650 1822 κατατεινόμενιι,

2097 1847 2143 1898 oi
2172 1846 2227 1898 δὲ
2259 1848 2482 1915 γυμνοῖς
2517 1847 2611 1899 καὶ
2644 1845 2944 1918 ἀστρώτοις
2973 1847 3094 1909 ταῖς
3141 1846 3408 1914 ἡμιόνοις,
3433 1845 3508 1908 ῶς
3550 1862 3654 1898 τινα

2099 1939 2208 1991 τῶν
2261 1938 2484 2009 ἀψύχων
2537 1939 2772 2009 φορτίων
2811 1937 3326 2010 ἐπιρριπτούμενοι.
3371 1936 3533 1990 Ἀλλὰ
3570 1937 3654 2002 τὴν

2101 2031 2407 2101 ὑπερϐολὴν
2456 2032 2554 2097 τῆς
2599 2031 2920 2100 ὑπεροψίας,
2984 2030 3120 2083 ἀλλά
3187 2030 3259 2083 τὰ
3310 2029 3512 2098 ὀνείδη,
3571 2029 3657 2098 τὴν

2100 2125 2318 2194 χλεύην,
2350 2124 2439 2177 τὸν
2464 2124 2634 2194 βαρὺν
2658 2126 2934 2192 μυκτῆρα,
2958 2125 3082 2185 τοὺς
3105 2122 3370 2190 γέλωτας.
3400 2121 3438 2174 ἃ
3456 2120 3654 2188 πληγῶν

2101 2221 2194 2270 καὶ
2238 2217 2516 2286 μαστίγων
2572 2214 2752 2284 πολλῷ
2787 2214 3116 2286 δριμύτερον
3147 2214 3416 2267 ἅπτονται
3448 2215 3543 2283 τῆς
3567 2213 3656 2284 ψυ-

2097 2311 2218 2380 χῆς,
2255 2311 2350 2364 καὶ
2409 2311 2498 2364 τὸν
2559 2315 2755 2378 πικρόν
2812 2309 3044 2363 θάνατον
3074 2307 3268 2361 εὐκτὸν
3311 2307 3526 2361 ποιοῦσι
3555 2309 3654 2370 τοῖς

2101 2403 2405 2472 πάσχουσιν
2433 2420 2448 2465 ς
2483 2403 2601 2454 Ἵνα
2627 2402 2683 2455 δὲ
2715 2401 2806 2455 καὶ
2861 2400 3075 2470 τρυφὴν
3115 2400 3250 2453 ἰδίαν
3281 2400 3544 2454 ποιῶνται
3570 2401 3655 2468 τὴν

2103 2495 2332 2548 ἐκείνοιν
2399 2493 2682 2565 αἰσχύνην,
2739 2494 2838 2546 οὐκ
2872 2495 2950 2556 εἰς
2981 2493 3164 2556 οἴκους
3195 2491 3536 2562 προσευχῶν,
3573 2491 3655 2543 οὐκ

2100 2592 2178 2652 είς
2227 2590 2412 2661 ἕτερόν
2452 2607 2504 2641 τι
2529 2590 2638 2642 τῶν
2659 2588 2977 2658 οἰκημάτων
3000 2588 3220 2656 εἰσῆγον
3249 2587 3450 2649 αὐτοὺς
3473 2586 3529 2638 ὲν
3553 2585 3657 2647 ταῖς

2100 2681 2482 2746 καταλύσεσιν,
2513 2680 2647 2734 ἀλλὰ
2683 2679 3106 2750 χαμαιτυπείοις
3134 2681 3182 2731 oi
3213 2677 3461 2748 βδελυροί
3493 2694 3550 2729 τε
3579 2676 3658 2730 καὶ

2101 2775 2368 2844 ἐμπαθεῖς
2425 2774 2713 2826 ὲνέκλειον.
2751 2775 2815 2826 Ἀ
2845 2775 3024 2827 πάντα
3062 2773 3235 2842 μικρά
3262 2771 3469 2842 μᾶλλον
3491 2772 3656 2838 ὲνόμι-

2101 2869 2192 2934 ζον
2220 2871 2268 2922 οξ
2309 2869 2584 2936 γεννάδαι,
2610 2868 2812 2922 καὶτοῦ
2842 2869 3099 2936 τυχόντος
3123 2869 3478 2933 ὑπενεγκεῖν,
3519 2866 3550 2936 ἢ
3574 2864 3656 2933 τῆς

2112 2963 2356 3016 Ἰωάννου
2397 2961 2612 3032 μερίδος
2650 2963 2743 3014 καὶ
2791 2962 3079 3022 κοινωνίας
3125 2959 3230 3024 ἔξω
3264 2963 3476 3014 πεσεῖν.
3519 2959 3655 3010 Ὅσοι

2097 3055 2154 3108 δὲ
2178 3055 2276 3116 τὰς
2303 3054 2413 3106 τῶν
2463 3053 2702 3106 διωκτῶν
2752 3056 2942 3124 χεῖρας
2981 3053 3264 3122 διαφυγεῖν
3305 3051 3656 3121 ἠδυνήθησαν,

413 3149 595 3193 autem
628 3141 830 3204 omnia,
868 3157 1034 3210 parva
1067 3145 1341 3199 ducebant
1369 3145 1468 3199 viri
1499 3145 1720 3216 egregii,
1750 3155 1804 3200 et
1833 3147 1996 3201 male-

2104 3145 2194 3200 καὶ
2219 3139 2362 3198 οῦτοι
2391 3143 2542 3196 οὐδὲν
2572 3136 2733 3213 ἦττον
2785 3144 2941 3196 αὐτοὶ
3001 3142 3213 3196 ἑαυτῶν
3235 3141 3496 3195 κολασταὶ
3523 3140 3660 3207 γεγό-

415 3228 547 3281 bant
576 3227 840 3295 quidlibet
878 3231 1059 3300 potius
1109 3233 1241 3302 pati,
1285 3249 1445 3303 quam
1481 3235 1550 3290 ab
1583 3235 1809 3290 Joannis
1843 3245 1996 3305 parte

415 3328 472 3372 et
511 3321 897 3376 communione
931 3325 947 3390 (
990 3322 1094 3378 hoc
1137 3326 1284 3380 enim
1317 3337 1433 3380 erat
1468 3327 1550 3382 eis
1586 3328 1994 3398 gravissimum)

418 3411 692 3466 excidere.
719 3413 1039 3482 Quicunque
1071 3433 1198 3472 vero
1222 3430 1518 3487 potuerunt
1546 3419 1782 3486 effugere
1806 3435 1998 3475 manus

416 3513 852 3570 persecutorum,
922 3508 1020 3576 ipsi
1074 3525 1289 3579 quoque
1341 3511 1514 3564 nihilo
1551 3512 1729 3565 secius
1779 3511 1999 3566 fuerunt

2104 3255 2247 3299 vast,
2280 3237 2376 3307 τὴν
2395 3236 2630 3307 ἐρημίαν
2651 3236 2746 3288 καὶ
2767 3238 2867 3298 τὰς
2897 3237 3139 3299 ἀοίκους,
3175 3235 3435 3298 καίτικας
3454 3233 3660 3293 ἀϐάτους

2105 3330 2358 3398 ἐσχατιὰς
2416 3329 2626 3383 ἑαυτῶν
2689 3329 3220 3398 καταψηφισάμενοι,
3291 3327 3431 3396 μετά
3481 3324 3662 3394 θηρίων

2106 3423 2277 3475 οἰκεῖν
2314 3421 2514 3490 μᾶλλον
2543 3423 2576 3492 ἢ
2605 3421 2912 3490 ἀνθρώποις
2948 3422 3114 3490 συζῇν
3169 3420 3440 3490 ἑλόμενοι,
3504 3413 3662 3484 πολλῷ

2106 3514 2215 3566 τῶν
2245 3513 2449 3584 θηρίων
2475 3513 2853 3582 ἀγριωτέροις.

416 3594 518 3649 sibi
561 3596 692 3666 ipsis
726 3608 980 3664 tortores,
1012 3611 1066 3654 ut
1101 3603 1192 3669 qui
1229 3617 1286 3656 se
1319 3602 1616 3656 solitudine
1683 3616 1744 3655 ex
1809 3602 2072 3656 extremis
2112 3604 2436 3672 quibusdam
2466 3602 2666 3656 ﬁnibus
2695 3601 3110 3656 condemnaﬁnt
3137 3643 3150 3665 ,
3181 3612 3241 3656 ut
3263 3602 3351 3671 qui
3385 3599 3551 3670 magis
3570 3597 3663 3653 ele-

418 3688 591 3756 gerint
619 3689 862 3744 habitare
885 3707 1007 3746 cum
1039 3691 1186 3758 feris,
1217 3709 1376 3762 quam
1410 3694 1589 3748 vivere
1615 3710 1737 3750 cum
1765 3694 2100 3764 hominibus,
2128 3695 2257 3750 feris
2280 3695 2438 3765 longe
2468 3693 2878 3765 agrestioribus.

488 3778 628 3834 LIV.
687 3779 806 3836 Non
859 3783 1016 3837 multi
1071 3784 1190 3839 dies
1235 3785 1636 3854 praeterierunt,
1697 3796 1752 3842 et
1794 3788 2002 3862 Arsaeii

420 3872 543 3926 fidei
568 3872 680 3943 (£8)
707 3875 1088 3939 committitur,
1125 3877 1216 3946 qui
1243 3878 1526 3934 ordinatur
1557 3879 1666 3950 (49)
1697 3880 2002 3949 patriarcha

421 3963 1056 4036 Constantinopolitanus
1076 3987 1088 4021 :
1111 3970 1248 4038 proh
1279 3969 1465 4024 dolor!
1497 3972 1619 4040 quis
1646 3981 1768 4040 post
1795 3987 1958 4040 quem
1980 3972 2005 4023 'i

422 4055 647 4121 Qualem
674 4057 848 4111 virum
874 4058 1049 4127 qualis
1074 4075 1335 4125 annosus,
1367 4072 1427 4117 ut
1453 4062 1527 4116 ita
1550 4063 1746 4124 dicam,
1775 4072 2004 4118 truncus

425 4147 646 4216 excipit,
685 4148 943 4203 facilitate
978 4166 1166 4206 eorum
1207 4153 1300 4222 qui
1369 4169 1549 4208 rerum
1600 4153 1946 4222 potiebantur
1981 4155 2004 4208 ί

422 4236 515 4290 Vir
546 4239 638 4310 qui
670 4239 878 4296 vixerat
927 4241 1046 4312 plus
1080 4259 1242 4312 quam
1283 4245 1554 4316 octoginta
1591 4260 1783 4308 annos,
1828 4246 2004 4301 loculo

423 4333 595 4402 magis
619 4344 779 4403 aptus
802 4351 962 4405 quam
994 4337 1192 4392 throno
1224 4354 1237 4390 :
1266 4337 1470 4393 delirus
1497 4348 1552 4392 et
1575 4347 1767 4394 emota:
1802 4339 2002 4394 mentis

2175 3789 2297 3843 NA’.
2325 3787 2402 3840 Ού
2455 3785 2649 3840 πολλαὶ
2682 3785 2898 3856 διῆλθον
2944 3787 3175 3856 ἡμέραι,
3236 3785 3331 3840 καὶ
3361 3789 3663 3842 πιστεύεται

2100 3878 2200 3948 τὴν
2238 3875 2568 3946 Ἐκκλησίαν
2605 3877 2913 3946 Ἀρσάκιος.
2939 3877 3034 3929 καὶ
3051 3877 3398 3946 πατριάρχης
3418 3882 3517 3950 τῆς
3535 3880 3664 3933 xm.

2102 3967 2384 4020 σταντίνου
2426 3969 2834 4036 χειροτονεῖται.
2889 3965 3035 4018 Φεῦι
3081 3967 3218 4036 μετά
3251 3969 3375 4022 τίνα
3421 3969 3533 4033 τίςί
3566 3963 3663 4022 οἷον

2110 4057 2302 4126 ἄνδρα,
2333 4050 2465 4120 οἷον,
2533 4057 2722 4126 φάναι,
2773 4057 3108 4128 γεράνδρυον
3161 4058 3305 4112 κατά
3345 4059 3548 4130 πολλὴν
3569 4060 3661 4112 τῶν

2111 4149 2453 4218 κρατούντων
2470 4149 2776 4219 τυφλότητα
2802 4150 3138 4220 διαδέχεταιῖ
3172 4151 3498 4222 Ἀνθρωπος
3541 4151 3663 4221 ὑπὲρ

2110 4242 2179 4296 τά
2208 4242 2540 4311 ὁγδοήκοντα
2577 4240 2857 4313 βεϐιωκὼς
2885 4242 3002 4311 ἐτη,
3053 4243 3197 4313 σορῷ
3248 4241 3452 4314 μᾶλλον
3495 4247 3664 4314 ἐπιτή-

2111 4334 2274 4397 δειος,
2307 4335 2342 4404 ἢ
2369 4335 2566 4406 Ορόνῳ,
2620 4335 2890 4404 ύπόληρός
2915 4351 2999 4396 τις
3035 4338 3129 4388 καὶ
3153 4335 3215 4388 τὸ
3255 4339 3479 4406 φρονεῖν
3502 4337 3664 4390 διασε-

421 4423 478 4475 in
522 4400 756 4479 dicendo
794 4400 1014 4495 quidem
1061 4427 1284 4481 minime
1338 4427 1645 4485 facundus:
1693 4430 1761 4484 ad
1798 4430 1997 4498 aliquid

2109 4428 2418 4495 σεισμένος,
2459 4428 2632 4479 εἰπεῖν
2687 4429 2786 4496 μὲν
2814 4427 3209 4498 ἀμουσότασος,
3247 4429 3503 4497 ἐννοῆσαι
3531 4428 3586 4481 δέ
3617 4445 3664 4480 τι

422 4525 624 4582 autem,
652 4519 796 4586 quod
821 4528 1093 4587 oporteat,
1127 4521 1543 4592 excogitandum
1576 4520 1950 4591 ineptissimus
1986 4541 1998 4575 :

422 4610 486 4662 ad
515 4613 785 4680 agendum
815 4629 944 4666 vero
975 4614 1383 4681 ignavissimus,
1433 4615 1688 4668 inanimis
1719 4630 1828 4667 non
1864 4615 2001 4667 ntul-

425 4713 539 4754 tum
579 4703 878 4767 dissimilis,
918 4705 1058 4758 lecto
1082 4705 1275 4776 dignus
1304 4717 1357 4758 et
1394 4708 1613 4774 angulo.
1652 4705 1903 4770 Quicum
1941 4721 2004 4758 ex

424 4806 482 4846 se
514 4803 658 4846 esset
681 4794 909 4858 inutilis,
950 4795 1148 4850 deinde
1177 4797 1340 4850 etiam
1368 4813 1431 4849 ex
1460 4797 1562 4850 alia
1589 4806 1737 4865 parte
1763 4799 2005 4866 accepis-

425 4892 511 4936 set
549 4884 917 4939 adversariam
956 4888 1140 4958 populi
1167 4888 1217 4941 in
1244 4888 1510 4942 Joannem
1547 4889 2001 4953 benevolentiam,

426 4984 542 5027 erat
574 4975 731 5044 plane
760 4979 1012 5032 omnibus
1044 4981 1247 5035 invisus
1276 4989 1329 5034 et
1353 4988 1716 5050 contemptus.
1747 4980 1880 5034 Cum
1903 4984 2002 5035 ita-

426 5080 533 5134 que
567 5069 974 5134 quatuordecim
1003 5086 1217 5126 menses
1248 5071 1463 5126 vixisset
1483 5071 1533 5125 in
1569 5070 1717 5136 sede,
1747 5088 1856 5141 prae
1889 5076 2003 5143 ipsa

427 5156 645 5224 quidem
678 5168 886 5213 naturae
916 5161 1248 5216 hebetudine
1273 5165 1594 5233 ignaviaque
1626 5174 1681 5219 et
1705 5167 1858 5234 quasi
1888 5177 2001 5220 tor-

421 5263 581 5320 pore,
609 5265 718 5304 non
743 5252 945 5316 minus,
967 5269 1129 5324 quam
1155 5257 1196 5309 si
1218 5257 1477 5311 naturalis
1507 5257 1626 5311 finis
1648 5258 2002 5326 eievenisset,

431 5355 816 5413 praemortuus,
851 5364 1026 5419 neque
1057 5349 1249 5413 ullum,
1282 5360 1339 5404 ut
1368 5351 1438 5404 ita
1464 5351 1710 5416 dixerim,
1747 5351 1850 5405 vivi
1870 5369 2006 5423 opus

433 5438 650 5492 interim
689 5441 982 5508 eﬂecisset,
1019 5445 1273 5498 excessit.

539 5580 585 5612 ”
613 5581 838 5635 Zachar.
871 5595 989 5641 λιιι,
1025 5583 1076 5636 7.
1121 5611 1126 5615 -

504 5743 615 5811 (47)
657 5745 801 5799 Vide.
832 5747 1028 5800 Baron.
1054 5746 1118 5800 ad
1163 5762 1288 5800 ann.
1326 5748 1452 5803 404.

506 5813 615 5886 (48)
649 5816 873 5872 Videtur
895 5818 1117 5889 deesse,
1145 5821 1304 5872 sedes.

2101 4518 2209 4572 τῶν
2265 4518 2493 4572 δεόντων
2531 4518 2910 4588 ἠλιθιώτατος,
2949 4519 3152 4588 πρᾶξαι
3186 4518 3240 4572 δὲ
3284 4521 3660 4591 ῥᾳθυμότατος,

2105 4611 2274 4680 βραχὺ
2313 4610 2420 4662 τῶν
2465 4610 2690 4680 ἀψύχων
2740 4609 3036 4673 ἀπεοικὼς,
3099 4611 3287 4680 κλίνης
3332 4615 3428 4665 καὶ
3483 4613 3662 4680 γωνίας

2103 4701 2273 4766 ἄξιος.
2312 4705 2406 4764 Ὃς
2468 4703 2605 4772 ἔχων
2676 4703 2805 4772 παρ’
2853 4704 3046 4756 ἑαυτοῦ
3098 4703 3157 4755 τὸ
3211 4705 3491 4772 ἀδόκιμον,
3557 4701 3657 4756 εἶτα

2108 4798 2433 4866 προσλαϐὼν
2460 4800 2552 4851 καὶ
2603 4801 2664 4852 τὺ
2696 4801 2830 4868 πρὸς
2889 4800 3144 4870 Ἰωάννην
3169 4800 3262 4853 τοῦ
3299 4801 3431 4853 λαοῦ
3461 4800 3661 4870 φίλτρον

2105 4891 2371 4962 ἑτέρωθεν
2432 4893 2582 4963 αὐτῷ
2627 4894 3090 4963 προσιστάμενον,
3126 4895 3468 4965 ἁπόστοργος
3518 4895 3662 4945 πᾶσιν

2100 4979 2188 5054 ἦν,
2213 4987 2304 5036 καὶ
2335 4986 2670 5056 ἀπόρρητος.
2703 4988 2991 5056 Τέσσαρας
3017 4983 3110 5040 οὖν
3148 4988 3282 5058 πρὸς
3307 4988 3420 5048 τοῖς
3455 4986 3578 5038 δέκα
3600 4980 3662 5048 τῷ

2103 5078 2276 5147 Ορόνῳ
2309 5079 2484 5147 μῆνας
2517 5079 2790 5139 ἐπιϐιοὺς,
2816 5081 2908 5130 καὶ
2935 5078 3010 5148 τῷ
3042 5079 3238 5148 μακρῴ
3273 5078 3451 5148 χρόνῳ
3467 5073 3666 5144 νωχελεῖ

2112 5187 2169 5222 τε
2204 5173 2297 5223 καὶ
2328 5174 2593 5242 ἐπικώφῳ
2642 5173 2738 5240 τῆς
2768 5172 2984 5239 φύσεως
3025 5174 3118 5224 καὶ
3149 5166 3260 5224 οἷον
3292 5165 3665 5238 κατεψυγμένῳ

2116 5265 2286 5332 μηδὲν
2347 5259 2510 5335 ἦττον
2562 5264 2654 5318 τοῦ
2725 5264 2957 5334 φυσικοῦ
3013 5265 3199 5327 τέλους
3275 5245 3710 5333 προτεθνηκὼςιὶ

2116 5357 2210 5410 καὶ
2267 5357 2446 5427 ἔργον,
2492 5355 2568 5422 ἱῦς
2590 5358 2655 5412 ἂν
2685 5359 2830 5412 εἴποι
2906 5375 3011 5421 τις,
3050 5358 3253 5422 ζῶντος
3278 5357 3386 5410 οὐδ’
3420 5353 3590 5409 ὁτιοῦν
3619 5352 3665 5402 ὲν

2116 5449 2191 5519 τῷ
2224 5449 2374 5520 μέσῳ
2393 5451 2856 5524 διαπραξάμενος.
2907 5450 3083 5504 ἀπιὼν
3104 5450 3297 5521 ᾤχετο.

2187 5749 2298 5817 (t9)
2326 5746 2688 5817 l-‘ideNiceph.
2718 5748 2754 5800 l.
2805 5760 2924 5817 xm.
2961 5760 3010 5798 c.
3052 5743 3142 5806 28,
3178 5743 3281 5817 756.
3338 5741 3486 5817 Socr.
3528 5738 3564 5794 l.
3601 5750 3660 5798 Vt,

2123 5839 2173 5878 ρ.
2196 5812 2290 5886 l7,
2329 5816 2450 5872 Sez.
2482 5817 2518 5871 l.
2559 5812 2647 5886 vti,
2676 5836 2723 5873 ε.
2753 5819 2822 5872 23
2853 5835 2866 5882 ;
2902 5816 3097 5872 Baren.
3127 5816 3192 5870 ad
3213 5830 3301 5908 an.
3326 5812 3443 5868 404.
