3834 6496
182 382 327 471 ἰιθτ

1208 405 1383 466 VlTA
1424 406 1484 466 S.
1526 405 1847 467 JOANNIS
1881 401 2444 467 CHRYSUSTOMI.

3310 395 3449 462 H98

259 515 380 573 NE’.
411 516 568 573 Μετά
613 517 669 571 δὲ
710 517 900 571 τοῦτον
933 515 1074 587 ἀνὴρ
1101 515 1167 568 ὲκ
1214 513 1604 585 πρεσϐυτέριον
1636 514 1767 566 ἀνα-

1945 510 2054 565 ιΝ.
2097 511 2223 568 Post
2256 526 2380 566 eum
2410 517 2593 564 autem
2618 506 2754 579 (50).
2775 504 2889 561 viro
2913 505 3126 562 cuidam
3161 507 3359 564 educto
3386 525 3450 565 ex

135 597 145 613 ’
188 609 357 681 χθεὶς,
400 609 642 671 Ἀττικὸς
680 608 873 679 όνομα,
902 608 1028 671 τούς
1071 608 1172 678 τῆς
1210 606 1535 676 Ἐκκλησίας
1573 604 1764 669 οῗακας
1804 668 1805 671 η

190 699 569 772 ἐγχειρίζεται,
621 698 744 753 καθ’
776 700 836 754 δν
860 698 1054 770 χρόνον
1112 697 1297 760 ἀδείας
1322 697 1373 750 οἱ
1426 698 1484 750 ὲν
1554 696 1768 766 Ἐφέσῳ

191 791 493 860 λαϐόμενοι,
534 789 712 843 πάντα
762 790 932 841 κινεῖν
986 787 1080 840 καὶ
1114 784 1476 856 μεταϐάλλειν
1520 787 1661 836 κατὰ
1698 783 1761 835 τὸ

193 882 395 943 ἑαυτοῖς
442 878 634 932 δοκοῦν
692 877 978 941 ἔσπευδον,
1014 876 1143 939 τούς
1168 874 1348 938 καλῶς
1388 874 1510 944 μὲν,
1542 875 1639 926 καὶ
1691 873 1766 933 ὼς

193 971 306 1042 Θεῷ
337 972 511 1042 φίλον,
536 970 648 1023 τῶν
676 969 885 1040 θρόνων
921 966 1360 1037 ἑπειλημμένους
1379 963 1763 1034 ἐξωθούμενοι,
1799 994 1805 1000 ο

195 1064 422 1132 μιαροὺς
485 1060 542 1135 δέ
598 1075 753 1122 τινας
809 1057 906 1112 καὶ
963 1056 1224 1128 βεϐήλους
1263 1054 1358 1107 ἐπὶ
1412 1054 1764 1123 καταστροφῇ

192 1156 370 1228 ψυχῶν
423 1153 843 1222 καταλέγοντες,
878 1150 1135 1219 οὐδεμιᾶς
1193 1146 1444 1219 ὲρεύνης,
1470 1147 1504 1219 ἢ
1533 1145 1766 1216 βασάνου

192 1250 288 1321 τὴν
341 1245 677 1320 χειροτονίαν
736 1239 1238 1314 προλαμϐανούσης
1264 1255 1278 1270 ·
1312 1238 1432 1292 ἀλλ’
1463 1236 1658 1301 οὕτως,
1693 1236 1768 1300 ώς

193 1342 391 1394 εἰκαῖον
436 1338 671 1410 πρᾶγμα
729 1336 824 1389 καὶ
858 1334 919 1387 τὸ
947 1333 1134 1404 τυχόν,
1170 1330 1265 1384 τοῦ
1318 1330 1698 1401 βουληθέντος,
1731 1329 1764 1400 ἢ

192 1431 504 1494 δεδωκότος,
561 1428 671 1481 τῶν
726 1427 955 1498 θρόνων,
1004 1425 1145 1493 φεῦί
1196 1424 1514 1493 γινομένων·
1555 1422 1642 1475 ὅτε
1673 1421 1767 1475 καὶ

192 1526 239 1577 cl
267 1521 488 1585 δικαίως
537 1520 643 1574 ὐπὸ
700 1519 798 1589 τῆς
873 1516 1149 1587 μακαρίας
1203 1516 1418 1585 ἐκεί-λης
1464 1514 1641 1583 ψυχῆς
1674 1514 1770 1566 καὶ⁵

194 1615 431 1686 γλώττης
471 1612 579 1666 τῶν
618 1604 954 1680 Ἐκκλησιῶν
982 1607 1359 1679 ἐκϐληθέντες,
1384 1607 1770 1677 προσελθόντες

194 1710 303 1769 τοῖς
359 1705 799 1775 καταφρονηταῖς
843 1700 1054 1764 τούτοις
1105 1699 1402 1770 χρημάτων
1454 1698 1624 1762 αὐτὰς
1679 1697 1767 1764 tg-

200 1799 429 1852 ωνοῦντο
459 1816 471 1828 ·
504 1797 620 1864 οἵγε
649 1797 740 1847 καὶ
780 1792 1136 1864 Ἡρακλείδην
1168 1790 1257 1843 τὸν
1304 1788 1394 1842 ὐπ’
1429 1790 1639 1843 ἐκείνου
1675 1791 1768 1841 καὶ

1868 603 2220 674 presbyteris,
2245 602 2467 657 nomine
2488 599 2687 663 Attico,
2719 598 2949 655 traditur
2970 600 3157 654 clavus
3174 597 3452 656 Ecclesiae.

1868 693 1988 760 Quo
2016 696 2235 765 quidem
2269 704 2512 764 tempore
2530 689 2945 762 Ephesini,eum
2969 690 3120 746 nullo
3163 700 3453 747 coercente

1872 801 2019 842 metu
2037 788 2309 843 licentiam
2334 784 2712 855 arripuissent,
2731 784 2913 839 omnia
2940 799 3160 839 movere
3181 794 3237 840 et
3269 795 3451 839 trans-

1869 888 2103 947 mutare,
2118 880 2259 933 sicut
2290 879 2371 934 eis
2394 877 2703 942 videbatur,
2734 876 3059 933 studebant:
3088 892 3182 932 eos
3205 877 3451 947 quidem,

1868 968 1961 1038 qui
1993 976 2141 1022 recte
2168 976 2223 1022 et
2256 974 2314 1021 ut
2335 967 2447 1022 Deo
2478 967 2743 1036 placebat,
2764 966 2819 1020 in
2847 967 3069 1022 sedibus
3099 975 3256 1022 erant
3285 966 3455 1022 collo.

1870 1060 1999 1121 cati,
2052 1059 2389 1129 expellentes
2436 1076 2449 1112 :
2508 1061 2771 1129 quosdam
2823 1068 3007 1115 autem
3055 1062 3351 1118 sceleratos
3397 1070 3455 1118 et

1869 1151 2129 1222 profanos
2179 1152 2247 1207 ad
2294 1152 2601 1207 animarum
2646 1153 2874 1208 exitium
2918 1153 3269 1221 collocantes,
3328 1170 3453 1229 eum

1868 1244 2269 1300 ordinationem
2327 1246 2474 1299 nulla
2521 1245 2883 1315 perserutatio
2936 1247 3305 1316 praecessisset
3360 1257 3457 1303 aut

1869 1328 2243 1393 examinatio:
2294 1337 2388 1393 scd
2422 1338 2651 1408 perinde
2713 1354 2776 1394 ac
2815 1339 2860 1394 si
2908 1347 3054 1393 esset
3091 1356 3180 1394 res
3220 1340 3354 1395 levis
3401 1351 3458 1396 et

1870 1429 2065 1493 facilis,
2096 1430 2187 1498 qui
2211 1428 2455 1484 voluerat
2477 1439 2570 1484 aut
2594 1431 2774 1499 potius
2795 1431 2885 1500 qui
2912 1431 3157 1496 dederat,
3184 1433 3249 1486 ad
3270 1434 3455 1488 sedem

1872 1523 2241 1591 perveniebat.
2280 1522 2400 1588 Quo
2442 1533 2684 1593 tempore
2706 1525 2798 1593 qui
2838 1524 2906 1578 ab
2930 1525 3016 1578 illa
3048 1540 3264 1595 quoque
3301 1528 3455 1581 beata

1871 1615 2052 1668 anima
2096 1615 2242 1683 juste
2271 1615 2425 1684 ejecti
2465 1616 2683 1670 fuerant
2718 1617 2786 1671 ab
2819 1617 3083 1683 ecclesiis,
3125 1635 3315 1675 rursus
3344 1636 3455 1677 non

1871 1706 2166 1762 difﬁciliter
2201 1707 2422 1762 fuerunt
2451 1707 2744 1763 introducti
2772 1727 2786 1763 :
2817 1710 2911 1764 sed
2931 1710 3028 1766 hos
3053 1694 3457 1783 contempleres

1872 1810 1997 1869 apte
2024 1801 2529 1872 aggredientes,eas
2547 1805 3086 1873 emeruntpecuniis.
3114 1806 3218 1872 Qui
3237 1807 3456 1878 quidem

196 1890 562 1960 ἑϐδομήκοντα
614 1885 957 1945 ,ἐπισκόπων
1000 1884 1180 1950 regem;
1232 1882 1322 1937 τὸν
1387 1882 1485 1951 τῆς
1538 1876 1769 1949 Ἐφέσου

1880 1890 2212 1947 Heraclidem
2237 1910 2476 1965 quoque,
2510 1896 2595 1949 cui
2631 1896 2700 1950 ab
2731 1895 2824 1950 illo
2848 1906 2905 1951 et
2938 1876 3279 1968 septuaginta
3312 1900 3459 1955 scili-

195 1982 553 2037 πιστευθέντα
583 1980 792 2052 θρόνον,
844 1979 1122 2050 τεττάρων
1152 1979 1288 2030 ἑτῶν
1327 1976 1766 2045 ἐγκλεισάμενοι,

194 2076 414 2146 καὶτῆς
475 2073 800 2144 Ἰείκκλησίας
855 2070 1176 2137 ἐξώσαντες,
1231 2070 1322 2122 τὸν
1357 2068 1452 2121 τοῦ
1486 2068 1768 2137 τριϐούνου

196 2169 454 2237 Βίκτορος
521 2165 776 2236 εὐνοῦχον
815 2164 896 2234 τῷ
936 2163 1110 2236 θρόνῳ
1146 2161 1241 2216 τοῦ
1283 2162 1550 2235 παρθένου
1585 2162 1769 2223 κακῶς

197 2262 264 2333 (ὣ
279 2260 424 2330 δίκη,
451 2260 544 2313 καὶ
561 2258 729 2329 ἀνοχὴ
743 2256 879 2310 Θεοῦ
902 2259 941 2324 ί)
974 2255 1160 2320 κακῶς
1194 2258 1289 2310 καὶ
1316 2254 1547 2322 ἀναξίως
1575 2253 1769 2322 ἐγκαθ-

200 2353 441 2416 ιστῶσιν,
474 2352 572 2422 οὐχ
601 2350 983 2422 ἡμιμόχθηρον
1002 2349 1152 2411 ὄντα,
1179 2348 1292 2401 οὐδ’
1319 2347 1562 2410 ἀνεκτῶς
1582 2346 1770 2417 βδελυ-

199 2446 312 2519 ρὸν,
337 2443 471 2498 ἀλλὰ
502 2444 796 2515 προφανῶς
830 2442 1069 2495 κίναιδον
1111 2442 1208 2495 καὶ
1231 2443 1633 2496 κατάπτυστον.
1662 2439 1771 2511 Τὴν

195 2541 254 2593 δὲ
280 2537 591 2609 Πορφυρίου
642 2535 867 2605 τόλμαν,
935 2537 1027 2588 καὶ
1055 2536 1156 2604 τὴν
1190 2533 1390 2605 πολλὴν
1431 2534 1645 2602 ἐκείνην
1677 2534 1770 2586 τοῦ

198 2631 522 2702 πράγματος
578 2628 881 2699 ἰταμότητα
926 2628 1010 2685 τίς
1072 2626 1138 2682 ἂν
1197 2625 1340 2680 ἑκών
1386 2642 1449 2694 γε
1485 2626 1773 2695 ἀνάσχοιτο

191 2725 420 2796 ισιωπᾷν
446 2741 462 2790 ;
490 2722 715 2792 Γεραιὸς
746 2720 844 2792 μὲν
867 2714 1042 2782 οὗτος,
1083 2717 1179 2771 καὶ
1203 2718 1298 2786 τὴν
1327 2714 1627 2787 μοχθηρίαν
1661 2714 1775 2784 ἡλι-

200 2821 391 2875 κιῶτιν
433 2814 849 2889 ἀκριϐῶβχων,
875 2813 1027 2866 οὐδὲν
1051 2813 1107 2864 δὲ
1138 2811 1243 2864 ὐπὸ
1269 2810 1363 2863 τοῦ
1396 2807 1609 2879 μακροῦ
1641 2807 1769 2878 χρό-

196 2931 291 2968 νου
326 2912 459 2984 πρὸς
484 2910 583 2980 τὴν
621 2906 921 2963 ἀκολασίαν
951 2903 1274 2974 ὠφεληθεὶς,
1305 2901 1441 2957 ἀλλά
1465 2902 1777 2970 φιλονεική-

197 3022 298 3069 ea;
325 3006 418 3059 καὶ
436 3003 648 3073 φύσεως
667 3000 918 3071 ώτρθῆναι
945 2997 1208 3069 κρείττων
1226 2998 1284 3049 ὲν
1301 2999 1413 3059 τοῖς
1440 2995 1736 3064 αἰσχίστοις
1757 3011 1771 3023 ⁸

207 3100 363 3154 Ἐπεὶ
380 3094 472 3152 οὖν
494 3096 581 3150 τὸν
609 3094 779 3165 μέγαν
810 3093 911 3164 ἤδη
933 3091 1228 3146 Ψλαϐιανδν
1255 3092 1282 3144 ό
1306 3088 1414 3142 τῶν
1444 3090 1500 3142 ἐν
1531 3089 1777 3159 οὐρανοῖς

198 3189 566 3264 ἑορταζόντων
587 3184 699 3256 εἶχε
729 3183 909 3257 χορὸς.
940 3181 1120 3252 ἔρωτα
1146 3180 1288 3253 σχὼν
1307 3181 1407 3251 τῆς
1453 3179 1776 3250 Ἀντιοχέων

197 3283 554 3356 τυραννήσειν
571 3274 1231 3347 Ἐκκλησίας,ὲπιτηδείου
1250 3273 1439 3345 καιροῦ
1455 3272 1774 3343 λαϐόμενος,

202 3377 264 3428 ὲν
292 3366 336 3442 ᾧ
361 3373 562 3443 πᾶσαή
597 3368 750 3432 πόλις
779 3368 857 3427 είς
887 3366 954 3419 τὰ
983 3366 1124 3418 κατὰ
1164 3364 1384 3434 Δάφνην
1421 3363 1775 3435 ὲξεληλύθασι

199 3466 407 3534 θέατρα
436 3462 577 3517 κατά
598 3478 647 3511 τι
673 3457 899 3513 παλαιὸν
919 3457 1037 3519 ἔθος
1074 3456 1239 3509 εἰσέτι
1271 3456 1554 3525 γινόμενα,
1572 3454 1777 3508 Ἀντίο-

199 3558 297 3630 χόν
335 3574 394 3611 τε
428 3556 523 3609 καὶ
551 3552 884 3625 Σεϐηριανὸν
932 3551 1094 3621 ἔχων,
1132 3550 1267 3619 πρὸς
1298 3548 1353 3602 δὶ
1381 3551 1476 3603 καὶ
1523 3549 1779 3603 Ἀκάκιον

200 3652 328 3714 τούς
350 3649 449 3719 τῆς
493 3646 752 3716 ἀληθείας
784 3644 1013 3716 ὲχθρούς
1048 3640 1473 3712 συναιρομένους
1504 3640 1653 3711 αὐτῷ
1678 3639 1778 3709 τῆς

201 3740 525 3816 ἐπιθυμίας,
590 3737 836 3809 ἐπιπηδᾷ
871 3735 948 3807 τῷ
990 3733 1188 3807 θρόνῳ,
1236 3731 1487 3803 καθάπερ
1537 3731 1778 3802 κλέπτης

200 3836 301 3891 καὶ
342 3833 406 3887 οὐ
428 3830 632 3902 ποιμὴν
682 3826 779 3894 ὢν,
843 3827 937 3880 καὶ
977 3826 1084 3879 ὐπὸ
1145 3821 1255 3877 τῶν
1320 3822 1533 3894 μιαρῶν
1571 3820 1778 3875 τούτων

195 3925 614 4000 χειροτονεῖται,
637 3921 904 3996 τοσαύτην
935 3916 1354 3984 εἰσενεγκόντων
1389 3913 1467 3983 τῷ
1491 3911 1777 3983 πράγματι

200 4022 303 4090 τὴν
326 4016 582 4086 σπουδὴν,
607 4014 681 4078 ώς
706 4011 841 4083 μηδὲ
866 4010 934 4063 τά
961 4007 1321 4078 νενομισμένα
1361 4003 1778 4073 συντελεσθῆναι

201 4113 295 4168 διὰ
315 4112 378 4166 τὸ
417 4110 599 4181 τάχος.
640 4106 778 4161 Ἀλλ’
813 4097 962 4158 οὗτοι
994 4103 1095 4173 μὲν
1118 4097 1560 4169 οίτελεσιουργοὶ
1588 4095 1698 4150 τῶν
1721 4096 1778 4148 ὲν

204 4206 392 4259 σκότει
423 4201 851 4271 πεπραγμένων,
882 4190 1119 4271 ᾖποδῶν
1142 4188 1310 4264 εἶχον,
1336 4190 1498 4253 εὐθὺς
1528 4190 1783 4259 ἔφευγον,

202 4301 427 4369 ἄστροις
463 4291 954 4364 ἐπισημαινόμενοι
982 4287 1079 4357 τὴν
1107 4287 1246 4352 ὁδὸν,
1284 4284 1377 4336 καὶ
1406 4283 1590 4354 ὄρεσιν
1648 4280 1783 4334 ἀϐά-

200 4411 317 4455 τοις
349 4389 578 4451 ἑαντούς
619 4383 1035 4456 ἐπιτρέψαντες.
1083 4381 1146 4433 Ἡ
1169 4378 1227 4431 δὲ
1259 4377 1414 4438 πόλις
1451 4375 1526 4438 ὡς
1558 4374 1656 4444 ἤδη
1686 4372 1779 4426 τοῦ

198 4482 565 4555 τολμηθέντος
604 4478 821 4550 ᾔσθετο,
854 4474 1129 4544 πανδημεὶ
1175 4470 1372 4532 πάντες
1414 4465 1778 4529 συνελθόντες,

1874 1995 1962 2045 cet
2026 1987 2329 2057 episcopis,
2384 1987 2546 2059 digne
2600 1990 2922 2045 commissus
2987 1990 3164 2047 fuerat
3226 1993 3458 2048 thronus

1875 2076 2098 2147 Ephesi,
2124 2094 2247 2133 cum
2278 2079 2626 2135 inclusissent
2657 2090 2711 2135 et
2737 2081 2804 2134 ab
2836 2082 3068 2136 ecclesia
3100 2085 3454 2154 expulissent,

1876 2170 2078 2223 tribuni
2122 2170 2350 2225 Victoris
2422 2173 2735 2226 eunuchum
2771 2174 2827 2227 in
2860 2174 2988 2228 sede
3027 2174 3273 2244 virginis,
3316 2176 3457 2229 male

1877 2261 1931 2331 (ο
1951 2262 2165 2332 justitia
2181 2274 2236 2319 et
2261 2263 2351 2317 Dei
2367 2264 2834 2336 patiential)male
2853 2267 3136 2336 etindigne
3163 2269 3453 2333 collocmt,

1875 2371 1998 2410 eum
2020 2371 2126 2409 non
2150 2366 2297 2411 esset
2322 2357 2638 2412 semimalus
2655 2374 2754 2413 nec
2779 2359 3129 2413 tolerabiliter
3153 2360 3456 2429 improbus,

1875 2448 1971 2502 sed
2010 2457 2199 2517 aperte
2233 2449 2476 2505 cinaedus
2514 2461 2567 2504 et
2597 2453 2982 2507 exsecrandus.
3016 2451 3297 2525 Porphyrii
3343 2454 3456 2523 (5i)

1874 2549 2058 2593 autem
2085 2540 2367 2595 audaciam
2400 2551 2455 2595 et
2478 2542 2747 2611 insignem
2777 2543 2921 2596 illam
2942 2543 3453 2613 reiimpudentiam,

1874 2633 1999 2701 quis
2045 2633 2222 2689 libens
2271 2635 2488 2690 silentio
2534 2637 2911 2704 praeterierit?
2949 2637 2999 2691 ls
3043 2652 3229 2703 senex,
3290 2636 3346 2693 et
3401 2640 3456 2695 in

1877 2724 2245 2793 improbitate,
2294 2737 2367 2780 ut.
2391 2727 2483 2795 qui
2525 2729 2579 2781 in
2613 2743 2675 2782 ea
2708 2728 2930 2784 ineunte
2966 2738 3126 2784 aetate
3151 2740 3299 2785 esset
3325 2732 3460 2786 edu-

1877 2810 2325 2878 ctus,‘accurate
2376 2828 2623 2874 versatus
2661 2839 2674 2875 :
2727 2831 2923 2890 praster
2963 2823 3227 2893 temporis
3274 2833 3456 2880 autem

1877 2907 2271 2979 longitudinem
2304 2910 2444 2965 nihil
2470 2912 2770 2967 remisiSset
2798 2912 2866 2968 de
2900 2913 3340 2984 intemperantia,
3361 2916 3459 2970 sed

1878 3001 2254 3055 contendisset
2302 3004 2388 3056 vel
2440 3012 2635 3058 natura
2685 3003 2856 3059 videri
2897 3005 3148 3076 superior
3193 3006 3248 3061 in
3296 3006 3462 3062 rebus

1878 3092 2255 3161 turpissimis,
2316 3104 2603 3164 postquam
2664 3110 2923 3166 magnum
2972 3097 3086 3166 jam
3143 3096 3461 3153 Flavianum

1880 3200 2091 3249 eorum,
2118 3186 2208 3255 qui
2247 3186 2301 3239 in
2334 3188 2486 3241 caelis
2517 3187 2715 3242 festum
2742 3198 2931 3259 agunt.
2971 3190 3195 3245 tenebat
3236 3191 3461 3253 chorus.

1879 3286 2069 3345 captus
2105 3276 2380 3331 desiderio
2419 3276 2473 3330 in
2526 3277 2755 3333 ecclesia
2801 3279 3139 3335 Antiochena
3171 3281 3464 3337 exercendi

1879 3367 2245 3436 tyrannidem,
2273 3383 2395 3422 cum
2417 3368 2764 3424 observasset
2788 3377 3023 3440 tempus,
3037 3371 3090 3425 in
3111 3387 3221 3442 quo
3242 3374 3462 3427 univer-

1880 3473 1938 3511 sa
1971 3457 2167 3513 civitas
2200 3459 2428 3525 exierat,
2464 3470 2525 3515 ut
2562 3471 2645 3516 est
2682 3478 2800 3517 mos
2833 3463 2883 3518 ei
2925 3463 3202 3533 antiquus,
3243 3467 3308 3519 ad
3339 3481 3464 3537 spe-

1880 3548 2109 3613 ctacula,
2145 3563 2265 3618 qua:
2288 3549 2425 3604 fiunt
2454 3550 2507 3605 in
2538 3551 2782 3622 Daphne,
2817 3554 3145 3609 Antiochum
3179 3555 3388 3612 habens
3409 3567 3464 3612 et

1881 3641 2235 3697 Severianum
2280 3651 2337 3697 et
2389 3644 2670 3708 Acacium,
2715 3646 2809 3716 qui
2850 3655 3009 3701 erant
3041 3656 3229 3717 aperte
3255 3647 3462 3703 inimici

1879 3733 2145 3799 veritatis,
2177 3749 2336 3805 opem
2374 3736 2614 3792 ferentes
2671 3738 2790 3807 ejus
2827 3738 3115 3808 cupiditati
3161 3741 3268 3810 (est
3316 3740 3463 3795 enim

1880 3824 2057 3880 simile
2088 3824 2252 3880 simili
2289 3826 2583 3900 amicum),
2617 3828 2828 3882 invadit
2857 3829 3065 3893 sedem,
3098 3839 3157 3885 ut
3196 3829 3288 3901 qui
3317 3840 3468 3888 esset

1880 3917 1970 3972 fur
2003 3926 2060 3973 et
2088 3933 2194 3973 non
2227 3926 2411 3988 pastor
2433 3959 2448 3983 ,
2482 3927 2536 3974 et
2565 3919 2635 3975 ab
2666 3920 2752 3976 his
2780 3922 3102 3977 execrandis
3135 3922 3420 3978 ordinatur
3446 3942 3463 3977 :

1879 4007 1972 4078 qui
2007 4007 2056 4061 ei
2100 4006 2180 4062 rei
2227 4016 2433 4063 tantam
2467 4008 2835 4063 adhibuerunt
2871 4009 3233 4073 celeritatem,
3273 4017 3333 4063 ut
3364 4023 3468 4063 nec

1881 4114 2001 4169 qua!
2016 4100 2082 4154 de
2111 4114 2263 4155 more
2279 4100 2495 4170 quidem
2526 4100 2705 4155 solent
2729 4098 2869 4164 ﬁeri,
2914 4100 3095 4155 locum
3133 4099 3465 4171 repererint.

1885 4188 1990 4245 Sed
2020 4190 2109 4244 isti
2132 4190 2349 4260 quidem
2370 4201 2798 4257 consecratores,
2827 4206 2950 4246 cum
2976 4191 3094 4246 haec
3120 4191 3259 4246 facta
3281 4200 3470 4246 essent

1885 4282 1937 4337 in
1984 4283 2241 4348 tenebris,
2279 4299 2339 4338 se
2376 4283 2560 4338 statim
2613 4283 2669 4338 in
2714 4282 2881 4352 pedes
2920 4283 3294 4351 eonjicientes,
3343 4282 3469 4353 fuga

1884 4375 1987 4428 sibi
2020 4375 2438 4436 consuluerunt.
2478 4375 2642 4429 astris
2678 4373 2823 4428 viam
2859 4381 3135 4437 notantes,
3168 4383 3224 4428 et
3263 4373 3467 4431 monti-

1883 4467 1988 4522 bus
2014 4466 2173 4520 inviis
2202 4480 2261 4519 se
2281 4464 2932 4543 committentes.‘Civitas
2963 4474 3145 4517 autem
3179 4479 3302 4517 cum
3321 4463 3467 4533 quod

201 4553 462 4649 φρύγανα
484 4589 542 4624 τε
586 4571 679 4624 καὶ
736 4568 847 4637 πῦρ
907 4566 1045 4636 μετά
1096 4564 1284 4633 χεῖρας
1337 4559 1571 4630 ἔχοντες,
1630 4556 1774 4608 οὐδὲν

1882 4556 1994 4626 jam
2018 4555 2217 4609 factum
2254 4554 2433 4610 fuerat
2473 4556 2756 4615 sensisset,
2787 4553 3002 4625 publice
3041 4568 3232 4607 omnes
3261 4568 3467 4610 conve-

198 4668 370 4746 ἦττον
428 4668 523 4721 καὶ
560 4664 714 4717 αὐτο)⁵
771 4660 918 4732 ζήλῳ
973 4660 1072 4728 τὴν
1124 4655 1303 4727 ψυχὴν
1357 4652 1617 4746 ἡμμένοι,
1683 4649 1778 4746 τοῦ

200 4738 522 4832 ὑορφυρίου
567 4757 893 4826 κατέτρεχον
950 4752 1065 4824 (καὶ
1115 4751 1222 4819 γάρ
1249 4748 1486 4819 ᾔδεισαν,
1530 4738 1642 4807 οἷος
1691 4742 1781 4794 τὸν

202 4859 324 4929 βίον
348 4852 551 4915 ἐκεῖνος
580 4850 861 4918 ἀνάγωγος
893 4842 1008 4917 ἦν),
1040 4843 1186 4912 αὐτῷ
1208 4839 1416 4909 δώματι
1436 4838 1534 4907 τῆς
1558 4837 1780 4888 ἐπισκο-

200 4925 315 5021 πῆς
342 4947 641 5018 ἐνιπρήσειν
664 4942 827 4996 αὐτὸν
856 4937 1188 5009 βουλόμενοι.
1208 4934 1265 4986 '0
1284 4932 1341 4984 δὲ
1375 4930 1436 4983 τὸ
1462 4927 1596 4999 πρὸς
1618 4925 1779 4980 αὐτὸν

200 5040 532 5112 αἰσθόμενος
622 5040 800 5107 μῖσος,
856 5033 1100 5103 χρήμασι
1152 5030 1243 5081 τὸν
1301 5022 1780 5097 στρατοπεδάρχην

197 5133 551 5203 διαφθείρας,
604 5125 890 5183 ἀναπείθει
919 5122 998 5192 τῷ
1029 5121 1170 5191 ὑπὲρ
1205 5117 1490 5178 εὐσεϐείας
1519 5113 1641 5185 ,τῶν
1693 5130 1784 5166 πι-

201 5231 355 5282 στῶν
382 5226 531 5296 ζήλῳ
583 5222 861 5292 δαιμόνιον
891 5214 1211 5271 ἀνθοπλίσαι
1247 5211 1439 5280 θυμόν.
1471 5208 1580 5263 Καὶ
1602 5223 1783 5277 παρα-

200 5322 398 5395 χρῆμα
431 5319 747 5389 στράτευμα
771 5307 1157 5382 συνηθροίζετο
1185 5304 1305 5359 κατ’
1339 5302 1522 5356 αὐτῶν
1549 5300 1783 5370 πονηρὸν

368 5388 683 5465 ἀτίθασσον.
746 5402 879 5459 Εἶτα
912 5402 1008 5455 καὶ
1063 5396 1302 5466 διωγμός
1327 5411 1410 5455 τις
1440 5393 1613 5463 μέγας
1643 5388 1785 5441 κατὰ

200 5507 322 5563 τῶν
363 5499 701 5573 Ἐκκλησιῶν
720 5495 1024 5575 ἠρεθίζετο,
1047 5490 1141 5544 καὶ
1168 5485 1421 5560 βασιλικά
1442 5483 1786 5575 διατάγματα

200 5601 308 5655 καὶ
336 5596 684 5666 θεσπίσματα
718 5588 1004 5650 ὑποϐολαῖς
1042 5579 1290 5638 Ἀττικοῦ
1359 5579 1475 5649 (καὶ
1524 5578 1632 5644 γάρ
1666 5573 1787 5627 οὐδὲ

280 5740 396 5808 (50)
428 5738 550 5792 Vide
575 5733 803 5808 Niceph.
828 5732 866 5785 ι·
897 5746 1016 5792 XM»
1045 5725 1181 5808 9.9-9
1205 5721 1395 5808 35°"-
1414 5720 1566 5808 ,‘-Q":
1669 5714 1784 5808 ἓξ)

201 5813 244 5866 l.
282 5787 394 5875 ‘63.":
766 5805 801 5857 l.
834 5818 949 5857 vtu.
973 5787 1022 5855 e'.
1058 5799 1126 5851 9.7
1164 5814 1178 5863 ;
1210 5796 1246 5848 l.
1273 5810 1366 5858 vn,
1400 5807 1448 5845 c.
1472 5790 1507 5843 2
1542 5805 1555 5853 ;
1589 5787 1785 5841 Baro".

201 5882 277 5938 ad
315 5895 519 5937 annum
538 5876 663 5935 406.

1887 4647 2120 4709 nientes,
2148 4656 2528 4716 sarmentaque
2554 4654 2607 4700 ct
2638 4646 2816 4715 ignem
2837 4652 3088 4700 tenentes
3114 4644 3169 4697 in
3198 4643 3467 4708 manibus,

1887 4741 1987 4811 ipsi
2019 4755 2234 4811 quoque
2263 4739 2379 4794 zelo
2408 4755 2517 4792 non
2557 4739 2739 4793 minus
2778 4736 3123 4800 inﬂammati,
3155 4733 3473 4805 irruperunt

1890 4831 1956 4885 ad
1990 4830 2349 4900 Porphyrium
2402 4830 2631 4898 (sciebat
2653 4828 2799 4883 enim
2830 4828 3008 4898 qualis
3033 4834 3177 4880 esset
3196 4825 3470 4895 ejus‘vita,

1889 4940 2051 4994 quam
2072 4923 2313 4979 insolens
2340 4934 2395 4977 et
2426 4937 2586 4992 quam
2620 4922 2997 4990 exsecranda).
3017 4935 3139 4976 cum
3169 4917 3284 4987 ipsa
3311 4918 3475 4977 domo

1891 5015 2237 5086 episcopatus
2279 5030 2404 5070 eum
2438 5014 2681 5069 volentes
2706 5012 3117 5068 comburere.ls
3146 5018 3329 5064 autem
3347 5025 3471 5067 cum

1892 5109 2155 5165 sensisset
2193 5117 2519 5177 conceptum
2564 5107 2618 5160 in
2660 5121 2719 5161 se
2760 5106 2984 5171 odium,
3036 5105 3162 5161 duci
3201 5105 3475 5160 exercitus

1890 5210 2148 5270 corrupto
2163 5198 2425 5269 pecuniis,
2450 5198 2740 5269 persuadet
2760 5198 3020 5253 adversus
3037 5198 3211 5253 zelum
3229 5197 3470 5253 ﬁdelium

1888 5310 1991 5365 pro
2035 5294 2237 5364 pietate
2276 5292 2408 5346 iram
2455 5306 2667 5345 armare
2713 5290 3147 5344 daemoniacam:
3181 5291 3472 5358 statimque

1890 5385 1993 5440 fuit
2028 5391 2384 5455 congregatus
2412 5382 2464 5435 in
2495 5396 2588 5434 eos
2610 5381 2880 5435 exercitus
2909 5396 3085 5435 saevus
3110 5389 3166 5435 et
3194 5382 3469 5443 immanis,

1891 5487 1947 5534 et
1993 5493 2154 5547 quem
2190 5492 2259 5530 ne
2305 5475 2460 5529 facile
2506 5472 2724 5542 quidem
2772 5474 3078 5543 potuissent
3111 5469 3349 5549 aggredi,
3377 5469 3471 5536 qui

1893 5572 2064 5624 aciem
2094 5570 2499 5623 instruxissent.
2529 5567 2735 5621 Deinde
2761 5566 2989 5619 excitata
3012 5573 3095 5619 est
3123 5576 3314 5631 magna
3345 5574 3471 5630 per-

1969 5709 2076 5778 (51)
2101 5707 2233 5772 Quis
2270 5716 2473 5767 autem.
2507 5714 2562 5759 et
2597 5703 2774 5778 qual_i_s
2800 5701 2982 5778 fuerit,
3014 5706 3069 5756 et
3101 5714 3130 5750 a
3156 5695 3352 5778 quibus
3378 5709 3460 5751 οτι-

1898 5766 2147 5844 ainalius:
2170 5778 2290 5832 vide
2323 5778 2520 5831 Baron.
2556 5766 2687 5830 ιοῖιι.
2717 5773 2780 5840 v,
2817 5774 2885 5827 ad
2916 5784 3122 5825 annum
3156 5766 3285 5821 MM.

2968 5886 2993 5913 ἢ
