3834 6482
176 424 314 493 1201

1149 435 1321 499 VITA
1366 440 1424 498 S.
1469 438 1791 501 JOANNIS
1831 442 2386 508 CHRYSOSTOMI.

3291 460 3433 531 1.203

186 536 436 592 Ἰωάννου
488 540 829 603 κοινωνικαῖς
891 539 1233 607 ὲπισκόποίς.
1292 538 1453 598 Οὗτοι
1490 544 1597 616 γὰρ
1657 563 1725 600 κα

1857 548 1961 605 trio
2002 550 2165 605 simul
2200 568 2325 609 cum
2357 553 2595 613 Palladio
2634 569 2689 615 et
2730 557 2950 634 Lulyslo
2989 564 3263 639 episcopis
3291 612 3304 635 ,
3337 575 3432 643 qui

174 629 380 699 προτοῦ
406 628 595 700 ἔτυχον
634 631 1005 697 κατελθόντες,
1033 637 1125 688 καὶ
1147 636 1457 707 φιλαλήθως
1482 641 1601 701 ταῖς
1646 637 1752 692 τῶν

185 719 473 793 Ῥωμαίων
502 723 696 788 ἀκοαῖς
720 725 1198 797 ὑπαγορεύσαντες
1230 728 1467 785 ἅπαντα.

242 900 366 959 ΝΖ’.
398 901 485 964 Ὠς
514 902 572 955 δὲ
599 902 698 975 ἤδη
736 902 1041 974 παρέπλεον
1082 903 1180 976 τὴν
1216 905 1464 969 Ἐλλάδα,
1527 909 1750 982 συνελή-

168 992 385 1061 φθησαν
411 993 515 1045 ὑπό
545 1011 639 1046 του
670 993 780 1048 τῶν
809 994 1125 1065 χιλιάρχων,
1164 997 1359 1068 κομιδῇ
1394 998 1494 1069 τὴν
1523 999 1748 1071 γνώμην

165 1084 593 1155 διεφθαρμένου.
627 1085 726 1149 ’ος
756 1104 863 1141 τινι
886 1088 994 1141 τῶν
1030 1088 1124 1142 ὑπ’
1161 1090 1314 1162 αὐτῷ
1339 1093 1633 1165 παραδοὺς,
1684 1096 1745 1148 οὐ

168 1178 469 1250 συνεχώρει
498 1178 900 1250 Θεσσαλονίκην
948 1182 1098 1246 ἰδεῖν,
1136 1183 1255 1237 ἐκεῖ
1300 1187 1562 1258 πρότερον
1611 1205 1743 1260 προσ

166 1272 320 1338 σχεῖν
345 1269 714 1342 βουλομένοις,
763 1273 996 1347 ’Λνυσίῳ
1025 1293 1085 1330 τε
1134 1276 1215 1349 τῷ
1267 1279 1549 1353 έπισκόπῳ
1591 1283 1741 1353 παρά

163 1358 263 1423 τοῦ
311 1362 470 1415 πάπα
529 1365 835 1434 γράμματα
885 1366 1214 1439 ἐγχειρίσαι.
1260 1371 1404 1443 Πλὴν
1464 1373 1598 1428 ἀλλά
1650 1377 1744 1429 καὶ

161 1451 325 1507 τοῦτο
360 1454 545 1525 δρᾶμα
596 1452 664 1528 ἦν
693 1458 787 1510 καὶ
820 1458 984 1531 τέχνη
1014 1460 1114 1529 τῆς
1148 1463 1525 1536 πονηροτάτης
1550 1473 1741 1535 γυναι*

160 1544 277 1599 κῶν
317 1546 592 1613 Εὺδοξίας.
637 1547 785 1620 Αὕτη
811 1550 921 1622 γὰρ
950 1553 1202 1623 μαθοῦσα
1241 1557 1342 1627 τὴν
1377 1556 1483 1610 τῶν
1522 1558 1740 1615 Ἰταλῶν

158 1635 479 1691 ἐπισκόπων
521 1639 848 1713 ἀποστολὴν,
904 1646 999 1698 καὶ
1044 1638 1105 1699 οὗ
1144 1648 1303 1718 χάριν
1336 1650 1592 1719 μέλλουσι
1639 1654 1738 1724 τὴν

159 1724 576 1782 Κωνσταντίνου
609 1731 958 1801 καταλαϐεῖν,
988 1733 1187 1804 ἔφθανε
1208 1740 1519 1814 τεχνωμένη
1540 1742 1729 1805 ταῦτα,

158 1816 257 1867 καὶ
283 1818 347 1887 τῇ
381 1818 572 1892 γνώμῃ
602 1823 708 1875 τῶν
738 1825 1175 1882 ἀποστειλάντων
1220 1831 1419 1896 αὐτοὺς
1449 1834 1734 1906 ἀντικρού-ο

1855 653 1978 694 eum
2010 639 2219 699 Joanne
2247 649 2741 707 communicabant.
2774 652 2811 708 li
2848 656 2995 712 enim
3022 660 3177 729 prius
3201 639 3429 719 descen-

1854 731 2066 799 derant,
2099 744 2153 790 et
2187 734 2553 797 Romanorum
2583 744 2806 804 auribus
2834 749 3017 805 omnia
3049 763 3234 824 aperte
3264 771 3432 828 expo-

1853 836 2099 881 suerant.

1921 915 2081 974 LVII.
2112 920 2249 976 Cum
2280 935 2463 981 autem
2496 927 2607 998 jam
2668 931 2721 985 in
2749 932 3013 991 Graeciam
3052 939 3424 1009 navigassent,

1850 1014 2231 1083 comprehensi
2268 1014 2490 1073 fuerunt
2533 1036 2561 1074 a
2607 1024 2841 1091 quodam
2895 1028 3113 1084 tribuno
3167 1032 3422 1101 militum,

1849 1114 2034 1160 mente
2062 1107 2217 1162 valde
2276 1121 2535 1182 corrupto
2566 1127 2620 1169 et
2672 1116 2989 1188 depraVato.
3028 1121 3131 1189 Qui
3176 1140 3298 1179 cum
3329 1141 3424 1183 eos

1847 1195 2063 1253 cuidam
2098 1215 2165 1254 ex
2211 1201 2326 1256 suis
2353 1204 2689 1273 tradidisset,
2725 1225 2836 1264 non
2865 1215 3139 1268 concessit
3167 1226 3225 1271 ut
3274 1218 3424 1272 vide-

1852 1299 1975 1344 rent
2007 1283 2471 1365 Thessalonicam,
2501 1312 2627 1354 cum
2683 1301 2909 1358 vellent
2931 1304 3061 1361 illuc
3091 1308 3246 1377 prius
3297 1326 3423 1378 pro-

1848 1381 2039 1449 ﬁcisci,
2072 1392 2127 1438 et
2159 1384 2361 1456 Anysio
2409 1388 2668 1462 episcopo
2731 1395 2946 1452 tradere
3002 1398 3196 1454 missas
3223 1415 3255 1455 a
3283 1417 3423 1473 papa

1843 1472 2074 1528 litteras.
2098 1473 2368 1531 Caeterum
2398 1479 2501 1534 hoc
2529 1496 2748 1553 quoque
2775 1497 2895 1540 erat
2929 1487 3213 1555 inventum
3239 1503 3294 1546 et
3328 1472 3420 1547 ar-

1845 1562 2071 1619 tilicium
2100 1565 2387 1623 mulierum
2409 1572 2655 1627 omnium
2678 1576 3114 1636 sceleratissime:
3133 1581 3417 1641 Eudoxi-ae.

1842 1653 1977 1709 Nam
2004 1670 2127 1710 cum
2161 1659 2276 1729 ipsa
2311 1662 2613 1732 accepisset
2656 1662 2826 1721 fuisse
2878 1669 3074 1725 missos
3129 1672 3419 1745 episcopos

1844 1744 2024 1812 Italos,
2047 1755 2101 1802 et
2125 1764 2359 1819 quanam
2394 1754 2459 1807 de
2478 1770 2641 1809 causa
2676 1758 2945 1825 venirent,
2990 1761 3105 1817 haec
3139 1763 3287 1833 prius
3322 1744 3419 1823 est

1842 1839 2172 1905 machinata,
2212 1852 2269 1898 et
2305 1844 2519 1901 obstitit
2551 1849 2722 1904 menti
2750 1865 2961 1919 eorum,
3003 1853 3095 1925 qui
3128 1857 3413 1915 miserant.

154 1923 317 1962 ουσα.
353 1910 443 1972 Εἰς
477 1912 573 1967 δύο
624 1918 916 1988 τοιγαροῦν
969 1920 1128 1975 πλοῖα
1188 1923 1324 1994 πρὸς
1357 1926 1450 1980 τοῦ
1485 1931 1725 2003 παραλα-

1840 1927 1896 1983 ln
1925 1930 2059 1986 duas
2079 1932 2260 2003 itaque
2286 1950 2452 1991 naves
2474 1936 2637 1993 divisi
2665 1938 2732 1995 ab
2757 1956 2841 2004 eo,
2875 1942 2966 2014 qui
2990 1957 3293 2015 acceperat,
3316 1951 3415 2005 tie--

155 1999 347 2092 δόντος
401 2001 792 2075 διαιρεθέντες,
822 2010 1058 2084 δεκάτην
1084 2015 1297 2087 ἡμέραν
1329 2018 1409 2082 είς
1461 2036 1514 2073 τι
1539 1999 1738 2092 χωρίον

154 2088 334 2165 βραχὺ
386 2095 485 2166 τῆς
516 2097 723 2164 πόλεως
754 2102 958 2173 ἀπέχον
989 2107 1160 2174 ἐγγύς
1193 2125 1296 2162 που
1344 2110 1449 2164 τῶν
1479 2088 1736 2186 Βίκτορος

154 2189 620 2259 προσορμίζονται
654 2196 1017 2264 προαστείων.
1069 2196 1203 2256 Εἶτα
1231 2201 1463 2283 ἐκεῖθεν.
1491 2206 1736 2278 Μαρίνός

151 2294 240 2343 τις
267 2279 438 2350 ὄνομα
468 2285 806 2353 παραλαϐὼν
862 2289 1085 2358 αὐτοὺς,
1139 2294 1220 2359 είς
1250 2295 1410 2350 τοῦτο
1447 2279 1599 2370 παρά
1633 2300 1733 2370 τῆς

154 2372 428 2443 βασιλίδος
467 2377 899 2450 ἀπεσταλμένος,
939 2385 1033 2438 καὶ
1078 2385 1183 2439 ἀνὰ
1218 2387 1354 2442 πόδα
1406 2389 1565 2445 πάλιν
1597 2394 1736 2459 ἀγα-

150 2462 269 2531 γὼν
294 2465 373 2537 τῷ
405 2469 647 2542 φρουρίῳ
692 2473 788 2542 τῆς
819 2472 1061 2547 Θρᾴκης,
1112 2477 1141 2532 δ
1187 2478 1422 2552 ’Λθύρας
1461 2484 1732 2553 καλεῖται,

153 2556 310 2629 βιαίᾳ
334 2561 429 2614 καὶ
452 2560 645 2634 γνώμῃ
670 2565 764 2617 καὶ
791 2569 936 2637 χειρὶ
969 2570 1308 2625 κατακλείει.
1333 2574 1519 2645 Χωρὶς
1550 2576 1731 2632 τοίνυν

151 2650 201 2700 οἱ
243 2649 529 2721 Ῥωμαῖοι,
569 2657 663 2708 καὶ
717 2657 766 2710 οἱ
814 2661 943 2730 περὶ
968 2659 1059 2714 τὸν
1111 2662 1415 2719 ἐπίσκοπον
1454 2669 1730 2738 Κυριακδν

151 2739 581 2809 ὲγκλεισθέντες,
605 2745 858 2817 ᾐκίζοντο
882 2749 1113 2820 πικρῶς,
1138 2753 1400 2823 ήτάζοντο
1436 2760 1730 2829 στιϐαρῶς,

154 2834 384 2904 μυρίαις
414 2839 832 2909 περιεϐάλλοντο
868 2842 1085 2915 θλίψεσι
1128 2847 1225 2912 τὰς
1256 2851 1543 2918 ἐπιστολὰς
1569 2855 1732 2908 ἀπαι-

150 2926 429 2995 τούμενοι.
470 2928 558 2993 Ὠς
610 2931 667 2985 δὲ
699 2931 775 3006 μὴ
801 2933 995 2990 δώσειν
1029 2937 1240 3008 ἔλεγον,
1300 2944 1347 2995 εί
1384 2943 1461 3016 μὴ
1497 2945 1727 3016 βασιλέα

151 3018 461 3087 θεάσαιντο,
504 3024 760 3094 πρέσϐεις
797 3026 966 3093 ὄντες,
990 3031 1183 3101 πρῶτα
1218 3034 1318 3104 μὲν
1346 3036 1463 3102 ἐνὸς
1486 3039 1594 3093 τῶν
1621 3057 1729 3094 πα-

82 3160 85 3161 ,
147 3112 380 3181 τρικίων
431 3116 851 3185 ἀποσταλέντος,
884 3120 1075 3178 ἔπειτα
1117 3124 1174 3178 δὲ
1215 3127 1310 3181 καί
1359 3147 1523 3184 τινων
1554 3132 1729 3188 ἀλλων

149 3207 457 3275 ἐπιφανῶν,
491 3214 584 3263 καὶ
610 3214 709 3275 τὰς
729 3213 1017 3281 ἐπιστολὰς
1039 3218 1542 3294 εἰσπραττομένων,
1570 3227 1725 3292 τέλος
1754 3259 1798 3318 c

150 3299 188 3318 Δὶ
203 3297 215 3311 ⁸
238 3297 286 3318 ..ἵ
307 3297 324 3318 1
346 3316 356 3318 -
398 3299 412 3318 Ι
433 3316 443 3318 _
598 3303 618 3318 υ
830 3307 869 3318 ιο
1044 3308 1065 3318 μ
1082 3311 1093 3318 .
1262 3314 1271 3318 -
1367 3315 1376 3318 -

149 3297 446 3369 Οὐαλέριός
481 3317 565 3366 τις
595 3303 792 3374 ὄνομα,
828 3307 1197 3382 Καππαδόκης
1227 3314 1287 3367 τὸ
1316 3315 1490 3385 γένος,
1525 3318 1727 3389 θηριώ-

145 3390 245 3461 δης
276 3391 385 3476 rev.
395 3394 619 3463 τρόπον,
651 3396 711 3463 ἐξ
744 3398 1088 3469 ίταμωτάτου
1125 3407 1222 3459 καὶ
1252 3405 1429 3476 βιαίου
1466 3413 1728 3482 πραγμα-

146 3501 237 3547 τος
276 3484 449 3553 ὄνομα
485 3486 667 3558 ἑαυτῷ
696 3490 1001 3560 περιθεῖναι
1061 3493 1408 3568 βουλόμενος,
1468 3501 1587 3566 ἑνὸς
1615 3503 1726 3556 τῶν

145 3578 488 3642 ἐπισκόπων,
523 3582 651 3651 παρ’
682 3575 724 3648 ᾧ
753 3581 820 3636 τὰ
853 3581 945 3636 τοῦ
979 3584 1247 3655 βασιλέως
1288 3591 1514 3645 καὶτῶν
1542 3592 1722 3647 ἄλλων

144 3672 452 3741 γράμματα
503 3669 592 3744 ἦν,
647 3676 735 3727 τὸν
786 3676 1070 3749 ἀντίχειρα
1126 3680 1446 3748 διακλάσας,
1495 3687 1635 3740 αὐτὰ
1661 3702 1722 3740 τε

142 3768 483 3837 ἀφαιρεῖται,
506 3769 598 3821 καὶ
628 3769 832 3822 πνκτία
856 3771 951 3824 καὶ
985 3772 1105 3844 ίερά
1131 3774 1322 3845 σκεύη,
1350 3778 1444 3829 καὶ
1469 3777 1570 3831 ὅσα
1588 3780 1723 3850 πρὸς

141 3854 348 3925 ὢνησιν
378 3856 562 3919 αὐτοῖς
608 3857 717 3911 τῶν
755 3860 1079 3932 ἐπιτηδείων
1108 3864 1349 3936 ἀργύρια
1380 3861 1448 3938 ἦν
1469 3882 1483 3897 ⁶
1529 3869 1594 3921 ἐκ
1628 3885 1725 3922 πο-

140 3948 319 4017 νηρᾶς
342 3947 618 4002 καὶτοῦτο
655 3952 753 4020 τῆς
778 3951 1021 4017 ἐπινοίας
1050 3957 1444 4028 γεγενημένον,
1476 3958 1566 4013 ἵνα
1600 3959 1714 4015 τῶν

140 4043 221 4103 εἰς
267 4039 368 4110 τὴν
398 4044 588 4113 χρείαν
645 4029 1100 4115 ἐξαπορούμενοι,
1136 4049 1229 4100 καὶ
1263 4048 1466 4120 πρᾶξαί
1524 4067 1578 4103 τι
1610 4051 1720 4106 τῶν

140 4135 297 4206 παρὰ
324 4134 551 4205 γνώμην
576 4135 993 4205 ἀναγκασθεῖεν.
1027 4139 1122 4204 El;
1163 4140 1220 4194 δὲ
1252 4141 1352 4213 τὴν
1403 4144 1719 4217 ὑστεραίαν,

138 4227 340 4298 ἄδηλον
370 4228 480 4280 εἴτε
505 4228 615 4283 τῶν
643 4229 744 4299 τῆς
788 4228 1081 4300 βασιλίδος,
1117 4233 1228 4287 εἴτε
1262 4234 1321 4287 δὲ
1368 4236 1463 4287 καὶ
1495 4236 1604 4290 τῶν
1624 4237 1717 4290 τοῦ

149 4320 405 4376 Ἀττικοῦ
453 4338 598 4387 τινες
651 4324 976 4394 ἀφικόμενοι
1018 4323 1225 4394 ἠξίουν,
1267 4327 1597 4398 τρισχιλίους
1620 4328 1717 4383 λα-

137 4414 339 4478 ϐόντας
356 4415 613 4485 χρυσοῦς,
646 4416 876 4489 Ἀττικῷ
913 4421 1012 4488 μὲν
1036 4420 1382 4489 κοινωνῆσαι,
1416 4420 1515 4489 τῆς
1542 4419 1717 4474 Ἰωάν-

137 4526 230 4562 νου
272 4509 331 4562 δὲ
386 4509 660 4580 ἀμελῆσαι
714 4510 889 4580 δίκης.
943 4510 1080 4573 Τοὺς
1124 4510 1181 4564 δὲ
1231 4512 1306 4582 μὴ
1357 4514 1715 4583 ἀνεχομένους

1839 2021 1985 2078 cimo
2007 2022 2094 2078 die
2115 2024 2400 2095 appellunt
2420 2026 2473 2081 in
2502 2029 2797 2098 quemdam
2820 2032 3023 2100 locum,
3045 2050 3151 2089 non
3179 2037 3412 2093 multum

1806 2112 2131 2191 distantem
2191 2130 2221 2171 a
2276 2116 2515 2183 civitate,
2563 2119 2657 2191 qui
2708 2130 2826 2178 erat
2881 2139 3050 2196 prope
3100 2130 3413 2186 suburbana

1839 2205 2093 2261 Victoris.
2120 2207 2326 2264 Deinde
2350 2225 2475 2265 cum
2529 2212 2677 2267 illinc
2709 2214 2930 2284 quidam
2987 2217 3145 2285 alius,
3192 2221 3414 2276 nomine

1836 2297 2130 2365 Marianus,
2161 2315 2257 2356 eos
2283 2302 2608 2374 accepisset,
2635 2315 2737 2360 nec
2759 2307 2849 2362 ille
2886 2310 3105 2378 quidem
3147 2311 3268 2367 sine
3296 2322 3416 2369 arte

1836 2398 1889 2446 et
1915 2392 2138 2458 malitia,
2168 2394 2262 2450 sed
2286 2396 2354 2451 ad
2376 2394 2482 2453 hoc
2506 2398 2707 2454 missus
2736 2399 2804 2455 ab
2825 2400 3191 2472 imperatrice,
3214 2407 3415 2463 evesti-

1835 2480 1923 2552 gio
1955 2497 2051 2537 eos
2072 2485 2246 2553 duxit,
2278 2495 2334 2541 et
2364 2487 2420 2542 in
2451 2490 2697 2545 custodia
2734 2489 3003 2559 Thraciae,
3036 2510 3156 2565 qua:
3189 2504 3414 2552 vocatur

1834 2578 2090 2649 Athyras,
2123 2580 2359 2635 violenta
2382 2589 2567 2637 mente
2596 2590 2652 2638 et
2682 2597 2847 2638 manu
2886 2600 2983 2641 eos
3016 2585 3240 2643 inclusit
3271 2588 3417 2660 (53).

1835 2669 2091 2725 Seorsum
2124 2686 2252 2743 ergo
2291 2671 2522 2727 Romani
2551 2682 2606 2728 et
2632 2672 2919 2741 Quiriacus
2954 2678 3249 2749 cpiscopus
3277 2695 3411 2737 cum

1834 2763 1949 2816 suis
1983 2763 2194 2829 inclusi,
2213 2765 2408 2821 acerbe
2431 2767 2842 2836 torquebantur,
2870 2770 3105 2841 graviter
3125 2774 3412 2830 examina-

1838 2855 2056 2919 bantur,
2083 2855 2466 2912 adiciebantur
2511 2858 2670 2915 malis
2708 2860 3226 2928 innumerabilibus.
3256 2876 3310 2922 et
3339 2869 3409 2923 ab

1833 2947 1913 3002 eis
1938 2948 2294 3019 exigebantur
2321 2951 2586 3021 epistolae.
2620 2953 2756 3009 Cum
2815 2963 3001 3010 autem
3053 2957 3300 3017 dicerent
3349 2976 3413 3017 se

1834 3054 1943 3094 non
1967 3040 2211 3105 daturos,
2235 3041 2339 3096 nisi
2370 3043 2634 3098 vidissent
2651 3044 3055 3115 imperatorem,
3072 3057 3204 3102 “cum
3223 3061 3411 3107 essent

1832 3131 2012 3203 legati,
2048 3132 2282 3203 primum
2346 3136 2567 3205 quidem
2620 3151 2729 3191 uno
2786 3138 2952 3192 misso
3004 3154 3071 3193 ex
3132 3141 3404 3209 patriciis,

1832 3224 2030 3278 deinde
2048 3225 2169 3281 aliis
2196 3241 2412 3297 quoque
2438 3227 2568 3282 viris
2585 3228 2888 3284 illustribus
2918 3237 2974 3285 et
3006 3229 3267 3301 epistolas
3291 3235 3407 3288 exi-

1831 3313 2103 3383 gentibus,
2139 3316 2357 3371 tandem
2396 3317 2615 3387 quidarn
2651 3319 2896 3375 Valerius
2931 3324 3177 3392 nomine,
3209 3339 3409 3396 genere

1829 3407 2141 3476 Cappadox,
2178 3409 2421 3464 moribus
2448 3410 2723 3477 belluinis,
2743 3427 2809 3465 ex
2834 3427 2891 3466 re
2923 3412 3407 3484 impudentissima

1827 3508 1884 3553 et
1923 3500 2154 3555 violenta
2189 3501 2374 3558 volens
2399 3503 2502 3558 sibi
2531 3519 2736 3579 nomen
2780 3519 3118 3574 comparare,
3157 3522 3297 3562 unus
3336 3523 3405 3564 ex

1827 3594 2113 3663 episcopis,
2149 3598 2291 3665 apud
2319 3612 2481 3668 quem
2512 3605 2672 3653 erant
2701 3598 2898 3654 littera:
2927 3600 2992 3654 ad
3019 3601 3403 3672 imperatorem

1826 3696 1881 3741 et
1916 3679 1981 3740 a'd
2014 3687 2171 3754 alios,
2201 3689 2376 3745 fracto
2405 3690 2621 3760 pollice,
2653 3705 2747 3746 eas
2774 3691 2972 3758 aul‘ert,
2996 3703 3053 3747 et
3081 3695 3394 3765 pugillares,

1824 3787 1879 3833 et
1924 3794 2077 3833 sacra
2111 3795 2257 3847 vasa,
2293 3790 2348 3836 et
2400 3782 2664 3853 quidquid
2719 3784 2929 3856 argenti
2990 3796 3109 3840 erat
3142 3788 3222 3841 eis
3257 3789 3399 3843 usui.

1822 3866 1979 3935 Quod
2012 3870 2188 3941 ipsum
2238 3886 2455 3942 quoque
2496 3872 2639 3927 malo
2669 3872 2900 3928 consilio
2940 3872 3143 3929 factum
3199 3885 3302 3943 est,
3340 3889 3399 3933 ut

1823 3978 1948 4017 cum
1987 3964 2069 4018 eis
2091 3964 2345 4020 deessent
2370 3981 2493 4035 qua:
2519 3975 2648 4021 sunt
2673 3965 2743 4021 ad
2774 3982 2933 4022 usum
2959 3969 3286 4038 necessaria,
3309 3986 3403 4026 co-

1821 4062 2079 4124 gerentur
2109 4054 2313 4126 aliquid
2347 4055 2527 4112 facere
2557 4066 2756 4128 praeter
2787 4059 3142 4114 sententiam.
3171 4060 3269 4117 Die
3298 4077 3401 4118 au-
3454 4108 3462 4116 .

1822 4154 1930 4199 tem
1966 4148 2238 4216 sequenti,
2267 4149 2536 4205 incertum
2572 4164 2640 4205 an
2669 4150 2849 4217 exiis,
2883 4152 2978 4222 qui
3026 4163 3183 4208 erant
3222 4153 3399 4226 impe-

1820 4238 2056 4303 ratricis,
2088 4251 2171 4294 an'
2193 4256 2257 4296 ex
2293 4241 2380 4309 iis,
2421 4243 2514 4313 qui
2545 4252 2705 4299 erant
2741 4245 2929 4311 Attici,
2964 4247 3184 4316 quidam
3234 4264 3395 4305 acce-

1817 4331 2028 4395 dentes,
2063 4332 2318 4387 volebant
2346 4348 2441 4387 eos
2472 4350 2578 4388 non
2610 4336 2779 4405 gratis
2815 4351 2918 4390 nec
2974 4352 3143 4405 parvo
3195 4340 3394 4408 pretio,

1817 4424 1914 4478 sed
1946 4423 2185 4493 acceptis
2217 4425 2393 4479 tribus
2422 4426 2665 4481 millibus
2694 4442 3008 4492 aureorum,
3039 4444 3164 4483 cum
3215 4431 3397 4487 Attico

1816 4516 2038 4585 quidem
2089 4516 2517 4578 communicare,
2546 4516 2774 4571 Joannis
2808 4532 2936 4572 vero
2968 4533 3188 4572 causam
3220 4520 3394 4590 negli-

139 4603 290 4673 (ἐπεὶ
342 4600 441 4655 καὶ
502 4599 663 4672 ἔτυχε
694 4600 969 4674 θειότερόν
1001 4618 1054 4654 τι
1110 4601 1430 4672 συμπεσόνο
1482 4603 1714 4675 διακόνῳ

1832 4621 1964 4678 gere.
1993 4605 2129 4660 Cum
2161 4605 2199 4660 ii
2221 4617 2401 4660 autem
2436 4607 2487 4661 id
2531 4607 2677 4678 passi
2718 4624 2828 4662 non
2873 4618 3058 4663 essent
3113 4612 3260 4679 (nam
3292 4612 3393 4665 ali-

135 4698 247 4768 γάρ
293 4713 403 4750 τινι
443 4696 725 4767 Αἰμιλίου,
761 4695 962 4768 Παύλῳ
990 4694 1248 4767 τοῦνομα,
1293 4695 1453 4768 πράῳ
1483 4696 1578 4750 καὶ
1608 4696 1718 4750 σώιι

135 4806 298 4861 φρονι
325 4789 460 4852 ὄντι,
495 4787 704 4845 Παῦλον
739 4788 832 4844 τὸν
852 4788 996 4843 θεῖον
1024 4788 1157 4859 ὄναρ
1179 4787 1436 4860 ὀφθέντα,
1456 4788 1718 4857 Βλέπετε,

134 4884 331 4951 φάναι,
364 4882 482 4948 πῶς
525 4884 880 4952 περιπατεῖτε
908 4898 922 4914 ο
958 4883 1014 4937 αἱ
1044 4883 1251 4954 ἡμέραι
1301 4880 1410 4953 γὰρ
1451 4883 1714 4956 πονηραίυ

132 4977 240 5048 τὴν
272 4976 361 5030 διὰ
377 4974 569 5049 δώρων
602 4976 697 5030 καὶ
730 4975 1021 5039 κολακείας
1076 4974 1517 5049 σπουδαζομένην
1568 4978 1712 5031 ἀπά-

129 5087 234 5141 την
279 5070 777 5142 ὑπαινιττόμενον),
806 5068 884 5141 μὴ
926 5069 1291 5139 ἀνεχομένους
1325 5069 1525 5134 τοίνυν,
1570 5068 1708 5123 ἀλλά

129 5164 297 5218 τοῦτο
329 5163 490 5234 μόνον
544 5160 644 5235 τὴν
674 5161 810 5234 πρὸς
844 5163 967 5223 τοὺς
996 5161 1412 5224 ἀπεσταλκότας
1443 5162 1711 5233 ὑποστρο-

130 5260 242 5328 φὴν
259 5256 640 5327 αἰτουμένους,
672 5255 966 5328 οὐαλέριος
991 5247 1146 5319 οὗτος
1174 5248 1258 5325 (οῦ
1279 5253 1337 5308 τὸ
1354 5255 1592 5325 ὲκμανὲς
1620 5255 1714 5310 καὶ

132 5352 309 5423 βίαιον
335 5350 739 5424 ἀνδραγάθημα
764 5350 793 5403 ὁ
832 5348 1099 5420 ἀντίχειρ)
1135 5348 1197 5402 οῦ
1230 5348 1437 5419 θρασὺς
1461 5343 1530 5420 ἦν
1556 5347 1714 5403 τοῦτο

134 5443 299 5515 μόνον
320 5443 419 5498 καὶ
437 5442 837 5515 ἀπηνέστατος,
866 5441 1004 5496 ἀλλά
1021 5442 1116 5497 καὶ
1141 5441 1445 5505 δεινότατος
1476 5458 1711 5513 κακουρ-

129 5539 322 5608 γῆσαι.
354 5536 526 5608 Δῆλον
558 5536 617 5591 δέ
643 5552 655 5568 ο
692 5535 865 5607 πλοίῳ
916 5535 1024 5606 γὰρ
1060 5533 1378 5605 σαθροτάτῳ
1414 5534 1711 5599 πιστεύσας

231 5691 319 5762 53)
341 5691 441 5747 Hie
464 5691 861 5747 convincuntur
881 5692 1103 5753 erroris,
1128 5691 1218 5761 qui
1241 5690 1539 5762 Endoxia_m
1563 5702 1707 5745 anno

231 5696 319 5762 55)
342 5696 441 5747 Hic
464 5696 861 5747 convincuntur
881 5696 1103 5753 erroris,
1128 5696 1218 5761 qui
1241 5696 1539 5771 Eudoxiam
1563 5702 1707 5745 anno

129 5696 429 5841 “Agnone
447 5761 737 5841 sublatam,
757 5763 833 5816 uti
851 5762 1103 5841 Pro_sper,
1119 5762 1446 5841 Marcellin.,
1467 5759 1708 5841 Zonaras

130 5844 189 5889 et
220 5833 504 5891 Cedrenus
533 5833 739 5896 dicunt,
764 5848 885 5889 cum
913 5834 1001 5888 liic
1023 5842 1213 5889 auctor
1235 5841 1291 5887 et
1317 5833 1488 5888 Graeci
1515 5847 1706 5887 omnes

130 5904 227 5976 qui
262 5902 456 5959 Vitam-
485 5905 653 5960 sancti
719 5902 1092 5974 Chrysostomi
1140 5902 1567 5974 descripserunt,
1605 5904 1704 5960 ad-

1816 4701 1947 4771 quid
1974 4714 2190 4771 quoque
2221 4700 2497 4755 acciderat
2522 4700 2825 4757 divinitus:
2857 4700 3062 4755 ASmilii
3098 4703 3245 4757 enim
3275 4703 3394 4760 dia-

1817 4808 1976 4859 cono,
2009 4791 2178 4848 Paulo
2204 4793 2448 4861 nomine,
2478 4793 2570 4865 qui
2597 4802 2715 4850 erat
2760 4795 3074 4850 moderatus
3097 4805 3152 4851 ct
3186 4806 3396 4868 tempe-

1816 4902 1961 4953 rans,
1990 4885 2208 4943 divinus
2237 4885 2436 4943 Paulus
2487 4888 2543 4942 in
2592 4887 2799 4943 somnis
2829 4903 3137 4959 apparens:
3177 4888 3392 4958 Videte,

1818 4980 2016 5050 inquit,
2052 4988 2112 5034 ut
2141 4988 2300 5037 caute
2357 4980 2669 5046 ambuletis,
2703 4981 2819 5036 dies
2861 4981 3004 5036 enim
3057 4982 3182 5037 mali
3219 4992 3389 5039 sunt:

1818 5072 1980 5129 tacite
2008 5073 2323 5145 significans
2349 5074 2623 5139 fraudem,
2654 5074 2722 5146 ad
2751 5089 2911 5144 quam
2964 5075 3289 5133 muneribus
3336 5088 3394 5133 et

1814 5164 2095 5221 blanditiis
2141 5180 2237 5221 eos
2264 5165 2517 5221 studebat
2564 5165 2870 5239 inducere).
2897 5164 3036 5221 Cum
3094 5181 3223 5239 ergo
3277 5184 3391 5225 non

1813 5257 1960 5325 passi
1986 5265 2193 5322 essent,
2225 5258 2323 5312 sed
2348 5257 2453 5312 hoc
2492 5258 2667 5312 solum
2701 5266 2950 5329 peterent
2982 5267 3041 5314 ut
3066 5261 3257 5316 liceret
3303 5276 3389 5316 re-

1778 5400 1781 5401 ν
1811 5350 1927 5405 dire
1955 5350 2023 5404 ad
2052 5364 2166 5417 eos,
2198 5350 2291 5420 qui
2314 5350 2599 5416 miserant,
2636 5350 2885 5406 Valerius
2910 5351 3034 5416 iste,
3054 5352 3212 5423 cujus
3241 5353 3388 5407 insa-

1811 5460 1941 5498 num
1973 5452 2025 5499 et
2056 5442 2353 5500 violentum
2390 5445 2599 5501 facinus
2630 5447 2732 5502 fuit
2769 5446 2962 5504 tractio
3001 5447 3235 5518 pollicis,
3262 5460 3387 5501 cum

1810 5552 1919 5592 non
1969 5537 2146 5594 solum
2196 5546 2344 5594 esset
2371 5538 2547 5594 audax
2578 5548 2633 5595 et
2660 5539 3077 5608 violentus,sed
3121 5540 3287 5596 etiam
3319 5537 3388 5593 ad

1818 5688 1925 5745 huc
1961 5692 2161 5775 vixisse
2186 5692 2453 5775 doceant,
2504 5671 2616 5751 imo
2658 5704 2713 5750 et
2752 5695 2926 5751 tribus
2955 5692 3233 5775 mensibus
3263 5702 3387 5775 post

1812 5766 1983 5883 zancti
2026 5766 2123 5821 viri
2147 5764 2354 5822 obitum
2382 5765 2501 5820 Bar.
2545 5775 2772 5832 asserat,
2822 5781 2985 5838 quem
3017 5763 3138 5822 vide
3172 5762 3306 5821 toni.
3340 5762 3385 5819 \i

1860 5840 2008 5889 nnal.
2912 5878 2946 5889 -

1993 5874 2008 5889 ⁵
2906 5878 2949 5920 ο
