3834 6464
381 452 525 519 L03

1586 442 1869 505 MENSIS
1907 438 2362 503 JANUARIUS.

3502 418 3653 489 ιεοι

382 562 737 628 maleﬁcium,
789 568 851 615 ut
912 574 1000 615 res
1052 555 1169 630 ipsa
1220 552 1500 621 indicabit,
1545 552 1953 615 callidissimus,

2105 548 2256 611 ὑτοὺς
2313 543 2540 617 προνοίᾳ
2591 542 2685 595 τυῦ
2740 540 3022 602 ἀπολέσαι,
3056 532 3358 606 άνάγεσθαι
3409 537 3585 588 πάλιν
3622 537 3656 587 6

375 657 501 715 navi
556 657 669 726 jam
728 660 1002 708 vetustate
1040 649 1317 704 fatiscenti
1375 657 1431 704 et
1478 647 1731 718 putridae,
1762 655 1822 700 ut
1862 659 1956 698 eos

376 759 564 821 aperte
593 748 864 819 perderet,
895 743 1267 809 committens,
1299 742 1600 798 sceleratus
1654 740 1823 811 jussit
1863 753 1958 792 eos

378 842 555 898 abire.
576 840 711 897 Cum
739 854 870 909 ergo
920 852 1113 907 parum
1155 835 1443 898 abfuisset,
1474 834 1606 904 quin
1656 831 1961 886 inciderent

378 938 437 991 in
464 934 789 1005 periculum,
834 931 922 985 vix
979 929 1196 983 tamlem
1244 928 1448 992 evenit,
1503 936 1565 981 ut
1625 925 1961 996 appellerent

382 1029 746 1098 Lampsacum
782 1042 798 1081 :
825 1029 877 1079 et
901 1038 1024 1078 eum
1059 1023 1166 1077 illic
1184 1028 1485 1075 mutassent
1514 1019 1811 1089 navigium,
1840 1023 1963 1086 post

381 1131 618 1192 quatuor
638 1132 860 1172 menses
907 1129 1111 1171 venere
1154 1114 1403 1167 Romam.
1438 1111 1754 1165 lnnocentio
1783 1110 1962 1178 itaque

384 1220 631 1276 narrant,
663 1225 786 1278 quze
836 1208 1149 1263 acciderant
1206 1205 1459 1269 Quiriaco
1484 1213 1540 1258 et
1596 1201 1858 1265 Palladio,
1893 1216 1963 1254 an

384 1305 590 1376 aliquid
622 1304 702 1358 eis
744 1303 948 1357 factum
1009 1309 1155 1355 esset
1208 1296 1683 1369 ignorantes;sed
1739 1310 1842 1348 nec
1896 1294 1965 1349 de

385 1395 596 1451 JOaune
635 1392 876 1445 valentes
900 1393 1058 1453 scire,
1094 1387 1220 1457 quid
1238 1387 1547 1442 accidisset.
1582 1384 1714 1449 Quae
1744 1382 1964 1452 quidem

388 1485 575 1543 omnia
598 1483 853 1538 obtusum
885 1480 1130 1534 latebant
1154 1477 1473 1541 Arcadium,
1507 1484 1565 1530 ut
1604 1484 1791 1545 postea
1826 1473 1966 1528 seire

389 1579 568 1634 licuit.
603 1577 709 1631 Sed
734 1575 881 1630 enim
914 1588 1101 1627 rursus
1132 1572 1319 1627 redeat
1365 1570 1562 1633 oratio,
1597 1569 1741 1622 unde
1773 1576 1858 1621 est
1885 1566 1965 1621 di-

391 1682 595 1740 gressa,
625 1675 680 1721 et
726 1672 913 1719 narret
961 1679 1049 1729 ea,
1079 1677 1201 1732 quae
1234 1668 1448 1716 restant
1511 1659 1580 1714 de
1634 1659 1725 1714 illo
1770 1673 1967 1729 magno

388 1758 624 1814 Joanne.

460 1850 642 1906 LVIII.
667 1849 1023 1907 Admirabilis
1059 1863 1191 1921 ergo
1221 1848 1311 1903 ille
1342 1847 1583 1903 Joannes
1631 1863 1755 1903 cum
1785 1848 1965 1905 Cucu-

392 1955 517 2000 sum
546 1945 810 2009 venisset,
842 1952 898 1999 et
935 1943 991 1997 in
1044 1941 1252 1996 adibus
1290 1940 1543 2011 Adelphii
1584 1940 1718 2011 (54),
1752 1949 1813 1996 ut
1857 1941 1971 2010 jam

389 2035 649 2104 diximus,
671 2037 892 2108 degeret
910 2034 1042 2104 (illic
1057 2034 1204 2089 enim
1222 2048 1349 2088 eum
1375 2032 1743 2104 reliquimus),
1765 2032 1981 2123 niultos‘

391 2129 612 2200 quidem
634 2144 907 2200 pauperes
927 2126 1061 2182 aluit
1084 2142 1221 2197 pane
1238 2126 1480 2182 terrestri
1502 2128 1656 2195 (tunc
1681 2127 1827 2182 enim
1855 2142 1976 2199 gra-

392 2221 616 2277 vissima
666 2220 838 2275 fames
872 2235 999 2274 eum
1037 2220 1216 2273 locum
1261 2218 1577 2290 invaserat),
1603 2220 1760 2290 longe
1792 2229 1974 2293 autem

406 2313 594 2382 plures
660 2312 1022 2376 nutrimento,
1064 2310 1207 2380 quod
1237 2327 1268 2364 a
1298 2311 1477 2382 lingua
1506 2312 1974 2382 suppeditabatur,

396 2407 541 2477 quod
575 2414 632 2461 et
652 2420 749 2461 eor
782 2405 1071 2460 confirmat
1106 2413 1160 2459 et
1207 2418 1446 2459 mentem
1482 2406 1776 2460 illuminat.
1801 2406 1975 2473 Quam

396 2498 601 2553 multas
622 2511 801 2552 autem
827 2503 893 2552 de
915 2498 1102 2552 multis
1125 2499 1447 2551 necessariis
1465 2498 1973 2553 habuitorationes!

400 2587 531 2657 quid
572 2588 720 2642 enim
777 2603 845 2641 ex
880 2587 965 2652 iis,
990 2602 1109 2656 qme
1165 2588 1491 2659 contingunt
1546 2604 1737 2658 aspera
1771 2598 1825 2643 et
1861 2605 1980 2644 mo-

402 2679 559 2744 lesta,
594 2680 766 2749 potuit
796 2679 1035 2751 linguam
1065 2679 1259 2735 sistere
1291 2696 1412 2750 qua:
1436 2680 1638 2734 ﬂuebat
1669 2681 1838 2735 instar
1876 2680 1975 2734 llu-

403 2771 880 2826 minum?Hahuit
917 2774 1082 2827 etiam
1116 2788 1225 2827 non
1260 2788 1463 2842 paucas
1492 2775 1559 2827 de
1611 2772 1894 2840 patientia,
1926 2780 1983 2826 et

400 2850 691 2931 quodnon
724 2862 899 2915 solum
940 2870 1192 2931 oporteat
1236 2876 1349 2915 non
1402 2876 1525 2916 esse
1579 2861 1859 2926 socordes,
1885 2861 1983 2915 sed

399 2968 505 3008 nec
537 2954 742 3008 otl'endi
769 2954 1053 3017 molestiis,
1088 2969 1224 3024 quas
1277 2952 1544 3024 contingit
1576 2953 1807 3022 perpeti.
1845 2953 1983 3006 Mul-

401 3053 471 3099 ta:
498 3060 718 3115 quoque
738 3032 807 3098 ab
835 3059 901 3099 eo
919 3045 1136 3112 ,divinte
1170 3044 1484 3098 scribuntur
1506 3044 1750 3113 epistolae
1772 3044 1839 3097 ad
1858 3059 1912 3097 sa
1923 3059 1984 3097 n-

401 3148 545 3194 ctam
565 3137 961 3209 Olympiadem,
995 3138 1050 3192 in
1078 3139 1277 3208 quibus
1305 3152 1681 3207 saepenumero
1709 3152 1875 3190 unum
1902 3136 1987 3190 di-

2063 641 2259 711 μιαρδς
2320 637 2562 690 ἐκέλευε.
2611 634 2751 699 Παρ*
2786 631 2967 701 ὀλίγον
3011 630 3104 684 οὖν
3148 629 3363 683 ἐλθοῦσι
3403 628 3657 695 κινδύνῳ

2060 730 2399 800 περιπεσεῖν,
2459 726 2611 797 μόλις
2664 724 2848 787 αὐτοῖς
2907 722 3193 791 ἐξεγένετο
3238 722 3305 790 τῇ
3350 720 3659 790 Λαμψάκῳ

2061 823 2357 893 προσχεῖν·
2418 817 2673 871 κάκεῖθεν
2732 812 3067 885 ἀμείψαντες
3116 812 3179 864 τδ
3209 810 3415 873 πλοῖον,
3450 807 3659 878 μηνῶν

2062 915 2344 983 τεσσάρων
2403 911 2503 980 τὴν
2533 907 2753 979 Ῥώμην
2794 904 3339 975 καταλαμϐάνουσιν
3381 902 3661 953 Ἰννοκενο

2063 1006 2164 1077 τίῳ
2192 1023 2253 1058 τε
2292 1003 2608 1074 διηγοῦνται
2662 1001 2733 1054 τά
2801 998 3176 1070 συμπεσόντα,
3208 998 3319 1059 τοῖς
3376 994 3508 1063 περὶ
3556 992 3664 1044 τὸν

2065 1099 2339 1171 κυριακὸν
2368 1099 2462 1153 κα)⁸
2498 1095 2794 1150 Παλλάδιον
2823 1093 2876 1146 εί
2904 1110 2956 1146 τι
2982 1093 3079 1144 καὶ
3118 1090 3351 1159 γένοιτο,
3388 1082 3665 1153 ἀγνοοῦν-

2064 1209 2185 1256 τες”
2220 1191 2358 1245 ἀλλά
2399 1188 2535 1260 μηδὲ
2572 1188 2704 1257 περὶ
2739 1184 2992 1238 Ἰωάννου
3020 1181 3072 1234 τί
3102 1179 3254 1251 αὐτῷ
3282 1176 3529 1248 συμϐαίη
3558 1173 3667 1226 δυο

2066 1284 2319 1356 νηθέντες
2378 1282 2588 1354 μαθεῖν.
2619 1278 2808 1332 Ταῦτα
2834 1278 2890 1332 δὲ
2926 1276 3106 1331 πάντα
3136 1275 3231 1327 τὸν
3265 1271 3410 1343 νωθῆ
3433 1268 3666 1324 διελάν-

2069 1376 2229 1430 θανεν
2266 1372 2591 1445 Ἀρκάδων,
2643 1368 2718 1433 ὧς
2772 1386 2836 1438 γε
2881 1368 3110 1438 ὓστερον
3164 1365 3373 1434 ὑπῆρξε
3429 1360 3667 1432 μαθεῖν.

2080 1465 2240 1520 Ἀλλά
2263 1464 2371 1537 γὰρ
2395 1465 2424 1517 ό
2450 1462 2607 1530 λόγος
2632 1459 2874 1513 ἐπανίτω
2908 1458 3073 1511 πάλιν
3097 1456 3219 1509 ὅθεν
3246 1453 3432 1524 ἐξέϐη,
3463 1451 3570 1505 καὶ
3588 1452 3667 1505 τὰ

2071 1557 2213 1611 κατά
2240 1556 2333 1609 τὸν
2366 1553 2540 1625 μέγαν
2561 1550 2828 1604 ὑπόλοιπα
2853 1546 3166 1617 διηγείσθω.

2143 1827 2275 1882 Nll'.
2325 1828 2383 1879 '0
2427 1825 2605 1879 τοίνυν
2663 1823 2975 1895 θαυμαστός
3038 1818 3316 1889 Ἰωάννης,
3370 1831 3440 1886 ττι
3510 1814 3670 1868 how

2004 1906 2045 1964 Β
2075 1919 2255 1991 κουσῷ
2303 1915 2650 1990 προσϐαλὼν,
2699 1915 2795 1968 κα)⁴
2831 1914 2891 1965 ὲν
2926 1910 3006 1982 τῷ
3049 1905 3356 1978 ’Δδελφειοῦ
3406 1906 3547 1977 οἴκῳ
3580 1904 3677 1959 δι-

2075 2013 2225 2081 άγων
2264 2010 2537 2082 (καθάπερ
2562 2003 2797 2079 ἔφημεν.
2841 2005 2992 2059 Ἐκεῖ
3019 2002 3130 2075 γάρ
3167 2001 3333 2067 αὑτὸν
3360 2000 3674 2072 γενόμενον

2075 2102 2489 2175 κατελίπομεν),
2510 2100 2737 2163 πολλοὺς
2760 2098 2858 2170 μὲν
2877 2097 3119 2168 πένητας
3136 2093 3215 2166 τῷ
3245 2093 3353 2149 ἀπὸ
3378 2093 3482 2163 γῆς
3500 2091 3677 2162 ἔθρεο

2076 2198 2177 2268 ψεν
2207 2197 2358 2268 ἄρτῳ
2398 2194 2516 2268 (καὶ
2546 2192 2656 2265 γάρ
2720 2192 2879 2263 ἔτυχε
2910 2190 3033 2244 τότε
3063 2189 3223 2259 λιμὸν
3250 2184 3561 2255 ἐπισκῆψαι
3586 2183 3675 2256 τῷ

2076 2292 2229 2362 τόπῳ
2249 2287 2593 2360 βαρύτατον),
2624 2285 2805 2358 πολλῷ
2825 2283 2881 2336 δὲ
2906 2282 3125 2345 πλείους
3146 2281 3240 2333 καὶ
3265 2281 3331 2350 τῇ
3355 2278 3463 2331 ἀπὸ
3488 2277 3678 2347 γλώσ-

2082 2403 2178 2455 σης
2200 2381 2560 2455 πηγαζομένῃ
2575 2382 2771 2452 τροφῇ,
2796 2377 2833 2451 ἢ
2848 2377 2942 2431 καί⁵
2960 2375 3190 2445 καρδίαν
3215 2369 3323 2426 οἶδε
3353 2369 3677 2441 στηρίζειν,

2081 2480 2176 2531 καὶ
2223 2476 2481 2548 φωτίζειν
2521 2475 2759 2528 διάνοιαν
2780 2491 2793 2503 ·
2831 2468 3058 2531 πολλοὺς
3079 2469 3136 2521 δὲ
3168 2467 3263 2521 καὶ
3296 2464 3425 2535 περ).
3447 2462 3680 2516 πολλῶν

2082 2571 2191 2626 τῶν
2208 2569 2524 2639 ἀναγκαίων
2541 2564 2897 2635 ἐκπεφώνηκε
2920 2562 3112 2630 λόγους
3149 2557 3223 2631 (τί
3251 2557 3359 2628 γὰρ
3387 2556 3497 2609 τῶν
3522 2571 3684 2625 συμ-

2084 2665 2379 2719 ϐαινόντων
2398 2661 2636 2733 ἀνιαρῶν
2651 2660 2895 2729 ἐπισχεῖν
2919 2658 3150 2729 ἠδύνατο
3174 2654 3444 2724 γλῶσσαν,
3462 2652 3557 2703 ἶσα
3573 2650 3682 2701 καὶ

2086 2760 2351 2830 ποταμοῖς
2386 2751 2682 2825 ρἐυσαν;)
2713 2751 2930 2815 πλείους
2961 2751 3017 2803 δὲ
3044 2752 3171 2811 τοὺς
3205 2747 3336 2817 περί
3381 2742 3682 2814 ὑπομονῆς

2084 2850 2206 2931 ᾖσε,
2241 2857 2339 2906 καὶ
2363 2849 2457 2903 τοῦ
2478 2848 2553 2918 μὴ
2577 2848 2688 2900 δεῖν
2721 2847 2797 2916 μὴ
2815 2845 2897 2897 ὃτι
2919 2841 2994 2913 μὴ
3030 2840 3293 2931 ῥᾳθυμεῖν
3325 2834 3683 2931 μόνον,

2092 2927 2228 3019 μηδὲ
2260 2941 2559 2997 σκάνδαλον
2596 2936 2915 3008 ὑπομένειν,
2953 2936 3038 3002 ἐφ’
3066 2927 3148 2995 οἷς
3184 2929 3421 3002 χρῆσθαι
3460 2927 3682 2981 πολλά-

2090 3054 2177 3101 κις
2204 3037 2470 3106 λυπηροῖς
2517 3030 2811 3102 συμϐαίνει
2835 3045 2849 3059 ⁸
2902 3026 3102 3089 πολλὰς
3137 3023 3194 3077 δὲ
3246 3022 3339 3075 καὶ
3366 3020 3474 3073 τῶν
3501 3020 3684 3073 θείων

2092 3125 2389 3180 ἐπιστολῶν
2428 3124 2563 3194 πρὸς
2603 3117 2945 3190 Ὀλυμπιάδα
2967 3113 3223 3180 συνέταξε
3251 3113 3353 3179 τὴν
3393 3111 3583 3175 ὁσίαν,
3621 3112 3685 3163 ἐν

402 3229 479 3284 cit
507 3244 629 3284 esse
671 3228 933 3293 terribile,
992 3244 1191 3298 nempe
1217 3237 1499 3299 peccatum
1530 3245 1545 3282 :
1585 3236 1640 3282 et
1664 3228 1712 3282 ei
1744 3239 1979 3283 recenset

2105 3217 2179 3284 ιίς
2237 3216 2524 3281 πλεονάζει
2556 3232 2614 3269 τε
2670 3214 2867 3282 λέγων,
2925 3211 3008 3264 ὃτι
3038 3208 3098 3261 ἓν
3140 3206 3371 3278 φοϐερὸν
3426 3206 3601 3276 μόνον
3645 3207 3684 3276 ἡ

404 3320 708 3386 molestias,
727 3336 849 3390 quae.
871 3330 1176 3376 evenerunt
1199 3321 1255 3374 in
1280 3321 1498 3384 itinere,
1527 3329 1583 3375 et
1606 3335 1725 3374 eam
1743 3335 1984 3374 mceren-

405 3424 516 3469 tem
550 3421 775 3484 propter
804 3413 922 3483 ejus
952 3414 1310 3483 privationem
1342 3413 1571 3467 studens
1595 3427 1867 3476 recreare,
1902 3412 1986 3467 εἰσι

405 3507 518 3562 ficit
552 3515 610 3560 ut
639 3521 749 3561 non
777 3505 848 3560 sit
884 3505 1311 3575 desperandum,
1337 3507 1455 3560 fore
1500 3513 1561 3559 ut
1622 3520 1747 3559 cum
1799 3521 1989 3561 rursus

404 3598 719 3653 conveniat.
753 3594 1065 3662 Quinetiam
1100 3594 1560 3665 quemadmodum
1594 3609 1719 3648 cum
1762 3594 1847 3649 via
1875 3608 1989 3648 mo-

404 3689 543 3745 leste
574 3690 627 3744 iu
664 3703 879 3744 summo
905 3689 1109 3744 aestatis
1138 3689 1325 3760 vigore
1356 3697 1727 3758 perageretur,
1749 3696 1804 3742 et
1826 3688 1991 3742 vehe-

406 3797 568 3837 mens
596 3798 721 3837 eum
751 3782 921 3838 febris
958 3782 1159 3837 invasit
1211 3791 1268 3836 et
1303 3782 1444 3836 mala
1474 3781 1762 3846 stomachi,
1809 3791 1864 3835 et
1897 3783 1990 3851 qui

411 3875 470 3930 in
504 3874 592 3929 his
617 3873 776 3945 longe
803 3882 922 3929 erat
951 3875 1165 3945 gravior
1197 3875 1498 3929 sceleratus
1526 3874 1732 3937 Gallus,
1770 3874 1857 3928 cui
1887 3873 1991 3928 fuit

408 3971 477 4027 ad
511 3971 825 4027 ducendum
872 3971 957 4026 vir
983 3973 1071 4028 ille
1117 3973 1302 4042 justus
1340 3971 1687 4027 commissus.
1723 3971 1991 4027 Pra-terea

409 4072 615 4129 autem,
648 4065 1130 4133 quemadmodum,
1166 4081 1288 4119 cum
1321 4066 1388 4119 ad
1409 4065 1683 4134 quoddam
1712 4064 1995 4119 venissent

428 4156 793 4221 liversorium,
812 4157 997 4211 omnia
1029 4157 1137 4211 illis
1171 4157 1396 4210 molesta
1416 4156 1751 4222 acciderunt,
1781 4170 1992 4223 eorum,

335 4254 353 4268 ‘
409 4247 505 4318 qui
533 4248 777 4319 ipsorum
800 4266 988 4305 curam
1013 4258 1285 4321 gererent,
1313 4248 1569 4313 solitudo,
1594 4248 1778 4317 inopia
1812 4262 1994 4303 rerum

412 4342 843 4397 necessariarum
879 4342 1027 4413 (utor
1043 4342 1191 4397 enim
1211 4342 1316 4397 illis
1339 4342 1544 4398 eisdem
1564 4340 1743 4396 verbis
1759 4341 1994 4412 aureis);

411 4434 625 4489 nullum
655 4434 850 4489 adesse
882 4434 1176 4499 medicum,
1201 4443 1381 4489 metus
1428 4433 1747 4504 irruptionis
1768 4432 1999 4489 Isauro-

2091 3312 2358 3383 ἁμαρτία,
2409 3310 2504 3362 καὶ
2560 3308 2690 3378 περὶ
2728 3304 2835 3359 τῶν
2891 3301 3286 3373 συμπεσόντων
3341 3297 3492 3368 αὐτῷ
3540 3301 3685 3368 περὶ

2086 3407 2187 3475 τὴν
2230 3404 2347 3458 ὁδὸν
2406 3400 2649 3472 ἀνιαρῶν
2697 3398 2982 3462 διέξεισιν·
3041 3395 3191 3457 ὅπως
3234 3409 3296 3445 τε
3347 3389 3685 3460 ἀθυμοῦσαν

2088 3497 2177 3551 διά
2197 3495 2295 3567 τὴν
2321 3495 2572 3564 στέρησιν
2594 3487 2932 3545 ἀνακτᾶσθαι
2955 3485 3297 3557 βουλόμενος,
3331 3480 3493 3543 Ἴσως
3519 3482 3684 3550 ἡμᾶς

2091 3591 2276 3654 πάλιν,
2326 3591 2552 3658 γράφει,
2604 3582 2697 3637 τοῦ
2732 3581 2868 3637 Θεοῦ
2917 3579 3301 3649 ἐπιτρέποντος
3352 3573 3510 3644 ὄψει’
3584 3576 3687 3627 καὶ

2092 3682 2240 3745 ὅπως
2287 3684 2353 3751 τῇ
2383 3679 2481 3749 τῆς
2528 3675 2648 3728 ὁδοῦ
2695 3672 3078 3742 ταλαιπωρίᾳ,
3139 3667 3332 3740 θέρους
3393 3667 3549 3735 ἀκμῇ
3600 3664 3685 3718 διο

2093 3776 2417 3846 ανυομένης,
2452 3771 2547 3825 καὶ
2572 3769 2805 3841 πυρετὸς
2847 3765 3157 3833 ἐπέσκηπτε
3207 3759 3425 3827 λάϐρος,
3482 3761 3586 3811 καὶ
3610 3759 3682 3811 τά

2095 3872 2158 3924 ὲκ
2189 3867 2283 3922 τοῦ
2316 3865 2586 3936 στομάχου
2617 3863 2785 3926 κακά,
2814 3861 2907 3914 καὶ
2929 3862 2957 3912 ό
2986 3855 3161 3926 πολλῷ
3199 3854 3406 3907 τούτων
3441 3850 3685 3922 βαρύτε-

2098 3979 2209 4035 ρος,
2231 3963 2259 4013 ό
2276 3959 2530 4030 πονηρὸς,
2554 3957 2721 4026 φημὶ,
2739 3952 3003 4023 Γαλάτης,
3021 3950 3174 4017 ἄγειν
3198 3946 3360 4000 αὑτὸν
3381 3962 3447 3997 πε
3457 3960 3686 3997 πιστευ-

2099 4055 2275 4126 μένος·
2340 4052 2434 4105 καί⁵
2461 4051 2536 4113 ὡς
2581 4049 2881 4117 καταγωγῇ
2928 4062 3034 4097 τινι
3092 4036 3461 4112 προσϐαλοῦσι
3494 4038 3683 4090 πάντα

2097 4145 2259 4199 πάλιν
2285 4144 2520 4207 συνήντα
2554 4141 2614 4193 τά
2641 4138 2881 4208 λυπηρά,
2904 4135 3014 4188 τῶν
3043 4132 3455 4203 θεραπευόντων
3480 4130 3512 4201 ἡ
3546 4129 3682 4200 ἐρη-

2102 4237 2223 4308 μία,
2256 4235 2364 4289 τῶν
2422 4232 2740 4304 ἐπιτηδείων
2772 4227 3028 4301 ἡὰπορία
3065 4225 3269 4295 (αὐτοῖς
3304 4224 3413 4293 γάρ
3439 4222 3682 4282 ἐκείνοις

2097 4334 2211 4394 τοῖς
2264 4333 2481 4400 χρυσοῖς
2532 4327 2811 4397 κέχρημαι
2846 4320 3067 4390 λόγοις),
3120 4320 3179 4371 τὸ
3223 4317 3428 4386 μηδένα
3490 4315 3685 4384 ἰατρὶν

2101 4426 2378 4495 παρεῖναι,
2412 4424 2440 4475 ό
2482 4421 2579 4490 τῆς
2613 4418 2807 4488 ἐφόδου
2854 4415 2964 4468 τῶν
3000 4411 3262 4482 Ίσαύρων
3286 4410 3473 4479 φόϐος,
3497 4411 3597 4460 καὶ
3646 4409 3683 4476 η

413 4543 558 4593 rum,
590 4537 645 4583 et
678 4540 826 4597 spes,
860 4526 977 4583 fore
1007 4535 1068 4582 ut
1105 4540 1227 4582 mox
1261 4527 1317 4581 in
1373 4540 1562 4582 eorum
1616 4540 1813 4582 manus
1837 4528 1979 4582 deve-

2105 4516 2225 4571 ὅσον
2271 4515 2426 4569 οὔπω
2488 4514 2569 4576 είς
2609 4513 2797 4583 χεῖρας
2850 4506 3026 4561 αὐτῶν
3055 4500 3412 4573 ἐμπεσεῖσθαι
3461 4499 3687 4569 μέλλειν

411 4616 617 4671 nirent.
650 4617 795 4685 Quid
826 4630 979 4685 vero,
1032 4618 1125 4688 qui
1183 4628 1383 4688 prater
1414 4630 1635 4672 omnem
1696 4618 1979 4672 bestiarun

2105 4610 2278 4675 ἐλπὶς,
2340 4608 2391 4662 οί
2435 4603 2799 4677 ὲπιμανέντες
2849 4598 2995 4670 αὐτῷ
3048 4596 3311 4668 μοναχοὶ,
3382 4595 3478 4646 καὶ

414 4707 685 4765 feritatem
713 4711 768 4765 in
822 4725 947 4766 eum
996 4710 1254 4767 furebant
1308 4712 1585 4773 monachi,
1618 4711 1893 4766 minantes
1941 4726 2000 4766 se

413 4818 539 4857 eum
593 4803 981 4859 combusturos
1025 4818 1150 4859 esse
1202 4818 1328 4857 eum
1360 4804 1474 4872 ipsa
1503 4803 1686 4868 domo,
1719 4811 1775 4858 et
1803 4818 1998 4873 quem-

414 4895 712 4951 admodqu
741 4911 771 4950 a
814 4896 968 4951 febre
990 4896 1133 4951 male
1162 4894 1440 4959 allectum,
1472 4902 1527 4949 et
1561 4894 1627 4948 de
1660 4894 1853 4947 itinere
1882 4895 2000 4949 val-

414 4987 483 5040 de
532 4969 761 5048 fessum,
793 4985 887 5055 qui
933 5000 1059 5039 eum
1111 4983 1474 5047 abducebant,
1521 4997 1629 5036 non
1679 4984 1841 5037 modo
1870 4962 1993 5038 eum

416 5074 565 5130 nulla
597 5074 805 5145 dignati
843 5083 972 5128 sunt
1005 5072 1401 5138 misericordia,
1452 5072 1551 5127 sed
1580 5086 1675 5126 eos
1699 5073 1881 5136 etiam,
1903 5073 1994 5142 qui

416 5164 694 5229 volebant,
737 5165 1125 5235 prohibebant,
1177 5162 1457 5218 minantes
1504 5163 1586 5217 eis
1645 5174 1888 5219 extrema
1943 5172 1999 5219 et

416 5259 662 5314 omnium
695 5260 928 5314 maxime
951 5257 1216 5314 terribilia
1247 5257 1402 5329 (55)?
1435 5256 1637 5312 Praeter
1655 5259 1772 5314 haec
1790 5269 1995 5326 autem,

417 5350 634 5421 qualem
679 5350 819 5406 viam
866 5351 1097 5424 peregit,
1152 5366 1348 5421 nempe
1401 5350 1651 5416 arduam,
1699 5351 1997 5421 lapidosam

417 5448 478 5498 et
494 5441 792 5509 difneilem,
826 5442 990 5513 idque
1016 5457 1139 5497 cum
1162 5458 1305 5513 aegre
1337 5451 1524 5513 posset
1545 5442 1778 5513 ingredi,
1810 5451 1999 5511 utpote

418 5536 566 5606 quod
596 5536 647 5593 ei
675 5546 820 5594 esset
846 5538 986 5592 male
1015 5534 1270 5592 allectum
1312 5550 1532 5607 corpus,
1561 5545 1822 5608 quantum
1847 5551 1915 5590 ex
1935 5549 2002 5589 eo

491 5750 604 5820 (54)
636 5746 1082 5817 Cbrysostomum
1111 5758 1219 5798 non
1254 5758 1470 5820 semper
1505 5743 1557 5796 in
1599 5742 1807 5820 aedibus
1834 5740 1997 5795 Adel-

422 5815 1182 5901 phiicucust'co‘nwtoratum',
1206 5816 1318 5901 sed
1330 5818 1492 5869 etiam
1518 5818 1659 5901 apud
1687 5815 2002 5901 υρέιοινυιιι

421 5882 540 5959 ἔμε
582 5892 777 5946 docent
806 5882 1079 5956 Esttelae.
1122 5885 1248 5941 Vide
1279 5885 1475 5941 Baron.
1515 5886 1581 5939 ad
1613 5898 1701 5938 an.
1735 5882 1860 5936 405.

2105 4705 2288 4759 πᾶσαν
2322 4699 2625 4772 ἀγριότητα
2668 4695 2874 4770 θηρίων
2927 4693 3064 4763 αὐτῇ
3104 4689 3253 4761 οἰκίᾳ
3305 4686 3684 4742 κατακαύσειν

2101 4795 2265 4849 αὑτὸν
2309 4790 2659 4853 ἀπειλοῦντες
2686 4804 2700 4819 ⁸
2737 4789 2885 4849 ὅπως
2908 4801 2970 4838 τε
2999 4783 3251 4854 πονήρως
3308 4780 3413 4834 ὑπὸ
3439 4778 3537 4832 τοῦ
3572 4796 3683 4832 πυ-

2105 4884 2261 4957 ρετοῦ
2315 4883 2679 4952 διακείμενον,
2725 4880 2822 4933 καὶ
2872 4877 2994 4931 λίαν
3049 4876 3331 4946 κάμνοντα
3382 4872 3528 4927 κατά
3580 4872 3683 4942 τὴν

2104 4978 2244 5045 ὁδὸν,
2274 4978 2323 5031 oi
2356 4977 2662 5046 ἀπάγοντες
2689 4972 2751 5027 οὐ
2785 4971 2946 5044 μόνον
2999 4968 3153 5023 αὐτοὶ
3178 4966 3351 5020 ἐλεεῖν
3373 4965 3476 5019 οὒκ
3506 4958 3683 5035 εἶχον,

2103 5071 2242 5126 ἀλλὰ
2268 5073 2364 5125 καὶ
2394 5070 2613 5140 ἐτέρους
2637 5068 2900 5138 ἀπεῖργον
2932 5059 3283 5133 παραμυθίας
3305 5058 3468 5113 αὐτὸν
3490 5056 3685 5122 ἀξιοῦν

2105 5145 2411 5229 ἐθέλοντας,
2442 5164 2512 5216 τά
2537 5160 2742 5230 ἔσχατα
2790 5157 2976 5218 αὐτοῖς
3005 5156 3100 5207 καὶ
3131 5151 3490 5223 φοϐερώτατα
3513 5150 3687 5204 άπειο

2107 5257 2346 5321 λοῦντες.
2396 5255 2507 5309 Καὶ
2559 5252 2694 5323 πρὸς
2739 5248 2969 5314 τούτοις,
3025 5247 3146 5299 οἵαν
3184 5243 3283 5315 τὴν
3334 5242 3451 5296 ὁδὸν
3495 5241 3688 5313 ἡνυεν,

2103 5348 2303 5419 ἀνάντη
2326 5345 2452 5417 ικα)⁵
2510 5342 2713 5413 λιθώδη
2768 5340 2862 5395 καὶ
2911 5338 3178 5410 χαλεπὴν,
3240 5333 3536 5389 καὶταῦτα
3593 5333 3692 5384 καὶ

2101 5438 2380 5510 δυσχερῶς
2426 5437 2567 5505 ἄγαν
2615 5434 2746 5505 περὶ
2769 5433 2830 5486 τὸ
2861 5431 3162 5501 ὁδοιπορεῖν
3218 5427 3381 5500 ἔχων,
3415 5426 3513 5482 ita
3564 5424 3690 5478 λίαν

2104 5532 2255 5603 αὐτῷ
2276 5531 2643 5602 πεπονηκότος
2670 5526 2764 5582 τοῦ
2796 5525 3066 5598 σώματος⁹
3094 5523 3195 5577 ὃσα
3221 5538 3286 5592 γε
3320 5519 3521 5575 ειδέναι
3555 5513 3691 5587 παρ’

2177 5738 2288 5809 (55)
2316 5739 2391 5794 De
2418 5735 2609 5793 horum
2633 5736 3022 5792 monachorum
3046 5733 3229 5789 furore
3274 5732 3443 5787 refert
3473 5730 3579 5785 Bar
3625 5744 3693 5784 ex

2108 5813 2270 5880 epist.
2313 5810 2412 5864 H5
2441 5809 2721 5879 Cbrysost.
