3834 6490
240 412 385 478 Ιῖθῦ

1243 411 1428 477 vm
1463 412 1520 471 s.
1563 406 1881 471 JOANNIS
1919 370 2471 471 cunvsosront.

3324 403 3348 469 1
3362 403 3464 466 206

220 525 388 580 αὐτοῦ
442 521 766 596 γράφοντος,
792 522 881 575 ὅτε
922 520 1017 575 καὶ
1048 522 1176 593 περὶ
1203 519 1297 575 τοῦ
1321 520 1398 592 μὴ
1449 520 1791 590 μακροτέραν

1925 520 2168 574 cribente
2200 519 2325 573 sciri
2360 526 2559 589 potest,
2596 516 2814 587 quando
2848 516 3011 569 etiam
3041 523 3191 587 rogat
3222 516 3459 578 beatam.

220 615 371 687 αὐτῷ
402 615 656 685 γενέσθαι
674 615 773 687 τὴν
816 612 1113 685 ὑπερορίαν
1152 613 1293 681 ἀξιοῖ
1329 614 1560 684 μελῆσαι
1584 615 1649 684 τῇ
1688 629 1790 681 μα-

217 709 408 780 καρίᾳ,
451 708 574 778 ἐμοὶ
626 706 802 772 λέγων
857 706 1067 777 μυρίων
1104 705 1328 777 ἐξοριῶν
1352 706 1413 758 τὸ
1438 705 1642 759 ὁδεύειν
1674 705 1791 757 ἐστὶ

218 800 619 875 χαλεπώτερον.
669 797 857 854 Ταῦτα
906 800 1006 853 καὶ
1072 799 1208 853 ἀλλα
1278 799 1469 863 πλείω,
1528 798 1595 851 τὰ
1652 796 1792 868 μετά

218 893 318 963 τὴν
351 892 648 963 ὑπερορίαν
670 892 837 962 φημὶ,
868 891 962 953 τὰς
984 890 1271 953 ἐπιστολὰς
1288 891 1353 945 ἄν
1370 908 1451 953 τις
1477 889 1627 958 εὖροι
1658 888 1793 943 ταύ-

219 1001 318 1048 τας
374 983 792 1054 εἰσηγουμένας.
863 982 1002 1035 Ἀλλ’
1063 984 1244 1036 ἐκεῖσε
1302 982 1466 1036 πάλιν
1514 983 1788 1053 ἐπάνειμι.

231 1077 322 1140 Ὠς
349 1076 458 1146 γὰρ
484 1078 513 1130 6
540 1076 716 1147 μέγας
750 1078 809 1129 ἐν
839 1074 1141 1144 Κουκουσῷ
1188 1076 1362 1145 τροφῇ
1400 1072 1494 1128 τοῦ
1541 1072 1795 1143 σώματος

219 1167 324 1221 οὐκ
376 1166 608 1235 ὀλίγους,
670 1167 763 1220 καὶ
821 1165 1040 1230 πλείους
1090 1165 1171 1238 τῷ
1203 1166 1299 1235 τῆς
1363 1164 1543 1235 ψυχῆς
1572 1162 1797 1233 ἔτρεφεν

222 1260 395 1332 ἄρτῳ,
464 1259 656 1328 φθόνος
698 1258 951 1314 ἐντεῦθεν
978 1257 1328 1319 ὕποκαυθεὶς,
1356 1258 1437 1320 είς
1472 1256 1798 1328 Ἀραὸισσον

223 1354 389 1408 αὐτὸν
441 1352 607 1407 πάλιν
653 1353 1003 1423 μεταϐαίνειν
1028 1350 1225 1405 ἐποίει.
1268 1348 1584 1404 Ἐὀούλοντο
1610 1347 1718 1419 γὰρ
1750 1348 1799 1401 οἱ

223 1443 347 1498 λίαν
373 1444 556 1508 κακοὶ,
590 1443 758 1515 μήπω
780 1443 1051 1513 διακορεῖς
1079 1441 1234 1504 ὄντες
1261 1439 1356 1495 τοῦ
1378 1440 1564 1503 κακῶς
1593 1440 1802 1491 ἐκεῖνον

224 1538 424 1601 ποιεῖν,
478 1537 598 1599 ταῖς
645 1538 867 1607 συχναῖς
918 1535 1137 1589 ἐνδόντα
1182 1531 1600 1594 κακοπαθείαις,
1625 1529 1802 1594 οὕτως

226 1630 410 1693 αὐτοῖς
436 1629 735 1683 ἀποθέσθαι
765 1629 859 1683 καὶ
887 1631 985 1700 τήν
1016 1627 1182 1697 ζωήν.
1208 1628 1388 1682 Κάκεῖ
1409 1627 1506 1697 μὲν
1535 1624 1804 1696 ἀπαχθεὶς

223 1718 625 1793 ταλαιπωρίαις
653 1720 920 1774 ἐκδίδοται
946 1719 1178 1774 πλείοσι·
1208 1719 1365 1791 δῆλος
1385 1718 1441 1772 δέ
1474 1719 1589 1771 ἐστι
1622 1717 1805 1788 κρείτ-

224 1827 336 1879 των
378 1811 485 1865 ὑπὸ
544 1811 865 1882 φιλοσοφίας
910 1811 1195 1882 γινόμενος
1253 1812 1455 1874 παντὸς
1508 1808 1604 1863 τοῦ
1639 1825 1806 1878 προσ-

1896 618 1955 664 ιιι
1982 611 2031 664 ei
2058 626 2203 665 curae
2231 611 2321 675 sit,
2354 619 2543 665 utnon
2572 609 2644 663 sit
2690 607 3042 677 relegationis
3098 610 3183 663 via
3233 608 3463 678 longior,

1894 701 2277 756 dicens:Mihi
2337 702 2484 756 mille
2537 701 2740 757 exsiliis
2778 709 2860 755 est
2909 701 3118 772 ingredi
3172 701 3465 759 difficilius.

1897 794 2021 848 Haec
2049 803 2104 849 et
2130 795 2231 848 alia
2267 794 2347 848 his
2371 795 2547 863 plura,
2578 810 2699 864 qua:
2728 792 2867 847 facta
2914 803 3043 847 sunt
3090 803 3212 863 post
3264 795 3471 865 relega-

1896 887 2124 944 tionem.
2155 886 2427 941 invenerit
2453 886 2720 955 quispiam
2747 887 2842 940 has
2863 886 3121 954 epistolas
3146 886 3467 943 referentes.

1898 978 2005 1034 Sed
2041 979 2163 1033 illuc
2196 993 2383 1033 rursus
2416 986 2676 1034 revertor.
2722 977 2858 1031 Cum
2896 978 3041 1033 enim
3100 994 3327 1049 magnus
3379 980 3470 1035 ille

1897 1074 2122 1140 Cucusi,
2152 1081 2206 1128 et
2232 1072 2477 1140 corporis
2505 1071 2844 1126 nutrimento
2879 1086 2987 1125 non
3021 1087 3245 1141 paucos,
3278 1082 3333 1128 et
3353 1072 3473 1143 piu-

1900 1182 1988 1222 res
2009 1165 2245 1221 nutriret
2276 1178 2413 1234 pane
2438 1163 2658 1228 animm,
2683 1178 2911 1217 accensa
2947 1178 3011 1216 ex
3042 1179 3109 1219 eo
3144 1164 3364 1229 invidia,
3402 1164 3484 1220 fa-

1901 1259 1975 1315 cit
2005 1273 2130 1313 eum
2173 1272 2366 1312 rursus
2392 1256 2629 1327 migrare
2655 1254 2993 1312 Arabissum.
3023 1255 3287 1313 Volebant
3330 1259 3476 1313 enim

1902 1350 1980 1405 illi
2016 1350 2261 1405 scelerati
2299 1356 2356 1403 et.
2413 1347 2573 1417 plane
2606 1347 2901 1418 deplorata:
2934 1347 3315 1418 improbitatis,
3348 1363 3477 1403 cum

1902 1438 1951 1495 ei
1978 1438 2357 1494 malefaciendi
2392 1437 2634 1493 nondum
2662 1438 2807 1508 ipsos
2833 1438 3068 1508 cepisset
3093 1438 3336 1504 satietas,
3355 1452 3483 1496 eum

1903 1539 2013 1586 tam
2042 1529 2426 1600 frequentibus
2472 1530 2757 1585 cedentem
2798 1530 3183 1587 afﬂictionibus
3206 1533 3371 1588 vitam
3404 1531 3487 1588 sic

1905 1624 2176 1678 amittere.
2207 1621 2311 1677 Sed
2342 1622 2471 1677 illuc
2491 1622 2713 1692 quidem
2745 1624 3037 1689 abductus,
3087 1625 3386 1695 majoribus
3406 1624 3486 1679 af-

1907 1718 2085 1773 ficitur
2110 1716 2490 1773 vexationibus
2520 1735 2534 1771 :
2563 1718 2654 1772 sed
2686 1728 2872 1788 aperte
2899 1717 3139 1772 ostendit
3164 1733 3221 1772 se
3251 1734 3281 1772 a
3302 1719 3483 1788 philo-

1908 1811 2099 1881 sophia
2132 1808 2394 1865 effectum
2448 1810 2787 1881 superiorem
2844 1812 3087 1881 quolibet
3134 1814 3279 1884 quod
3317 1816 3489 1885 possit

226 1900 541 1969 πίπτοντος,
603 1903 861 1972 ἀφορμήν
890 1918 951 1955 τε
981 1901 1120 1955 αὐτὰ
1174 1899 1501 1969 ποιούμενος
1553 1897 1800 1968 μείζονος

1923 1904 2176 1969 recidere,
2208 1910 2264 1956 et
2288 1918 2353 1958 ex
2381 1902 2466 1957 his
2493 1902 2714 1972 majoris
2743 1903 2959 1959 virtutis
2986 1920 3202 1960 sumere
3234 1907 3481 1963 occasio~

226 1996 430 2069 ἀρετῆς
460 2036 477 2061 ,
530 1996 625 2049 καὶ
681 1996 747 2050 δι’
788 1995 969 2051 αὐτῶν
1021 1994 1374 2065 φαιδρότερον
1426 1990 1801 2061 ἀναλάμπων,

226 2086 483 2157 καθάπερ
509 2087 571 2140 τὸ
596 2088 654 2139 ἐν
685 2087 818 2158 πυρὶ
856 2086 991 2155 φῶς,
1050 2084 1184 2154 ὕλης
1216 2086 1366 2155 αὐτῷ
1393 2084 1640 2147 πλείονος
1662 2082 1804 2135 ὕπο-

229 2180 587 2250 σαλλομένης.
630 2178 815 2241 Οὕτως
849 2180 1055 2242 ἐκεῖνος
1083 2183 1202 2243 ταῖς
1226 2179 1505 2248 ἀληθείαις
1539 2178 1804 2248 ἀήττητος

229 2270 331 2337 ὣν,
373 2272 469 2324 καὶ
506 2271 634 2342 μήθ’
656 2271 761 2324 ὑπὸ
787 2271 1184 2334 κακοπαθείας,
1214 2270 1342 2340 μήθ’
1360 2269 1465 2322 ὑπό
1487 2285 1630 2330 τινος
1647 2266 1807 2322 ἄλλου

236 2361 347 2415 τῶν
386 2360 648 2432 λυπηρῶν
702 2361 882 2431 ἥττων
931 2361 1126 2414 ἐαυτοῦ
1178 2358 1485 2429 γινόμενος,
1543 2359 1703 2420 αὐτὸς
1741 2353 1809 2429 ἦν

232 2451 480 2523 λυπηρὸς
515 2452 716 2523 μᾶλλον
751 2454 861 2515 τοῖς
903 2452 1269 2523 συκοφάνταις
1299 2450 1501 2503 οὑτωσὶ
1531 2447 1812 2517 διακείμε-

234 2564 343 2611 νος,
402 2548 493 2602 καὶ
524 2549 552 2601 6
590 2549 717 2618 περὶ
760 2546 925 2601 αὑτὸν
971 2547 1193 2610 ἔπαινος
1228 2546 1319 2599 καὶ
1348 2547 1381 2616 ή
1414 2547 1572 2616 φήμη
1602 2542 1809 2612 σφόδρα

232 2638 443 2693 τούτων
476 2638 729 2703 ὑπέκνιξε
753 2639 850 2702 τάς
869 2637 1067 2709 ψυχάς.
1088 2638 1173 2700 Ὠς
1204 2636 1506 2707 θαυμάσιόν
1534 2652 1588 2687 τι
1618 2636 1809 2706 χρῆμα

236 2732 271 2801 ή
308 2732 480 2804 ἀρετὴ
516 2732 611 2784 καὶ
644 2730 805 2802 ζήλου
849 2735 961 2796 τοῖς
1014 2729 1138 2784 νοῦν
1184 2728 1398 2800 ἔχουσιν
1426 2726 1605 2795 ἅξιονς
1633 2728 1660 2779 6
1714 2724 1813 2796 μὲν

236 2818 348 2891 γὰρ
372 2818 646 2883 τοσούτοις
675 2822 864 2884 κακοῖς
909 2820 1145 2887 ἔκδοτος,
1175 2820 1417 2889 ἄληπτος
1441 2813 1509 2889 ἦν
1534 2818 1627 2869 καὶ
1660 2814 1813 2885 ἀχεί-

236 2924 433 2979 ρωτος,
465 2909 559 2963 καὶ
616 2908 708 2963 τοῦ
766 2912 1109 2982 ἐπαγομένου
1140 2909 1343 2974 παντὸς
1385 2908 1739 2981 ὑψηλότερος·
1765 2909 1814 2961 οί

234 3000 295 3056 δὲ
323 3000 419 3055 τοῦ
446 3000 618 3055 ταῦτα
649 3004 822 3055 ποιεῖν
853 3001 1005 3066 ὅντες
1037 3004 1243 3074 κύριοι,
1267 3001 1489 3056 δειλαιοὶ
1519 3003 1612 3054 καὶ
1640 3017 1814 3054 κατα-

234 3093 398 3160 δεεῖς,
456 3093 553 3155 καὶ
604 3095 749 3158 τίνος
807 3094 909 3148 οὐκ
950 3095 1294 3168 ἀθλιώτεροι,
1316 3097 1407 3150 τὸν
1446 3098 1676 3168 πένητα,
1727 3096 1818 3151 τὸν

236 3185 470 3258 ἀλήτην,
507 3186 598 3241 τὸν
634 3187 955 3261 ὑπερόριον,
975 3187 1151 3243 καίτοι
1174 3190 1427 3245 τοσοῦτον
1448 3190 1813 3261 ἀφεστηκότα,

236 3278 495 3345 δεδιότες,
533 3282 629 3336 καὶ
673 3281 915 3335 πλείοσιν
949 3282 1095 3354 ὅροις
1121 3282 1427 3355 ἀποστῆναι
1468 3284 1821 3356 παρασκευά-

240 3371 451 3438 ζοντες,
478 3373 553 3437 ὡς
592 3375 726 3447 μηδέ
788 3375 962 3449 ἀκοὴν
987 3378 1195 3434 ἐκείνου
1223 3380 1531 3450 φθάνουσαν
1564 3378 1820 3451 πλήττειν

240 3466 421 3520 αὐτῶν
473 3467 602 3532 τοὺς
648 3468 951 3536 βασκάνους
1001 3471 1201 3544 ψυχάς.
1274 3473 1556 3528 Ἐντεῦθεν
1592 3475 1671 3538 είς
1727 3473 1823 3526 Πι-

240 3556 499 3627 τυοῦντα,
532 3559 693 3615 πάλιν
718 3561 863 3616 οὕτω
901 3563 1213 3628 κελευσθὲν,
1252 3564 1356 3617 ὑπὸ
1385 3564 1495 3618 τῶν
1525 3565 1821 3634 φυλασσόν·

241 3665 355 3704 των
413 3653 732 3723 μετάγεται.
790 3655 1072 3727 Πολίχνιον
1104 3655 1478 3720 τοῦτοοδεινῶς
1502 3657 1727 3729 ἔρημον,
1765 3657 1823 3709 ἐν

243 3742 445 3814 πέρατι
489 3743 589 3815 μὲν
643 3744 923 3817 θαλάσσης
967 3747 1069 3817 τῆς
1137 3748 1403 3812 Ποντικῆς
1451 3748 1591 3802 κατά
1641 3746 1824 3813 δεξιάν

247 3840 520 3910 κείμενον,
545 3837 697 3901 τέλος
722 3837 778 3891 δέ
810 3838 905 3891 καὶ
946 3838 1045 3901 τῆς
1083 3838 1370 3911 Ῥωμαίων
1398 3840 1575 3910 ἀρχῆς
1604 3837 1827 3910 γινόμε-

243 3946 357 3993 νον,
385 3928 701 4002 βαρϐάροις,
736 3928 1017 4001 καὶώμοῖς
1046 3929 1222 4002 ἔθνεσι
1253 3931 1542 3986 συνάπτον.

318 3995 468 4070 ΝΘ.
494 3995 580 4079 Ὠς
607 3995 709 4099 ουν⁶
728 4018 829 4089 ήδη
860 3995 958 4088 τῆς
993 3995 1301 4093 ὁδοιπορίας
1325 4021 1521 4092 εἴχετο,
1558 4022 1651 4075 καὶ
1692 4023 1828 4092 πρὸς

245 4107 347 4180 τὴν
398 4108 637 4179 ἐσχάτην
687 4109 897 4183 ταύτην
941 4110 1242 4183 ὑπερορίαν
1280 4114 1558 4184 ἠπείγετο,
1620 4115 1830 4187 μέλλων

246 4199 352 4270 ήδη
382 4198 481 4271 τὴν
518 4199 652 4271 πρὸς
678 4200 812 4255 Θεὸν
851 4204 1056 4273 μᾶλλον
1084 4204 1290 4259 ὁδεύειν
1323 4205 1572 4275 πορείαν,
1602 4205 1830 4259 καὶτῶν

251 4292 484 4364 μακρῶν
542 4293 751 4351 τούτων
786 4298 978 4368 στῆναι
1006 4298 1292 4369 καμάτων,
1329 4298 1541 4367 ὀλίγαις
1567 4299 1832 4371 πρότερον

247 4386 489 4458 ἡμέραις
542 4388 735 4452 νυκτὸς
786 4390 1086 4461 εὐχομένω,
1159 4391 1363 4462 Πέτρος
1415 4392 1443 4444 6
1500 4392 1676 4461 μέγας
1739 4392 1832 4446 καὶ

259 4482 540 4554 Ἰωάννης,
575 4482 669 4548 οὓς
703 4485 798 4538 καὶ
839 4487 960 4539 κατ’
997 4478 1168 4557 ἀρχὰς
1210 4480 1391 4540 ὦπται
1415 4486 1509 4540 τοῦ
1541 4487 1683 4540 κατὰ
1702 4486 1833 4539 Θεὸν

1912 2014 2060 2063 nem,
2090 2008 2146 2052 et
2174 2013 2272 2068 per
2313 1995 2429 2064 ipsa
2464 1997 2620 2052 laetus
2666 1998 3037 2068 resplendere,
3079 2000 3302 2069 perinde
3326 2009 3489 2072 atque

1912 2096 1969 2151 in
2027 2096 2150 2167 igne
2215 2095 2395 2151 lucem
2442 2094 2490 2149 ei
2524 2104 2853 2166 suggerente
2883 2096 3087 2164 majore
3118 2098 3379 2152 materia:
3411 2098 3490 2153 sic

1913 2189 2022 2253 ille,
2055 2188 2146 2257 qui
2188 2194 2305 2241 erat
2337 2202 2393 2240 re
2417 2200 2548 2240 vera
2580 2184 2839 2253 invictus,
2865 2195 2920 2240 et
2953 2202 3053 2241 nec
3079 2189 3146 2242 ab
3174 2188 3487 2253 amictione,

1915 2298 2098 2352 neque
2153 2282 2222 2336 ab
2246 2280 2354 2335 ulla
2389 2280 2493 2334 alia
2528 2280 2774 2335 molestia
2814 2291 3126 2352 superatus,
3153 2282 3233 2336 sic
3263 2280 3492 2337 alltctus

1916 2376 2179 2433 afferebat
2228 2374 2414 2446 potius
2474 2375 2782 2430 molestiam
2842 2376 3227 2449 syc0pliantis,
3264 2376 3493 2446 ejusque

1916 2472 2037 2527 laus
2066 2480 2122 2526 et
2149 2472 2290 2526 fama
2332 2470 2489 2526 valde
2540 2472 2773 2541 angebat
2815 2486 3005 2526 eorum
3059 2472 3290 2527 animos.
3320 2470 3495 2537 Quam

1918 2564 2251 2620 admirabilis
2282 2580 2370 2619 res
2412 2574 2496 2619 est
2548 2563 2741 2627 virtus,
2808 2564 3099 2635 magnique
3157 2566 3403 2621 facienda
3441 2576 3497 2623 et

1920 2660 2079 2714 beata
2105 2657 2398 2727 judicanda
2436 2657 2504 2711 ab
2529 2656 2595 2711 iis
2653 2656 2744 2727 qui
2777 2658 3032 2727 sapiunt!
3069 2658 3202 2712 Nam
3238 2660 3326 2715 ille
3370 2662 3496 2732 qui-

1920 2749 2042 2805 dem
2075 2756 2153 2803 tot
2180 2747 2336 2802 malis
2356 2747 2654 2817 appetitus,
2683 2747 2938 2802 manebat
2967 2747 3205 2803 invictus
3236 2758 3291 2805 et
3342 2753 3499 2806 inex-

1920 2840 2250 2913 pugnabilis,
2291 2848 2347 2895 et
2369 2855 2426 2894 re
2468 2854 2590 2909 quae
2639 2839 3015 2895 intentabatur
3047 2843 3291 2910 qualibet
3334 2858 3498 2915 supe-

1924 2936 2053 2991 rior.
2089 2935 2129 2989 li
2181 2943 2385 2997 autem,
2424 2932 2478 2987 in
2534 2948 2770 3003 quorum
2826 2943 3092 3004 potestate
3126 2947 3244 2991 erat
3273 2936 3388 2993 haec
3422 2938 3501 2993 fa-

1924 3044 2067 3091 cere,
2092 3035 2249 3083 erant
2275 3026 2463 3081 miseri
2490 3034 2545 3081 et
2577 3025 2777 3091 timidi,
2795 3034 2851 3082 et
2875 3042 2984 3097 quo
3010 3043 3120 3083 non
3144 3028 3502 3087 miseriores?

1927 3124 2256 3194 Panperem,
2290 3135 2564 3187 erronem,
2598 3120 2849 3176 exsulem
2879 3119 3260 3188 formidantes,
3291 3133 3346 3178 et
3373 3125 3502 3182 licet

1930 3223 2020 3269 tau
2033 3222 2085 3269 to
2121 3224 2267 3269 esset
2293 3211 2583 3268 intervallo
2618 3211 2946 3284 disjunetus,
2974 3212 3275 3269 efﬁcientes
3304 3224 3362 3270 ut
3382 3216 3503 3286 plu-

1925 3308 2078 3363 ribus
2105 3315 2477 3361 removeretur
2506 3304 2705 3359 finibus
2736 3322 2749 3357 :
2782 3314 2841 3360 ut
2871 3320 2973 3361 nec
3019 3307 3140 3376 ejus
3173 3307 3392 3377 quidem
3424 3309 3506 3364 fa-

1925 3415 2011 3455 ma
2050 3413 2117 3454 eo
2152 3398 2500 3469 perveniens,
2526 3396 2740 3451 invidos
2767 3413 2955 3453 eorum
2978 3399 3191 3455 animos
3215 3402 3502 3458 sauciaret'.

1925 3489 2065 3546 Hinc
2094 3489 2425 3562 Pityuntem,
2462 3505 2587 3546 cum
2617 3490 2698 3546 sic
2728 3490 2811 3545 eis
2842 3503 2988 3545 esset
3018 3493 3370 3563 imperatum,
3395 3504 3505 3551 tra-

1926 3581 2146 3638 ducitur
2170 3581 2238 3635 ab
2268 3580 2370 3642 eis,
2394 3580 2487 3649 qui
2518 3595 2643 3635 eum
2669 3582 3088 3646 custodiebant;
3130 3594 3217 3639 est
3242 3595 3424 3641 autem
3451 3588 3502 3643 id

1926 3673 2247 3744 oppidulum
2277 3672 2434 3735 valde
2484 3673 2783 3739 desertum,
2809 3672 2974 3728 situm
3021 3676 3239 3745 quidem
3269 3678 3336 3733 ad
3367 3678 3503 3733 dex-

1927 3775 2098 3822 teram
2125 3766 2179 3821 in
2227 3765 2338 3821 fine
2368 3767 2536 3820 maris
2564 3764 2813 3821 Pontici:
2842 3776 2927 3822 est
2951 3783 3080 3824 vero
3134 3769 3259 3826 finis
3302 3772 3504 3827 Roma-

1927 3873 2121 3912 norum
2145 3856 2381 3927 imperii,
2416 3857 2706 3928 contiguus
2762 3857 3012 3916 barbaris
3073 3870 3130 3918 et
3186 3864 3506 3921 crudelibus

1929 3952 2208 4023 gentibus.

2003 4043 2140 4102 LIX.
2170 4045 2307 4101 Cum
2332 4044 2462 4118 ergo
2479 4048 2593 4119 jam
2620 4059 2765 4106 esset
2788 4051 2845 4105 in
2878 4050 3075 4109 itinere
3100 4065 3153 4110 et
3184 4059 3265 4117 Μ,
3297 4069 3399 4112 noe
3425 4056 3507 4111 ul-

1932 4138 2121 4193 tintnm
2152 4139 2447 4197 duceretur
2469 4141 2743 4205 exsilium,
2762 4143 2871 4211 jam
2896 4146 2963 4199 ad
2988 4144 3153 4206 Deunt
3182 4148 3362 4224 [tutius
3385 4164 3511 4219 pro-

1931 4230 2146 4286 lecturo
2177 4239 2232 4286 et
2265 4242 2545 4288 cessatum
2566 4234 2635 4289 ab
2664 4236 2750 4291 his
2793 4238 3004 4308 magnis
3033 4238 3333 4305 laboribus,
3373 4256 3509 4311 pau-

1932 4323 2012 4379 eis
2041 4333 2170 4378 ante
2199 4324 2397 4379 diebus
2428 4335 2594 4382 noctu
2625 4319 2896 4396 pre'canti,
2930 4330 3122 4385 Petrus
3160 4331 3249 4386 ille
3283 4348 3513 4403 magnus

1933 4421 1991 4467 et
2017 4411 2280 4479 Joannes,
2300 4430 2439 4485 quos
2470 4418 2636 4473 etiam
2673 4420 2884 4482 viderat
2908 4424 2961 4479 in
2995 4424 3266 4494 principio
3295 4426 3416 4481 vitae
3439 4427 3508 4482 ex

1938 4505 2048 4560 Deo
2072 4506 2315 4576 agendas,
2359 4523 2551 4564 rursus
2576 4511 2626 4565 ei
2666 4524 2951 4583 apparent,
3010 4524 3065 4570 et
3106 4516 3358 4573 lubenter
3386 4535 3511 4575 eum

250 4574 394 4647 βίου,
422 4576 586 4629 πάλιν
611 4576 761 4646 αὑτῷ
791 4577 1074 4647 φαίνονται
1105 4578 1200 4631 καὶ
1225 4578 1395 4646 ἡδέως
1414 4578 1816 4649 προσφθέγγον-

1936 4595 2309 4665 alloquuntur,
2353 4609 2667 4655 recreantes
2694 4616 2724 4655 a
2762 4602 3060 4669 laboribus,
3112 4613 3168 4660 et
3224 4607 3508 4666 victoriam

248 4682 366 4731 ται,
392 4666 501 4721 τίιν
530 4670 708 4721 πόνων
740 4684 799 4720 τε
851 4666 1253 4739 ἀνακτώμενοι,
1282 4671 1373 4722 καὶ
1398 4670 1497 4740 τήν
1521 4669 1663 4723 κατά
1710 4669 1829 4722 δαι-

254 4759 437 4831 μόνων
495 4760 979 4832 εὐαγγελιζόμενοι
1017 4762 1195 4833 νίκην.
1231 4758 1363 4816 Εἶτα.
1389 4763 1640 4834 περὶτῆς
1670 4762 1832 4832 φίλης

251 4851 523 4921 ἐκδημίας
576 4851 725 4924 αὒτῷ
783 4853 1156 4924 προειπόντες,
1223 4855 1320 4908 καὶ
1369 4853 1478 4907 τῶν
1520 4854 1643 4907 ὅσον
1680 4852 1833 4908 οὔπω

255 4943 653 5015 διαδεξομένων
702 4946 864 4999 αὑτὸν
891 4946 990 5016 μὲν
1030 4946 1267 5015 ἀγαθῶν,
1306 4945 1563 5010 Εὑδοξίαν
1583 4945 1640 5000 δὲ
1669 4946 1831 5000 ἀϐου-

252 5037 435 5110 λήτων
489 5038 584 5092 καὶ
633 5034 914 5111 πονηρῶν,
950 5041 1117 5109 Φάγε,
1145 5040 1386 5109 λέγουσι,
1426 5040 1629 5111 βρῶσιν
1686 5040 1833 5111 αὐτῷ

250 5148 379 5186 τινα
405 5130 794 5199 ἐπιδείξαντες,
822 5133 887 5205 ήν
911 5134 1139 5203 φαγόντι
1166 5133 1292 5188 οὐδὲ
1318 5136 1504 5205 δεήσει
1534 5152 1638 5201 σοι,
1668 5150 1835 5204 προσ-

252 5228 435 5291 εῖπον,
495 5225 711 5295 ἐτέρας,
766 5225 870 5289 ἓως
927 5228 1021 5281 καὶ
1078 5228 1179 5299 τήν
1209 5227 1484 5300 ἄφθαρτον
1533 5229 1652 5299 μεθ’
1678 5227 1834 5299 ήμῶν

254 5317 534 5389 προσήσῃ.
583 5317 770 5373 Ταῦτα
820 5319 1061 5384 ἐκείνους
1090 5337 1149 5374 τε
1182 5322 1380 5387 εἰπεῖν,
1414 5322 1509 5376 καὶ
1549 5323 1711 5376 αὐτὸν
1744 5323 1837 5376 λα-

252 5407 420 5461 ϐόντα
472 5412 691 5479 φαγεῖν.
731 5411 843 5464 Καὶ
906 5411 1079 5476 οὕτως
1131 5414 1375 5478 ἐκείνους
1422 5415 1521 5484 μὲν
1578 5416 1837 5477 ἀπιόντας

252 5501 527 5572 οἴχεσθαι,
577 5503 741 5558 αὐτὸν
784 5505 841 5559 δὲ
873 5505 1186 5577 ἀρκούντως
1239 5508 1689 5579 παρακληθῆναι,
1746 5510 1836 5562 καὶ

258 5594 465 5667 φαιδρᾷ
512 5595 730 5669 γλώττῃ
766 5600 860 5652 καὶ
916 5600 1134 5673 ἀνθηρᾷ
1185 5602 1407 5674 Χριστῷ
1438 5603 1515 5673 τῷ
1546 5605 1688 5658 δόντι
1739 5604 1836 5676 τὴν

258 5688 607 5760 παράκλησιν
653 5691 1161 5762 ἀνθομολογεῖσθαι.
1201 5695 1365 5749 Ἀλλὰ
1389 5698 1472 5760 τίς
1497 5700 1525 5751 6
1555 5696 1727 5751 ταῦτα
1753 5701 1832 5762 είς

259 5779 376 5847 φῶς
400 5780 669 5851 ὲνεγκώνς
701 5785 879 5857 ἔροιτο
908 5786 973 5841 ἄν
1006 5787 1210 5850 τιςτῶν
1238 5788 1524 5857 ὀξυτέρων·
1542 5790 1697 5861 δῆλον
1732 5794 1837 5862 γὰρ

260 5864 335 5930 ὥς
396 5872 496 5927 οὐκ
546 5874 611 5932 ιν
662 5878 893 5943 ἐκεῖνος.
942 5876 1208 5952 κρύπτειν
1256 5881 1456 5951 σφόδρα
1509 5884 1574 5937 τὰ
1642 5883 1834 5938 sura}

1936 4690 2200 4745 adversus
2223 4690 2499 4746 daemones
2525 4693 2850 4751 suavissime
2877 4699 3286 4756 annuntiantes.
3305 4701 3513 4761 Deinde

1937 4800 2062 4840 cum
2093 4786 2141 4841 ei
2165 4795 2379 4858 gratum
2425 4802 2709 4843 excessum
2739 4790 3140 4860 praedixissent,
3170 4806 3225 4852 et
3244 4814 3362 4869 quae
3386 4814 3514 4857 eum

1937 4878 2156 4949 quidem
2189 4878 2330 4933 bona
2365 4895 2485 4935 mox
2534 4889 2721 4936 essent
2764 4894 3084 4954 exceptura,
3141 4890 3283 4945 mala
3330 4901 3514 4949 autem

1938 4969 2238 5026 Eudoxiam
2294 4970 2410 5040 ejus
2462 4973 2927 5041 persecutricem,
2979 4975 3239 5044 Comcde,
3304 4982 3515 5054 dicunt,

1938 5065 2226 5134 quemdam
2247 5064 2297 5118 ei
2319 5062 2497 5119 cibum
2522 5066 2874 5123 ostendentes
2900 5086 2914 5124 :
2943 5084 3102 5138 quem
3120 5087 3241 5127 cum
3264 5078 3514 5133 comede-

1939 5156 2035 5219 ris,
2066 5172 2176 5211 non
2204 5156 2307 5212 erit
2341 5156 2436 5212 tibi
2466 5171 2605 5228 opus
2632 5158 2762 5227 alio,
2813 5160 2991 5217 donec
3032 5178 3157 5220 eum
3189 5180 3373 5223 sumes
3418 5184 3519 5223 no-

1939 5246 2182 5313 hiscum,
2211 5250 2268 5302 in
2288 5263 2451 5318 quem
2484 5260 2592 5304 non
2627 5250 2788 5307 cadet
2841 5252 3117 5308 interitus.
3150 5254 3276 5312 llrec
3332 5267 3389 5313 et
3443 5259 3518 5314 illi

1938 5337 2213 5401 dixerunt.
2248 5348 2302 5395 et
2331 5340 2443 5411 ipse
2465 5356 2688 5398 sumens
2718 5345 2974 5410 comedit,
3012 5356 3067 5401 et
3095 5347 3176 5401 sic
3201 5347 3273 5401 illi
3296 5351 3517 5418 quidem

1940 5440 2288 5486 recesserunt
2319 5451 2332 5488 :
2371 5433 2487 5503 ipse
2512 5444 2693 5490 autem
2714 5436 2847 5491 satis
2872 5447 3173 5504 recreatus,
3192 5440 3372 5511 lingua
3398 5442 3521 5499 laeta

1940 5530 1996 5577 et
2023 5521 2234 5586 ﬂorida,
2272 5523 2512 5593 Clu-isto,
2543 5525 2637 5596 qui
2667 5541 2794 5582 eum
2841 5539 2948 5583 tam
2987 5529 3213 5599 pulchra
3261 5532 3523 5601 impertiit

1942 5615 2333 5681 consolatione,
2368 5617 2476 5687 egit
2502 5618 2724 5687 gratias.
2762 5618 2868 5675 Sed
2904 5620 3027 5690 quis
3053 5630 3159 5686 est,
3193 5623 3287 5691 qui
3327 5623 3444 5679 haec
3464 5623 3521 5682 in

1942 5706 2115 5761 lucem
2148 5707 2394 5777 protulit,
2428 5708 2625 5764 dixerit
2672 5710 2941 5781 quispiam
2998 5711 3226 5768 acrioris
3274 5714 3524 5787 ingenii?

1942 5799 2159 5855 Clarqu
2192 5812 2272 5856 est
2296 5802 2440 5857 enim
2476 5804 2620 5872 Quod
2651 5819 2761 5859 non
2812 5803 2921 5869 ille,
2960 5806 3051 5875 qui
3084 5820 3172 5863 res
3207 5822 3332 5864 suas
3365 5811 3517 5867 valde

1944 5893 2124 5947 celare
2161 5895 2389 5949 scit-bat.
2421 5894 2475 5948 in
2510 5908 2761 5967 promptu
2796 5908 2903 5965 est,
2936 5892 3080 5971 Quod
3106 5904 3520 5973 respondeatur
