3834 6468
380 414 514 478 1207

1613 407 1897 471 MENSIS
1942 408 2400 497 JANUARIUS.

3485 403 3624 473 1208

376 526 495 582 Duo
524 526 670 582 enim
695 526 994 600 presbyteri
1023 537 1078 582 et
1103 525 1321 598 quidam
1344 540 1408 581 ex
1434 524 1695 590 diaconis,
1723 521 1939 593 quima—

2048 524 2437 594 ἐπιστάμενος.
2491 521 2746 594 Ἕτοιμος
2791 521 2820 575 ό
2885 520 3044 590 λόγος
3095 522 3291 578 εἰπεῖν.
3340 522 3465 577 Τῶν
3514 525 3624 595 γάρ

375 634 482 691 gno
510 618 651 689 capti
684 618 805 689 ejus
832 618 1123 684 desiderio,
1154 618 1431 689 elegerant
1460 632 1682 688 peregre
1705 630 1830 671 cum
1877 627 1944 668 eo

376 708 673 780 proﬁcisci,
706 709 1062 783 laborumque
1107 719 1162 765 et
1201 709 1448 765 dolorum
1483 708 1601 778 ejus
1643 722 1766 761 esse
1818 719 1944 775 per-

375 810 542 871 petuo
568 801 887 872 participes,
920 801 1204 873 oculisque
1237 809 1292 855 et
1342 801 1569 855 auribus
1604 801 1720 854 hinc
1765 797 1945 855 divina

374 902 719 966 acceperant,
750 904 803 950 et
825 895 944 951 haec
965 896 1086 951 aliis
1123 895 1378 951 similiter
1419 895 1774 949 tradiderunt.
1806 892 1944 947 Cum

375 995 556 1041 autem
579 993 852 1057 quatenus
875 988 986 1057 jam
1026 987 1149 1042 linis
1196 986 1693 1058 appropinquabat,
1725 993 1946 1055 oporte-

374 1088 460 1135 ret
485 1089 661 1150 empta
698 1080 867 1152 magis
888 1079 1060 1135 attolli
1095 1081 1489 1135 convenienter
1533 1079 1699 1134 animi
1750 1077 1946 1132 alacri-

376 1170 470 1226 tati
500 1171 739 1238 athletre,
764 1189 888 1228 cum
924 1173 1226 1229 duceretur
1257 1174 1309 1229 in
1340 1173 1614 1238 exsilium,
1663 1173 1696 1226 ii
1749 1172 1947 1242 quibus

375 1265 702 1319 commissus
734 1264 935 1334 fuerat,
964 1282 1089 1322 eum
1119 1276 1226 1322 tam
1246 1266 1420 1337 longis
1441 1275 1497 1321 et
1516 1277 1624 1320 tam
1650 1264 1947 1319 vehemen-

377 1355 522 1409 tibus
581 1357 854 1413 vexabant
912 1360 1395 1424 ambulationibus,
1454 1368 1515 1414 ut
1565 1359 1769 1415 vellent
1819 1373 1946 1413 eum

374 1448 536 1503 morti
565 1450 799 1516 tradere,
818 1452 989 1507 nimia
1014 1453 1293 1509 celeritate
1321 1453 1523 1507 victum
1545 1462 1601 1507 et
1635 1452 1944 1507 amictione.

374 1537 561 1612 Itaque
594 1557 720 1597 cum
753 1551 810 1599 et
864 1544 1067 1600 imbres
1116 1546 1432 1601 deciderent
1481 1545 1853 1607 vehementes,
1894 1556 1963 1624 et.

374 1634 457 1689 sol
479 1645 662 1691 ureret
683 1637 1088 1704 ardentissime,
1124 1640 1330 1695 tundet
1369 1640 1633 1709 prolixior
1686 1652 1803 1695 erat
1830 1641 1949 1710 ejus

370 1725 649 1793 deductio,
671 1738 727 1783 et
748 1728 816 1784 ab
836 1745 903 1785 eo
937 1732 1314 1801 postulabatur
1342 1741 1402 1787 ut
1435 1734 1651 1788 intense
1705 1732 1949 1804 ingrede-

373 1827 545 1876 retur.
576 1819 677 1876 Ubi
712 1831 895 1878 autem
923 1824 1116 1880 civitas
1144 1833 1239 1879 aut
1263 1825 1415 1881 locus
1444 1825 1661 1896 aliquis,
1693 1835 1787 1880 aut
1824 1842 1949 1880 ror-

373 1912 520 1983 poris
555 1912 753 1971 defessi
813 1918 1100 1982 recreatio,
1133 1925 1228 1972 aut
1285 1918 1482 1973 lavacri
1541 1919 1817 1984 solatium,
1852 1926 1947 1974 aut

371 2003 549 2072 aliqua
580 2004 684 2059 alia
720 2004 902 2061 brevis
928 2007 1173 2062 laborum
1207 2008 1482 2075 remissio,
1513 2024 1584 2063 ne
1610 2025 1803 2079 parum
1822 2010 1946 2080 qui-

371 2095 494 2150 dem
522 2111 647 2151 eum
676 2098 930 2153 volebant
954 2099 1063 2154 illic
1090 2115 1332 2165 manere,
1378 2115 1501 2155 cum
1524 2100 1605 2157 sic
1628 2101 1708 2157 eis
1756 2101 1946 2158 fuisset

372 2188 699 2257 imperatum
728 2206 745 2256 ;
772 2204 985 2245 merces
1010 2191 1157 2245 enim
1195 2191 1534 2248 crudelitatis
1564 2192 1644 2247 eis
1678 2193 1943 2263 promissa

369 2279 567 2345 fuerat,
595 2281 864 2351 majorum
899 2283 1168 2339 honorum
1200 2285 1537 2342 consecutio.
1570 2285 1676 2341 Sed
1698 2301 1821 2340 cum
1854 2287 1943 2342 ille

372 2371 515 2427 hanc
544 2372 688 2428 viam
744 2372 1020 2429 difﬁcilem
1094 2384 1381 2445 perageret
1428 2375 1680 2445 jejunus,
1735 2377 1944 2431 vultum

372 2465 563 2520 habuit
583 2467 740 2539 longe
773 2467 1039 2522 laetiorem
1074 2468 1161 2533 iis,
1194 2467 1285 2538 qui
1318 2468 1538 2524 assidue
1565 2478 1759 2524 vacant
1809 2470 1945 2525 deli-

368 2558 471 2614 ciis
497 2568 554 2614 et
582 2559 1091 2631 compotationibus.

438 2736 554 2792 LX.
582 2737 759 2808 Atque.
790 2737 1097 2811 Pityuntem
1125 2741 1343 2812 quidem
1375 2742 1658 2797 deﬁnitum
1688 2743 1737 2797 ei
1760 2743 1942 2798 locum

379 2829 584 2896 exsilii,
618 2839 680 2885 ut
708 2829 757 2885 ei
781 2828 1119 2901 Epiphanius
1164 2834 1512 2902 praedixerat,
1534 2850 1645 2888 non
1675 2822 1941 2905 pervenit.

368 2921 477 2977 Sed
501 2937 626 2977 cum
655 2934 802 2978 esset
840 2938 1012 2993 prope
1040 2922 1336 2988 Comanos,
1368 2933 1423 2980 et
1451 2927 1709 2981 diversati
1759 2935 1945 2982 essent

368 3013 425 3067 in
483 3014 745 3086 martyrio
784 3013 1050 3079 Basilisei,
1085 3032 1248 3085 quem
1305 3017 1461 3072 aiunt
1502 3018 1722 3088 quidem
1778 3018 1944 3074 fuisse

371 3110 687 3179 episcopum
723 3125 739 3163 :
770 3120 1015 3178 tempore
1036 3118 1218 3163 autem
1252 3109 1562 3165 Maximiani
1611 3111 1666 3166 in
1722 3110 1940 3166 civitate

2048 616 2437 687 πρεσσυτὲρων
2458 615 2572 682 δύο,
2607 615 2699 669 καί
2728 632 2813 680 τις
2846 614 2954 668 τῶν
2970 614 3253 680 διακόνων,
3282 615 3332 670 οἶ
3359 616 3454 669 καὶ
3471 615 3624 684 πόθῳ

2050 712 2459 781 προστακέντες
2489 709 2639 781 αὑτῷ
2659 711 2752 763 καὶ
2785 710 3147 780 συνεκδημεῖν
3178 711 3410 776 εἴλοντο,
3443 710 3626 782 καμά-

2047 821 2157 858 των
2188 823 2247 858 τε
2279 806 2370 857 καὶ
2397 805 2576 859 πόνων
2608 803 2707 856 καὶ¹
2732 802 2843 856 τῶν
2872 802 3047 857 ἄλλων
3113 802 3343 871 θλίψεων
3366 803 3449 866 είς
3471 803 3627 866 τέλος

2048 898 2199 969 αὑτῷ
2264 899 2563 961 κοινωνεῖν,
2608 889 2755 949 οὗτοι
2817 894 2911 948 καὶ
2958 894 3226 966 παρόντες
3275 896 3371 949 καὶ
3429 894 3626 964 ὄψεσιν

2053 993 2213 1055 ἰδίαις
2248 992 2342 1044 καὶ
2370 992 2560 1052 ἀκοαῖς
2585 988 2741 1043 ταυτὶ
2764 986 2833 1039 τά
2860 988 2979 1040 θεῖα
3046 986 3481 1057 παραλαϐόντες,
3528 990 3628 1042 καὶ

2046 1088 2159 1149 τοῖς
2205 1084 2383 1148 ἀλλοις
2425 1086 2626 1154 ὁμοίως
2682 1083 3148 1154 παραδεδώκασιν.
3206 1084 3360 1137 Ἐπεὶ
3397 1077 3452 1137 δέ
3499 1083 3629 1136 ὅσον

2056 1178 2156 1247 ἤδη
2184 1178 2277 1230 τοῦ
2320 1177 2515 1239 τέλους
2566 1178 2795 1246 ἥπτετο.
2832 1176 3017 1246 μεῖζον
3049 1174 3162 1247 [γρ.
3195 1174 3443 1251 μείζονα]
3473 1175 3630 1246 αἴρε-

2052 1270 2175 1323 σθαι
2206 1270 2301 1323 καὶ
2320 1270 2388 1323 τά
2424 1268 2727 1337 σκάμματα
2754 1268 2883 1333 ἔδει,
2914 1269 3013 1338 τὴν
3040 1268 3137 1337 τῆς
3169 1268 3469 1337 ὑπερορίας
3499 1269 3630 1336 ἀγό-

2058 1382 2241 1435 μενον.
2297 1363 2483 1427 Οῦτως
2514 1364 2677 1419 αὑτὸν
2701 1363 2749 1415 οἱ
2804 1361 3193 1423 πιστευθέντες
3229 1364 3351 1423 ταῖς
3390 1363 3628 1430 μακραῖς

2049 1460 2188 1528 ἄγαν
2214 1459 2309 1511 καὶ
2337 1454 2914 1522 κατεσπουδασμέναις
2940 1453 3269 1525 ὁδοιπορίαις
3288 1453 3625 1515 κατέτεινον,

2049 1551 2124 1613 ὡς
2162 1548 2379 1616 θανάτῳ
2427 1545 2711 1616 βούλεσθαι
2747 1541 3106 1614 παραδοῦναι.
3128 1541 3204 1608 τῷ
3229 1539 3446 1613 σφοδρῷ
3467 1539 3626 1608 τάχει

2051 1642 2144 1695 καὶ
2168 1643 2233 1711 τῇ
2274 1635 2615 1708 κακοπαθείᾳ
2670 1633 3051 1704 νεκικημένον.
3099 1632 3284 1703 Ταύτῃ
3332 1632 3429 1685 καὶ
3466 1630 3626 1684 ὑετοῦ

2051 1734 2264 1805 λάϐρως
2292 1730 2735 1799 ὲπιγκλὺζοντος,
2770 1729 2865 1780 καὶ
2898 1726 3051 1797 ήλίου
3080 1725 3241 1779 πάλιν
3265 1723 3628 1794 ἀκμαιότερον

2053 1825 2412 1887 διακαίοντος,
2456 1821 2578 1875 τότε
2620 1819 2821 1889 μᾶλλον
2855 1819 2951 1871 καὶ
2980 1819 3014 1888 ἠ
3047 1816 3341 1878 κατάλυσις
3369 1813 3626 1884 παρετεί-

2054 1936 2193 1982 νετο,
2225 1918 2318 1972 καὶ
2354 1919 2386 1987 ή
2415 1914 2607 1986 πορεία
2633 1912 2743 1986 [ἵσ.
2778 1915 2875 1981 τῆς
2912 1908 3159 1982 πορείας]
3193 1909 3381 1979 φέρειν
3406 1907 3466 1961 τὸ
3500 1907 3626 1961 σὺν·

2048 2028 2198 2065 τονον
2226 2009 2504 2079 ἀπῃτεῖτο.
2537 2006 2713 2059 Ὅπου
2752 2003 2809 2056 δὲ
2848 2001 3053 2071 πόλιςῆ
3087 2001 3286 2072 χωρίον
3314 1995 3405 2070 ἦν,
3433 1997 3622 2068 σώμα-

2047 2104 2136 2167 τός
2159 2120 2219 2156 τε
2247 2100 2593 2171 παράκλησις
2649 2094 3015 2165 κεκμηκότος,
3044 2092 3078 2164 ἢ
3104 2091 3331 2162 λουτροῦ
3364 2088 3623 2161 παραμύ-

2046 2196 2181 2257 θιον,
2216 2194 2249 2263 ἢ
2285 2190 2515 2264 βραχεῖά
2543 2206 2625 2253 τις
2681 2187 2814 2257 ἀλλη
2860 2185 2969 2239 τῶν
3023 2184 3204 2237 πόνων
3266 2184 3471 2247 ἄνεσις,
3503 2181 3620 2236 οὑδὲ

2049 2287 2245 2361 μικρὸν
2276 2283 2605 2357 προσμένειν
2636 2279 2847 2351 ἠξίουν,
2893 2276 3037 2331 οὕτω
3069 2275 3579 2346 διακεκε).ευσμένοι
3603 2289 3618 2304 °

2046 2382 2170 2435 ἐπεὶ
2209 2380 2305 2434 καὶ
2341 2377 2531 2449 μισθὸς
2561 2377 2745 2438 αὐτοῖς
2770 2377 2866 2447 τῆς
2906 2375 3191 2448 ὠμότητος
3221 2371 3617 2444 διωμολογήθη,

2044 2472 2220 2543 τιμῶν
2244 2469 2507 2542 μειζόνων
2538 2466 2862 2537 ἐπαγγελία.
2882 2466 2993 2539 Τὴν
3012 2462 3106 2519 οὖν
3141 2462 3383 2536 χαλεπὴν
3418 2460 3617 2531 ταύτην

2044 2565 2227 2627 ἄσιτος
2285 2561 2539 2630 διανὺων,
2591 2560 2724 2614 πολὺ
2753 2560 2853 2633 τὴν
2898 2559 3022 2629 ὄψιν
3075 2555 3189 2626 εἶχε
3224 2553 3617 2627 χαλεπωτέραν

2007 2709 2019 2739 ι
2044 2659 2155 2713 τῶν
2186 2659 2365 2730 τρυφῇ
2392 2656 2487 2710 καὶ
2517 2655 2703 2719 πότοις
2727 2655 2986 2708 ἑκάστοτε
3019 2653 3458 2724 προσκειμένων.

2114 2750 2189 2806 Ξ’.
2227 2748 2529 2805 Πιτυοῦντα
2586 2749 2684 2820 μὲν
2717 2742 2810 2801 οὖν
2847 2746 2938 2800 τὸν
2997 2744 3306 2816 ὡρισμένον
3344 2740 3493 2812 αὑτῷ
3518 2741 3617 2811 τῆς

2045 2845 2344 2917 ὑπερορίας
2399 2844 2567 2898 τόπον
2603 2884 2618 2906 ,
2661 2841 2738 2905 ὠς
2802 2839 3121 2908 Ἑπιφανίου
3173 2838 3504 2910 πρόρρησις,
3557 2833 3617 2887 οὑ

2046 2938 2364 2994 κατέλαϐεν.
2426 2936 2565 2991 Ἀλλ’
2596 2935 2717 2990 ἐπεὶ
2767 2935 3035 3005 Κομάνων
3064 2931 3251 3001 ἔγγὺς,
3279 2932 3337 2985 ἐν
3375 2929 3454 3001 τῷ
3481 2945 3617 2998 μαρ-

2042 3036 2231 3103 τυρίου
2262 3030 2587 3086 Βασιλίσκου
2611 3025 2968 3097 κατήχθησαν
3005 3024 3328 3097 (ἐπίσκοπον
3362 3021 3419 3075 δὲ
3459 3019 3617 3073 αὑτόν

2046 3142 2180 3193 φασι
2229 3123 2327 3194 μὲν
2342 3118 2615 3189 γενέσθαι,
2680 3115 2823 3171 κατὰ
2854 3116 2910 3170 δὲ
2937 3115 3065 3179 τοὺς
3100 3113 3451 3185 Μαξιμιανοῦ
3488 3112 3616 3183 χρόα

366 3199 695 3254 Nicomedite
730 3200 963 3255 subiisse
994 3209 1268 3257 certamen
1293 3203 1529 3274 martyrii
1559 3212 1612 3259 et
1636 3204 1847 3266 vicisse,
1884 3209 1938 3257 et

2046 3235 2168 3281 νους
2198 3218 2256 3269 ὲν
2286 3217 2354 3286 τῇ
2380 3211 2730 3283 Νικομήδους
2786 3209 2879 3263 τὸν
2936 3210 3036 3279 τῆς
3083 3205 3391 3279 μαρτυρίας
3446 3199 3611 3259 ἆθλον

365 3302 567 3343 corona
599 3286 767 3343 fuisse
821 3288 1149 3356 redimitum,
1197 3291 1246 3345 ei
1292 3306 1562 3363 apparens
1622 3294 1677 3347 in
1732 3292 1940 3348 somnis

367 3380 698 3459 I3asiliscus:
733 3380 884 3437 Bono
930 3382 1113 3439 animo
1158 3391 1299 3449 esto,
1353 3385 1553 3455 inquit,
1587 3401 1620 3441 ο
1666 3385 1854 3453 frater,
1882 3394 1940 3443 et

367 3476 575 3541 laetare,
616 3474 806 3530 ambos
834 3475 981 3531 enim
1005 3477 1298 3549 conjunget
1320 3477 1439 3533 dies
1471 3478 1763 3535 crastinus.
1799 3476 1940 3532 Diei-

366 3573 455 3620 tur
480 3574 659 3620 autem
676 3565 877 3620 mdituo
896 3580 1112 3636 quoque
1126 3567 1364 3637 martyrii
1382 3567 1472 3623 die
1491 3565 1817 3636 pracedenti
1842 3581 1937 3635 ap-

366 3659 630 3726 paruisse,
653 3666 708 3713 et
728 3657 964 3715 dixisse:
996 3657 1132 3713 Para
1163 3659 1340 3714 locum
1367 3656 1515 3712 fratri
1537 3657 1755 3719 Joanni,
1790 3658 1938 3713 venit

364 3750 534 3804 enim.
565 3748 700 3804 Cum
727 3759 907 3805 autem
939 3750 1284 3821 simulatque
1317 3749 1610 3815 illuxisset,
1638 3750 1779 3805 viam
1813 3766 1937 3805 rur-

364 3858 461 3899 sus
477 3851 664 3898 essent
693 3843 1009 3916 ingressuri,
1045 3844 1188 3900 diem
1217 3842 1400 3899 sciens
1427 3859 1656 3915 magnus
1695 3842 1937 3897 Joannes

365 3944 621 4005 tanquam
654 3949 721 3988 ex
768 3949 1058 4004 responso,
1104 3937 1328 4008 r0gabat
1376 3951 1475 3990 eos
1546 3935 1639 4005 qui
1696 3934 1937 3991 abduce-

362 4027 515 4092 bant,
546 4034 608 4082 ut
653 4026 902 4082 sinerent
939 4042 1065 4083 eum
1111 4044 1334 4084 manere
1380 4028 1434 4082 in
1475 4028 1616 4084 loco.
1661 4026 1797 4083 Cum
1838 4018 1934 4083 'illi

361 4128 548 4176 autem
577 4134 689 4174 non
745 4120 1170 4185 concessissent,
1222 4122 1316 4177 sed
1359 4122 1532 4176 instar
1567 4121 1805 4177 volucris
1837 4122 1936 4176 tri-

360 4209 509 4281 ginta
566 4208 743 4264 stadia
799 4209 1208 4273 confecissent,
1248 4210 1384 4280 ipse,
1438 4210 1599 4280 cujus
1655 4210 1935 4266 voluntate

359 4306 540 4359 omnia
589 4302 1058 4367 administrantur,
1103 4300 1220 4373 ipse
1255 4305 1309 4375 (ο
1332 4304 1712 4375 miraculum!)
1753 4304 1937 4362 eﬂ‘ecit

361 4405 419 4450 ut
447 4411 688 4451 errorem
713 4396 1034 4455 subeuntes,
1054 4396 1293 4451 redirent
1314 4397 1367 4452 in
1405 4397 1555 4453 illum
1583 4398 1783 4463 locum,
1808 4415 1934 4455 eos-

356 4508 463 4561 que
494 4506 682 4547 rursus
714 4491 951 4548 habebat
978 4492 1125 4547 aedes
1162 4493 1414 4565 martyris
1474 4493 1741 4550 Basilisci.
1792 4494 1930 4550 Cum

356 4594 538 4640 autem
566 4594 621 4641 et
650 4594 864 4655 tempus
893 4595 1135 4655 voraret,
1166 4595 1221 4641 et
1260 4586 1372 4657 jam
1405 4587 1623 4643 adesset
1652 4588 1785 4643 hora
1811 4588 1933 4659 ejus
1960 4579 2013 4639 D

355 4676 425 4732 ad
455 4675 621 4733 Deum
642 4677 1005 4749 migrationis,
1037 4688 1094 4733 et
1139 4680 1355 4751 egregia
1402 4680 1491 4734 illa
1546 4680 1729 4752 lingua
1788 4690 1935 4737 esset

355 4770 608 4837 tacitura,
640 4780 697 4827 et
735 4770 1023 4827 claudendi
1057 4781 1245 4827 essent
1272 4771 1414 4827 oculi
1444 4771 1623 4827 nuntii
1667 4787 1817 4841 purae
1871 4773 1937 4827 il-

355 4864 461 4921 lius
493 4865 714 4945 anima.
760 4875 816 4920 et
850 4866 1082 4937 insignis
1118 4865 1494 4936 temperantia:
1547 4881 1762 4921 summa
1812 4867 1935 4938 pul-

355 4959 690 5023 chritudine,
716 4975 938 5014 onmem
987 4959 1209 5029 quidem
1244 4975 1408 5029 quam
1442 4975 1626 5015 secum
1681 4961 1935 5017 attulerat

354 5052 809 5122 suppellectilem,
834 5052 1019 5107 divisit
1047 5053 1112 5107 iis
1144 5053 1235 5123 qui
1264 5054 1511 5108 aderant.
1538 5053 1741 5110 Deinde
1769 5055 1930 5111 etiam

354 5164 480 5203 cum
521 5147 766 5205 exuisset
792 5161 881 5213 ea,
908 5147 1108 5216 quibus
1155 5157 1271 5201 erat
1324 5148 1565 5212 indutus,
1612 5164 1674 5204 ea
1718 5165 1932 5220 quoque

354 5237 527 5292 donat
554 5255 568 5291 :
597 5246 654 5292 et
684 5250 811 5292 cum
842 5253 902 5293 se
931 5239 999 5293 ad
1023 5239 1235 5294 calceos
1269 5254 1441 5309 usque
1487 5239 1666 5296 laetius
1713 5250 1768 5296 et
1819 5242 1931 5295 ala-

354 5329 503 5385 crius
533 5329 957 5399 composuisset,
991 5339 1049 5385 nt
1078 5333 1243 5385 etiam
1277 5331 1364 5396 iis,
1410 5347 1532 5402 qua:
1573 5332 1929 5403 apparebant,

351 5424 545 5481 liceret
575 5440 698 5481 cum
734 5424 822 5489 iis,
873 5440 994 5496 qua:
1033 5434 1190 5480 erant
1237 5426 1404 5490 intus,
1463 5426 1742 5482 celebrare
1785 5427 1928 5481 diem

355 5517 555 5575 festum
582 5521 705 5591 ejus
744 5533 1004 5575 excessus
1032 5521 1466 5591 etmigrationis,
1496 5530 1550 5576 et
1580 5536 1702 5575 cum
1734 5521 1813 5575 sic
1837 5536 1930 5576 or-

352 5623 515 5669 natus
538 5614 721 5670 divina
750 5614 1077 5685 sumpsisset
1138 5624 1496 5678 sacramenta,
1525 5621 1580 5669 et
1610 5623 1927 5671 consuetam

352 5703 705 5763 uitiatusesset
723 5709 1089 5778 precationem
1112 5707 1321 5764 :Gloria
1346 5708 1462 5775 tibi,
1490 5708 1734 5773 Domine,
1762 5722 1929 5778 prop-

351 5806 437 5850 ter
461 5798 681 5864 omnia;
715 5799 849 5868 quin
891 5801 1052 5855 etiam
1105 5817 1164 5857 se
1214 5800 1482 5872 signasset
1536 5800 1690 5871 signo
1727 5798 1926 5865 crucis,

357 5905 479 5948 cuzn
520 5910 626 5962 qua
654 5896 881 5965 vixerat,
934 5905 988 5953 et
1016 5899 1183 5969 pedes
1245 5898 1547 5961 extulisset,
1606 5894 1793 5966 pedes,
1846 5894 1933 5948 in-

2049 3307 2302 3366 ὑπελθεῖν
2325 3307 2420 3362 καὶ
2437 3306 2655 3375 νικῆσαι
2678 3305 2769 3359 καὶ
2794 3303 2886 3356 τὸν
2916 3303 3176 3371 στέφανον
3201 3297 3627 3370 ἀναδήσασθαι),

2045 3402 2180 3470 ὄναρ
2237 3398 2387 3468 αὑτῷ
2419 3399 2680 3466 φανέντα,
2729 3396 2957 3466 Θάρσει.
3009 3394 3227 3463 ἀδελφὲ,
3279 3393 3468 3461 φάναι,
3526 3392 3624 3444 καὶ

2044 3495 2204 3566 χαῖρε
2226 3505 2240 3521 ⁸
2276 3490 2502 3562 συνάψει
2530 3490 2638 3563 γὰρ
2672 3486 3017 3560 ἀμφοτέρους
3049 3489 3083 3559 ἡ
3116 3486 3363 3540 ἐπιοῦσα.
3391 3483 3625 3553 Λέγεται

2043 3586 2219 3641 δὲκαὶ
2264 3586 2342 3657 τῷ
2365 3585 2620 3655 νεωκόρῳ
2659 3587 2755 3639 τοῦ
2819 3584 3119 3656 μαρτυρίου
3171 3584 3238 3655 τῇ
3283 3580 3391 3653 πρὸ
3445 3581 3620 3649 αὑτῆς

2046 3678 2366 3740 ἐπιστάντα,
2405 3676 2726 3747 Ἑτοίμασον
2772 3676 2936 3729 τόπον
2993 3673 3240 3748 Ἰωάννῃ.
3306 3671 3491 3741 φάναι,
3544 3669 3627 3740 τῷ

2044 3770 2260 3842 ἀδελφῷ
2288 3769 2506 3842 ἔρχεται
2546 3768 2657 3840 γάρ
2680 3785 2694 3799 ·
2748 3768 2865 3839 ἅμα
2892 3767 2948 3822 δὲ
2995 3770 3138 3838 φωτὶ
3172 3764 3477 3837 μελλόντων
3496 3763 3622 3819 ὁδοῦ

2044 3864 2206 3919 πάλιν
2264 3862 2552 3929 ἅπτεσθαι,
2595 3860 2694 3934 τὴν
2724 3861 2936 3932 ἡμέραν
2990 3860 3067 3922 ὡς
3115 3860 3179 3912 ἐκ
3237 3855 3491 3929 χρησμοῦ
3531 3874 3625 3926 γι-

2045 3956 2269 4011 νώσκων
2305 3958 2334 4009 ό
2376 3956 2573 4027 μέγας,
2620 3955 2792 4007 ἐδεῖτο
2815 3952 2923 4007 τῶν
2952 3952 3272 4021 ἀπαγόντων
3300 3951 3464 4005 ἐᾶσαι
3490 3948 3625 4019 γοῦν

2046 4051 2369 4120 προσμεῖναι
2404 4048 2482 4117 τῷ
2507 4048 2680 4119 τόπῳ.
2712 4047 2833 4100 Τῶν
2880 4044 2938 4099 δὲ
2970 4045 3045 4116 μὴ
3097 4042 3453 4106 πεισθέντων,
3486 4040 3624 4095 ἀλλά

2045 4140 2247 4211 πτηνοῦ
2268 4141 2421 4211 τάχει
2447 4140 2745 4212 τριάκοντα
2772 4137 3021 4202 σταδίους
3047 4135 3398 4208 διηνυκότων.
3419 4133 3614 4197 αὑτὸς,

2043 4228 2104 4287 οὑ
2138 4232 2315 4287 πάντα
2367 4231 2713 4304 μετατίθεται
2755 4229 2834 4303 τῷ
2869 4228 3191 4301 βουλήματι,
3249 4227 3434 4294 αὑτδς,
3458 4226 3504 4279 ὣ
3525 4224 3623 4279 τοῦ

2044 4326 2355 4395 θαὺματοςί
2415 4326 2495 4387 είς
2536 4325 2743 4378 ἐκεῖνον
2802 4321 2960 4387 αὖθις
2990 4319 3283 4387 ἀναζεῦξαι
3317 4319 3408 4373 τὸν
3431 4318 3622 4383 τόπον,

2043 4420 2251 4490 πλάνην
2285 4418 2624 4482 ὑποστάντας
2649 4413 3080 4490 παρασκευάζει,
3106 4414 3200 4468 καὶ
3231 4412 3395 4467 πάλιν
3419 4411 3622 4475 αὑτοὺς

2041 4517 2069 4567 ὁ
2100 4513 2192 4567 τοῦ
2262 4512 2539 4584 μάρτυρος
2602 4509 2930 4565 Βασιλίσκου
2990 4502 3102 4579 εἷχε
3154 4506 3343 4575 σηκός.
3385 4504 3538 4557 Ἐπεὶ
3564 4503 3625 4556 δὲ

2044 4606 2139 4657 καὶ
2171 4604 2199 4657 ὁ
2230 4603 2421 4672 καιρὸς
2450 4600 2661 4664 ἐκάλει,
2694 4605 2787 4654 καὶ
2808 4602 2841 4673 ἡ
2864 4599 2985 4672 ὥρα
3007 4599 3111 4669 ήδη
3143 4598 3326 4667 παρῆν
3358 4598 3459 4667 τῆς
3486 4595 3624 4666 πρδς

2042 4694 2173 4749 Θεὸν
2237 4693 2523 4764 ἐκδημίας,
2582 4690 2803 4761 γλῶσσά
2831 4709 2891 4745 τε
2927 4693 3085 4762 σιγᾷν
3122 4689 3348 4760 ἔμελλεν
3380 4691 3413 4760 ή
3454 4688 3619 4759 καλὴ,

2044 4788 2137 4839 καὶ
2170 4785 2441 4855 ὀφθαλμοὶ
2496 4783 2673 4854 μύειν,
2709 4785 2758 4837 οἱ
2786 4783 2886 4852 τῆς
2914 4782 3164 4854 καθαρᾶς
3197 4782 3414 4850 ἐκείνης
3439 4779 3623 4850 ψυχῆς

2042 4878 2264 4947 ἄγγελοι
2321 4877 2555 4948 καθαροὶ
2586 4876 2679 4930 καί⁵
2740 4874 2922 4947 πολλῷ
2956 4875 3034 4946 τῷ
3068 4875 3252 4930 κάλλει
3281 4873 3384 4944 τῆς
3407 4889 3625 4942 σωφρο-
3682 4918 3689 4921 ,

2044 4966 2210 5037 σὺνης
2261 4967 2606 5038 διαπρεπεῖς,
2672 4966 2850 5021 πάντα
2908 4965 3009 5036 μὲν
3061 4967 3163 5019 ὅσα
3206 4965 3317 5018 τῶν
3372 4964 3624 5017 ἐπίπλων

2042 5060 2295 5130 ἐπήγετο,
2348 5055 2586 5126 διένειμε
2618 5059 2731 5121 τοῖς
2756 5054 3045 5128 παροῦσιν.
3082 5051 3217 5109 Εἶτα
3248 5055 3345 5109 καί⁵
3379 5054 3524 5121 ἅπερ
3551 5047 3624 5123 ἦν

2042 5151 2396 5222 ἐκδεδομένος
2431 5149 2869 5218 ἀποδυσάμενος,
2895 5149 2991 5202 καὶ
3035 5147 3175 5201 αὑτά
3191 5146 3397 5200 δίδωσι.
3437 5146 3625 5199 Μετα-

2042 5247 2328 5316 κοσμήσας
2348 5242 2405 5298 δὲ
2429 5245 2621 5297 ἑαυτὸν
2652 5245 2747 5297 ἐπὶ
2776 5244 2839 5296 τδ
2870 5242 3224 5313 φαιδρότερον
3259 5239 3389 5311 ἄχρι
3420 5238 3488 5310 δὴ
3522 5240 3621 5291 καὶ

2039 5339 2425 5408 ὑποδημάτων,
2477 5339 2564 5391 ῖνα
2615 5336 3000 5408 συνεορτάζειν
3097 5335 3208 5396 τοῖς
3244 5331 3394 5385 ἔνδον
3429 5332 3524 5385 καὶ
3552 5330 3620 5383 τὲ

2041 5430 2361 5500 φαινόμενα,
2386 5428 2481 5499 τὴν
2520 5428 2769 5483 ἐντεῦθεν
2790 5428 3111 5498 ἀπαλλαγὴν
3132 5423 3296 5479 αὑτοῦ
3319 5425 3412 5477 καὶ
3445 5424 3621 5492 μετάο

2042 5539 2232 5577 στασιν
2268 5522 2404 5594 πρὸς
2430 5521 2529 5593 τὴν
2560 5521 2772 5577 ἐκεῖθεν
2805 5518 3187 5592 μακαριότητα
3211 5534 3224 5548 ·
3256 5516 3353 5571 καὶ
3382 5513 3527 5568 οὓτω
3550 5513 3616 5583 δὴ

2040 5614 2364 5686 κοσμηθεὶς.
2401 5613 2628 5667 καὶτῶν
2662 5614 2821 5667 θείων
2857 5610 3193 5681 κοινωνήσας
3228 5608 3614 5678 ἀγιασμάτων,

2039 5710 2207 5779 εὐχήν
2239 5724 2300 5761 τε
2328 5705 2428 5777 τὴν
2480 5704 2684 5777 συνήθη
2742 5702 3237 5774 ἐπιφθεγξάμενος,
3289 5699 3428 5766 Δόξα
3493 5713 3614 5761 σοι,

2037 5801 2233 5873 Κύριε,
2267 5800 2485 5854 πάντων
2518 5797 2703 5852 ἕνεκεν
2722 5814 2737 5828 ·
2759 5795 2839 5868 τῷ
2867 5796 3020 5866 τύπῳ
3041 5811 3099 5848 τε
3124 5788 3611 5862 »ἐπισφραγισὰμε-

2039 5885 2200 5963 νοςῷ
2247 5892 2444 5963 συνέζη
2509 5889 2780 5960 σταυροῦ,
2825 5891 2918 5945 καὶ
2979 5886 3105 5950 τοὺς
3160 5885 3324 5949 πόδας
3380 5882 3604 5955 ιξάρας,
