  <div class='ocr_page' id='page_1' title='image "/cluster/home/n/w/nwhite01/storage/ocr_20150623/114/hvd.32044019208123/656.png"; bbox 0 0 3834 6484; ppageno 0'>
   <div class='ocr_carea' id='block_1_1' title="bbox 250 390 408 458">
    <p class='ocr_par' dir='ltr' id='par_1_1' title="bbox 250 390 408 458">
     <span class='ocr_line' id='line_1_1' title="bbox 250 390 408 458; baseline 0 0"><span class='ocrx_word' id='word_1_1' title='bbox 250 390 408 458; x_wconf 66' lang='grc'><strong>⁸1209</strong></span> 
     </span>
    </p>
   </div>
   <div class='ocr_carea' id='block_1_2' title="bbox 1296 391 2522 459">
    <p class='ocr_par' dir='ltr' id='par_1_2' title="bbox 1296 391 2522 459">
     <span class='ocr_line' id='line_1_2' title="bbox 1296 391 2522 459; baseline 0.005 -6"><span class='ocrx_word' id='word_1_2' title='bbox 1296 392 1474 453; x_wconf 85' lang='lat' dir='ltr'><strong>VITA</strong></span> <span class='ocrx_word' id='word_1_3' title='bbox 1507 392 1567 452; x_wconf 92' lang='lat' dir='ltr'><strong>S.</strong></span> <span class='ocrx_word' id='word_1_4' title='bbox 1610 391 1934 455; x_wconf 78' lang='lat' dir='ltr'><strong>JOANNIS</strong></span> <span class='ocrx_word' id='word_1_5' title='bbox 1969 394 2522 459; x_wconf 79' lang='lat' dir='ltr'><strong>CHRYSOSTOMI.</strong></span> 
     </span>
    </p>
   </div>
   <div class='ocr_carea' id='block_1_3' title="bbox 3371 389 3512 456">
    <p class='ocr_par' dir='ltr' id='par_1_3' title="bbox 3371 389 3512 456">
     <span class='ocr_line' id='line_1_3' title="bbox 3371 389 3512 456; baseline 0.021 -3"><span class='ocrx_word' id='word_1_6' title='bbox 3371 389 3512 456; x_wconf 74' lang='grc'><strong>1210</strong></span> 
     </span>
    </p>
   </div>
   <div class='ocr_carea' id='block_1_4' title="bbox 265 496 1843 574">
    <p class='ocr_par' dir='ltr' id='par_1_4' title="bbox 265 496 1835 570">
     <span class='ocr_line' id='line_1_4' title="bbox 265 496 1835 570; baseline -0.003 -12"><span class='ocrx_word' id='word_1_7' title='bbox 265 503 434 567; x_wconf 81' lang='grc' dir='ltr'><strong>πόδας</strong></span> <span class='ocrx_word' id='word_1_8' title='bbox 461 500 704 563; x_wconf 72' lang='grc' dir='ltr'>ἐκείνους</span> <span class='ocrx_word' id='word_1_9' title='bbox 727 499 851 564; x_wconf 76' lang='grc' dir='ltr'>τοὺς</span> <span class='ocrx_word' id='word_1_10' title='bbox 870 499 1107 570; x_wconf 75' lang='grc' dir='ltr'><strong>ὡραίους</strong></span> <span class='ocrx_word' id='word_1_11' title='bbox 1121 496 1289 562; x_wconf 76' lang='grc' dir='ltr'>ὅντως</span> <span class='ocrx_word' id='word_1_12' title='bbox 1309 497 1405 553; x_wconf 71' lang='grc' dir='ltr'>καὶ</span> <span class='ocrx_word' id='word_1_13' title='bbox 1422 497 1835 561; x_wconf 84' lang='grc' dir='ltr'>ἀποστολικοὺς,</span> 
     </span>
    </p>
   </div>
   <div class='ocr_carea' id='block_1_5' title="bbox 1949 496 3514 574">
    <p class='ocr_par' dir='ltr' id='par_1_5' title="bbox 1949 500 3514 574">
     <span class='ocr_line' id='line_1_5' title="bbox 1949 500 3514 574; baseline -0.001 -17"><span class='ocrx_word' id='word_1_14' title='bbox 1949 519 2129 573; x_wconf 88' lang='lat' dir='ltr'><strong>quam,</strong></span> <span class='ocrx_word' id='word_1_15' title='bbox 2194 502 2314 558; x_wconf 88' lang='lat' dir='ltr'><strong>illos</strong></span> <span class='ocrx_word' id='word_1_16' title='bbox 2364 502 2640 574; x_wconf 88' lang='lat' dir='ltr'><strong>speciosos</strong></span> <span class='ocrx_word' id='word_1_17' title='bbox 2662 513 2719 558; x_wconf 88' lang='lat' dir='ltr'><strong>et</strong></span> <span class='ocrx_word' id='word_1_18' title='bbox 2759 516 2884 558; x_wconf 82' lang='lat' dir='ltr'><strong>vere</strong></span> <span class='ocrx_word' id='word_1_19' title='bbox 2906 500 3257 571; x_wconf 75' lang='lat' dir='ltr'><strong>apostolicos,</strong></span> <span class='ocrx_word' id='word_1_20' title='bbox 3293 500 3514 558; x_wconf 89' lang='lat' dir='ltr'><strong>beatum</strong></span> 
     </span>
    </p>
   </div>
   <div class='ocr_carea' id='block_1_6' title="bbox 265 589 1833 665">
    <p class='ocr_par' dir='ltr' id='par_1_6' title="bbox 265 589 1833 665">
     <span class='ocr_line' id='line_1_6' title="bbox 265 589 1833 665; baseline -0.002 -18"><span class='ocrx_word' id='word_1_21' title='bbox 265 594 365 665; x_wconf 82' lang='grc' dir='ltr'>τὴν</span> <span class='ocrx_word' id='word_1_22' title='bbox 419 590 697 663; x_wconf 79' lang='grc' dir='ltr'><strong>μακαρίαν</strong></span> <span class='ocrx_word' id='word_1_23' title='bbox 758 590 973 660; x_wconf 81' lang='grc' dir='ltr'>ἀπῆλθε</span> <span class='ocrx_word' id='word_1_24' title='bbox 1005 589 1253 660; x_wconf 79' lang='grc' dir='ltr'><strong>πορείαν,</strong></span> <span class='ocrx_word' id='word_1_25' title='bbox 1300 591 1538 661; x_wconf 75' lang='grc' dir='ltr'>Χριστὸν</span> <span class='ocrx_word' id='word_1_26' title='bbox 1591 590 1833 661; x_wconf 78' lang='grc' dir='ltr'><strong>βλέπειν,</strong></span> 
     </span>
    </p>
   </div>
   <div class='ocr_carea' id='block_1_7' title="bbox 266 680 1841 755">
    <p class='ocr_par' dir='ltr' id='par_1_7' title="bbox 266 680 1841 755">
     <span class='ocr_line' id='line_1_7' title="bbox 266 680 1841 755; baseline -0.002 -17"><span class='ocrx_word' id='word_1_27' title='bbox 266 682 488 755; x_wconf 79' lang='grc' dir='ltr'><strong>Χριστῷ</strong></span> <span class='ocrx_word' id='word_1_28' title='bbox 546 683 821 748; x_wconf 84' lang='grc' dir='ltr'>συνεῖναι,</span> <span class='ocrx_word' id='word_1_29' title='bbox 874 680 1112 752; x_wconf 81' lang='grc' dir='ltr'><strong>Χριστοῦ</strong></span> <span class='ocrx_word' id='word_1_30' title='bbox 1168 681 1249 752; x_wconf 84' lang='grc' dir='ltr'><strong>τῷ</strong></span> <span class='ocrx_word' id='word_1_31' title='bbox 1302 681 1487 735; x_wconf 84' lang='grc' dir='ltr'>κάλλει</span> <span class='ocrx_word' id='word_1_32' title='bbox 1548 681 1841 747; x_wconf 78' lang='grc' dir='ltr'>διαπαντὸς</span> 
     </span>
    </p>
   </div>
   <div class='ocr_carea' id='block_1_8' title="bbox 267 772 1829 851">
    <p class='ocr_par' dir='ltr' id='par_1_8' title="bbox 267 772 1829 851">
     <span class='ocr_line' id='line_1_8' title="bbox 267 772 1829 851; baseline -0.003 -21"><span class='ocrx_word' id='word_1_33' title='bbox 267 775 676 851; x_wconf 73' lang='grc' dir='ltr'>ιναγάλλεσθαιο</span> <span class='ocrx_word' id='word_1_34' title='bbox 697 772 969 845; x_wconf 81' lang='grc' dir='ltr'>μακάριος</span> <span class='ocrx_word' id='word_1_35' title='bbox 993 773 1092 845; x_wconf 78' lang='grc' dir='ltr'>μὲν</span> <span class='ocrx_word' id='word_1_36' title='bbox 1123 772 1302 845; x_wconf 75' lang='grc' dir='ltr'>ἑαυτῷ</span> <span class='ocrx_word' id='word_1_37' title='bbox 1313 774 1411 845; x_wconf 82' lang='grc' dir='ltr'>τῆς</span> <span class='ocrx_word' id='word_1_38' title='bbox 1434 774 1704 844; x_wconf 73' lang='grc' dir='ltr'><strong>ἐκδημίας</strong></span> <span class='ocrx_word' id='word_1_39' title='bbox 1736 775 1829 828; x_wconf 77' lang='grc' dir='ltr'>καὶ</span> 
     </span>
    </p>
   </div>
   <div class='ocr_carea' id='block_1_9' title="bbox 273 864 1838 938">
    <p class='ocr_par' dir='ltr' id='par_1_9' title="bbox 273 864 1838 938">
     <span class='ocr_line' id='line_1_9' title="bbox 273 864 1838 938; baseline 0 -20"><span class='ocrx_word' id='word_1_40' title='bbox 273 865 637 938; x_wconf 82' lang='grc' dir='ltr'><strong>μεταθέσεως,</strong></span> <span class='ocrx_word' id='word_1_41' title='bbox 715 864 974 936; x_wconf 77' lang='grc' dir='ltr'>ὀδυνηρὸς</span> <span class='ocrx_word' id='word_1_42' title='bbox 1028 864 1086 918; x_wconf 85' lang='grc' dir='ltr'>δὲ</span> <span class='ocrx_word' id='word_1_43' title='bbox 1148 866 1355 937; x_wconf 82' lang='grc' dir='ltr'>σφόδρα</span> <span class='ocrx_word' id='word_1_44' title='bbox 1393 869 1507 930; x_wconf 88' lang='grc' dir='ltr'>τοῖς</span> <span class='ocrx_word' id='word_1_45' title='bbox 1549 866 1838 936; x_wconf 78' lang='grc' dir='ltr'><strong>ἐγνωκόσι,</strong></span> 
     </span>
    </p>
   </div>
   <div class='ocr_carea' id='block_1_10' title="bbox 268 955 1840 1028">
    <p class='ocr_par' dir='ltr' id='par_1_10' title="bbox 268 955 1840 1028">
     <span class='ocr_line' id='line_1_10' title="bbox 268 955 1840 1028; baseline 0 -17"><span class='ocrx_word' id='word_1_46' title='bbox 268 961 366 1012; x_wconf 79' lang='grc' dir='ltr'>καὶ</span> <span class='ocrx_word' id='word_1_47' title='bbox 399 957 492 1020; x_wconf 79' lang='grc' dir='ltr'>οὓς</span> <span class='ocrx_word' id='word_1_48' title='bbox 525 957 590 1028; x_wconf 84' lang='grc' dir='ltr'>δὴ</span> <span class='ocrx_word' id='word_1_49' title='bbox 616 957 709 1011; x_wconf 73' lang='grc' dir='ltr'>καὶ</span> <span class='ocrx_word' id='word_1_50' title='bbox 757 956 994 1028; x_wconf 84' lang='grc' dir='ltr'><strong>μετρίως</strong></span> <span class='ocrx_word' id='word_1_51' title='bbox 1023 955 1118 1009; x_wconf 88' lang='grc' dir='ltr'><strong>τοῦ</strong></span> <span class='ocrx_word' id='word_1_52' title='bbox 1144 957 1344 1010; x_wconf 80' lang='grc' dir='ltr'>οἰκείου</span> <span class='ocrx_word' id='word_1_53' title='bbox 1388 956 1602 1027; x_wconf 89' lang='grc' dir='ltr'>μέλιτος</span> <span class='ocrx_word' id='word_1_54' title='bbox 1649 956 1840 1024; x_wconf 77' lang='grc' dir='ltr'>ἔγευσε</span> 
     </span>
    </p>
   </div>
   <div class='ocr_carea' id='block_1_11' title="bbox 269 1051 1841 1124">
    <p class='ocr_par' dir='ltr' id='par_1_11' title="bbox 269 1051 1841 1124">
     <span class='ocr_line' id='line_1_11' title="bbox 269 1051 1841 1124; baseline -0.002 -17"><span class='ocrx_word' id='word_1_55' title='bbox 269 1055 364 1107; x_wconf 72' lang='grc' dir='ltr'>καὶ</span> <span class='ocrx_word' id='word_1_56' title='bbox 407 1053 505 1122; x_wconf 71' lang='grc' dir='ltr'>τῆς</span> <span class='ocrx_word' id='word_1_57' title='bbox 558 1052 773 1122; x_wconf 72' lang='grc' dir='ltr'>ἡδονῆς.</span> <span class='ocrx_word' id='word_1_58' title='bbox 814 1051 1027 1123; x_wconf 82' lang='grc' dir='ltr'>Ἡμέρα</span> <span class='ocrx_word' id='word_1_59' title='bbox 1055 1053 1238 1120; x_wconf 86' lang='grc' dir='ltr'>μέντοι</span> <span class='ocrx_word' id='word_1_60' title='bbox 1277 1054 1375 1124; x_wconf 79' lang='grc' dir='ltr'>τῆς</span> <span class='ocrx_word' id='word_1_61' title='bbox 1401 1053 1567 1113; x_wconf 75' lang='grc' dir='ltr'>αὑτοῦ</span> <span class='ocrx_word' id='word_1_62' title='bbox 1606 1052 1841 1123; x_wconf 85' lang='grc' dir='ltr'>μεταθέ-</span> 
     </span>
    </p>
   </div>
   <div class='ocr_carea' id='block_1_12' title="bbox 270 1141 1842 1215">
    <p class='ocr_par' dir='ltr' id='par_1_12' title="bbox 270 1141 1842 1215">
     <span class='ocr_line' id='line_1_12' title="bbox 270 1141 1842 1215; baseline -0.001 -17"><span class='ocrx_word' id='word_1_63' title='bbox 270 1163 430 1209; x_wconf 87' lang='grc' dir='ltr'>σεως,</span> <span class='ocrx_word' id='word_1_64' title='bbox 455 1145 577 1215; x_wconf 81' lang='grc' dir='ltr'>ἦτις</span> <span class='ocrx_word' id='word_1_65' title='bbox 602 1144 785 1212; x_wconf 75' lang='grc' dir='ltr'>δήπου</span> <span class='ocrx_word' id='word_1_66' title='bbox 804 1142 900 1197; x_wconf 74' lang='grc' dir='ltr'>καὶ</span> <span class='ocrx_word' id='word_1_67' title='bbox 927 1141 1022 1196; x_wconf 88' lang='grc' dir='ltr'><strong>τοῦ</strong></span> <span class='ocrx_word' id='word_1_68' title='bbox 1050 1142 1334 1215; x_wconf 78' lang='grc' dir='ltr'>ζωηφόρου</span> <span class='ocrx_word' id='word_1_69' title='bbox 1358 1144 1614 1213; x_wconf 83' lang='grc' dir='ltr'>σταυροῦ,</span> <span class='ocrx_word' id='word_1_70' title='bbox 1653 1145 1719 1215; x_wconf 80' lang='grc' dir='ltr'>ἣν</span> <span class='ocrx_word' id='word_1_71' title='bbox 1749 1143 1842 1197; x_wconf 73' lang='grc' dir='ltr'>καὶ</span> 
     </span>
    </p>
   </div>
   <div class='ocr_carea' id='block_1_13' title="bbox 270 1233 1841 1306">
    <p class='ocr_par' dir='ltr' id='par_1_13' title="bbox 270 1233 1841 1306">
     <span class='ocr_line' id='line_1_13' title="bbox 270 1233 1841 1306; baseline -0.001 -16"><span class='ocrx_word' id='word_1_72' title='bbox 270 1235 481 1306; x_wconf 70' lang='grc' dir='ltr'>ὕψωσιν</span> <span class='ocrx_word' id='word_1_73' title='bbox 530 1234 803 1305; x_wconf 77' lang='grc' dir='ltr'>εἰώθαμεν</span> <span class='ocrx_word' id='word_1_74' title='bbox 833 1233 1036 1303; x_wconf 86' lang='grc' dir='ltr'>λέγειν,</span> <span class='ocrx_word' id='word_1_75' title='bbox 1063 1234 1167 1290; x_wconf 72' lang='grc' dir='ltr'><strong>ἀπὸ</strong></span> <span class='ocrx_word' id='word_1_76' title='bbox 1193 1235 1292 1288; x_wconf 90' lang='grc' dir='ltr'><strong>τοῦ</strong></span> <span class='ocrx_word' id='word_1_77' title='bbox 1327 1235 1649 1305; x_wconf 86' lang='grc' dir='ltr'>πράγματος</span> <span class='ocrx_word' id='word_1_78' title='bbox 1671 1234 1841 1306; x_wconf 82' lang='grc' dir='ltr'>αὐτὴν</span> 
     </span>
    </p>
   </div>
   <div class='ocr_carea' id='block_1_14' title="bbox 268 1326 1842 1400">
    <p class='ocr_par' dir='ltr' id='par_1_14' title="bbox 268 1326 1842 1400">
     <span class='ocr_line' id='line_1_14' title="bbox 268 1326 1842 1400; baseline -0.003 -15"><span class='ocrx_word' id='word_1_79' title='bbox 268 1328 629 1400; x_wconf 79' lang='grc' dir='ltr'>ὀνομάζοντες</span> <span class='ocrx_word' id='word_1_80' title='bbox 653 1327 793 1381; x_wconf 82' lang='grc' dir='ltr'>κατὰ</span> <span class='ocrx_word' id='word_1_81' title='bbox 824 1326 921 1398; x_wconf 82' lang='grc' dir='ltr'><strong>τὴν</strong></span> <span class='ocrx_word' id='word_1_82' title='bbox 944 1328 1546 1399; x_wconf 78' lang='grc' dir='ltr'>τεσσαρεσκαιδεκάτην</span> <span class='ocrx_word' id='word_1_83' title='bbox 1581 1328 1679 1393; x_wconf 83' lang='grc' dir='ltr'><strong>(ὡς</strong></span> <span class='ocrx_word' id='word_1_84' title='bbox 1703 1328 1842 1381; x_wconf 76' lang='grc' dir='ltr'>πάν-</span> 
     </span>
    </p>
   </div>
   <div class='ocr_carea' id='block_1_15' title="bbox 170 1416 1841 1493">
    <p class='ocr_par' dir='ltr' id='par_1_15' title="bbox 170 1416 1841 1493">
     <span class='ocr_line' id='line_1_15' title="bbox 170 1416 1841 1493; baseline -0.001 -18"><span class='ocrx_word' id='word_1_85' title='bbox 170 1416 179 1423; x_wconf 73' lang='grc'><em>’</em></span> <span class='ocrx_word' id='word_1_86' title='bbox 266 1438 359 1485; x_wconf 89' lang='grc' dir='ltr'><strong>τες</strong></span> <span class='ocrx_word' id='word_1_87' title='bbox 390 1419 560 1493; x_wconf 74' lang='grc' dir='ltr'>ἴσασι)</span> <span class='ocrx_word' id='word_1_88' title='bbox 593 1418 928 1491; x_wconf 81' lang='grc' dir='ltr'>τελουμένην</span> <span class='ocrx_word' id='word_1_89' title='bbox 950 1418 1044 1473; x_wconf 88' lang='grc' dir='ltr'><strong>τοῦ</strong></span> <span class='ocrx_word' id='word_1_90' title='bbox 1084 1421 1486 1492; x_wconf 72' lang='grc' dir='ltr'>Σεπτεμϐρίου.</span> <span class='ocrx_word' id='word_1_91' title='bbox 1527 1421 1675 1474; x_wconf 83' lang='grc' dir='ltr'>Ἔδει</span> <span class='ocrx_word' id='word_1_92' title='bbox 1730 1421 1841 1492; x_wconf 77' lang='grc' dir='ltr'><strong>γὰρ</strong></span> 
     </span>
    </p>
   </div>
   <div class='ocr_carea' id='block_1_16' title="bbox 267 1511 1841 1584">
    <p class='ocr_par' dir='ltr' id='par_1_16' title="bbox 267 1511 1841 1584">
     <span class='ocr_line' id='line_1_16' title="bbox 267 1511 1841 1584; baseline 0.001 -20"><span class='ocrx_word' id='word_1_93' title='bbox 267 1513 361 1565; x_wconf 81' lang='grc' dir='ltr'>τὸν</span> <span class='ocrx_word' id='word_1_94' title='bbox 407 1511 599 1581; x_wconf 77' lang='grc' dir='ltr'>μηδενὶ</span> <span class='ocrx_word' id='word_1_95' title='bbox 626 1511 999 1581; x_wconf 80' lang='grc' dir='ltr'>προσθέμενον</span> <span class='ocrx_word' id='word_1_96' title='bbox 1020 1511 1128 1565; x_wconf 84' lang='grc' dir='ltr'><strong>τῶν</strong></span> <span class='ocrx_word' id='word_1_97' title='bbox 1167 1513 1469 1584; x_wconf 77' lang='grc' dir='ltr'>παρόντων,</span> <span class='ocrx_word' id='word_1_98' title='bbox 1503 1512 1618 1566; x_wconf 81' lang='grc' dir='ltr'>ἀλλ’</span> <span class='ocrx_word' id='word_1_99' title='bbox 1646 1514 1841 1566; x_wconf 83' lang='grc' dir='ltr'>ἑαυτὸν</span> 
     </span>
    </p>
   </div>
   <div class='ocr_carea' id='block_1_17' title="bbox 269 1598 1842 1671">
    <p class='ocr_par' dir='ltr' id='par_1_17' title="bbox 269 1598 1842 1671">
     <span class='ocr_line' id='line_1_17' title="bbox 269 1598 1842 1671; baseline 0 -15"><span class='ocrx_word' id='word_1_100' title='bbox 269 1602 406 1663; x_wconf 80' lang='grc' dir='ltr'>ὅλως</span> <span class='ocrx_word' id='word_1_101' title='bbox 437 1601 516 1670; x_wconf 83' lang='grc' dir='ltr'><strong>τῷ</strong></span> <span class='ocrx_word' id='word_1_102' title='bbox 544 1600 730 1671; x_wconf 86' lang='grc' dir='ltr'>κόσμῳ</span> <span class='ocrx_word' id='word_1_103' title='bbox 778 1598 1191 1671; x_wconf 80' lang='grc' dir='ltr'>σταυρώσαντα,</span> <span class='ocrx_word' id='word_1_104' title='bbox 1243 1603 1301 1653; x_wconf 81' lang='grc' dir='ltr'>ὲν</span> <span class='ocrx_word' id='word_1_105' title='bbox 1327 1600 1469 1671; x_wconf 78' lang='grc' dir='ltr'>ἄλλῳ</span> <span class='ocrx_word' id='word_1_106' title='bbox 1499 1618 1560 1655; x_wconf 93' lang='grc' dir='ltr'><strong>τε</strong></span> <span class='ocrx_word' id='word_1_107' title='bbox 1580 1601 1757 1656; x_wconf 75' lang='grc' dir='ltr'>οὐδενὶ</span> <span class='ocrx_word' id='word_1_108' title='bbox 1780 1600 1842 1655; x_wconf 70' lang='grc' dir='ltr'>τὸ</span> 
     </span>
    </p>
   </div>
   <div class='ocr_carea' id='block_1_18' title="bbox 270 1692 1838 1766">
    <p class='ocr_par' dir='ltr' id='par_1_18' title="bbox 270 1692 1838 1766">
     <span class='ocr_line' id='line_1_18' title="bbox 270 1692 1838 1766; baseline 0.002 -20"><span class='ocrx_word' id='word_1_109' title='bbox 270 1692 534 1763; x_wconf 76' lang='grc' dir='ltr'>καῦχημα</span> <span class='ocrx_word' id='word_1_110' title='bbox 560 1692 808 1763; x_wconf 86' lang='grc' dir='ltr'>θέμενον,</span> <span class='ocrx_word' id='word_1_111' title='bbox 839 1692 955 1746; x_wconf 82' lang='grc' dir='ltr'>ἀλλ’</span> <span class='ocrx_word' id='word_1_112' title='bbox 976 1692 1009 1764; x_wconf 83' lang='grc' dir='ltr'>ἢ</span> <span class='ocrx_word' id='word_1_113' title='bbox 1029 1694 1088 1747; x_wconf 81' lang='grc' dir='ltr'>ὲν</span> <span class='ocrx_word' id='word_1_114' title='bbox 1113 1693 1191 1764; x_wconf 82' lang='grc' dir='ltr'>τῷ</span> <span class='ocrx_word' id='word_1_115' title='bbox 1221 1694 1439 1766; x_wconf 81' lang='grc' dir='ltr'>σταυρῷ</span> <span class='ocrx_word' id='word_1_116' title='bbox 1468 1695 1560 1749; x_wconf 89' lang='grc' dir='ltr'><strong>τοῦ</strong></span> <span class='ocrx_word' id='word_1_117' title='bbox 1578 1692 1838 1766; x_wconf 79' lang='grc' dir='ltr'>Χριστοῦ,</span> 
     </span>
    </p>
   </div>
   <div class='ocr_carea' id='block_1_19' title="bbox 272 1784 1840 1858">
    <p class='ocr_par' dir='ltr' id='par_1_19' title="bbox 272 1784 1840 1858">
     <span class='ocr_line' id='line_1_19' title="bbox 272 1784 1840 1858; baseline 0.003 -20"><span class='ocrx_word' id='word_1_118' title='bbox 272 1785 393 1839; x_wconf 81' lang='grc' dir='ltr'>κατ’</span> <span class='ocrx_word' id='word_1_119' title='bbox 428 1785 598 1854; x_wconf 81' lang='grc' dir='ltr'>αὑτήν</span> <span class='ocrx_word' id='word_1_120' title='bbox 626 1800 691 1854; x_wconf 86' lang='grc' dir='ltr'>γε</span> <span class='ocrx_word' id='word_1_121' title='bbox 725 1784 940 1857; x_wconf 76' lang='grc' dir='ltr'>ἡμέραν</span> <span class='ocrx_word' id='word_1_122' title='bbox 966 1785 1067 1856; x_wconf 87' lang='grc' dir='ltr'>τῆς</span> <span class='ocrx_word' id='word_1_123' title='bbox 1097 1787 1294 1858; x_wconf 83' lang='grc' dir='ltr'>ἑορτῆς</span> <span class='ocrx_word' id='word_1_124' title='bbox 1327 1788 1419 1841; x_wconf 88' lang='grc' dir='ltr'><strong>τοῦ</strong></span> <span class='ocrx_word' id='word_1_125' title='bbox 1451 1787 1684 1858; x_wconf 81' lang='grc' dir='ltr'>σταυροῦ</span> <span class='ocrx_word' id='word_1_126' title='bbox 1743 1789 1840 1842; x_wconf 72' lang='grc' dir='ltr'>καὶ</span> 
     </span>
    </p>
   </div>
   <div class='ocr_carea' id='block_1_20' title="bbox 269 1853 1916 1950">
    <p class='ocr_par' dir='ltr' id='par_1_20' title="bbox 269 1853 1916 1950">
     <span class='ocr_line' id='line_1_20' title="bbox 269 1853 1916 1950; baseline 0.002 -19"><span class='ocrx_word' id='word_1_127' title='bbox 269 1876 453 1941; x_wconf 74' lang='grc' dir='ltr'>αὑτὸν,</span> <span class='ocrx_word' id='word_1_128' title='bbox 488 1853 956 1948; x_wconf 13' lang='grc' dir='ltr'>δνίεῖχεννέκδτοῦ</span> <span class='ocrx_word' id='word_1_129' title='bbox 1010 1853 1174 1932; x_wconf 64' lang='grc' dir='ltr'><strong>κάτω⁷</strong></span> <span class='ocrx_word' id='word_1_130' title='bbox 1216 1853 1424 1949; x_wconf 72' lang='grc' dir='ltr'>κόσμου</span> <span class='ocrx_word' id='word_1_131' title='bbox 1455 1853 1606 1950; x_wconf 74' lang='grc' dir='ltr'>χοῦν,</span> <span class='ocrx_word' id='word_1_132' title='bbox 1641 1880 1841 1934; x_wconf 80' lang='grc' dir='ltr'>ἀποθέ-</span> <span class='ocrx_word' id='word_1_133' title='bbox 1874 1853 1916 1908; x_wconf 75' lang='grc' dir='ltr'><strong>Β</strong></span> 
     </span>
    </p>
   </div>
   <div class='ocr_carea' id='block_1_21' title="bbox 271 1966 1843 2040">
    <p class='ocr_par' dir='ltr' id='par_1_21' title="bbox 271 1966 1843 2040">
     <span class='ocr_line' id='line_1_21' title="bbox 271 1966 1843 2040; baseline -0.001 -18"><span class='ocrx_word' id='word_1_134' title='bbox 271 1966 566 2031; x_wconf 48' lang='grc' dir='ltr'>σθαιμκαὶ</span> <span class='ocrx_word' id='word_1_135' title='bbox 633 1966 796 2038; x_wconf 81' lang='grc' dir='ltr'>μηδὲν</span> <span class='ocrx_word' id='word_1_136' title='bbox 841 1968 906 2022; x_wconf 76' lang='grc' dir='ltr'>ἐκ</span> <span class='ocrx_word' id='word_1_137' title='bbox 968 1966 1158 2023; x_wconf 77' lang='grc' dir='ltr'>τούτου</span> <span class='ocrx_word' id='word_1_138' title='bbox 1195 1968 1524 2040; x_wconf 81' lang='grc' dir='ltr'>παράσημον</span> <span class='ocrx_word' id='word_1_139' title='bbox 1568 1970 1843 2039; x_wconf 78' lang='grc' dir='ltr'>ἐπαγόμε-</span> 
     </span>
    </p>
   </div>
   <div class='ocr_carea' id='block_1_22' title="bbox 268 2059 1841 2134">
    <p class='ocr_par' dir='ltr' id='par_1_22' title="bbox 268 2059 1841 2134">
     <span class='ocr_line' id='line_1_22' title="bbox 268 2059 1841 2134; baseline 0.002 -20"><span class='ocrx_word' id='word_1_140' title='bbox 268 2078 359 2114; x_wconf 91' lang='grc' dir='ltr'><strong>νον</strong></span> <span class='ocrx_word' id='word_1_141' title='bbox 415 2059 671 2133; x_wconf 79' lang='grc' dir='ltr'>καθαρῶς</span> <span class='ocrx_word' id='word_1_142' title='bbox 721 2059 974 2129; x_wconf 81' lang='grc' dir='ltr'>γενέσθαι</span> <span class='ocrx_word' id='word_1_143' title='bbox 1023 2060 1117 2114; x_wconf 91' lang='grc' dir='ltr'><strong>τοῦ</strong></span> <span class='ocrx_word' id='word_1_144' title='bbox 1182 2063 1239 2116; x_wconf 83' lang='grc' dir='ltr'>ὲν</span> <span class='ocrx_word' id='word_1_145' title='bbox 1298 2063 1544 2134; x_wconf 84' lang='grc' dir='ltr'>οὐρανοῖς</span> <span class='ocrx_word' id='word_1_146' title='bbox 1591 2063 1841 2118; x_wconf 83' lang='grc' dir='ltr'>πολιτεύ-</span> 
     </span>
    </p>
   </div>
   <div class='ocr_carea' id='block_1_23' title="bbox 275 2169 1519 2224">
    <p class='ocr_par' dir='ltr' id='par_1_23' title="bbox 275 2169 1519 2224">
     <span class='ocr_line' id='line_1_23' title="bbox 275 2169 1519 2224; baseline -0.001 -19"><span class='ocrx_word' id='word_1_147' title='bbox 275 2169 467 2224; x_wconf 87' lang='grc' dir='ltr'>ματος.</span> <span class='ocrx_word' id='word_1_148' title='bbox 1514 2178 1519 2183; x_wconf 86' lang='grc'><strong>·</strong></span> 
     </span>
    </p>
   </div>
   <div class='ocr_carea' id='block_1_24' title="bbox 344 2241 1844 2315">
    <p class='ocr_par' dir='ltr' id='par_1_24' title="bbox 344 2241 1844 2315">
     <span class='ocr_line' id='line_1_24' title="bbox 344 2241 1844 2315; baseline 0.001 -19"><span class='ocrx_word' id='word_1_149' title='bbox 344 2241 464 2299; x_wconf 77' lang='lat' dir='ltr'><strong>EA’.</strong></span> <span class='ocrx_word' id='word_1_150' title='bbox 513 2243 647 2298; x_wconf 86' lang='grc' dir='ltr'>Τότε</span> <span class='ocrx_word' id='word_1_151' title='bbox 682 2244 746 2314; x_wconf 79' lang='grc' dir='ltr'>δὴ</span> <span class='ocrx_word' id='word_1_152' title='bbox 796 2244 1002 2310; x_wconf 84' lang='grc' dir='ltr'>γίνεται</span> <span class='ocrx_word' id='word_1_153' title='bbox 1056 2242 1151 2298; x_wconf 87' lang='grc' dir='ltr'><strong>τοῦ</strong></span> <span class='ocrx_word' id='word_1_154' title='bbox 1208 2243 1345 2312; x_wconf 77' lang='grc' dir='ltr'>πρὸς</span> <span class='ocrx_word' id='word_1_155' title='bbox 1373 2244 1466 2297; x_wconf 80' lang='grc' dir='ltr'>τὸν</span> <span class='ocrx_word' id='word_1_156' title='bbox 1492 2244 1648 2315; x_wconf 71' lang='grc' dir='ltr'>ἅγιον</span> <span class='ocrx_word' id='word_1_157' title='bbox 1675 2244 1844 2300; x_wconf 86' lang='grc' dir='ltr'>πόθου</span> 
     </span>
    </p>
   </div>
   <div class='ocr_carea' id='block_1_25' title="bbox 270 2335 1838 2412">
    <p class='ocr_par' dir='ltr' id='par_1_25' title="bbox 270 2335 1838 2412">
     <span class='ocr_line' id='line_1_25' title="bbox 270 2335 1838 2412; baseline 0.003 -23"><span class='ocrx_word' id='word_1_158' title='bbox 270 2335 466 2407; x_wconf 65' lang='grc' dir='ltr'>δεῖγμα</span> <span class='ocrx_word' id='word_1_159' title='bbox 508 2336 604 2390; x_wconf 80' lang='grc' dir='ltr'>καὶ</span> <span class='ocrx_word' id='word_1_160' title='bbox 650 2335 808 2390; x_wconf 87' lang='grc' dir='ltr'>τοῦτο</span> <span class='ocrx_word' id='word_1_161' title='bbox 858 2337 1219 2406; x_wconf 84' lang='grc' dir='ltr'>σαφέστατον.</span> <span class='ocrx_word' id='word_1_162' title='bbox 1254 2336 1346 2401; x_wconf 85' lang='grc' dir='ltr'>Ὦς</span> <span class='ocrx_word' id='word_1_163' title='bbox 1395 2337 1504 2409; x_wconf 81' lang='grc' dir='ltr'>γὰρ</span> <span class='ocrx_word' id='word_1_164' title='bbox 1547 2340 1579 2409; x_wconf 84' lang='grc' dir='ltr'><strong>ἡ</strong></span> <span class='ocrx_word' id='word_1_165' title='bbox 1613 2340 1838 2412; x_wconf 85' lang='grc' dir='ltr'>τελευτή</span> 
     </span>
    </p>
   </div>
   <div class='ocr_carea' id='block_1_26' title="bbox 272 2427 1847 2502">
    <p class='ocr_par' dir='ltr' id='par_1_26' title="bbox 272 2427 1847 2502">
     <span class='ocr_line' id='line_1_26' title="bbox 272 2427 1847 2502; baseline 0.002 -21"><span class='ocrx_word' id='word_1_166' title='bbox 272 2429 372 2499; x_wconf 71' lang='grc' dir='ltr'>ήδη</span> <span class='ocrx_word' id='word_1_167' title='bbox 405 2429 539 2500; x_wconf 74' lang='grc' dir='ltr'>πρὸς</span> <span class='ocrx_word' id='word_1_168' title='bbox 577 2429 745 2493; x_wconf 81' lang='grc' dir='ltr'>ἀκοὰς</span> <span class='ocrx_word' id='word_1_169' title='bbox 769 2427 988 2496; x_wconf 74' lang='grc' dir='ltr'>ἔπιπτε,</span> <span class='ocrx_word' id='word_1_170' title='bbox 1013 2430 1158 2501; x_wconf 79' lang='grc' dir='ltr'>καὶὴ</span> <span class='ocrx_word' id='word_1_171' title='bbox 1187 2429 1342 2500; x_wconf 84' lang='grc' dir='ltr'>κοινὴ</span> <span class='ocrx_word' id='word_1_172' title='bbox 1368 2427 1543 2500; x_wconf 77' lang='grc' dir='ltr'>ζημία</span> <span class='ocrx_word' id='word_1_173' title='bbox 1569 2430 1847 2502; x_wconf 78' lang='grc' dir='ltr'>πανταχοῦ</span> 
     </span>
    </p>
   </div>
   <div class='ocr_carea' id='block_1_27' title="bbox 268 2518 1844 2592">
    <p class='ocr_par' dir='ltr' id='par_1_27' title="bbox 268 2518 1844 2592">
     <span class='ocr_line' id='line_1_27' title="bbox 268 2518 1844 2592; baseline 0.003 -20"><span class='ocrx_word' id='word_1_174' title='bbox 268 2519 540 2580; x_wconf 79' lang='grc' dir='ltr'>διεδίδοτο.</span> <span class='ocrx_word' id='word_1_175' title='bbox 570 2518 773 2590; x_wconf 83' lang='grc' dir='ltr'>πλῆθος</span> <span class='ocrx_word' id='word_1_176' title='bbox 816 2518 1053 2591; x_wconf 83' lang='grc' dir='ltr'>ἀριθμοῦ</span> <span class='ocrx_word' id='word_1_177' title='bbox 1075 2523 1348 2592; x_wconf 85' lang='grc' dir='ltr'>κρεῖττον,</span> <span class='ocrx_word' id='word_1_178' title='bbox 1377 2520 1583 2592; x_wconf 86' lang='grc' dir='ltr'>πλῆθος</span> <span class='ocrx_word' id='word_1_179' title='bbox 1611 2522 1844 2576; x_wconf 75' lang='grc' dir='ltr'>ἄπιστον</span> 
     </span>
    </p>
   </div>
   <div class='ocr_carea' id='block_1_28' title="bbox 272 2606 1851 2682">
    <p class='ocr_par' dir='ltr' id='par_1_28' title="bbox 272 2606 1851 2682">
     <span class='ocr_line' id='line_1_28' title="bbox 272 2606 1851 2682; baseline 0.002 -22"><span class='ocrx_word' id='word_1_180' title='bbox 272 2606 481 2677; x_wconf 83' lang='grc' dir='ltr'>ἀνδρῶν</span> <span class='ocrx_word' id='word_1_181' title='bbox 509 2608 645 2679; x_wconf 83' lang='grc' dir='ltr'>ὁμοῦ</span> <span class='ocrx_word' id='word_1_182' title='bbox 668 2608 768 2663; x_wconf 79' lang='grc' dir='ltr'>καὶ·</span> <span class='ocrx_word' id='word_1_183' title='bbox 789 2608 1030 2678; x_wconf 84' lang='grc' dir='ltr'>γυναίων</span> <span class='ocrx_word' id='word_1_184' title='bbox 1071 2610 1176 2664; x_wconf 84' lang='grc' dir='ltr'>τῶν</span> <span class='ocrx_word' id='word_1_185' title='bbox 1214 2609 1452 2674; x_wconf 75' lang='grc' dir='ltr'>εὐσεϐῶς</span> <span class='ocrx_word' id='word_1_186' title='bbox 1475 2611 1851 2682; x_wconf 81' lang='grc' dir='ltr'>ἀσκουμένων,</span> 
     </span>
    </p>
   </div>
   <div class='ocr_carea' id='block_1_29' title="bbox 272 2699 1852 2774">
    <p class='ocr_par' dir='ltr' id='par_1_29' title="bbox 272 2699 1852 2774">
     <span class='ocr_line' id='line_1_29' title="bbox 272 2699 1852 2774; baseline 0.002 -21"><span class='ocrx_word' id='word_1_187' title='bbox 272 2699 334 2765; x_wconf 76' lang='grc' dir='ltr'><strong>ἐξ</strong></span> <span class='ocrx_word' id='word_1_188' title='bbox 380 2700 554 2770; x_wconf 81' lang='grc' dir='ltr'>αὐτῆς</span> <span class='ocrx_word' id='word_1_189' title='bbox 610 2700 807 2774; x_wconf 86' lang='grc' dir='ltr'>Συρίας</span> <span class='ocrx_word' id='word_1_190' title='bbox 839 2702 933 2755; x_wconf 59' lang='grc' dir='ltr'><strong>καὶ⁴</strong></span> <span class='ocrx_word' id='word_1_191' title='bbox 964 2701 1240 2767; x_wconf 79' lang='grc' dir='ltr'>Κιλικίας,</span> <span class='ocrx_word' id='word_1_192' title='bbox 1262 2704 1327 2757; x_wconf 74' lang='grc' dir='ltr'>ὲκ</span> <span class='ocrx_word' id='word_1_193' title='bbox 1363 2703 1565 2757; x_wconf 85' lang='grc' dir='ltr'>Πόντου</span> <span class='ocrx_word' id='word_1_194' title='bbox 1597 2703 1658 2757; x_wconf 80' lang='grc' dir='ltr'><strong>τέ</strong></span> <span class='ocrx_word' id='word_1_195' title='bbox 1707 2720 1852 2774; x_wconf 83' lang='grc' dir='ltr'>φημι</span> 
     </span>
    </p>
   </div>
   <div class='ocr_carea' id='block_1_30' title="bbox 276 2792 1845 2868">
    <p class='ocr_par' dir='ltr' id='par_1_30' title="bbox 276 2792 1845 2868">
     <span class='ocr_line' id='line_1_30' title="bbox 276 2792 1845 2868; baseline 0.001 -22"><span class='ocrx_word' id='word_1_196' title='bbox 276 2793 371 2846; x_wconf 78' lang='grc' dir='ltr'>καὶ</span> <span class='ocrx_word' id='word_1_197' title='bbox 421 2792 523 2862; x_wconf 86' lang='grc' dir='ltr'>τῆς</span> <span class='ocrx_word' id='word_1_198' title='bbox 566 2794 881 2866; x_wconf 85' lang='grc' dir='ltr'>Ἀρμενίας,</span> <span class='ocrx_word' id='word_1_199' title='bbox 912 2795 994 2859; x_wconf 90' lang='grc' dir='ltr'><strong>είς</strong></span> <span class='ocrx_word' id='word_1_200' title='bbox 1025 2794 1397 2867; x_wconf 82' lang='grc' dir='ltr'>προσκύνησιν</span> <span class='ocrx_word' id='word_1_201' title='bbox 1437 2793 1530 2848; x_wconf 85' lang='grc' dir='ltr'><strong>τοῦ</strong></span> <span class='ocrx_word' id='word_1_202' title='bbox 1570 2794 1845 2868; x_wconf 86' lang='grc' dir='ltr'>μακαρίου</span> 
     </span>
    </p>
   </div>
   <div class='ocr_carea' id='block_1_31' title="bbox 277 2884 1853 2959">
    <p class='ocr_par' dir='ltr' id='par_1_31' title="bbox 277 2884 1853 2959">
     <span class='ocr_line' id='line_1_31' title="bbox 277 2884 1853 2959; baseline 0.003 -21"><span class='ocrx_word' id='word_1_203' title='bbox 277 2884 566 2958; x_wconf 74' lang='grc' dir='ltr'>συνέρρεον</span> <span class='ocrx_word' id='word_1_204' title='bbox 625 2885 899 2957; x_wconf 84' lang='grc' dir='ltr'>σώματος.</span> <span class='ocrx_word' id='word_1_205' title='bbox 932 2888 997 2943; x_wconf 87' lang='grc' dir='ltr'><em>Ὃ</em></span> <span class='ocrx_word' id='word_1_206' title='bbox 1044 2888 1273 2941; x_wconf 72' lang='grc' dir='ltr'>καὶτῶν</span> <span class='ocrx_word' id='word_1_207' title='bbox 1301 2887 1465 2959; x_wconf 83' lang='grc' dir='ltr'>ἱερῶν</span> <span class='ocrx_word' id='word_1_208' title='bbox 1503 2887 1711 2959; x_wconf 79' lang='grc' dir='ltr'>ὕμνων,</span> <span class='ocrx_word' id='word_1_209' title='bbox 1754 2889 1853 2942; x_wconf 64' lang='grc' dir='ltr'><strong>καὶ⁵</strong></span> 
     </span>
    </p>
   </div>
   <div class='ocr_carea' id='block_1_32' title="bbox 274 2978 1852 3053">
    <p class='ocr_par' dir='ltr' id='par_1_32' title="bbox 274 2978 1852 3053">
     <span class='ocr_line' id='line_1_32' title="bbox 274 2978 1852 3053; baseline 0.004 -24"><span class='ocrx_word' id='word_1_210' title='bbox 274 2978 380 3042; x_wconf 76' lang='grc' dir='ltr'>τῆς</span> <span class='ocrx_word' id='word_1_211' title='bbox 437 2979 837 3051; x_wconf 81' lang='grc' dir='ltr'>νενομισμένης</span> <span class='ocrx_word' id='word_1_212' title='bbox 859 2980 1025 3051; x_wconf 81' lang='grc' dir='ltr'>τυχὸν</span> <span class='ocrx_word' id='word_1_213' title='bbox 1051 2978 1396 3051; x_wconf 74' lang='grc' dir='ltr'>ψαλμῳδίας,</span> <span class='ocrx_word' id='word_1_214' title='bbox 1430 2981 1619 3053; x_wconf 78' lang='grc' dir='ltr'>χεῖράς</span> <span class='ocrx_word' id='word_1_215' title='bbox 1642 2998 1702 3049; x_wconf 81' lang='grc' dir='ltr'><strong>τε</strong></span> <span class='ocrx_word' id='word_1_216' title='bbox 1735 2981 1852 3035; x_wconf 81' lang='grc' dir='ltr'>διαο</span> 
     </span>
    </p>
   </div>
   <div class='ocr_carea' id='block_1_33' title="bbox 275 3068 1841 3142">
    <p class='ocr_par' dir='ltr' id='par_1_33' title="bbox 275 3068 1841 3142">
     <span class='ocr_line' id='line_1_33' title="bbox 275 3068 1841 3142; baseline 0.003 -21"><span class='ocrx_word' id='word_1_217' title='bbox 275 3068 449 3138; x_wconf 75' lang='grc' dir='ltr'>φυγὺν</span> <span class='ocrx_word' id='word_1_218' title='bbox 473 3071 582 3122; x_wconf 85' lang='grc' dir='ltr'><strong>τῶν</strong></span> <span class='ocrx_word' id='word_1_219' title='bbox 626 3070 815 3142; x_wconf 82' lang='grc' dir='ltr'>ὥσπερ</span> <span class='ocrx_word' id='word_1_220' title='bbox 843 3070 924 3124; x_wconf 76' lang='grc' dir='ltr'>ἔτι</span> <span class='ocrx_word' id='word_1_221' title='bbox 971 3071 1171 3137; x_wconf 82' lang='grc' dir='ltr'>ζῶντος</span> <span class='ocrx_word' id='word_1_222' title='bbox 1199 3071 1627 3142; x_wconf 77' lang='grc' dir='ltr'>λαμϐανομένων</span> <span class='ocrx_word' id='word_1_223' title='bbox 1672 3071 1841 3126; x_wconf 71' lang='grc' dir='ltr'>αὑτοῦ</span> 
     </span>
    </p>
   </div>
   <div class='ocr_carea' id='block_1_34' title="bbox 275 3159 1852 3237">
    <p class='ocr_par' dir='ltr' id='par_1_34' title="bbox 275 3159 1852 3237">
     <span class='ocr_line' id='line_1_34' title="bbox 275 3159 1852 3237; baseline 0.004 -24"><span class='ocrx_word' id='word_1_224' title='bbox 275 3159 374 3213; x_wconf 66' lang='grc' dir='ltr'>καὶ</span> <span class='ocrx_word' id='word_1_225' title='bbox 414 3160 836 3230; x_wconf 74' lang='grc' dir='ltr'>ἀσπαζομένων,</span> <span class='ocrx_word' id='word_1_226' title='bbox 868 3162 990 3218; x_wconf 84' lang='grc' dir='ltr'>ὅλον</span> <span class='ocrx_word' id='word_1_227' title='bbox 1011 3180 1070 3217; x_wconf 89' lang='grc' dir='ltr'><strong>τε</strong></span> <span class='ocrx_word' id='word_1_228' title='bbox 1097 3165 1195 3219; x_wconf 80' lang='grc' dir='ltr'>σὺν</span> <span class='ocrx_word' id='word_1_229' title='bbox 1240 3167 1401 3237; x_wconf 81' lang='grc' dir='ltr'>ἡδονῇ</span> <span class='ocrx_word' id='word_1_230' title='bbox 1441 3165 1852 3237; x_wconf 83' lang='grc' dir='ltr'>περιπλεκομέ-</span> 
     </span>
    </p>
   </div>
   <div class='ocr_carea' id='block_1_35' title="bbox 280 3251 1850 3329">
    <p class='ocr_par' dir='ltr' id='par_1_35' title="bbox 280 3251 1850 3329">
     <span class='ocr_line' id='line_1_35' title="bbox 280 3251 1850 3329; baseline 0.006 -28"><span class='ocrx_word' id='word_1_231' title='bbox 280 3267 410 3314; x_wconf 87' lang='grc' dir='ltr'>νων,</span> <span class='ocrx_word' id='word_1_232' title='bbox 436 3251 525 3305; x_wconf 72' lang='lat' dir='ltr'><strong>ml.</strong></span> <span class='ocrx_word' id='word_1_233' title='bbox 562 3252 636 3324; x_wconf 84' lang='grc' dir='ltr'>μὴ</span> <span class='ocrx_word' id='word_1_234' title='bbox 664 3253 910 3324; x_wconf 88' lang='grc' dir='ltr'>μεθεῖναι</span> <span class='ocrx_word' id='word_1_235' title='bbox 956 3255 1429 3325; x_wconf 78' lang='grc' dir='ltr'>φιλονεικούντων,</span> <span class='ocrx_word' id='word_1_236' title='bbox 1477 3257 1716 3329; x_wconf 74' lang='grc' dir='ltr'>ἐχόμενὰ</span> <span class='ocrx_word' id='word_1_237' title='bbox 1747 3274 1850 3310; x_wconf 87' lang='grc' dir='ltr'><strong>που</strong></span> 
     </span>
    </p>
   </div>
   <div class='ocr_carea' id='block_1_36' title="bbox 281 3342 1853 3421">
    <p class='ocr_par' dir='ltr' id='par_1_36' title="bbox 281 3342 1853 3421">
     <span class='ocr_line' id='line_1_36' title="bbox 281 3342 1853 3421; baseline 0.007 -29"><span class='ocrx_word' id='word_1_238' title='bbox 281 3342 607 3397; x_wconf 72' lang='grc' dir='ltr'>Βασιλίσκου</span> <span class='ocrx_word' id='word_1_239' title='bbox 637 3344 733 3399; x_wconf 90' lang='grc' dir='ltr'><strong>τοῦ</strong></span> <span class='ocrx_word' id='word_1_240' title='bbox 771 3349 1050 3418; x_wconf 82' lang='grc' dir='ltr'>μάρτυρος</span> <span class='ocrx_word' id='word_1_241' title='bbox 1089 3348 1355 3421; x_wconf 80' lang='grc' dir='ltr'>κατετέθη</span> <span class='ocrx_word' id='word_1_242' title='bbox 1384 3352 1464 3414; x_wconf 84' lang='grc' dir='ltr'><strong>είς</strong></span> <span class='ocrx_word' id='word_1_243' title='bbox 1496 3350 1656 3418; x_wconf 82' lang='grc' dir='ltr'>δόξαν</span> <span class='ocrx_word' id='word_1_244' title='bbox 1693 3347 1853 3414; x_wconf 84' lang='grc' dir='ltr'>Θεοῦ,</span> 
     </span>
    </p>
   </div>
   <div class='ocr_carea' id='block_1_37' title="bbox 278 3425 1354 3503">
    <p class='ocr_par' dir='ltr' id='par_1_37' title="bbox 278 3425 1354 3503">
     <span class='ocr_line' id='line_1_37' title="bbox 278 3425 1354 3503; baseline 0.008 -16"><span class='ocrx_word' id='word_1_245' title='bbox 278 3425 346 3490; x_wconf 70' lang='grc' dir='ltr'><strong>οὗ</strong></span> <span class='ocrx_word' id='word_1_246' title='bbox 380 3433 555 3490; x_wconf 82' lang='grc' dir='ltr'>πάντα</span> <span class='ocrx_word' id='word_1_247' title='bbox 573 3436 653 3500; x_wconf 88' lang='grc' dir='ltr'><strong>είς</strong></span> <span class='ocrx_word' id='word_1_248' title='bbox 671 3437 829 3503; x_wconf 79' lang='grc' dir='ltr'>δόξαν</span> <span class='ocrx_word' id='word_1_249' title='bbox 852 3439 1014 3503; x_wconf 73' lang='grc' dir='ltr'>αὐτὸς</span> <span class='ocrx_word' id='word_1_250' title='bbox 1046 3439 1217 3495; x_wconf 76' lang='grc' dir='ltr'>ἐποίει</span> <span class='ocrx_word' id='word_1_251' title='bbox 1246 3440 1354 3496; x_wconf 85' lang='grc' dir='ltr'>ἀεί.</span> 
     </span>
    </p>
   </div>
   <div class='ocr_carea' id='block_1_38' title="bbox 1945 591 3516 660">
    <p class='ocr_par' dir='ltr' id='par_1_38' title="bbox 1945 591 3516 660">
     <span class='ocr_line' id='line_1_38' title="bbox 1945 591 3516 660; baseline -0.002 -9"><span class='ocrx_word' id='word_1_252' title='bbox 1945 596 2076 651; x_wconf 90' lang='lat' dir='ltr'><strong>illud</strong></span> <span class='ocrx_word' id='word_1_253' title='bbox 2107 595 2210 651; x_wconf 91' lang='lat' dir='ltr'><strong>iter</strong></span> <span class='ocrx_word' id='word_1_254' title='bbox 2240 594 2381 660; x_wconf 89' lang='lat' dir='ltr'><strong>iniit,</strong></span> <span class='ocrx_word' id='word_1_255' title='bbox 2426 602 2486 649; x_wconf 93' lang='lat' dir='ltr'><strong>ut</strong></span> <span class='ocrx_word' id='word_1_256' title='bbox 2518 594 2794 650; x_wconf 80' lang='lat' dir='ltr'><strong>Christum</strong></span> <span class='ocrx_word' id='word_1_257' title='bbox 2852 593 3080 657; x_wconf 88' lang='lat' dir='ltr'><strong>videret,</strong></span> <span class='ocrx_word' id='word_1_258' title='bbox 3122 607 3245 647; x_wconf 92' lang='lat' dir='ltr'><strong>cum</strong></span> <span class='ocrx_word' id='word_1_259' title='bbox 3298 591 3516 648; x_wconf 76' lang='lat' dir='ltr'><strong>Christo</strong></span> 
     </span>
    </p>
   </div>
   <div class='ocr_carea' id='block_1_39' title="bbox 1943 672 3518 756">
    <p class='ocr_par' dir='ltr' id='par_1_39' title="bbox 1943 672 3518 756">
     <span class='ocr_line' id='line_1_39' title="bbox 1943 672 3518 756; baseline -0.004 -13"><span class='ocrx_word' id='word_1_260' title='bbox 1943 695 2274 750; x_wconf 75' lang='lat' dir='ltr'><strong>versaretur,</strong></span> <span class='ocrx_word' id='word_1_261' title='bbox 2305 686 2502 742; x_wconf 82' lang='lat' dir='ltr'><strong>Christi</strong></span> <span class='ocrx_word' id='word_1_262' title='bbox 2554 696 2819 756; x_wconf 86' lang='lat' dir='ltr'><strong>perpetuo</strong></span> <span class='ocrx_word' id='word_1_263' title='bbox 2863 685 3164 741; x_wconf 79' lang='lat' dir='ltr'><strong>exsultaret</strong></span> <span class='ocrx_word' id='word_1_264' title='bbox 3213 672 3518 753; x_wconf 77' lang='lat' dir='ltr'><strong>pulchritu-</strong></span> 
     </span>
    </p>
   </div>
   <div class='ocr_carea' id='block_1_40' title="bbox 1943 774 3519 850">
    <p class='ocr_par' dir='ltr' id='par_1_40' title="bbox 1943 774 3519 850">
     <span class='ocr_line' id='line_1_40' title="bbox 1943 774 3519 850; baseline -0.004 -14"><span class='ocrx_word' id='word_1_265' title='bbox 1943 781 2105 837; x_wconf 90' lang='lat' dir='ltr'><strong>dine:</strong></span> <span class='ocrx_word' id='word_1_266' title='bbox 2140 780 2240 836; x_wconf 89' lang='lat' dir='ltr'><strong>sibi</strong></span> <span class='ocrx_word' id='word_1_267' title='bbox 2269 780 2488 850; x_wconf 81' lang='lat' dir='ltr'><strong>quidem</strong></span> <span class='ocrx_word' id='word_1_268' title='bbox 2519 779 2647 834; x_wconf 78' lang='lat' dir='ltr'><strong>felix</strong></span> <span class='ocrx_word' id='word_1_269' title='bbox 2708 778 2779 833; x_wconf 87' lang='lat' dir='ltr'><strong>ob</strong></span> <span class='ocrx_word' id='word_1_270' title='bbox 2811 778 3094 833; x_wconf 66' lang='lat' dir='ltr'><strong>decessum</strong></span> <span class='ocrx_word' id='word_1_271' title='bbox 3128 784 3183 830; x_wconf 90' lang='lat' dir='ltr'><strong>et</strong></span> <span class='ocrx_word' id='word_1_272' title='bbox 3242 774 3519 845; x_wconf 84' lang='lat' dir='ltr'><strong>migratio-</strong></span> 
     </span>
    </p>
   </div>
   <div class='ocr_carea' id='block_1_41' title="bbox 1943 867 3517 943">
    <p class='ocr_par' dir='ltr' id='par_1_41' title="bbox 1943 867 3517 943">
     <span class='ocr_line' id='line_1_41' title="bbox 1943 867 3517 943; baseline -0.004 -16"><span class='ocrx_word' id='word_1_273' title='bbox 1943 888 2067 933; x_wconf 87' lang='lat' dir='ltr'><strong>nem</strong></span> <span class='ocrx_word' id='word_1_274' title='bbox 2093 890 2106 927; x_wconf 87' lang='lat'><strong>:</strong></span> <span class='ocrx_word' id='word_1_275' title='bbox 2134 887 2385 943; x_wconf 80' lang='lat' dir='ltr'><strong>magnam</strong></span> <span class='ocrx_word' id='word_1_276' title='bbox 2416 881 2598 926; x_wconf 89' lang='lat' dir='ltr'><strong>autem</strong></span> <span class='ocrx_word' id='word_1_277' title='bbox 2629 869 2865 925; x_wconf 81' lang='lat' dir='ltr'><strong>afferens</strong></span> <span class='ocrx_word' id='word_1_278' title='bbox 2891 869 3162 925; x_wconf 84' lang='lat' dir='ltr'><strong>tristitiam</strong></span> <span class='ocrx_word' id='word_1_279' title='bbox 3192 867 3258 922; x_wconf 90' lang='lat' dir='ltr'><strong>iis</strong></span> <span class='ocrx_word' id='word_1_280' title='bbox 3307 867 3396 938; x_wconf 89' lang='lat' dir='ltr'><strong>qui</strong></span> <span class='ocrx_word' id='word_1_281' title='bbox 3427 881 3517 922; x_wconf 82' lang='lat' dir='ltr'><strong>res</strong></span> 
     </span>
    </p>
   </div>
   <div class='ocr_carea' id='block_1_42' title="bbox 1943 957 3512 1038">
    <p class='ocr_par' dir='ltr' id='par_1_42' title="bbox 1943 957 3512 1038">
     <span class='ocr_line' id='line_1_42' title="bbox 1943 957 3512 1038; baseline -0.006 -17"><span class='ocrx_word' id='word_1_282' title='bbox 1943 966 2086 1021; x_wconf 88' lang='lat' dir='ltr'><strong>illius</strong></span> <span class='ocrx_word' id='word_1_283' title='bbox 2110 964 2338 1038; x_wconf 89' lang='lat' dir='ltr'><strong>pulchre</strong></span> <span class='ocrx_word' id='word_1_284' title='bbox 2368 971 2659 1029; x_wconf 87' lang='lat' dir='ltr'><strong>noverant,</strong></span> <span class='ocrx_word' id='word_1_285' title='bbox 2689 972 2746 1017; x_wconf 88' lang='lat' dir='ltr'><strong>et</strong></span> <span class='ocrx_word' id='word_1_286' title='bbox 2770 962 2969 1031; x_wconf 90' lang='lat' dir='ltr'><strong>quibus</strong></span> <span class='ocrx_word' id='word_1_287' title='bbox 2998 961 3082 1015; x_wconf 87' lang='lat' dir='ltr'><strong>vel</strong></span> <span class='ocrx_word' id='word_1_288' title='bbox 3121 960 3391 1015; x_wconf 87' lang='lat' dir='ltr'><strong>modicum</strong></span> <span class='ocrx_word' id='word_1_289' title='bbox 3428 957 3512 1013; x_wconf 87' lang='lat' dir='ltr'><strong>sui</strong></span> 
     </span>
    </p>
   </div>
   <div class='ocr_carea' id='block_1_43' title="bbox 1941 1051 3515 1131">
    <p class='ocr_par' dir='ltr' id='par_1_43' title="bbox 1941 1051 3515 1131">
     <span class='ocr_line' id='line_1_43' title="bbox 1941 1051 3515 1131; baseline -0.007 -15"><span class='ocrx_word' id='word_1_290' title='bbox 1941 1059 2116 1116; x_wconf 86' lang='lat' dir='ltr'><strong>mellis</strong></span> <span class='ocrx_word' id='word_1_291' title='bbox 2145 1069 2362 1131; x_wconf 79' lang='lat' dir='ltr'><strong>gustum</strong></span> <span class='ocrx_word' id='word_1_292' title='bbox 2391 1056 2721 1127; x_wconf 82' lang='lat' dir='ltr'><strong>praebuerat.</strong></span> <span class='ocrx_word' id='word_1_293' title='bbox 2750 1054 2876 1109; x_wconf 85' lang='lat' dir='ltr'><strong>Fuit</strong></span> <span class='ocrx_word' id='word_1_294' title='bbox 2911 1062 3094 1108; x_wconf 91' lang='lat' dir='ltr'><strong>autem</strong></span> <span class='ocrx_word' id='word_1_295' title='bbox 3118 1052 3234 1107; x_wconf 90' lang='lat' dir='ltr'><strong>dies</strong></span> <span class='ocrx_word' id='word_1_296' title='bbox 3264 1052 3384 1120; x_wconf 88' lang='lat' dir='ltr'><strong>ejus</strong></span> <span class='ocrx_word' id='word_1_297' title='bbox 3417 1051 3515 1105; x_wconf 90' lang='lat' dir='ltr'><strong>de-</strong></span> 
     </span>
    </p>
   </div>
   <div class='ocr_carea' id='block_1_44' title="bbox 1942 1143 3517 1233">
    <p class='ocr_par' dir='ltr' id='par_1_44' title="bbox 1942 1143 3517 1233">
     <span class='ocr_line' id='line_1_44' title="bbox 1942 1143 3517 1233; baseline -0.006 -27"><span class='ocrx_word' id='word_1_298' title='bbox 1942 1166 2153 1215; x_wconf 86' lang='lat' dir='ltr'><strong>cessus,</strong></span> <span class='ocrx_word' id='word_1_299' title='bbox 2188 1148 2281 1233; x_wconf 76' lang='lat' dir='ltr'><strong>gui</strong></span> <span class='ocrx_word' id='word_1_300' title='bbox 2315 1147 2415 1204; x_wconf 92' lang='lat' dir='ltr'><strong>fuit</strong></span> <span class='ocrx_word' id='word_1_301' title='bbox 2456 1147 2683 1201; x_wconf 77' lang='lat' dir='ltr'><strong>vivifica:</strong></span> <span class='ocrx_word' id='word_1_302' title='bbox 2716 1146 2929 1208; x_wconf 57' lang='lat' dir='ltr'><strong>(trucis,</strong></span> <span class='ocrx_word' id='word_1_303' title='bbox 2963 1159 3125 1215; x_wconf 89' lang='lat' dir='ltr'><strong>quam</strong></span> <span class='ocrx_word' id='word_1_304' title='bbox 3180 1161 3242 1198; x_wconf 83' lang='lat' dir='ltr'><strong>ex</strong></span> <span class='ocrx_word' id='word_1_305' title='bbox 3285 1158 3342 1197; x_wconf 90' lang='lat' dir='ltr'><strong>re</strong></span> <span class='ocrx_word' id='word_1_306' title='bbox 3403 1143 3517 1213; x_wconf 89' lang='lat' dir='ltr'><strong>ipsa</strong></span> 
     </span>
    </p>
   </div>
   <div class='ocr_carea' id='block_1_45' title="bbox 1942 1234 3515 1306">
    <p class='ocr_par' dir='ltr' id='par_1_45' title="bbox 1942 1234 3515 1306">
     <span class='ocr_line' id='line_1_45' title="bbox 1942 1234 3515 1306; baseline -0.007 -8"><span class='ocrx_word' id='word_1_307' title='bbox 1942 1244 2185 1299; x_wconf 87' lang='lat' dir='ltr'><strong>solemus</strong></span> <span class='ocrx_word' id='word_1_308' title='bbox 2212 1255 2406 1295; x_wconf 85' lang='lat' dir='ltr'><strong>vocare</strong></span> <span class='ocrx_word' id='word_1_309' title='bbox 2428 1239 2853 1301; x_wconf 82' lang='lat' dir='ltr'><strong>Exallationem,</strong></span> <span class='ocrx_word' id='word_1_310' title='bbox 2871 1252 3011 1306; x_wconf 67' lang='lat' dir='ltr'><strong>qum,</strong></span> <span class='ocrx_word' id='word_1_311' title='bbox 3039 1245 3094 1293; x_wconf 90' lang='lat' dir='ltr'><strong>ut</strong></span> <span class='ocrx_word' id='word_1_312' title='bbox 3110 1251 3299 1290; x_wconf 88' lang='lat' dir='ltr'><strong>omnes</strong></span> <span class='ocrx_word' id='word_1_313' title='bbox 3315 1234 3515 1299; x_wconf 90' lang='lat' dir='ltr'><strong>sciunt,</strong></span> 
     </span>
    </p>
   </div>
   <div class='ocr_carea' id='block_1_46' title="bbox 1943 1326 3522 1427">
    <p class='ocr_par' dir='ltr' id='par_1_46' title="bbox 1943 1326 3522 1427">
     <span class='ocr_line' id='line_1_46' title="bbox 1943 1326 3522 1427; baseline -0.008 -34"><span class='ocrx_word' id='word_1_314' title='bbox 1943 1337 2253 1393; x_wconf 87' lang='lat' dir='ltr'><strong>celebratur</strong></span> <span class='ocrx_word' id='word_1_315' title='bbox 2276 1343 2473 1427; x_wconf 68' lang='lat' dir='ltr'><strong>quarto</strong></span> <span class='ocrx_word' id='word_1_316' title='bbox 2503 1333 2717 1388; x_wconf 87' lang='lat' dir='ltr'><strong>decimo</strong></span> <span class='ocrx_word' id='word_1_317' title='bbox 2749 1329 3085 1401; x_wconf 79' lang='lat' dir='ltr'><strong>Septembris</strong></span> <span class='ocrx_word' id='word_1_318' title='bbox 3127 1328 3258 1398; x_wconf 84' lang='lat'><strong>(56).</strong></span> <span class='ocrx_word' id='word_1_319' title='bbox 3293 1326 3522 1397; x_wconf 87' lang='lat' dir='ltr'><strong>Oporte-</strong></span> 
     </span>
    </p>
   </div>
   <div class='ocr_carea' id='block_1_47' title="bbox 1943 1418 3526 1496">
    <p class='ocr_par' dir='ltr' id='par_1_47' title="bbox 1943 1418 3526 1496">
     <span class='ocr_line' id='line_1_47' title="bbox 1943 1418 3526 1496; baseline -0.006 -12"><span class='ocrx_word' id='word_1_320' title='bbox 1943 1430 2036 1484; x_wconf 85' lang='lat' dir='ltr'><strong>bat</strong></span> <span class='ocrx_word' id='word_1_321' title='bbox 2065 1427 2210 1483; x_wconf 89' lang='lat' dir='ltr'><strong>enim</strong></span> <span class='ocrx_word' id='word_1_322' title='bbox 2235 1443 2383 1491; x_wconf 89' lang='lat' dir='ltr'><strong>eum,</strong></span> <span class='ocrx_word' id='word_1_323' title='bbox 2412 1418 2516 1496; x_wconf 53' lang='lat' dir='ltr'><strong>&#39;qui</strong></span> <span class='ocrx_word' id='word_1_324' title='bbox 2545 1440 2604 1480; x_wconf 91' lang='lat' dir='ltr'><strong>se</strong></span> <span class='ocrx_word' id='word_1_325' title='bbox 2639 1423 2768 1478; x_wconf 90' lang='lat' dir='ltr'><strong>nulli</strong></span> <span class='ocrx_word' id='word_1_326' title='bbox 2813 1438 2994 1477; x_wconf 92' lang='lat' dir='ltr'><strong>rerum</strong></span> <span class='ocrx_word' id='word_1_327' title='bbox 3035 1421 3385 1493; x_wconf 63' lang='lat' dir='ltr'><strong>pragsentium</strong></span> <span class='ocrx_word' id='word_1_328' title='bbox 3429 1421 3526 1474; x_wconf 86' lang='lat' dir='ltr'><strong>de-</strong></span> 
     </span>
    </p>
   </div>
   <div class='ocr_carea' id='block_1_48' title="bbox 1944 1510 3520 1585">
    <p class='ocr_par' dir='ltr' id='par_1_48' title="bbox 1944 1510 3520 1585">
     <span class='ocr_line' id='line_1_48' title="bbox 1944 1510 3520 1585; baseline -0.006 -11"><span class='ocrx_word' id='word_1_329' title='bbox 1944 1519 2177 1585; x_wconf 88' lang='lat' dir='ltr'><strong>diderat,</strong></span> <span class='ocrx_word' id='word_1_330' title='bbox 2212 1519 2307 1574; x_wconf 88' lang='lat' dir='ltr'><strong>sed</strong></span> <span class='ocrx_word' id='word_1_331' title='bbox 2339 1534 2398 1573; x_wconf 89' lang='lat' dir='ltr'><strong>se</strong></span> <span class='ocrx_word' id='word_1_332' title='bbox 2435 1525 2608 1572; x_wconf 90' lang='lat' dir='ltr'><strong>totum</strong></span> <span class='ocrx_word' id='word_1_333' title='bbox 2638 1514 2846 1570; x_wconf 90' lang='lat' dir='ltr'><strong>mundo</strong></span> <span class='ocrx_word' id='word_1_334' title='bbox 2892 1513 3117 1582; x_wconf 88' lang='lat' dir='ltr'><strong>omnino</strong></span> <span class='ocrx_word' id='word_1_335' title='bbox 3151 1510 3520 1573; x_wconf 82' lang='lat' dir='ltr'><strong>crucifixerat,</strong></span> 
     </span>
    </p>
   </div>
   <div class='ocr_carea' id='block_1_49' title="bbox 1943 1601 3521 1679">
    <p class='ocr_par' dir='ltr' id='par_1_49' title="bbox 1943 1601 3521 1679">
     <span class='ocr_line' id='line_1_49' title="bbox 1943 1601 3521 1679; baseline -0.008 -12"><span class='ocrx_word' id='word_1_336' title='bbox 1943 1621 1999 1667; x_wconf 89' lang='lat' dir='ltr'><strong>et</strong></span> <span class='ocrx_word' id='word_1_337' title='bbox 2029 1611 2174 1666; x_wconf 87' lang='lat' dir='ltr'><strong>nulla</strong></span> <span class='ocrx_word' id='word_1_338' title='bbox 2210 1625 2268 1665; x_wconf 88' lang='lat' dir='ltr'><strong>re</strong></span> <span class='ocrx_word' id='word_1_339' title='bbox 2302 1610 2408 1664; x_wconf 90' lang='lat' dir='ltr'><strong>alia</strong></span> <span class='ocrx_word' id='word_1_340' title='bbox 2461 1606 2722 1679; x_wconf 84' lang='lat' dir='ltr'><strong>gloriatus</strong></span> <span class='ocrx_word' id='word_1_341' title='bbox 2769 1605 2968 1669; x_wconf 82' lang='lat' dir='ltr'><strong>fuerat,</strong></span> <span class='ocrx_word' id='word_1_342' title='bbox 3021 1616 3187 1672; x_wconf 87' lang='lat' dir='ltr'><strong>quam</strong></span> <span class='ocrx_word' id='word_1_343' title='bbox 3236 1601 3289 1655; x_wconf 90' lang='lat' dir='ltr'><strong>in</strong></span> <span class='ocrx_word' id='word_1_344' title='bbox 3354 1615 3521 1656; x_wconf 92' lang='lat' dir='ltr'><strong>cruce</strong></span> 
     </span>
    </p>
   </div>
   <div class='ocr_carea' id='block_1_50' title="bbox 1943 1693 3524 1773">
    <p class='ocr_par' dir='ltr' id='par_1_50' title="bbox 1943 1693 3524 1773">
     <span class='ocr_line' id='line_1_50' title="bbox 1943 1693 3524 1773; baseline -0.008 -14"><span class='ocrx_word' id='word_1_345' title='bbox 1943 1703 2168 1767; x_wconf 77' lang='lat' dir='ltr'><strong>Christi,</strong></span> <span class='ocrx_word' id='word_1_346' title='bbox 2199 1716 2264 1757; x_wconf 94' lang='lat' dir='ltr'><strong>eo</strong></span> <span class='ocrx_word' id='word_1_347' title='bbox 2288 1702 2407 1773; x_wconf 91' lang='lat' dir='ltr'><strong>ipso</strong></span> <span class='ocrx_word' id='word_1_348' title='bbox 2436 1700 2523 1756; x_wconf 91' lang='lat' dir='ltr'><strong>die</strong></span> <span class='ocrx_word' id='word_1_349' title='bbox 2554 1698 2695 1755; x_wconf 88' lang='lat' dir='ltr'><strong>festo</strong></span> <span class='ocrx_word' id='word_1_350' title='bbox 2726 1695 2938 1755; x_wconf 88' lang='lat' dir='ltr'><strong>Crucis.</strong></span> <span class='ocrx_word' id='word_1_351' title='bbox 2973 1710 3098 1749; x_wconf 87' lang='lat' dir='ltr'><strong>eum</strong></span> <span class='ocrx_word' id='word_1_352' title='bbox 3149 1693 3328 1761; x_wconf 92' lang='lat' dir='ltr'><strong>ipsum</strong></span> <span class='ocrx_word' id='word_1_353' title='bbox 3390 1708 3524 1764; x_wconf 74' lang='lat' dir='ltr'><strong>quo—</strong></span> 
     </span>
    </p>
   </div>
   <div class='ocr_carea' id='block_1_51' title="bbox 1944 1786 3524 1866">
    <p class='ocr_par' dir='ltr' id='par_1_51' title="bbox 1944 1786 3524 1866">
     <span class='ocr_line' id='line_1_51' title="bbox 1944 1786 3524 1866; baseline -0.008 -15"><span class='ocrx_word' id='word_1_354' title='bbox 1944 1810 2050 1866; x_wconf 92' lang='lat' dir='ltr'><strong>que</strong></span> <span class='ocrx_word' id='word_1_355' title='bbox 2069 1794 2341 1865; x_wconf 83' lang='lat' dir='ltr'><strong>deponere</strong></span> <span class='ocrx_word' id='word_1_356' title='bbox 2374 1792 2683 1864; x_wconf 87' lang='lat' dir='ltr'><strong>pulverem,</strong></span> <span class='ocrx_word' id='word_1_357' title='bbox 2707 1803 2873 1859; x_wconf 88' lang='lat' dir='ltr'><strong>quem</strong></span> <span class='ocrx_word' id='word_1_358' title='bbox 2901 1787 3140 1843; x_wconf 85' lang='lat' dir='ltr'><strong>habebat</strong></span> <span class='ocrx_word' id='word_1_359' title='bbox 3178 1801 3241 1841; x_wconf 81' lang='lat' dir='ltr'><strong>ex</strong></span> <span class='ocrx_word' id='word_1_360' title='bbox 3273 1786 3376 1841; x_wconf 87' lang='lat' dir='ltr'><strong>hac</strong></span> <span class='ocrx_word' id='word_1_361' title='bbox 3406 1800 3524 1839; x_wconf 83' lang='lat' dir='ltr'><strong>ma-</strong></span> 
     </span>
    </p>
   </div>
   <div class='ocr_carea' id='block_1_52' title="bbox 1948 1877 3522 1954">
    <p class='ocr_par' dir='ltr' id='par_1_52' title="bbox 1948 1877 3522 1954">
     <span class='ocr_line' id='line_1_52' title="bbox 1948 1877 3522 1954; baseline -0.01 -10"><span class='ocrx_word' id='word_1_362' title='bbox 1948 1888 2104 1951; x_wconf 88' lang='lat' dir='ltr'><strong>teria.</strong></span> <span class='ocrx_word' id='word_1_363' title='bbox 2149 1898 2205 1943; x_wconf 89' lang='lat' dir='ltr'><strong>et</strong></span> <span class='ocrx_word' id='word_1_364' title='bbox 2236 1886 2502 1941; x_wconf 91' lang='lat' dir='ltr'><strong>mundum</strong></span> <span class='ocrx_word' id='word_1_365' title='bbox 2533 1882 2822 1954; x_wconf 85' lang='lat' dir='ltr'><strong>pervenire</strong></span> <span class='ocrx_word' id='word_1_366' title='bbox 2869 1879 2935 1935; x_wconf 90' lang='lat' dir='ltr'><strong>ad</strong></span> <span class='ocrx_word' id='word_1_367' title='bbox 2972 1894 3115 1944; x_wconf 91' lang='lat' dir='ltr'><strong>eam,</strong></span> <span class='ocrx_word' id='word_1_368' title='bbox 3173 1893 3293 1950; x_wconf 74' lang='lat' dir='ltr'><strong>qua:</strong></span> <span class='ocrx_word' id='word_1_369' title='bbox 3343 1884 3427 1932; x_wconf 90' lang='lat' dir='ltr'><strong>est</strong></span> <span class='ocrx_word' id='word_1_370' title='bbox 3468 1877 3522 1930; x_wconf 90' lang='lat' dir='ltr'><strong>in</strong></span> 
     </span>
    </p>
   </div>
   <div class='ocr_carea' id='block_1_53' title="bbox 1932 1977 2646 2047">
    <p class='ocr_par' dir='ltr' id='par_1_53' title="bbox 1932 1977 2646 2047">
     <span class='ocr_line' id='line_1_53' title="bbox 1932 1977 2646 2047; baseline -0.013 -8"><span class='ocrx_word' id='word_1_371' title='bbox 1932 1980 2118 2047; x_wconf 66' lang='lat' dir='ltr'><strong>caelis,</strong></span> <span class='ocrx_word' id='word_1_372' title='bbox 2144 1977 2646 2036; x_wconf 86' lang='lat' dir='ltr'><strong>conversationem.</strong></span> 
     </span>
    </p>
   </div>
   <div class='ocr_carea' id='block_1_54' title="bbox 2018 2235 3524 2309">
    <p class='ocr_par' dir='ltr' id='par_1_54' title="bbox 2018 2235 3524 2309">
     <span class='ocr_line' id='line_1_54' title="bbox 2018 2235 3524 2309; baseline -0.008 -7"><span class='ocrx_word' id='word_1_373' title='bbox 2018 2245 2154 2302; x_wconf 80' lang='lat' dir='ltr'><strong>LXI.</strong></span> <span class='ocrx_word' id='word_1_374' title='bbox 2185 2245 2339 2300; x_wconf 88' lang='lat' dir='ltr'><strong>Tunc</strong></span> <span class='ocrx_word' id='word_1_375' title='bbox 2374 2251 2558 2298; x_wconf 90' lang='lat' dir='ltr'><strong>autem</strong></span> <span class='ocrx_word' id='word_1_376' title='bbox 2590 2239 2809 2297; x_wconf 85' lang='lat' dir='ltr'><strong>exsistit</strong></span> <span class='ocrx_word' id='word_1_377' title='bbox 2834 2237 3109 2309; x_wconf 82' lang='lat' dir='ltr'><strong>quoddam</strong></span> <span class='ocrx_word' id='word_1_378' title='bbox 3134 2235 3524 2293; x_wconf 86' lang='lat' dir='ltr'><strong>manifestissi-</strong></span> 
     </span>
    </p>
   </div>
   <div class='ocr_carea' id='block_1_55' title="bbox 1946 2326 3525 2394">
    <p class='ocr_par' dir='ltr' id='par_1_55' title="bbox 1946 2326 3525 2394">
     <span class='ocr_line' id='line_1_55' title="bbox 1946 2326 3525 2394; baseline -0.008 0"><span class='ocrx_word' id='word_1_379' title='bbox 1946 2354 2095 2394; x_wconf 89' lang='lat' dir='ltr'><strong>mum</strong></span> <span class='ocrx_word' id='word_1_380' title='bbox 2130 2335 2389 2392; x_wconf 90' lang='lat' dir='ltr'><strong>indicium</strong></span> <span class='ocrx_word' id='word_1_381' title='bbox 2411 2333 2654 2389; x_wconf 88' lang='lat' dir='ltr'><strong>omnium</strong></span> <span class='ocrx_word' id='word_1_382' title='bbox 2709 2330 2912 2387; x_wconf 89' lang='lat' dir='ltr'><strong>amoris</strong></span> <span class='ocrx_word' id='word_1_383' title='bbox 2955 2329 3009 2384; x_wconf 93' lang='lat' dir='ltr'><strong>in</strong></span> <span class='ocrx_word' id='word_1_384' title='bbox 3052 2326 3342 2384; x_wconf 88' lang='lat' dir='ltr'><strong>Sanctum.</strong></span> <span class='ocrx_word' id='word_1_385' title='bbox 3391 2326 3525 2383; x_wconf 79' lang='lat' dir='ltr'><strong>Nam</strong></span> 
     </span>
    </p>
   </div>
   <div class='ocr_carea' id='block_1_56' title="bbox 1945 2417 3528 2498">
    <p class='ocr_par' dir='ltr' id='par_1_56' title="bbox 1945 2417 3528 2498">
     <span class='ocr_line' id='line_1_56' title="bbox 1945 2417 3528 2498; baseline -0.009 -12"><span class='ocrx_word' id='word_1_386' title='bbox 1945 2444 2071 2487; x_wconf 88' lang='lat' dir='ltr'><strong>cum</strong></span> <span class='ocrx_word' id='word_1_387' title='bbox 2095 2429 2210 2498; x_wconf 91' lang='lat' dir='ltr'><strong>jam</strong></span> <span class='ocrx_word' id='word_1_388' title='bbox 2233 2427 2300 2481; x_wconf 91' lang='lat' dir='ltr'><strong>ad</strong></span> <span class='ocrx_word' id='word_1_389' title='bbox 2336 2426 2635 2480; x_wconf 84' lang='lat' dir='ltr'><strong>multorum</strong></span> <span class='ocrx_word' id='word_1_390' title='bbox 2687 2436 2848 2476; x_wconf 84' lang='lat' dir='ltr'><strong>aures</strong></span> <span class='ocrx_word' id='word_1_391' title='bbox 2907 2418 3245 2489; x_wconf 85' lang='lat' dir='ltr'><strong>pervenisset</strong></span> <span class='ocrx_word' id='word_1_392' title='bbox 3273 2431 3398 2472; x_wconf 85' lang='lat' dir='ltr'><strong>eum</strong></span> <span class='ocrx_word' id='word_1_393' title='bbox 3429 2417 3528 2472; x_wconf 87' lang='lat' dir='ltr'><strong>de-</strong></span> 
     </span>
    </p>
   </div>
   <div class='ocr_carea' id='block_1_57' title="bbox 1946 2509 3526 2584">
    <p class='ocr_par' dir='ltr' id='par_1_57' title="bbox 1946 2509 3526 2584">
     <span class='ocr_line' id='line_1_57' title="bbox 1946 2509 3526 2584; baseline -0.01 -6"><span class='ocrx_word' id='word_1_394' title='bbox 1946 2519 2202 2584; x_wconf 87' lang='lat' dir='ltr'><strong>cessisse,</strong></span> <span class='ocrx_word' id='word_1_395' title='bbox 2235 2524 2292 2571; x_wconf 92' lang='lat' dir='ltr'><strong>et</strong></span> <span class='ocrx_word' id='word_1_396' title='bbox 2346 2513 2656 2571; x_wconf 83' lang='lat' dir='ltr'><strong>communis</strong></span> <span class='ocrx_word' id='word_1_397' title='bbox 2693 2513 2908 2583; x_wconf 86' lang='lat' dir='ltr'><strong>jactura</strong></span> <span class='ocrx_word' id='word_1_398' title='bbox 2944 2509 2997 2563; x_wconf 92' lang='lat' dir='ltr'><strong>in</strong></span> <span class='ocrx_word' id='word_1_399' title='bbox 3052 2521 3269 2564; x_wconf 85' lang='lat' dir='ltr'><strong>onmem</strong></span> <span class='ocrx_word' id='word_1_400' title='bbox 3313 2517 3526 2578; x_wconf 84' lang='lat' dir='ltr'><strong>partem</strong></span> 
     </span>
    </p>
   </div>
   <div class='ocr_carea' id='block_1_58' title="bbox 1946 2593 3530 2682">
    <p class='ocr_par' dir='ltr' id='par_1_58' title="bbox 1946 2593 3530 2682">
     <span class='ocr_line' id='line_1_58' title="bbox 1946 2593 3530 2682; baseline -0.011 -17"><span class='ocrx_word' id='word_1_401' title='bbox 1946 2606 2329 2682; x_wconf 86' lang='lat' dir='ltr'><strong>persuaderet,</strong></span> <span class='ocrx_word' id='word_1_402' title='bbox 2395 2600 2689 2658; x_wconf 89' lang='lat' dir='ltr'><strong>multitudo</strong></span> <span class='ocrx_word' id='word_1_403' title='bbox 2745 2596 3184 2657; x_wconf 84' lang='lat' dir='ltr'><strong>innumerabilis,</strong></span> <span class='ocrx_word' id='word_1_404' title='bbox 3236 2593 3530 2650; x_wconf 88' lang='lat' dir='ltr'><strong>multitudo</strong></span> 
     </span>
    </p>
   </div>
   <div class='ocr_carea' id='block_1_59' title="bbox 1948 2686 3531 2757">
    <p class='ocr_par' dir='ltr' id='par_1_59' title="bbox 1948 2686 3531 2757">
     <span class='ocr_line' id='line_1_59' title="bbox 1948 2686 3531 2757; baseline -0.012 1"><span class='ocrx_word' id='word_1_405' title='bbox 1948 2689 2284 2757; x_wconf 85' lang='lat' dir='ltr'><strong>incredibilis</strong></span> <span class='ocrx_word' id='word_1_406' title='bbox 2312 2697 2551 2754; x_wconf 85' lang='lat' dir='ltr'><strong>virorum</strong></span> <span class='ocrx_word' id='word_1_407' title='bbox 2601 2692 2764 2749; x_wconf 84' lang='lat' dir='ltr'><strong>simul</strong></span> <span class='ocrx_word' id='word_1_408' title='bbox 2803 2698 2860 2746; x_wconf 91' lang='lat' dir='ltr'><strong>et</strong></span> <span class='ocrx_word' id='word_1_409' title='bbox 2916 2689 3229 2751; x_wconf 86' lang='lat' dir='ltr'><strong>mulierum,</strong></span> <span class='ocrx_word' id='word_1_410' title='bbox 3261 2702 3385 2757; x_wconf 65' lang='lat' dir='ltr'><strong>quae</strong></span> <span class='ocrx_word' id='word_1_411' title='bbox 3441 2686 3531 2756; x_wconf 88' lang='lat' dir='ltr'><strong>pie</strong></span> 
     </span>
    </p>
   </div>
   <div class='ocr_carea' id='block_1_60' title="bbox 1950 2780 3532 2859">
    <p class='ocr_par' dir='ltr' id='par_1_60' title="bbox 1950 2780 3532 2859">
     <span class='ocr_line' id='line_1_60' title="bbox 1950 2780 3532 2859; baseline -0.01 -9"><span class='ocrx_word' id='word_1_412' title='bbox 1950 2793 2373 2855; x_wconf 81' lang='lat' dir='ltr'><strong>exercebantur,</strong></span> <span class='ocrx_word' id='word_1_413' title='bbox 2401 2805 2465 2844; x_wconf 85' lang='lat' dir='ltr'><strong>ex</strong></span> <span class='ocrx_word' id='word_1_414' title='bbox 2495 2787 2611 2859; x_wconf 83' lang='lat' dir='ltr'><strong>ipsa</strong></span> <span class='ocrx_word' id='word_1_415' title='bbox 2635 2784 2790 2857; x_wconf 80' lang='lat' dir='ltr'><strong>Syria</strong></span> <span class='ocrx_word' id='word_1_416' title='bbox 2818 2792 2874 2838; x_wconf 90' lang='lat' dir='ltr'><strong>et</strong></span> <span class='ocrx_word' id='word_1_417' title='bbox 2903 2781 3115 2846; x_wconf 85' lang='lat' dir='ltr'><strong>Cilicia,</strong></span> <span class='ocrx_word' id='word_1_418' title='bbox 3161 2796 3227 2836; x_wconf 79' lang='lat' dir='ltr'><strong>ex</strong></span> <span class='ocrx_word' id='word_1_419' title='bbox 3276 2780 3448 2835; x_wconf 81' lang='lat' dir='ltr'><strong>Ponto</strong></span> <span class='ocrx_word' id='word_1_420' title='bbox 3475 2788 3532 2834; x_wconf 87' lang='lat' dir='ltr'><strong>et</strong></span> 
     </span>
    </p>
   </div>
   <div class='ocr_carea' id='block_1_61' title="bbox 1950 2872 3533 2943">
    <p class='ocr_par' dir='ltr' id='par_1_61' title="bbox 1950 2872 3533 2943">
     <span class='ocr_line' id='line_1_61' title="bbox 1950 2872 3533 2943; baseline -0.009 -1"><span class='ocrx_word' id='word_1_421' title='bbox 1950 2885 2211 2943; x_wconf 87' lang='lat' dir='ltr'><strong>Armenia</strong></span> <span class='ocrx_word' id='word_1_422' title='bbox 2240 2881 2555 2939; x_wconf 82' lang='lat' dir='ltr'><strong>conﬂuebat</strong></span> <span class='ocrx_word' id='word_1_423' title='bbox 2578 2878 2647 2934; x_wconf 88' lang='lat' dir='ltr'><strong>ad</strong></span> <span class='ocrx_word' id='word_1_424' title='bbox 2666 2874 3006 2933; x_wconf 84' lang='lat' dir='ltr'><strong>adorandum</strong></span> <span class='ocrx_word' id='word_1_425' title='bbox 3032 2874 3252 2929; x_wconf 78' lang='lat' dir='ltr'><strong>beatum</strong></span> <span class='ocrx_word' id='word_1_426' title='bbox 3277 2872 3533 2928; x_wconf 73' lang='lat' dir='ltr'><strong>taberna.-</strong></span> 
     </span>
    </p>
   </div>
   <div class='ocr_carea' id='block_1_62' title="bbox 1953 2962 3530 3045">
    <p class='ocr_par' dir='ltr' id='par_1_62' title="bbox 1953 2962 3530 3045">
     <span class='ocr_line' id='line_1_62' title="bbox 1953 2962 3530 3045; baseline -0.011 -10"><span class='ocrx_word' id='word_1_427' title='bbox 1953 2978 2163 3036; x_wconf 88' lang='lat' dir='ltr'><strong>culum.</strong></span> <span class='ocrx_word' id='word_1_428' title='bbox 2197 2975 2353 3042; x_wconf 85' lang='lat' dir='ltr'><strong>Quod</strong></span> <span class='ocrx_word' id='word_1_429' title='bbox 2391 2971 2633 3045; x_wconf 77' lang='lat' dir='ltr'><strong>quidem,</strong></span> <span class='ocrx_word' id='word_1_430' title='bbox 2661 2984 2786 3025; x_wconf 87' lang='lat' dir='ltr'><strong>cum</strong></span> <span class='ocrx_word' id='word_1_431' title='bbox 2822 2968 2874 3022; x_wconf 90' lang='lat' dir='ltr'><strong>ei</strong></span> <span class='ocrx_word' id='word_1_432' title='bbox 2904 2966 2973 3021; x_wconf 89' lang='lat' dir='ltr'><strong>de</strong></span> <span class='ocrx_word' id='word_1_433' title='bbox 3018 2979 3170 3020; x_wconf 87' lang='lat' dir='ltr'><strong>more</strong></span> <span class='ocrx_word' id='word_1_434' title='bbox 3214 2964 3352 3019; x_wconf 89' lang='lat' dir='ltr'><strong>sacri</strong></span> <span class='ocrx_word' id='word_1_435' title='bbox 3399 2962 3530 3019; x_wconf 83' lang='lat' dir='ltr'><strong>dicti</strong></span> 
     </span>
    </p>
   </div>
   <div class='ocr_carea' id='block_1_63' title="bbox 1954 3056 3523 3141">
    <p class='ocr_par' dir='ltr' id='par_1_63' title="bbox 1954 3056 3523 3141">
     <span class='ocr_line' id='line_1_63' title="bbox 1954 3056 3523 3141; baseline -0.013 -13"><span class='ocrx_word' id='word_1_436' title='bbox 1954 3072 2191 3128; x_wconf 80' lang='lat' dir='ltr'><strong>fuissent</strong></span> <span class='ocrx_word' id='word_1_437' title='bbox 2226 3066 2416 3141; x_wconf 84' lang='lat' dir='ltr'><strong>hymni</strong></span> <span class='ocrx_word' id='word_1_438' title='bbox 2475 3073 2529 3121; x_wconf 93' lang='lat' dir='ltr'><strong>et</strong></span> <span class='ocrx_word' id='word_1_439' title='bbox 2559 3061 2883 3134; x_wconf 86' lang='lat' dir='ltr'><strong>psalmodia,</strong></span> <span class='ocrx_word' id='word_1_440' title='bbox 2909 3068 2965 3114; x_wconf 88' lang='lat' dir='ltr'><strong>et</strong></span> <span class='ocrx_word' id='word_1_441' title='bbox 3004 3059 3091 3112; x_wconf 77' lang='lat' dir='ltr'><strong>vix</strong></span> <span class='ocrx_word' id='word_1_442' title='bbox 3127 3056 3407 3127; x_wconf 80' lang='lat' dir='ltr'><strong>effugisset</strong></span> <span class='ocrx_word' id='word_1_443' title='bbox 3433 3070 3523 3110; x_wconf 86' lang='lat' dir='ltr'><strong>eo-</strong></span> 
     </span>
    </p>
   </div>
   <div class='ocr_carea' id='block_1_64' title="bbox 1953 3149 3530 3228">
    <p class='ocr_par' dir='ltr' id='par_1_64' title="bbox 1953 3149 3530 3228">
     <span class='ocr_line' id='line_1_64' title="bbox 1953 3149 3530 3228; baseline -0.011 -9"><span class='ocrx_word' id='word_1_444' title='bbox 1953 3178 2074 3219; x_wconf 89' lang='lat' dir='ltr'><strong>rum</strong></span> <span class='ocrx_word' id='word_1_445' title='bbox 2117 3176 2336 3223; x_wconf 88' lang='lat' dir='ltr'><strong>manus,</strong></span> <span class='ocrx_word' id='word_1_446' title='bbox 2358 3156 2451 3228; x_wconf 90' lang='lat' dir='ltr'><strong>qui</strong></span> <span class='ocrx_word' id='word_1_447' title='bbox 2481 3157 2658 3227; x_wconf 88' lang='lat' dir='ltr'><strong>ipsum</strong></span> <span class='ocrx_word' id='word_1_448' title='bbox 2683 3164 2942 3223; x_wconf 87' lang='lat' dir='ltr'><strong>tanquam</strong></span> <span class='ocrx_word' id='word_1_449' title='bbox 2968 3151 3148 3205; x_wconf 85' lang='lat' dir='ltr'><strong>vivum</strong></span> <span class='ocrx_word' id='word_1_450' title='bbox 3184 3149 3530 3219; x_wconf 82' lang='lat' dir='ltr'><strong>accipiebant</strong></span> 
     </span>
    </p>
   </div>
   <div class='ocr_carea' id='block_1_65' title="bbox 1957 3239 3537 3323">
    <p class='ocr_par' dir='ltr' id='par_1_65' title="bbox 1957 3239 3537 3323">
     <span class='ocr_line' id='line_1_65' title="bbox 1957 3239 3537 3323; baseline -0.009 -13"><span class='ocrx_word' id='word_1_451' title='bbox 1957 3265 2014 3311; x_wconf 89' lang='lat' dir='ltr'><strong>et</strong></span> <span class='ocrx_word' id='word_1_452' title='bbox 2055 3268 2179 3308; x_wconf 87' lang='lat' dir='ltr'><strong>cum</strong></span> <span class='ocrx_word' id='word_1_453' title='bbox 2237 3250 2437 3323; x_wconf 80' lang='lat' dir='ltr'><strong>gaudio</strong></span> <span class='ocrx_word' id='word_1_454' title='bbox 2479 3244 3008 3317; x_wconf 82' lang='lat' dir='ltr'><strong>complectebantur,</strong></span> <span class='ocrx_word' id='word_1_455' title='bbox 3044 3251 3099 3296; x_wconf 89' lang='lat' dir='ltr'><strong>et</strong></span> <span class='ocrx_word' id='word_1_456' title='bbox 3153 3241 3206 3296; x_wconf 89' lang='lat' dir='ltr'><strong>id</strong></span> <span class='ocrx_word' id='word_1_457' title='bbox 3242 3239 3537 3295; x_wconf 75' lang='lat' dir='ltr'><strong>contende-</strong></span> 
     </span>
    </p>
   </div>
   <div class='ocr_carea' id='block_1_66' title="bbox 1963 3330 3538 3413">
    <p class='ocr_par' dir='ltr' id='par_1_66' title="bbox 1963 3330 3538 3413">
     <span class='ocr_line' id='line_1_66' title="bbox 1963 3330 3538 3413; baseline -0.01 -13"><span class='ocrx_word' id='word_1_458' title='bbox 1963 3345 2115 3411; x_wconf 87' lang='lat' dir='ltr'><strong>bant,</strong></span> <span class='ocrx_word' id='word_1_459' title='bbox 2167 3338 2435 3413; x_wconf 91' lang='lat' dir='ltr'><strong>quidquid</strong></span> <span class='ocrx_word' id='word_1_460' title='bbox 2477 3339 2654 3405; x_wconf 86' lang='lat' dir='ltr'><strong>fieret,</strong></span> <span class='ocrx_word' id='word_1_461' title='bbox 2704 3351 2814 3391; x_wconf 93' lang='lat' dir='ltr'><strong>non</strong></span> <span class='ocrx_word' id='word_1_462' title='bbox 2873 3333 3188 3394; x_wconf 89' lang='lat' dir='ltr'><strong>dimittere,</strong></span> <span class='ocrx_word' id='word_1_463' title='bbox 3243 3330 3538 3401; x_wconf 84' lang='lat' dir='ltr'><strong>deponitur</strong></span> 
     </span>
    </p>
   </div>
   <div class='ocr_carea' id='block_1_67' title="bbox 1964 3425 3534 3512">
    <p class='ocr_par' dir='ltr' id='par_1_67' title="bbox 1964 3425 3534 3512">
     <span class='ocr_line' id='line_1_67' title="bbox 1964 3425 3534 3512; baseline -0.01 -19"><span class='ocrx_word' id='word_1_464' title='bbox 1964 3453 2135 3512; x_wconf 87' lang='lat' dir='ltr'><strong>prope</strong></span> <span class='ocrx_word' id='word_1_465' title='bbox 2163 3435 2484 3491; x_wconf 84' lang='lat' dir='ltr'><strong>Basiliscum</strong></span> <span class='ocrx_word' id='word_1_466' title='bbox 2517 3441 2847 3503; x_wconf 85' lang='lat' dir='ltr'><strong>martyrem.-</strong></span> <span class='ocrx_word' id='word_1_467' title='bbox 2879 3441 3074 3482; x_wconf 83' lang='lat' dir='ltr'><strong>revera</strong></span> <span class='ocrx_word' id='word_1_468' title='bbox 3106 3425 3330 3491; x_wconf 74' lang='lat' dir='ltr'><strong>dignum</strong></span> <span class='ocrx_word' id='word_1_469' title='bbox 3355 3425 3534 3512; x_wconf 51' lang='lat' dir='ltr'><strong>omni:</strong></span> 
     </span>
    </p>
   </div>
   <div class='ocr_carea' id='block_1_68' title="bbox 281 3502 3535 3602">
    <p class='ocr_par' dir='ltr' id='par_1_68' title="bbox 281 3502 3535 3602">
     <span class='ocr_line' id='line_1_68' title="bbox 281 3502 3535 3602; baseline -0.004 -23"><span class='ocrx_word' id='word_1_470' title='bbox 281 3525 387 3580; x_wconf 87' lang='lat' dir='ltr'><strong>bus</strong></span> <span class='ocrx_word' id='word_1_471' title='bbox 409 3526 680 3592; x_wconf 84' lang='lat' dir='ltr'><strong>laudibus,</strong></span> <span class='ocrx_word' id='word_1_472' title='bbox 702 3530 918 3601; x_wconf 80' lang='lat' dir='ltr'><strong>utquod</strong></span> <span class='ocrx_word' id='word_1_473' title='bbox 944 3531 1036 3586; x_wconf 88' lang='lat' dir='ltr'><strong>tali</strong></span> <span class='ocrx_word' id='word_1_474' title='bbox 1055 3530 1218 3587; x_wconf 90' lang='lat' dir='ltr'><strong>fuerit</strong></span> <span class='ocrx_word' id='word_1_475' title='bbox 1244 3533 1441 3589; x_wconf 70' lang='lat' dir='ltr'><strong>animm</strong></span> <span class='ocrx_word' id='word_1_476' title='bbox 1472 3532 1846 3602; x_wconf 90' lang='lat' dir='ltr'><strong>conjunctum,</strong></span> <span class='ocrx_word' id='word_1_477' title='bbox 1888 3502 1984 3586; x_wconf 44' lang='lat' dir='ltr'><strong>et.</strong></span> <span class='ocrx_word' id='word_1_478' title='bbox 2007 3502 2197 3583; x_wconf 81' lang='lat' dir='ltr'><strong>talium</strong></span> <span class='ocrx_word' id='word_1_479' title='bbox 2230 3527 2478 3582; x_wconf 83' lang='lat' dir='ltr'><strong>laborum</strong></span> <span class='ocrx_word' id='word_1_480' title='bbox 2524 3502 2694 3579; x_wconf 88' lang='lat' dir='ltr'><strong>fuerit</strong></span> <span class='ocrx_word' id='word_1_481' title='bbox 2739 3520 2790 3575; x_wconf 89' lang='lat' dir='ltr'><strong>ei</strong></span> <span class='ocrx_word' id='word_1_482' title='bbox 2862 3517 3095 3580; x_wconf 86' lang='lat' dir='ltr'><strong>socium,</strong></span> <span class='ocrx_word' id='word_1_483' title='bbox 3141 3523 3198 3569; x_wconf 86' lang='lat' dir='ltr'><strong>et</strong></span> <span class='ocrx_word' id='word_1_484' title='bbox 3250 3502 3535 3568; x_wconf 61' lang='lat' dir='ltr'><strong>ministerii</strong></span> 
     </span>
    </p>
   </div>
   <div class='ocr_carea' id='block_1_69' title="bbox 282 3606 3538 3698">
    <p class='ocr_par' dir='ltr' id='par_1_69' title="bbox 282 3606 3538 3698">
     <span class='ocr_line' id='line_1_69' title="bbox 282 3606 3538 3698; baseline -0.004 -22"><span class='ocrx_word' id='word_1_485' title='bbox 282 3626 422 3692; x_wconf 77' lang='lat' dir='ltr'><strong>grati</strong></span> <span class='ocrx_word' id='word_1_486' title='bbox 456 3624 527 3692; x_wconf 89' lang='lat' dir='ltr'><strong>ei,</strong></span> <span class='ocrx_word' id='word_1_487' title='bbox 554 3626 646 3695; x_wconf 86' lang='lat' dir='ltr'><strong>qui</strong></span> <span class='ocrx_word' id='word_1_488' title='bbox 676 3624 856 3692; x_wconf 87' lang='lat' dir='ltr'><strong>ipsum</strong></span> <span class='ocrx_word' id='word_1_489' title='bbox 883 3628 1131 3683; x_wconf 88' lang='lat' dir='ltr'><strong>creavit:</strong></span> <span class='ocrx_word' id='word_1_490' title='bbox 1163 3627 1243 3684; x_wconf 83' lang='lat' dir='ltr'><strong>Ad</strong></span> <span class='ocrx_word' id='word_1_491' title='bbox 1293 3628 1508 3684; x_wconf 83' lang='lat' dir='ltr'><strong>laudem</strong></span> <span class='ocrx_word' id='word_1_492' title='bbox 1547 3628 1719 3698; x_wconf 89' lang='lat' dir='ltr'><strong>ipsius</strong></span> <span class='ocrx_word' id='word_1_493' title='bbox 1762 3624 1890 3681; x_wconf 91' lang='lat' dir='ltr'><strong>boni</strong></span> <span class='ocrx_word' id='word_1_494' title='bbox 1932 3624 2026 3681; x_wconf 89' lang='lat' dir='ltr'><strong>Dei</strong></span> <span class='ocrx_word' id='word_1_495' title='bbox 2050 3622 2227 3679; x_wconf 89' lang='lat' dir='ltr'><strong>nostri</strong></span> <span class='ocrx_word' id='word_1_496' title='bbox 2250 3622 2320 3677; x_wconf 91' lang='lat' dir='ltr'><strong>ad</strong></span> <span class='ocrx_word' id='word_1_497' title='bbox 2352 3619 2512 3689; x_wconf 88' lang='lat' dir='ltr'><strong>cujus</strong></span> <span class='ocrx_word' id='word_1_498' title='bbox 2574 3614 2800 3689; x_wconf 76' lang='lat' dir='ltr'><strong>gloriam</strong></span> <span class='ocrx_word' id='word_1_499' title='bbox 2834 3610 2952 3681; x_wconf 83' lang='lat' dir='ltr'><strong>ipse</strong></span> <span class='ocrx_word' id='word_1_500' title='bbox 2988 3607 3171 3663; x_wconf 85' lang='lat' dir='ltr'><strong>omnia</strong></span> <span class='ocrx_word' id='word_1_501' title='bbox 3203 3606 3457 3671; x_wconf 87' lang='lat' dir='ltr'><strong>faciebat,</strong></span> <span class='ocrx_word' id='word_1_502' title='bbox 3482 3616 3538 3662; x_wconf 87' lang='lat' dir='ltr'><strong>et</strong></span> 
     </span>
    </p>
   </div>
   <div class='ocr_carea' id='block_1_70' title="bbox 287 3697 3541 3792">
    <p class='ocr_par' dir='ltr' id='par_1_70' title="bbox 287 3697 3541 3792">
     <span class='ocr_line' id='line_1_70' title="bbox 287 3697 3541 3792; baseline -0.007 -16"><span class='ocrx_word' id='word_1_503' title='bbox 287 3717 564 3790; x_wconf 70' lang='lat' dir='ltr'><strong>Unigeniti</strong></span> <span class='ocrx_word' id='word_1_504' title='bbox 593 3720 714 3788; x_wconf 92' lang='lat' dir='ltr'><strong>ejus</strong></span> <span class='ocrx_word' id='word_1_505' title='bbox 736 3717 877 3785; x_wconf 83' lang='lat' dir='ltr'><strong>Filii,</strong></span> <span class='ocrx_word' id='word_1_506' title='bbox 898 3728 953 3775; x_wconf 91' lang='lat' dir='ltr'><strong>et</strong></span> <span class='ocrx_word' id='word_1_507' title='bbox 978 3720 1177 3776; x_wconf 80' lang='lat' dir='ltr'><strong>viviﬁci</strong></span> <span class='ocrx_word' id='word_1_508' title='bbox 1206 3720 1452 3792; x_wconf 87' lang='lat' dir='ltr'><strong>Spiritus</strong></span> <span class='ocrx_word' id='word_1_509' title='bbox 1483 3739 1496 3774; x_wconf 90' lang='lat'><strong>:</strong></span> <span class='ocrx_word' id='word_1_510' title='bbox 1521 3697 1643 3791; x_wconf 63' lang='lat' dir='ltr'><strong>quae</strong></span> <span class='ocrx_word' id='word_1_511' title='bbox 1664 3728 1750 3775; x_wconf 84' lang='lat' dir='ltr'><strong>est</strong></span> <span class='ocrx_word' id='word_1_512' title='bbox 1788 3719 1945 3774; x_wconf 85' lang='lat' dir='ltr'><strong>beata</strong></span> <span class='ocrx_word' id='word_1_513' title='bbox 1987 3724 2043 3771; x_wconf 86' lang='lat' dir='ltr'><strong>et</strong></span> <span class='ocrx_word' id='word_1_514' title='bbox 2076 3713 2395 3786; x_wconf 86' lang='lat' dir='ltr'><strong>principalis</strong></span> <span class='ocrx_word' id='word_1_515' title='bbox 2432 3709 2693 3777; x_wconf 83' lang='lat' dir='ltr'><strong>Trinitas,</strong></span> <span class='ocrx_word' id='word_1_516' title='bbox 2722 3717 2885 3776; x_wconf 87' lang='lat' dir='ltr'><strong>quam</strong></span> <span class='ocrx_word' id='word_1_517' title='bbox 2914 3699 3073 3755; x_wconf 83' lang='lat' dir='ltr'><strong>decet</strong></span> <span class='ocrx_word' id='word_1_518' title='bbox 3128 3697 3316 3769; x_wconf 76' lang='lat' dir='ltr'><strong>gloria,</strong></span> <span class='ocrx_word' id='word_1_519' title='bbox 3361 3698 3541 3754; x_wconf 84' lang='lat' dir='ltr'><strong>honor</strong></span> 
     </span>
    </p>
   </div>
   <div class='ocr_carea' id='block_1_71' title="bbox 283 3812 2173 3888">
    <p class='ocr_par' dir='ltr' id='par_1_71' title="bbox 283 3812 2173 3888">
     <span class='ocr_line' id='line_1_71' title="bbox 283 3812 2173 3888; baseline -0.003 -18"><span class='ocrx_word' id='word_1_520' title='bbox 283 3823 337 3871; x_wconf 86' lang='lat' dir='ltr'><strong>et</strong></span> <span class='ocrx_word' id='word_1_521' title='bbox 369 3812 630 3881; x_wconf 87' lang='lat' dir='ltr'><strong>adoratio,</strong></span> <span class='ocrx_word' id='word_1_522' title='bbox 666 3828 816 3871; x_wconf 76' lang='lat' dir='ltr'><strong>nunc</strong></span> <span class='ocrx_word' id='word_1_523' title='bbox 837 3824 893 3873; x_wconf 88' lang='lat' dir='ltr'><strong>et</strong></span> <span class='ocrx_word' id='word_1_524' title='bbox 921 3831 1154 3888; x_wconf 88' lang='lat' dir='ltr'><strong>semper,</strong></span> <span class='ocrx_word' id='word_1_525' title='bbox 1186 3825 1241 3874; x_wconf 92' lang='lat' dir='ltr'><strong>et</strong></span> <span class='ocrx_word' id='word_1_526' title='bbox 1275 3818 1328 3874; x_wconf 88' lang='lat' dir='ltr'><strong>in</strong></span> <span class='ocrx_word' id='word_1_527' title='bbox 1364 3817 1560 3874; x_wconf 74' lang='lat' dir='ltr'><strong>saecula</strong></span> <span class='ocrx_word' id='word_1_528' title='bbox 1583 3817 1930 3873; x_wconf 81' lang='lat' dir='ltr'><strong>saeculorum.</strong></span> <span class='ocrx_word' id='word_1_529' title='bbox 1979 3814 2173 3867; x_wconf 82' lang='lat' dir='ltr'><strong>Amen.</strong></span> 
     </span>
    </p>
   </div>
   <div class='ocr_carea' id='block_1_72' title="bbox 360 3992 798 4067">
    <p class='ocr_par' dir='ltr' id='par_1_72' title="bbox 360 3992 798 4067">
     <span class='ocr_line' id='line_1_72' title="bbox 360 3992 798 4067; baseline 0.007 -19"><span class='ocrx_word' id='word_1_530' title='bbox 360 3993 473 4067; x_wconf 75' lang='lat'><strong>(56)</strong></span> <span class='ocrx_word' id='word_1_531' title='bbox 493 3992 648 4050; x_wconf 79' lang='lat' dir='ltr'><strong>Anno</strong></span> <span class='ocrx_word' id='word_1_532' title='bbox 680 3994 798 4051; x_wconf 67' lang='grc'><strong>407.</strong></span> 
     </span>
    </p>
   </div>
  </div>
