3834 6464
389 365 518 432 1211
1614 368 1891 428 ΜΕΝΞΙΞ
1929 368 2384 430 ΙᾹΝΠΑΗΙΠΞ.

2142 368 2384 430 ARIUS.
3509 369 3638 434 ιω

456 522 2063 555 W

2142 523 3632 558 ΖΜ

1238 710 1434 835 DE
1516 707 2136 837 SANCTO
2227 707 2823 838 JACOBO

1493 935 1854 998 EREMITA
1889 934 1967 996 IN
2007 933 2500 996 PALAESTINA.

1121 1082 1361 1149 (Januarii
1409 1083 1489 1135 die
1535 1082 1615 1133 28.
1643 1109 1706 1122 --
1747 1084 1867 1133 Acta
1910 1082 2199 1132 Sanctorum
2230 1078 2456 1134 Bolland.
2490 1081 2550 1133 ad
2570 1081 2700 1132 hanc
2731 1082 2903 1147 diem.)

471 1357 527 1416 Ι.
559 1356 753 1415 Plures
781 1360 834 1415 in
872 1360 1027 1431 Syria
1067 1362 1257 1416 vixere
1286 1361 1652 1417 sanctimonia
1678 1362 1920 1419 illustres
1962 1362 2227 1428 eremitae,
2278 1360 2466 1419 Jacobi
2504 1360 2781 1430 appellati.
2811 1359 3019 1415 florum
3050 1375 3193 1415 unus
3225 1360 3271 1416 is
3305 1359 3409 1416 fuit
3436 1360 3508 1418 de
3540 1376 3643 1432 quo

384 1451 774 1510 Theodoretus
798 1469 918 1524 cap.
946 1454 1016 1509 25
1048 1453 1328 1518 Philol/rei,
1361 1470 1457 1509 seu
1484 1454 1582 1509 lib.
1618 1471 1672 1510 ix
1711 1454 1787 1510 De
1811 1458 1927 1511 citis
1972 1455 2221 1521 Patrum,
2247 1454 2458 1517 scribit,
2491 1452 2583 1523 qui
2621 1453 2840 1526 tugurio
2888 1453 3132 1509 inclusus
3171 1453 3401 1525 degebat
3441 1474 3460 1505 ι
3495 1457 3641 1526 juxta

390 1545 572 1601 vicum
600 1545 787 1601 Duzan
821 1546 877 1601 in
913 1546 1091 1617 Syria,
1131 1567 1149 1599 ι
1193 1562 1397 1617 perque
1447 1549 1716 1605 modicam
1756 1548 1958 1605 fossam
1996 1564 2263 1620 responsa
2291 1548 2580 1606 reddebat.
2612 1561 2794 1616 neque
2826 1545 2952 1616 igne
2984 1560 3116 1600 usus
3163 1561 3432 1616 unquam,
3467 1561 3640 1617 neque

385 1636 595 1694 lumine
643 1639 903 1696 lucernae.
936 1639 1322 1712 Nonagenario
1353 1642 1527 1714 major
1561 1642 1744 1699 adhuc
1772 1642 1828 1698 in
1865 1643 2007 1699 vivis
2032 1654 2172 1710 erat,
2200 1658 2326 1698 cum
2357 1641 2559 1698 librum
2590 1640 2745 1696 illum
2780 1639 3165 1696 Theodoretus
3197 1640 3399 1697 saeculo
3450 1643 3639 1712 quinto

378 1733 777 1789 conscriberet.
1768 1778 1795 1813 Ι

446 1826 502 1881 2.
532 1825 688 1881 Alius
724 1826 794 1881 ab
827 1826 1022 1882 eodem
1057 1826 1409 1883 Theodoreto
1449 1844 1570 1899 cap.
1599 1829 1661 1883 2i
1706 1838 2045 1885 memoratur
2083 1828 2346 1893 Jacobus,
2379 1827 2467 1884 cui
2502 1829 2618 1900 ipse
2674 1828 2874 1901 Magni,
2904 1828 3231 1884 Theodorus
3260 1827 3461 1885 Lector
3492 1828 3589 1884 lib.
3623 1844 3638 1884 ι

382 1915 676 1974 Collectan.
705 1917 848 1989 Syri,
871 1918 1138 1990 Evagritts
1164 1919 1258 1974 lib.
1286 1934 1348 1983 ιι,
1381 1934 1498 1989 cap.
1530 1920 1584 1984 9,
1621 1919 1783 1991 Syrii.
1813 1920 2150 1992 Roswcydus
2171 1920 2487 1993 flgpatltrii.
2516 1921 2662 1991 quod
2677 1923 2779 1976 sub
2807 1921 2900 1976 dio
2930 1921 3160 1983 viveret,
3209 1936 3520 1991 cognomen
3547 1932 3641 1976 tn.

378 2010 571 2067 buere.
603 2011 779 2083 Hujus
812 2011 1065 2067 meminit
1100 2011 1367 2066 Baronius
1416 2021 1549 2066 tom.
1582 2012 1646 2070 γ.
1676 2028 1769 2068 an.
1800 2011 1931 2067 Chr.
1955 2012 2079 2078 404,
2116 2028 2268 2066 ιιιιιιι.
2321 2012 2438 2071 I08.
2474 2021 2530 2067 et
2560 1996 2653 2066 an.
2687 2012 2814 2076 4H,
2852 2027 3004 2065 num.
3040 2012 3208 2077 £5,et
3251 2022 3383 2066 tom.
3419 2010 3509 2072 Vl.
3556 2025 3639 2065 an.

376 2100 504 2168 458,
538 2118 687 2157 num.
728 2104 815 2165 t5.
847 2103 939 2158 ubi
968 2105 1095 2174 jure
1128 2102 1501 2174 Nicephorum
1542 2104 1793 2176 corrigit.
1830 2105 1923 2173 qui
1956 2121 2082 2161 eum
2107 2122 2232 2161 cum
2265 2105 2471 2162 Jacobo
2498 2102 2764 2159 Nisibcno
2791 2103 3063 2160 confudit.
3102 2104 3313 2159 Colitur
3350 2104 3642 2160 Nisibenus

386 2211 455 2251 xv
483 2196 641 2256 Julii,
683 2204 737 2250 at
768 2196 1008 2251 Jacobus
1035 2196 1284 2277 Magnus,
1320 2198 1438 2251 sive
1487 2198 1678 2269 Syrus,
1731 2215 1854 2253 xxvi
1895 2200 2188 2265 Novemb,
2221 2200 2352 2256 licet
2382 2200 2509 2255 loca
2557 2215 2629 2254 ex
2657 2198 2966 2254 Annalibus
2991 2198 3211 2253 Baronii
3242 2198 3353 2269 jam
3398 2198 3567 2251 citata
3611 2214 3638 2250 a

377 2288 561 2353 nobis,
592 2289 829 2358 ascripta
862 2288 1094 2359 margini
1127 2289 1240 2343 sint
1272 2290 1328 2343 in
1361 2300 1639 2359 postrema
1673 2290 2046 2363 Martyrologii
2084 2293 2316 2347 Romani
2343 2292 2587 2347 editione
2611 2291 2680 2345 ad
2716 2291 3028 2345 notationes
3058 2307 3109 2344 vt
3140 2289 3394 2361 Augusti,
3421 2306 3536 2360 quo
3560 2289 3641 2344 die

377 2383 583 2440 colitur
609 2383 752 2439 alius
779 2382 1016 2439 Jacobus
1049 2385 1289 2439 Eremita
1337 2404 1355 2437 ι
1390 2386 1599 2442 Amida:
1627 2387 1680 2441 in
1723 2387 2112 2453 Mesopotamia
2153 2387 2221 2442 ad
2274 2387 2480 2457 Tigrim
2515 2386 2741 2441 ﬂuvium
2780 2405 2799 2437 ι
2839 2386 3123 2441 miraculis
3172 2386 3378 2451 clarus,
3425 2384 3642 2440 duobus

378 2474 488 2532 illis
522 2478 695 2533 multo
733 2477 962 2548 junior;
998 2478 1203 2548 quippe
1234 2479 1327 2548 qui
1358 2487 1481 2549 post
1511 2479 1761 2534 Amidam
1802 2495 1831 2534 a
1874 2497 2002 2551 rege
2054 2481 2346 2537 Persarum
2396 2490 2609 2549 captam
2656 2479 2839 2534 adhuc
2900 2478 3141 2535 vivebat.
3169 2479 3340 2549 Capta
3396 2493 3535 2533 vero
3560 2486 3642 2533 est

377 2569 598 2635 Amida,
642 2578 788 2624 teste
819 2569 1136 2625 Marcellino
1180 2571 1236 2625 in
1283 2571 1582 2634 Chronico,
1629 2591 1646 2623 ι
1696 2570 2033 2628 Consulibus
2083 2574 2296 2628 Avieno
2348 2572 2577 2627 Juniore
2620 2579 2678 2626 et
2734 2572 2915 2626 Probo
2958 2592 2991 2653 ι’
3014 2577 3134 2642 (pro
3191 2587 3303 2642 quo
3358 2571 3455 2626 alii
3517 2569 3642 2642 Ruf-

378 2661 511 2729 [um,
564 2660 839 2732 scribunt)
873 2677 964 2716 an.
999 2660 1132 2718 Chr.
1168 2663 1291 2728 502,
1328 2679 1441 2734 quo
1487 2662 1762 2721 Barouius
1800 2680 1955 2719 num.
1989 2663 2061 2719 40
2102 2667 2167 2720 de
2200 2664 2307 2720 hoc
2336 2662 2392 2719 S.
2426 2663 2633 2718 Jacobo
2666 2662 2778 2735 agit
2816 2677 2883 2719 ex
2914 2662 3165 2733 Procopii
3202 2663 3301 2719 lib.
3335 2680 3351 2718 ι
3388 2662 3469 2716 De
3514 2662 3641 2717 bello

374 2750 607 2808 Persico.

430 2845 501 2899 ’5.
537 2845 823 2917 Philippus
850 2844 1141 2901 Ferrarius
1163 2845 1218 2899 in
1246 2842 1628 2916 Topograpbia
1659 2845 2031 2919 Martyrologii
2068 2846 2322 2913 Romani,
2357 2847 2529 2902 verbo
2559 2846 2876 2912 Palu-atina,
2905 2847 3099 2904 scribit
3132 2849 3285 2904 hunc
3317 2866 3335 2899 ι
3372 2847 3640 2904 .lacobum

378 2939 708 3003 Eremitam,
743 2939 839 3009 qui
872 2938 1082 2994 Amidae
1108 2939 1337 3009 ponitur
1369 2940 1473 2995 sub
1510 2941 1596 2994 die
1628 2957 1680 2995 vt
1703 2939 1959 3012 Augusti,
1982 2940 2241 2995 eumdem
2281 2940 2455 2995 videri
2483 2955 2609 2996 cum
2641 2956 2710 2996 eo
2743 2941 2838 3011 qui
2870 2943 2975 2997 hoc
3006 2958 3174 2998 xxvnt
3232 2941 3485 2997 Januarii
3514 2941 3643 2997 coli-

380 3042 490 3086 tur.
535 3050 554 3083 ι
597 3032 655 3087 ιιι
716 3048 828 3103 quo
862 3031 1091 3086 indubie
1142 3031 1380 3098 fallitur,
1414 3042 1470 3087 et
1496 3032 1719 3103 quidem
1756 3034 2136 3090 vehementer.
2172 3033 2269 3089 Ille
2322 3034 2493 3096 enim,
2526 3041 2664 3088 teste
2712 3032 3005 3103 Procopio,
3041 3052 3059 3084 ι
3103 3034 3158 3087 in
3195 3033 3322 3087 vico
3356 3033 3425 3087 ab
3443 3033 3639 3089 Amida

379 3122 546 3178 unius
598 3121 709 3178 diei
755 3122 954 3178 itinere
1012 3123 1274 3189 diStante,
1319 3125 1373 3179 in
1423 3126 1580 3181 brevi
1628 3127 1806 3196 spatio
1859 3127 2123 3183 cancellis
2176 3126 2522 3182 interseratis
2573 3126 2819 3180 inclusus
2857 3144 2876 3177 ι
2928 3124 3224 3191 vixit;hic
3264 3143 3284 3176 ι
3321 3141 3499 3195 prope
3550 3139 3642 3196 op-

377 3214 570 3285 pidum
605 3215 1076 3286 Porphyreonem,
1112 3235 1130 3270 ι
1165 3217 1236 3273 ab
1260 3232 1406 3273 anno
1449 3218 1628 3274 aetatis
1659 3218 1882 3274 circiter
1911 3217 2176 3273 vicesimo
2228 3235 2245 3269 ι
2295 3218 2351 3272 in
2395 3221 2663 3290 spelunca
2699 3218 2940 3289 quadam
2974 3216 3295 3288 quindecim
3339 3232 3524 3273 annos
3547 3216 3642 3272 ha-

378 3307 597 3366 bitavit.
640 3327 661 3362 »
2776 3316 2779 3319 ’

450 3401 505 3458 4.
538 3403 639 3458 Est
674 3412 859 3459 autem
895 3404 1179 3478 Stephano
1206 3405 1303 3462 lib.
1334 3406 1412 3462 De
1454 3407 1666 3462 urbibus
1698 3402 2036 3478 Πορφυρεὼν
2067 3403 2221 3468 πόλις
2242 3404 2521 3476 Φοινίκης,
2546 3405 2664 3459 urbs
2695 3402 2823 3459 Plane

2142 3403 2221 3468 λις
2242 3404 2521 3476 Φοινίκης,
2546 3405 2664 3459 urbs
2695 3402 2999 3469 Pltwniciw,
3052 3402 3347 3459 admodum
3376 3402 3639 3473 antiqua;

376 3499 535 3572 cujus
562 3502 816 3558 meminit
849 3505 1109 3577 Polybius
1142 3505 1239 3561 lib.
1276 3520 1329 3570 v,
1367 3506 1436 3560 de
1462 3505 1608 3561 bello
1640 3519 1810 3576 agens
1832 3504 2091 3560 Antiochi
2121 3502 2327 3572 Magni.
2361 3502 2705 3573 Episcopalis
2731 3501 2835 3556 fuit
2865 3502 2968 3556 sub
2995 3500 3347 3571 metropolita
3378 3499 3643 3556 Caesarea:

377 3594 702 3663 Palaestina,
732 3604 793 3651 ut
824 3596 1061 3653 habetur
1090 3598 1189 3653 lib.
1218 3615 1254 3653 ιι
1283 3597 1505 3654 Νοῑίιίω
1527 3600 1949 3669 episcopatuum
1987 3596 2182 3659 Mirazi,
2216 3596 2310 3650 ubi
2340 3604 2523 3651 tamen
2552 3595 2866 3668 Porphyron
2897 3596 3126 3665 scripta,
3152 3594 3446 3650 Wilhelmo
3480 3595 3641 3667 Tyrio

378 3686 479 3742 lib.
511 3703 564 3741 Ix
606 3687 746 3743 Belli
765 3691 930 3755 sacri,
962 3706 1084 3761 cap.
1116 3691 1205 3758 t4,
1235 3700 1292 3746 et
1316 3690 1415 3746 lib.
1443 3706 1499 3756 χ,
1528 3691 1723 3761 cap.'6
1751 3700 1809 3746 et
1843 3690 1930 3757 10,
1973 3698 2031 3744 et
2061 3687 2193 3742 alibi
2226 3686 2458 3758 Caiphae
2491 3689 2820 3758 appellatur.
2861 3686 3087 3759 Tyrium
3122 3700 3429 3756 sequuntur
3487 3686 3640 3740 Adri-

377 3780 636 3836 chomius
669 3780 726 3836 in
769 3783 918 3839 tribu
966 3783 1210 3848 lsacbar,
1244 3799 1365 3855 cap.
1403 3784 1502 3849 l7,
1535 3784 1913 3850 Quaresmius,
1946 3782 2116 3839 etalii
2141 3797 2157 3847 ;
2186 3781 2281 3850 qui
2338 3789 2518 3836 tamen
2544 3781 2812 3835 falluntur
2853 3780 2986 3835 dum
3038 3795 3068 3834 a
3111 3779 3321 3850 Caipha
3378 3781 3638 3851 pontifice

378 3882 723 3930 exstructam
754 3875 1010 3931 scribunt
1042 3893 1057 3931 ε
1092 3885 1398 3932 restaurata
1427 3875 1496 3931 ab
1529 3890 1599 3932 eo
1627 3886 1712 3932 est
1744 3874 2013 3931 fortassis.
2048 3875 2213 3930 Juxta
2251 3889 2425 3941 mare,
2446 3873 2514 3928 ad
2544 3872 2781 3946 Carmeli
2809 3872 3013 3929 montis
3040 3871 3276 3939 radices,
3304 3883 3465 3943 parte
3486 3873 3639 3945 aqui-

375 3964 553 4021 lonari
587 3967 748 4023 sitam
782 3969 1027 4025 tradunt.

446 4059 503 4114 5.
540 4059 584 4114 A
612 4060 1020 4136 Porphyreonis
1049 4063 1203 4119 urbis
1234 4064 1433 4120 incolis
1468 4081 1487 4115 ι
1517 4077 1644 4118 eum
1667 4076 1726 4117 se
1752 4060 2015 4118 honorari
2041 4060 2276 4127 videret,
2306 4079 2325 4114 ι
2364 4070 2427 4117 ut
2482 4077 2638 4117 num.
2675 4060 2741 4117 lo
2775 4060 3002 4126 dicitur,
3042 4079 3060 4113 ι
3089 4060 3308 4133 fugiens
3334 4057 3479 4114 abiit
3513 4074 3641 4130 qua-

374 4149 628 4221 draginta
662 4155 995 4210 milliaribus
1018 4166 1076 4211 et
1103 4156 1169 4211 ad
1206 4157 1383 4228 ripam
1414 4156 1566 4212 ﬂuvii
1604 4156 1827 4227 triginta
1887 4168 2064 4209 annos
2111 4155 2402 4209 habitavit.
2441 4174 2459 4206 ι
2500 4154 2659 4209 Hunc
2688 4153 2918 4209 fluvium
2975 4152 3234 4208 Cisonem
3268 4155 3630 4211 arbitramur.

376 4248 472 4318 qui
501 4261 569 4301 ex
599 4250 736 4302 mari
759 4249 1017 4313 Galilaeaa,
1053 4266 1151 4306 seu
1193 4252 1526 4318 Tiberiadis,
1557 4253 1612 4306 in
1644 4267 1794 4307 mare
1825 4251 2288 4308 Mediterraneum
2320 4250 2534 4317 defluit,
2566 4251 2654 4307 cui
2692 4250 2760 4304 ad
2806 4249 2993 4304 leucas
3026 4250 3238 4320 aliquot
3299 4264 3461 4304 mons
3510 4247 3638 4301 Her-

379 4354 530 4403 ωοῐι,
567 4339 683 4394 Sive
718 4336 1101 4407 Hermonium,
1124 4341 1374 4413 adjacet;
1401 4344 1546 4413 apud
1580 4345 1739 4416 cujus
1772 4351 1959 4413 petras
1983 4342 2037 4397 in
2069 4342 2334 4413 spelunca
2358 4343 2578 4398 videtur
2598 4342 2822 4409 vixisse,
2850 4358 2919 4397 ex
2963 4358 3070 4413 qua
3102 4358 3227 4397 cum
3268 4342 3479 4397 ftedum
3507 4340 3635 4397 illud

377 4430 646 4503 ﬂagitium
682 4442 1077 4504 perpetrasset,
1111 4435 1387 4503 discessit,
1421 4447 1585 4509 atque
1611 4453 1786 4494 annos
1819 4438 2009 4494 decem
2045 4438 2099 4493 in
2141 4437 2249 4494 alia.
2278 4440 2569 4509 spelunca,
2631 4454 2731 4494 seu
2774 4448 2961 4495 vetere
3000 4439 3279 4507 sepulcro,
3349 4438 3407 4492 in
3450 4439 3635 4493 eadem

376 4526 604 4597 regione
628 4526 832 4598 exegit.
867 4527 938 4580 At
959 4529 1003 4583 si
1038 4528 1242 4583 ﬂumen
1266 4529 1371 4585 hoc
1400 4531 1674 4602 quispiam
1714 4531 2013 4587 Iordanem
2050 4545 2172 4586 esse
2206 4531 2525 4598 contendat,
2559 4530 2706 4586 haud
2751 4532 3009 4601 equidem
3051 4531 3375 4601 pugnaciter
3404 4520 3637 4586 obsiste-

377 4636 523 4686 mus,
553 4621 598 4676 si
633 4623 778 4692 quod
828 4625 1076 4679 attulerit
1131 4626 1415 4697 probabile
1440 4638 1848 4696 argumentum,
1888 4634 2053 4695 atque
2108 4626 2319 4696 uspiam
2377 4626 2648 4697 repererit
2679 4641 2791 4681 non
2845 4627 2970 4698 plus
2999 4626 3067 4682 40
3097 4626 3344 4682 millibus
3375 4641 3637 4696 passuum

377 4713 552 4769 fluere
576 4731 605 4769 a
628 4717 1016 4789 Porphyreone
1042 4718 1358 4773 .lordanem.
1792 4717 1805 4728 '

450 4810 499 4863 ti.
525 4807 733 4865 Jacobo
764 4826 890 4865 mox
923 4810 993 4865 ab
1022 4812 1199 4877 obitu,
1220 4813 1290 4865 ob
1314 4809 1705 4871 miraculorum
1732 4808 2121 4879 frequentiam,
2159 4827 2313 4866 sacra
2328 4818 2606 4867 exstructa
2636 4821 2721 4868 est
2753 4812 2919 4881 mdes,
2954 4813 3008 4868 in
3030 4829 3193 4884 quam
3218 4814 3338 4885 ejus
3366 4814 3636 4870 translata

377 4911 511 4958 sunt
538 4890 808 4976 reliquiae,
842 4914 898 4961 et
927 4905 1194 4959 memoria
1219 4910 1354 4973 quot
1386 4901 1547 4955 annis
1580 4915 1704 4956 cum
1732 4902 1943 4958 solenni
1977 4904 2273 4961 festivitate
2329 4905 2627 4961 celebrata.
2657 4906 2783 4963 Vita
2809 4905 2867 4962 S.
2898 4907 3088 4963 Jacobi
3124 4908 3327 4978 scripta
3359 4908 3582 4965 videtur
3605 4925 3632 4962 a

376 5007 594 5055 vetusto
619 5006 868 5065 auctore,
895 5000 1046 5055 haud
1074 4998 1168 5053 diu
1198 5005 1324 5066 post
1353 4995 1473 5064 ejus
1500 5002 1756 5060 mortem,
1783 5006 1843 5051 ut
1872 4997 1989 5053 haec
2009 4998 2179 5054 verba
2218 4998 2457 5057 innuunt
2485 5018 2503 5052 ι
2537 4999 2709 5056 :Cum
2731 5000 3174 5073 religiosissimus
3204 5003 3500 5073 episcopus
3515 5002 3632 5057 obi-

377 5104 494 5151 tum
516 5098 888 5168 cognovisset,
921 5099 986 5153 ad
1019 5114 1146 5154 eum
1179 5100 1359 5155 locum
1387 5116 1513 5156 cum
1548 5110 1664 5157 toto
1683 5102 1833 5157 clero
1861 5112 1917 5157 et
1941 5102 2132 5173 probis
2159 5100 2314 5159 laicis
2365 5104 2616 5169 accessit,
2646 5105 2740 5175 qui
2795 5120 2921 5160 eum
2980 5105 3321 5159 aromatibus
3374 5103 3632 5175 pretiosis

374 5200 502 5242 eum
531 5186 873 5241 condiissrnt
896 5229 912 5254 ,
944 5188 1116 5243 Deum
1150 5189 1328 5260 ipsum
1356 5198 1413 5247 et
1442 5191 1565 5264 ejus
1584 5192 1810 5264 gloriam
1838 5193 2206 5259 celebrantes,
2232 5194 2574 5250 venerandas
2621 5196 2743 5267 ejus
2781 5197 3043 5267 reliquias
3073 5197 3127 5252 in
3161 5197 3254 5253 illo
3281 5199 3402 5267 ipso
3435 5213 3631 5251 tuonu-

376 5288 565 5335 mento
588 5279 983 5350 deposuerunt.
1012 5283 1208 5339 Postea
1240 5293 1467 5342 sanctus
1494 5287 1590 5343 Dei
1618 5288 1880 5344 sacerdos
1904 5305 2116 5345 sacram
2136 5288 2309 5344 aedem
2330 5288 2397 5344 ad
2424 5295 2745 5359 speluncam
2770 5292 3087 5360 aedificavit,
3111 5295 3341 5365 ejusque
3371 5294 3631 5364 reliquias

377 5378 511 5435 illuc
547 5379 846 5434 transtulit.
879 5379 999 5447 Quo
1026 5381 1081 5436 in
1110 5382 1234 5438 loco
1262 5399 1435 5454 usque
1473 5385 1528 5439 in
1563 5384 1893 5441 hodiernum
1925 5386 2070 5443 diem
2118 5386 2274 5441 multi
2309 5397 2575 5442 curantur
2604 5403 2668 5443 ac
2704 5398 2817 5444 tota
2850 5390 3065 5452 civitas,
3098 5400 3154 5446 et
3185 5390 3418 5447 finitima
3456 5391 3626 5461 regio,

373 5471 498 5541 ejus
526 5471 849 5527 memoriam
880 5473 1113 5544 singulis
1137 5475 1296 5532 annis
1322 5478 1613 5534 celebrans
1643 5478 1791 5535 diem
1827 5495 2086 5551 magnum
2122 5480 2320 5536 festum
2347 5481 2461 5553 agit
2495 5502 2514 5536 ι
2544 5491 2655 5538 etc.
2712 5483 2844 5550 Quae
2878 5488 3158 5553 postrema
3189 5484 3259 5540 de
3277 5495 3437 5540 tetate
3463 5486 3628 5541 Meta-

373 5569 612 5643 phrastae
641 5570 756 5643 (qui
786 5570 928 5626 hanc
956 5571 1131 5629 Vitam
1171 5590 1274 5631 suo
1308 5574 1377 5631 de
1405 5576 1577 5646 gestis
1608 5588 1927 5633 sanctorum
1956 5579 2109 5649 operi
2139 5579 2396 5644 inseruit,
2425 5581 2765 5652 recognitarn
2794 5598 2823 5636 a
2850 5597 2909 5637 se
2955 5581 3228 5648 fortassis,
3281 5597 3346 5637 ac
3374 5582 3443 5638 de
3478 5599 3626 5639 more

375 5662 785 5736 interpolatam)
818 5663 1005 5720 minus
1043 5665 1332 5723 commode
1359 5666 1538 5738 accipi
1571 5667 1832 5723 videntur
1865 5684 2047 5740 posse,
2075 5684 2200 5725 cum
2238 5670 2422 5725 omnia
2453 5671 2564 5727 late
2616 5671 2879 5737 Saraceni
2913 5672 3293 5744 Metaphrastae
3322 5690 3439 5730 avo
3471 5682 3624 5729 tene-

374 5767 517 5814 rent.
549 5759 682 5815 Eam
715 5772 882 5829 porro
911 5758 1087 5814 Vitam
1115 5758 1310 5816 Latine
1339 5775 1367 5814 a
1392 5759 1669 5816 Gentiano
1704 5759 1943 5817 llerveto
1980 5777 2220 5825 versam.
2245 5761 2543 5820 ediderunt
2566 5763 2901 5834 Lipomanus
2930 5774 2985 5822 et
3016 5764 3213 5822 Surius
3241 5783 3255 5820 :
3290 5774 3622 5823 contractam

374 5849 641 5920 Georgius
672 5849 1038 5910 Garncfeltius
1075 5852 1172 5910 lib.
1213 5868 1248 5908 ιι
1276 5852 1354 5909 De
1381 5855 1497 5909 uitis
1530 5854 1897 5922 crrmitarum,
1932 5871 2082 5912 num.
2115 5858 2165 5909 ἴ.
