3834 6532
363 433 507 512 ιεεδ
605 417 614 426 ’

1051 622 1553 638 ——-—._

1579 446 1758 509 VITA
1798 447 1859 508 S.
1899 447 2157 509 IACOBI
2197 449 2559 514 MONACHI.

3477 447 3620 518 1914

1151 799 1535 934 ΒΙΟΣ
1611 795 1909 931 ΚΑΙ
1985 800 2808 937 ΠΟΛΙΤΕΙΑ

897 1038 1125 1127 ΤΟΥ
1195 1039 1534 1129 ΑΓΙΟΥ
1603 1040 1970 1129 ΙΑΚΩΒ(

2056 1043 2104 1131 Υ
2163 1045 2391 1131 ΤΟΥ
2464 1048 3061 1139 ΜΟΝΑΧΟΥ.

655 1413 937 1504 VITA
1013 1411 1160 1501 ET
1232 1408 2082 1505 CONVEBSATIO
2156 1411 2250 1499 S.
2326 1410 2740 1502 JACOBI
2822 1411 3369 1504 MONACHI

789 1605 977 1666 (Gl-aea
998 1617 1133 1656 nunc
1155 1605 1364 1669 primum
1388 1603 1640 1668 prodeunt
1659 1617 1724 1655 ex
1750 1605 1860 1655 cod.
1896 1617 1989 1654 ms.
2013 1603 2140 1668 Reg.
2175 1602 2331 1654 Paris.
2365 1617 2413 1653 ο.
2452 1603 2570 1654 1708
2600 1609 2792 1656 notato.
2825 1604 2961 1656 Enn.
2990 1606 3168 1665 Pun.)

1943 1775 2012 1791 η

1802 1906 2120 1963 ΡΒΑΞΡΑΤΙ
2136 1910 2193 1959 Ο.

430 2031 516 2093 Δ’.
540 2030 758 2086 Πολλῶν
802 2029 1023 2099 ἀγαθῶν
1063 2031 1159 2084 καὶ
1218 2028 1561 2101 ψυχωφελῶν
1604 2031 1970 2101 εὐεργεσιῶν,

2112 2032 2155 2085 Ι.
2211 2030 2378 2084 Multa
2430 2030 2569 2084 bona
2596 2038 2650 2084 et
2680 2029 2877 2084 anima:
2939 2030 3202 2086 salutaria
3260 2028 3527 2085 beneﬁcia
3561 2029 3629 2087 iis

359 2127 475 2188 τοῖς
506 2121 779 2193 φιλοθέοις
812 2121 911 2174 καὶ
950 2120 1093 2174 κατὰ
1129 2120 1198 2173 τὰ
1243 2120 1648 2192 προστάγματα
1703 2121 1797 2174 τοῦ
1831 2123 1944 2176 Κυ-

364 2217 483 2289 ρίου
510 2214 669 2286 ἡμῶν
715 2210 890 2283 Ἰησοῦ
921 2210 1160 2280 Χριστοῦ
1201 2212 1368 2279 ζῆσαι
1412 2211 1661 2266 θέλουσιν
1692 2215 1725 2282 ἡ
1761 2213 1948 2267 καλλι-

366 2324 466 2378 στη
506 2307 606 2375 τῆς
641 2302 1150 2373 ταπεινοφροσύνης
1191 2304 1385 2371 κτῆσις
1417 2304 1680 2375 πρόξενος
1710 2306 1945 2374 γίνεται,

363 2401 431 2471 ἢν
461 2402 488 2453 ὁ
514 2397 819 2471 δράξασθαι
867 2396 1177 2459 σπουδάσας
1207 2396 1304 2449 καὶ
1327 2395 1530 2464 ταύτην
1562 2397 1942 2465 κατορθώσας,

362 2493 424 2546 οὗ
456 2491 663 2544 πτῶσίν
686 2507 831 2553 τινα,
867 2489 928 2540 οὺ
963 2488 1171 2551 πάθους
1221 2488 1626 2558 αἰχμαλωσίαν,
1678 2488 1804 2542 οὕτε
1840 2491 1945 2560 μὴν

361 2582 532 2652 τῦφον
563 2583 660 2649 τῆς
686 2579 769 2649 ἐφ’
798 2578 975 2650 ἑαυτῷ
1005 2578 1381 2650 πεποιθήσεως
1401 2581 1695 2643 ὑπομεῖναι
1726 2581 1949 2651 δυνήσε-

358 2690 474 2732 ται.
502 2673 626 2728 Ὅτι
655 2674 765 2742 γὰρ
818 2672 1021 2741 ταύτην
1053 2671 1253 2744 πολλὴν
1290 2670 1495 2740 ζημίαν
1525 2673 1618 2724 καὶ
1645 2671 1947 2741 ἀνήκεστον

366 2767 575 2840 βλάῦην
596 2767 690 2820 καὶ
721 2766 981 2837 μέγιστον
1012 2765 1260 2817 κίνδυνον
1287 2763 1483 2830 ἐπάγει
1532 2766 1644 2826 τοῖς
1675 2763 1749 2833 μὴ
1777 2781 1949 2834 προσ-

364 2861 604 2930 έχουσιν,
632 2856 780 2912 ἐστιν
814 2859 911 2927 μὲν
949 2859 1016 2910 ὲκ
1067 2854 1279 2909 πολλῶν
1332 2856 1535 2925 ἑτέρων
1592 2855 1829 2907 κατιδεῖν
1858 2870 1951 2907 τε-

363 2950 639 3019 κμηρίων,
699 2947 944 3017 μερικῶς
990 2946 1048 2999 δὲ
1104 2949 1197 2998 καὶ
1236 2947 1301 2998 ἐκ
1335 2945 1430 2997 τοῦ
1490 2944 1780 3013 μέλλοντος
1814 2946 1945 3014 παρ’

363 3040 526 3112 ἡμῶν
575 3037 929 3110 προτίθεσθαι
982 3039 1317 3107 διηγήματος
1370 3037 1504 3106 πρὸς
1543 3036 1828 3107 οἰκοδομὴν
1852 3038 1946 3089 καὶ

365 3130 668 3200 ἀσφάλειαν
721 3128 876 3202 [τῶν]
929 3128 1023 3182 τὸν
1057 3127 1351 3197 ἀγγελικὴν
1406 3126 1597 3181 τοῦτον
1630 3126 1744 3197 βίον
1774 3128 1945 3180 ἐπαν-

363 3222 682 3295 ῃρημένων.
715 3220 809 3275 Ἐν
830 3219 1007 3291 τούτῳ
1034 3220 1143 3290 γὰρ
1175 3221 1484 3292 εὑρήσομεν
1540 3220 1636 3273 καὶ
1666 3219 1944 3274 πολιτείαν

2051 2121 2192 2177 viris
2242 2121 2337 2192 qui
2387 2120 2482 2176 Dei
2524 2130 2772 2177 amantes
2800 2129 2953 2186 sunt,
2982 2129 3040 2175 et
3069 2119 3368 2175 Salvatoris
3420 2120 3629 2177 Christi

2051 2214 2345 2285 praeceptis
2388 2222 2782 2284 congruentem
2838 2214 3008 2268 vitam
3068 2212 3477 2283 ingrediuntur,
3509 2213 3632 2284 pul-

2048 2307 2329 2362 cherrima
2385 2305 2719 2362 humilitatis
2781 2306 3061 2377 possessio
3128 2307 3428 2361 conciliat:
3463 2322 3630 2377 quam

2047 2398 2142 2468 qui
2171 2397 2430 2468 amplecti
2463 2400 2760 2463 studuerit,
2787 2409 2845 2453 et
2877 2400 3118 2467 perfecte
3147 2399 3374 2463 obierit,
3406 2400 3452 2454 is
3486 2416 3633 2454 nun-

2046 2509 2211 2563 quam
2244 2493 2377 2548 illud
2409 2494 2601 2548 timere
2631 2495 2855 2563 poterit,
2909 2510 2976 2547 ne
3032 2493 3219 2563 aliquo
3253 2492 3415 2547 modo
3449 2494 3630 2560 cadat,

2048 2593 2145 2638 aut
2177 2574 2286 2638 ullo
2317 2584 2516 2638 alfcctu
2548 2585 2819 2653 capiatur,
2849 2585 2933 2639 vel
2959 2600 3072 2637 sua:
3119 2583 3332 2638 fiduciae
3371 2584 3632 2653 superbia

2043 2673 2334 2728 efferatur.
2366 2672 2525 2738 Quod
2555 2673 2705 2725 enim
2740 2672 2975 2726 multum
3001 2672 3208 2732 damni,
3238 2682 3295 2726 et
3357 2673 3634 2726 insanabi-

2043 2763 2157 2818 lem
2181 2764 2477 2834 jacturam,
2512 2763 2921 2830 maximumque
2973 2761 3277 2830 periculum
3320 2762 3435 2815 hzec
3458 2761 3525 2815 iis
3554 2760 3635 2814 af—

2051 2857 2211 2918 ferat,
2243 2856 2337 2926 qui
2363 2871 2471 2909 non
2504 2856 2782 2909 cautiores
2809 2854 3039 2917 fuerint,
3077 2854 3204 2907 licet
3236 2873 3266 2907 e
3300 2854 3487 2908 multis
3511 2854 3634 2909 aliis

2052 2946 2395 3018 argumentis
2434 2947 2540 3001 hoc
2575 2947 2904 3016 intelligere,
2954 2946 3229 3015 praecipue
3265 2961 3393 2998 vero
3432 2961 3498 2998 ex
3534 2946 3634 3000 hac

2054 3039 2305 3105 historia,
2328 3055 2451 3109 qua:
2479 3039 2641 3094 nobis
2666 3039 2960 3093 scribenda
2977 3047 3061 3093 est
3100 3055 3113 3091 :
3144 3047 3204 3091 ut
3227 3038 3318 3108 qui
3350 3039 3633 3092 caelestem

2053 3132 2223 3186 vitam
2263 3132 2369 3187 sibi
2412 3131 2822 3202 proposuerint,
2848 3146 2918 3185 ex
2947 3131 3065 3201 ipsa
3106 3131 3425 3185 narratione
3462 3130 3634 3201 proii-

2054 3223 2223 3290 ciant,
2256 3240 2368 3294 quo
2428 3226 2659 3279 tutiores
2714 3224 2844 3279 sint.
2898 3223 2958 3279 In
3015 3223 3298 3298 haceuim
3322 3233 3379 3277 et
3406 3223 3630 3278 institu-

367 3314 664 3385 εὐάρεστον
692 3313 927 3384 ἀσκήσει
959 3311 1386 3384 κατορθωμένην
1420 3312 1514 3365 καὶ
1543 3312 1751 3366 πτῶσιν
1781 3312 1946 3384 ἐσχά-

2062 3316 2267 3372 tionem
2331 3317 2596 3387 optimam
2656 3314 3028 3382 inveniemus,
3067 3325 3124 3371 et
3182 3315 3636 3372 exercitationem

363 3425 467 3480 την
502 3409 567 3460 ἐκ
602 3406 881 3478 ῥᾳθυμίας
909 3404 1200 3476 συμϐᾶσαν
1223 3443 1239 3469 ,
1271 3406 1365 3458 καὶ
1393 3406 1493 3475 τὴν
1523 3407 1621 3476 τῆς
1657 3406 1949 3475 μετανοίας

364 3498 597 3568 δύναμιν
628 3497 885 3550 τοσοῦτον
941 3496 1235 3568 ἰσχύουσαν
1283 3496 1436 3565 παρὰ
1467 3496 1547 3566 τῷ
1581 3496 1950 3568 φιλανθρώπῳ

367 3588 509 3659 Θεῷ,
543 3588 618 3650 ὡς
655 3588 730 3657 μὴ
766 3587 928 3658 μόνον
960 3587 1018 3654 ἐξ
1044 3587 1224 3641 αὐτῶν
1250 3587 1344 3640 τοῦ
1368 3585 1495 3658 ᾅδου
1523 3588 1707 3643 πυλῶν
1728 3587 1949 3641 καὶτῶν

366 3681 465 3750 τῆς
492 3681 722 3751 γεέννης
754 3679 941 3732 δεινῶν
969 3679 1282 3749 ἐξαρπάσαι
1314 3682 1405 3733 τὸν
1452 3679 1759 3750 ἄνθρωπον,
1812 3680 1950 3734 ἀλλὰ

366 3770 478 3842 γὰρ
509 3770 735 3841 μείζονα
763 3771 860 3839 τῆς
915 3770 1190 3840 προτέρας
1238 3770 1440 3841 ἀρετῆς
1474 3770 1641 3822 αὐτὸν
1669 3771 1949 3840 ἀποφῆναι

366 3863 464 3916 καὶ
492 3865 559 3933 τῇ
580 3862 674 3915 τοῦ
690 3861 921 3935 Χριστοῦ
942 3861 1124 3934 χάριτι
1154 3861 1376 3933 ἄμεινον
1399 3861 1549 3932 αὐτῴ
1576 3861 1830 3929 γενέσθαι
1848 3861 1947 3933 τὴν

368 3954 769 4009 ἐπανόρθωσιν.

2059 3409 2379 3479 perfectam,
2408 3417 2715 3463 extremum
2750 3407 2992 3478 denique
3042 3422 3266 3461 cursum
3298 3424 3365 3462 ex
3415 3407 3636 3478 pigritia

2057 3501 2522 3570 proﬁciscentem,
2551 3507 2609 3552 et
2653 3498 2996 3570 pmniteutia:
3026 3498 3287 3553 virtutem
3318 3516 3332 3565 ;
3367 3514 3490 3568 qua:
3519 3510 3638 3552 tan-

2059 3601 2174 3646 tum
2209 3590 2352 3644 valet
2378 3590 2523 3658 apud
2555 3588 3015 3659 benignissimum
3036 3587 3232 3650 Deum,
3250 3596 3307 3640 ut
3332 3604 3442 3641 non
3458 3588 3635 3642 solum

2053 3696 2119 3735 ex
2152 3681 2288 3750 ipsis
2319 3679 2626 3734 inferorum
2682 3680 2880 3749 portis,
2931 3687 2989 3731 ct
3037 3678 3300 3746 gehennae
3348 3667 3636 3732 doloribus

2056 3773 2335 3827 hominem
2366 3772 2588 3842 eripiat,
2620 3773 2716 3827 sed
2755 3772 2920 3826 etiam
2947 3770 3109 3826 talem
3136 3771 3350 3834 reddat,
3379 3781 3439 3825 ut
3465 3769 3638 3841 priori

2054 3864 2262 3919 virtute.
2297 3864 2473 3933 majus
2528 3862 2738 3933 aliquid
2782 3861 3080 3932 possideat,
3120 3871 3177 3915 et
3225 3863 3518 3931 adjuvante
3556 3860 3640 3913 di—

2056 3945 2199 4010 vina
2242 3956 2437 4026 gratia,
2483 3955 2930 4010 emendationem
2956 3953 3080 4008 vitae
3134 3956 3423 4023 superiore
3488 3958 3635 4006 statu

2060 4047 2345 4102 meliorem
2378 4057 2688 4117 recuperct.

1863 4206 2073 4263 (λὶΡυὶ
2113 4209 2153 4261 Ι.

1275 4344 1334 4400 S.
1371 4346 1553 4400 Jacobi
1585 4350 1915 4411 exercitatio,
1949 4348 2209 4400 castitatis
2255 4349 2529 4400 δειύιιηιέαο
2563 4363 2713 4400 cura.

439 4486 518 4545 B’.
552 4487 750 4557 Γέγονε
787 4503 869 4549 τις
898 4485 1260 4557 ἀναχωρητὴς
1305 4486 1364 4537 ὲν
1393 4486 1703 4555 κωμοπόλει
1736 4487 1950 4556 Πορφυ-
1986 4492 2027 4549 c

374 4583 536 4654 ρεῶνι
566 4567 976 4653 καλουμένῃ,’ᾦ
1024 4579 1196 4648 ὄνομα
1232 4578 1511 4640 ἰἁκωὸος.
1546 4574 1715 4642 Οὗτος
1743 4584 1809 4649 τῇ
1853 4578 1947 4631 τοῦ

372 4674 717 4745 προσκαίρου
764 4674 879 4742 βίου
933 4672 1255 4741 ματαιότητι
1289 4669 1703 4740 ἀποταξάμενος
1734 4669 1949 4741 ᾤκησεν

369 4771 429 4824 ἐν
460 4786 563 4822 τινι
587 4767 839 4836 σπηλαίῳ
863 4766 956 4817 ἐπὶ
988 4761 1381 4815 πεντεκαίδεκα
1422 4761 1620 4812 ἐτεσιν.
1665 4760 1787 4811 Ἐπὶ
1826 4777 1949 4811 τοσ-

370 4863 530 4916 οῦτον
550 4861 605 4914 δὲ
638 4862 806 4930 ἁρετῇ
843 4858 937 4910 καὶ
959 4856 1188 4925 ἀσκήσει
1247 4853 1528 4923 προκόψας
1568 4852 1748 4921 τίμιος
1789 4850 1946 4921 ῶςθη

370 4956 467 5008 καὶ
499 4955 792 5024 εὐάρεστος
814 4950 890 5021 τῷ
917 4949 1056 5018 Θεῷ,
1090 4947 1231 5000 ὥστε
1278 4945 1440 4998 αὑτὸν
1492 4946 1584 4998 καὶ
1609 4944 1949 5015 χαρίσματος

370 5047 514 5098 κατὰ
564 5042 837 5112 δαιμόνων
874 5039 1305 5108 καταξιωθῆναι,
1363 5039 1455 5091 καὶ
1504 5035 1704 5099 πολλὰς
1756 5036 1949 5104 ἐτέρας

373 5136 544 5197 licet;
569 5133 645 5203 τῷ
679 5131 773 5184 τοῦ
809 5130 1059 5199 Σωτῆρος
1097 5127 1253 5196 ἡμῶν
1297 5124 1469 5194 1.3003
1500 5123 1736 5191 Χριστοῦ
1763 5126 1947 5175 ἐπετέ-

368 5225 451 5278 λει
478 5225 723 5293 ὀνόματι.
758 5222 964 5282 Πάντες
991 5219 1174 5272 τοίνυν
1206 5216 1306 5286 τὴν
1331 5215 1422 5268 τοῦ
1451 5216 1642 5284 ἀνδρὸς
1673 5214 1946 5268 πολιτείαν

371 5312 766 5383 θαυμάζοντες,
804 5310 939 5381 πρὸς
978 5310 1140 5361 αὑτόν
1169 5308 1513 5376 συνέτρεχον,
1545 5306 1620 5358 ὡν
1643 5307 1692 5358 oi
1729 5304 1947 5366 πλείους

370 5406 474 5474 τῆς
495 5406 600 5457 τὼν
632 5403 911 5455 δυσσεϐὼν
939 5401 1294 5471 Σαμαρειτῶν
1330 5398 1631 5470 θρησκείας
1681 5401 1947 5470 ὑπῆριον,

372 5493 580 5565 οθσπερ
606 5492 749 5564 ὀρῶν
772 5492 909 5564 πρὸς
932 5494 1095 5547 αὑτὸν
1120 5491 1607 5562 παραγενομένους
1638 5491 1666 5543 ὁ
1690 5492 1785 5544 τοῦ
1809 5493 1944 5544 θεοῦ

450 5671 526 5741 (ι)
556 5667 840 5735 Samaritae
891 5668 1221 5724 infestarunt
1272 5670 1618 5726 ChriStianos
1666 5668 1943 5741 praecipue

373 5736 575 5798 axiculo
591 5742 786 5812 quinto
812 5748 865 5812 et
903 5752 1081 5804 sexto,
1112 5743 1215 5796 sub
1241 5736 1673 5812 imperatoribus
1695 5736 1942 5812 Zenone,

372 5808 680 5875 Anastasio,
714 5810 929 5867 Justino
984 5820 1042 5865 et
1096 5808 1408 5867 Iustiniano
1441 5832 1455 5867 :
1490 5811 1584 5865 sed
1612 5810 1681 5864 ab
1708 5808 1811 5865 hoc
1835 5810 1901 5866 Ju
1934 5842 1947 5853 -

372 5884 551 5951 [ianus
584 5882 805 5951 quidam
838 5896 1033 5938 eorum
1073 5899 1167 5938 rex
1221 5885 1365 5940 bello
1420 5891 1712 5953 superatus
1765 5890 1818 5936 et
1848 5898 1944 5953 pe-

2136 4483 2200 4537 ιι.
2233 4483 2360 4537 Fuit
2390 4483 2613 4553 quidam
2638 4483 2743 4549 vir,
2768 4483 2864 4554 qui
2907 4482 3218 4538 solitarium
3267 4483 3321 4535 in
3352 4481 3532 4536 locum
3557 4496 3638 4536 se-

2062 4577 2232 4631 cessit
2260 4592 2428 4647 pmpe
2456 4576 2718 4647 oppidum
2751 4576 3208 4652 Porphyrionem.
3234 4575 3365 4628 Erat
3392 4574 3510 4627 viro
3550 4571 3634 4626 illi

2059 4686 2258 4725 nomen
2280 4669 2540 4725 lacubus.
2566 4668 2667 4724 Hic
2693 4684 2818 4724 cum
2847 4668 3030 4723 brevis
3055 4668 3218 4738 hujus
3250 4666 3375 4720 vitae
3403 4662 3633 4719 vanitati

2058 4763 2455 4826 renuntiasset,
2490 4760 2547 4815 in
2572 4761 2833 4831 Spelunca
2855 4759 3093 4830 quadam
3118 4757 3435 4829 quindecim
3456 4770 3635 4811 annos

2056 4852 2345 4907 habitavit.
2372 4852 2576 4907 Tantos
2626 4862 2811 4907 autem
2858 4856 2912 4906 in
2960 4851 3181 4905 virtutis
3239 4848 3634 4903 exercitatione

2059 4960 2385 5015 progressus
2431 4943 2584 5008 fecit,
2641 4952 2863 5013 tamque
2917 4943 3150 5013 insignis
3176 4951 3233 4996 et
3287 4942 3397 4997 Deo
3447 4949 3636 5010 gratus

2054 5037 2288 5107 exstitit,
2312 5045 2370 5090 ut
2389 5045 2445 5091 et
2475 5036 2650 5107 gratia
2675 5046 2865 5091 contra
2883 5036 3161 5092 daemones
3187 5037 3384 5107 dignus
3404 5034 3638 5091 ell‘ectus

2054 5129 2243 5191 fuerit,
2282 5127 2594 5196 multasque
2627 5128 2764 5180 alias
2821 5125 3168 5191 curationes,
3208 5123 3512 5179 Salvatoris
3537 5138 3639 5178 no-

2052 5222 2151 5276 stri
2188 5219 2323 5275 Jesti
2345 5217 2551 5274 Christi
2580 5219 2822 5283 nomine,
2861 5218 3176 5272 homimbus
3200 5217 3466 5272 attulerit.
3496 5215 3637 5269 Cum

2053 5327 2245 5366 clunes
2277 5309 2443 5381 igitur
2465 5310 2625 5380 hujus
2649 5308 2886 5362 hominis
2914 5310 3079 5362 vitam
3110 5308 3537 5372 admirarentur,
3565 5304 3635 5359 ad

2056 5400 2645 5465 cumcuncurt‘cbattt;
2680 5415 2915 5468 quorum
2967 5399 3217 5470 plerique
3248 5406 3405 5453 erant
3434 5411 3502 5450 ex
3528 5395 3635 5450 iui-

2060 5494 2278 5564 piorum
2341 5491 2736 5547 Samaritarum
2767 5490 2845 5563 (ι)
2877 5493 3298 5563 superstitione.
3331 5488 3457 5542 Illos
3511 5501 3635 5543 cum

2051 5683 2298 5741 remptus
2356 5686 2458 5726 est.
2510 5673 2693 5742 Agunt
2720 5670 2789 5726 de
2821 5669 2905 5727 eis
2933 5667 3236 5742 Procopius
3284 5665 3356 5717 De
3399 5663 3636 5742 (adiﬁciis

2052 5737 2344 5815 .fustiniani
2378 5737 2847 5815 imperatorislib.
2889 5757 2940 5805 v,
2972 5740 3210 5815 (gyrillus
3238 5737 3539 5815 monachus
3579 5738 3633 5815 i_n

2058 5813 2176 5866 Vita
2208 5817 2265 5869 ὃ.
2295 5806 2691 5870 δαυιθάὺὺιιιιε
2723 5813 2757 5867 5
2787 5806 3045 5867 υεοειιιιὶ.
3103 5817 3161 5864 et
3218 5806 3334 5862 alii.
3395 5806 3533 5863 Hinc
3564 5807 3634 5863 de

2057 5882 2111 5937 S.
2148 5883 2332 5940 Jacobi
2367 5895 2525 5941 :etatc
2560 5885 2725 5940 statui
2789 5890 3067 5953 utcunque
3119 5888 3314 5951 potest.
