3834 6530
256 419 393 487 1215

1485 418 1765 480 ΜΕ.ΝὸΙὸ
1811 415 2263 483 JANUARIUS.

3357 410 3495 477 1236

252 536 321 594 ad
378 553 438 593 se
472 536 759 593 venientes
792 536 1012 593 divinus
1050 536 1141 591 ille
1195 535 1281 590 vir
1334 534 1822 595 animadverteret,

1967 532 2235 600 νθρωπος,
2261 532 2353 585 ἐπὶ
2376 513 2515 585 πολύ
2549 530 2804 602 κατηχῶν
2830 531 2895 585 ἐκ
2916 529 3026 585 τῶν
3057 527 3219 583 θείων
3242 527 3497 598 Γραφών,

252 640 321 681 ex
371 626 678 680 divinarum
740 627 1047 681 litterarum
1098 625 1336 681 leCtione
1388 625 1537 693 ipsos
1595 623 1825 677 multum

253 716 582 781 erudiendo,
615 717 683 771 ad
714 732 899 772 veram
943 715 1106 772 ﬁdem
1142 716 1519 771 convertebat.

326 807 414 862 Ill.
453 806 560 862 Sed
593 807 687 878 qui
719 807 961 862 humano
1005 808 1193 877 generi
1255 806 1383 861 inde
1425 823 1596 875 usque
1623 822 1650 860 ιι
1676 804 1830 875 prin-

1932 627 2009 686 είς
2044 625 2140 694 τὴν
2171 623 2345 695 ἁληθῆ
2377 624 2558 678 πίστιν
2581 622 2931 695 ἐπέστρεψεν.

2005 806 2079 860 1".
2122 803 2266 858 ἈΠ’
2293 807 2320 858 δ
2349 804 2425 875 τῷ
2451 805 2599 873 γένει
2634 804 2742 858 τῶν
2783 801 3089 874 ἀνθρώπων
3140 802 3374 872 ἑξαρχῆς
3413 817 3505 853 το-

256 898 401 967 cipi'o
428 897 706 954 adversari
742 901 910 969 coepit
939 899 1211 959 diabolus.
1245 910 1299 953 et
1337 899 1403 953 iis
1438 899 1709 967 prmcipue
1736 897 1831 967 qui

1968 900 2114 965 εμὼν
2137 899 2401 962 διάϐολος,
2424 901 2517 952 καὶ
2545 898 2781 968 μάλιστα
2809 900 2922 961 τοῖς
2947 897 3041 949 τοῦ
3074 896 3326 965 Σωτῆρος
3349 894 3505 964 ἡμῶν

256 990 472 1045 Christo
502 991 771 1055 serviunt,
805 1006 929 1045 eum
958 1006 1024 1045 ex
1058 990 1226 1046 multa
1276 989 1424 1043 illius
1457 987 1696 1042 hominis
1725 986 1835 1039 vir-

262 1093 377 1138 tute
415 1099 479 1138 ac
511 1083 751 1153 perfecta
784 1082 895 1137 vita
940 1099 998 1138 se
1039 1084 1209 1153 fugari
1257 1081 1506 1143 videret,
1549 1092 1834 1149 aggressus

257 1186 343 1230 est
371 1191 495 1230 eum
554 1177 830 1247 persequi,
859 1186 915 1231 et
943 1192 1009 1230 ex
1047 1176 1112 1230 iis
1142 1176 1296 1241 locis,
1330 1188 1452 1243 qum
1501 1188 1664 1240 supra
1696 1168 1837 1223 dixi-

262 1268 721 1336 mus,expel|ere.
757 1268 893 1322 Cum
920 1268 1067 1322 enim
1103 1267 1155 1321 in
1202 1281 1371 1319 unum
1396 1264 1709 1333 quempiam
1741 1260 1839 1314 Sa-

261 1360 514 1413 tin-ruam
579 1358 861 1429 ingressus
889 1359 1105 1422 fuisset,
1142 1374 1209 1412 ex
1256 1372 1445 1412 eorum
1482 1369 1712 1408 numero
1744 1353 1837 1423 qui

262 1452 330 1504 ab
360 1450 518 1505 initio
553 1452 840 1505 veritatem
898 1453 1069 1520 ipsam
1112 1449 1569 1511 adversabantur,
1621 1446 1750 1500 fecit
1781 1452 1841 1498 ut

262 1541 356 1597 ille
383 1542 672 1597 universos
697 1542 762 1596 ad
791 1557 848 1596 se
878 1542 1220 1613 pertinentes
1252 1541 1478 1603 amicos,
1508 1536 1840 1607 consangui-

262 1648 397 1688 neos
423 1648 487 1687 ac
513 1649 722 1698 servos,
744 1634 808 1688 ad
832 1634 1059 1688 insidias
1079 1642 1267 1688 sancto
1294 1632 1371 1687 illi
1394 1632 1513 1687 viro
1530 1629 1839 1694 struendas,

262 1727 317 1780 in
352 1742 518 1781 unum
554 1728 838 1797 colligeret
862 1744 881 1792 ξ
909 1743 1019 1797 quo
1042 1743 1167 1781 eum
1218 1728 1289 1782 ita
1340 1727 1615 1782 irretitum
1658 1734 1844 1795 posset

262 1832 293 1870 e
334 1817 654 1886 regionibus
690 1817 797 1870 illis
834 1817 1176 1886 prOpulsare.
1204 1816 1406 1873 Omnes
1432 1818 1598 1888 igitur
1627 1830 1749 1871 cum
1772 1814 1838 1868 ad

264 1906 569 1961 sacerdotis
624 1907 707 1961 sui
743 1907 1109 1961 diversorium
1145 1909 1554 1971 convenissent,
1583 1918 1639 1964 et
1670 1906 1839 1961 multa

262 2006 450 2052 essent
484 1998 780 2052 machinati
809 2038 824 2062 ,
857 2013 963 2051 una
987 1997 1235 2053 omnium
1262 2001 1537 2054 sententia
1566 1998 1680 2052 haec
1709 1997 1834 2059 fuit,

264 2098 326 2142 ut
364 2088 743 2158 impudentem
783 2090 1317 2158 att‘lueinltonestam
1356 2091 1737 2145 mulierculam
1769 2086 1839 2143 ad

265 2191 325 2232 se
355 2185 725 2241 accerserent,
764 2178 853 2232 cui
880 2177 1072 2248 viginti
1102 2194 1301 2234 aureos
1325 2195 1582 2235 nummos
1619 2180 1839 2248 darent,

267 2267 613 2338 totidemque
640 2268 778 2325 alios
833 2286 892 2326 se
950 2271 1026 2325 illi
1069 2270 1298 2327 daturos
1349 2273 1753 2343 promitterent,
1795 2272 1843 2329 si

268 2358 389 2429 ipsa
433 2359 529 2413 Dei
577 2375 796 2415 servum
823 2361 1086 2417 Jacobum
1134 2363 1410 2419 illecebris
1439 2366 1555 2424 suis
1588 2379 1844 2420 corrum-

266 2465 398 2521 pere
429 2460 633 2522 posset,
673 2462 735 2508 ut
787 2470 977 2510 ansam
1030 2456 1270 2527 aliquam
1324 2457 1678 2528 arripientes,
1712 2472 1843 2513 eum

270 2544 451 2599 virum
488 2560 614 2600 cum
656 2546 928 2602 dedecore
964 2563 992 2602 e
1013 2563 1111 2603 sua
1142 2549 1363 2619 regione
1397 2549 1671 2620 fugarent.

343 2632 430 2687 Ν.
463 2634 560 2689 His
611 2636 900 2706 promissis
958 2638 1158 2692 mulier
1186 2639 1278 2693 illa
1334 2639 1576 2707 indueta,
1618 2640 1845 2695 multam

269 2736 489 2782 noctem
536 2727 868 2791 observans.
923 2729 991 2784 ad
1056 2731 1235 2801 ipsum
1289 2732 1445 2797 adiit,
1503 2748 1567 2787 ac
1617 2733 1842 2803 januam

270 2818 496 2888 pulsans
526 2836 651 2875 eum
678 2822 920 2892 rogabat.
948 2831 1007 2877 ut
1040 2823 1213 2893 ipsatn
1238 2823 1649 2879 intromiaeret.
1683 2823 1849 2879 Cum-

272 2927 380 2980 que
412 2912 501 2966 illc
560 2922 892 2980 moraretur,
923 2924 979 2969 et
1007 2915 1219 2970 diutius
1268 2915 1322 2969 id
1364 2931 1423 2971 se
1459 2916 1730 2970 facturum
1760 2931 1850 2971 rc-

273 3016 514 3070 cusaret,
549 3009 639 3063 ilia
691 3009 1053 3066 nihilominus
1091 3011 1442 3081 impudenter
1475 3012 1697 3081 januam
1727 3011 1850 3082 pul—

274 3114 395 3154 sare
425 3100 710 3170 pergebat,
747 3111 802 3155 et
844 3101 1032 3157 multis
1082 3101 1340 3171 precibus
1377 3117 1502 3157 eum
1534 3102 1847 3166 obsecrare,

1934 992 2164 1054 δούλοις,
2236 990 2379 1062 ὁρῶν
2440 990 2633 1043 ἑαυτδν
2662 989 2748 1042 διὰ
2782 989 2883 1058 τῆς
2931 988 3132 1056 πολλῆς
3180 986 3274 1039 τοῦ
3315 987 3507 1056 ἀνδρὸς

1938 1083 2352 1155 εῦαρεστήσεως
2375 1084 2470 1136 καὶ
2492 1081 2752 1151 ἀκριϐοῦς
2782 1081 3054 1143 πολιτείας
3091 1081 3182 1132 ἐπὶ
3216 1079 3350 1132 πολὺ
3377 1078 3505 1130 διω-

1939 1178 2191 1243 κόμενον,
2217 1174 2569 1244 ἐπεχείρησεν
2593 1174 2753 1227 αὐτὸν
2766 1173 2871 1226 τῶν
2892 1172 3303 1244 προειρημένων
3328 1171 3509 1222 τύπων

1942 1268 2152 1334 διῶξαι.
2203 1266 2476 1321 Εἰσελθὼν
2496 1267 2604 1338 γὰρ
2635 1268 2714 1329 εἰς
2735 1266 2831 1319 ἕνα
2860 1266 2971 1318 τῶν
3002 1264 3358 1335 Σαμαρειτῶν
3400 1263 3509 1315 τῶν

1953 1359 2161 1414 ἀνωθεν
2209 1359 2303 1413 καὶ
2327 1358 2387 1424 ἐξ
2443 1360 2616 1430 ἀρχῆς
2658 1360 2756 1429 τὴν
2805 1358 3063 1427 ἀλήθειαν
3098 1356 3512 1426 ἀποστρεφομέο

1943 1468 2070 1517 νων,
2124 1448 2539 1523 παρεσκεύασεν
2589 1452 2752 1505 αὑτὸν
2782 1453 3110 1518 συναγαγεῖν
3141 1450 3346 1512 πάντας
3383 1451 3513 1510 τοὺς

1942 1544 2314 1614 προσέχοντας
2377 1542 2526 1613 αύτῷ
2589 1542 2774 1612 φίλους
2825 1542 2920 1596 καὶ
2973 1544 3257 1609 συγγενεῖς
3307 1540 3399 1593 ἐπὶ
3433 1539 3513 1609 τῷ

1944 1634 2321 1705 ἐνεδρευθῆναι
2376 1635 2515 1704 ἁγίῳ
2569 1634 2746 1703 ἀνδρὶ,
2787 1636 2935 1695 ὅπως
2983 1634 3146 1686 αὑτὸν
3176 1630 3512 1699 παγιδεύσας

1945 1726 2197 1797 δυνηθείη
2222 1727 2331 1780 τῶν
2366 1726 2547 1795 μερῶν
2580 1727 2803 1780 ἐκείνων
2830 1725 3120 1779 ἀπελάσαι.
3161 1724 3514 1785 Συνελθόντες

1947 1820 2128 1873 τοίνυν
2175 1818 2416 1881 ἅπαντες
2449 1820 2529 1882 είς
2562 1816 2622 1871 τδ
2654 1816 2998 1886 καταγώγιον
3045 1816 3138 1870 τοῦ
3172 1816 3302 1887 παρ’
3332 1817 3514 1877 αὐτοῖς

1950 1911 2164 1982 ίερέως,
2196 1911 2294 1966 καὶ
2329 1911 2501 1965 πολλά
2557 1912 3031 1983 μηχανησάμενοι,
3071 1911 3225 1974 τέλος
3255 1909 3353 1981 μία
3378 1909 3514 1962 πάνυ

1942 2020 2051 2057 των
2101 2002 2445 2075 ἐπεκράτησε
2490 1999 2704 2072 γνώμη.
2751 2002 2861 2055 Καὶ
2907 2001 2972 2071 δὴ
3035 2000 3516 2070 μεταστειλάμενοι

1944 2097 2161 2159 ἀναιδὲς
2189 2098 2283 2150 καὶ
2325 2096 2653 2166 ἀσχημόνως
2687 2094 2967 2166 προεστὼς
2996 2093 3221 2163 γύναιον
3241 2134 3256 2157 ,
3281 2091 3515 2146 διδοῦσιν

1945 2190 2095 2260 αὐτῷ
2125 2190 2296 2243 εἴκοσι
2347 2188 2657 2260 χρυσίνους,
2707 2187 2801 2241 καὶ⁵
2819 2186 2956 2241 ἀλλα
2990 2186 3229 2240 τοσαῦτα
3259 2184 3515 2252 παρέξειν

1946 2280 2094 2351 αύτῷ
2115 2279 2669 2347 κατεπαγγέλλονται,
2688 2279 2738 2332 εί
2766 2277 3017 2347 δυνηθείη
3048 2276 3403 2331 ύποσκελίσαι
3426 2275 3517 2329 τὸν

1946 2375 2041 2430 τοῦ
2067 2375 2203 2429 Θεοῦ
2236 2373 2423 2427 δοῦλον
2464 2370 2744 2434 Ἰάκωϐον,
2781 2369 2916 2438 πρὸς
2943 2370 3005 2422 τὸ
3044 2367 3216 2438 λαϐὴν
3251 2366 3521 2437 δραξαμέ-

1948 2484 2094 2533 νους,
2125 2466 2421 2539 δυνηθῆναι
2454 2463 2654 2527 αὐτοὺς
2680 2462 2746 2516 ὲκ
2779 2462 2879 2533 τῆς
2902 2459 3085 2532 χώρας
3113 2461 3293 2516 αὐτῶν
3316 2458 3549 2513 ἀπελά-”

1950 2577 2061 2615 σαι.

2021 2652 2096 2703 Δ’.
2128 2647 2369 2712 Ταύταις
2400 2651 2521 2713 ταῖς
2574 2647 2903 2717 ὑποσχέσεσι
2937 2644 3169 2716 ἡττηθὲν
3216 2644 3277 2698 τδ
3300 2643 3523 2710 γύναιον

1954 2744 2175 2799 ἄπεισιν
2208 2742 2345 2809 πρὸς
2375 2741 2537 2794 αὐτὸν
2568 2740 2809 2810 ἑσπέρας
2849 2738 3073 2809 βαθείας
3103 2736 3287 2790 λοιπὸν
3333 2734 3523 2788 ἐπιλα-

1953 2837 2316 2906 ϐούσης”κα“ι
2358 2836 2638 2906 κρούσασα
2684 2833 2784 2903 τὴν
2818 2831 3008 2901 θύραν,
3054 2826 3307 2894 δέξασθαι
3355 2825 3524 2896 αὐτὴν

1953 2933 2032 3005 [Ῑ.
2070 2931 2199 2987 add.
2254 2925 2615 2998 παρεκάλει].
2666 2926 2774 2979 Τοῦ
2825 2924 2881 2978 δὲ
2914 2919 3378 2991 ἁναὸαλὶομένου,
3430 2920 3525 2971 καὶ

1954 3026 2049 3079 ἐπὶ
2080 3023 2237 3077 τοῦτό
2262 3040 2362 3076 που
2397 3020 2533 3074 πολὺ
2589 3016 3049 3089 ὑπερτιθεμένου,
3082 3013 3346 3080 ἐπέμενεν
3374 3012 3528 3066 ἀναιρ

1954 3116 2060 3179 δὼς
2077 3115 2369 3187 κρούουσα,
2399 3114 2494 3167 καὶ
2519 3112 2656 3182 μετὰ
2678 3109 2882 3180 πολλῆς
2909 3107 3118 3170 ἱκεσίας
3156 3102 3526 3173 ἑκλιπαροῦσα

275 3195 338 3242 ιιι
366 3188 542 3257 ipsam
581 3188 919 3244 admitteret.
957 3188 1094 3244 Cum
1130 3190 1299 3261 igitur
1349 3191 1441 3245 ille
1468 3192 1692 3263 januam
1753 3207 1850 3261 pa-

1962 3209 2211 3279 δεχθῆναι
2260 3207 2450 3276 αὑτήν.
2477 3206 2587 3257 Καὶ
2617 3203 2681 3273 δὴ
2706 3201 3040 3273 παρανοίξας
3073 3198 3169 3251 καὶ
3196 3196 3527 3265 θεασάμενος

275 3280 574 3345 tel'ecisset,
602 3290 657 3335 et
716 3298 835 3337 eam
875 3283 1123 3348 vidisset,
1154 3293 1433 3354 spectrum
1477 3284 1699 3354 aliquod
1728 3300 1845 3339 cer-

275 3388 409 3430 nere
433 3374 537 3430 sibi
564 3375 717 3430 visus
747 3384 867 3440 est;
909 3391 1078 3447 seque
1134 3377 1319 3432 erucis
1371 3377 1529 3449 signo
1578 3378 1851 3442 muniens,

270 3468 497 3540 januam
538 3467 709 3538 ipsam
741 3483 865 3523 cum
926 3468 1131 3538 impetu
1172 3470 1388 3536 clausit,
1435 3480 1602 3541 atque
1653 3470 1713 3525 in
1740 3471 1855 3525 cel-

279 3561 389 3616 lam
422 3575 700 3627 reversus,
736 3562 805 3615 ad
846 3561 1116 3616 orientem
1157 3564 1327 3618 solem
1361 3579 1420 3618 se
1477 3563 1772 3629 convertit,
1800 3574 1857 3619 et

282 3653 453 3708 Deum
482 3661 692 3708 attente
725 3662 984 3723 precatus
1019 3666 1121 3711 est.
1157 3656 1276 3711 Non
1303 3656 1476 3711 multo
1507 3666 1689 3712 autem
1718 3667 1858 3712 tem-

280 3762 414 3818 pore
444 3758 657 3818 postea,
682 3763 808 3803 cum
845 3747 1027 3804 media
1066 3763 1173 3803 nox
1216 3749 1593 3819 prmteriisset,
1627 3765 1739 3804 non
1765 3750 1862 3805 de-

280 3842 500 3898 sinebat
548 3844 750 3898 mulier
804 3843 897 3898 illa
938 3844 1155 3914 pulsare
1209 3844 1643 3915 januam;qnin
1692 3847 1857 3902 etiam

283 3947 479 4003 magna
510 3948 644 3988 voce
670 3952 683 3987 :
709 3933 992 3999 Miserere,
1014 3934 1214 4004 inquit,
1248 3936 1351 3991 mei
1387 3944 1465 4003 tu,
1491 3937 1587 4005 qui
1619 3935 1715 3991 Dei
1745 3951 1862 3992 sero

284 4038 387 4077 vus
416 4038 477 4077 es
510 4039 524 4076 :
552 4023 703 4092 aperi
743 4023 880 4078 mihi
912 4023 1158 4094 ianuam,
1197 4041 1268 4083 ne
1311 4033 1437 4083 ante
1467 4026 1662 4081 cellam
1711 4035 1863 4083 tuam

284 4116 529 4169 ferarum
558 4113 717 4169 cibus
738 4114 965 4169 elliciar.

356 4204 422 4259 ν.
454 4202 590 4260 Cum
617 4205 802 4276 justus
838 4206 930 4262 ille
971 4205 1054 4261 vir
1077 4206 1195 4267 haec
1249 4207 1650 4276 consideraret,
1692 4220 1748 4267 et
1782 4209 1864 4268 fe-

288 4312 473 4352 rarum
505 4298 934 4363 multitudinem,
963 4315 1086 4370 quae
1119 4310 1240 4356 erat
1268 4301 1322 4356 in
1358 4302 1466 4357 illis
1500 4303 1659 4367 locis,
1687 4305 1867 4361 anim-

287 4389 620 4457 adverteret,
663 4392 887 4463 januam
926 4391 1097 4463 ipsam
1147 4392 1373 4460 invitus,
1409 4403 1467 4449 ut
1534 4395 1608 4451 ita
1664 4397 1865 4467 dicam,

288 4483 567 4554 patefecit,
619 4484 782 4555 eique
836 4484 1020 4541 dixit:
1062 4484 1221 4541 Unde
1273 4486 1381 4543 huc
1423 4489 1864 4558 venisti?Quem

1955 3304 2147 3373 αὐτὴν,
2183 3300 2364 3365 ἑδοξεν
2399 3298 2691 3368 φάντασμα
2730 3292 2877 3349 εἶναι
2905 3311 2918 3325 ⁸
2955 3292 3052 3348 καὶ
3073 3288 3527 3360 κατασφραγίσας

1956 3398 2144 3463 αὑτὸν,
2175 3391 2554 3466 προσέρρηξεν
2580 3390 2678 3460 τὴν
2704 3387 2874 3459 θύραν
2904 3386 3000 3438 καὶ
3034 3382 3402 3452 ὑπέστρεψεν
3435 3377 3530 3430 καὶ

1959 3491 2093 3554 στὰς
2152 3489 2293 3541 κατὰ
2352 3485 2638 3546 ἀνατολὰς,
2698 3478 2891 3548 ὲκτενῆ
2941 3475 3248 3548 προσευχὴν
3290 3470 3370 3542 τῷ
3409 3467 3530 3539 Θεῷ

1958 3580 2293 3653 ἀνέπεμψεν.
2329 3576 2535 3646 Πολλῆς
2580 3574 2636 3628 δὲ
2676 3570 2825 3642 ὥρας
2853 3567 3278 3640 διαδραμούσης,
3305 3564 3399 3618 καὶ
3427 3560 3533 3653 τῆς

1940 3651 2154 3735 ’νυκτὸς
2210 3671 2310 3742 ἤδη
2365 3667 2458 3722 τὸν
2498 3666 2664 3739 μέσον
2712 3663 2911 3733 δρόμον
2968 3651 3529 3724 κατα).α6ούσης,ούκ

1962 3764 2236 3834 ἀπέσχετο
2280 3758 2374 3814 τοῦ
2432 3757 2651 3829 κρούειν
2686 3754 2781 3810 καὶ
2838 3751 3051 3824 μεγάλῃ
3089 3750 3241 3819 φωνῇ
3297 3744 3527 3816 ὲκὸοᾷνο

1973 3855 2229 3923 Ἐλέησόν
2260 3869 2348 3923 με,
2367 3849 2520 3905 δοῦλε
2538 3848 2633 3903 τοῦ
2660 3846 2819 3910 Θεοῦ,
2847 3844 2943 3900 καὶ
2960 3842 3170 3907 ἀνοιξόν
3194 3857 3305 3910 μοι,
3325 3840 3537 3911 μήπως

1964 3947 2167 4018 θηρίων
2200 3946 2397 4017 βρῶμα
2421 3944 2527 4014 πρὸ
2558 3944 2655 4013 τῆς
2694 3939 2890 4011 κέλλης
2916 3955 3013 3991 σου
3035 3934 3302 4005 γένωμαι.

2036 4208 2113 4263 Ε’.
2141 4203 2375 4261 Συνιδὼν
2412 4202 2588 4259 τοίνυν
2613 4203 2643 4256 δ
2692 4199 2900 4264 δίκαιος
2934 4199 3029 4256 καὶ
3073 4195 3538 4268 ἀναλογισάμενος

1966 4301 2065 4374 τὴν
2093 4301 2153 4355 ὲν
2181 4303 2293 4364 τοῖς
2326 4297 2513 4360 τόποις
2546 4295 2778 4357 ἐκείνοις
2824 4293 2934 4348 τῶν
2967 4290 3172 4363 θηρίων
3200 4289 3427 4360 πληθὺν,
3459 4288 3538 4352 είς

1967 4395 2238 4465 διάκρισιν
2294 4387 2573 4463 ἐμπεσὼν,
2615 4386 2831 4459 ἧνοιξεν
2870 4386 3043 4450 ἄκων,
3075 4384 3169 4438 καὶ
3196 4382 3342 4451 λέγει
3364 4382 3534 4451 αύτῇ²

1971 4487 2139 4542 Πόθεν
2164 4481 2326 4558 ἦλθες
2350 4476 2476 4548 ὧδε,
2516 4481 2642 4551 ἔφη,
2672 4478 2794 4534 τίνα
2814 4478 2871 4532 δὲ
2900 4477 3106 4564 ζητεῖς,
3135 4475 3228 4529 καὶ
3251 4474 3398 4536 τίνος
3432 4467 3539 4564 sie;

288 4574 532 4645 quaeris?
561 4576 628 4630 Et
667 4577 811 4632 unde
839 4578 938 4633 es?
971 4577 1072 4633 Cui
1123 4578 1354 4643 mulier,
1396 4580 1441 4641 Ε
1493 4584 1852 4648 monasterio,

1982 4578 2044 4633 Ἦ
2092 4578 2149 4632 δὲ
2201 4573 2562 4646 ἀποκριθεῖσα
2613 4571 2716 4643 ἔφη
2739 4586 2755 4602 ο
2805 4566 2902 4622 Ἐκ
2927 4562 3023 4622 τοῦ
3055 4565 3395 4637 ἀσκητηρίου
3425 4562 3545 4634 εἰμὶ

291 4668 490 4738 inquit,
518 4667 624 4724 hoc
664 4669 972 4740 propinquo
1001 4686 1104 4743 ego
1131 4687 1253 4727 sum
1274 4714 1289 4736 ,
1320 4687 1515 4743 meque
1545 4675 1867 4730 monasterii

293 4778 498 4835 praeses
526 4763 595 4818 ad
626 4764 881 4820 ferendas
912 4765 1329 4821 benedictiones
1347 4766 1423 4837 (ἓ)
1460 4767 1515 4821 in
1540 4766 1646 4822 hoc
1673 4770 1872 4824 castel-

295 4857 406 4910 lmn
433 4855 602 4923 misit,
624 4871 687 4911 ac
710 4855 839 4911 dum
870 4867 1176 4913 reverterer
1192 4859 1247 4912 in
1267 4859 1681 4925 monasterium,
1697 4861 1800 4918 hoc
1816 4861 1870 4916 in

294 4948 417 5004 loco
446 4963 555 5004 nox
580 4964 667 5004 me
721 4950 1015 5020 oppressit.
1048 4949 1203 5019 Rogo
1237 4949 1407 5020 igitur
1442 4958 1516 5016 te,
1545 4951 1732 5008 divine
1765 4954 1868 5020 vir,

295 5050 359 5096 ut
383 5039 697 5097 miserearis
717 5039 847 5105 mei,
870 5048 927 5094 et
955 5038 1102 5110 apud
1137 5046 1190 5094 te
1219 5038 1483 5110 accipiar,
1519 5056 1589 5096 ne
1629 5040 1869 5098 ferarum

373 5221 452 5300 (ᾷ)
481 5220 539 5277 id
570 5219 788 5300 duplici
807 5217 972 5300 modo
994 5216 1167 5300 accipi
1197 5225 1419 5300 potest;
1445 5217 1529 5273 vel
1554 5206 1615 5272 ῐιι
1651 5216 1871 5300 missam

297 5308 356 5353 se
384 5288 553 5355 dieat,
587 5288 665 5346 ut_
699 5289 825 5346 inde
855 5288 1302 5351 benedictionem
1353 5288 1422 5344 ad
1476 5289 1871 5344 monasterium

300 5365 638 5433 deportaret,
672 5360 746 5433 id
783 5368 927 5433 est,
961 5360 1386 5433 ele_etnosynam_.
1448 5358 1873 5433 Similiuphrasi

302 5428 479 5490 utitur
513 5430 836 5504 Cyrillusin
862 5429 1083 5504 Vitas,
1106 5428 1281 5494 Saliae,
1309 5430 1384 5485 uti
1399 5445 1585 5504 supra
1610 5428 1681 5504 2Q
1707 5429 1868 5485 Janu.

252 5532 255 5535 λ
302 5504 369 5560 ad
388 5499 635 5559 vitam'S.
657 5500 933 5573 Euthymii
959 5499 1197 5573 diximus
1218 5515 1373 5573 num.
1391 5501 1444 5573 9.
1478 5500 1867 5573 infrolegom.

304 5575 506 5630 Verum
534 5576 625 5627 tibi
650 5589 711 5628 ea
735 5570 855 5628 erat
890 5570 1244 5626 benedictio?
1284 5570 1379 5625 Vel
1411 5570 1639 5641 intelligi
1670 5579 1870 5641 potest,

306 5653 368 5700 ut
397 5659 459 5701 se
482 5645 673 5700 tulisse
714 5658 780 5699 eo
809 5640 1245 5697 benedictionem
1270 5641 1437 5707 dicat,
1470 5641 1583 5696 sive
1602 5640 1871 5711 eulogias,

305 5715 361 5786 id
385 5723 487 5776 est.
524 5730 694 5786 panes
720 5728 876 5786 [βενε
909 5711 1065 5786 alias,
1094 5711 1178 5765 vel
1210 5728 1240 5786 ιι
1282 5711 1661 5786 sacerdotibus
1699 5711 1873 5786 bene-

308 5785 486 5842 dictas
526 5780 692 5840 statis
720 5781 979 5839 Ecclesia:
1031 5781 1464 5852 precationibus,
1498 5781 1583 5836 vel
1633 5780 1786 5852 quod
1840 5795 1868 5835 a

219 5911 229 5924 ,
310 5868 627 5912 sanctarum
682 5853 954 5925 virginum
1012 5850 1269 5911 manibus
1316 5852 1589 5920 venirent,
1632 5850 1869 5923 benigne

1971 4669 2151 4732 τοῦδε,
2206 4668 2301 4723 καὶ
2344 4662 2633 4721 ἀπέστειλέ
2698 4664 2828 4733 μ.εή
2883 4658 3161 4733 ἡγουμένη
3213 4655 3545 4722 ἀπενεγκεῖν

1974 4762 2221 4832 εὐλογίας
2259 4762 2342 4825 εἰς
2360 4759 2517 4829 τήνδε
2554 4757 2654 4828 τὴν
2692 4754 2915 4825 κώμηνο
2944 4752 3040 4806 καὶ
3070 4752 3129 4804 ὲν
3165 4750 3244 4820 τῷ
3272 4749 3545 4822 ὑποστρέ-

1978 4875 2099 4927 φειν
2121 4872 2188 4925 με
2219 4854 2314 4909 καὶ
2336 4853 2555 4907 ἀπιέναι
2587 4851 2644 4903 ἐν
2682 4847 2761 4918 τῷ
2812 4843 3179 4917 μοναστηρίῳ,
3204 4840 3409 4912 δψησέν
3453 4856 3546 4927 μοι

1977 4926 2034 5003 ἐν
2057 4948 2135 5019 τῷ
2163 4946 2314 5017 τόπῳ
2339 4942 2535 5014 τούτῳ.
2577 4936 2891 5010 Παρακαλῶ
2923 4931 3018 4991 οὖν
3049 4950 3131 4998 σε,
3167 4931 3423 5002 ἄνθρωπε
3449 4926 3545 4983 τοῦ

1976 5040 2133 5105 Θεοῦ,
2161 5036 2504 5109 οίκτείρησόν
2542 5050 2608 5105 με
2631 5034 2728 5087 καὶ
2754 5030 2903 5097 δέξαι
2937 5045 3026 5101 με,
3055 5026 3144 5081 ίνα
3170 5024 3243 5096 μὴ
3271 5022 3516 5095 θηριάλω

1977 5227 2159 5274 tamen
2185 5211 2393 5284 suscipi
2422 5219 2588 5284 atque
2630 5205 3114 5284 etiam_advers_ns
3164 5201 3387 5284 morbos
3432 5202 3545 5284 yim

1977 5273 2180 5345 habere
2204 5273 2395 5342 solitas
2431 5300 2446 5338 :
2480 5273 2567 5337 vel
2606 5288 2756 5335 certe
2811 5276 2867 5331 in
2928 5274 3333 5345 testimonium_
3367 5273 3543 5329 solum

1977 5343 2391 5419 benevolentiae,
2415 5352 2629 5422 aliquos
2649 5361 2925 5422 prtecoces
2941 5355 3037 5402 aut
3059 5343 3545 5422 rarioresfructus,

1975 5412 2389 5500 veliquidpiam'
2421 5412 2622 5486 simile,
2650 5412 2809 5489 quod
2862 5433 2985 5497 esse
3009 5497 3018 5500 _
3043 5414 3420 5500 saecularibus,

1978 5483 2121 5571 piis:
2138 5483 2460 5571 hominibus
2495 5483 2783 5571 acceptum
2813 5488 3047 5571 scirent,
3083 5487 3302 5571 mittere
3346 5483 3543 5565 sancti-

1981 5554 2245 5625 moniales
2275 5566 2381 5621 illa:
2412 5554 2653 5634 virgines
2679 5557 3087 5634 _solebant._§ic
3115 5558 3184 5611 ευ
3212 5554 3457 5634 Januarii
3489 5570 3543 5608 In

1979 5641 2103 5698 Vita
2137 5638 2195 5695 S.
2227 5628 2642 5703 Bathildis'cap.
2677 5629 2731 5695 3,
2767 5644 2920 5703 num.
2959 5628 3043 5703 l‘_2,
3084 5645 3100 5678 ι
3154 5633 3215 5680 ιιι
3261 5632 3319 5680 et
3364 5638 3545 5703 regem

1977 5694 2300 5787 etlreginam
2328 5715 2385 5762 et
2405 5694 2667 5787 proceres
2705 5694 2979 5787 condigne
2996 5699 3201 5755 honore
3233 5709 3359 5751 cum
3391 5694 3542 5753 culo-

1978 5780 2081 5854 giis
2115 5779 2336 5849 semper
2367 5779 2680 5842 visitarent,
2711 5790 2729 5824 ι
2762 5779 2871 5826 etc.
