3834 6482
270 392 433 461 ῙΞΞΤ

1397 396 1573 457 VITA
1616 398 1674 457 ε.
1712 378 1973 456 JACOBI
2014 396 2382 460 MONACHI.

3394 387 3532 453 HIS

269 528 363 575 τος
385 509 657 581 γένωμαι.
690 502 822 562 Τότε
848 507 1273 578 σπλαγχνισθεὶς
1301 510 1623 580 εἰσήνεγκεν
1658 509 1850 576 αὐτὴνο

1970 512 2137 567 3ra:da
2191 510 2419 567 eﬂiciar.
2466 506 2564 564 His
2612 505 2784 580 igitur
2837 503 3027 561 verbis
3075 502 3168 560 ille
3201 516 3532 566 commetus.

269 606 366 660 καὶ
395 603 664 675 παραθεὶς
696 602 835 674 αὐτῇ
871 603 1053 671 ἄρτον,
1080 604 1175 657 καὶ
1211 602 1367 669 ἃλας,
1399 604 1494 657 καὶ
1528 601 1697 672 ὕδωρ,
1734 602 1849 654 είσ-

267 696 440 752 ελθὼν
465 695 629 759 αὐτὸς
659 697 718 749 ἐν
765 695 843 764 τῷ
874 695 1134 767 ἀνωτέρω
1173 695 1389 768 κελλίῳ,
1418 695 1723 749 ἐνέκλεισεν
1753 693 1849 748 αύ-

265 789 360 843 τὺν
387 830 403 855 ,
450 787 785 858 καταλείψας
831 787 927 858 τὴν
961 791 1196 855 γυναῖκα
1249 789 1307 843 ἐν
1345 786 1421 859 τῷ
1448 785 1698 858 ἐξωτέρω
1725 785 1850 839 κελο

271 883 392 954 λίῳ.

344 978 436 1042 (Γ.
482 972 543 1027 Ἥ
567 973 624 1027 δὲ
648 972 827 1041 ἔδοξεν
855 971 992 1044 πρὸς
1036 970 1220 1040 ὀλίγον
1264 972 1496 1044 ἠρεμεῖν
1521 984 1534 997 ⁸
1574 969 1672 1024 καὶ
1716 969 1851 1041 μετὰ

269 1068 439 1123 ταῦτα
467 1067 706 1137 ἀναϐοᾷν
730 1066 952 1137 ἤρξατο,
968 1067 1061 1119 καὶ.
1077 1065 1453 1136 ὀλοφυρομένη
1477 1066 1690 1135 προτρὴ
1704 1080 1851 1116 σσειν

270 1159 477 1229 ἑαυτὴν
500 1161 567 1228 τῇ
596 1157 761 1230 θύρᾳ,
795 1159 889 1211 mi.
925 1157 1062 1227 μετὰ
1095 1157 1313 1228 θρήνων
1342 1157 1727 1210 ἐπικαλεῖσθαι
1760 1156 1852 1207 τὸν

270 1252 448 1319 ἅγιον.
480 1250 590 1305 Καὶ
615 1251 679 1320 δὴ
713 1248 1044 1322 παρακύψας
1074 1249 1163 1304 διὰ
1202 1250 1303 1319 τῆς
1329 1249 1560 1320 θυρίδος,
1598 1251 1694 1302 καὶ
1728 1248 1852 1301 ἰδὼν

273 1340 447 1412 αὐτὴν
474 1339 844 1410 συνεχομένην
897 1340 991 1393 καὶ
1019 1340 1094 1402 ὡς
1149 1341 1207 1393 ὲν
1263 1339 1432 1410 πολλῇ
1468 1338 1627 1410 ὀδύνῃ
1665 1334 1850 1402 οὖσαν,

272 1435 331 1487 ἐν
362 1431 643 1503 ἀμηχανίᾳ
672 1431 1049 1501 περιέστηπτί
1077 1429 1143 1484 ἂν
1175 1431 1321 1484 εῐποι
1355 1432 1516 1501 αὐτῇ,
1550 1430 1585 1500 ἢ
1612 1430 1663 1483 τί
1691 1430 1851 1498 ποιή-

275 1542 360 1578 σει
395 1526 557 1595 αὐτῇ.
601 1523 664 1577 'll
695 1524 751 1577 δὲ
777 1523 925 1591 λέγει
962 1523 1098 1592 πρὸς
1127 1523 1326 1576 αὐτόν’
1353 1522 1557 1592 Δέομαί
1587 1540 1703 1587 σου,
1731 1521 1854 1574 ἐπί-

274 1618 471 1687 ϐλεψον
493 1617 572 1679 είς
604 1615 702 1686 ἐμὲ
723 1617 814 1669 καὶ
839 1614 1141 1684 σφράγισὼ
1165 1632 1254 1684 με,
1284 1615 1366 1668 ὅτι
1392 1614 1661 1685 καρδιακῇ
1694 1614 1855 1687 ὀδύνῃ

275 1710 593 1781 συνέχομαι.
629 1709 818 1763 Ταῦτα
844 1709 1087 1772 ἀκούσας
1119 1707 1367 1779 ἐξῆλθεν,
1415 1709 1511 1762 καὶ
1545 1708 1724 1779 πυρὰν
1762 1723 1854 1778 με·

272 1802 448 1872 γὰλην
471 1801 706 1872 ἀνάψας,
732 1800 1109 1873 παρεκάθισεν
1141 1801 1335 1870 αὐτὴν,
1364 1801 1459 1855 καὶ
1503 1800 1602 1872 τὴν
1634 1801 1852 1874 ἀριστε-

275 1894 376 1964 ρὰν
408 1893 574 1947 αὑτοῦ
594 1895 753 1964 χεῖρα
780 1893 1044 1964 ἐπιδήσας
1071 1891 1149 1964 τῷ
1178 1894 1333 1963 πυρὶ,
1366 1894 1432 1963 τῇ
1459 1892 1608 1964 δεξιᾷ
1637 1888 1859 1945 ὑπαλείο

274 2002 391 2055 (ρων
422 1987 486 2040 ἐκ
510 1985 605 2040 τοῦ
637 1985 821 2040 ελαίου
852 1987 961 2041 τῶν
1007 1985 1180 2054 ἁγίων
1237 1985 1537 2057 ἐπυρίαζεν
1570 1985 1741 2056 αὐτὴν
1773 1983 1861 2038 διὰ

273 2078 374 2149 τῆς
409 2078 748 2150 θερμότητος
794 2078 907 2133 τῶν
937 2079 1146 2151 χειρῶν
1173 2079 1360 2145 αὑτοῦ,
1396 2078 1860 2150 κατασφραγίζων

277 2171 449 2241 αὐτὴν
510 2170 751 2241 συνεχῶς
793 2170 887 2223 ἐπὶ
923 2170 1018 2224 τοῦ
1077 2173 1327 2244 στήθους.
1392 2171 1455 2225 Ἠ
1486 2172 1542 2225 δὲ
1586 2174 1654 2242 τῇ
1685 2169 1861 2239 οἰκείᾳ

277 2263 526 2335 ἀναιδείᾳ
561 2262 861 2334 φερομένη,
883 2263 1199 2335 ’βουλομένη
1235 2280 1293 2315 τε
1322 2261 1485 2317 αὑτὸν
1534 2259 1859 2334 παγιδεῦσαι

275 2357 373 2411 καὶ
417 2358 497 2420 είς
543 2356 844 2425 ἐπιθυμίαν
913 2357 1114 2411 ἄτοπον
1177 2357 1427 2424 ἀγαγεῖν,
1472 2355 1621 2423 λέγει
1672 2353 1857 2424 αὐτῷ’

274 2448 479 2520 Δέομαί
525 2465 643 2512 σου,
708 2447 932 2519 ἄλειψον
967 2467 1070 2519 μου
1128 2451 1221 2503 ἐπὶ
1262 2449 1397 2502 πολὺ
1458 2448 1559 2519 τὴν
1607 2447 1859 2519 καρδίαν,

273 2542 423 2604 ὃπως
456 2542 641 2614 παύσῃ
706 2545 740 2613 ἡ
801 2544 1105 2613 συνέχουσά
1157 2561 1225 2614 με
1280 2542 1463 2614 ὀδύνη.
1508 2543 1564 2595 ’0
1587 2541 1644 2595 δὲ
1682 2541 1861 2609 ἅγιος,

278 2636 424 2690 κατὰ
452 2634 550 2704 τὴν
580 2635 890 2707 προσοῦσαν
939 2636 1107 2689 αὑτοῦ
1137 2636 1443 2708 ἁπλότητα,
1494 2634 1659 2688 εἴκων
1697 2636 1860 2704 αὐτῇ,

274 2736 345 2784 τὰ
383 2731 520 2802 πρὸς
546 2729 844 2802 θεραπείαν
874 2730 1045 2801 αὐτῆς
1078 2731 1357 2784 ἐπετέλει·
1402 2729 1521 2801 ἅμα
1547 2728 1604 2782 δὲ
1647 2730 1863 2791 καὶτὰς

276 2825 474 2894 τέχνας
527 2822 621 2878 τοῦ
672 2824 917 2896 Πονηροῦ
974 2825 1364 2894 ἐπιστάμενος.
1419 2827 1515 2878 καὶ
1549 2821 1760 2885 δεδιὼς,
1788 2821 1862 2892 μή

278 2934 399 2981 πως
426 2919 489 2969 ἐκ
517 2916 619 2984 τῆς
651 2916 851 2985 πολλῆς
889 2916 970 2980 είς
1014 2916 1185 2986 αὐτὴν
1220 2914 1566 2986 συμπαθείας
1594 2913 1864 2967 ἀθάνατον

277 3010 459 3080 ἐαυτῷ
483 3009 769 3064 ἀσθένειαν
792 3009 1085 3083 ξπαγὰγοι,
1116 3010 1208 3061 ἐπὶ
1242 3008 1392 3079 δᾷοῆ
1420 3008 1515 3061 καὶ
1542 3009 1689 3078 τρεῖς
1716 3004 1867 3077 ὧρας

279 3103 456 3169 οὓτως
484 3104 726 3175 ἀφειδῶς
760 3104 860 3175 τὴν
889 3106 1189 3176 ἀριστερὰν
1218 3110 1377 3177 χεῖρα
1407 3105 1484 3174 τῷ
1515 3104 1654 3176 πυρὶ
1693 3121 1865 3173 προσ-

1954 618 2074 658 eam
2103 602 2170 657 ad
2207 617 2266 657 se
2304 598 2631 665 introduxit,
2658 612 2972 669 panemque
3003 603 3059 652 et
3081 609 3278 667 aquam
3312 593 3391 648 illi
3425 607 3529 662 ap-

1953 695 2184 766 posuit:
2216 702 2272 749 et
2324 692 2650 749 interiorem
2708 690 2903 746 cellam
2949 690 3257 759 ingressus,
3290 685 3534 759 seipsum

1953 787 2069 845 illic
2099 785 2343 853 inclusit,
2376 784 2609 842 muliere
2638 782 2694 838 in
2720 782 2991 838 exteriore
3016 780 3156 837 cella
3176 778 3467 836 derelicta.

2022 971 2116 1028 Vl.
2141 969 2238 1026 Illa
2257 954 2392 1024 vero
2424 981 2551 1023 cum
2582 965 2769 1021 cibum
2808 960 3156 1035 sumpsisset,
3200 957 3377 1014 voluit
3402 971 3539 1029 pau—

1953 1065 2125 1135 lisper
2166 1062 2476 1134 quiescere.
2509 1059 2709 1115 Postea
2760 1056 2931 1128 coepit
2962 1052 3279 1119 vociferari,
3307 1062 3365 1108 et
3410 1064 3540 1107 cum

1954 1157 2211 1214 lamentis
2236 1155 2303 1211 ad
2330 1156 2554 1226 jnnuam
2583 1168 2642 1208 se
2666 1150 2923 1222 dejicere,
2958 1149 3252 1219 virumque
3283 1153 3539 1202 sanetum

1956 1247 2274 1318 implorare.
2294 1245 2391 1300 llle
2412 1258 2547 1299 vero
2593 1257 2625 1297 e
2654 1239 2895 1296 fenestra
2920 1237 3284 1309 prospiciens,
3306 1247 3541 1303 eamque

1955 1342 2150 1408 videns
2183 1337 2455 1409 angustiis
2483 1344 2539 1392 et
2570 1334 2746 1391 multo
2784 1331 2974 1388 dolore
3007 1342 3406 1400 compressam,
3436 1326 3541 1380 du-

1956 1436 2168 1492 bitabat
2199 1432 2462 1504 quidnam
2491 1431 2542 1486 ei
2582 1430 2799 1486 diceret
2854 1434 2950 1480 aut
2982 1424 3208 1480 faceret.
3242 1422 3400 1477 Tunc
3426 1418 3541 1484 illa,

1956 1529 2161 1585 Precor
2190 1524 2502 1600 te,~inquit,
2537 1529 2599 1576 ut
2627 1536 2713 1576 me
2762 1518 3058 1588 respicias,
3093 1525 3148 1570 et
3176 1513 3333 1584 signo
3360 1511 3548 1569 crucis

1958 1620 2198 1684 munias,
2244 1617 2505 1688 quoniam
2532 1613 2728 1669 ‘dolore
2773 1610 2960 1666 cordis
2992 1607 3294 1678 epprimor.
3322 1603 3419 1659 liis
3453 1601 3545 1656 ille

1959 1712 2165 1768 auditis
2195 1710 2350 1775 exiit,
2377 1717 2434 1765 et
2458 1707 2643 1763 statim
2676 1705 2801 1776 igne
2857 1701 3035 1758 multo
3077 1712 3332 1761 accenso,
3374 1708 3546 1765 prope

1959 1805 2250 1861 mulierem
2279 1802 2444 1866 sedit,
2502 1815 2568 1856 ac
2629 1797 2855 1854 sinistra
2916 1808 3085 1849 manu
3143 1789 3253 1862 igni
3302 1787 3546 1849 admota,

1889 1864 1932 1919 Β
1964 1901 2188 1957 dextera
2213 1910 2433 1953 sacrum
2468 1893 2654 1948 oleum
2707 1886 2970 1959 sumpsit,
3000 1894 3058 1940 et
3097 1898 3218 1939 eam
3242 1879 3548 1937 calefacere

1965 1993 2131 2064 coepit
2160 1988 2397 2062 propria:
2425 2000 2621 2042 manus
2649 1983 2869 2045 calore,
2901 1992 3082 2049 neque
3112 1973 3401 2032 desinebat
3429 1970 3552 2040 ejus

1964 2094 2158 2158 pectus
2185 2081 2368 2139 crucis
2389 2080 2546 2151 signo
2579 2076 2818 2133 munire.
2854 2073 2955 2128 Illa
2983 2071 3151 2143 igitur
3184 2061 3545 2136 impudentia:

1964 2153 2203 2236 stimulis
2264 2176 2523 2244 impulsa,
2554 2185 2681 2226 cum
2721 2166 2943 2224 irretire
2986 2178 3114 2218 eum
3163 2159 3351 2220 vellet,
3383 2163 3441 2211 et
3495 2153 3549 2206 in

1964 2281 2181 2343 turpem
2198 2262 2801 2326 libidinemconcitare,
2833 2259 3012 2328 Rogo,
3036 2250 3239 2324 inquit,
3266 2255 3320 2304 te
3342 2244 3555 2302 diutius

1965 2380 2063 2421 cor
2097 2376 2281 2417 meum
2307 2371 2500 2429 ungas,
2524 2364 2588 2409 ut
2612 2352 2792 2414 dolor,
2823 2348 2918 2420 qui
2947 2362 3034 2402 me
3075 2340 3415 2413 comprimit,
3436 2338 3551 2408 jam

1965 2456 2204 2513 desinat.
2259 2420 2539 2520 llle,vquae
2593 2445 2716 2515 ejus
2767 2449 2888 2498 erat
2939 2435 3288 2508 simplicitas,
3330 2420 3555 2487 mulieri

1965 2547 2219 2609 credens,
2251 2555 2484 2613 quaeque
2533 2537 2600 2592 ad
2631 2550 2753 2590 eam
2809 2529 3112 2588 curandam
3168 2520 3548 2598 pertinebant,

1965 2637 2280 2699 attendens,
2318 2631 2595 2700 simulque
2623 2624 2873 2683 fraudem
2894 2620 3046 2692 pravi
3075 2616 3342 2674 daemonis
3370 2613 3553 2669 sciens

1966 2749 2030 2791 ac
2059 2739 2336 2791 metuens,
2381 2740 2452 2781 ne
2482 2722 2626 2778 forte
2653 2735 2723 2775 ex
2752 2717 2923 2773 multa
2947 2715 3004 2770 in
3040 2728 3162 2769 eam
3191 2708 3549 2766 commisera-

1970 2828 2123 2883 tione
2149 2819 2545 2890 sempiternam
2582 2810 2963 2868 infirmitatem
3001 2805 3108 2862 sibi
3140 2804 3387 2866 afferret,
3414 2799 3554 2855 dua-

1967 2921 2073 2977 bus
2093 2917 2182 2973 vel
2204 2914 2384 2970 tribus
2406 2909 2561 2966 boris
2588 2914 2909 2963 constanter
2934 2900 3217 2956 sinistram
3246 2907 3470 2951 manum
3496 2890 3553 2945 in

1971 3010 2152 3081 ignem
2184 3005 2442 3076 injectam
2470 2996 2729 3060 detinuit,
2753 2994 2827 3049 ita
2852 3001 2915 3047 ut
2935 2990 3231 3063 digitorum
3262 2995 3556 3054 compages

1969 3080 2272 3160 combustae
2333 3093 2661 3152 deciderint.
2708 3090 2826 3146 Hoc
2887 3087 2982 3142 ille
3049 3080 3288 3139 faciebat
3360 3086 3554 3134 contra

281 3195 468 3268 φέρων
511 3169 884 3269 ἐνεκαρτέρει,
933 3169 1103 3268 ’ἄχρις
1147 3169 1862 3267 οὖναὶἶὰρμονίαιτῶν-τῆς

1971 3194 2274 3251 diabolicas
2297 3186 2585 3245 machinas
2614 3182 2880 3246 militans,
2919 3184 2982 3234 ut
3008 3183 3236 3248 propter
3284 3169 3555 3226 intulera-

279 3286 461 3360 χειρὸς
491 3262 1096 3343 δακτύλωννκαυθείσαι
1124 3262 1434 3342 ἀπέπεσανξ
1467 3287 1640 3341 Τοῦτο
1667 3286 1723 3340 δὲ
1745 3262 1862 3349 ταῖς

1971 3289 2140 3344 bilem
2160 3286 2315 3342 illum
2359 3281 2607 3337 dolorem
2632 3292 2701 3332 ex
2741 3274 2885 3349 ignis
2936 3269 3154 3326 ﬂamma
3195 3262 3577 3360 proﬁcis-cena

281 3379 621 3445 διαϐολικαϊς
700 3384 975 3453 μηχαναῖς
1028 3380 1599 3451 ἁντιστρατευόμενος
1656 3378 1864 3443 ἐποίει,

279 3473 423 3528 ὥστε
456 3475 621 3528 αὑτὸν
672 3475 763 3529 διὰ
811 3475 912 3545 τῆς
942 3478 1006 3529 ὲκ
1052 3473 1148 3529 τοῦ
1206 3475 1375 3545 πυρὸς
1431 3473 1866 3543 προσγινομένης

278 3568 431 3638 αύτῷ
460 3569 738 3640 ἀφορήτου
766 3568 979 3639 ὀδύνης,
1008 3569 1083 3642 μή
1111 3587 1234 3624 τινα
1260 3568 1530 3639 κακίστην
1560 3568 1769 3621 ἔννοιαν
1798 3568 1864 3636 τῇ

281 3662 485 3735 καρδίᾳ
513 3663 680 3718 αὐτοῦ
713 3663 1083 3717 suamnam.

353 3759 433 3814 Z'.
467 3755 533 3810 Ἦ
564 3756 643 3824 δὲ,
674 3756 738 3810 τδ
762 3756 1072 3829 παράδοξον
1128 3756 1335 3822 ίίοὖσα,
1367 3756 1463 3811 καὶ
1486 3757 1544 3809 ἐν
1575 3758 1743 3826 ἐαυτῇ
1777 3771 1869 3823 γε-

282 3849 487 3920 νομένη
519 3846 702 3921 (ἐώρα
741 3850 851 3920 γὰρ
875 3849 972 3919 τὴν
1013 3851 1173 3921 χεῖρα
1221 3850 1314 3903 τοῦ
1342 3848 1502 3916 ἁγίου
1533 3849 1717 3903 πᾶσαν
1748 3862 1869 3916 σχε-

281 3941 373 3995 δὸν
400 3941 505 3995 ὑπὸ
550 3942 720 4012 πυρὸς
759 3941 1213 4012 δαπλνηθείσαν),
1276 3942 1605 4012 δακρύσασα
1648 3938 1865 4011 πικρὸν,

282 4035 380 4089 καὶ
433 4035 736 4101 στενάξασα
794 4034 969 4089 δεινὸν
994 4075 1009 4101 ,
1070 4037 1184 4094 τοῖς
1245 4036 1372 4089 ποσὶ
1418 4035 1730 4106 προσέπεσε
1772 4030 1868 4087 τοῦ

285 4127 466 4197 ἁγίου,
495 4129 589 4181 καὶ
615 4129 735 4192 ταῖς
769 4129 959 4199 χερσὶν
990 4129 1159 4198 αὐτῆς
1182 4129 1242 4181 τὸ
1268 4128 1397 4182 ἴδιον
1427 4127 1708 4194 τύπτουσα
1734 4127 1867 4196 στῆ-

281 4217 398 4282 θος,
432 4218 564 4272 ἐϐόα
590 4235 604 4249 ο
636 4220 797 4289 Οἵμοι
823 4224 892 4291 τῇ
948 4219 1111 4290 ἀθλία
1140 4221 1237 4274 καὶ
1282 4221 1679 4292 ἐσκοτισμένῃί
1721 4222 1868 4290 οίμοι

273 4308 367 4365 ὃτι
397 4309 748 4383 κατάϐρωμά
802 4314 921 4381 εἰμι
958 4311 1056 4366 τοῦ
1087 4313 1314 4366 αἰωνίου
1372 4314 1578 4384 πυρόςί
1617 4314 1763 4382 οἴμοι
1787 4312 1870 4365 ὅτι

280 4404 491 4475 δοχεῖόν
524 4405 650 4489 εἰμι
695 4404 789 4459 τοῦ
819 4405 1071 4460 διαϐόλου
1101 4408 1115 4462 ί
1165 4406 1224 4461 Ὀ
1251 4406 1309 4460 δὲ
1336 4406 1489 4476 ἅγιος
1520 4406 1657 4475 πρὸς
1694 4406 1870 4459 ταῦτα

284 4495 436 4558 ἐν.δς
474 4495 804 4565 γενόμενος,
860 4498 1028 4568 φησὶν
1084 4498 1222 4568 πρὸς
1276 4499 1485 4569 αὐτήνο
1550 4498 1868 4569 Ἀνάστηθι,

1974 3392 2107 3447 tem,
2137 3378 2290 3434 nulla
2322 3372 2563 3448 pessima
2589 3366 2851 3441 cogitatio
2898 3364 2955 3419 in
2987 3363 3112 3435 ejus
3140 3358 3387 3418 animum
3411 3351 3561 3410 irre-

1972 3481 2149 3544 peret.

2043 3760 2158 3817 Vll.
2184 3755 2342 3825 Quod
2363 3768 2489 3811 cum
2541 3743 2946 3807 admirabiliter
2989 3740 3058 3797 ab
3095 3753 3163 3793 eo
3205 3732 3322 3791 fieri
3360 3728 3577 3825 mulier.

1971 3821 2226 3914 videret;
2243 3855 2300 3904 et
2328 3847 2448 3917 ipsa
2476 3840 2832 3913 resipisceret
2862 3838 3054 3904 (totam
3073 3829 3222 3886 enim
3249 3823 3424 3882 sancti
3453 3821 3564 3878 viri

1975 3950 2199 4003 manum
2236 3941 2353 3997 fere
2386 3938 2499 4010 igni
2533 3939 2916 4002 consumptam
2948 3922 3216 3993 videbat),
3250 3921 3573 3990 lacrymans

1974 4051 2140 4110 atque
2164 4007 2534 4106 ingemiscens
2561 4027 2629 4083 ad
2680 4022 2859 4083 sancti
2886 4020 2991 4077 viri
3042 4017 3211 4089 pedes
3245 4028 3304 4069 se
3337 4007 3562 4081 dejecit,

1972 4142 2027 4187 et
2051 4102 2184 4186 .suis
2210 4102 2468 4182 manibus
2501 4119 2791 4193 proprium
2836 4121 3033 4185 pectus
3067 4109 3317 4181 pulsans,
3353 4102 3564 4158 clama-

1972 4222 2243 4282 bat:llei
2314 4218 2453 4274 mihi
2522 4214 2738 4270 miserae
2782 4218 2839 4264 et
2896 4197 3337 4262 excaecaL'elbei
3400 4191 3563 4258 mihi,

1974 4316 2125 4389 quod
2146 4312 2351 4371 diaboli
2371 4307 2713 4365 domicilium
2742 4301 2886 4357 facta
2930 4296 3088 4375 sum!
3136 4293 3261 4348 Haec
3283 4304 3408 4345 cum
3437 4302 3566 4342 san-

1976 4378 2100 4466 ctus
2123 4407 2210 4462 vir
2269 4402 2489 4459 audiret
2545 4408 2711 4467 atque
2763 4393 3203 4460 obstupesceret,
3241 4382 3440 4451 Surge,
3475 4378 3566 4433 in—

1981 4502 2122 4572 quit,
2153 4496 2372 4554 mulier.
2402 4494 2519 4548 lloc
2550 4489 2711 4551 dixit,
2744 4496 2800 4541 et
2825 4481 3124 4539 admodum
3158 4475 3494 4532 festinanter
3523 4484 3558 4525 e

285 4588 472 4657 γύναι.
525 4590 638 4641 Καὶ
692 4590 791 4644 σὺν
826 4567 996 4661 πολλῇ
1025 4594 1091 4662 τῇ
1124 4567 1216 4662 βία
1240 4590 1305 4645 ὲκ
1333 4567 1428 4644 τού
1461 4591 1693 4661 ἐδάφους
1741 4567 1862 4645 ἀνα-

1978 4567 2098 4653 solo
2130 4596 2275 4650 illam
2311 4589 2512 4653 erexit,
2535 4595 2592 4643 et
2623 4590 2865 4640 attentas
2908 4589 3104 4645 preces
3131 4572 3199 4629 ad
3237 4573 3409 4626 Deum
3431 4567 3566 4622 mit-

290 4684 498 4754 στήσας
523 4683 715 4756 αὐτὴν,
763 4686 859 4738 καὶ
891 4685 1058 4756 εὐχὴν
1088 4685 1282 4756 ἐκτενῆ
1330 4685 1675 4751 ἐπιτελέσας,
1722 4686 1871 4755 λέγει

288 4776 428 4847 αὐτῇ
452 4793 469 4810 ε
507 4776 573 4829 Τί
633 4779 718 4831 σοί
772 4777 944 4841 ἐστιν,
1002 4778 1331 4847 ἀνάγγειλόν
1368 4797 1480 4851 μοι.
1540 4779 1603 4833 Ἦ
1633 4780 1689 4832 δέ
1718 4780 1872 4852 μόλις

288 4868 522 4923 ἐλθοῦσα
546 4871 628 4934 είς
659 4870 882 4940 ἑαυτὴν,
934 4870 1083 4935 ὅπως
1113 4868 1262 4943 εῖχεν
1317 4872 1386 4926 τὰ
1418 4872 1514 4926 τοῦ
1544 4874 1869 4943 πράγματος
1894 4912 1897 4913 ν

286 4961 433 5015 κατὰ
458 4961 657 5017 λεπτὸν
676 4963 826 5034 αὐτῷ
848 4964 1175 5034 ἐξηγήσατο,
1204 4981 1336 5034 φανε
1347 4965 1567 5037 ρὼσασα
1599 4965 1748 5037 αύτῷ
1774 4964 1874 5035 τὴν

285 5051 399 5105 τῶν
434 5054 772 5124 παρανόμων
795 5054 1176 5126 Σαμαρειτῶν,
1217 5057 1418 5128 μᾶλλον
1462 5058 1521 5112 δὲ
1553 5057 1647 5113 τοῦ
1685 5058 1870 5112 διαϐό-

287 5142 404 5207 λου,
448 5145 840 5216 μελετηθεῖσαν
888 5148 1036 5203 κατὰ
1065 5148 1161 5202 τοῦ
1190 5149 1347 5217 ἁγίου
1395 5151 1711 5218 ἐπιϐουλήν.
1759 5153 1872 5205 Καὶ

285 5236 352 5307 δὴ
389 5237 534 5307 μέγα
571 5239 833 5306 στενάξας
855 5242 883 5294 ὀ
903 5240 1088 5305 δοῦλος
1107 5242 1202 5296 τοῦ
1225 5241 1383 5302 Θεοῦ.
1414 5244 1509 5296 καὶ
1534 5243 1706 5297 πολλὰ
1730 5244 1870 5316 μετὰ

285 5329 446 5401 δόξης
480 5333 572 5384 καὶ
608 5330 863 5401 δακρύων
907 5333 1308 5406 εὐχαριστήσας
1334 5335 1414 5406 τῷ
1439 5335 1578 5406 Θεῷ,
1623 5337 1870 5407 κατήχη-

286 5441 383 5476 σεν
405 5424 596 5496 αὐτὴν,
631 5425 752 5490 δούς
779 5445 837 5480 τε
864 5428 999 5498 αὐτῇ
1020 5429 1309 5498 εὐλογίας,
1339 5429 1660 5483 ἀπέστειλεν
1693 5429 1869 5500 αὐτὴν

289 5518 427 5589 πρὸς
474 5516 564 5571 τὸν
613 5519 917 5589 ἁγιώτατον
946 5524 1245 5576 ἐπίσκοπον
1303 5521 1675 5593 Ἁλέξανδρον.
1719 5522 1867 5576 Ἡδὲ

282 5611 383 5683 τὴν
437 5612 735 5684 ἐκκλησίαν
784 5614 1194 5681 καταλαϐοῦσα,
1227 5615 1437 5670 ἕκαστα
1462 5615 1572 5669 τῶν
1620 5633 1867 5687 παρηκοσ

282 5702 636 5772 λουθηκὸτων
690 5704 769 5774 τῷ
821 5705 941 5775 Θεῷ
993 5708 1231 5775 πρῶτον,
1281 5706 1471 5761 ἔπειτα
1518 5708 1574 5760 δέ
1606 5709 1698 5761 καὶ
1739 5707 1865 5779 {nl-3]

284 5793 578 5863 ἁγιωτάτῳ
609 5794 762 5865 diripi.
790 5794 1271 5867 ἑξωμολογήσατο⁶
1302 5796 1364 5862 ὃς
1394 5798 1490 5851 καὶ
1522 5798 1684 5861 αὐτὸς
1712 5798 1866 5853 πλεῖ-

289 5896 392 5935 στα
430 5887 751 5957 κατηχήσας
776 5888 972 5960 αὐτὴν,
1000 5888 1098 5945 καὶ
1121 5888 1295 5963 εὑρὼν
1318 5890 1485 5963 αὐτὴν
1512 5890 1748 5955 ἐκτενῶς
1778 5891 1863 5962 ἐφ’

1981 4698 2124 4754 tens,
2154 4684 2381 4749 Nuntia,
2414 4678 2619 4751 inquit,
2653 4674 2875 4734 mulier,
2899 4668 3031 4741 quid
3070 4667 3179 4722 hoc
3220 4663 3312 4720 sit.
3348 4659 3566 4729 Vixque

1979 4780 2046 4838 ad
2069 4752 2129 4837 se
2154 4792 2403 4842 reversa,
2431 4789 2543 4845 quo
2565 4777 2728 4843 pacto
2753 4783 2844 4823 res
2872 4780 2931 4822 se
2960 4760 3218 4821 habebat,
3241 4752 3564 4839 singulatim

1976 4872 2258 4944 exposuit,
2294 4869 2550 4940 aperiens
2591 4877 2730 4935 quas
2784 4858 2941 4931 pravi
2987 4852 3296 4915 Samaritae,
3323 4848 3413 4904 vel
3443 4844 3565 4900 dia-

1977 4939 2139 5023 bolus
2167 4963 2355 5035 potius
2390 4959 2661 5015 adversus
2702 4955 2913 5026 justum
2946 4948 3129 5002 virum
3163 4942 3392 4999 insidias
3443 4939 3567 4993 ma-

1975 5059 2235 5116 chinatus
2259 5055 2462 5111 fuerat.
2488 5052 2606 5120 Qua
2629 5063 2690 5104 re
2723 5045 2934 5109 audita,
2971 5041 3068 5098 Dei
3103 5051 3297 5095 servus
3328 5046 3560 5104 magno-

1979 5170 2111 5227 pere
2151 5148 2458 5223 ingemuit:
2500 5157 2739 5213 cumque
2784 5139 2881 5195 Dei
2924 5136 3158 5210 gloriam
3202 5120 3564 5190 celebrasset,

1976 5258 2033 5303 et
2061 5248 2332 5318 lacrytnas
2367 5241 2569 5297 multas
2602 5238 2881 5298 emittens,
2918 5233 3029 5288 Deo
3081 5228 3289 5302 gratias
3319 5224 3560 5296 egisset,

1975 5341 2125 5396 illam
2142 5315 2481 5395 catechismo
2517 5322 2801 5392 instruxit,
2823 5329 2987 5399 eique
3005 5320 3426 5380 benedictiones
3452 5315 3564 5368 im-

1975 5432 2237 5506 partitus,
2271 5429 2424 5485 misit
2456 5429 2527 5482 ad
2572 5421 2986 5481 sanctissimum
3031 5411 3405 5473 Alexandrum
3439 5403 3570 5476 epi—

1974 5541 2222 5596 scopum.
2261 5511 2457 5578 Muiier
2490 5533 2625 5574 vero
2661 5532 2789 5574 cum
2842 5514 2931 5570 adt
2961 5507 3253 5569 ecclesiam
3288 5501 3560 5559 venisset.

1974 5591 2421 5687 unamquamque
2437 5630 2554 5671 rem
2572 5612 2769 5668 ordine
2804 5610 2918 5665 Deo
2939 5604 3041 5676 ipsi
3068 5601 3333 5673 primum,
3354 5591 3560 5649 deinde

1971 5720 2026 5766 et
2046 5710 2396 5767 sanctissimo
2434 5709 2555 5764 viro
2598 5703 2855 5762 confessa
2892 5709 3015 5756 est:
3057 5695 3156 5766 qui
3187 5700 3245 5748 et
3285 5691 3402 5761 ipse
3424 5702 3557 5744 cum

1970 5804 2273 5874 plurimum
2320 5817 2443 5859 eam
2478 5798 2854 5860 instruxisset,
2906 5802 3213 5860 eorumque
3249 5783 3551 5844 malorum.

1970 5912 2091 5954 (tum
2112 5895 2484 5962 commiserat,
2507 5892 2666 5949 valde
2687 5888 3045 5962 pmnitentem
3068 5879 3306 5945 videret,
3325 5877 3555 5932 immor-
