3834 6484
285 315 426 387 1219

1506 338 1787 400 MENSIS
1825 344 2283 429 IANUARIUS.

3389 357 3527 425 1220

273 437 501 493 talitatis
552 438 831 496 lavacrum
873 442 923 497 ei
959 442 1133 508 dedit,
1184 453 1240 500 et
1278 448 1564 503 mulierem
1618 452 1832 521 quidem

1944 454 2023 522 οἷς
2055 460 2291 530 ἔπραξεν
2332 464 2724 530 μετανοοῐσαν,
2756 467 2962 523 ἔδωκεν
2983 470 3122 541 αὐτῇ
3170 472 3231 524 τὸ
3262 472 3363 542 τῆς
3392 475 3534 528 ἀθα-

272 529 444 600 ipsam
473 529 541 585 ad
592 533 864 603 virginum
932 537 1329 593 monasterium
1401 541 1593 607 misit;
1626 560 1832 601 omnem

1946 553 2137 616 νασὶας
2192 556 2414 625 λουτρὸν
2454 558 2546 609 καὶ
2596 558 2733 628 μετα
2780 560 2952 614 ταῦτα
3009 529 3121 633 τὴν.
3144 563 3246 632 μέν
3293 529 3537 633 γυναῖκα

270 636 404 677 vero
444 624 705 692 populum
745 625 1080 696 religiosum,
1106 639 1161 683 ct
1181 631 1386 687 Christi
1406 644 1707 691 amatorem
1733 640 1846 695 cle-

270 730 394 768 rum
439 731 563 768 cum
617 728 1022 788 congregasset,
1058 739 1125 776 ex
1190 724 1325 778 urbe
1367 734 1425 779 et
1482 728 1705 799 regione
1754 732 1844 787 illa

268 821 459 862 omnes
480 807 778 865 Samaritns
807 812 1037 880 expulit,
1077 830 1141 869 ac
1159 825 1349 884 postea
1377 819 1473 873 Dei
1496 836 1717 877 servum
1753 824 1844 879 Ja-

268 899 468 954 eobum
534 902 707 965 adiit,
758 917 998 975 eumque
1056 916 1117 961 ut
1160 908 1337 965 bonus
1386 922 1540 981 pater
1603 916 1840 971 multum

266 990 633 1047 conﬁrmavit.
663 993 739 1048 Ita
768 1010 898 1049 vero
935 1006 991 1051 et
1021 999 1219 1053 mulier
1255 1003 1566 1070 supradicta
1599 1021 1696 1074 per
1727 1022 1843 1077 pte-

266 1083 551 1138 nitentiam
583 1084 805 1141 Christo
839 1087 1074 1163 seipsam
1101 1090 1322 1157 obtulit,
1356 1103 1414 1147 ut
1436 1106 1490 1149 et
1524 1097 1693 1152 chara
1732 1099 1844 1153 Deo

264 1186 433 1241 esset,
467 1186 523 1231 et
546 1176 809 1233 adversus
845 1180 1123 1236 dzemones
1145 1184 1372 1254 gratiam
1407 1187 1705 1257 acciperet.

1944 642 2262 698 ἀπέστειλεν
2311 649 2391 710 εἰς
2441 649 2502 701 τὸ
2524 650 2633 702 τῶν
2676 651 2971 720 παρθένων
3003 655 3366 726 ἀσκητήριον.
3400 658 3537 711 Συν-

1943 736 2167 804 αγαγὼν
2197 739 2253 792 δὲ
2292 741 2471 794 πάντα
2498 744 2587 795 τὶν
2629 744 2855 817 θεοφιλῆ
2888 747 3091 818 κλῆρον
3123 751 3219 802 καὶ
3252 749 3345 802 τὸν
3381 751 3537 819 φιλόο

1941 843 2160 896 χριστον
2194 828 2343 895 λαὸν,
2372 833 2651 899 ὲξεδέωξεν
2685 838 2782 907 τῆς
2811 855 2871 890 τε
2909 840 3118 902 πόλεως
3151 841 3386 895 καὶ-τῶν
3440 861 3538 912 με·

1953 918 2062 988 ρῶν
2092 922 2318 976 ἐκείνων
2366 924 2577 990 πάντας
2624 929 2751 991 τοὺς
2802 931 3131 1001 εὑρεθέντας
3162 933 3536 1006 Σαμαρείτας,

1953 1013 2043 1063 καὶ
2080 1015 2219 1083 μετά
2257 1014 2430 1070 ταῦτα
2462 1020 2921 1089 παραγενόμενος
2953 1024 3090 1094 πρὸς
3129 1024 3221 1078 τὸν
3263 1026 3360 1079 τοῦ
3396 1025 3535 1079 Θεοῦ

1947 1101 2132 1157 δοῦλον
2166 1106 2443 1171 Ἰάκωϐον,
2478 1111 2569 1163 ἐπὶ
2601 1112 2735 1166 πολὺ
2765 1114 2950 1179 αὐτὸν,
2974 1114 3050 1178 ὡς
3073 1117 3259 1187 πατὴρ
3288 1119 3534 1187 γνήσιος,

1946 1197 2328 1267 ἐπεστήριξεν.
2371 1200 2495 1255 Ἐπὶ
2536 1205 2791 1258 τοσοῦτον
2822 1205 2880 1258 δέ
2921 1207 2955 1278 ἡ
2986 1211 3366 1280 προρρηθεῖσα
3395 1210 3534 1281 γυνὴ

264 1270 329 1321 ἐκ
379 1272 668 1339 μετανοίας
714 1275 887 1345 αὐτὴν
925 1276 1003 1348 τῷ
1052 1280 1242 1351 Κυρίῳ
1290 1286 1668 1354 προσήνεγκεν
1694 1326 1708 1350 ,
1758 1286 1834 1353 ὥς
1871 1292 2061 1360 τιμίαν
2086 1292 2345 1363 ὀφθεῖσαν
2379 1296 2552 1368 αὐτῷ,
2619 1301 2714 1354 καὶ
2756 1270 3109 1372 χαρίσματος·
3135 1270 3286 1359 ’κᾷτά
3345 1270 3536 1375 δαυιμὸί

265 1377 373 1414 νων
402 1364 833 1434 καταξιωθῆναι.

1808 1540 2033 1598 CAPUT
2089 1542 2154 1597 Il.

1367 1677 1569 1733 Donum
1600 1680 1956 1736 curationum.
1990 1681 2231 1740 Secessus
2276 1686 2631 1760 longinquior.

333 1804 469 1859 VIII.
506 1805 674 1860 Facto
718 1816 901 1862 autem
935 1809 1227 1867 intervallo
1251 1814 1490 1882 quodam
1556 1814 1832 1885 temporis,

2019 1816 2100 1873 H'.
2129 1821 2286 1875 Μετά
2322 1823 2379 1876 δέ
2405 1825 2596 1895 χρόνον
2630 1827 2773 1893 τινὰ,
2798 1826 3047 1901 Θυγάτηρ
3079 1832 3223 1896 τινὸς
3246 1831 3355 1886 τῶν
3378 1851 3531 1905 πρω-

264 1897 371 1952 (ilia
416 1898 702 1968 cuiusdam
734 1901 863 1968 viri,
895 1902 989 1973 qui
1026 1905 1331 1975 principem
1358 1907 1537 1962 locum
1572 1908 1625 1962 in
1648 1916 1842 1962 senatu

260 1990 567 2048 obtinebat.
604 1993 821 2061 impuro
864 1994 1067 2063 spiritu
1108 1996 1330 2065 agitata,
1355 1998 1681 2054 nominatim
1712 2015 1839 2054 san-

260 2088 411 2132 ctum
445 2080 598 2135 illum
651 2082 834 2137 virum
874 2084 1187 2142 invocabat.
1225 2088 1363 2144 Cum
1396 2090 1565 2161 igitur
1592 2091 1712 2161 ejus
1744 2106 1842 2160 pa-

259 2182 447 2227 rentes
479 2174 546 2229 ad
582 2175 676 2229 Dei
717 2192 937 2233 servum
964 2196 1083 2235 eam
1113 2181 1419 2247 duxissent,
1446 2185 1626 2254 ipsum
1680 2201 1838 2256 roga.

260 2263 412 2330 bant,
428 2276 490 2321 ut
505 2267 698 2336 puellae
712 2268 1059 2339 iuventutem
1082 2274 1457 2330 misericordia
1479 2293 1845 2347 prosequere-

258 2366 373 2424 tur,
392 2366 449 2413 et
480 2357 759 2429 impurum
792 2363 1043 2433 spiritum
1076 2366 1144 2422 ab
1190 2367 1305 2438 ipsa
1330 2369 1651 2440 expelleret.
1678 2369 1844 2426 Cum-

253 2465 367 2522 que
400 2462 622 2509 sanctus
647 2456 732 2510 vir
760 2473 857 2527 pro
881 2474 942 2514 ea
976 2461 1147 2515 Deum
1176 2474 1434 2533 precatus
1453 2477 1621 2533 esset,
1646 2478 1699 2522 et
1724 2484 1841 2523 ma-

258 2558 364 2599 nus
383 2560 551 2616 super
586 2548 731 2603 illam
767 2550 1140 2622 imposuisset,
1172 2558 1353 2612 statim
1378 2558 1561 2613 divina
1590 2577 1691 2630 ope
1725 2560 1839 2616 dve-

267 2652 485 2692 monvm
513 2642 744 2710 expulit,
770 2652 826 2697 et
857 2647 1093 2714 puellam
1120 2652 1353 2704 curavit.
1387 2651 1522 2723 Ejus
1545 2653 1713 2724 igitur
1736 2670 1835 2724 pa-

261 2737 448 2784 rentes
468 2746 593 2785 cum
616 2744 672 2787 et
701 2734 810 2789 Deo
835 2746 889 2791 et
922 2738 1022 2807 ipsi
1048 2742 1254 2810 gratias
1270 2742 1534 2813 egissent,
1561 2729 1839 2802 trecentos

257 2834 458 2875 aureos
492 2839 746 2880 nummos
778 2828 827 2882 ei
859 2830 1147 2896 miserunt,
1182 2847 1322 2903 quos
1357 2850 1467 2888 non
1526 2838 1707 2892 solum
1744 2840 1837 2909 ju-

257 2921 377 2965 stus
413 2914 504 2969 ille
537 2917 622 2970 vir
660 2919 912 2988 accipere
948 2937 1118 2977 ausus
1142 2939 1250 2979 non
1280 2934 1385 2989 est,
1428 2928 1521 2982 sed
1550 2945 1619 2984 ne
1645 2931 1834 2987 videre

255 3004 477 3073 quidem
500 3021 595 3061 eos
627 3024 819 3079 passus
842 3010 980 3078 fuit;
1003 3013 1214 3078 dicens.
1238 3018 1428 3088 eisque
1464 3022 1833 3091 persuadens,

1944 1912 2210 1965 τενόντων
2242 1913 2338 1968 τοῦ
2369 1916 2759 1988 βουλευτηρίου
2788 1919 2894 1973 ὑπὸ
2928 1922 3241 1994 ἀκαθάρτου
3281 1926 3532 1996 πνεύμαο

1944 2019 2035 2068 τος
2058 2006 2427 2078 ἐνεργουμένη
2456 2010 2609 2075 ἐϐόα,
2632 2012 2692 2076 ἐξ
2710 2013 2974 2083 ὀνόματος
3002 2015 3413 2090 ἐπικαλουμένη
3439 2020 3532 2074 τὸν

1945 2094 2119 2160 ἅγιον.
2154 2097 2482 2169 ’Λγαγόντες
2514 2101 2606 2157 οὖν
2636 2105 2807 2176 αὐτὴν
2833 2107 2970 2177 πρὸς
3003 2109 3094 2161 τὸν
3121 2109 3217 2161 τοῦ
3244 2110 3381 2163 Θεοῦ
3406 2111 3529 2165 δοῦ-

1943 2188 2034 2240 λον
2060 2191 2108 2243 oi
2153 2191 2358 2264 ταύτης
2382 2199 2583 2263 γονεῖς,
2616 2197 2968 2268 παρεκάλουν
2994 2199 3157 2254 αὐτὸν
3180 2201 3402 2270 ἐλεῆσαι
3426 2203 3527 2269 τὴν

1943 2282 2117 2352 αὐτῆς
2144 2284 2377 2356 νεότητα
2401 2288 2494 2342 καὶ
2515 2288 2791 2344 ἀπελάσαι
2819 2289 2915 2344 ἀπ’
2942 2291 3117 2359 αὐτῆς
3144 2292 3237 2346 τὸν
3272 2293 3524 2365 ἀκάθαρο

1941 2389 2036 2425 τον
2058 2373 2309 2446 δαίμονα.
2332 2378 2444 2433 Καὶ
2467 2378 2532 2451 δὴ
2554 2381 2999 2453 προσευξαμένου
3016 2383 3113 2437 τοῦ
3137 2383 3296 2452 ἁγίου
3327 2384 3522 2457 ἀνδρὸς

1943 2467 2038 2518 καὶ
2061 2465 2162 2530 τὰς
2192 2470 2383 2539 χεῖρας
2414 2471 2552 2541 αὐτῇ
2602 2472 2905 2538 ἐπιθέντος,
2952 2475 3299 2546 παραχρῆμα
3326 2479 3393 2548 τῇ
3428 2474 3525 2529 τοῦ

1943 2561 2149 2633 Κυρίου
2172 2564 2358 2634 χάριτι
2391 2563 2484 2617 τὸν
2508 2564 2741 2635 δαίμονα
2770 2566 3052 2637 ἀπήλασεν
3094 2568 3192 2621 καὶ
3220 2568 3321 2638 τὴν
3353 2568 3520 2621 παῖδα

1944 2654 2153 2708 ἰάσατο.
2179 2655 2697 2727 Εὐχαριστήσαντες
2714 2657 3007 2728 τοιγαροῦν
3034 2657 3086 2711 οῖ
3108 2646 3312 2729 ταύτης
3345 2660 3524 2726 γονεῖς

1940 2744 2018 2816 τῷ
2048 2746 2167 2815 Θεῷ
2193 2749 2289 2800 καὶ
2320 2747 2399 2819 τῷ
2441 2748 2578 2819 ἁγίῳ
2611 2749 2791 2819 ἀνδρὶ,
2821 2749 3153 2803 ἀπέστειλαν
3213 2749 3364 2820 αὐτῷ
3389 2749 3523 2820 χρύ-

1942 2855 2062 2891 σινα
2085 2841 2406 2911 τριακόσια·
2449 2842 2594 2911 ἅπερ
2620 2844 2648 2895 ὁ
2682 2842 2892 2905 δεκαιος
2926 2843 2987 2895 οὐ
3026 2843 3188 2913 μόνον
3209 2843 3397 2895 λαϐεῖν
3420 2843 3521 2896 οὐκ

1937 2932 2221 3003 ἠνέσχετο,
2244 2934 2360 2987 ἀλλ’
2397 2935 2518 2987 οὐδὲ
2557 2934 2687 2987 ἰδεῖν
2741 2935 3087 3001 κατεδέξατο,
3133 2934 3311 3002 λέγων
3337 2935 3520 2998 αὐτοῖς

1939 3028 2034 3079 καὶ
2068 3026 2297 3092 πείθων,
2358 3028 2432 3098 μὴ
2482 3028 2594 3081 δεῖν
2619 3028 2718 3098 τὴν
2753 3030 2913 3098 χάριν
2941 3028 3043 3081 τοῦ
3074 3026 3211 3079 Θεοῦ
3247 3028 3517 3095 ἐμπορῖαν

252 3109 364 3149 non
404 3095 604 3152 decere
635 3101 949 3157 divinarum
989 3121 1173 3161 rerum
1202 3119 1570 3168 mercaturam
1624 3115 1829 3181 facere,

255 3186 349 3210 --Δ
382 3191 642 3210 -,--μ-.ςι
675 3209 707 3210 η
750 3194 803 3210 οη
974 3197 1007 3210 ,ι
1114 3199 1128 3210 ι
1283 3203 1323 3210 -
1495 3206 1506 3210 -
1627 3206 1638 3210 _

1941 3120 2231 3181 ποιεῖσθαι,
2290 3095 2451 3173 Ἀλλά
2516 3095 2719 3189 μᾶλλον
2753 3095 2876 3174 ’δότε
2915 3119 3056 3174 αὐτά
3085 3122 3200 3182 τοῖς
3239 3122 3514 3190 πτωχοῑςο

254 3186 350 3242 sed
382 3191 718 3259 pauperibus
748 3194 870 3250 illos
895 3197 1080 3267 potius
1096 3199 1246 3256 dare.
1283 3203 1396 3274 Ego
1420 3206 1589 3271 enim,
1625 3206 1828 3278 inquit,

252 3294 354 3334 eos
382 3295 491 3336 non
535 3285 786 3355 accipio;
815 3303 941 3345 nam
996 3290 1049 3346 in
1107 3293 1409 3352 solitudine
1455 3297 1662 3369 degens
1710 3301 1831 3357 istis

252 3386 363 3426 non
395 3371 633 3446 indigeo.
676 3377 864 3450 Itaque
892 3385 1096 3453 gratias
1144 3387 1257 3442 Deo
1302 3402 1528 3461 agentes
1579 3394 1833 3452 homines

257 3465 383 3523 illos
415 3467 468 3521 in
499 3485 693 3525 eorum
719 3472 914 3531 domos
941 3478 1169 3535 remisit.

325 3558 421 3616 IX.
457 3562 766 3634 Aliquando
809 3583 944 3624 vero
1000 3588 1125 3628 cum
1171 3576 1493 3635 adolescens
1546 3580 1769 3650 quidam
1800 3597 1831 3635 a

251 3652 502 3714 daemone
528 3667 771 3718 tentatus
802 3663 1016 3733 fuisset,
1049 3677 1288 3740 utroque
1344 3671 1482 3742 pede
1526 3671 1833 3728 dissolutus

252 3746 360 3804 fuit
392 3766 406 3805 :
442 3767 607 3822 quem
633 3754 1159 3829 ejusconsanguinei
1211 3762 1543 3835 baiulantes.
1577 3766 1646 3820 ad
1700 3781 1832 3822 san-

251 3847 402 3896 ctum
452 3843 631 3898 virum
667 3847 934 3913 tulerunt,
978 3865 1107 3906 eum
1152 3864 1429 3925 rogantes,
1481 3867 1542 3911 ut
1573 3873 1673 3927 pro
1701 3859 1823 3927 ipso

253 3932 427 3989 Deum
477 3946 821 4006 precaretur.
857 3940 951 3996 ille
987 3953 1170 3999 autem
1216 3963 1339 4001 cum
1395 3956 1507 4004 tres
1538 3949 1659 4004 dies
1683 3951 1832 4022 jeju-

254 4036 460 4088 nasset.
491 4037 547 4084 et
572 4029 775 4086 divinis
800 4034 1056 4102 precibus
1092 4051 1318 4107 operam
1359 4040 1621 4106 dedisset,
1665 4058 1832 4111 para-

253 4120 480 4191 lyticum
511 4122 789 4178 hominem
816 4141 1009 4181 sanum
1033 4129 1298 4196 restituit,
1330 4133 1421 4185 cui
1444 4140 1500 4186 et
1527 4132 1830 4199 benedixit,

249 4214 529 4287 iussitque
571 4217 812 4287 propriis
862 4220 1097 4293 pedibus
1150 4223 1203 4276 in
1251 4237 1408 4278 suam
1462 4225 1687 4280 domum
1731 4244 1835 4281 re-

254 4308 415 4362 verti.
457 4307 609 4363 Multi
645 4310 737 4363 alii
767 4310 835 4365 ad
898 4313 1156 4367 eumdem
1213 4315 1530 4382 veniebant,
1563 4319 1658 4389 qui
1708 4335 1831 4374 cum

253 4398 486 4454 diversis
513 4402 719 4458 morbis
752 4403 1091 4469 laborarent,
1134 4420 1329 4463 omnes
1368 4408 1552 4464 divina
1593 4426 1698 4482 ope
1728 4427 1829 4481 per

1938 3212 2079 3281 Ἐγὼ
2097 3214 2205 3284 γὰρ
2222 3212 2394 3268 ταῦτα
2432 3213 2494 3268 οὐ
2517 3214 2778 3284 λαμϐάνω
2796 3230 2810 3244 ·
2839 3216 2898 3267 ἐν
2928 3213 3135 3284 ἐρημίᾳ
3159 3211 3270 3283 γάρ
3295 3212 3516 3279 διάγων,

1935 3304 2145 3357 τούτων
2167 3306 2227 3356 οὐ
2251 3304 2461 3375 χρῄζω.
2497 3304 2609 3357 Καλ⁵
2640 3301 2816 3368 οὕτως
2840 3302 3302 3373 εὐχαριστοῦντας
3326 3302 3519 3365 αὐτοὺς

1934 3397 2009 3468 τῷ
2038 3396 2175 3467 Θεῷ,
2214 3398 2271 3448 ἐν
2292 3398 2480 3467 εἰρήνῃ
2511 3394 2841 3465 ἀπέπεμψεν
2871 3396 2951 3458 εἰς
2973 3395 3042 3449 τὰ
3068 3394 3199 3449 ἴδια.

2005 3575 2082 3633 Θ’.
2129 3576 2352 3631 Ἀλλοτε
2379 3576 2437 3630 δέ
2457 3575 2678 3638 νεανίας
2696 3592 2779 3638 τις
2801 3574 2909 3628 ὑπὸ
2932 3573 3246 3644 πνεύματος
3276 3572 3520 3644 ἀκαθάρ-

1933 3687 2029 3724 του
2080 3668 2465 3742 ἐπηρεασθεὶς,
2522 3668 2872 3737 ἀμφοτέρους
2943 3664 3113 3721 αὑτοῦ
3171 3666 3302 3729 τοὺς
3353 3663 3523 3730 πόδας

1936 3760 2215 3832 παρελύθη
2232 3777 2250 3793 ο
2271 3760 2365 3814 καὶ
2403 3759 2467 3831 δὴ
2492 3760 2679 3814 τοῦτον
2702 3760 2752 3813 οἱ
2777 3759 2899 3814 ῖδιοι
2928 3763 3110 3829 γονεῖς
3135 3757 3523 3829 βαστάσαντες

1933 3856 2143 3924 ἤγαγον
2165 3853 2307 3923 πρὸς
2338 3853 2431 3906 τὸν
2451 3852 2630 3921 ἅγιον,
2673 3853 3125 3924 παρακαλοῦντες
3164 3852 3329 3906 αὑτὸν
3371 3850 3521 3918 εὖξαι

1935 3945 2061 3998 σθαι
2087 3944 2229 4015 ὑπὲρ
2256 3942 2446 4001 αὐτοῦ,
2485 3941 2547 3997 ὐ
2571 3943 2629 3998 δέ
2649 3946 2800 4015 τρεῖς
2833 3943 3047 4013 ἡμέρας
3076 3942 3402 4011 νηστεύσας,
3424 3941 3521 3996 καὶ

1932 4041 1999 4108 τῇ
2027 4039 2308 4107 προσευχῇ
2362 4038 2881 4108 προσκαρτερήσας,
2940 4036 3069 4106 ὑγιῆ
3103 4035 3205 4089 τὸν
3224 4035 3521 4107 παραλυτι-

1933 4130 2028 4182 κὸν
2052 4129 2496 4199 άπεκατέστησεν
2515 4145 2530 4160 ·
2559 4131 2654 4181 καὶ
2683 4128 2987 4198 εὐλογήσας
3011 4129 3198 4191 αὐτὸν,
3218 4127 3517 4199 ἐπέτρεψεν

1934 4221 2084 4289 αὐτῷ
2107 4223 2215 4283 τοῖς
2247 4219 2402 4282 ἰδίοις
2432 4220 2595 4273 ποσὶν
2620 4221 2702 4283 είς
2731 4220 2822 4273 τὸν
2856 4215 3006 4273 οἶκον
3038 4218 3207 4274 αὐτοῦ
3239 4219 3512 4273 ἀπελθεῖν.

1935 4311 2127 4365 Πολλοὶ
2166 4310 2222 4363 δὲ
2275 4309 2369 4363 καὶ⁹
2404 4309 2557 4363 ἄλλοι
2598 4310 2834 4380 ἤρχοντο
2887 4309 3027 4381 πρὸς
3083 4310 3270 4373 αὑτὸν,
3325 4310 3514 4371 νόσους

1933 4405 2225 4474 διαφόρους
2249 4404 2467 4474 ἔχοντες
2491 4419 2506 4436 ο
2542 4405 2637 4455 καὶ
2672 4403 2896 4468 πάντες,
2933 4406 3001 4474 τῇ
3036 4403 3125 4456 τοῦ
3157 4404 3367 4475 Κυρίου
3417 4403 3515 4474 χά-

255 4488 430 4559 ipsius
492 4507 684 4562 preces
746 4493 965 4559 curati,
1015 4495 1085 4549 ad
1156 4510 1285 4554 suas
1330 4498 1527 4556 domos
1576 4510 1828 4557 reverte—

1941 4516 2065 4570 ριτι,
2109 4499 2196 4551 διὰ
2228 4498 2335 4551 τῶν
2362 4497 2536 4567 εὐχῶν
2563 4497 2733 4551 αὑτοῦ
2762 4496 3007 4567 ἰώμενοι,
3038 4496 3373 4568 ἀνεχώρουν.

254 4581 477 4638 bantur.

325 4675 392 4731 Χ.
430 4677 566 4732 Cum
599 4691 783 4736 autem
836 4683 927 4738 ille
974 4683 1069 4738 Dei
1127 4698 1319 4739 servus
1371 4698 1430 4739 se
1470 4685 1540 4739 ab
1574 4686 1834 4740 omnibus

254 4771 491 4826 multum
547 4771 807 4829 honorari
855 4777 1106 4844 videret;
1149 4785 1205 4833 et
1255 4793 1465 4840 casum,
1494 4777 1588 4847 qui
1622 4793 1690 4832 ex
1736 4778 1837 4831 ho-

252 4879 389 4919 nore
417 4865 537 4934 ipso
568 4866 756 4922 multis
780 4869 1001 4923 evenire
1026 4870 1184 4930 solet.
1216 4869 1372 4923 valde
1418 4878 1710 4929 metueret,
1750 4871 1833 4924 lo-

252 4972 377 5011 cum
414 4958 565 5011 illum
590 4959 835 5028 reliquit.
864 4969 919 5014 et
945 4960 1161 5028 fugiens
1192 4959 1326 5013 abiit
1355 4960 1547 5029 procul
1588 4960 1658 5013 ab
1696 4959 1849 5020 urbe.

252 5052 345 5107 illa
376 5053 737 5123 quadraginta
770 5055 1099 5109 milliaribus
1133 5069 1412 5124 :cumqne
1452 5055 1595 5125 apud
1624 5068 1831 5125 petras,

256 5162 380 5217 quae
413 5155 548 5201 sunt
573 5145 640 5199 ad
669 5147 842 5216 ripam
868 5145 1020 5200 ﬂuvii
1050 5145 1371 5216 speluncam
1391 5162 1642 5218 magnam
1673 5148 1826 5205 inve-

255 5242 451 5299 nisset.
492 5240 713 5311 triginta
747 5254 923 5293 annos
971 5240 1083 5295 illic
1137 5240 1428 5306 habitavit,
1460 5241 1516 5295 in
1573 5241 1833 5311 precibus

257 5336 315 5381 et
342 5326 563 5397 hymnis
584 5336 729 5381 totos
753 5326 871 5381 dies
899 5343 964 5382 ac
996 5338 1190 5384 noctes
1231 5330 1585 5385 insumendo.
1641 5332 1834 5387 Nutri-

257 5428 444 5477 menta
495 5436 627 5477 vero
687 5421 802 5490 ipsa
836 5422 1009 5476 multo
1054 5433 1302 5493 tempore
1358 5439 1426 5478 ex
1470 5425 1679 5497 herbis,
1711 5443 1869 5497 quae-

256 5528 429 5583 prope
452 5512 676 5568 ﬂuviqu
701 5512 1088 5577 nascebantur,
1126 5515 1231 5569 sibi
1266 5496 1596 5571 conﬁciebat
1627 5536 1640 5573 :
1678 5496 1831 5588 post-

259 5624 326 5665 ea
382 5624 611 5679 parvum
662 5609 959 5681 quemdam
1012 5608 1232 5664 hortum
1270 5609 1337 5665 ad
1381 5610 1553 5680 ripam
1587 5611 1834 5667 numinis

258 5698 539 5769 eleganter
568 5701 896 5766 construxit,
924 5710 1090 5772 atque
1131 5701 1184 5755 in
1217 5716 1285 5757 eo
1308 5703 1519 5773 aliquot
1549 5704 1701 5759 horis
1720 5705 1829 5760 diei

251 5807 402 5864 .opus
458 5793 663 5851 iaciens
696 5810 763 5851 ex
813 5810 879 5852 eo
913 5795 1030 5866 ipso
1067 5795 1249 5850 cibum
1301 5795 1403 5851 sibi
1456 5796 1825 5867 comparabat.

2009 4685 2066 4739 l'.
2115 4684 2258 4737 Ἰδὼν
2301 4684 2359 4738 δέ
2406 4683 2596 4737 ἑαυτὸν
2626 4685 2655 4735 ὁ
2699 4682 2886 4746 δοῦλος
2912 4681 3006 4736 τοῦ
3040 4681 3175 4736 Θεοῦ
3208 4699 3348 4735 πανυ
3383 4680 3513 4752 παρ’

1936 4776 2191 4830 ἁπάντων
2214 4773 2543 4843 τιμώμενον,
2591 4775 2686 4827 καλ.
2713 4775 2814 4844 τὴν
2843 4776 2907 4827 ἐκ
2939 4775 3044 4845 τῆς
3068 4777 3234 4845 τιμῆς
3283 4773 3513 4845 συμϐαί-

1936 4886 2132 4924 νουσαν
2159 4871 2273 4930 τοῖς
2306 4868 2519 4932 πολλοῖς
2550 4867 2755 4921 πτῶσιν
2802 4867 3096 4934 δειλιάσας,
3140 4868 3375 4921 ἀπέλιπε
3425 4866 3511 4919 τὸν

1934 4963 2121 5027 τόπον,
2151 4965 2247 5015 καὶ
2275 4964 2419 5030 φυγῇ
2454 4960 2798 5031 χρησάμενος
2817 4959 3056 5029 ἀπῆλθεν
3085 4959 3162 5023 ὡς
3182 4960 3292 5012 ἀπὸ
3322 4957 3513 5027 μιλίων

1936 5053 2346 5124 τεσσαράκοντα
2360 5053 2459 5122 τῆς
2481 5050 2688 5112 πόλεως
2712 5049 2927 5119 ἐκείνης
2952 5064 2966 5079 ·
3000 5051 3095 5102 καὶ
3117 5046 3299 5117 εὑρὼν
3328 5048 3511 5101 αὐτόθι

1938 5146 2201 5215 σπήλαιον
2226 5148 2366 5213 μέγα
2399 5144 2549 5215 παρὰ
2573 5142 2671 5213 τὴν
2698 5142 2865 5213 ὄχθην
2889 5140 2985 5195 τοῦ
3006 5140 3252 5212 ποταμοῦ
3278 5141 3509 5212 Πέτρας,

1935 5241 2029 5291 ἐπὶ
2061 5238 2353 5307 τριάκοντα
2409 5235 2504 5305 ἔτη
2541 5234 2863 5305 κατῴκησεν
2918 5235 3106 5304 εὐχαῖς
3163 5235 3261 5287 καὶ
3317 5233 3506 5305 ὕμνοις

1935 5332 2115 5394 πάσας
2145 5330 2243 5393 τὰς
2265 5330 2476 5401 ἡμέρας
2498 5331 2591 5381 καὶ
2631 5328 2831 5390 νύκτας
2868 5326 3204 5390 διατελέσας.
3237 5327 3350 5390 Τάς
3384 5324 3512 5395 μένε

1934 5442 2016 5480 τοι
2040 5424 2337 5494 διατροφὰς
2367 5425 2458 5475 ἐπὶ
2511 5424 2678 5477 πολὺν
2704 5425 2796 5476 τὸν
2826 5424 3015 5493 χρόνον
3041 5425 3104 5475 ἐκ
3136 5424 3246 5475 τῶν
3277 5421 3515 5492 βοτανῶν

1935 5515 2081 5589 εἶχεν
2109 5517 2213 5569 τῶν
2237 5516 2375 5588 πρὸς
2398 5517 2476 5588 τῷ
2509 5516 2739 5586 ποταμῷ
2756 5516 3039 5587 φυομένων
3061 5532 3078 5550 ο
3111 5515 3250 5586 μετά
3264 5517 3321 5569 δὲ
3341 5515 3513 5571 ταῦτα

1936 5610 2212 5680 κηπάριον
2237 5609 2432 5679 μικρὸν
2462 5609 2612 5676 παρά
2658 5608 2757 5679 τὴν
2789 5608 2956 5679 ὄχθην
2995 5608 3387 5678 φιλοκαλήσας,
3422 5610 3515 5662 καὶ⁵

1933 5703 2091 5756 τοῦτο
2113 5701 2253 5756 κατὰ
2280 5701 2445 5771 μέρος
2477 5699 2489 5770 [
2521 5700 2561 5768 f.
2595 5700 2717 5753 καθ’
2742 5698 2985 5771 ἡμέραν]
3036 5698 3425 5769 ἐργαζόμενος,
3458 5699 3514 5765 ἐξ

1934 5795 2097 5851 αὐτοῦ
2130 5796 2230 5866 τὴν
2254 5794 2459 5864 τροφὴν
2483 5794 2659 5864 ἐαυτῷ
2686 5795 3071 5863 περιεποιεῖτο.
3109 5793 3231 5846 Ἐπὶ
3263 5792 3513 5847 τοσοῦτον
