3834 6478
239 368 385 433 1221ο
1433 374 1614 436 νιΤΑ
1652 377 1713 439 S.
1751 378 1836 438 ΧΑ

1947 379 2011 439 BI
2039 377 2407 443 MONACHI.
3370 378 3509 445 192!

234 478 292 533 δὲ
320 480 355 548 ἡ
414 474 659 529 πολιτεία
716 474 879 530 αὐτοῦ
946 477 1274 549 περιϐόητος
1311 478 1556 549 γέγονεν,
1604 481 1681 544 ώς
1714 482 1825 535 ἀπὸ

1955 490 2005 537 ta
2045 498 2178 539 vero
2200 485 2321 555 ejus
2352 483 2464 537 vita
2495 482 2905 551 celebrabatur,
2932 490 2995 539 ut
3020 499 3052 540 e
3075 482 3268 557 viginti
3304 494 3358 539 et
3398 481 3500 535 tri-

236 570 410 621 εἰκοσι
467 569 561 620 καὶ
610 567 903 635 τριάκοντα
954 568 1132 637 μονῶν
1173 571 1444 641 μοναχούς
1489 571 1627 643 πρὸς
1658 572 1823 629 αὐτὸν

1947 575 2080 645 ginta
2116 576 2466 632 monasteriis
2491 576 2742 631 monachi
2771 586 2828 632 et
2855 577 3045 633 clerici
3086 577 3152 632 ad
3185 590 3312 631 eum
3340 575 3502 631 veni-

236 658 513 730 ἔρχεσθαι,
580 660 675 711 καὶ
728 659 1052 727 κληρικούς,
1104 662 1199 713 καὶ
1226 662 1454 727 πολλοὺς
1497 667 1820 735 κοσμικούς,

1947 674 2072 731 'ent,
2103 666 2371 736 multique
2405 667 2494 723 alii
2540 682 2604 721 ex
2634 667 2723 731 iis,
2760 667 2854 737 qui
2895 666 3086 722 mundi
3121 666 3290 721 rebus
3328 679 3492 720 occu,

238 749 376 821 πρὸς
409 748 471 801 τὸ
497 747 843 819 εὐλογεῖσθαι
886 749 980 803 καὶ
1013 750 1362 821 στηρίζεσθαι
1403 754 1494 807 ὐπ’
1523 754 1711 810 αὐτοῦ.

1947 767 2147 824 lantur,
2174 760 2243 833 ad
2265 776 2391 816 eum
2423 777 2483 817 se
2518 742 2857 827 conferrent,
2888 772 2949 819 ut
2989 764 3112 833 ejus
3152 759 3501 815 benedictio-

1924 869 2053 908 nem
2084 853 2421 919 aceioerent,
2449 864 2506 910 et
2535 855 2605 911 ab
2632 870 2699 911 eo
2743 855 3060 911 conﬁrmari
3093 861 3343 925 possent.

1729 1010 1954 1073 CAPUT
1992 1015 2082 1073 Ill.

1377 1150 1580 1222 Lapsus
1609 1155 1663 1208 in
1692 1157 2091 1225 fornicationem
2116 1173 2165 1217 et
2198 1162 2563 1217 homicidium.

312 1284 379 1338 [Δ
403 1322 417 1336 .
462 1283 601 1363 Ἀλλ’
627 1285 655 1337 6
705 1284 946 1349 τοιοῦτος
997 1286 1092 1339 καὶ
1129 1286 1469 1359 τηλικοῦτος,
1501 1292 1528 1343 6
1555 1292 1828 1363 τοσαύτης

2001 1298 2106 1352 Sed
2144 1298 2267 1353 talis
2298 1312 2363 1353 ac
2415 1306 2600 1352 tantus
2628 1297 2733 1361 vir,
2770 1304 3027 1365 tantaque
3079 1293 3251 1364 gratia
3307 1293 3507 1364 dignus

240 1376 466 1447 χάριτος
499 1376 774 1451 ἀξιωθεὶς,
809 1377 937 1441 ἴσως
959 1379 1186 1449 ἐπάρσει
1215 1382 1360 1445 τινὸς
1382 1383 1477 1436 καὶ
1509 1383 1666 1453 τύφῳ
1694 1384 1820 1454 λιμ-

1947 1391 2177 1456 :ﬂ‘ectus,
2211 1383 2442 1446 fortasse
2472 1389 2711 1445 elatione
2744 1388 2829 1442 vel
2868 1384 3131 1457 superbia
3179 1395 3396 1454 captus,
3449 1384 3504 1438 in

243 1468 402 1539 φθεὶς
461 1467 541 1541 [Ῑ.
576 1467 849 1540 ληφθεὶς],
894 1469 1149 1539 πτώματι
1191 1474 1559 1543 συγχωρεῖται
1611 1477 1822 1536 πεσεῖν.

1950 1496 2163 1549 apsum,
2194 1496 2433 1549 eumque
2506 1480 2752 1534 omnium
2804 1476 3211 1548 gravissimum,
3261 1475 3508 1530 incidere

241 1563 339 1615 καὶ
369 1558 623 1632 πτώματι
654 1560 733 1633 τῷ
762 1562 981 1616 πάντων
1016 1562 1407 1637 χαλεπωτάτῳ.
1452 1566 1511 1621 ’0
1528 1568 1636 1638 γὰρ
1670 1586 1823 1638 παμ-

1947 1573 2231 1626 )ermissus
2272 1570 2392 1626 fuit.
2417 1570 2551 1625 Nam
2583 1569 3005 1625 scelestissimus
3025 1567 3252 1622 humani
3282 1566 3504 1637 generis

244 1651 444 1722 μίαρος
492 1651 684 1721 ἐχθρὸς
738 1650 847 1705 τῶν
900 1653 1264 1724 Χριστιανῶν,
1296 1655 1325 1706 ό
1353 1655 1443 1710 ἀεὶ
1496 1660 1607 1722 τοῖς
1644 1658 1825 1723 καλῶς

1952 1663 2209 1726 nimicus,
2234 1663 2327 1733 qui
2358 1672 2551 1717 contra
2590 1662 2845 1716 homines
2884 1671 3090 1717 rectam
3128 1668 3185 1714 et
3234 1660 3347 1714 Deo
3386 1675 3512 1729 gra-

242 1743 383 1794 κατά
412 1741 535 1795 θεὸν
566 1741 774 1813 βιοῦσιν
797 1743 889 1796 τὸν
911 1746 1111 1800 οἰκεῖον
1152 1747 1347 1816 φθόνον
1375 1750 1651 1819 ἐπαφιεὶς,
1703 1754 1821 1804 είσ-

1947 1769 2036 1809 am
2080 1755 2247 1808 vitam
2297 1755 2561 1823 degentes
2625 1753 2903 1825 prepriam
2957 1751 3218 1807 invidiam
3265 1758 3507 1816 exercet,

241 1831 417 1887 ελθὼν
447 1835 528 1897 εἰς
554 1834 724 1906 κόρην
778 1834 1037 1890 πλουσίου
1073 1839 1219 1902 τινὸς
1266 1840 1561 1913 θυγατέρα,
1620 1843 1824 1916 ἧρξατο

1950 1864 1980 1901 ιι
2016 1848 2253 1917 puellam
2296 1846 2590 1918 quamdam
2638 1846 2940 1916 ingressus,
2978 1843 3271 1914 cujusdam
3315 1841 3506 1902 divitis

244 1921 374 1995 βοᾷν
408 1925 506 1977 καὶ
536 1926 626 1978 τὸν
652 1925 808 1995 ἆγιον
843 1926 1012 1999 ἄνδρα
1044 1929 1103 1997 ἐξ
1120 1930 1385 2001 ὀνόματος
1417 1936 1818 2000 ἐπικαλεῖσθαι,

1947 1940 2122 2002 iliam,
2158 1941 2328 2008 coepit
2381 1929 2645 2003 clamare,
2679 1948 2736 1994 et
2778 1937 2836 1993 S.
2872 1936 3141 1993 Jacobum
3179 1934 3509 1990 nominatim

240 2015 317 2080 ῶς
355 2017 765 2086 ἀναγκασθῆναι
800 2018 930 2083 τούς
957 2023 1135 2088 γονεῖς
1158 2023 1260 2092 τῆς
1288 2024 1457 2096 κόρης
1490 2028 1819 2097 περιελθεῖν,

243 2107 343 2160 καὶ
377 2107 692 2177 ἀνιχνεῦσαι
724 2110 1064 2181 πανταχόθεν
1095 2112 1187 2166 τὸν
1226 2112 1512 2186 ἄνθρωπον
1545 2118 1639 2172 τοῦ
1662 2118 1822 2186 Θεοῦ,

247 2201 385 2269 μήτε
428 2203 791 2274 μοναστήριον
824 2205 1277 2271 καταλείποντας,
1308 2211 1445 2279 μήτε
1479 2209 1586 2281 μὴν
1618 2210 1823 2282 ἔρημον

240 2292 431 2347 τόπον.
482 2293 569 2357 Ὠς
603 2294 661 2347 δὲ
704 2293 895 2349 τοῦτον
960 2298 1142 2370 εὑρεῖν
1191 2300 1431 2372 οὐδαμοῦ
1485 2303 1818 2374 ὲδεδύνηντο,

244 2384 493 2452 ἔγνωσαν
541 2401 665 2439 τινα
712 2388 1077 2460 ἀναχωρητὴν
1131 2386 1274 2444 εἶναι
1326 2394 1470 2446 κατά
1526 2395 1678 2448 τόνδε
1734 2396 1825 2449 τὸν

242 2473 432 2528 τόπον.
489 2475 600 2528 Kal
647 2476 712 2547 δὴ
740 2476 921 2531 λαϐὼν
954 2481 982 2533 6
1018 2480 1203 2554 πατὴρ
1251 2482 1422 2552 αὐτῆς
1456 2486 1585 2548 τούς
1623 2486 1824 2540 ἑαυτοῦ

246 2566 466 2633 παῖδας,
494 2569 588 2622 καὶ
617 2572 1048 2639 παρασκευάσας
1075 2572 1172 2645 τὴν
1190 2575 1360 2646 κόρην
1390 2575 1508 2645 ἅμα
1525 2580 1593 2648 τῇ
1623 2578 1826 2648 ἑαυτῆς

250 2660 422 2730 μητρὶ
454 2662 511 2712 ἐν
544 2661 621 2731 τῷ
653 2663 959 2736 βαστερνίῳ
1006 2666 1360 2736 καθεσθῆναι,
1395 2664 1561 2740 ἦλθον
1595 2670 1687 2722 ἐπὶ
1732 2670 1826 2723 τὸν

248 2753 707 2822 καταμηνυθέντα
741 2756 924 2821 αὐτοῖς
964 2759 1152 2824 τόπον,
1195 2760 1325 2815 ἔνθα
1363 2762 1555 2830 διῆγεν
1586 2764 1617 2816 6
1647 2761 1823 2828 ἅγιος.

250 2841 364 2896 Kal
412 2842 535 2897 ίδὼν
591 2847 777 2913 αὐτὸν,
824 2848 1021 2903 ἔπεσεν
1072 2851 1210 2921 πρὸς
1267 2854 1395 2916 τοὺς
1453 2854 1619 2918 πόδας
1663 2853 1827 2908 αὐτοῦ

252 2934 459 3002 λέγων·
509 2936 761 3006 Ἐλέησον
788 2940 883 3011 τὴν
909 2939 1191 3013 θυγατέρα
1226 2961 1351 3013 μου,
1385 2946 1469 2999 ὅτι
1511 2946 1701 3009 δεινῶς
1734 2948 1830 3016 βα-

1925 2033 2249 2102 appellare;
2278 2034 2351 2086 ita
2376 2041 2436 2086 ut
2486 2040 2743 2102 parentes
2792 2031 2990 2101 puellae
3049 2028 3429 2094 circumirent,
3454 2034 3514 2083 et

1927 2123 2132 2192 ubique
2163 2123 2416 2177 divinum
2455 2123 2607 2176 illum
2638 2122 2920 2175 hominem
2940 2121 3358 2190 investigarent,
3394 2133 3499 2173 ne-

1925 2231 2032 2286 que
2061 2218 2481 2281 monasterium,
2525 2230 2706 2284 neque
2736 2214 3017 2269 desertum
3042 2214 3282 2283 aliquem
3320 2211 3508 2265 locum

1927 2308 2523 2379 praetereuntesouem
2540 2322 2666 2362 cum
2690 2306 2937 2361 invenire
2963 2320 3072 2359 non
3092 2312 3336 2374 possent,
3360 2313 3515 2373 post-

1926 2414 1989 2454 ea
2020 2399 2325 2476 solitarium
2374 2400 2665 2468 quemdam
2709 2398 2986 2451 hominem
3016 2396 3068 2450 in
3098 2412 3164 2451 eo
3184 2396 3515 2464 loco,quem

1924 2492 2352 2560 supradiximus,
2371 2507 2491 2546 esse
2511 2499 2912 2560 cognoverunt.
2956 2487 3119 2542 Pater
3145 2488 3313 2557 igitur
3325 2500 3516 2541 servos

1928 2599 2058 2639 suos
2076 2599 2261 2639 secum
2284 2583 2512 2644 habens,
2535 2591 2590 2635 et
2606 2581 2841 2652 puellam
2866 2579 3069 2649 jubens
3083 2594 3189 2632 una
3205 2590 3331 2632 cmn
3344 2586 3518 2633 matre

1930 2676 1985 2729 in
2012 2677 2262 2745 jumeuto
2284 2675 2479 2730 sedere
2498 2686 2551 2729 et
2577 2689 2703 2728 eum
2741 2672 2920 2741 sequi,
2950 2671 3101 2726 venit
3154 2672 3209 2724 in
3243 2685 3370 2725 eum
3428 2669 3515 2724 lo—

1930 2782 2080 2829 cum,
2113 2750 2322 2837 de'quo
2357 2767 2629 2830 audierat,
2667 2765 2760 2818 ubi
2787 2773 2843 2818 et
2892 2764 2986 2818 ille
3035 2764 3111 2816 vir
3170 2770 3398 2817 sanctus
3423 2762 3511 2815 vi-

1936 2868 2047 2913 tam
2086 2858 2341 2928 degebat.
2372 2857 2545 2924 Quem
2573 2872 2699 2911 cum
2732 2854 2980 2915 vidisset.
3008 2864 3064 2909 et
3102 2854 3172 2909 ad
3198 2855 3318 2925 ejus
3348 2852 3518 2924 pedes

1935 2966 1994 3006 se
2024 2952 2340 3021 abjecisset,
2378 2950 2657 3013 Miserere,
2678 2950 2878 3018 inquit,
2912 2946 3037 3002 ﬁlize
3064 2962 3220 3008 meae.
3253 2948 3518 3016 quoniam

252 3028 529 3093 σανίζεται
579 3030 684 3083 ὐπὸ
711 3032 815 3089 τοῦ.
841 3034 1154 3106 ἀκαθάρτου
1188 3035 1499 3103 πνεύματος
1523 3054 1539 3070 ο
1576 3036 1686 3092 ίδσὺ
1720 3038 1829 3108 γὰρ

1947 3044 2181 3115 graviter
2208 3042 2277 3098 ab
2307 3044 2529 3112 impuro
2549 3041 2746 3109 Spiritu
2790 3039 3072 3094 cruciatur
3101 3054 3116 3090 :
3147 3052 3275 3092 nam
3320 3035 3521 3107 viginti

250 3119 428 3175 εἰκοσι
469 3121 652 3178 λοιπὸν
709 3126 938 3198 ἡμέραι,
992 3129 1086 3182 καὶ
1124 3127 1250 3182 οὐτε
1308 3130 1481 3195 σίτου,
1511 3129 1634 3184 οὔτε
1664 3131 1829 3184 ποτοῦ

254 3213 604 3285 μετείληφεν,
649 3217 787 3272 ἀλλά
831 3218 1036 3292 ἀναϐοᾷ
1091 3221 1479 3291 σπαράττουσα
1509 3221 1706 3292 ἑαυτὴν
1739 3224 1834 3277 καὶ

250 3301 315 3356 ἐδ
336 3302 507 3375 ϐνομά
529 3323 623 3360 σου
655 3309 1088 3380 ἐπικαλουμένη.

326 3393 428 3451 ω’.
481 3398 592 3452 Καὶ
624 3401 757 3463 στάς
806 3403 834 3455 6
865 3401 1021 3470 ἅγιος
1052 3402 1403 3474 προσηύξατο
1456 3405 1595 3475 ὑπὲρ
1623 3405 1794 3476 αὐτῆς
1815 3418 1831 3435 ·

255 3488 401 3561 μετά
453 3489 510 3545 δὲ
547 3492 607 3545 τὸ
639 3492 930 3563 πληρῶσαι
958 3494 1122 3547 αὐτὸν
1146 3496 1243 3566 τὴν
1295 3497 1482 3567 εὐχὴν,
1533 3498 1835 3567 ἐνεφύσησε

254 3579 338 3654 τῷ
357 3582 654 3656 ἀκαθάρτῳ
691 3584 909 3656 δαίμονι
936 3587 1030 3639 καὶ
1078 3584 1227 3655 λέγει
1252 3588 1434 3657 αὐτῷ·
1481 3588 1570 3643 Ἐν
1607 3588 1687 3659 τῷ
1718 3589 1837 3642 ὀνό-

261 3691 393 3745 ματι
423 3674 520 3730 τοῦ
542 3677 752 3749 Κυρίου
786 3678 883 3733 τοῦ
906 3679 1147 3749 Χριστοῦ
1171 3679 1357 3748 ἔξελθε
1385 3680 1482 3735 ἀπ’
1517 3680 1708 3751 αὐτῆς.
1731 3680 1841 3735 Καὶ

257 3769 899 3843 παραχρῆμαόδαίμων
949 3773 1025 3837 ώς
1080 3774 1189 3829 ὐπὸ
1246 3775 1419 3843 πυρὸς
1479 3775 1840 3846 ἐλαυνόμενος

257 3861 539 3935 ἰχώρησεν
558 3878 573 3893 ·
603 3864 636 3935 η
667 3864 726 3918 δὲ
754 3865 850 3919 επὶ
882 3866 978 3919 τοῦ
1015 3866 1249 3936 ἐδάφους
1280 3866 1549 3931 πεσοῦσα,
1589 3868 1683 3920 ἐπὶ
1705 3867 1838 3923 πολ-

257 3953 358 4016 λάς
387 3955 486 4017 τὰς
537 3953 686 4026 ῶρας
740 3954 954 4026 ἄφωνος
983 3956 1184 4013 ἔκειτο.
1221 3960 1332 4013 Καὶ
1375 3958 1840 4030 προσευξάμενος,

258 4044 432 4119 αὐτὴν
457 4050 558 4117 τῆς
583 4048 766 4120 χειρὸς
798 4052 1134 4121 ἀναστήσας.
1173 4052 1492 4125 παρέδωκεν
1513 4052 1684 4122 αὐτὴν
1714 4053 1843 4120 ὐγιῆ

259 4139 376 4204 τοῖς
398 4138 673 4209 γονεῦσιν.
699 4142 921 4207 Ἰδόντες
938 4142 995 4196 δὲ
1015 4143 1077 4197 τὸ
1095 4142 1302 4212 θαῦμα,
1327 4145 1425 4199 καὶ
1448 4144 1839 4208 δειλιάσαντες,

263 4230 466 4303 μήπως
508 4232 674 4287 πάλιν
724 4234 1075 4305 ὑποστρέψας
1094 4238 1123 4289 ό
1157 4236 1466 4305 ἀκάθαρτος
1493 4236 1702 4305 δαίμων
1728 4239 1845 4289 εἰσ-

261 4322 394 4394 έλθῃ
423 4324 615 4393 αὐτὴν,
643 4327 1030 4396 παρεκάλεσαν
1058 4328 1222 4382 αὐτὸν
1247 4329 1531 4397 ἐπιμεῖναι
1554 4328 1653 4396 τὴν
1679 4327 1842 4381 παῖδα

1934 3138 2047 3192 dies
2099 3143 2271 3200 sunt,
2343 3134 2545 3204 quibus
2586 3147 2766 3202 neque
2823 3130 3047 3193 cibum,
3091 3144 3270 3199 neque
3330 3136 3523 3199 potum

1935 3226 2191 3294 sumpsit,
2259 3222 2359 3279 sed
2410 3226 2609 3277 clamat
2641 3222 2877 3291 seipsam
2929 3220 3198 3285 lacerans,
3236 3228 3294 3274 et
3323 3216 3522 3275 nomen

1939 3322 2093 3368 tuum
2118 3314 2419 3382 appellans.

2007 3405 2126 3460 XII.
2164 3406 2321 3461 Tunc
2367 3405 2532 3476 jussit
2558 3405 2797 3476 puellam
2825 3405 2958 3460 illuc
2985 3404 3110 3458 duci
3142 3420 3157 3458 :
3201 3418 3439 3474 eumque
3464 3418 3525 3459 oe

1941 3499 2155 3555 diutius
2198 3499 2459 3569 precibus
2513 3498 2779 3561 dedisset,
2827 3498 2908 3553 sic
2959 3501 3227 3551 ardenter
3285 3511 3388 3565 pro
3409 3495 3527 3565 ipsa

1940 3602 2197 3664 precatus
2220 3601 2326 3658 est,
2360 3601 2422 3648 ut
2451 3602 2509 3647 et
2561 3593 2736 3653 locus,
2767 3592 2824 3646 in
2850 3596 2963 3662 qu'o
3014 3590 3258 3653 stabant,
3296 3596 3526 3644 contre—

1940 3684 2161 3739 muerit.
2202 3681 2400 3737 Finitis
2423 3697 2557 3738 vero
2580 3681 2860 3748 precibus,
2902 3680 3202 3735 insulilavit
3250 3678 3306 3734 in
3352 3678 3509 3752 illum

1941 3774 2218 3845 impurum
2245 3774 2606 3844 spiritum,et
2640 3772 2717 3827 ait
2752 3772 2858 3829 :ln
2912 3772 3137 3826 nomine
3179 3769 3399 3826 Domini
3425 3783 3529 3824 no-

1944 3868 2043 3923 stri
2095 3865 2226 3923 Jesu
2273 3865 2481 3922 Christi
2525 3865 2616 3921 exi
2675 3865 2746 3919 ab
2803 3863 2904 3919 ista
2956 3863 3160 3933 puella.
3215 3861 3528 3932 Statimque

1943 3958 2157 4014 dazmon
2218 3960 2355 4029 ipse.
2398 3966 2658 4028 tanquam
2708 3956 2835 4027 igne
2884 3956 3096 4025 aliquot
3145 3954 3440 4025 impulsus,
3491 3967 3527 4010 e

1944 4051 2126 4123 puella
2156 4050 2434 4106 discessit.
2469 4051 2562 4104 Illa
2588 4064 2723 4103 vero
2745 4063 2872 4104 eum
2902 4046 2960 4101 in
2990 4047 3171 4111 solum
3203 4046 3520 4113 cecidisset,

1943 4144 2134 4199 multis
2162 4142 2497 4214 horisjaeuit
2520 4143 2640 4198 sine
2661 4157 2830 4197 voce:
2864 4140 2961 4196 sed
2989 4150 3215 4195 sanctus
3241 4141 3336 4194 ille
3358 4140 3530 4194 Deum

1943 4245 2222 4307 precatus,
2252 4250 2397 4301 eam,
2431 4251 2595 4288 manu
2612 4234 2978 4304 apprehensa,
3016 4233 3215 4295 erexit,
3249 4243 3306 4287 et
3335 4247 3530 4301 paren-

1947 4327 2094 4382 tibus
2125 4326 2244 4380 suis
2297 4325 2563 4379 reddidit.
2593 4324 2699 4390 Qui
2737 4340 2863 4378 cum
2895 4323 3219 4378 miraculum
3277 4322 3415 4376 illud
3447 4323 3533 4377 vi-

260 4414 362 4470 δύο
413 4418 649 4487 ἡμέρας,
684 4418 843 4489 ἄχρις
874 4414 936 4474 οὗ
967 4420 1247 4483 παντελῶς
1282 4419 1573 4490 ἀπαλλαγῇ
1606 4419 1698 4473 τοῦ
1724 4419 1839 4472 δαί-

1948 4420 2180 4499 dissent,
2231 4417 2474 4471 divinam
2526 4417 2757 4485 gloriam
2804 4415 3211 4469 eollaudarunt.
3272 4412 3382 4469 Sed
3418 4427 3534 4469 me-

267 4523 447 4577 μονος.
486 4507 593 4561 Kal
617 4509 680 4580 δὴ
724 4510 1118 4573 καταλιπόντες
1141 4511 1348 4581 αὐτὴν,
1404 4510 1485 4573 είς
1511 4509 1601 4562 τὸν
1635 4508 1845 4563 ἑαυτῶν

262 4591 414 4648 οἷκον
446 4597 813 4669 ὑπέστρεψαν.

1955 4518 2194 4568 tuentes,
2231 4521 2300 4560 ne
2336 4507 2586 4575 impurus
2614 4505 2705 4559 ille
2748 4503 2964 4559 daemon
3014 4518 3292 4564 reversus,
3320 4503 3377 4557 in
3407 4516 3532 4558 eam

1957 4599 2363 4664 ingrederetur,
2404 4601 2582 4667 ipsum
2615 4604 2878 4667 rogarunt
2911 4603 2973 4649 ut
3021 4595 3202 4666 puella
3226 4594 3381 4665 apud.
3402 4609 3531 4649 eum

263 4689 407 4744 duos
446 4690 565 4747 dies
591 4704 919 4759 remaneret,
952 4695 1132 4765 quoad
1173 4696 1400 4752 omnino
1455 4711 1487 4752 a
1550 4696 1798 4752 daemone
1856 4694 2210 4749 liberaretur.
2284 4693 2471 4749 Puella
2500 4693 2669 4765 igitur
2696 4692 2843 4763 apud
2870 4707 2998 4747 eum
3014 4692 3227 4758 relicta,
3275 4697 3535 4762 parentes

267 4781 329 4837 in
359 4782 580 4839 domum
607 4801 762 4840 suam
796 4790 1003 4843 reversi
1023 4797 1179 4845 sunt.

343 4880 439 4933 ll".
472 4883 757 4952 Προσῆκεν
788 4886 989 4950 τοίνυν,
1033 4885 1216 4948 καθὼς
1243 4889 1300 4938 ὲν
1356 4887 1662 4957 προοιμίοις
1699 4887 1853 4956 εἰρή-

269 4988 469 5042 καμεν,
495 4974 631 5042 πρὸς
658 4975 964 5041 ἀσφάλειαν
990 4976 1085 5029 καὶ
1112 4976 1399 5046 οἰκοδομὴν
1425 4977 1533 5029 τῶν
1566 4978 1664 5047 τὴν
1687 4980 1857 5045 ἀγγε-

267 5064 433 5135 λικὴν
492 5066 698 5136 ταύτην
750 5069 1028 5121 πολιτείαν
1088 5069 1415 5139 μετιόντων,
1465 5070 1541 5140 μὴ
1599 5070 1758 5139 μόνον
1789 5071 1856 5124 τὰ

271 5154 677 5225 κατορθώματα
708 5156 818 5208 τῶν
850 5157 1070 5211 τελείων
1124 5158 1518 5227 διηγουμένους
1556 5156 1744 5211 αὐτόθι
1789 5156 1859 5208 τὰ

272 5245 416 5301 καλά
443 5249 601 5317 μόνον
631 5248 1008 5314 συλλέγοντας,
1039 5250 1300 5321 ἀπείρους
1335 5251 1429 5302 καὶ
1468 5248 1857 5319 ἀγυμνάστους

276 5334 417 5393 εἶναι
481 5339 591 5391 τῶν
651 5341 997 5411 κακοτεχνῶν
1058 5341 1301 5409 παγίδων
1372 5340 1466 5395 τοῦ
1526 5341 1850 5412 παμμιάρου

275 5431 474 5501 ἐχθροῦ
500 5432 593 5485 τοῦ
625 5433 760 5486 Θεοῦ
788 5434 884 5488 καὶ
922 5434 1031 5486 τῶν
1058 5434 1260 5488 δούλων
1295 5434 1462 5488 αὐτοῦ
1487 5451 1501 5466 ·
1526 5434 1640 5488 ἀλλ’
1666 5435 1855 5505 ῶσπερ

282 5524 545 5594 μεγίστας
579 5527 672 5579 καὶ
699 5527 918 5596 ἀληθεῖς
965 5528 1171 5596 ἀρετὰς
1206 5526 1297 5579 τοῦ
1336 5527 1527 5598 ἀνδρδς
1571 5528 1859 5591 κατελέξα-

280 5631 405 5685 μεν,
442 5616 584 5668 οὕτω
615 5617 721 5688 χρὴ
756 5622 847 5673 καὶ
885 5621 976 5671 τὸν
1010 5619 1374 5688 ἐπενεχθέντα
1406 5618 1557 5687 αὐτῷ
1596 5618 1860 5689 χειμῶνα,

280 5709 380 5761 καὶ
409 5709 507 5778 τὴν
554 5710 801 5764 ἐντεῦθεν
835 5711 984 5782 αὐτῷ
1028 5712 1325 5781 ,συμϐᾶσαν
1359 5710 1567 5764 πτῶσιν
1601 5710 1865 5781 sunt”-

245 5821 252 5827 ’
286 5802 430 5868 σθαι,
472 5804 732 5872 λέγοντας
764 5804 902 5874 μετά
931 5803 1117 5870 ταῦτα,
1149 5801 1223 5867 ὡς
1249 5802 1445 5869 ἰνεστι,
1475 5803 1611 5873 μετᾶ
1656 5801 1754 5875 τὴν
1782 5818 1866 5855 τε-

2026 4884 2167 4939 ΧΙΙΙ.
2195 4883 2358 4937 Decet
2385 4886 2589 4939 autem,
2616 4876 2769 4930 sicut
2827 4873 2986 4927 initio
3007 4872 3271 4936 diximus,
3295 4870 3363 4925 ad
3388 4869 3535 4925 mul-

1962 4986 2142 5039 torum
2166 4976 2478 5030 cautionem
2501 4980 2557 5025 et
2585 4968 2866 5023 cmlestem
2901 4966 3044 5019 hanc
3076 4966 3243 5019 vitam
3270 4979 3534 5019 exercen-

1959 5073 2095 5125 tium
2120 5067 2563 5127 aadilicationem,
2595 5077 2705 5116 non
2743 5060 2923 5114 solum
2956 5058 3325 5127 perfecturum
3357 5057 3540 5112 homi-

1959 5177 2091 5215 num
2129 5168 2280 5214 recte
2312 5158 2455 5212 facta
2485 5163 2799 5215 narrantes,
2823 5152 2967 5208 bona
2996 5160 3207 5206 tantum
3236 5150 3495 5221 colligere
3520 5166 3538 5216 ;

1959 5252 2055 5308 sed
2095 5269 2165 5307 ne
2194 5251 2465 5306 malarum
2488 5249 2692 5304 artium
2720 5255 2777 5301 et
2804 5246 3130 5315 laqueorum
3154 5244 3537 5300 scelestissimi

1959 5346 2109 5401 illius
2141 5343 2316 5399 hostis
2338 5340 2578 5411 imperiti
2602 5339 2733 5402 sint,
2757 5337 2852 5406 qui
2877 5337 2989 5391 Deo
3028 5337 3313 5400 serviunt;
3336 5347 3542 5404 quem-

1949 5438 2244 5494 admodum
2276 5435 2538 5490 maximas
2562 5440 2619 5487 et
2645 5446 2804 5486 veras
2842 5430 3007 5499 hujus
3059 5428 3302 5483 hominis
3356 5425 3537 5481 virtu-

1952 5543 2036 5586 tes
2103 5529 2582 5592 enumeravimus;
2656 5526 2774 5590 ita,
2835 5525 3083 5595 inquam,
3139 5520 3424 5586 convenit,
3482 5526 3541 5573 et

1961 5622 2376 5678 ﬂuctuationem
2438 5619 2491 5673 in
2521 5633 2646 5673 eum
2681 5600 2912 5679 illatam,
2965 5623 3021 5670 et
3053 5613 3181 5668 inde
3232 5609 3534 5666 maximum

1959 5713 2083 5779 ejus
2140 5710 2377 5779 lapsum,
2421 5722 2705 5763 enarrare.
2736 5706 2993 5760 Dicemus
3029 5713 3215 5758 autem
3249 5701 3533 5767 deinceps,

1964 5813 2025 5858 ut
2058 5802 2237 5867 decet,
2273 5810 2328 5858 et
2359 5816 2423 5856 ea
2476 5799 2737 5856 miracula
2786 5811 2980 5869 magna
3043 5807 3211 5867 atque
3271 5795 3537 5865 ingentia,
