3834 6458
331 343 470 408 1223

1603 347 1884 408 MENSIS
1916 347 2378 409 JANUARIUS.

3450 347 3599 412 122‘

332 481 456 536 qua:
488 471 613 533 post
650 461 948 532 perfectam
981 463 1153 533 ipsius
1183 462 1561 534 pmnitentiam
1585 474 1642 518 et
1676 479 1912 534 genero-

2035 464 2173 517 ιείαν
2204 465 2370 518 αὐτοῦ
2407 464 2700 534 μετάνοιαν
2725 465 2818 517 καὶ
2853 465 3107 534 γενναίαν
3136 467 3392 533 ἄσκησιν,
3436 465 3610 535 ὑπερ-

333 571 451 611 sam
505 554 908 609 confessionem
965 569 1063 624 per
1105 553 1360 608 eumdem
1408 554 1553 609 edita
1598 565 1750 609 sunt.
1798 555 1918 622 Quo

327 650 477 704 enim
558 646 884 700 nobiliorem
944 646 1393 726 exercitationem
1439 661 1503 700 ac
1559 647 1728 700 vitam
1762 656 1918 700 antea

333 743 542 809 egerat,
574 751 640 789 eo
674 737 849 804 major
874 743 1059 804 postea
1097 734 1271 804 ipsius
1324 734 1428 789 fuit
1457 734 1664 805 lapsus.
1699 734 1919 802 Quanto

330 839 514 883 autem
551 829 772 898 gravior
801 826 906 881 fuit
940 827 1150 898 lapsus,
1205 840 1272 880 eo
1307 827 1484 898 major
1517 835 1707 896 postea
1747 826 1918 896 ipsius

337 918 440 974 fuit
466 927 521 972 ct
550 917 887 972 emendatio.

402 1010 540 1065 XIV.
577 1010 672 1065 Ille
703 1009 852 1064 enim
884 1009 1156 1079 pessimus
1185 1017 1240 1063 et
1265 1009 1468 1079 impius
1504 1009 1600 1064 Dei
1630 1024 1914 1064 servorum

332 1103 613 1166 inimicus,
651 1118 774 1156 cum
799 1102 1060 1172 puellam,
1085 1117 1206 1171 quae
1228 1112 1417 1156 curata
1447 1101 1645 1167 fuerat,
1681 1102 1795 1156 illic
1824 1117 1914 1156 so-

333 1195 442 1249 lam
477 1209 602 1247 cum
640 1194 758 1248 solo
812 1194 1059 1248 relictam
1119 1193 1368 1256 vidisset,
1418 1203 1475 1248 et
1525 1195 1676 1248 velut
1729 1209 1918 1250 ansam

333 1285 628 1356 quamdam
663 1284 929 1337 adversus
975 1285 1187 1354 justum
1234 1283 1513 1338 hominem
1567 1284 1916 1353 arripuisset,

333 1376 686 1430 libidinesum
715 1375 968 1444 spiritum
1001 1375 1053 1427 in
1083 1391 1208 1428 eum
1267 1375 1497 1428 immisit
1530 1392 1544 1428 :
1575 1377 1669 1445 qui
1729 1385 1918 1429 tauto-

336 1479 470 1535 pere
513 1465 690 1534 ipsum
729 1465 957 1519 adortus
987 1474 1090 1527 est,
1132 1476 1189 1520 ut
1226 1466 1321 1534 qui
1366 1466 1778 1520 exercitationis
1815 1467 1922 1520 ini-

337 1558 436 1621 tio,
479 1573 589 1625 quo
637 1569 883 1627 tempore
935 1558 1229 1627 impiorum
1297 1557 1691 1613 Samaritarum
1738 1559 1962 1628 laquei.

334 1665 434 1719 per
460 1650 782 1712 mulierem,
819 1665 980 1719 quam
1011 1650 1441 1718 supradiximus,
1470 1651 1642 1718 parati
1677 1650 1916 1713 fuerant,

335 1755 602 1811 generoso
626 1749 680 1794 et
709 1741 834 1795 forti
871 1743 1053 1796 animo
1090 1743 1410 1807 restiterat;
1462 1742 1664 1811 quippe
1707 1752 1764 1795 ut
1799 1742 1920 1795 dia-

2027 559 2288 613 ϐάλλοντα
2329 559 2399 612 τὰ
2431 556 2709 628 θαύματα.
2747 559 2896 629 Ὀσῳ
2944 559 3053 628 γὰρ
3101 559 3345 628 μεγάλην
3372 558 3609 626 ἄσκησιν

2025 652 2122 703 καὶ
2147 650 2428 702 πολιτείαν
2462 648 2522 702 τὸ
2560 651 2824 719 πρότερον
2852 650 3186 714 ἐπεδείξατο,
3213 650 3468 703 τοσοῦτον
3501 667 3605 719 μεο

2023 741 2204 809 γὰλως
2230 740 2492 804 ἐξέπεσεν
2515 757 2527 770 ·
2555 741 2648 792 καὶ
2679 740 2899 808 ὅσῳπερ
2936 739 3074 808 μέγα
3102 739 3324 807 πτῶμα,
3354 737 3610 789 τοσοῦτον

2025 833 2231 902 μείζων
2269 833 2388 904 μετ’
2413 831 2580 886 αὖτ’-ὗ
2614 830 2988 900 ἐπανόρθωσις
3019 831 3264 897 γέγονεν.

2093 1007 2186 1060 IA'.
2234 1004 2296 1060 Ὀ
2318 1007 2426 1075 γὰρ
2458 1005 2835 1072 παγκάκιστος
2861 1003 2954 1055 καὶ
2984 1003 3250 1072 δυσσεϐὴς
3284 1003 3474 1074 ἐχθρὸς
3497 1005 3611 1055 τιῗν

2021 1101 2115 1154 τοῦ
2145 1101 2279 1154 Θεοῦ
2314 1099 2538 1161 δούλων,
2578 1098 2700 1152 ἰδὼν
2744 1098 2841 1167 τὴν
2896 1097 3139 1150 ίαϐεἰσαν
3196 1099 3384 1165 κὸρην,
3420 1097 3610 1149 αὐτόθι

2025 1195 2192 1264 μόνην
2226 1194 2362 1262 πρδς
2391 1193 2551 1262 μόνον
2582 1190 3044 1258 καταληφθεῖσαν,
3079 1191 3174 1243 καὶ
3209 1189 3384 1261 λαεὴν
3413 1189 3609 1257 ῶσπερ

2019 1285 2143 1336 τινὰ
2176 1284 2314 1336 κατὰ
2342 1283 2432 1336 τοῦ
2466 1284 2678 1336 δικαίου
2699 1283 3062 1354 δραξάμενος,
3095 1282 3184 1334 τὸν
3213 1282 3308 1351 τῆς
3349 1282 3610 1349 πορνείας

2021 1376 2169 1444 αὐτῷ
2196 1377 2494 1444 ἐπαφίησιν
2515 1375 2768 1446 δαίμονα..
2803 1377 2898 1438 '0;
2931 1375 3026 1427 ἐπὶ
3063 1372 3318 1426 τοσοῦτον
3368 1372 3612 1424 ἐπιτίθε-

2020 1485 2131 1528 ται,
2190 1465 2330 1518 ὥστε
2385 1466 2475 1518 τὸν
2520 1465 2766 1519 τοιοῦτον
2822 1467 3010 1536 ἄνδρα,
3064 1465 3154 1518 τδν
3188 1468 3243 1518 ὲν
3279 1467 3478 1536 ἀρχαῖς
3509 1464 3614 1531 si;

2025 1554 2336 1626 ἀσκήσεωῖ,
2392 1558 2555 1627 ἡνίκα
2611 1560 2729 1620 ταῖς
2764 1558 2873 1610 τῶν
2930 1558 3205 1611 δυσσεὸῶν
3249 1556 3613 1627 Σαμαρειτῶν

2022 1651 2266 1715 παγίσιν,
2299 1650 2418 1710 ταῖς
2442 1647 2529 1700 διὰ
2555 1648 2652 1716 τῆς
2691 1647 2951 1718 ἀνωτέρω
2968 1647 3302 1716 δηλωθείσης
3328 1646 3612 1712 γυναικὸς,

2021 1739 2282 1808 γενναίως
2315 1740 2934 1808 ἁντιστρατενσάμενος,
2959 1740 3049 1791 τὸν
3081 1739 3326 1808 καλάμην
3361 1739 3459 1806 τῆς
3486 1739 3614 1808 ἀρι-

336 1831 525 1884 bolum
563 1839 871 1900 superaret.
908 1846 1006 1899 per
1028 1847 1191 1901 quem
1218 1832 1417 1885 mulier
1443 1832 1711 1887 adversus
1737 1832 1915 1902 ipsum

2035 1834 2218 1903 ςτερᾶς
2250 1832 2430 1902 χειρὸς
2465 1832 2755 1901 ὑπομεῖναι
2817 1831 3069 1898 ἐλόμενος
3119 1831 3256 1901 πρὸς
3310 1831 3614 1883 κατάλυσιν

336 1921 570 1991 impulsa
607 1921 804 1986 fuerat,
836 1924 1074 1979 sinistra:
1133 1940 1328 1978 manus
1369 1925 1638 1995 jacturam
1677 1925 1923 1995 perferre

337 2013 645 2075 maluerat;
679 2014 744 2078 is,
780 2013 1026 2084 inquam,
1084 2015 1168 2068 vir
1214 2014 1463 2069 libidinis
1494 2015 1716 2069 stimulo
1751 2017 1927 2086 perci-

340 2116 450 2171 tus,
480 2107 652 2160 divini
687 2107 902 2162 timoris
941 2116 997 2162 et
1032 2117 1197 2162 tanta:
1242 2109 1595 2163 sanationum
1631 2111 1822 2178 gratiae
1861 2125 1924 2163 ac

339 2205 452 2252 tam
481 2197 759 2252 diuturna:
777 2199 1218 2265 exercitationis,
1263 2209 1457 2268 totque
1513 2200 1762 2254 laborum
1785 2200 1927 2254 obli—

351 2296 442 2342 tus
479 2287 647 2342 fuerit
672 2307 686 2354 ;
711 2297 766 2343 et
795 2291 1047 2358 quamvis
1083 2289 1148 2343 ad
1188 2291 1415 2344 multam
1451 2299 1794 2346 senectutem
1830 2308 1924 2348 vc-

338 2382 534 2444 nisset,
565 2382 746 2437 victus
794 2391 975 2437 tamen
1023 2383 1258 2438 daemoni
1311 2384 1669 2440 succubuerit
1704 2403 1716 2438 :
1749 2394 1805 2439 ct
1855 2385 1908 2439 in

338 2487 468 2528 eum
505 2475 707 2539 locum,
737 2477 829 2545 qui
880 2483 1006 2529 ante
1040 2476 1232 2530 cellam
1287 2485 1428 2543 erat,
1466 2493 1742 2548 egressus,
1767 2478 1924 2548 puel-

341 2564 451 2618 lam
511 2565 683 2635 ipsam
719 2566 1018 2633 vitiaverit,
1049 2577 1104 2623 et
1149 2568 1450 2640 impietatis
1486 2586 1646 2625 emno
1680 2571 1923 2640 scipsum

340 2655 780 2712 commacularit.

409 2743 522 2801 XV.
549 2746 759 2801 Deinde
784 2761 936 2810 vero,
964 2755 1224 2818 tanquam
1251 2749 1568 2819 primordiis
1590 2749 1920 2819 quibusdam

248 2881 252 2885 .
340 2835 574 2890 drcmoni
613 2837 832 2903 oblatis,
863 2849 1088 2893 coactus
1142 2848 1227 2894 est
1255 2840 1532 2909 superiori
1576 2840 1719 2894 malo
1747 2849 1804 2895 et
1848 2841 1928 2894 al-

340 2938 521 2984 terum
561 2931 788 2986 addere.
827 2932 964 2987 Cum
1019 2932 1167 2987 enim
1223 2940 1519 3002 corruptor
1576 2934 1664 2987 ille
1698 2948 1928 3004 serpens

338 3031 652 3086 vereretur,
687 3037 756 3077 ne
790 3023 1029 3078 Jacobus
1058 3024 1176 3094 ipse
1207 3025 1544 3094 resipiscens
1577 3025 1642 3079 ad
1666 3025 1926 3080 emenda-

341 3115 548 3170 tionem
570 3118 806 3179 veniret,
837 3133 960 3186 τινα»
981 3133 1080 3188 per
1105 3119 1483 3186 paenitentiam
1509 3120 1594 3174 his
1624 3119 1917 3190 prazbetur,

343 3207 437 3277 qui
471 3195 590 3261 eam
626 3208 843 3263 sincero
875 3211 1060 3264 animo
1107 3211 1416 3280 inquirunt,
1452 3211 1504 3266 ei
1539 3211 1678 3276 viro,
1732 3227 1920 3281 quem,

347 3309 407 3351 ut
433 3298 540 3354 sibi
592 3298 902 3366 videbatur,
930 3301 1209 3370 captivum
1249 3301 1507 3366 ducebat,
1541 3302 1828 3372 suggessit,
1862 3310 1924 3353 ut

344 3391 632 3460 superiore
681 3401 908 3462 peccato
944 3395 1120 3464 majus
1141 3394 1404 3464 quiddam
1438 3403 1680 3465 patraret
1709 3412 1721 3447 :
1758 3409 1924 3464 quas-

345 3482 470 3536 dam
525 3485 670 3538 enim
723 3485 1036 3540 timiditatis
1097 3487 1459 3557 cogitationes
1507 3501 1630 3541 cum
1684 3486 1738 3539 in
1803 3487 1925 3554 ejus

344 3587 584 3630 mentem
612 3577 912 3647 iujecisset,
959 3587 1154 3632 auctor
1202 3578 1278 3632 illi
1315 3579 1418 3632 fuit
1456 3587 1515 3633 ut
1545 3578 1781 3648 puellam
1814 3593 1842 3630 a
1867 3593 1925 3630 se

2023 1923 2115 1976 τοῦ
2137 1924 2342 1992 ταύτην
2361 1924 2776 1994 ἐπιπέμψαντος
2795 1922 3067 1988 διαϐόλου,
3092 1924 3292 1993 οἴστρῳ
3312 1923 3611 1992 ληφθέντα,

2023 2019 2118 2071 καὶ
2176 2016 2270 2069 τοῦ
2333 2015 2499 2085 φόϐου
2556 2015 2960 2085 ὲτιελαθῦμενον
3008 2017 3100 2068 τοῦ
3152 2016 3309 2081 Θεοῦ,
3372 2016 3616 2083 καὶτῆς

2023 2109 2296 2178 τοσαύτης
2316 2108 2467 2180 αὐτῷ
2499 2108 2937 2178 παρασχεθείσης
2960 2105 3180 2176 χάριτος
3203 2105 3312 2157 τῶν
3340 2097 3612 2174 ἰαμάτων,

2023 2201 2116 2252 καὶ
2146 2202 2242 2268 τῆς
2304 2201 2396 2251 ἐπὶ
2437 2199 2691 2251 τοσοῦτον
2727 2201 2918 2268 χρόνον
2955 2200 3243 2267 ἀσκήσεως
3287 2199 3384 2252 καὶ
3410 2199 3518 2251 τῶν
3545 2197 3611 2262 ἐξ

2025 2292 2193 2359 αὐτῆς
2227 2290 2441 2343 πολλῶν
2475 2291 2759 2359 καμάτων,
2794 2290 2889 2342 καὶ
2914 2290 3048 2360 πρὸς
3088 2291 3299 2353 τούτοις
3338 2291 3473 2360 πρὸς
3506 2291 3616 2357 γῆ-

2028 2399 2124 2452 ρας
2155 2381 2480 2452 ὲληλακότα,
2527 2381 2716 2434 λοιπὸν
2779 2381 3042 2435 ὑποδῦναι
3094 2384 3194 2450 τὴν
3255 2377 3449 2454 ἧτταν,
3517 2383 3617 2434 καὶ

2029 2473 2318 2538 ἐξελθόντα
2351 2475 2430 2536 είς
2461 2473 2523 2526 τὸ
2557 2471 2853 2544 προαύλιον
2878 2472 3299 2542 προσφθαρῆναι
3350 2475 3415 2543 τῇ
3447 2473 3618 2545 κόρῃ,

2027 2567 2122 2618 καὶ
2154 2565 2232 2636 τῷ
2269 2565 2371 2632 τῆς
2402 2566 2633 2636 ἀνομίας
2660 2567 2850 2618 ἑαυτὸν
2882 2565 3144 2635 ἀναμῖξαι
3173 2564 3443 2635 βορϐόρῳ.

2103 2745 2203 2801 ΙΕ’.
2249 2746 2533 2800 Ἐντεῦθεν
2560 2787 2575 2812 ,
2628 2747 2817 2819 ῶσπερ
2869 2747 3013 2811 τινὸς
3047 2747 3225 2820 ἀρχῆς
3254 2747 3502 2818 δοθείσης
3533 2747 3619 2820 τῷ

2028 2839 2269 2907 δαίμονι,
2321 2837 2641 2906 προσθεῖναι
2673 2837 2750 2907 τῷ
2781 2840 2983 2908 πρώτῳ
3017 2837 3108 2889 καὶ
3163 2836 3418 2907 δεύτερον
3444 2838 3620 2903 ἀναγ-

2029 2933 2255 2995 κάζεται
2307 2933 2497 2986 κακόν.
2555 2932 2752 2995 Δείσας
2787 2934 2895 3002 γὰρ
2923 2933 2951 2984 ὁ
3012 2930 3229 3001 λυμεὼν
3277 2930 3398 3000 ὄφις
3423 2931 3523 2999 τὴν
3552 2930 3621 2982 ὲκ

2028 3026 2126 3088 τῆς
2160 3025 2453 3093 μετανοίας
2480 3026 2864 3096 παρεχομένην
2891 3027 3002 3088 τοῖς
3043 3024 3249 3094 ταύτην
3300 3024 3618 3095 εἰλικρινῶς

2029 3118 2285 3188 ζητοῦσιν
2344 3119 2741 3187 ἐπανόρθωσιν,
2795 3115 3359 3188 παρασκευάζειτδν,
3389 3115 3464 3178 ὡς
3494 3115 3618 3168 ὲνόο

2029 3207 2206 3278 μιζεν.
2265 3207 2459 3262 ἑαυτοῦ
2523 3208 2889 3278 αἰχμάλωτον,
2959 3207 3142 3277 μεῖζον
3184 3207 3277 3260 τοῦ
3342 3207 3618 3276 προτέρου

2026 3301 2344 3371 προσθεῖναι
2400 3299 2742 3370 δυσσέϐημα.
2807 3299 3140 3370 Ἑνσπείρας
3186 3299 3296 3369 γὰρ
3353 3299 3618 3368 λογισμὸν

2025 3393 2250 3456 δειλίας,
2279 3391 2443 3443 αὑτὸν
2476 3391 2734 3460 φονεῦσαι
2765 3389 2846 3462 [Ῑ.
2887 3390 3290 3464 αὐτοφονῆσαι]
3337 3393 3436 3461 τὴν
3477 3391 3621 3458 (pea-

2028 3488 2214 3556 ρεῖσαν
2245 3484 2438 3554 κόρην,
2477 3483 2624 3552 αὐτῷ
2647 3484 2982 3538 ὑποτίθεται.
3027 3484 3316 3553 Ἥττηοεὶς
3345 3484 3401 3537 δὲ
3431 3485 3525 3537 καὶ
3557 3487 3620 3537 ὲν

2023 3575 2221 3645 τούτῳ,
2251 3576 2342 3628 τὸν
2376 3576 2536 3643 φόνον
2570 3576 2697 3646 (').
2731 3615 2743 3628 .
2779 3613 2793 3628 .
2830 3615 2842 3629 .
2879 3615 2893 3629 .
2922 3617 2935 3630 .
2965 3615 2979 3629 .

343 3671 594 3723 vitiatam
643 3670 1000 3725 interficeret.
1041 3672 1109 3726 Et
1140 3686 1206 3726 eo
1245 3672 1424 3742 igitur
1443 3679 1668 3742 peccato
1721 3681 2037 3741 superatus,
2105 3672 2227 3742 ejus
2266 3685 2488 3740 quoque
2537 3670 2739 3724 caadcm
2794 3671 3052 3740 patravit,
3114 3686 3342 3741 sperans
3406 3673 3622 3730 scilicet

344 3783 408 3820 ea
447 3783 503 3820 re
524 3768 638 3820 Iieri
659 3782 842 3838 posse,
867 3775 927 3821 ut
952 3767 1072 3837 ejus
1094 3768 1290 3836 puclla:
1315 3778 1602 3838 parentum
1625 3767 1930 3822 molestiam
1961 3767 2182 3821 vitaret.

421 3926 560 3980 XVI.
592 3925 697 3980 Sed
731 3939 912 3994 neque
961 3939 1030 3979 eo
1059 3925 1268 3981 scelere
1298 3934 1593 3980 contentus
1625 3925 1729 3979 fuit
1754 3938 1921 3978 verus

349 4020 440 4075 ille
487 4019 756 4072 malorum
823 4027 1016 4074 auctor
1073 4019 1347 4085 diabolus,
1410 4019 1505 4074 sed
1557 4019 1704 4074 aliud
1751 4020 1918 4072 etiam

345 4109 578 4169 addidit.
607 4118 666 4162 ut
694 4123 802 4162 non
832 4109 1009 4163 solum
1042 4110 1345 4164 Interiectu:
1398 4109 1596 4178 puellae
1658 4109 1920 4178 reliquias

349 4203 649 4272 sepulturae
681 4217 789 4256 non
821 4203 1128 4268 mandaret,
1157 4201 1250 4257 sed
1298 4217 1395 4256 eas
1432 4204 1598 4255 etiam
1653 4203 1708 4255 in
1762 4217 1934 4270 aquas

350 4296 501 4348 Iluvii
537 4294 656 4349 sine
699 4296 1076 4350 misericordia
1121 4295 1305 4365 aliqua
1331 4296 1648 4365 projiceret.
1685 4297 1833 4350 Talis
1851 4305 1934 4350 est

349 4387 625 4457 superbia:
650 4396 706 4441 et
734 4388 1064 4458 arrogantiae
1091 4387 1328 4442 fructus.
1351 4387 1463 4442 Nisi
1495 4390 1643 4442 enim
1663 4389 1930 4457 ejusmodi

351 4486 574 4548 peccato
607 4477 912 4532 monachus
939 4477 1030 4532 ille
1057 4493 1116 4532 se
1140 4478 1486 4550 subjecisset,
1503 4495 1708 4548 pravus
1733 4480 1928 4542 hostis,

351 4583 612 4641 tanquam
651 4570 704 4625 in
734 4573 901 4625 breve
933 4569 1154 4639 aliquod
1181 4571 1459 4640 navigium
1486 4572 1594 4625 vim
1626 4586 1843 4624 omnem
1865 4587 1929 4626 ac

350 4674 641 4720 ventorum
667 4673 862 4719 aestum
883 4663 1338 4728 eﬂuudens,eum
1363 4677 1553 4718 senem
1582 4677 1929 4732 nequaquam

353 4757 798 4822 dedecorasset,a
819 4773 929 4827 quo
949 4757 1130 4811 adhuc
1143 4759 1345 4827 juvene
1359 4756 1537 4810 victus
1556 4755 1753 4818 fuerat;
1769 4772 1931 4827 quem

352 4859 544 4920 postea
582 4858 640 4906 et
683 4850 797 4920 ipse
823 4850 976 4912 vicit,
1008 4864 1074 4903 eo
1106 4849 1252 4918 quod
1296 4849 1462 4903 nimis
1487 4849 1690 4904 elatum
1738 4851 1928 4907 sensit.

976 4941 1201 4997 CAPUT
1233 4941 1321 4997 IV.

840 5033 1017 5088 Holus
1049 5033 1453 5109 desperationis.

426 5128 592 5184 XVII.
626 5128 732 5182 Sed
765 5137 947 5183 tamen
971 5127 1188 5198 egregia
1211 5126 1417 5184 Christi
1446 5142 1785 5184 summorum
1827 5132 1928 5187 bo-

355 5239 557 5281 norum
600 5221 879 5291 largitoris
926 5221 982 5276 in
1043 5221 1296 5277 homines
1354 5221 1735 5279 benevolentia
1763 5265 1778 5291 ,
1829 5211 1940 5296 qui'

355 5330 550 5372 omnes
576 5315 826 5370 homines
855 5315 1059 5368 mavult
1075 5316 1256 5370 salvos
1278 5331 1421 5380 esse,
1444 5332 1607 5386 quam
1622 5319 1825 5387 perire,
1849 5320 1922 5384 ei,

354 5411 450 5481 qui
481 5408 668 5479 lapsus
697 5407 877 5463 fuerat
903 5415 1069 5478 atque
1100 5408 1251 5463 Itumi
1284 5409 1522 5479 jacebat,
1541 5426 1763 5466 manum
1791 5429 1924 5482 por-

426 5555 499 5627 I5)
524 5553 606 5608 An
638 5553 895 5627 tumbam
926 5563 1070 5627 secta
1102 5570 1221 5627 esse
1267 5553 1550 5609 desierat?
1578 5557 1739 5613 Certe
1793 5560 1929 5614 Pro~

356 5623 550 5696 coptus
604 5623 798 5680 scribit
857 5624 959 5677 sub
1003 5624 1346 5689 Justiniano,
1390 5647 1404 5675 ι
1437 5628 1811 5683 Samaritanus
1871 5641 1929 5683 ut

337 5699 654 5768 .plurimum
689 5696 1034 5748 Christianos
1068 5697 1338 5752 cﬂ‘ectos:
1380 5716 1397 5748 ι
1444 5699 1677 5768 ideoque
1717 5721 1732 5750 ι
1764 5701 1928 5754 Justi-

2025 3943 2189 4007 rexit,
2214 3952 2268 3998 et
2296 3945 2630 4012 pmnitcntiaa
2663 3945 2923 4000 remediis
2961 3947 3283 4002 insanabilia
3310 3957 3368 4002 et
3389 3963 3615 4018 graveo—

2028 4036 2194 4090 lentia
2231 4037 2436 4105 proprii
2476 4038 2738 4106 figmenti,
2791 4037 2897 4092 bdc
2933 4045 3016 4092 est
3043 4039 3160 4108 ejus
3207 4039 3333 4102 viri,
3387 4042 3616 4093 vulnera

2032 4127 2270 4189 curavit,
2305 4127 2610 4196 iisdemque
2647 4143 2708 4181 ae
2735 4129 3037 4198 majoribus
3064 4130 3255 4200 gratiis
3283 4143 3405 4199 post
3432 4133 3614 4199 pomi-

2035 4221 2262 4272 teutiam
2322 4235 2447 4273 eum
2508 4220 2811 4274 decoravit.
2853 4221 2978 4275 Ilaec
3027 4233 3210 4276 autem
3261 4223 3315 4274 in
3372 4224 3616 4275 medium

2034 4311 2282 4380 proferre
2312 4313 2485 4365 coacti
2535 4328 2750 4374 sumus,
2785 4323 2845 4365 ut
2900 4314 3042 4367 sicut
3104 4315 3445 4384 superiorem
3494 4315 3618 4384 ejus

2032 4402 2200 4455 vitam
2227 4413 2640 4470 cognoscentes,
2677 4404 2850 4457 Deum
2876 4404 3240 4471 laudavimus,
3261 4415 3317 4459 et
3337 4408 3616 4475 quoniqu

2036 4495 2220 4562 lapsus
2248 4493 2415 4546 fuerit
2455 4494 2761 4555 audientes,
2787 4495 2839 4548 ili
2870 4497 3150 4550 tristitiam
3178 4497 3508 4560 incidimus;
3536 4499 3611 4550 ita

2037 4595 2093 4638 ct
2143 4586 2416 4640 sinceram
2473 4587 2645 4656 ipsius
2699 4587 3076 4656 pmnitentiam
3131 4590 3459 4648 ediscentes.
3504 4606 3616 4642 non

2034 4678 2334 4747 nobisipsis
2352 4678 2712 4741 confidamus,
2746 4680 2840 4734 sed
2875 4679 2926 4733 in
2960 4681 3353 4751 belliglllSsIIllO
3378 4683 3511 4744 Deo,
3545 4697 3618 4735 ex

2031 4784 2140 4839 quo
2157 4770 2341 4839 gratiae
2364 4785 2556 4824 omnes
2587 4770 3028 4840 proficiscuntur,
3067 4788 3217 4842 spem
3245 4775 3402 4828 COHOI
3421 4791 3612 4840 emus;

2031 4862 2125 4931 qui
2147 4871 2204 4916 et
2231 4862 2393 4916 nobis
2418 4863 2694 4918 stantibus
2725 4863 2821 4918 dat
2875 4866 3218 4934 patientiam,
3247 4877 3308 4922 ut
3367 4867 3614 4937 perfecte

2033 4963 2178 5008 stare
2245 4957 2554 5024 possimus;
2586 4964 2642 5009 et
2702 4957 2922 5027 pigritia
2979 4958 3239 5013 cadentes
3294 4976 3394 5013 sua
3448 4975 3614 5013 manu

2031 5059 2324 5111 sustentat.
2362 5051 2464 5103 hoc
2495 5060 2600 5114 est,
2631 5067 2792 5120 opem
2831 5052 2990 5106 nobis
3045 5054 3294 5123 porrigit,
3352 5069 3414 5108 ac
3439 5054 3618 5123 pumi-

2035 5151 2214 5198 tentes
2275 5159 2373 5213 pro
2426 5159 2523 5198 sua
2581 5145 2638 5198 in
2675 5145 2972 5200 humanum
2999 5163 3170 5217 genus
3199 5148 3469 5202 cbaritate
3493 5163 3618 5200 am-

2031 5235 2308 5304 plectitur.

2103 5327 2292 5382 XVIII.
2333 5329 2550 5385 Etenim
2602 5334 2692 5402 qui
2757 5343 2839 5388 tot
2892 5344 2946 5388 et
2995 5334 3118 5388 taiia
3174 5335 3315 5389 maia
3354 5335 3612 5406 patravit,

2035 5435 2272 5490 quorum
2305 5425 2738 5493 unumquodque
2764 5425 3026 5494 gehennte
3055 5426 3357 5480 obnoxium
3380 5443 3506 5481 eum
3531 5426 3616 5481 fa-

2039 5563 2364 5638 nianumiis
2423 5575 2700 5620 vetustum
2743 5566 2797 5619 in
2835 5577 3018 5622 monte
3047 5565 3265 5622 Garizin
3299 5581 3606 5638 propugna-

2038 5635 2223 5689 culum
2249 5637 2562 5690 obcinctum
2603 5639 2943 5706 reliquisse.»

422 5791 483 5854 ('j
509 5788 714 5850 Reliqua
737 5789 883 5850 hujus
906 5790 1028 5839 Vim
1059 5793 1105 5840 in
1136 5793 1304 5842 Grreeo
1329 5795 1498 5842 restire
1520 5795 1698 5843 desunt
1742 5797 1872 5844 Εοιτ.
1917 5798 2060 5847 Pna.
