  <div class='ocr_page' id='page_1' title='image "/cluster/home/n/w/nwhite01/storage/ocr_20150623/114/hvd.32044019208123/664.png"; bbox 0 0 3834 6478; ppageno 0'>
   <div class='ocr_carea' id='block_1_1' title="bbox 272 423 413 492">
    <p class='ocr_par' dir='ltr' id='par_1_1' title="bbox 272 423 413 492">
     <span class='ocr_line' id='line_1_1' title="bbox 272 423 413 492; baseline -0.021 0"><span class='ocrx_word' id='word_1_1' title='bbox 272 423 413 492; x_wconf 72' lang='grc'><strong>1225</strong></span> 
     </span>
    </p>
   </div>
   <div class='ocr_carea' id='block_1_2' title="bbox 1402 414 2385 481">
    <p class='ocr_par' dir='ltr' id='par_1_2' title="bbox 1402 414 2385 481">
     <span class='ocr_line' id='line_1_2' title="bbox 1402 414 2385 481; baseline 0.003 -3"><span class='ocrx_word' id='word_1_2' title='bbox 1402 414 1578 478; x_wconf 75' lang='grc' dir='ltr'><strong>νιΤΑ</strong></span> <span class='ocrx_word' id='word_1_3' title='bbox 1614 417 1675 477; x_wconf 89' lang='lat' dir='ltr'><strong>S.</strong></span> <span class='ocrx_word' id='word_1_4' title='bbox 1715 416 1974 477; x_wconf 73' lang='lat' dir='ltr'><strong>JACOBI</strong></span> <span class='ocrx_word' id='word_1_5' title='bbox 2017 419 2385 481; x_wconf 72' lang='lat' dir='ltr'><strong>MONACHL</strong></span> 
     </span>
    </p>
   </div>
   <div class='ocr_carea' id='block_1_3' title="bbox 3386 431 3539 497">
    <p class='ocr_par' dir='ltr' id='par_1_3' title="bbox 3386 431 3539 497">
     <span class='ocr_line' id='line_1_3' title="bbox 3386 431 3539 497; baseline 0.033 -5"><span class='ocrx_word' id='word_1_6' title='bbox 3386 432 3406 492; x_wconf 82' lang='grc' dir='ltr'><strong><em>ι</em></strong></span> <span class='ocrx_word' id='word_1_7' title='bbox 3421 431 3539 497; x_wconf 70' lang='lat'><strong>235&#39;</strong></span> 
     </span>
    </p>
   </div>
   <div class='ocr_carea' id='block_1_4' title="bbox 267 528 3522 616">
    <p class='ocr_par' dir='ltr' id='par_1_4' title="bbox 267 528 3522 616">
     <span class='ocr_line' id='line_1_4' title="bbox 267 528 3522 616; baseline 0.004 -27"><span class='ocrx_word' id='word_1_8' title='bbox 267 536 469 602; x_wconf 82' lang='lat' dir='ltr'><strong>ciebat,</strong></span> <span class='ocrx_word' id='word_1_9' title='bbox 503 531 726 589; x_wconf 78' lang='lat' dir='ltr'><strong>Davidis</strong></span> <span class='ocrx_word' id='word_1_10' title='bbox 749 531 1063 603; x_wconf 71' lang='lat' dir='ltr'><strong>exemplum</strong></span> <span class='ocrx_word' id='word_1_11' title='bbox 1098 530 1116 563; x_wconf 74' lang='grc' dir='ltr'>ί</span> <span class='ocrx_word' id='word_1_12' title='bbox 1148 529 1478 586; x_wconf 83' lang='lat' dir='ltr'><strong>imitandum</strong></span> <span class='ocrx_word' id='word_1_13' title='bbox 1501 528 1839 599; x_wconf 60' lang='lat' dir='ltr'><strong>sibi&#39;propd-</strong></span> <span class='ocrx_word' id='word_1_14' title='bbox 1870 541 1913 593; x_wconf 68' lang='grc' dir='ltr'>Α</span> <span class='ocrx_word' id='word_1_15' title='bbox 1944 532 2109 586; x_wconf 84' lang='lat' dir='ltr'><strong>ambo</strong></span> <span class='ocrx_word' id='word_1_16' title='bbox 2136 546 2334 602; x_wconf 87' lang='lat' dir='ltr'><strong>panem</strong></span> <span class='ocrx_word' id='word_1_17' title='bbox 2390 544 2771 605; x_wconf 83' lang='lat' dir='ltr'><strong>gustaverunt,</strong></span> <span class='ocrx_word' id='word_1_18' title='bbox 2801 543 2856 594; x_wconf 80' lang='lat' dir='ltr'><strong>et</strong></span> <span class='ocrx_word' id='word_1_19' title='bbox 2894 539 3007 595; x_wconf 79' lang='lat' dir='ltr'><strong>Deo</strong></span> <span class='ocrx_word' id='word_1_20' title='bbox 3034 543 3241 613; x_wconf 83' lang='lat' dir='ltr'><strong>gratias</strong></span> <span class='ocrx_word' id='word_1_21' title='bbox 3270 556 3522 616; x_wconf 78' lang='lat' dir='ltr'><strong>egerunt,</strong></span> 
     </span>
    </p>
   </div>
   <div class='ocr_carea' id='block_1_5' title="bbox 267 623 1841 701">
    <p class='ocr_par' dir='ltr' id='par_1_5' title="bbox 267 623 1841 701">
     <span class='ocr_line' id='line_1_5' title="bbox 267 623 1841 701; baseline -0.009 -11"><span class='ocrx_word' id='word_1_22' title='bbox 267 632 396 698; x_wconf 75' lang='lat' dir='ltr'><strong>suit,</strong></span> <span class='ocrx_word' id='word_1_23' title='bbox 424 643 537 701; x_wconf 90' lang='lat' dir='ltr'><strong>quo</strong></span> <span class='ocrx_word' id='word_1_24' title='bbox 566 644 600 684; x_wconf 91' lang='lat' dir='ltr'><strong>a</strong></span> <span class='ocrx_word' id='word_1_25' title='bbox 630 627 787 698; x_wconf 88' lang='lat' dir='ltr'><strong>lapsu</strong></span> <span class='ocrx_word' id='word_1_26' title='bbox 835 625 974 695; x_wconf 80' lang='lat' dir='ltr'><strong>erigi</strong></span> <span class='ocrx_word' id='word_1_27' title='bbox 1016 632 1226 696; x_wconf 86' lang='lat' dir='ltr'><strong>posset.</strong></span> <span class='ocrx_word' id='word_1_28' title='bbox 1255 623 1392 680; x_wconf 81' lang='lat' dir='ltr'><strong>Nam</strong></span> <span class='ocrx_word' id='word_1_29' title='bbox 1423 632 1481 679; x_wconf 90' lang='lat' dir='ltr'><strong>et</strong></span> <span class='ocrx_word' id='word_1_30' title='bbox 1514 623 1685 679; x_wconf 80' lang='lat' dir='ltr'><strong>David</strong></span> <span class='ocrx_word' id='word_1_31' title='bbox 1718 633 1841 692; x_wconf 83' lang='lat' dir='ltr'><strong>post</strong></span> 
     </span>
    </p>
   </div>
   <div class='ocr_carea' id='block_1_6' title="bbox 269 718 1841 789">
    <p class='ocr_par' dir='ltr' id='par_1_6' title="bbox 269 718 1841 789">
     <span class='ocr_line' id='line_1_6' title="bbox 269 718 1841 789; baseline -0.009 -6"><span class='ocrx_word' id='word_1_32' title='bbox 269 723 594 782; x_wconf 68' lang='lat' dir='ltr'><strong>adulterium</strong></span> <span class='ocrx_word' id='word_1_33' title='bbox 648 724 837 776; x_wconf 83' lang='lat' dir='ltr'><strong>rerum</strong></span> <span class='ocrx_word' id='word_1_34' title='bbox 895 718 1148 774; x_wconf 77' lang='lat' dir='ltr'><strong>ordinem</strong></span> <span class='ocrx_word' id='word_1_35' title='bbox 1204 719 1491 789; x_wconf 87' lang='lat' dir='ltr'><strong>pervertit,</strong></span> <span class='ocrx_word' id='word_1_36' title='bbox 1537 729 1592 773; x_wconf 91' lang='lat' dir='ltr'><strong>et</strong></span> <span class='ocrx_word' id='word_1_37' title='bbox 1647 732 1746 787; x_wconf 82' lang='lat' dir='ltr'><strong>pro</strong></span> <span class='ocrx_word' id='word_1_38' title='bbox 1769 732 1841 771; x_wconf 90' lang='lat' dir='ltr'><strong>eo</strong></span> 
     </span>
    </p>
   </div>
   <div class='ocr_carea' id='block_1_7' title="bbox 268 809 1840 892">
    <p class='ocr_par' dir='ltr' id='par_1_7' title="bbox 268 809 1840 892">
     <span class='ocr_line' id='line_1_7' title="bbox 268 809 1840 892; baseline -0.007 -18"><span class='ocrx_word' id='word_1_39' title='bbox 268 817 410 892; x_wconf 65' lang='lat' dir='ltr'><strong>quod</strong></span> <span class='ocrx_word' id='word_1_40' title='bbox 460 813 721 871; x_wconf 91' lang='lat' dir='ltr'><strong>adulterii</strong></span> <span class='ocrx_word' id='word_1_41' title='bbox 777 813 863 867; x_wconf 87' lang='lat' dir='ltr'><strong>sui</strong></span> <span class='ocrx_word' id='word_1_42' title='bbox 896 826 1091 882; x_wconf 75' lang='lat' dir='ltr'><strong>ptenas</strong></span> <span class='ocrx_word' id='word_1_43' title='bbox 1131 811 1263 867; x_wconf 85' lang='lat' dir='ltr'><strong>dare</strong></span> <span class='ocrx_word' id='word_1_44' title='bbox 1292 811 1595 875; x_wconf 81' lang='lat' dir='ltr'><strong>debuisset,</strong></span> <span class='ocrx_word' id='word_1_45' title='bbox 1634 809 1840 866; x_wconf 63' lang='lat' dir='ltr'><strong>caedem</strong></span> 
     </span>
    </p>
   </div>
   <div class='ocr_carea' id='block_1_8' title="bbox 268 900 1841 978">
    <p class='ocr_par' dir='ltr' id='par_1_8' title="bbox 268 900 1841 978">
     <span class='ocr_line' id='line_1_8' title="bbox 268 900 1841 978; baseline -0.006 -14"><span class='ocrx_word' id='word_1_46' title='bbox 268 907 430 963; x_wconf 64' lang='lat' dir='ltr'><strong>etiam</strong></span> <span class='ocrx_word' id='word_1_47' title='bbox 461 904 616 960; x_wconf 89' lang='lat' dir='ltr'><strong>addit</strong></span> <span class='ocrx_word' id='word_1_48' title='bbox 650 904 769 978; x_wconf 81' lang='lat' dir='ltr'><strong>ejus</strong></span> <span class='ocrx_word' id='word_1_49' title='bbox 793 902 923 968; x_wconf 87' lang='lat' dir='ltr'><strong>viri,</strong></span> <span class='ocrx_word' id='word_1_50' title='bbox 977 901 1066 957; x_wconf 91' lang='lat' dir='ltr'><strong>cui</strong></span> <span class='ocrx_word' id='word_1_51' title='bbox 1102 903 1259 973; x_wconf 85' lang='lat' dir='ltr'><strong>prius</strong></span> <span class='ocrx_word' id='word_1_52' title='bbox 1297 902 1556 974; x_wconf 88' lang='lat' dir='ltr'><strong>injuriam</strong></span> <span class='ocrx_word' id='word_1_53' title='bbox 1611 900 1841 956; x_wconf 83' lang='lat' dir='ltr'><strong>fecerat.</strong></span> 
     </span>
    </p>
   </div>
   <div class='ocr_carea' id='block_1_9' title="bbox 266 995 1843 1071">
    <p class='ocr_par' dir='ltr' id='par_1_9' title="bbox 266 995 1843 1071">
     <span class='ocr_line' id='line_1_9' title="bbox 266 995 1843 1071; baseline -0.003 -16"><span class='ocrx_word' id='word_1_54' title='bbox 266 1001 359 1057; x_wconf 82' lang='lat' dir='ltr'><strong>ille</strong></span> <span class='ocrx_word' id='word_1_55' title='bbox 374 1000 542 1071; x_wconf 83' lang='lat' dir='ltr'><strong>igitur</strong></span> <span class='ocrx_word' id='word_1_56' title='bbox 557 1014 684 1054; x_wconf 92' lang='lat' dir='ltr'><strong>cum</strong></span> <span class='ocrx_word' id='word_1_57' title='bbox 703 996 1193 1061; x_wconf 81' lang='lat' dir='ltr'><strong>animadverteret,</strong></span> <span class='ocrx_word' id='word_1_58' title='bbox 1219 995 1682 1066; x_wconf 74' lang='lat' dir='ltr'><strong>quemadmodum</strong></span> <span class='ocrx_word' id='word_1_59' title='bbox 1699 996 1843 1051; x_wconf 86' lang='lat' dir='ltr'><strong>Deus</strong></span> 
     </span>
    </p>
   </div>
   <div class='ocr_carea' id='block_1_10' title="bbox 266 1087 1847 1165">
    <p class='ocr_par' dir='ltr' id='par_1_10' title="bbox 266 1087 1847 1165">
     <span class='ocr_line' id='line_1_10' title="bbox 266 1087 1847 1165; baseline -0.004 -16"><span class='ocrx_word' id='word_1_60' title='bbox 266 1107 382 1165; x_wconf 81' lang='lat' dir='ltr'><strong>ipse</strong></span> <span class='ocrx_word' id='word_1_61' title='bbox 410 1106 476 1146; x_wconf 85' lang='lat' dir='ltr'><strong>ac</strong></span> <span class='ocrx_word' id='word_1_62' title='bbox 509 1089 783 1161; x_wconf 87' lang='lat' dir='ltr'><strong>benignus</strong></span> <span class='ocrx_word' id='word_1_63' title='bbox 825 1087 1092 1143; x_wconf 79' lang='lat' dir='ltr'><strong>Dominus</strong></span> <span class='ocrx_word' id='word_1_64' title='bbox 1135 1087 1360 1144; x_wconf 87' lang='lat' dir='ltr'><strong>Davidis</strong></span> <span class='ocrx_word' id='word_1_65' title='bbox 1388 1089 1642 1143; x_wconf 88' lang='lat' dir='ltr'><strong>oratione</strong></span> <span class='ocrx_word' id='word_1_66' title='bbox 1667 1088 1847 1159; x_wconf 88' lang='lat' dir='ltr'><strong>placa-</strong></span> 
     </span>
    </p>
   </div>
   <div class='ocr_carea' id='block_1_11' title="bbox 267 1180 1843 1253">
    <p class='ocr_par' dir='ltr' id='par_1_11' title="bbox 267 1180 1843 1253">
     <span class='ocr_line' id='line_1_11' title="bbox 267 1180 1843 1253; baseline 0 -15"><span class='ocrx_word' id='word_1_67' title='bbox 267 1194 376 1244; x_wconf 85' lang='lat' dir='ltr'><strong>tus,</strong></span> <span class='ocrx_word' id='word_1_68' title='bbox 415 1182 601 1238; x_wconf 80' lang='lat' dir='ltr'><strong>statim</strong></span> <span class='ocrx_word' id='word_1_69' title='bbox 632 1188 860 1253; x_wconf 86' lang='lat' dir='ltr'><strong>peccata</strong></span> <span class='ocrx_word' id='word_1_70' title='bbox 892 1180 943 1236; x_wconf 90' lang='lat' dir='ltr'><strong>ei</strong></span> <span class='ocrx_word' id='word_1_71' title='bbox 1005 1180 1363 1245; x_wconf 82' lang='lat' dir='ltr'><strong>condonavit,</strong></span> <span class='ocrx_word' id='word_1_72' title='bbox 1394 1180 1463 1235; x_wconf 89' lang='lat' dir='ltr'><strong>ad</strong></span> <span class='ocrx_word' id='word_1_73' title='bbox 1503 1182 1843 1252; x_wconf 68' lang='lat' dir='ltr'><strong>poenitentiae</strong></span> 
     </span>
    </p>
   </div>
   <div class='ocr_carea' id='block_1_12' title="bbox 265 1272 1844 1346">
    <p class='ocr_par' dir='ltr' id='par_1_12' title="bbox 265 1272 1844 1346">
     <span class='ocr_line' id='line_1_12' title="bbox 265 1272 1844 1346; baseline 0 -17"><span class='ocrx_word' id='word_1_74' title='bbox 265 1285 484 1346; x_wconf 86' lang='lat' dir='ltr'><strong>portum</strong></span> <span class='ocrx_word' id='word_1_75' title='bbox 512 1272 781 1346; x_wconf 84' lang='lat' dir='ltr'><strong>confugit,</strong></span> <span class='ocrx_word' id='word_1_76' title='bbox 810 1273 927 1328; x_wconf 92' lang='lat' dir='ltr'><strong>sola</strong></span> <span class='ocrx_word' id='word_1_77' title='bbox 954 1288 1052 1344; x_wconf 82' lang='lat' dir='ltr'><strong>spe</strong></span> <span class='ocrx_word' id='word_1_78' title='bbox 1082 1272 1151 1327; x_wconf 85' lang='lat' dir='ltr'><strong>ad</strong></span> <span class='ocrx_word' id='word_1_79' title='bbox 1216 1274 1411 1328; x_wconf 71' lang='lat' dir='ltr'><strong>animae</strong></span> <span class='ocrx_word' id='word_1_80' title='bbox 1450 1274 1624 1343; x_wconf 85' lang='lat' dir='ltr'><strong>ipsius</strong></span> <span class='ocrx_word' id='word_1_81' title='bbox 1653 1289 1844 1329; x_wconf 86' lang='lat' dir='ltr'><strong>emen-</strong></span> 
     </span>
    </p>
   </div>
   <div class='ocr_carea' id='block_1_13' title="bbox 265 1364 1841 1437">
    <p class='ocr_par' dir='ltr' id='par_1_13' title="bbox 265 1364 1841 1437">
     <span class='ocr_line' id='line_1_13' title="bbox 265 1364 1841 1437; baseline 0.001 -15"><span class='ocrx_word' id='word_1_82' title='bbox 265 1367 543 1423; x_wconf 87' lang='lat' dir='ltr'><strong>dationem</strong></span> <span class='ocrx_word' id='word_1_83' title='bbox 576 1365 964 1437; x_wconf 68' lang='lat' dir='ltr'><strong>gubernatrice</strong></span> <span class='ocrx_word' id='word_1_84' title='bbox 1016 1381 1172 1422; x_wconf 76' lang='lat' dir='ltr'><strong>usus.</strong></span> <span class='ocrx_word' id='word_1_85' title='bbox 1214 1364 1351 1422; x_wconf 90' lang='lat' dir='ltr'><strong>Cum</strong></span> <span class='ocrx_word' id='word_1_86' title='bbox 1379 1367 1531 1422; x_wconf 87' lang='lat' dir='ltr'><strong>enim</strong></span> <span class='ocrx_word' id='word_1_87' title='bbox 1563 1367 1632 1422; x_wconf 90' lang='lat' dir='ltr'><strong>ad</strong></span> <span class='ocrx_word' id='word_1_88' title='bbox 1660 1381 1719 1423; x_wconf 89' lang='lat' dir='ltr'><strong>se</strong></span> <span class='ocrx_word' id='word_1_89' title='bbox 1750 1384 1841 1423; x_wconf 83' lang='lat' dir='ltr'><strong>re-</strong></span> 
     </span>
    </p>
   </div>
   <div class='ocr_carea' id='block_1_14' title="bbox 266 1456 1846 1529">
    <p class='ocr_par' dir='ltr' id='par_1_14' title="bbox 266 1456 1846 1529">
     <span class='ocr_line' id='line_1_14' title="bbox 266 1456 1846 1529; baseline 0.001 -15"><span class='ocrx_word' id='word_1_90' title='bbox 266 1456 482 1521; x_wconf 86' lang='lat' dir='ltr'><strong>diisset,</strong></span> <span class='ocrx_word' id='word_1_91' title='bbox 521 1468 578 1512; x_wconf 88' lang='lat' dir='ltr'><strong>et</strong></span> <span class='ocrx_word' id='word_1_92' title='bbox 614 1473 646 1513; x_wconf 93' lang='lat' dir='ltr'><strong>e</strong></span> <span class='ocrx_word' id='word_1_93' title='bbox 697 1471 915 1524; x_wconf 88' lang='lat' dir='ltr'><strong>somno,</strong></span> <span class='ocrx_word' id='word_1_94' title='bbox 947 1467 1010 1512; x_wconf 90' lang='lat' dir='ltr'><strong>ut</strong></span> <span class='ocrx_word' id='word_1_95' title='bbox 1049 1457 1251 1529; x_wconf 88' lang='lat' dir='ltr'><strong>aliquis</strong></span> <span class='ocrx_word' id='word_1_96' title='bbox 1307 1458 1536 1523; x_wconf 78' lang='lat' dir='ltr'><strong>diceret,</strong></span> <span class='ocrx_word' id='word_1_97' title='bbox 1572 1460 1846 1516; x_wconf 77' lang='lat' dir='ltr'><strong>excitatus</strong></span> 
     </span>
    </p>
   </div>
   <div class='ocr_carea' id='block_1_15' title="bbox 265 1548 1849 1623">
    <p class='ocr_par' dir='ltr' id='par_1_15' title="bbox 265 1548 1849 1623">
     <span class='ocr_line' id='line_1_15' title="bbox 265 1548 1849 1623; baseline 0.005 -20"><span class='ocrx_word' id='word_1_98' title='bbox 265 1556 435 1613; x_wconf 88' lang='lat' dir='ltr'><strong>esset,</strong></span> <span class='ocrx_word' id='word_1_99' title='bbox 492 1548 549 1602; x_wconf 92' lang='lat' dir='ltr'><strong>in</strong></span> <span class='ocrx_word' id='word_1_100' title='bbox 610 1549 807 1604; x_wconf 83' lang='lat' dir='ltr'><strong>cellam</strong></span> <span class='ocrx_word' id='word_1_101' title='bbox 837 1563 991 1605; x_wconf 88' lang='lat' dir='ltr'><strong>suam</strong></span> <span class='ocrx_word' id='word_1_102' title='bbox 1016 1549 1305 1621; x_wconf 80' lang='lat' dir='ltr'><strong>ingressus</strong></span> <span class='ocrx_word' id='word_1_103' title='bbox 1330 1560 1435 1614; x_wconf 89' lang='lat' dir='ltr'><strong>est,</strong></span> <span class='ocrx_word' id='word_1_104' title='bbox 1460 1566 1629 1623; x_wconf 82' lang='lat' dir='ltr'><strong>seque</strong></span> <span class='ocrx_word' id='word_1_105' title='bbox 1656 1553 1711 1609; x_wconf 88' lang='lat' dir='ltr'><strong>in</strong></span> <span class='ocrx_word' id='word_1_106' title='bbox 1737 1563 1849 1611; x_wconf 85' lang='lat' dir='ltr'><strong>ter-</strong></span> 
     </span>
    </p>
   </div>
   <div class='ocr_carea' id='block_1_16' title="bbox 266 1638 1845 1712">
    <p class='ocr_par' dir='ltr' id='par_1_16' title="bbox 266 1638 1845 1712">
     <span class='ocr_line' id='line_1_16' title="bbox 266 1638 1845 1712; baseline 0.005 -19"><span class='ocrx_word' id='word_1_107' title='bbox 266 1653 380 1693; x_wconf 88' lang='lat' dir='ltr'><strong>ram</strong></span> <span class='ocrx_word' id='word_1_108' title='bbox 427 1654 550 1694; x_wconf 90' lang='lat' dir='ltr'><strong>cum</strong></span> <span class='ocrx_word' id='word_1_109' title='bbox 574 1638 1263 1710; x_wconf 85' lang='lat' dir='ltr'><strong>ahjecissetintolerabiles</strong></span> <span class='ocrx_word' id='word_1_110' title='bbox 1284 1642 1521 1712; x_wconf 85' lang='lat' dir='ltr'><strong>gemitus</strong></span> <span class='ocrx_word' id='word_1_111' title='bbox 1537 1644 1845 1711; x_wconf 84' lang='lat' dir='ltr'><strong>emittebat,</strong></span> 
     </span>
    </p>
   </div>
   <div class='ocr_carea' id='block_1_17' title="bbox 262 1716 1847 1813">
    <p class='ocr_par' dir='ltr' id='par_1_17' title="bbox 262 1716 1847 1813">
     <span class='ocr_line' id='line_1_17' title="bbox 262 1716 1847 1813; baseline 0.003 -25"><span class='ocrx_word' id='word_1_112' title='bbox 262 1716 456 1802; x_wconf 86' lang='lat' dir='ltr'><strong>pectus</strong></span> <span class='ocrx_word' id='word_1_113' title='bbox 484 1748 646 1788; x_wconf 91' lang='lat' dir='ltr'><strong>suum</strong></span> <span class='ocrx_word' id='word_1_114' title='bbox 673 1733 830 1788; x_wconf 83' lang='lat' dir='ltr'><strong>valde</strong></span> <span class='ocrx_word' id='word_1_115' title='bbox 886 1731 1228 1804; x_wconf 83' lang='lat' dir='ltr'><strong>percutiens,</strong></span> <span class='ocrx_word' id='word_1_116' title='bbox 1266 1741 1323 1813; x_wconf 83' lang='lat' dir='ltr'><strong>et</strong></span> <span class='ocrx_word' id='word_1_117' title='bbox 1373 1733 1740 1805; x_wconf 79' lang='lat' dir='ltr'><strong>lacrymarum</strong></span> <span class='ocrx_word' id='word_1_118' title='bbox 1772 1737 1847 1792; x_wconf 84' lang='lat' dir='ltr'><strong>ri-</strong></span> 
     </span>
    </p>
   </div>
   <div class='ocr_carea' id='block_1_18' title="bbox 263 1824 734 1881">
    <p class='ocr_par' dir='ltr' id='par_1_18' title="bbox 263 1824 734 1881">
     <span class='ocr_line' id='line_1_18' title="bbox 263 1824 734 1881; baseline 0.013 -6"><span class='ocrx_word' id='word_1_119' title='bbox 263 1825 420 1880; x_wconf 83' lang='lat' dir='ltr'><strong>vulos</strong></span> <span class='ocrx_word' id='word_1_120' title='bbox 451 1824 734 1881; x_wconf 86' lang='lat' dir='ltr'><strong>emittens.</strong></span> 
     </span>
    </p>
   </div>
   <div class='ocr_carea' id='block_1_19' title="bbox 333 1922 1840 2015">
    <p class='ocr_par' dir='ltr' id='par_1_19' title="bbox 333 1922 1840 2015">
     <span class='ocr_line' id='line_1_19' title="bbox 333 1922 1840 2015; baseline 0.007 -25"><span class='ocrx_word' id='word_1_121' title='bbox 333 1922 477 1991; x_wconf 73' lang='lat' dir='ltr'><strong>XIX.</strong></span> <span class='ocrx_word' id='word_1_122' title='bbox 512 1932 619 1992; x_wconf 89' lang='lat' dir='ltr'><strong>Sed</strong></span> <span class='ocrx_word' id='word_1_123' title='bbox 649 1952 829 2008; x_wconf 91' lang='lat' dir='ltr'><strong>neque</strong></span> <span class='ocrx_word' id='word_1_124' title='bbox 874 1938 955 1995; x_wconf 90' lang='lat' dir='ltr'><strong>sic</strong></span> <span class='ocrx_word' id='word_1_125' title='bbox 1003 1942 1072 1998; x_wconf 86' lang='lat' dir='ltr'><strong>ab</strong></span> <span class='ocrx_word' id='word_1_126' title='bbox 1109 1958 1178 2000; x_wconf 90' lang='lat' dir='ltr'><strong>eo</strong></span> <span class='ocrx_word' id='word_1_127' title='bbox 1205 1941 1462 2000; x_wconf 84' lang='lat' dir='ltr'><strong>discessit</strong></span> <span class='ocrx_word' id='word_1_128' title='bbox 1493 1945 1744 2015; x_wconf 86' lang='lat' dir='ltr'><strong>impurus</strong></span> <span class='ocrx_word' id='word_1_129' title='bbox 1785 1955 1840 2001; x_wconf 90' lang='lat' dir='ltr'><strong>et</strong></span> 
     </span>
    </p>
   </div>
   <div class='ocr_carea' id='block_1_20' title="bbox 261 2027 1838 2108">
    <p class='ocr_par' dir='ltr' id='par_1_20' title="bbox 261 2027 1838 2108">
     <span class='ocr_line' id='line_1_20' title="bbox 261 2027 1838 2108; baseline 0.006 -26"><span class='ocrx_word' id='word_1_130' title='bbox 261 2027 688 2085; x_wconf 87' lang='lat' dir='ltr'><strong>scelestissimus</strong></span> <span class='ocrx_word' id='word_1_131' title='bbox 715 2028 990 2088; x_wconf 85' lang='lat' dir='ltr'><strong>diabolus.</strong></span> <span class='ocrx_word' id='word_1_132' title='bbox 1026 2033 1162 2089; x_wconf 85' lang='lat' dir='ltr'><strong>Nam</strong></span> <span class='ocrx_word' id='word_1_133' title='bbox 1194 2049 1320 2090; x_wconf 91' lang='lat' dir='ltr'><strong>cum</strong></span> <span class='ocrx_word' id='word_1_134' title='bbox 1350 2036 1472 2106; x_wconf 82' lang='lat' dir='ltr'><strong>ejus</strong></span> <span class='ocrx_word' id='word_1_135' title='bbox 1502 2036 1606 2091; x_wconf 83' lang='lat' dir='ltr'><strong>viri</strong></span> <span class='ocrx_word' id='word_1_136' title='bbox 1637 2053 1838 2108; x_wconf 84' lang='lat' dir='ltr'><strong>propo-</strong></span> 
     </span>
    </p>
   </div>
   <div class='ocr_carea' id='block_1_21' title="bbox 258 2116 1840 2196">
    <p class='ocr_par' dir='ltr' id='par_1_21' title="bbox 258 2116 1840 2196">
     <span class='ocr_line' id='line_1_21' title="bbox 258 2116 1840 2196; baseline 0.009 -26"><span class='ocrx_word' id='word_1_137' title='bbox 258 2116 427 2172; x_wconf 89' lang='lat' dir='ltr'><strong>situm</strong></span> <span class='ocrx_word' id='word_1_138' title='bbox 473 2134 537 2174; x_wconf 90' lang='lat' dir='ltr'><strong>ae</strong></span> <span class='ocrx_word' id='word_1_139' title='bbox 568 2120 908 2175; x_wconf 83' lang='lat' dir='ltr'><strong>voluntatem</strong></span> <span class='ocrx_word' id='word_1_140' title='bbox 944 2122 1088 2179; x_wconf 90' lang='lat' dir='ltr'><strong>ferre</strong></span> <span class='ocrx_word' id='word_1_141' title='bbox 1139 2140 1249 2180; x_wconf 87' lang='lat' dir='ltr'><strong>non</strong></span> <span class='ocrx_word' id='word_1_142' title='bbox 1305 2135 1512 2196; x_wconf 87' lang='lat' dir='ltr'><strong>posset,</strong></span> <span class='ocrx_word' id='word_1_143' title='bbox 1543 2127 1710 2196; x_wconf 64' lang='lat' dir='ltr'><strong>erepit</strong></span> <span class='ocrx_word' id='word_1_144' title='bbox 1738 2127 1840 2184; x_wconf 86' lang='lat' dir='ltr'><strong>de-</strong></span> 
     </span>
    </p>
   </div>
   <div class='ocr_carea' id='block_1_22' title="bbox 260 2210 1837 2291">
    <p class='ocr_par' dir='ltr' id='par_1_22' title="bbox 260 2210 1837 2291">
     <span class='ocr_line' id='line_1_22' title="bbox 260 2210 1837 2291; baseline 0.008 -28"><span class='ocrx_word' id='word_1_145' title='bbox 260 2210 593 2280; x_wconf 84' lang='lat' dir='ltr'><strong>sperationis</strong></span> <span class='ocrx_word' id='word_1_146' title='bbox 620 2212 986 2283; x_wconf 79' lang='lat' dir='ltr'><strong>cogitationes</strong></span> <span class='ocrx_word' id='word_1_147' title='bbox 1016 2215 1071 2271; x_wconf 83' lang='lat' dir='ltr'><strong>iu</strong></span> <span class='ocrx_word' id='word_1_148' title='bbox 1131 2217 1252 2288; x_wconf 85' lang='lat' dir='ltr'><strong>ejus</strong></span> <span class='ocrx_word' id='word_1_149' title='bbox 1305 2218 1550 2273; x_wconf 89' lang='lat' dir='ltr'><strong>animum</strong></span> <span class='ocrx_word' id='word_1_150' title='bbox 1587 2219 1837 2291; x_wconf 86' lang='lat' dir='ltr'><strong>injicere,</strong></span> 
     </span>
    </p>
   </div>
   <div class='ocr_carea' id='block_1_23' title="bbox 255 2296 1838 2370">
    <p class='ocr_par' dir='ltr' id='par_1_23' title="bbox 255 2296 1838 2370">
     <span class='ocr_line' id='line_1_23' title="bbox 255 2296 1838 2370; baseline 0.011 -20"><span class='ocrx_word' id='word_1_151' title='bbox 255 2304 386 2352; x_wconf 85' lang='lat' dir='ltr'><strong>cum</strong></span> <span class='ocrx_word' id='word_1_152' title='bbox 410 2296 725 2366; x_wconf 73' lang='lat' dir='ltr'><strong>huiusmodi</strong></span> <span class='ocrx_word' id='word_1_153' title='bbox 754 2302 993 2370; x_wconf 85' lang='lat' dir='ltr'><strong>pessima</strong></span> <span class='ocrx_word' id='word_1_154' title='bbox 1033 2302 1190 2361; x_wconf 90' lang='lat' dir='ltr'><strong>initia</strong></span> <span class='ocrx_word' id='word_1_155' title='bbox 1235 2305 1503 2363; x_wconf 87' lang='lat' dir='ltr'><strong>adversus</strong></span> <span class='ocrx_word' id='word_1_156' title='bbox 1535 2307 1838 2368; x_wconf 86' lang='lat' dir='ltr'><strong>humanum</strong></span> 
     </span>
    </p>
   </div>
   <div class='ocr_carea' id='block_1_24' title="bbox 257 2390 1840 2466">
    <p class='ocr_par' dir='ltr' id='par_1_24' title="bbox 257 2390 1840 2466">
     <span class='ocr_line' id='line_1_24' title="bbox 257 2390 1840 2466; baseline 0.009 -23"><span class='ocrx_word' id='word_1_157' title='bbox 257 2403 434 2459; x_wconf 80' lang='lat' dir='ltr'><strong>genus</strong></span> <span class='ocrx_word' id='word_1_158' title='bbox 456 2406 524 2445; x_wconf 79' lang='lat' dir='ltr'><strong>ex</strong></span> <span class='ocrx_word' id='word_1_159' title='bbox 551 2390 706 2448; x_wconf 65' lang='lat' dir='ltr'><strong>Iudae</strong></span> <span class='ocrx_word' id='word_1_160' title='bbox 734 2392 909 2463; x_wconf 81' lang='lat' dir='ltr'><strong>ipsius</strong></span> <span class='ocrx_word' id='word_1_161' title='bbox 936 2394 1321 2466; x_wconf 88' lang='lat' dir='ltr'><strong>desperatione</strong></span> <span class='ocrx_word' id='word_1_162' title='bbox 1356 2399 1562 2456; x_wconf 86' lang='lat' dir='ltr'><strong>inferre</strong></span> <span class='ocrx_word' id='word_1_163' title='bbox 1608 2415 1840 2459; x_wconf 87' lang='lat' dir='ltr'><strong>conatus</strong></span> 
     </span>
    </p>
   </div>
   <div class='ocr_carea' id='block_1_25' title="bbox 260 2484 1840 2557">
    <p class='ocr_par' dir='ltr' id='par_1_25' title="bbox 260 2484 1840 2557">
     <span class='ocr_line' id='line_1_25' title="bbox 260 2484 1840 2557; baseline 0.012 -21"><span class='ocrx_word' id='word_1_164' title='bbox 260 2492 430 2540; x_wconf 88' lang='lat' dir='ltr'><strong>esset.</strong></span> <span class='ocrx_word' id='word_1_165' title='bbox 466 2484 563 2540; x_wconf 81' lang='lat' dir='ltr'><strong>Ille</strong></span> <span class='ocrx_word' id='word_1_166' title='bbox 596 2486 766 2557; x_wconf 79' lang='lat' dir='ltr'><strong>igitur</strong></span> <span class='ocrx_word' id='word_1_167' title='bbox 808 2489 877 2544; x_wconf 89' lang='lat' dir='ltr'><strong>ad</strong></span> <span class='ocrx_word' id='word_1_168' title='bbox 935 2491 1120 2545; x_wconf 63' lang='lat' dir='ltr'><strong>saeculi</strong></span> <span class='ocrx_word' id='word_1_169' title='bbox 1157 2494 1617 2551; x_wconf 83' lang='lat' dir='ltr'><strong>consuetudinem</strong></span> <span class='ocrx_word' id='word_1_170' title='bbox 1656 2498 1840 2555; x_wconf 87' lang='lat' dir='ltr'><strong>redire</strong></span> 
     </span>
    </p>
   </div>
   <div class='ocr_carea' id='block_1_26' title="bbox 259 2574 1843 2652">
    <p class='ocr_par' dir='ltr' id='par_1_26' title="bbox 259 2574 1843 2652">
     <span class='ocr_line' id='line_1_26' title="bbox 259 2574 1843 2652; baseline 0.013 -25"><span class='ocrx_word' id='word_1_171' title='bbox 259 2574 526 2631; x_wconf 74' lang='lat' dir='ltr'><strong>deerev’it.</strong></span> <span class='ocrx_word' id='word_1_172' title='bbox 560 2578 666 2632; x_wconf 85' lang='lat' dir='ltr'><strong>Sed</strong></span> <span class='ocrx_word' id='word_1_173' title='bbox 700 2579 920 2652; x_wconf 89' lang='lat' dir='ltr'><strong>benigni</strong></span> <span class='ocrx_word' id='word_1_174' title='bbox 948 2581 1154 2637; x_wconf 87' lang='lat' dir='ltr'><strong>Christi</strong></span> <span class='ocrx_word' id='word_1_175' title='bbox 1197 2584 1480 2642; x_wconf 82' lang='lat' dir='ltr'><strong>voluntate</strong></span> <span class='ocrx_word' id='word_1_176' title='bbox 1523 2586 1727 2645; x_wconf 90' lang='lat' dir='ltr'><strong>factum</strong></span> <span class='ocrx_word' id='word_1_177' title='bbox 1756 2602 1843 2647; x_wconf 82' lang='lat' dir='ltr'><strong>est</strong></span> 
     </span>
    </p>
   </div>
   <div class='ocr_carea' id='block_1_27' title="bbox 258 2665 1835 2746">
    <p class='ocr_par' dir='ltr' id='par_1_27' title="bbox 258 2665 1835 2746">
     <span class='ocr_line' id='line_1_27' title="bbox 258 2665 1835 2746; baseline 0.011 -28"><span class='ocrx_word' id='word_1_178' title='bbox 258 2672 322 2719; x_wconf 88' lang='lat' dir='ltr'><strong>ut</strong></span> <span class='ocrx_word' id='word_1_179' title='bbox 353 2665 459 2720; x_wconf 87' lang='lat' dir='ltr'><strong>iter</strong></span> <span class='ocrx_word' id='word_1_180' title='bbox 484 2666 713 2733; x_wconf 79' lang='lat' dir='ltr'><strong>faciens,</strong></span> <span class='ocrx_word' id='word_1_181' title='bbox 744 2670 797 2725; x_wconf 90' lang='lat' dir='ltr'><strong>in</strong></span> <span class='ocrx_word' id='word_1_182' title='bbox 852 2674 1250 2729; x_wconf 81' lang='lat' dir='ltr'><strong>monasterium</strong></span> <span class='ocrx_word' id='word_1_183' title='bbox 1293 2678 1572 2746; x_wconf 86' lang='lat' dir='ltr'><strong>quoddam</strong></span> <span class='ocrx_word' id='word_1_184' title='bbox 1604 2680 1835 2737; x_wconf 80' lang='lat' dir='ltr'><strong>veniret.</strong></span> 
     </span>
    </p>
   </div>
   <div class='ocr_carea' id='block_1_28' title="bbox 259 2756 1838 2844">
    <p class='ocr_par' dir='ltr' id='par_1_28' title="bbox 259 2756 1838 2844">
     <span class='ocr_line' id='line_1_28' title="bbox 259 2756 1838 2844; baseline 0.011 -32"><span class='ocrx_word' id='word_1_185' title='bbox 259 2756 339 2812; x_wconf 82' lang='lat' dir='ltr'><strong>Ad</strong></span> <span class='ocrx_word' id='word_1_186' title='bbox 365 2773 464 2813; x_wconf 90' lang='lat' dir='ltr'><strong>eos</strong></span> <span class='ocrx_word' id='word_1_187' title='bbox 486 2758 655 2829; x_wconf 85' lang='lat' dir='ltr'><strong>igitur</strong></span> <span class='ocrx_word' id='word_1_188' title='bbox 683 2765 1004 2829; x_wconf 75' lang='lat' dir='ltr'><strong>monachos,</strong></span> <span class='ocrx_word' id='word_1_189' title='bbox 1035 2767 1130 2837; x_wconf 88' lang='lat' dir='ltr'><strong>qui</strong></span> <span class='ocrx_word' id='word_1_190' title='bbox 1165 2766 1282 2822; x_wconf 91' lang='lat' dir='ltr'><strong>illic</strong></span> <span class='ocrx_word' id='word_1_191' title='bbox 1319 2779 1498 2835; x_wconf 86' lang='lat' dir='ltr'><strong>erant,</strong></span> <span class='ocrx_word' id='word_1_192' title='bbox 1534 2771 1838 2844; x_wconf 82' lang='lat' dir='ltr'><strong>ingressus,</strong></span> 
     </span>
    </p>
   </div>
   <div class='ocr_carea' id='block_1_29' title="bbox 263 2848 1843 2929">
    <p class='ocr_par' dir='ltr' id='par_1_29' title="bbox 263 2848 1843 2929">
     <span class='ocr_line' id='line_1_29' title="bbox 263 2848 1843 2929; baseline 0.013 -28"><span class='ocrx_word' id='word_1_193' title='bbox 263 2848 414 2918; x_wconf 88' lang='lat' dir='ltr'><strong>ipsos</strong></span> <span class='ocrx_word' id='word_1_194' title='bbox 439 2850 735 2921; x_wconf 83' lang='lat' dir='ltr'><strong>salutavit:</strong></span> <span class='ocrx_word' id='word_1_195' title='bbox 772 2854 1024 2924; x_wconf 86' lang='lat' dir='ltr'><strong>quicum</strong></span> <span class='ocrx_word' id='word_1_196' title='bbox 1077 2856 1198 2929; x_wconf 90' lang='lat' dir='ltr'><strong>ejus</strong></span> <span class='ocrx_word' id='word_1_197' title='bbox 1258 2860 1428 2929; x_wconf 82' lang='lat' dir='ltr'><strong>pedes</strong></span> <span class='ocrx_word' id='word_1_198' title='bbox 1470 2862 1754 2929; x_wconf 83' lang='lat' dir='ltr'><strong>lavissent,</strong></span> <span class='ocrx_word' id='word_1_199' title='bbox 1786 2875 1843 2921; x_wconf 84' lang='lat' dir='ltr'><strong>et</strong></span> 
     </span>
    </p>
   </div>
   <div class='ocr_carea' id='block_1_30' title="bbox 257 2944 1837 3021">
    <p class='ocr_par' dir='ltr' id='par_1_30' title="bbox 257 2944 1837 3021">
     <span class='ocr_line' id='line_1_30' title="bbox 257 2944 1837 3021; baseline 0.012 -26"><span class='ocrx_word' id='word_1_200' title='bbox 257 2957 459 3011; x_wconf 85' lang='lat' dir='ltr'><strong>panem</strong></span> <span class='ocrx_word' id='word_1_201' title='bbox 474 2944 528 2999; x_wconf 88' lang='lat' dir='ltr'><strong>ei</strong></span> <span class='ocrx_word' id='word_1_202' title='bbox 554 2948 960 3015; x_wconf 82' lang='lat' dir='ltr'><strong>apposuissent,</strong></span> <span class='ocrx_word' id='word_1_203' title='bbox 986 2951 1254 3021; x_wconf 89' lang='lat' dir='ltr'><strong>rogabant</strong></span> <span class='ocrx_word' id='word_1_204' title='bbox 1281 2962 1340 3008; x_wconf 88' lang='lat' dir='ltr'><strong>ut</strong></span> <span class='ocrx_word' id='word_1_205' title='bbox 1361 2954 1547 3009; x_wconf 90' lang='lat' dir='ltr'><strong>cibum</strong></span> <span class='ocrx_word' id='word_1_206' title='bbox 1572 2966 1837 3015; x_wconf 81' lang='lat' dir='ltr'><strong>sumeret.</strong></span> 
     </span>
    </p>
   </div>
   <div class='ocr_carea' id='block_1_31' title="bbox 259 3034 1836 3122">
    <p class='ocr_par' dir='ltr' id='par_1_31' title="bbox 259 3034 1836 3122">
     <span class='ocr_line' id='line_1_31' title="bbox 259 3034 1836 3122; baseline 0.013 -35"><span class='ocrx_word' id='word_1_207' title='bbox 259 3034 355 3089; x_wconf 84' lang='lat' dir='ltr'><strong>Ille</strong></span> <span class='ocrx_word' id='word_1_208' title='bbox 390 3050 522 3092; x_wconf 89' lang='lat' dir='ltr'><strong>vero</strong></span> <span class='ocrx_word' id='word_1_209' title='bbox 550 3053 676 3094; x_wconf 86' lang='lat' dir='ltr'><strong>cum</strong></span> <span class='ocrx_word' id='word_1_210' title='bbox 700 3056 881 3111; x_wconf 86' lang='lat' dir='ltr'><strong>neque</strong></span> <span class='ocrx_word' id='word_1_211' title='bbox 909 3058 1009 3099; x_wconf 90' lang='lat' dir='ltr'><strong>eos</strong></span> <span class='ocrx_word' id='word_1_212' title='bbox 1035 3044 1151 3100; x_wconf 78' lang='lat' dir='ltr'><strong>fere</strong></span> <span class='ocrx_word' id='word_1_213' title='bbox 1168 3047 1363 3102; x_wconf 85' lang='lat' dir='ltr'><strong>audire</strong></span> <span class='ocrx_word' id='word_1_214' title='bbox 1387 3054 1691 3118; x_wconf 83' lang='lat' dir='ltr'><strong>pateretur,</strong></span> <span class='ocrx_word' id='word_1_215' title='bbox 1713 3069 1836 3122; x_wconf 74' lang='lat' dir='ltr'><strong>gra-</strong></span> 
     </span>
    </p>
   </div>
   <div class='ocr_carea' id='block_1_32' title="bbox 259 3128 1839 3206">
    <p class='ocr_par' dir='ltr' id='par_1_32' title="bbox 259 3128 1839 3206">
     <span class='ocr_line' id='line_1_32' title="bbox 259 3128 1839 3206; baseline 0.011 -29"><span class='ocrx_word' id='word_1_216' title='bbox 259 3139 384 3179; x_wconf 89' lang='lat' dir='ltr'><strong>vem</strong></span> <span class='ocrx_word' id='word_1_217' title='bbox 424 3128 690 3197; x_wconf 78' lang='lat' dir='ltr'><strong>gemitum</strong></span> <span class='ocrx_word' id='word_1_218' title='bbox 723 3129 984 3188; x_wconf 87' lang='lat' dir='ltr'><strong>emittens</strong></span> <span class='ocrx_word' id='word_1_219' title='bbox 1018 3150 1032 3186; x_wconf 92' lang='lat'><strong>:</strong></span> <span class='ocrx_word' id='word_1_220' title='bbox 1071 3132 1169 3190; x_wconf 89' lang='lat' dir='ltr'><strong>llei</strong></span> <span class='ocrx_word' id='word_1_221' title='bbox 1202 3136 1360 3199; x_wconf 80' lang='lat' dir='ltr'><strong>milii,</strong></span> <span class='ocrx_word' id='word_1_222' title='bbox 1381 3138 1581 3206; x_wconf 79' lang='lat' dir='ltr'><strong>inquit,</strong></span> <span class='ocrx_word' id='word_1_223' title='bbox 1610 3139 1839 3202; x_wconf 85' lang='lat' dir='ltr'><strong>misero,</strong></span> 
     </span>
    </p>
   </div>
   <div class='ocr_carea' id='block_1_33' title="bbox 1954 625 2604 681">
    <p class='ocr_par' dir='ltr' id='par_1_33' title="bbox 1954 625 2604 681">
     <span class='ocr_line' id='line_1_33' title="bbox 1954 625 2604 681; baseline 0.011 -7"><span class='ocrx_word' id='word_1_224' title='bbox 1954 636 2147 676; x_wconf 87' lang='lat' dir='ltr'><strong>rursus</strong></span> <span class='ocrx_word' id='word_1_225' title='bbox 2183 634 2291 677; x_wconf 87' lang='lat' dir='ltr'><strong>una</strong></span> <span class='ocrx_word' id='word_1_226' title='bbox 2316 625 2604 681; x_wconf 83' lang='lat' dir='ltr'><strong>sedebant.</strong></span> 
     </span>
    </p>
   </div>
   <div class='ocr_carea' id='block_1_34' title="bbox 2018 713 3524 803">
    <p class='ocr_par' dir='ltr' id='par_1_34' title="bbox 2018 713 3524 803">
     <span class='ocr_line' id='line_1_34' title="bbox 2018 713 3524 803; baseline 0.015 -35"><span class='ocrx_word' id='word_1_227' title='bbox 2018 713 2344 774; x_wconf 78' lang='lat' dir='ltr'><strong>XXI.Tunc</strong></span> <span class='ocrx_word' id='word_1_228' title='bbox 2375 718 2420 774; x_wconf 91' lang='lat' dir='ltr'><strong>is</strong></span> <span class='ocrx_word' id='word_1_229' title='bbox 2469 738 2499 775; x_wconf 85' lang='lat' dir='ltr'><strong>a</strong></span> <span class='ocrx_word' id='word_1_230' title='bbox 2531 736 2643 792; x_wconf 89' lang='lat' dir='ltr'><strong>quo</strong></span> <span class='ocrx_word' id='word_1_231' title='bbox 2688 722 2927 781; x_wconf 72' lang='lat' dir='ltr'><strong>Jacobus’</strong></span> <span class='ocrx_word' id='word_1_232' title='bbox 2978 726 3219 799; x_wconf 83' lang='lat' dir='ltr'><strong>hospitio</strong></span> <span class='ocrx_word' id='word_1_233' title='bbox 3260 740 3524 803; x_wconf 77' lang='lat' dir='ltr'><strong>acceptus</strong></span> 
     </span>
    </p>
   </div>
   <div class='ocr_carea' id='block_1_35' title="bbox 1946 803 3521 886">
    <p class='ocr_par' dir='ltr' id='par_1_35' title="bbox 1946 803 3521 886">
     <span class='ocr_line' id='line_1_35' title="bbox 1946 803 3521 886; baseline 0.011 -28"><span class='ocrx_word' id='word_1_234' title='bbox 1946 803 2147 871; x_wconf 86' lang='lat' dir='ltr'><strong>fuerat,</strong></span> <span class='ocrx_word' id='word_1_235' title='bbox 2201 804 2382 876; x_wconf 88' lang='lat' dir='ltr'><strong>ipsum</strong></span> <span class='ocrx_word' id='word_1_236' title='bbox 2438 808 2662 876; x_wconf 73' lang='lat' dir='ltr'><strong>aifatus,</strong></span> <span class='ocrx_word' id='word_1_237' title='bbox 2698 810 2942 877; x_wconf 89' lang='lat' dir='ltr'><strong>lnstrue,</strong></span> <span class='ocrx_word' id='word_1_238' title='bbox 2974 814 3174 886; x_wconf 86' lang='lat' dir='ltr'><strong>inquit,</strong></span> <span class='ocrx_word' id='word_1_239' title='bbox 3225 816 3406 886; x_wconf 85' lang='lat' dir='ltr'><strong>Pater,</strong></span> <span class='ocrx_word' id='word_1_240' title='bbox 3435 824 3521 876; x_wconf 81' lang='lat' dir='ltr'><strong>me</strong></span> 
     </span>
    </p>
   </div>
   <div class='ocr_carea' id='block_1_36' title="bbox 1946 895 3518 979">
    <p class='ocr_par' dir='ltr' id='par_1_36' title="bbox 1946 895 3518 979">
     <span class='ocr_line' id='line_1_36' title="bbox 1946 895 3518 979; baseline 0.012 -28"><span class='ocrx_word' id='word_1_241' title='bbox 1946 896 2003 951; x_wconf 87' lang='lat' dir='ltr'><strong>in</strong></span> <span class='ocrx_word' id='word_1_242' title='bbox 2053 895 2274 953; x_wconf 88' lang='lat' dir='ltr'><strong>Christo</strong></span> <span class='ocrx_word' id='word_1_243' title='bbox 2331 898 2504 957; x_wconf 82' lang='lat' dir='ltr'><strong>ﬁlium</strong></span> <span class='ocrx_word' id='word_1_244' title='bbox 2559 911 2736 971; x_wconf 86' lang='lat' dir='ltr'><strong>tuum,</strong></span> <span class='ocrx_word' id='word_1_245' title='bbox 2774 914 2831 960; x_wconf 91' lang='lat' dir='ltr'><strong>et</strong></span> <span class='ocrx_word' id='word_1_246' title='bbox 2862 922 2959 961; x_wconf 88' lang='lat' dir='ltr'><strong>cor</strong></span> <span class='ocrx_word' id='word_1_247' title='bbox 3009 922 3192 965; x_wconf 87' lang='lat' dir='ltr'><strong>meum</strong></span> <span class='ocrx_word' id='word_1_248' title='bbox 3229 913 3518 979; x_wconf 79' lang='lat' dir='ltr'><strong>conﬁrma,</strong></span> 
     </span>
    </p>
   </div>
   <div class='ocr_carea' id='block_1_37' title="bbox 1946 989 3525 1070">
    <p class='ocr_par' dir='ltr' id='par_1_37' title="bbox 1946 989 3525 1070">
     <span class='ocr_line' id='line_1_37' title="bbox 1946 989 3525 1070; baseline 0.013 -26"><span class='ocrx_word' id='word_1_249' title='bbox 1946 989 2210 1061; x_wconf 86' lang='lat' dir='ltr'><strong>quoniam</strong></span> <span class='ocrx_word' id='word_1_250' title='bbox 2243 991 2439 1047; x_wconf 88' lang='lat' dir='ltr'><strong>multis</strong></span> <span class='ocrx_word' id='word_1_251' title='bbox 2463 1001 2519 1048; x_wconf 91' lang='lat' dir='ltr'><strong>et</strong></span> <span class='ocrx_word' id='word_1_252' title='bbox 2546 997 2719 1052; x_wconf 91' lang='lat' dir='ltr'><strong>variis</strong></span> <span class='ocrx_word' id='word_1_253' title='bbox 2749 998 3178 1070; x_wconf 75' lang='lat' dir='ltr'><strong>cogitationibus</strong></span> <span class='ocrx_word' id='word_1_254' title='bbox 3220 1004 3379 1062; x_wconf 83' lang='lat' dir='ltr'><strong>valde</strong></span> <span class='ocrx_word' id='word_1_255' title='bbox 3409 1008 3525 1063; x_wconf 87' lang='lat' dir='ltr'><strong>soi-</strong></span> 
     </span>
    </p>
   </div>
   <div class='ocr_carea' id='block_1_38' title="bbox 1946 1081 3522 1171">
    <p class='ocr_par' dir='ltr' id='par_1_38' title="bbox 1946 1081 3522 1171">
     <span class='ocr_line' id='line_1_38' title="bbox 1946 1081 3522 1171; baseline 0.011 -33"><span class='ocrx_word' id='word_1_256' title='bbox 1946 1081 2152 1139; x_wconf 89' lang='lat' dir='ltr'><strong>licitor.</strong></span> <span class='ocrx_word' id='word_1_257' title='bbox 2194 1083 2351 1141; x_wconf 88' lang='lat' dir='ltr'><strong>Tunc</strong></span> <span class='ocrx_word' id='word_1_258' title='bbox 2373 1085 2593 1143; x_wconf 87' lang='lat' dir='ltr'><strong>ululans</strong></span> <span class='ocrx_word' id='word_1_259' title='bbox 2618 1087 2675 1144; x_wconf 89' lang='lat' dir='ltr'><strong>S.</strong></span> <span class='ocrx_word' id='word_1_260' title='bbox 2701 1089 2961 1157; x_wconf 56' lang='lat' dir='ltr'><strong>Iacobus,</strong></span> <span class='ocrx_word' id='word_1_261' title='bbox 3002 1103 3059 1149; x_wconf 90' lang='lat' dir='ltr'><strong>et</strong></span> <span class='ocrx_word' id='word_1_262' title='bbox 3097 1096 3522 1171; x_wconf 79' lang='lat' dir='ltr'><strong>cumlaerymis,</strong></span> 
     </span>
    </p>
   </div>
   <div class='ocr_carea' id='block_1_39' title="bbox 1944 1172 3523 1255">
    <p class='ocr_par' dir='ltr' id='par_1_39' title="bbox 1944 1172 3523 1255">
     <span class='ocr_line' id='line_1_39' title="bbox 1944 1172 3523 1255; baseline 0.013 -29"><span class='ocrx_word' id='word_1_263' title='bbox 1944 1172 2243 1243; x_wconf 88' lang='lat' dir='ltr'><strong>gemitibus</strong></span> <span class='ocrx_word' id='word_1_264' title='bbox 2264 1182 2320 1230; x_wconf 88' lang='lat' dir='ltr'><strong>et</strong></span> <span class='ocrx_word' id='word_1_265' title='bbox 2340 1176 2596 1235; x_wconf 80' lang='lat' dir='ltr'><strong>lamentis</strong></span> <span class='ocrx_word' id='word_1_266' title='bbox 2611 1194 2774 1234; x_wconf 86' lang='lat' dir='ltr'><strong>suum</strong></span> <span class='ocrx_word' id='word_1_267' title='bbox 2799 1193 2993 1252; x_wconf 88' lang='lat' dir='ltr'><strong>peetus</strong></span> <span class='ocrx_word' id='word_1_268' title='bbox 3009 1186 3337 1245; x_wconf 83' lang='lat' dir='ltr'><strong>verberans.-</strong></span> <span class='ocrx_word' id='word_1_269' title='bbox 3368 1190 3523 1255; x_wconf 86' lang='lat' dir='ltr'><strong>Sine.</strong></span> 
     </span>
    </p>
   </div>
   <div class='ocr_carea' id='block_1_40' title="bbox 1946 1267 3526 1349">
    <p class='ocr_par' dir='ltr' id='par_1_40' title="bbox 1946 1267 3526 1349">
     <span class='ocr_line' id='line_1_40' title="bbox 1946 1267 3526 1349; baseline 0.011 -29"><span class='ocrx_word' id='word_1_270' title='bbox 1946 1267 2150 1337; x_wconf 83' lang='lat' dir='ltr'><strong>inquit,</strong></span> <span class='ocrx_word' id='word_1_271' title='bbox 2198 1267 2387 1335; x_wconf 78' lang='lat' dir='ltr'><strong>frater,</strong></span> <span class='ocrx_word' id='word_1_272' title='bbox 2441 1285 2529 1327; x_wconf 90' lang='lat' dir='ltr'><strong>me</strong></span> <span class='ocrx_word' id='word_1_273' title='bbox 2582 1269 2739 1341; x_wconf 81' lang='lat' dir='ltr'><strong>ﬂere,</strong></span> <span class='ocrx_word' id='word_1_274' title='bbox 2767 1284 2824 1329; x_wconf 90' lang='lat' dir='ltr'><strong>et</strong></span> <span class='ocrx_word' id='word_1_275' title='bbox 2873 1277 3060 1346; x_wconf 77' lang='lat' dir='ltr'><strong>gravia</strong></span> <span class='ocrx_word' id='word_1_276' title='bbox 3112 1289 3336 1348; x_wconf 83' lang='lat' dir='ltr'><strong>peccata</strong></span> <span class='ocrx_word' id='word_1_277' title='bbox 3382 1298 3526 1349; x_wconf 80' lang='lat' dir='ltr'><strong>mea,</strong></span> 
     </span>
    </p>
   </div>
   <div class='ocr_carea' id='block_1_41' title="bbox 1946 1361 3526 1435">
    <p class='ocr_par' dir='ltr' id='par_1_41' title="bbox 1946 1361 3526 1435">
     <span class='ocr_line' id='line_1_41' title="bbox 1946 1361 3526 1435; baseline 0.009 -20"><span class='ocrx_word' id='word_1_278' title='bbox 1946 1374 2178 1432; x_wconf 63' lang='lat' dir='ltr'><strong>quaeque</strong></span> <span class='ocrx_word' id='word_1_279' title='bbox 2210 1361 2381 1434; x_wconf 87' lang='lat' dir='ltr'><strong>impie</strong></span> <span class='ocrx_word' id='word_1_280' title='bbox 2429 1362 2698 1420; x_wconf 84' lang='lat' dir='ltr'><strong>adversus</strong></span> <span class='ocrx_word' id='word_1_281' title='bbox 2735 1366 2910 1422; x_wconf 88' lang='lat' dir='ltr'><strong>Deum</strong></span> <span class='ocrx_word' id='word_1_282' title='bbox 2941 1383 3111 1424; x_wconf 86' lang='lat' dir='ltr'><strong>ausus</strong></span> <span class='ocrx_word' id='word_1_283' title='bbox 3142 1384 3287 1435; x_wconf 88' lang='lat' dir='ltr'><strong>sum,</strong></span> <span class='ocrx_word' id='word_1_284' title='bbox 3315 1372 3526 1431; x_wconf 51' lang='lat' dir='ltr'><strong>laniena</strong></span> 
     </span>
    </p>
   </div>
   <div class='ocr_carea' id='block_1_42' title="bbox 1950 1452 3523 1535">
    <p class='ocr_par' dir='ltr' id='par_1_42' title="bbox 1950 1452 3523 1535">
     <span class='ocr_line' id='line_1_42' title="bbox 1950 1452 3523 1535; baseline 0.01 -29"><span class='ocrx_word' id='word_1_285' title='bbox 1950 1452 2081 1517; x_wconf 85' lang='lat' dir='ltr'><strong>tari,</strong></span> <span class='ocrx_word' id='word_1_286' title='bbox 2126 1454 2389 1523; x_wconf 88' lang='lat' dir='ltr'><strong>quoniam</strong></span> <span class='ocrx_word' id='word_1_287' title='bbox 2424 1455 2480 1511; x_wconf 90' lang='lat' dir='ltr'><strong>in</strong></span> <span class='ocrx_word' id='word_1_288' title='bbox 2507 1455 2610 1513; x_wconf 86' lang='lat' dir='ltr'><strong>hac</strong></span> <span class='ocrx_word' id='word_1_289' title='bbox 2635 1473 2756 1514; x_wconf 91' lang='lat' dir='ltr'><strong>mea</strong></span> <span class='ocrx_word' id='word_1_290' title='bbox 2791 1475 2931 1515; x_wconf 82' lang='lat' dir='ltr'><strong>vana</strong></span> <span class='ocrx_word' id='word_1_291' title='bbox 2981 1470 3038 1516; x_wconf 86' lang='lat' dir='ltr'><strong>et</strong></span> <span class='ocrx_word' id='word_1_292' title='bbox 3098 1463 3246 1535; x_wconf 88' lang='lat' dir='ltr'><strong>turpi</strong></span> <span class='ocrx_word' id='word_1_293' title='bbox 3297 1466 3523 1532; x_wconf 80' lang='lat' dir='ltr'><strong>canitie,</strong></span> 
     </span>
    </p>
   </div>
   <div class='ocr_carea' id='block_1_43' title="bbox 1947 1550 3525 1624">
    <p class='ocr_par' dir='ltr' id='par_1_43' title="bbox 1947 1550 3525 1624">
     <span class='ocr_line' id='line_1_43' title="bbox 1947 1550 3525 1624; baseline 0.011 -25"><span class='ocrx_word' id='word_1_294' title='bbox 1947 1554 2208 1616; x_wconf 87' lang='lat' dir='ltr'><strong>tanquam</strong></span> <span class='ocrx_word' id='word_1_295' title='bbox 2260 1562 2423 1617; x_wconf 90' lang='lat' dir='ltr'><strong>puer,</strong></span> <span class='ocrx_word' id='word_1_296' title='bbox 2453 1563 2489 1603; x_wconf 88' lang='lat' dir='ltr'><strong>a</strong></span> <span class='ocrx_word' id='word_1_297' title='bbox 2523 1550 2745 1607; x_wconf 86' lang='lat' dir='ltr'><strong>diabolo</strong></span> <span class='ocrx_word' id='word_1_298' title='bbox 2800 1554 3208 1624; x_wconf 84' lang='lat' dir='ltr'><strong>supplautatus,</strong></span> <span class='ocrx_word' id='word_1_299' title='bbox 3240 1557 3298 1613; x_wconf 92' lang='lat' dir='ltr'><strong>in</strong></span> <span class='ocrx_word' id='word_1_300' title='bbox 3325 1557 3525 1616; x_wconf 78' lang='lat' dir='ltr'><strong>interi-</strong></span> 
     </span>
    </p>
   </div>
   <div class='ocr_carea' id='block_1_44' title="bbox 1955 1640 3527 1725">
    <p class='ocr_par' dir='ltr' id='par_1_44' title="bbox 1955 1640 3527 1725">
     <span class='ocr_line' id='line_1_44' title="bbox 1955 1640 3527 1725; baseline 0.011 -32"><span class='ocrx_word' id='word_1_301' title='bbox 1955 1648 2071 1693; x_wconf 86' lang='lat' dir='ltr'><strong>tum</strong></span> <span class='ocrx_word' id='word_1_302' title='bbox 2098 1640 2328 1697; x_wconf 87' lang='lat' dir='ltr'><strong>omnino</strong></span> <span class='ocrx_word' id='word_1_303' title='bbox 2351 1643 2647 1700; x_wconf 87' lang='lat' dir='ltr'><strong>immersus</strong></span> <span class='ocrx_word' id='word_1_304' title='bbox 2664 1661 2810 1700; x_wconf 86' lang='lat' dir='ltr'><strong>sum.</strong></span> <span class='ocrx_word' id='word_1_305' title='bbox 2857 1646 3013 1703; x_wconf 78' lang='lat' dir='ltr'><strong>Malis</strong></span> <span class='ocrx_word' id='word_1_306' title='bbox 3032 1649 3199 1715; x_wconf 62' lang='lat' dir='ltr'><strong>enim,</strong></span> <span class='ocrx_word' id='word_1_307' title='bbox 3224 1666 3346 1723; x_wconf 66' lang='lat' dir='ltr'><strong>qua</strong></span> <span class='ocrx_word' id='word_1_308' title='bbox 3363 1652 3527 1725; x_wconf 75' lang='lat' dir='ltr'><strong>juve-</strong></span> 
     </span>
    </p>
   </div>
   <div class='ocr_carea' id='block_1_45' title="bbox 1944 1732 3525 1802">
    <p class='ocr_par' dir='ltr' id='par_1_45' title="bbox 1944 1732 3525 1802">
     <span class='ocr_line' id='line_1_45' title="bbox 1944 1732 3525 1802; baseline 0.009 -16"><span class='ocrx_word' id='word_1_309' title='bbox 1944 1732 2034 1789; x_wconf 88' lang='lat' dir='ltr'><strong>nis</strong></span> <span class='ocrx_word' id='word_1_310' title='bbox 2059 1733 2354 1790; x_wconf 78' lang='lat' dir='ltr'><strong>toleranter</strong></span> <span class='ocrx_word' id='word_1_311' title='bbox 2380 1736 2511 1802; x_wconf 88' lang='lat' dir='ltr'><strong>vici,</strong></span> <span class='ocrx_word' id='word_1_312' title='bbox 2563 1752 2714 1794; x_wconf 82' lang='lat' dir='ltr'><strong>nunc</strong></span> <span class='ocrx_word' id='word_1_313' title='bbox 2769 1739 2823 1793; x_wconf 91' lang='lat' dir='ltr'><strong>in</strong></span> <span class='ocrx_word' id='word_1_314' title='bbox 2880 1749 3173 1797; x_wconf 86' lang='lat' dir='ltr'><strong>senectute</strong></span> <span class='ocrx_word' id='word_1_315' title='bbox 3233 1742 3525 1801; x_wconf 86' lang='lat' dir='ltr'><strong>inhoneste</strong></span> 
     </span>
    </p>
   </div>
   <div class='ocr_carea' id='block_1_46' title="bbox 1952 1829 3526 1909">
    <p class='ocr_par' dir='ltr' id='par_1_46' title="bbox 1952 1829 3526 1909">
     <span class='ocr_line' id='line_1_46' title="bbox 1952 1829 3526 1909; baseline 0.01 -31"><span class='ocrx_word' id='word_1_316' title='bbox 1952 1841 2037 1880; x_wconf 89' lang='lat' dir='ltr'><strong>me</strong></span> <span class='ocrx_word' id='word_1_317' title='bbox 2068 1841 2266 1897; x_wconf 85' lang='lat' dir='ltr'><strong>gerens</strong></span> <span class='ocrx_word' id='word_1_318' title='bbox 2298 1829 2591 1896; x_wconf 88' lang='lat' dir='ltr'><strong>succubui,</strong></span> <span class='ocrx_word' id='word_1_319' title='bbox 2634 1845 2760 1886; x_wconf 87' lang='lat' dir='ltr'><strong>cum</strong></span> <span class='ocrx_word' id='word_1_320' title='bbox 2815 1833 2872 1887; x_wconf 92' lang='lat' dir='ltr'><strong>in</strong></span> <span class='ocrx_word' id='word_1_321' title='bbox 2903 1836 3293 1907; x_wconf 36' lang='lat' dir='ltr'><strong>.graveolentis</strong></span> <span class='ocrx_word' id='word_1_322' title='bbox 3342 1840 3526 1909; x_wconf 80' lang='lat' dir='ltr'><strong>stupri</strong></span> 
     </span>
    </p>
   </div>
   <div class='ocr_carea' id='block_1_47' title="bbox 1877 1897 3528 2003">
    <p class='ocr_par' dir='ltr' id='par_1_47' title="bbox 1877 1897 3528 2003">
     <span class='ocr_line' id='line_1_47' title="bbox 1877 1897 3528 2003; baseline 0.01 -30"><span class='ocrx_word' id='word_1_323' title='bbox 1877 1897 1921 1952; x_wconf 71' lang='grc' dir='ltr'><strong><em>Β</em></strong></span> <span class='ocrx_word' id='word_1_324' title='bbox 1951 1934 2171 1975; x_wconf 72' lang='lat' dir='ltr'><strong>omnum</strong></span> <span class='ocrx_word' id='word_1_325' title='bbox 2199 1921 2467 1992; x_wconf 86' lang='lat' dir='ltr'><strong>meipsum</strong></span> <span class='ocrx_word' id='word_1_326' title='bbox 2495 1924 2851 1995; x_wconf 70' lang='lat' dir='ltr'><strong>coniecerim,</strong></span> <span class='ocrx_word' id='word_1_327' title='bbox 2882 1936 2939 1981; x_wconf 91' lang='lat' dir='ltr'><strong>et</strong></span> <span class='ocrx_word' id='word_1_328' title='bbox 2981 1922 3107 1983; x_wconf 30' lang='lat' dir='ltr'><strong>alia.</strong></span> <span class='ocrx_word' id='word_1_329' title='bbox 3141 1930 3228 1985; x_wconf 86' lang='lat' dir='ltr'><strong>his</strong></span> <span class='ocrx_word' id='word_1_330' title='bbox 3276 1934 3528 2003; x_wconf 74' lang='lat' dir='ltr'><strong>graviora</strong></span> 
     </span>
    </p>
   </div>
   <div class='ocr_carea' id='block_1_48' title="bbox 1954 2015 3525 2091">
    <p class='ocr_par' dir='ltr' id='par_1_48' title="bbox 1954 2015 3525 2091">
     <span class='ocr_line' id='line_1_48' title="bbox 1954 2015 3525 2091; baseline 0.011 -25"><span class='ocrx_word' id='word_1_331' title='bbox 1954 2020 2178 2082; x_wconf 85' lang='lat' dir='ltr'><strong>peccata</strong></span> <span class='ocrx_word' id='word_1_332' title='bbox 2226 2015 2623 2071; x_wconf 84' lang='lat' dir='ltr'><strong>commiserim.</strong></span> <span class='ocrx_word' id='word_1_333' title='bbox 2681 2017 2806 2074; x_wconf 79' lang='lat' dir='ltr'><strong>Haec</strong></span> <span class='ocrx_word' id='word_1_334' title='bbox 2869 2035 2993 2074; x_wconf 90' lang='lat' dir='ltr'><strong>cum</strong></span> <span class='ocrx_word' id='word_1_335' title='bbox 3056 2022 3149 2078; x_wconf 86' lang='lat' dir='ltr'><strong>ille</strong></span> <span class='ocrx_word' id='word_1_336' title='bbox 3200 2024 3525 2091; x_wconf 82' lang='lat' dir='ltr'><strong>audivisset,</strong></span> 
     </span>
    </p>
   </div>
   <div class='ocr_carea' id='block_1_49' title="bbox 1948 2107 3528 2186">
    <p class='ocr_par' dir='ltr' id='par_1_49' title="bbox 1948 2107 3528 2186">
     <span class='ocr_line' id='line_1_49' title="bbox 1948 2107 3528 2186; baseline 0.007 -26"><span class='ocrx_word' id='word_1_337' title='bbox 1948 2119 2194 2162; x_wconf 62' lang='lat' dir='ltr'><strong>merere</strong></span> <span class='ocrx_word' id='word_1_338' title='bbox 2237 2107 2413 2162; x_wconf 86' lang='lat' dir='ltr'><strong>multo</strong></span> <span class='ocrx_word' id='word_1_339' title='bbox 2450 2107 2688 2165; x_wconf 82' lang='lat' dir='ltr'><strong>ati‘ectus</strong></span> <span class='ocrx_word' id='word_1_340' title='bbox 2718 2120 2825 2172; x_wconf 87' lang='lat' dir='ltr'><strong>est,</strong></span> <span class='ocrx_word' id='word_1_341' title='bbox 2882 2128 3125 2183; x_wconf 79' lang='lat' dir='ltr'><strong>eumque</strong></span> <span class='ocrx_word' id='word_1_342' title='bbox 3178 2115 3410 2186; x_wconf 85' lang='lat' dir='ltr'><strong>rogavit,</strong></span> <span class='ocrx_word' id='word_1_343' title='bbox 3466 2127 3528 2171; x_wconf 84' lang='lat' dir='ltr'><strong>ut</strong></span> 
     </span>
    </p>
   </div>
   <div class='ocr_carea' id='block_1_50' title="bbox 1958 2197 3527 2272">
    <p class='ocr_par' dir='ltr' id='par_1_50' title="bbox 1958 2197 3527 2272">
     <span class='ocr_line' id='line_1_50' title="bbox 1958 2197 3527 2272; baseline 0.008 -20"><span class='ocrx_word' id='word_1_344' title='bbox 1958 2197 2275 2268; x_wconf 80' lang='lat' dir='ltr'><strong>singulatim</strong></span> <span class='ocrx_word' id='word_1_345' title='bbox 2307 2199 2557 2255; x_wconf 82' lang='lat' dir='ltr'><strong>fraudem</strong></span> <span class='ocrx_word' id='word_1_346' title='bbox 2595 2201 2799 2257; x_wconf 87' lang='lat' dir='ltr'><strong>diaboli</strong></span> <span class='ocrx_word' id='word_1_347' title='bbox 2840 2215 3127 2272; x_wconf 76' lang='lat' dir='ltr'><strong>narraret;</strong></span> <span class='ocrx_word' id='word_1_348' title='bbox 3169 2206 3285 2263; x_wconf 73' lang='lat' dir='ltr'><strong>haec</strong></span> <span class='ocrx_word' id='word_1_349' title='bbox 3330 2211 3439 2263; x_wconf 87' lang='lat' dir='ltr'><strong>duo</strong></span> <span class='ocrx_word' id='word_1_350' title='bbox 3457 2224 3527 2265; x_wconf 73' lang='lat' dir='ltr'><strong>ex</strong></span> 
     </span>
    </p>
   </div>
   <div class='ocr_carea' id='block_1_51' title="bbox 1950 2294 3526 2372">
    <p class='ocr_par' dir='ltr' id='par_1_51' title="bbox 1950 2294 3526 2372">
     <span class='ocr_line' id='line_1_51' title="bbox 1950 2294 3526 2372; baseline 0.006 -27"><span class='ocrx_word' id='word_1_351' title='bbox 1950 2304 2016 2345; x_wconf 88' lang='lat' dir='ltr'><strong>ea</strong></span> <span class='ocrx_word' id='word_1_352' title='bbox 2039 2306 2098 2345; x_wconf 89' lang='lat' dir='ltr'><strong>re</strong></span> <span class='ocrx_word' id='word_1_353' title='bbox 2155 2306 2481 2361; x_wconf 86' lang='lat' dir='ltr'><strong>procurans,</strong></span> <span class='ocrx_word' id='word_1_354' title='bbox 2518 2294 2781 2362; x_wconf 84' lang='lat' dir='ltr'><strong>primum,</strong></span> <span class='ocrx_word' id='word_1_355' title='bbox 2823 2300 2977 2367; x_wconf 86' lang='lat' dir='ltr'><strong>quod</strong></span> <span class='ocrx_word' id='word_1_356' title='bbox 3016 2302 3274 2369; x_wconf 79' lang='lat' dir='ltr'><strong>sperabat</strong></span> <span class='ocrx_word' id='word_1_357' title='bbox 3315 2302 3526 2372; x_wconf 86' lang='lat' dir='ltr'><strong>peccati</strong></span> 
     </span>
    </p>
   </div>
   <div class='ocr_carea' id='block_1_52' title="bbox 1950 2384 3528 2465">
    <p class='ocr_par' dir='ltr' id='par_1_52' title="bbox 1950 2384 3528 2465">
     <span class='ocr_line' id='line_1_52' title="bbox 1950 2384 3528 2465; baseline 0.008 -27"><span class='ocrx_word' id='word_1_358' title='bbox 1950 2384 2298 2440; x_wconf 86' lang='lat' dir='ltr'><strong>confessione</strong></span> <span class='ocrx_word' id='word_1_359' title='bbox 2362 2390 2431 2441; x_wconf 87' lang='lat' dir='ltr'><strong>ad</strong></span> <span class='ocrx_word' id='word_1_360' title='bbox 2484 2389 2866 2457; x_wconf 63' lang='lat' dir='ltr'><strong>paenitentiam</strong></span> <span class='ocrx_word' id='word_1_361' title='bbox 2917 2391 3070 2446; x_wconf 85' lang='lat' dir='ltr'><strong>illum</strong></span> <span class='ocrx_word' id='word_1_362' title='bbox 3105 2393 3284 2448; x_wconf 86' lang='lat' dir='ltr'><strong>virum</strong></span> <span class='ocrx_word' id='word_1_363' title='bbox 3329 2409 3528 2465; x_wconf 87' lang='lat' dir='ltr'><strong>provo-</strong></span> 
     </span>
    </p>
   </div>
   <div class='ocr_carea' id='block_1_53' title="bbox 1949 2477 3522 2555">
    <p class='ocr_par' dir='ltr' id='par_1_53' title="bbox 1949 2477 3522 2555">
     <span class='ocr_line' id='line_1_53' title="bbox 1949 2477 3522 2555; baseline 0.008 -24"><span class='ocrx_word' id='word_1_364' title='bbox 1949 2477 2229 2543; x_wconf 79' lang='lat' dir='ltr'><strong>candam;</strong></span> <span class='ocrx_word' id='word_1_365' title='bbox 2266 2478 2486 2546; x_wconf 81' lang='lat' dir='ltr'><strong>deinde,</strong></span> <span class='ocrx_word' id='word_1_366' title='bbox 2510 2480 2659 2551; x_wconf 89' lang='lat' dir='ltr'><strong>quod</strong></span> <span class='ocrx_word' id='word_1_367' title='bbox 2688 2497 2756 2535; x_wconf 81' lang='lat' dir='ltr'><strong>ex</strong></span> <span class='ocrx_word' id='word_1_368' title='bbox 2783 2481 2974 2538; x_wconf 81' lang='lat' dir='ltr'><strong>fratris</strong></span> <span class='ocrx_word' id='word_1_369' title='bbox 3004 2485 3163 2555; x_wconf 85' lang='lat' dir='ltr'><strong>lapsu</strong></span> <span class='ocrx_word' id='word_1_370' title='bbox 3200 2490 3522 2543; x_wconf 84' lang='lat' dir='ltr'><strong>cautionem</strong></span> 
     </span>
    </p>
   </div>
   <div class='ocr_carea' id='block_1_54' title="bbox 1951 2569 3529 2652">
    <p class='ocr_par' dir='ltr' id='par_1_54' title="bbox 1951 2569 3529 2652">
     <span class='ocr_line' id='line_1_54' title="bbox 1951 2569 3529 2652; baseline 0.008 -27"><span class='ocrx_word' id='word_1_371' title='bbox 1951 2570 2059 2625; x_wconf 83' lang='lat' dir='ltr'><strong>sibi</strong></span> <span class='ocrx_word' id='word_1_372' title='bbox 2091 2569 2145 2625; x_wconf 94' lang='lat' dir='ltr'><strong>in</strong></span> <span class='ocrx_word' id='word_1_373' title='bbox 2192 2581 2474 2642; x_wconf 89' lang='lat' dir='ltr'><strong>posterum</strong></span> <span class='ocrx_word' id='word_1_374' title='bbox 2537 2588 2734 2645; x_wconf 85' lang='lat' dir='ltr'><strong>parare</strong></span> <span class='ocrx_word' id='word_1_375' title='bbox 2791 2577 3189 2646; x_wconf 78' lang='lat' dir='ltr'><strong>cupiebat.llle</strong></span> <span class='ocrx_word' id='word_1_376' title='bbox 3226 2580 3395 2652; x_wconf 85' lang='lat' dir='ltr'><strong>igitur</strong></span> <span class='ocrx_word' id='word_1_377' title='bbox 3446 2584 3529 2638; x_wconf 84' lang='lat' dir='ltr'><strong>sic</strong></span> 
     </span>
    </p>
   </div>
   <div class='ocr_carea' id='block_1_55' title="bbox 1954 2663 2416 2735">
    <p class='ocr_par' dir='ltr' id='par_1_55' title="bbox 1954 2663 2416 2735">
     <span class='ocr_line' id='line_1_55' title="bbox 1954 2663 2416 2735; baseline 0.004 -18"><span class='ocrx_word' id='word_1_378' title='bbox 1954 2678 2179 2718; x_wconf 70' lang='lat' dir='ltr'><strong>narrare</strong></span> <span class='ocrx_word' id='word_1_379' title='bbox 2206 2663 2377 2735; x_wconf 57' lang='lat' dir='ltr'><strong>capit</strong></span> <span class='ocrx_word' id='word_1_380' title='bbox 2401 2682 2416 2719; x_wconf 91' lang='lat'><strong>:</strong></span> 
     </span>
    </p>
   </div>
   <div class='ocr_carea' id='block_1_56' title="bbox 2023 2754 3529 2822">
    <p class='ocr_par' dir='ltr' id='par_1_56' title="bbox 2023 2754 3529 2822">
     <span class='ocr_line' id='line_1_56' title="bbox 2023 2754 3529 2822; baseline 0.008 -12"><span class='ocrx_word' id='word_1_381' title='bbox 2023 2754 2188 2811; x_wconf 81' lang='lat' dir='ltr'><strong>XXII.</strong></span> <span class='ocrx_word' id='word_1_382' title='bbox 2215 2757 2352 2812; x_wconf 88' lang='lat' dir='ltr'><strong>Cum</strong></span> <span class='ocrx_word' id='word_1_383' title='bbox 2390 2758 2783 2815; x_wconf 75' lang='lat' dir='ltr'><strong>exercitatione</strong></span> <span class='ocrx_word' id='word_1_384' title='bbox 2821 2772 3076 2817; x_wconf 66' lang='lat' dir='ltr'><strong>accurata</strong></span> <span class='ocrx_word' id='word_1_385' title='bbox 3133 2766 3190 2819; x_wconf 87' lang='lat' dir='ltr'><strong>et</strong></span> <span class='ocrx_word' id='word_1_386' title='bbox 3240 2765 3397 2822; x_wconf 84' lang='lat' dir='ltr'><strong>valde</strong></span> <span class='ocrx_word' id='word_1_387' title='bbox 3450 2768 3529 2821; x_wconf 88' lang='lat' dir='ltr'><strong>la-</strong></span> 
     </span>
    </p>
   </div>
   <div class='ocr_carea' id='block_1_57' title="bbox 1952 2847 3521 2928">
    <p class='ocr_par' dir='ltr' id='par_1_57' title="bbox 1952 2847 3521 2928">
     <span class='ocr_line' id='line_1_57' title="bbox 1952 2847 3521 2928; baseline 0.008 -26"><span class='ocrx_word' id='word_1_388' title='bbox 1952 2847 2170 2903; x_wconf 86' lang='lat' dir='ltr'><strong>boriosa</strong></span> <span class='ocrx_word' id='word_1_389' title='bbox 2207 2866 2338 2905; x_wconf 75' lang='lat' dir='ltr'><strong>usus</strong></span> <span class='ocrx_word' id='word_1_390' title='bbox 2378 2850 2628 2921; x_wconf 80' lang='lat' dir='ltr'><strong>fuissem,</strong></span> <span class='ocrx_word' id='word_1_391' title='bbox 2678 2861 2736 2907; x_wconf 85' lang='lat' dir='ltr'><strong>et</strong></span> <span class='ocrx_word' id='word_1_392' title='bbox 2802 2853 2915 2908; x_wconf 89' lang='lat' dir='ltr'><strong>Deo</strong></span> <span class='ocrx_word' id='word_1_393' title='bbox 2966 2854 3066 2924; x_wconf 87' lang='lat' dir='ltr'><strong>ipsi</strong></span> <span class='ocrx_word' id='word_1_394' title='bbox 3120 2852 3521 2928; x_wconf 72' lang='lat' dir='ltr'><strong>quinquaginta</strong></span> 
     </span>
    </p>
   </div>
   <div class='ocr_carea' id='block_1_58' title="bbox 1949 2942 3525 3030">
    <p class='ocr_par' dir='ltr' id='par_1_58' title="bbox 1949 2942 3525 3030">
     <span class='ocr_line' id='line_1_58' title="bbox 1949 2942 3525 3030; baseline 0.008 -36"><span class='ocrx_word' id='word_1_395' title='bbox 1949 2954 2126 2996; x_wconf 85' lang='lat' dir='ltr'><strong>annos</strong></span> <span class='ocrx_word' id='word_1_396' title='bbox 2154 2942 2479 2998; x_wconf 74' lang='lat' dir='ltr'><strong>innocenter</strong></span> <span class='ocrx_word' id='word_1_397' title='bbox 2526 2944 2854 3013; x_wconf 86' lang='lat' dir='ltr'><strong>servissem;</strong></span> <span class='ocrx_word' id='word_1_398' title='bbox 2895 2957 3186 3016; x_wconf 81' lang='lat' dir='ltr'><strong>postquam</strong></span> <span class='ocrx_word' id='word_1_399' title='bbox 3238 2949 3525 3030; x_wconf 81' lang='lat' dir='ltr'><strong>multama</strong></span> 
     </span>
    </p>
   </div>
   <div class='ocr_carea' id='block_1_59' title="bbox 1949 3034 3525 3113">
    <p class='ocr_par' dir='ltr' id='par_1_59' title="bbox 1949 3034 3525 3113">
     <span class='ocr_line' id='line_1_59' title="bbox 1949 3034 3525 3113; baseline 0.006 -25"><span class='ocrx_word' id='word_1_400' title='bbox 1949 3034 2190 3104; x_wconf 80' lang='lat' dir='ltr'><strong>benigno</strong></span> <span class='ocrx_word' id='word_1_401' title='bbox 2208 3035 2321 3089; x_wconf 79' lang='lat' dir='ltr'><strong>Deo</strong></span> <span class='ocrx_word' id='word_1_402' title='bbox 2341 3035 2573 3106; x_wconf 79' lang='lat' dir='ltr'><strong>gratiam</strong></span> <span class='ocrx_word' id='word_1_403' title='bbox 2602 3037 2808 3106; x_wconf 87' lang='lat' dir='ltr'><strong>accepi,</strong></span> <span class='ocrx_word' id='word_1_404' title='bbox 2838 3037 3117 3109; x_wconf 84' lang='lat' dir='ltr'><strong>multaque</strong></span> <span class='ocrx_word' id='word_1_405' title='bbox 3142 3040 3403 3097; x_wconf 89' lang='lat' dir='ltr'><strong>miracula</strong></span> <span class='ocrx_word' id='word_1_406' title='bbox 3426 3058 3525 3113; x_wconf 89' lang='lat' dir='ltr'><strong>per</strong></span> 
     </span>
    </p>
   </div>
   <div class='ocr_carea' id='block_1_60' title="bbox 1952 3129 3525 3199">
    <p class='ocr_par' dir='ltr' id='par_1_60' title="bbox 1952 3129 3525 3199">
     <span class='ocr_line' id='line_1_60' title="bbox 1952 3129 3525 3199; baseline 0.006 -18"><span class='ocrx_word' id='word_1_407' title='bbox 1952 3140 2040 3182; x_wconf 91' lang='lat' dir='ltr'><strong>me</strong></span> <span class='ocrx_word' id='word_1_408' title='bbox 2065 3129 2360 3183; x_wconf 82' lang='lat' dir='ltr'><strong>scelestum</strong></span> <span class='ocrx_word' id='word_1_409' title='bbox 2412 3129 2650 3199; x_wconf 81' lang='lat' dir='ltr'><strong>perfecta</strong></span> <span class='ocrx_word' id='word_1_410' title='bbox 2676 3140 2844 3194; x_wconf 86' lang='lat' dir='ltr'><strong>sunt;</strong></span> <span class='ocrx_word' id='word_1_411' title='bbox 2903 3140 3179 3198; x_wconf 77' lang='lat' dir='ltr'><strong>postremo</strong></span> <span class='ocrx_word' id='word_1_412' title='bbox 3215 3131 3446 3189; x_wconf 82' lang='lat' dir='ltr'><strong>Satanas</strong></span> <span class='ocrx_word' id='word_1_413' title='bbox 3468 3133 3525 3192; x_wconf 89' lang='lat' dir='ltr'><strong>in</strong></span> 
     </span>
    </p>
   </div>
   <div class='ocr_carea' id='block_1_61' title="bbox 254 3220 1842 3300">
    <p class='ocr_par' dir='ltr' id='par_1_61' title="bbox 254 3220 1842 3300">
     <span class='ocr_line' id='line_1_61' title="bbox 254 3220 1842 3300; baseline 0.011 -30"><span class='ocrx_word' id='word_1_414' title='bbox 254 3220 541 3286; x_wconf 83' lang='lat' dir='ltr'><strong>quomodo</strong></span> <span class='ocrx_word' id='word_1_415' title='bbox 558 3230 751 3290; x_wconf 86' lang='lat' dir='ltr'><strong>potero</strong></span> <span class='ocrx_word' id='word_1_416' title='bbox 771 3221 825 3277; x_wconf 92' lang='lat' dir='ltr'><strong>in</strong></span> <span class='ocrx_word' id='word_1_417' title='bbox 845 3225 1045 3280; x_wconf 69' lang='lat' dir='ltr'><strong>etelum</strong></span> <span class='ocrx_word' id='word_1_418' title='bbox 1069 3227 1260 3282; x_wconf 89' lang='lat' dir='ltr'><strong>oculos</strong></span> <span class='ocrx_word' id='word_1_419' title='bbox 1283 3230 1536 3300; x_wconf 82' lang='lat' dir='ltr'><strong>erigere?</strong></span> <span class='ocrx_word' id='word_1_420' title='bbox 1554 3230 1842 3297; x_wconf 81' lang='lat' dir='ltr'><strong>Quomodo</strong></span> 
     </span>
    </p>
   </div>
   <div class='ocr_carea' id='block_1_62' title="bbox 1953 3220 3527 3300">
    <p class='ocr_par' dir='ltr' id='par_1_62' title="bbox 1953 3220 3527 3297">
     <span class='ocr_line' id='line_1_62' title="bbox 1953 3220 3527 3297; baseline 0.005 -22"><span class='ocrx_word' id='word_1_421' title='bbox 1953 3220 2186 3290; x_wconf 82' lang='lat' dir='ltr'><strong>puellam</strong></span> <span class='ocrx_word' id='word_1_422' title='bbox 2225 3222 2517 3290; x_wconf 79' lang='lat' dir='ltr'><strong>quamdam</strong></span> <span class='ocrx_word' id='word_1_423' title='bbox 2575 3221 2853 3293; x_wconf 81' lang='lat' dir='ltr'><strong>ingressus</strong></span> <span class='ocrx_word' id='word_1_424' title='bbox 2896 3232 2983 3279; x_wconf 87' lang='lat' dir='ltr'><strong>est</strong></span> <span class='ocrx_word' id='word_1_425' title='bbox 3013 3240 3029 3280; x_wconf 87' lang='lat'><strong>:</strong></span> <span class='ocrx_word' id='word_1_426' title='bbox 3054 3226 3213 3297; x_wconf 78' lang='lat' dir='ltr'><strong>cujus</strong></span> <span class='ocrx_word' id='word_1_427' title='bbox 3268 3234 3527 3297; x_wconf 72' lang='lat' dir='ltr'><strong>parentes</strong></span> 
     </span>
    </p>
   </div>
   <div class='ocr_carea' id='block_1_63' title="bbox 257 3309 1840 3389">
    <p class='ocr_par' dir='ltr' id='par_1_63' title="bbox 257 3309 1840 3389">
     <span class='ocr_line' id='line_1_63' title="bbox 257 3309 1840 3389; baseline 0.012 -28"><span class='ocrx_word' id='word_1_428' title='bbox 257 3309 437 3378; x_wconf 77' lang='lat' dir='ltr'><strong>ipsius</strong></span> <span class='ocrx_word' id='word_1_429' title='bbox 491 3310 696 3368; x_wconf 78' lang='lat' dir='ltr'><strong>ClirISIi</strong></span> <span class='ocrx_word' id='word_1_430' title='bbox 748 3315 967 3371; x_wconf 82' lang='lat' dir='ltr'><strong>Demini</strong></span> <span class='ocrx_word' id='word_1_431' title='bbox 1022 3333 1224 3374; x_wconf 84' lang='lat' dir='ltr'><strong>nomen</strong></span> <span class='ocrx_word' id='word_1_432' title='bbox 1287 3323 1503 3376; x_wconf 88' lang='lat' dir='ltr'><strong>audebo</strong></span> <span class='ocrx_word' id='word_1_433' title='bbox 1563 3325 1840 3389; x_wconf 88' lang='lat' dir='ltr'><strong>invocare,</strong></span> 
     </span>
    </p>
   </div>
   <div class='ocr_carea' id='block_1_64' title="bbox 258 3404 1844 3479">
    <p class='ocr_par' dir='ltr' id='par_1_64' title="bbox 258 3404 1844 3479">
     <span class='ocr_line' id='line_1_64' title="bbox 258 3404 1844 3479; baseline 0.009 -24"><span class='ocrx_word' id='word_1_434' title='bbox 258 3410 430 3471; x_wconf 83' lang='lat' dir='ltr'><strong>quem</strong></span> <span class='ocrx_word' id='word_1_435' title='bbox 497 3404 788 3474; x_wconf 85' lang='lat' dir='ltr'><strong>reprobavi</strong></span> <span class='ocrx_word' id='word_1_436' title='bbox 823 3418 888 3461; x_wconf 88' lang='lat' dir='ltr'><strong>ac</strong></span> <span class='ocrx_word' id='word_1_437' title='bbox 936 3407 1569 3479; x_wconf 69' lang='lat' dir='ltr'><strong>dereliquiiQuomodo</strong></span> <span class='ocrx_word' id='word_1_438' title='bbox 1627 3415 1844 3470; x_wconf 87' lang='lat' dir='ltr'><strong>audebo</strong></span> 
     </span>
    </p>
   </div>
   <div class='ocr_carea' id='block_1_65' title="bbox 262 3488 1844 3572">
    <p class='ocr_par' dir='ltr' id='par_1_65' title="bbox 262 3488 1844 3572">
     <span class='ocr_line' id='line_1_65' title="bbox 262 3488 1844 3572; baseline 0.011 -29"><span class='ocrx_word' id='word_1_439' title='bbox 262 3488 474 3561; x_wconf 89' lang='lat' dir='ltr'><strong>aliquid</strong></span> <span class='ocrx_word' id='word_1_440' title='bbox 527 3507 596 3548; x_wconf 80' lang='lat' dir='ltr'><strong>ex</strong></span> <span class='ocrx_word' id='word_1_441' title='bbox 654 3493 828 3563; x_wconf 81' lang='lat' dir='ltr'><strong>ipsius</strong></span> <span class='ocrx_word' id='word_1_442' title='bbox 887 3495 1048 3552; x_wconf 89' lang='lat' dir='ltr'><strong>bonis</strong></span> <span class='ocrx_word' id='word_1_443' title='bbox 1111 3499 1406 3571; x_wconf 83' lang='lat' dir='ltr'><strong>attingere,</strong></span> <span class='ocrx_word' id='word_1_444' title='bbox 1443 3502 1535 3572; x_wconf 88' lang='lat' dir='ltr'><strong>qui</strong></span> <span class='ocrx_word' id='word_1_445' title='bbox 1582 3505 1764 3559; x_wconf 88' lang='lat' dir='ltr'><strong>anima</strong></span> <span class='ocrx_word' id='word_1_446' title='bbox 1788 3513 1844 3560; x_wconf 90' lang='lat' dir='ltr'><strong>et</strong></span> 
     </span>
    </p>
   </div>
   <div class='ocr_carea' id='block_1_66' title="bbox 258 3572 1843 3666">
    <p class='ocr_par' dir='ltr' id='par_1_66' title="bbox 258 3572 1843 3666">
     <span class='ocr_line' id='line_1_66' title="bbox 258 3572 1843 3666; baseline 0.01 -28"><span class='ocrx_word' id='word_1_447' title='bbox 258 3595 505 3655; x_wconf 87' lang='lat' dir='ltr'><strong>corpore</strong></span> <span class='ocrx_word' id='word_1_448' title='bbox 539 3572 976 3645; x_wconf 35' lang='lat' dir='ltr'><strong>adulter&#39;contra</strong></span> <span class='ocrx_word' id='word_1_449' title='bbox 1012 3591 1194 3662; x_wconf 89' lang='lat' dir='ltr'><strong>ipsum</strong></span> <span class='ocrx_word' id='word_1_450' title='bbox 1244 3594 1343 3656; x_wconf 87' lang='lat' dir='ltr'><strong>fui,</strong></span> <span class='ocrx_word' id='word_1_451' title='bbox 1379 3604 1435 3650; x_wconf 89' lang='lat' dir='ltr'><strong>et</strong></span> <span class='ocrx_word' id='word_1_452' title='bbox 1468 3595 1843 3666; x_wconf 86' lang='lat' dir='ltr'><strong>intemperan-</strong></span> 
     </span>
    </p>
   </div>
   <div class='ocr_carea' id='block_1_67' title="bbox 260 3676 1845 3759">
    <p class='ocr_par' dir='ltr' id='par_1_67' title="bbox 260 3676 1845 3759">
     <span class='ocr_line' id='line_1_67' title="bbox 260 3676 1845 3759; baseline 0.01 -28"><span class='ocrx_word' id='word_1_453' title='bbox 260 3677 355 3732; x_wconf 72' lang='lat' dir='ltr'><strong>tize</strong></span> <span class='ocrx_word' id='word_1_454' title='bbox 383 3676 709 3737; x_wconf 87' lang='lat' dir='ltr'><strong>libidinibus</strong></span> <span class='ocrx_word' id='word_1_455' title='bbox 750 3682 1019 3752; x_wconf 89' lang='lat' dir='ltr'><strong>meipsum</strong></span> <span class='ocrx_word' id='word_1_456' title='bbox 1068 3686 1390 3742; x_wconf 83' lang='lat' dir='ltr'><strong>commiscui</strong></span> <span class='ocrx_word' id='word_1_457' title='bbox 1413 3687 1436 3739; x_wconf 88' lang='lat'><strong>?</strong></span> <span class='ocrx_word' id='word_1_458' title='bbox 1457 3687 1706 3759; x_wconf 88' lang='lat' dir='ltr'><strong>Cumque</strong></span> <span class='ocrx_word' id='word_1_459' title='bbox 1730 3706 1845 3746; x_wconf 70' lang='lat' dir='ltr'><strong>cm-</strong></span> 
     </span>
    </p>
   </div>
   <div class='ocr_carea' id='block_1_68' title="bbox 260 3766 1847 3846">
    <p class='ocr_par' dir='ltr' id='par_1_68' title="bbox 260 3766 1847 3846">
     <span class='ocr_line' id='line_1_68' title="bbox 260 3766 1847 3846; baseline 0.011 -27"><span class='ocrx_word' id='word_1_460' title='bbox 260 3766 434 3836; x_wconf 81' lang='lat' dir='ltr'><strong>pisset</strong></span> <span class='ocrx_word' id='word_1_461' title='bbox 474 3786 725 3836; x_wconf 89' lang='lat' dir='ltr'><strong>narrare,</strong></span> <span class='ocrx_word' id='word_1_462' title='bbox 785 3789 897 3844; x_wconf 88' lang='lat' dir='ltr'><strong>quo</strong></span> <span class='ocrx_word' id='word_1_463' title='bbox 957 3786 1117 3844; x_wconf 90' lang='lat' dir='ltr'><strong>pacto</strong></span> <span class='ocrx_word' id='word_1_464' title='bbox 1172 3792 1263 3831; x_wconf 89' lang='lat' dir='ltr'><strong>res</strong></span> <span class='ocrx_word' id='word_1_465' title='bbox 1306 3793 1365 3833; x_wconf 84' lang='lat' dir='ltr'><strong>se</strong></span> <span class='ocrx_word' id='word_1_466' title='bbox 1415 3778 1706 3846; x_wconf 85' lang='lat' dir='ltr'><strong>habuerat,</strong></span> <span class='ocrx_word' id='word_1_467' title='bbox 1738 3782 1847 3838; x_wconf 87' lang='lat' dir='ltr'><strong>illis</strong></span> 
     </span>
    </p>
   </div>
   <div class='ocr_carea' id='block_1_69' title="bbox 256 3859 1845 3938">
    <p class='ocr_par' dir='ltr' id='par_1_69' title="bbox 256 3859 1845 3938">
     <span class='ocr_line' id='line_1_69' title="bbox 256 3859 1845 3938; baseline 0.01 -25"><span class='ocrx_word' id='word_1_468' title='bbox 256 3859 449 3916; x_wconf 82' lang='lat' dir='ltr'><strong>omnia</strong></span> <span class='ocrx_word' id='word_1_469' title='bbox 496 3862 786 3920; x_wconf 79' lang='lat' dir='ltr'><strong>cenfessus</strong></span> <span class='ocrx_word' id='word_1_470' title='bbox 836 3875 919 3920; x_wconf 86' lang='lat' dir='ltr'><strong>est</strong></span> <span class='ocrx_word' id='word_1_471' title='bbox 965 3868 1106 3938; x_wconf 89' lang='lat' dir='ltr'><strong>:qui</strong></span> <span class='ocrx_word' id='word_1_472' title='bbox 1143 3869 1312 3923; x_wconf 86' lang='lat' dir='ltr'><strong>multa</strong></span> <span class='ocrx_word' id='word_1_473' title='bbox 1364 3872 1588 3926; x_wconf 72' lang='lat' dir='ltr'><strong>tristitia</strong></span> <span class='ocrx_word' id='word_1_474' title='bbox 1621 3873 1692 3927; x_wconf 89' lang='lat' dir='ltr'><strong>ob</strong></span> <span class='ocrx_word' id='word_1_475' title='bbox 1717 3872 1845 3928; x_wconf 84' lang='lat' dir='ltr'><strong>eam</strong></span> 
     </span>
    </p>
   </div>
   <div class='ocr_carea' id='block_1_70' title="bbox 263 3951 1847 4035">
    <p class='ocr_par' dir='ltr' id='par_1_70' title="bbox 263 3951 1847 4035">
     <span class='ocr_line' id='line_1_70' title="bbox 263 3951 1847 4035; baseline 0.011 -31"><span class='ocrx_word' id='word_1_476' title='bbox 263 3964 381 4006; x_wconf 87' lang='lat' dir='ltr'><strong>rem</strong></span> <span class='ocrx_word' id='word_1_477' title='bbox 435 3951 642 4019; x_wconf 78' lang='lat' dir='ltr'><strong>aﬂ&#39;ecti,</strong></span> <span class='ocrx_word' id='word_1_478' title='bbox 695 3964 751 4011; x_wconf 91' lang='lat' dir='ltr'><strong>et</strong></span> <span class='ocrx_word' id='word_1_479' title='bbox 802 3956 912 4022; x_wconf 88' lang='lat' dir='ltr'><strong>bis,</strong></span> <span class='ocrx_word' id='word_1_480' title='bbox 960 3970 1085 4029; x_wconf 73' lang='lat' dir='ltr'><strong>quae</strong></span> <span class='ocrx_word' id='word_1_481' title='bbox 1127 3959 1363 4017; x_wconf 79' lang='lat' dir='ltr'><strong>diversis</strong></span> <span class='ocrx_word' id='word_1_482' title='bbox 1416 3963 1595 4017; x_wconf 89' lang='lat' dir='ltr'><strong>modis</strong></span> <span class='ocrx_word' id='word_1_483' title='bbox 1655 3972 1847 4035; x_wconf 84' lang='lat' dir='ltr'><strong>passus</strong></span> 
     </span>
    </p>
   </div>
   <div class='ocr_carea' id='block_1_71' title="bbox 264 4044 1843 4121">
    <p class='ocr_par' dir='ltr' id='par_1_71' title="bbox 264 4044 1843 4121">
     <span class='ocr_line' id='line_1_71' title="bbox 264 4044 1843 4121; baseline 0.012 -26"><span class='ocrx_word' id='word_1_484' title='bbox 264 4044 471 4110; x_wconf 87' lang='lat' dir='ltr'><strong>fuerat,</strong></span> <span class='ocrx_word' id='word_1_485' title='bbox 513 4049 797 4115; x_wconf 74' lang='lat' dir='ltr'><strong>commoti,</strong></span> <span class='ocrx_word' id='word_1_486' title='bbox 823 4065 924 4121; x_wconf 80' lang='lat' dir='ltr'><strong>pro</strong></span> <span class='ocrx_word' id='word_1_487' title='bbox 956 4051 1171 4107; x_wconf 79' lang='lat' dir='ltr'><strong>viribus</strong></span> <span class='ocrx_word' id='word_1_488' title='bbox 1220 4066 1350 4109; x_wconf 90' lang='lat' dir='ltr'><strong>eum</strong></span> <span class='ocrx_word' id='word_1_489' title='bbox 1377 4058 1647 4112; x_wconf 83' lang='lat' dir='ltr'><strong>consolati</strong></span> <span class='ocrx_word' id='word_1_490' title='bbox 1695 4062 1843 4115; x_wconf 85' lang='lat' dir='ltr'><strong>sunt.</strong></span> 
     </span>
    </p>
   </div>
   <div class='ocr_carea' id='block_1_72' title="bbox 260 4136 1848 4225">
    <p class='ocr_par' dir='ltr' id='par_1_72' title="bbox 260 4136 1848 4225">
     <span class='ocr_line' id='line_1_72' title="bbox 260 4136 1848 4225; baseline 0.011 -35"><span class='ocrx_word' id='word_1_491' title='bbox 260 4136 515 4209; x_wconf 84' lang='lat' dir='ltr'><strong>Cumque</strong></span> <span class='ocrx_word' id='word_1_492' title='bbox 538 4140 951 4200; x_wconf 84' lang='lat' dir='ltr'><strong>benedictiones</strong></span> <span class='ocrx_word' id='word_1_493' title='bbox 980 4145 1030 4200; x_wconf 92' lang='lat' dir='ltr'><strong>ei</strong></span> <span class='ocrx_word' id='word_1_494' title='bbox 1053 4145 1354 4225; x_wconf 75' lang='lat' dir='ltr'><strong>dediSSeiit,</strong></span> <span class='ocrx_word' id='word_1_495' title='bbox 1385 4149 1440 4205; x_wconf 80' lang='lat' dir='ltr'><strong>et</strong></span> <span class='ocrx_word' id='word_1_496' title='bbox 1463 4149 1668 4205; x_wconf 82' lang='lat' dir='ltr'><strong>inultas</strong></span> <span class='ocrx_word' id='word_1_497' title='bbox 1683 4160 1848 4221; x_wconf 85' lang='lat' dir='ltr'><strong>atque</strong></span> 
     </span>
    </p>
   </div>
   <div class='ocr_carea' id='block_1_73' title="bbox 257 4234 1847 4304">
    <p class='ocr_par' dir='ltr' id='par_1_73' title="bbox 257 4234 1847 4304">
     <span class='ocr_line' id='line_1_73' title="bbox 257 4234 1847 4304; baseline 0.011 -24"><span class='ocrx_word' id='word_1_498' title='bbox 257 4236 509 4284; x_wconf 82' lang='lat' dir='ltr'><strong>attentas</strong></span> <span class='ocrx_word' id='word_1_499' title='bbox 534 4245 731 4298; x_wconf 83' lang='lat' dir='ltr'><strong>preces</strong></span> <span class='ocrx_word' id='word_1_500' title='bbox 760 4247 862 4302; x_wconf 91' lang='lat' dir='ltr'><strong>pro</strong></span> <span class='ocrx_word' id='word_1_501' title='bbox 884 4248 959 4289; x_wconf 85' lang='lat' dir='ltr'><strong>eo</strong></span> <span class='ocrx_word' id='word_1_502' title='bbox 982 4234 1048 4290; x_wconf 79' lang='lat' dir='ltr'><strong>ad</strong></span> <span class='ocrx_word' id='word_1_503' title='bbox 1081 4237 1253 4291; x_wconf 84' lang='lat' dir='ltr'><strong>Deum</strong></span> <span class='ocrx_word' id='word_1_504' title='bbox 1295 4236 1594 4304; x_wconf 80' lang='lat' dir='ltr'><strong>misissent,</strong></span> <span class='ocrx_word' id='word_1_505' title='bbox 1621 4252 1651 4295; x_wconf 84' lang='lat' dir='ltr'><strong>a</strong></span> <span class='ocrx_word' id='word_1_506' title='bbox 1677 4255 1738 4296; x_wconf 88' lang='lat' dir='ltr'><strong>se</strong></span> <span class='ocrx_word' id='word_1_507' title='bbox 1758 4242 1847 4296; x_wconf 83' lang='lat' dir='ltr'><strong>di-</strong></span> 
     </span>
    </p>
   </div>
   <div class='ocr_carea' id='block_1_74' title="bbox 258 4318 561 4372">
    <p class='ocr_par' dir='ltr' id='par_1_74' title="bbox 258 4318 561 4372">
     <span class='ocr_line' id='line_1_74' title="bbox 258 4318 561 4372; baseline 0.01 -3"><span class='ocrx_word' id='word_1_508' title='bbox 258 4318 561 4372; x_wconf 79' lang='lat' dir='ltr'><strong>miserunt.</strong></span> 
     </span>
    </p>
   </div>
   <div class='ocr_carea' id='block_1_75' title="bbox 338 4414 1845 4512">
    <p class='ocr_par' dir='ltr' id='par_1_75' title="bbox 338 4414 1845 4512">
     <span class='ocr_line' id='line_1_75' title="bbox 338 4414 1845 4512; baseline 0.01 -28"><span class='ocrx_word' id='word_1_509' title='bbox 338 4414 457 4484; x_wconf 67' lang='lat' dir='ltr'><strong>XX.</strong></span> <span class='ocrx_word' id='word_1_510' title='bbox 492 4427 631 4487; x_wconf 90' lang='lat' dir='ltr'><strong>Cum</strong></span> <span class='ocrx_word' id='word_1_511' title='bbox 684 4441 871 4488; x_wconf 83' lang='lat' dir='ltr'><strong>autem</strong></span> <span class='ocrx_word' id='word_1_512' title='bbox 904 4433 1010 4489; x_wconf 83' lang='lat' dir='ltr'><strong>iter</strong></span> <span class='ocrx_word' id='word_1_513' title='bbox 1062 4432 1289 4502; x_wconf 73' lang='lat' dir='ltr'><strong>fac‘ei-et,</strong></span> <span class='ocrx_word' id='word_1_514' title='bbox 1326 4437 1487 4495; x_wconf 75' lang='lat' dir='ltr'><strong>frater</strong></span> <span class='ocrx_word' id='word_1_515' title='bbox 1542 4432 1766 4512; x_wconf 78' lang='lat' dir='ltr'><strong>quidam</strong></span> <span class='ocrx_word' id='word_1_516' title='bbox 1795 4442 1845 4499; x_wconf 83' lang='lat' dir='ltr'><strong>ei</strong></span> 
     </span>
    </p>
   </div>
   <div class='ocr_carea' id='block_1_76' title="bbox 261 4520 1842 4603">
    <p class='ocr_par' dir='ltr' id='par_1_76' title="bbox 261 4520 1842 4603">
     <span class='ocr_line' id='line_1_76' title="bbox 261 4520 1842 4603; baseline 0.01 -32"><span class='ocrx_word' id='word_1_517' title='bbox 261 4520 532 4585; x_wconf 65' lang='lat' dir='ltr'><strong>accurrit,</strong></span> <span class='ocrx_word' id='word_1_518' title='bbox 568 4536 699 4578; x_wconf 85' lang='lat' dir='ltr'><strong>vere</strong></span> <span class='ocrx_word' id='word_1_519' title='bbox 727 4521 1008 4580; x_wconf 85' lang='lat' dir='ltr'><strong>Christum</strong></span> <span class='ocrx_word' id='word_1_520' title='bbox 1038 4526 1093 4580; x_wconf 91' lang='lat' dir='ltr'><strong>in</strong></span> <span class='ocrx_word' id='word_1_521' title='bbox 1115 4527 1300 4597; x_wconf 80' lang='lat' dir='ltr'><strong>Seipso</strong></span> <span class='ocrx_word' id='word_1_522' title='bbox 1322 4526 1531 4586; x_wconf 80' lang='lat' dir='ltr'><strong>habens</strong></span> <span class='ocrx_word' id='word_1_523' title='bbox 1558 4550 1570 4585; x_wconf 89' lang='lat'><strong>:</strong></span> <span class='ocrx_word' id='word_1_524' title='bbox 1595 4534 1689 4603; x_wconf 84' lang='lat' dir='ltr'><strong>qui</strong></span> <span class='ocrx_word' id='word_1_525' title='bbox 1719 4542 1842 4588; x_wconf 87' lang='lat' dir='ltr'><strong>eum</strong></span> 
     </span>
    </p>
   </div>
   <div class='ocr_carea' id='block_1_77' title="bbox 259 4615 1840 4688">
    <p class='ocr_par' dir='ltr' id='par_1_77' title="bbox 259 4615 1840 4688">
     <span class='ocr_line' id='line_1_77' title="bbox 259 4615 1840 4688; baseline 0.009 -21"><span class='ocrx_word' id='word_1_526' title='bbox 259 4628 393 4668; x_wconf 83' lang='lat' dir='ltr'><strong>eum</strong></span> <span class='ocrx_word' id='word_1_527' title='bbox 429 4615 744 4681; x_wconf 74' lang='lat' dir='ltr'><strong>salutasset,</strong></span> <span class='ocrx_word' id='word_1_528' title='bbox 780 4618 960 4688; x_wconf 81' lang='lat' dir='ltr'><strong>eoegit</strong></span> <span class='ocrx_word' id='word_1_529' title='bbox 997 4621 1050 4674; x_wconf 89' lang='lat' dir='ltr'><strong>in</strong></span> <span class='ocrx_word' id='word_1_530' title='bbox 1083 4636 1238 4675; x_wconf 86' lang='lat' dir='ltr'><strong>suam</strong></span> <span class='ocrx_word' id='word_1_531' title='bbox 1266 4622 1463 4678; x_wconf 89' lang='lat' dir='ltr'><strong>cellam</strong></span> <span class='ocrx_word' id='word_1_532' title='bbox 1517 4623 1796 4681; x_wconf 81' lang='lat' dir='ltr'><strong>divertere</strong></span> <span class='ocrx_word' id='word_1_533' title='bbox 1827 4647 1840 4682; x_wconf 90' lang='lat'>:</span> 
     </span>
    </p>
   </div>
   <div class='ocr_carea' id='block_1_78' title="bbox 256 4707 1849 4780">
    <p class='ocr_par' dir='ltr' id='par_1_78' title="bbox 256 4707 1849 4780">
     <span class='ocr_line' id='line_1_78' title="bbox 256 4707 1849 4780; baseline 0.01 -22"><span class='ocrx_word' id='word_1_534' title='bbox 256 4721 504 4777; x_wconf 75' lang='lat' dir='ltr'><strong>cumque</strong></span> <span class='ocrx_word' id='word_1_535' title='bbox 545 4707 666 4780; x_wconf 85' lang='lat' dir='ltr'><strong>ejus</strong></span> <span class='ocrx_word' id='word_1_536' title='bbox 718 4708 889 4779; x_wconf 85' lang='lat' dir='ltr'><strong>pedes</strong></span> <span class='ocrx_word' id='word_1_537' title='bbox 950 4710 1194 4778; x_wconf 86' lang='lat' dir='ltr'><strong>lavisset,</strong></span> <span class='ocrx_word' id='word_1_538' title='bbox 1223 4723 1281 4768; x_wconf 90' lang='lat' dir='ltr'><strong>et</strong></span> <span class='ocrx_word' id='word_1_539' title='bbox 1332 4716 1516 4771; x_wconf 83' lang='lat' dir='ltr'><strong>omnia</strong></span> <span class='ocrx_word' id='word_1_540' title='bbox 1560 4716 1849 4775; x_wconf 86' lang='lat' dir='ltr'><strong>charitatis</strong></span> 
     </span>
    </p>
   </div>
   <div class='ocr_carea' id='block_1_79' title="bbox 261 4795 1847 4882">
    <p class='ocr_par' dir='ltr' id='par_1_79' title="bbox 261 4795 1847 4882">
     <span class='ocr_line' id='line_1_79' title="bbox 261 4795 1847 4882; baseline 0.013 -35"><span class='ocrx_word' id='word_1_541' title='bbox 261 4795 443 4851; x_wconf 64' lang='lat' dir='ltr'><strong>cilicia</strong></span> <span class='ocrx_word' id='word_1_542' title='bbox 472 4797 549 4853; x_wconf 90' lang='lat' dir='ltr'><strong>illi</strong></span> <span class='ocrx_word' id='word_1_543' title='bbox 579 4801 951 4869; x_wconf 62' lang='lat' dir='ltr'><strong>prastitisset,</strong></span> <span class='ocrx_word' id='word_1_544' title='bbox 1003 4820 1200 4875; x_wconf 89' lang='lat' dir='ltr'><strong>panem</strong></span> <span class='ocrx_word' id='word_1_545' title='bbox 1249 4810 1525 4878; x_wconf 82' lang='lat' dir='ltr'><strong>appoSuit,</strong></span> <span class='ocrx_word' id='word_1_546' title='bbox 1557 4810 1847 4882; x_wconf 78' lang='lat' dir='ltr'><strong>ipSumque</strong></span> 
     </span>
    </p>
   </div>
   <div class='ocr_carea' id='block_1_80' title="bbox 261 4885 1845 4965">
    <p class='ocr_par' dir='ltr' id='par_1_80' title="bbox 261 4885 1845 4965">
     <span class='ocr_line' id='line_1_80' title="bbox 261 4885 1845 4965; baseline 0.009 -24"><span class='ocrx_word' id='word_1_547' title='bbox 261 4885 595 4943; x_wconf 71' lang='lat' dir='ltr'><strong>adhortatus</strong></span> <span class='ocrx_word' id='word_1_548' title='bbox 624 4897 728 4952; x_wconf 84' lang='lat' dir='ltr'><strong>est.</strong></span> <span class='ocrx_word' id='word_1_549' title='bbox 762 4899 822 4947; x_wconf 92' lang='lat' dir='ltr'><strong>ut</strong></span> <span class='ocrx_word' id='word_1_550' title='bbox 851 4894 1130 4965; x_wconf 86' lang='lat' dir='ltr'><strong>particeps</strong></span> <span class='ocrx_word' id='word_1_551' title='bbox 1178 4896 1337 4952; x_wconf 81' lang='lat' dir='ltr'><strong>ﬁeret</strong></span> <span class='ocrx_word' id='word_1_552' title='bbox 1386 4900 1577 4954; x_wconf 80' lang='lat' dir='ltr'><strong>earum</strong></span> <span class='ocrx_word' id='word_1_553' title='bbox 1614 4898 1845 4957; x_wconf 82' lang='lat' dir='ltr'><strong>benedi-</strong></span> 
     </span>
    </p>
   </div>
   <div class='ocr_carea' id='block_1_81' title="bbox 262 4981 1846 5065">
    <p class='ocr_par' dir='ltr' id='par_1_81' title="bbox 262 4981 1846 5065">
     <span class='ocr_line' id='line_1_81' title="bbox 262 4981 1846 5065; baseline 0.011 -31"><span class='ocrx_word' id='word_1_554' title='bbox 262 4981 538 5045; x_wconf 85' lang='lat' dir='ltr'><strong>ctionum,</strong></span> <span class='ocrx_word' id='word_1_555' title='bbox 561 4998 698 5055; x_wconf 89' lang='lat' dir='ltr'><strong>quas</strong></span> <span class='ocrx_word' id='word_1_556' title='bbox 723 4986 868 5041; x_wconf 87' lang='lat' dir='ltr'><strong>Deus</strong></span> <span class='ocrx_word' id='word_1_557' title='bbox 895 4987 1161 5044; x_wconf 89' lang='lat' dir='ltr'><strong>misisset.</strong></span> <span class='ocrx_word' id='word_1_558' title='bbox 1190 4988 1285 5046; x_wconf 89' lang='lat' dir='ltr'><strong>llle</strong></span> <span class='ocrx_word' id='word_1_559' title='bbox 1325 5006 1459 5048; x_wconf 87' lang='lat' dir='ltr'><strong>vero</strong></span> <span class='ocrx_word' id='word_1_560' title='bbox 1488 4992 1613 5048; x_wconf 86' lang='lat' dir='ltr'><strong>eum</strong></span> <span class='ocrx_word' id='word_1_561' title='bbox 1651 4990 1846 5065; x_wconf 80' lang='lat' dir='ltr'><strong>pecea-</strong></span> 
     </span>
    </p>
   </div>
   <div class='ocr_carea' id='block_1_82' title="bbox 267 5076 1843 5155">
    <p class='ocr_par' dir='ltr' id='par_1_82' title="bbox 267 5076 1843 5155">
     <span class='ocr_line' id='line_1_82' title="bbox 267 5076 1843 5155; baseline 0.011 -30"><span class='ocrx_word' id='word_1_562' title='bbox 267 5082 453 5127; x_wconf 84' lang='lat' dir='ltr'><strong>torum</strong></span> <span class='ocrx_word' id='word_1_563' title='bbox 479 5076 706 5131; x_wconf 85' lang='lat' dir='ltr'><strong>suorum</strong></span> <span class='ocrx_word' id='word_1_564' title='bbox 752 5076 857 5132; x_wconf 89' lang='lat' dir='ltr'><strong>sibi</strong></span> <span class='ocrx_word' id='word_1_565' title='bbox 909 5078 1165 5137; x_wconf 86' lang='lat' dir='ltr'><strong>conscius</strong></span> <span class='ocrx_word' id='word_1_566' title='bbox 1209 5079 1376 5149; x_wconf 80' lang='lat' dir='ltr'><strong>esset,</strong></span> <span class='ocrx_word' id='word_1_567' title='bbox 1432 5090 1627 5155; x_wconf 86' lang='lat' dir='ltr'><strong>pectus</strong></span> <span class='ocrx_word' id='word_1_568' title='bbox 1681 5090 1843 5142; x_wconf 70' lang='lat' dir='ltr'><strong>’suum</strong></span> 
     </span>
    </p>
   </div>
   <div class='ocr_carea' id='block_1_83' title="bbox 261 5164 1844 5245">
    <p class='ocr_par' dir='ltr' id='par_1_83' title="bbox 261 5164 1844 5245">
     <span class='ocr_line' id='line_1_83' title="bbox 261 5164 1844 5245; baseline 0.012 -29"><span class='ocrx_word' id='word_1_569' title='bbox 261 5164 515 5233; x_wconf 77' lang='lat' dir='ltr'><strong>pulsans,</strong></span> <span class='ocrx_word' id='word_1_570' title='bbox 534 5166 627 5220; x_wconf 93' lang='lat' dir='ltr'><strong>diu</strong></span> <span class='ocrx_word' id='word_1_571' title='bbox 657 5166 1139 5228; x_wconf 84' lang='lat' dir='ltr'><strong>recusabatcibum</strong></span> <span class='ocrx_word' id='word_1_572' title='bbox 1161 5174 1401 5232; x_wconf 87' lang='lat' dir='ltr'><strong>sumere.</strong></span> <span class='ocrx_word' id='word_1_573' title='bbox 1418 5172 1487 5233; x_wconf 78' lang='lat' dir='ltr'><strong>At</strong></span> <span class='ocrx_word' id='word_1_574' title='bbox 1510 5174 1604 5233; x_wconf 91' lang='lat' dir='ltr'><strong>Dei</strong></span> <span class='ocrx_word' id='word_1_575' title='bbox 1629 5181 1844 5245; x_wconf 79' lang='lat' dir='ltr'><strong>servus,</strong></span> 
     </span>
    </p>
   </div>
   <div class='ocr_carea' id='block_1_84' title="bbox 266 5252 1850 5349">
    <p class='ocr_par' dir='ltr' id='par_1_84' title="bbox 266 5252 1850 5349">
     <span class='ocr_line' id='line_1_84' title="bbox 266 5252 1850 5349; baseline 0.011 -39"><span class='ocrx_word' id='word_1_576' title='bbox 266 5252 415 5327; x_wconf 84' lang='lat' dir='ltr'><strong>apud</strong></span> <span class='ocrx_word' id='word_1_577' title='bbox 440 5258 603 5328; x_wconf 85' lang='lat' dir='ltr'><strong>quem</strong></span> <span class='ocrx_word' id='word_1_578' title='bbox 654 5256 747 5317; x_wconf 80' lang='lat' dir='ltr'><strong>ille</strong></span> <span class='ocrx_word' id='word_1_579' title='bbox 777 5260 1098 5334; x_wconf 78' lang='lat' dir='ltr'><strong>diverterat,</strong></span> <span class='ocrx_word' id='word_1_580' title='bbox 1140 5266 1213 5322; x_wconf 83' lang='lat' dir='ltr'><strong>ad</strong></span> <span class='ocrx_word' id='word_1_581' title='bbox 1242 5256 1417 5340; x_wconf 83' lang='lat' dir='ltr'><strong>ipsius</strong></span> <span class='ocrx_word' id='word_1_582' title='bbox 1466 5266 1630 5349; x_wconf 73' lang='lat' dir='ltr'><strong>pedes</strong></span> <span class='ocrx_word' id='word_1_583' title='bbox 1664 5276 1720 5327; x_wconf 72' lang='lat' dir='ltr'><strong>se</strong></span> <span class='ocrx_word' id='word_1_584' title='bbox 1747 5270 1850 5328; x_wconf 81' lang='lat' dir='ltr'><strong>ab-</strong></span> 
     </span>
    </p>
   </div>
   <div class='ocr_carea' id='block_1_85' title="bbox 263 5344 1851 5437">
    <p class='ocr_par' dir='ltr' id='par_1_85' title="bbox 263 5344 1851 5437">
     <span class='ocr_line' id='line_1_85' title="bbox 263 5344 1851 5437; baseline 0.011 -34"><span class='ocrx_word' id='word_1_585' title='bbox 263 5344 444 5419; x_wconf 82' lang='lat' dir='ltr'><strong>jecit;</strong></span> <span class='ocrx_word' id='word_1_586' title='bbox 478 5354 609 5406; x_wconf 86' lang='lat' dir='ltr'><strong>eum</strong></span> <span class='ocrx_word' id='word_1_587' title='bbox 638 5352 951 5421; x_wconf 72' lang='lat' dir='ltr'><strong>connsOlans,</strong></span> <span class='ocrx_word' id='word_1_588' title='bbox 985 5357 1041 5413; x_wconf 84' lang='lat' dir='ltr'><strong>et</strong></span> <span class='ocrx_word' id='word_1_589' title='bbox 1076 5352 1438 5432; x_wconf 78' lang='lat' dir='ltr'><strong>jurejurando</strong></span> <span class='ocrx_word' id='word_1_590' title='bbox 1464 5344 1761 5437; x_wconf 59' lang='lat' dir='ltr'><strong>animum.</strong></span> <span class='ocrx_word' id='word_1_591' title='bbox 1790 5362 1851 5419; x_wconf 72' lang='lat' dir='ltr'><strong>se</strong></span> 
     </span>
    </p>
   </div>
   <div class='ocr_carea' id='block_1_86' title="bbox 266 5437 1841 5529">
    <p class='ocr_par' dir='ltr' id='par_1_86' title="bbox 266 5437 1841 5529">
     <span class='ocr_line' id='line_1_86' title="bbox 266 5437 1841 5529; baseline 0.01 -34"><span class='ocrx_word' id='word_1_592' title='bbox 266 5437 385 5496; x_wconf 80' lang='lat' dir='ltr'><strong>non</strong></span> <span class='ocrx_word' id='word_1_593' title='bbox 415 5440 572 5512; x_wconf 85' lang='lat' dir='ltr'><strong>prius</strong></span> <span class='ocrx_word' id='word_1_594' title='bbox 598 5460 628 5500; x_wconf 90' lang='lat' dir='ltr'><strong>e</strong></span> <span class='ocrx_word' id='word_1_595' title='bbox 663 5442 806 5502; x_wconf 81' lang='lat' dir='ltr'><strong>terra</strong></span> <span class='ocrx_word' id='word_1_596' title='bbox 852 5444 1252 5527; x_wconf 66' lang='lat' dir='ltr'><strong>surrecturum,</strong></span> <span class='ocrx_word' id='word_1_597' title='bbox 1278 5449 1440 5525; x_wconf 82' lang='lat' dir='ltr'><strong>quam</strong></span> <span class='ocrx_word' id='word_1_598' title='bbox 1479 5452 1841 5529; x_wconf 74' lang='lat' dir='ltr'><strong>prumiSisSet,</strong></span> 
     </span>
    </p>
   </div>
   <div class='ocr_carea' id='block_1_87' title="bbox 266 5530 1845 5618">
    <p class='ocr_par' dir='ltr' id='par_1_87' title="bbox 266 5530 1845 5618">
     <span class='ocr_line' id='line_1_87' title="bbox 266 5530 1845 5618; baseline 0.008 -29"><span class='ocrx_word' id='word_1_599' title='bbox 266 5530 573 5618; x_wconf 86' lang='lat' dir='ltr'><strong>seillorum</strong></span> <span class='ocrx_word' id='word_1_600' title='bbox 635 5532 758 5608; x_wconf 77' lang='lat' dir='ltr'><strong>qua:</strong></span> <span class='ocrx_word' id='word_1_601' title='bbox 806 5534 1054 5612; x_wconf 80' lang='lat' dir='ltr'><strong>apposita</strong></span> <span class='ocrx_word' id='word_1_602' title='bbox 1086 5532 1309 5600; x_wconf 69' lang='lat' dir='ltr'><strong>fuerant</strong></span> <span class='ocrx_word' id='word_1_603' title='bbox 1343 5542 1664 5618; x_wconf 77' lang='lat' dir='ltr'><strong>participem</strong></span> <span class='ocrx_word' id='word_1_604' title='bbox 1693 5544 1845 5602; x_wconf 72' lang='lat' dir='ltr'><strong>futu~</strong></span> 
     </span>
    </p>
   </div>
   <div class='ocr_carea' id='block_1_88' title="bbox 268 5614 1843 5704">
    <p class='ocr_par' dir='ltr' id='par_1_88' title="bbox 268 5614 1843 5704">
     <span class='ocr_line' id='line_1_88' title="bbox 268 5614 1843 5704; baseline 0.008 -24"><span class='ocrx_word' id='word_1_605' title='bbox 268 5639 421 5683; x_wconf 87' lang='lat' dir='ltr'><strong>rum.</strong></span> <span class='ocrx_word' id='word_1_606' title='bbox 457 5614 516 5683; x_wconf 73' lang='lat' dir='ltr'><strong>id</strong></span> <span class='ocrx_word' id='word_1_607' title='bbox 560 5624 686 5686; x_wconf 87' lang='lat' dir='ltr'><strong>eum</strong></span> <span class='ocrx_word' id='word_1_608' title='bbox 713 5623 805 5687; x_wconf 88' lang='lat' dir='ltr'><strong>ille</strong></span> <span class='ocrx_word' id='word_1_609' title='bbox 856 5624 1220 5704; x_wconf 73' lang='lat' dir='ltr'><strong>promisisset.</strong></span> <span class='ocrx_word' id='word_1_610' title='bbox 1264 5614 1371 5692; x_wconf 74' lang='lat' dir='ltr'><strong>Dei</strong></span> <span class='ocrx_word' id='word_1_611' title='bbox 1407 5614 1599 5694; x_wconf 59' lang='lat' dir='ltr'><strong>servus</strong></span> <span class='ocrx_word' id='word_1_612' title='bbox 1640 5638 1671 5694; x_wconf 83' lang='lat' dir='ltr'><strong>é</strong></span> <span class='ocrx_word' id='word_1_613' title='bbox 1701 5632 1843 5694; x_wconf 73' lang='lat' dir='ltr'><strong>terra</strong></span> 
     </span>
    </p>
   </div>
   <div class='ocr_carea' id='block_1_89' title="bbox 270 5718 1845 5803">
    <p class='ocr_par' dir='ltr' id='par_1_89' title="bbox 270 5718 1845 5803">
     <span class='ocr_line' id='line_1_89' title="bbox 270 5718 1845 5803; baseline 0.008 -29"><span class='ocrx_word' id='word_1_614' title='bbox 270 5718 536 5787; x_wconf 72' lang='lat' dir='ltr'><strong>surrexit,</strong></span> <span class='ocrx_word' id='word_1_615' title='bbox 600 5732 662 5777; x_wconf 85' lang='lat' dir='ltr'><strong>ut</strong></span> <span class='ocrx_word' id='word_1_616' title='bbox 706 5722 891 5778; x_wconf 84' lang='lat' dir='ltr'><strong>cibum</strong></span> <span class='ocrx_word' id='word_1_617' title='bbox 952 5738 1212 5783; x_wconf 83' lang='lat' dir='ltr'><strong>sumeret.</strong></span> <span class='ocrx_word' id='word_1_618' title='bbox 1260 5727 1456 5786; x_wconf 79' lang='lat' dir='ltr'><strong>Postea</strong></span> <span class='ocrx_word' id='word_1_619' title='bbox 1518 5747 1646 5786; x_wconf 79' lang='lat' dir='ltr'><strong>vero</strong></span> <span class='ocrx_word' id='word_1_620' title='bbox 1681 5746 1845 5803; x_wconf 83' lang='lat' dir='ltr'><strong>quam</strong></span> 
     </span>
    </p>
   </div>
   <div class='ocr_carea' id='block_1_90' title="bbox 362 5862 861 5937">
    <p class='ocr_par' dir='ltr' id='par_1_90' title="bbox 362 5862 861 5937">
     <span class='ocr_line' id='line_1_90' title="bbox 362 5862 861 5937; baseline 0.004 -20"><span class='ocrx_word' id='word_1_621' title='bbox 362 5864 377 5895; x_wconf 77' lang='grc'>³</span> <span class='ocrx_word' id='word_1_622' title='bbox 412 5862 454 5919; x_wconf 86' lang='grc' dir='ltr'><strong>ΙΙ</strong></span> <span class='ocrx_word' id='word_1_623' title='bbox 492 5865 632 5937; x_wconf 79' lang='lat' dir='ltr'><strong>Reg.</strong></span> <span class='ocrx_word' id='word_1_624' title='bbox 654 5881 731 5932; x_wconf 73' lang='lat' dir='ltr'><strong>XI,</strong></span> <span class='ocrx_word' id='word_1_625' title='bbox 776 5867 861 5922; x_wconf 76' lang='lat' dir='ltr'><strong>i5.</strong></span> 
     </span>
    </p>
   </div>
   <div class='ocr_carea' id='block_1_91' title="bbox 566 5957 1226 6025">
    <p class='ocr_par' dir='ltr' id='par_1_91' title="bbox 566 5957 1226 6025">
     <span class='ocr_line' id='line_1_91' title="bbox 566 5957 1226 6025; baseline 0.003 -2"><span class='ocrx_word' id='word_1_626' title='bbox 566 5960 844 6024; x_wconf 68' lang='lat' dir='ltr'><strong>Panos.</strong></span> <span class='ocrx_word' id='word_1_627' title='bbox 875 5963 995 6024; x_wconf 72' lang='lat' dir='ltr'><strong>Gs.</strong></span> <span class='ocrx_word' id='word_1_628' title='bbox 1016 5957 1226 6025; x_wconf 76' lang='lat' dir='ltr'><strong>CXIV.</strong></span> 
     </span>
    </p>
   </div>
   <div class='ocr_carea' id='block_1_92' title="bbox 1948 3311 3522 3385">
    <p class='ocr_par' dir='ltr' id='par_1_92' title="bbox 1948 3311 3522 3385">
     <span class='ocr_line' id='line_1_92' title="bbox 1948 3311 3522 3385; baseline 0.007 -20"><span class='ocrx_word' id='word_1_629' title='bbox 1948 3326 2073 3366; x_wconf 89' lang='lat' dir='ltr'><strong>eum</strong></span> <span class='ocrx_word' id='word_1_630' title='bbox 2102 3311 2451 3367; x_wconf 76' lang='lat' dir='ltr'><strong>audivisSeut</strong></span> <span class='ocrx_word' id='word_1_631' title='bbox 2476 3312 2682 3368; x_wconf 82' lang='lat' dir='ltr'><strong>Christi</strong></span> <span class='ocrx_word' id='word_1_632' title='bbox 2713 3316 2946 3384; x_wconf 85' lang='lat' dir='ltr'><strong>gratiam</strong></span> <span class='ocrx_word' id='word_1_633' title='bbox 2976 3316 3113 3371; x_wconf 86' lang='lat' dir='ltr'><strong>mihi</strong></span> <span class='ocrx_word' id='word_1_634' title='bbox 3137 3314 3353 3385; x_wconf 75' lang='lat' dir='ltr'><strong>adesse;</strong></span> <span class='ocrx_word' id='word_1_635' title='bbox 3374 3319 3522 3376; x_wconf 80' lang='lat' dir='ltr'><strong>illam</strong></span> 
     </span>
    </p>
   </div>
   <div class='ocr_carea' id='block_1_93' title="bbox 1945 3401 3528 3479">
    <p class='ocr_par' dir='ltr' id='par_1_93' title="bbox 1945 3401 3528 3479">
     <span class='ocr_line' id='line_1_93' title="bbox 1945 3401 3528 3479; baseline 0.004 -22"><span class='ocrx_word' id='word_1_636' title='bbox 1945 3401 2016 3457; x_wconf 90' lang='lat' dir='ltr'><strong>ad</strong></span> <span class='ocrx_word' id='word_1_637' title='bbox 2057 3417 2145 3458; x_wconf 88' lang='lat' dir='ltr'><strong>me</strong></span> <span class='ocrx_word' id='word_1_638' title='bbox 2173 3403 2452 3459; x_wconf 75' lang='lat' dir='ltr'><strong>duxerunt</strong></span> <span class='ocrx_word' id='word_1_639' title='bbox 2492 3404 2756 3461; x_wconf 81' lang='lat' dir='ltr'><strong>utcurari</strong></span> <span class='ocrx_word' id='word_1_640' title='bbox 2802 3417 3007 3476; x_wconf 82' lang='lat' dir='ltr'><strong>posset.</strong></span> <span class='ocrx_word' id='word_1_641' title='bbox 3039 3406 3295 3479; x_wconf 84' lang='lat' dir='ltr'><strong>Cumque</strong></span> <span class='ocrx_word' id='word_1_642' title='bbox 3324 3423 3410 3466; x_wconf 87' lang='lat' dir='ltr'><strong>me</strong></span> <span class='ocrx_word' id='word_1_643' title='bbox 3435 3426 3528 3465; x_wconf 88' lang='lat' dir='ltr'><strong>ro-</strong></span> 
     </span>
    </p>
   </div>
   <div class='ocr_carea' id='block_1_94' title="bbox 1946 3496 3526 3566">
    <p class='ocr_par' dir='ltr' id='par_1_94' title="bbox 1946 3496 3526 3566">
     <span class='ocr_line' id='line_1_94' title="bbox 1946 3496 3526 3566; baseline 0.005 -17"><span class='ocrx_word' id='word_1_644' title='bbox 1946 3505 2187 3566; x_wconf 85' lang='lat' dir='ltr'><strong>gassent,</strong></span> <span class='ocrx_word' id='word_1_645' title='bbox 2216 3504 2281 3551; x_wconf 89' lang='lat' dir='ltr'><strong>ut</strong></span> <span class='ocrx_word' id='word_1_646' title='bbox 2308 3512 2408 3566; x_wconf 88' lang='lat' dir='ltr'><strong>pro</strong></span> <span class='ocrx_word' id='word_1_647' title='bbox 2458 3497 2549 3551; x_wconf 89' lang='lat' dir='ltr'><strong>illa</strong></span> <span class='ocrx_word' id='word_1_648' title='bbox 2602 3497 2774 3553; x_wconf 82' lang='lat' dir='ltr'><strong>Deum</strong></span> <span class='ocrx_word' id='word_1_649' title='bbox 2809 3496 3048 3563; x_wconf 81' lang='lat' dir='ltr'><strong>orarem,</strong></span> <span class='ocrx_word' id='word_1_650' title='bbox 3084 3499 3139 3553; x_wconf 88' lang='lat' dir='ltr'><strong>id</strong></span> <span class='ocrx_word' id='word_1_651' title='bbox 3164 3500 3300 3564; x_wconf 74' lang='lat' dir='ltr'><strong>fed;</strong></span> <span class='ocrx_word' id='word_1_652' title='bbox 3354 3511 3409 3557; x_wconf 90' lang='lat' dir='ltr'><strong>et</strong></span> <span class='ocrx_word' id='word_1_653' title='bbox 3438 3503 3526 3557; x_wconf 88' lang='lat' dir='ltr'><strong>di-</strong></span> 
     </span>
    </p>
   </div>
   <div class='ocr_carea' id='block_1_95' title="bbox 1950 3584 3524 3661">
    <p class='ocr_par' dir='ltr' id='par_1_95' title="bbox 1950 3584 3524 3661">
     <span class='ocr_line' id='line_1_95' title="bbox 1950 3584 3524 3661; baseline 0.007 -21"><span class='ocrx_word' id='word_1_654' title='bbox 1950 3588 2075 3641; x_wconf 88' lang='lat' dir='ltr'><strong>vina</strong></span> <span class='ocrx_word' id='word_1_655' title='bbox 2104 3602 2207 3658; x_wconf 88' lang='lat' dir='ltr'><strong>ope</strong></span> <span class='ocrx_word' id='word_1_656' title='bbox 2238 3590 2444 3643; x_wconf 80' lang='lat' dir='ltr'><strong>laetum</strong></span> <span class='ocrx_word' id='word_1_657' title='bbox 2472 3584 2578 3654; x_wconf 86' lang='lat' dir='ltr'><strong>est,</strong></span> <span class='ocrx_word' id='word_1_658' title='bbox 2632 3600 2691 3644; x_wconf 89' lang='lat' dir='ltr'><strong>ut</strong></span> <span class='ocrx_word' id='word_1_659' title='bbox 2740 3590 2993 3659; x_wconf 86' lang='lat' dir='ltr'><strong>impurus</strong></span> <span class='ocrx_word' id='word_1_660' title='bbox 3035 3589 3266 3661; x_wconf 73' lang='lat' dir='ltr'><strong>spiritus</strong></span> <span class='ocrx_word' id='word_1_661' title='bbox 3309 3594 3379 3649; x_wconf 88' lang='lat' dir='ltr'><strong>ab</strong></span> <span class='ocrx_word' id='word_1_662' title='bbox 3431 3595 3524 3651; x_wconf 82' lang='lat' dir='ltr'><strong>illa</strong></span> 
     </span>
    </p>
   </div>
   <div class='ocr_carea' id='block_1_96' title="bbox 1947 3678 3519 3756">
    <p class='ocr_par' dir='ltr' id='par_1_96' title="bbox 1947 3678 3519 3756">
     <span class='ocr_line' id='line_1_96' title="bbox 1947 3678 3519 3756; baseline 0.004 -21"><span class='ocrx_word' id='word_1_663' title='bbox 1947 3678 2276 3735; x_wconf 79' lang='lat' dir='ltr'><strong>discederet.</strong></span> <span class='ocrx_word' id='word_1_664' title='bbox 2301 3680 2384 3735; x_wconf 72' lang='lat' dir='ltr'><strong>illi</strong></span> <span class='ocrx_word' id='word_1_665' title='bbox 2411 3696 2535 3736; x_wconf 91' lang='lat' dir='ltr'><strong>cum</strong></span> <span class='ocrx_word' id='word_1_666' title='bbox 2562 3682 2789 3737; x_wconf 91' lang='lat' dir='ltr'><strong>omnino</strong></span> <span class='ocrx_word' id='word_1_667' title='bbox 2820 3696 2941 3737; x_wconf 77' lang='lat' dir='ltr'><strong>eam</strong></span> <span class='ocrx_word' id='word_1_668' title='bbox 2987 3684 3172 3738; x_wconf 86' lang='lat' dir='ltr'><strong>curari</strong></span> <span class='ocrx_word' id='word_1_669' title='bbox 3224 3694 3519 3756; x_wconf 87' lang='lat' dir='ltr'><strong>cuperent,</strong></span> 
     </span>
    </p>
   </div>
   <div class='ocr_carea' id='block_1_97' title="bbox 1948 3768 3522 3849">
    <p class='ocr_par' dir='ltr' id='par_1_97' title="bbox 1948 3768 3522 3849">
     <span class='ocr_line' id='line_1_97' title="bbox 1948 3768 3522 3849; baseline 0.006 -24"><span class='ocrx_word' id='word_1_670' title='bbox 1948 3768 2090 3825; x_wconf 83' lang='lat' dir='ltr'><strong>duos</strong></span> <span class='ocrx_word' id='word_1_671' title='bbox 2118 3768 2237 3826; x_wconf 88' lang='lat' dir='ltr'><strong>dies</strong></span> <span class='ocrx_word' id='word_1_672' title='bbox 2262 3771 2405 3840; x_wconf 84' lang='lat' dir='ltr'><strong>apud</strong></span> <span class='ocrx_word' id='word_1_673' title='bbox 2447 3787 2534 3827; x_wconf 88' lang='lat' dir='ltr'><strong>me</strong></span> <span class='ocrx_word' id='word_1_674' title='bbox 2581 3773 2820 3842; x_wconf 87' lang='lat' dir='ltr'><strong>puellam</strong></span> <span class='ocrx_word' id='word_1_675' title='bbox 2878 3771 3250 3843; x_wconf 82' lang='lat' dir='ltr'><strong>reliquerunt,</strong></span> <span class='ocrx_word' id='word_1_676' title='bbox 3303 3776 3522 3849; x_wconf 81' lang='lat' dir='ltr'><strong>ipsique</strong></span> 
     </span>
    </p>
   </div>
   <div class='ocr_carea' id='block_1_98' title="bbox 1950 3861 3522 3926">
    <p class='ocr_par' dir='ltr' id='par_1_98' title="bbox 1950 3861 3522 3926">
     <span class='ocr_line' id='line_1_98' title="bbox 1950 3861 3522 3926; baseline 0.006 -10"><span class='ocrx_word' id='word_1_677' title='bbox 1950 3861 2005 3916; x_wconf 91' lang='lat' dir='ltr'><strong>in</strong></span> <span class='ocrx_word' id='word_1_678' title='bbox 2031 3862 2254 3917; x_wconf 87' lang='lat' dir='ltr'><strong>domum</strong></span> <span class='ocrx_word' id='word_1_679' title='bbox 2270 3870 2431 3919; x_wconf 82' lang='lat' dir='ltr'><strong>suam</strong></span> <span class='ocrx_word' id='word_1_680' title='bbox 2446 3864 2655 3920; x_wconf 85' lang='lat' dir='ltr'><strong>reversi</strong></span> <span class='ocrx_word' id='word_1_681' title='bbox 2676 3875 2826 3920; x_wconf 78' lang='lat' dir='ltr'><strong>sunt.</strong></span> <span class='ocrx_word' id='word_1_682' title='bbox 2856 3865 3038 3922; x_wconf 76' lang='lat' dir='ltr'><strong>Mente</strong></span> <span class='ocrx_word' id='word_1_683' title='bbox 3057 3880 3189 3924; x_wconf 80' lang='lat' dir='ltr'><strong>vero</strong></span> <span class='ocrx_word' id='word_1_684' title='bbox 3209 3880 3522 3926; x_wconf 65' lang='lat' dir='ltr'><strong>exeacatus</strong></span> 
     </span>
    </p>
   </div>
   <div class='ocr_carea' id='block_1_99' title="bbox 1947 3956 3519 4031">
    <p class='ocr_par' dir='ltr' id='par_1_99' title="bbox 1947 3956 3519 4031">
     <span class='ocr_line' id='line_1_99' title="bbox 1947 3956 3519 4031; baseline 0.005 -21"><span class='ocrx_word' id='word_1_685' title='bbox 1947 3970 2072 4027; x_wconf 74' lang='lat' dir='ltr'><strong>ego,</strong></span> <span class='ocrx_word' id='word_1_686' title='bbox 2105 3956 2175 4011; x_wconf 77' lang='lat' dir='ltr'><strong>ad</strong></span> <span class='ocrx_word' id='word_1_687' title='bbox 2198 3957 2344 4012; x_wconf 84' lang='lat' dir='ltr'><strong>illam</strong></span> <span class='ocrx_word' id='word_1_688' title='bbox 2380 3956 2513 4020; x_wconf 80' lang='lat' dir='ltr'><strong>exii,</strong></span> <span class='ocrx_word' id='word_1_689' title='bbox 2544 3966 2601 4012; x_wconf 91' lang='lat' dir='ltr'><strong>et</strong></span> <span class='ocrx_word' id='word_1_690' title='bbox 2647 3957 2898 4014; x_wconf 84' lang='lat' dir='ltr'><strong>libidinis</strong></span> <span class='ocrx_word' id='word_1_691' title='bbox 2929 3960 3155 4016; x_wconf 85' lang='lat' dir='ltr'><strong>stimulo</strong></span> <span class='ocrx_word' id='word_1_692' title='bbox 3205 3962 3519 4031; x_wconf 84' lang='lat' dir='ltr'><strong>superatus,</strong></span> 
     </span>
    </p>
   </div>
   <div class='ocr_carea' id='block_1_100' title="bbox 1949 4047 3524 4127">
    <p class='ocr_par' dir='ltr' id='par_1_100' title="bbox 1949 4047 3524 4127">
     <span class='ocr_line' id='line_1_100' title="bbox 1949 4047 3524 4127; baseline 0.006 -25"><span class='ocrx_word' id='word_1_693' title='bbox 1949 4062 2130 4118; x_wconf 88' lang='lat' dir='ltr'><strong>neque</strong></span> <span class='ocrx_word' id='word_1_694' title='bbox 2163 4048 2334 4103; x_wconf 86' lang='lat' dir='ltr'><strong>Deum</strong></span> <span class='ocrx_word' id='word_1_695' title='bbox 2360 4047 2495 4105; x_wconf 74' lang='lat' dir='ltr'><strong>liora</strong></span> <span class='ocrx_word' id='word_1_696' title='bbox 2522 4049 2615 4105; x_wconf 90' lang='lat' dir='ltr'><strong>illa</strong></span> <span class='ocrx_word' id='word_1_697' title='bbox 2632 4049 2689 4104; x_wconf 88' lang='lat' dir='ltr'><strong>in</strong></span> <span class='ocrx_word' id='word_1_698' title='bbox 2711 4060 2896 4105; x_wconf 89' lang='lat' dir='ltr'><strong>mente</strong></span> <span class='ocrx_word' id='word_1_699' title='bbox 2915 4052 3147 4116; x_wconf 77' lang='lat' dir='ltr'><strong>habens,</strong></span> <span class='ocrx_word' id='word_1_700' title='bbox 3175 4068 3354 4125; x_wconf 88' lang='lat' dir='ltr'><strong>neque</strong></span> <span class='ocrx_word' id='word_1_701' title='bbox 3376 4056 3524 4127; x_wconf 84' lang='lat' dir='ltr'><strong>quod</strong></span> 
     </span>
    </p>
   </div>
   <div class='ocr_carea' id='block_1_101' title="bbox 1953 4140 3528 4217">
    <p class='ocr_par' dir='ltr' id='par_1_101' title="bbox 1953 4140 3528 4217">
     <span class='ocr_line' id='line_1_101' title="bbox 1953 4140 3528 4217; baseline 0.007 -23"><span class='ocrx_word' id='word_1_702' title='bbox 1953 4151 2061 4195; x_wconf 87' lang='lat' dir='ltr'><strong>tam</strong></span> <span class='ocrx_word' id='word_1_703' title='bbox 2137 4140 2416 4196; x_wconf 63' lang='lat' dir='ltr'><strong>diuturnae</strong></span> <span class='ocrx_word' id='word_1_704' title='bbox 2489 4142 2908 4200; x_wconf 76' lang='lat' dir='ltr'><strong>exercitationis</strong></span> <span class='ocrx_word' id='word_1_705' title='bbox 2973 4145 3194 4202; x_wconf 88' lang='lat' dir='ltr'><strong>labores</strong></span> <span class='ocrx_word' id='word_1_706' title='bbox 3239 4148 3528 4217; x_wconf 81' lang='lat' dir='ltr'><strong>perderem</strong></span> 
     </span>
    </p>
   </div>
   <div class='ocr_carea' id='block_1_102' title="bbox 1946 4233 3520 4305">
    <p class='ocr_par' dir='ltr' id='par_1_102' title="bbox 1946 4233 3520 4305">
     <span class='ocr_line' id='line_1_102' title="bbox 1946 4233 3520 4305; baseline 0.005 -17"><span class='ocrx_word' id='word_1_707' title='bbox 1946 4233 2222 4303; x_wconf 79' lang='lat' dir='ltr'><strong>cogitans,</strong></span> <span class='ocrx_word' id='word_1_708' title='bbox 2256 4234 2351 4288; x_wconf 81' lang='lat' dir='ltr'><strong>sed</strong></span> <span class='ocrx_word' id='word_1_709' title='bbox 2370 4235 2551 4289; x_wconf 86' lang='lat' dir='ltr'><strong>omnia</strong></span> <span class='ocrx_word' id='word_1_710' title='bbox 2580 4236 2599 4304; x_wconf 93' lang='lat'><strong>(</strong></span> <span class='ocrx_word' id='word_1_711' title='bbox 2626 4243 2689 4288; x_wconf 90' lang='lat' dir='ltr'><strong>ut</strong></span> <span class='ocrx_word' id='word_1_712' title='bbox 2709 4237 3028 4291; x_wconf 87' lang='lat' dir='ltr'><strong>summatim</strong></span> <span class='ocrx_word' id='word_1_713' title='bbox 3058 4236 3263 4299; x_wconf 71' lang='lat' dir='ltr'><strong>dicant)</strong></span> <span class='ocrx_word' id='word_1_714' title='bbox 3292 4236 3520 4305; x_wconf 83' lang='lat' dir='ltr'><strong>oblitus,</strong></span> 
     </span>
    </p>
   </div>
   <div class='ocr_carea' id='block_1_103' title="bbox 1947 4326 3521 4399">
    <p class='ocr_par' dir='ltr' id='par_1_103' title="bbox 1947 4326 3521 4399">
     <span class='ocr_line' id='line_1_103' title="bbox 1947 4326 3521 4399; baseline 0.006 -20"><span class='ocrx_word' id='word_1_715' title='bbox 1947 4333 2008 4379; x_wconf 89' lang='lat' dir='ltr'><strong>et</strong></span> <span class='ocrx_word' id='word_1_716' title='bbox 2033 4326 2344 4394; x_wconf 75' lang='lat' dir='ltr'><strong>gehennam</strong></span> <span class='ocrx_word' id='word_1_717' title='bbox 2393 4328 2775 4387; x_wconf 75' lang='lat' dir='ltr'><strong>contemnens,</strong></span> <span class='ocrx_word' id='word_1_718' title='bbox 2815 4326 2886 4381; x_wconf 91' lang='lat' dir='ltr'><strong>ad</strong></span> <span class='ocrx_word' id='word_1_719' title='bbox 2930 4326 3107 4398; x_wconf 77' lang='lat' dir='ltr'><strong>stupri</strong></span> <span class='ocrx_word' id='word_1_720' title='bbox 3145 4330 3521 4399; x_wconf 77' lang='lat' dir='ltr'><strong>perniciosam</strong></span> 
     </span>
    </p>
   </div>
   <div class='ocr_carea' id='block_1_104' title="bbox 1950 4415 3525 4488">
    <p class='ocr_par' dir='ltr' id='par_1_104' title="bbox 1950 4415 3525 4488">
     <span class='ocr_line' id='line_1_104' title="bbox 1950 4415 3525 4488; baseline 0.006 -18"><span class='ocrx_word' id='word_1_721' title='bbox 1950 4415 2163 4470; x_wconf 86' lang='lat' dir='ltr'><strong>ruinam</strong></span> <span class='ocrx_word' id='word_1_722' title='bbox 2220 4415 2415 4470; x_wconf 87' lang='lat' dir='ltr'><strong>cecidi.</strong></span> <span class='ocrx_word' id='word_1_723' title='bbox 2470 4415 2719 4486; x_wconf 77' lang='lat' dir='ltr'><strong>Cumque</strong></span> <span class='ocrx_word' id='word_1_724' title='bbox 2751 4418 2991 4487; x_wconf 82' lang='lat' dir='ltr'><strong>puellam</strong></span> <span class='ocrx_word' id='word_1_725' title='bbox 3037 4419 3347 4488; x_wconf 78' lang='lat' dir='ltr'><strong>vitiassem,</strong></span> <span class='ocrx_word' id='word_1_726' title='bbox 3379 4425 3525 4479; x_wconf 87' lang='lat' dir='ltr'><strong>malo</strong></span> 
     </span>
    </p>
   </div>
   <div class='ocr_carea' id='block_1_105' title="bbox 1954 4505 3528 4589">
    <p class='ocr_par' dir='ltr' id='par_1_105' title="bbox 1954 4505 3528 4589">
     <span class='ocr_line' id='line_1_105' title="bbox 1954 4505 3528 4589; baseline 0.006 -28"><span class='ocrx_word' id='word_1_727' title='bbox 1954 4507 2156 4561; x_wconf 88' lang='lat' dir='ltr'><strong>malum</strong></span> <span class='ocrx_word' id='word_1_728' title='bbox 2191 4521 2388 4561; x_wconf 82' lang='lat' dir='ltr'><strong>curare</strong></span> <span class='ocrx_word' id='word_1_729' title='bbox 2410 4505 2579 4570; x_wconf 85' lang='lat' dir='ltr'><strong>volui,</strong></span> <span class='ocrx_word' id='word_1_730' title='bbox 2604 4505 2855 4575; x_wconf 84' lang='lat' dir='ltr'><strong>quinimo</strong></span> <span class='ocrx_word' id='word_1_731' title='bbox 2893 4510 3092 4566; x_wconf 88' lang='lat' dir='ltr'><strong>minori</strong></span> <span class='ocrx_word' id='word_1_732' title='bbox 3148 4512 3295 4569; x_wconf 71' lang='lat' dir='ltr'><strong>maio</strong></span> <span class='ocrx_word' id='word_1_733' title='bbox 3348 4516 3528 4589; x_wconf 80' lang='lat' dir='ltr'><strong>majus</strong></span> 
     </span>
    </p>
   </div>
   <div class='ocr_carea' id='block_1_106' title="bbox 1879 4583 3526 4667">
    <p class='ocr_par' dir='ltr' id='par_1_106' title="bbox 1879 4583 3526 4667">
     <span class='ocr_line' id='line_1_106' title="bbox 1879 4583 3526 4667; baseline 0.012 -15"><span class='ocrx_word' id='word_1_734' title='bbox 1879 4583 1924 4638; x_wconf 78' lang='grc' dir='ltr'>ο</span> <span class='ocrx_word' id='word_1_735' title='bbox 1956 4598 2165 4653; x_wconf 84' lang='lat' dir='ltr'><strong>addidi.</strong></span> <span class='ocrx_word' id='word_1_736' title='bbox 2198 4598 2333 4653; x_wconf 77' lang='lat' dir='ltr'><strong>Nam</strong></span> <span class='ocrx_word' id='word_1_737' title='bbox 2368 4597 2664 4656; x_wconf 80' lang='lat' dir='ltr'><strong>dedecoris</strong></span> <span class='ocrx_word' id='word_1_738' title='bbox 2733 4600 2881 4656; x_wconf 87' lang='lat' dir='ltr'><strong>illius</strong></span> <span class='ocrx_word' id='word_1_739' title='bbox 2936 4612 3133 4657; x_wconf 70' lang='grc' dir='ltr'><strong>επιστ</strong></span> <span class='ocrx_word' id='word_1_740' title='bbox 3172 4604 3388 4667; x_wconf 65' lang='lat' dir='ltr'><strong>damon</strong></span> <span class='ocrx_word' id='word_1_741' title='bbox 3436 4583 3526 4663; x_wconf 68' lang='lat' dir='ltr'><strong>ine</strong></span> 
     </span>
    </p>
   </div>
   <div class='ocr_carea' id='block_1_107' title="bbox 1954 4687 3523 4772">
    <p class='ocr_par' dir='ltr' id='par_1_107' title="bbox 1954 4687 3523 4772">
     <span class='ocr_line' id='line_1_107' title="bbox 1954 4687 3523 4772; baseline 0.006 -28"><span class='ocrx_word' id='word_1_742' title='bbox 1954 4688 2245 4754; x_wconf 85' lang='lat' dir='ltr'><strong>invadens,</strong></span> <span class='ocrx_word' id='word_1_743' title='bbox 2281 4687 2531 4758; x_wconf 79' lang='lat' dir='ltr'><strong>ejusdem</strong></span> <span class='ocrx_word' id='word_1_744' title='bbox 2557 4691 2753 4760; x_wconf 78' lang='lat' dir='ltr'><strong>puella:</strong></span> <span class='ocrx_word' id='word_1_745' title='bbox 2782 4691 2986 4746; x_wconf 56' lang='lat' dir='ltr'><strong>eadem</strong></span> <span class='ocrx_word' id='word_1_746' title='bbox 3027 4692 3083 4749; x_wconf 84' lang='lat' dir='ltr'><strong>in</strong></span> <span class='ocrx_word' id='word_1_747' title='bbox 3113 4703 3355 4752; x_wconf 80' lang='lat' dir='ltr'><strong>mentem</strong></span> <span class='ocrx_word' id='word_1_748' title='bbox 3386 4713 3523 4772; x_wconf 81' lang='lat' dir='ltr'><strong>aug-</strong></span> 
     </span>
    </p>
   </div>
   <div class='ocr_carea' id='block_1_108' title="bbox 1948 4778 3524 4855">
    <p class='ocr_par' dir='ltr' id='par_1_108' title="bbox 1948 4778 3524 4855">
     <span class='ocr_line' id='line_1_108' title="bbox 1948 4778 3524 4855; baseline 0.008 -22"><span class='ocrx_word' id='word_1_749' title='bbox 1948 4779 2143 4849; x_wconf 82' lang='lat' dir='ltr'><strong>gessit.</strong></span> <span class='ocrx_word' id='word_1_750' title='bbox 2170 4778 2358 4850; x_wconf 83' lang='lat' dir='ltr'><strong>itaque</strong></span> <span class='ocrx_word' id='word_1_751' title='bbox 2399 4791 2524 4849; x_wconf 85' lang='lat' dir='ltr'><strong>post</strong></span> <span class='ocrx_word' id='word_1_752' title='bbox 2547 4790 2801 4851; x_wconf 86' lang='lat' dir='ltr'><strong>stuprum</strong></span> <span class='ocrx_word' id='word_1_753' title='bbox 2837 4783 2984 4852; x_wconf 79' lang='lat' dir='ltr'><strong>quod</strong></span> <span class='ocrx_word' id='word_1_754' title='bbox 3027 4783 3348 4855; x_wconf 65' lang='lat' dir='ltr'><strong>intulerant,</strong></span> <span class='ocrx_word' id='word_1_755' title='bbox 3375 4789 3524 4845; x_wconf 69' lang='lat' dir='ltr'><strong>illam</strong></span> 
     </span>
    </p>
   </div>
   <div class='ocr_carea' id='block_1_109' title="bbox 1952 4871 3520 4954">
    <p class='ocr_par' dir='ltr' id='par_1_109' title="bbox 1952 4871 3520 4954">
     <span class='ocr_line' id='line_1_109' title="bbox 1952 4871 3520 4954; baseline 0.006 -28"><span class='ocrx_word' id='word_1_756' title='bbox 1952 4872 2128 4940; x_wconf 86' lang='lat' dir='ltr'><strong>ipsam</strong></span> <span class='ocrx_word' id='word_1_757' title='bbox 2157 4871 2433 4937; x_wconf 79' lang='lat' dir='ltr'><strong>interfeci,</strong></span> <span class='ocrx_word' id='word_1_758' title='bbox 2462 4872 2692 4943; x_wconf 82' lang='lat' dir='ltr'><strong>ejusque</strong></span> <span class='ocrx_word' id='word_1_759' title='bbox 2715 4886 2923 4945; x_wconf 81' lang='lat' dir='ltr'><strong>corpus</strong></span> <span class='ocrx_word' id='word_1_760' title='bbox 2953 4874 3010 4930; x_wconf 87' lang='lat' dir='ltr'><strong>in</strong></span> <span class='ocrx_word' id='word_1_761' title='bbox 3028 4874 3261 4934; x_wconf 78' lang='lat' dir='ltr'><strong>ﬂuvium</strong></span> <span class='ocrx_word' id='word_1_762' title='bbox 3291 4881 3520 4954; x_wconf 78' lang='lat' dir='ltr'><strong>ptiojeci.</strong></span> 
     </span>
    </p>
   </div>
   <div class='ocr_carea' id='block_1_110' title="bbox 1953 4962 3529 5035">
    <p class='ocr_par' dir='ltr' id='par_1_110' title="bbox 1953 4962 3529 5035">
     <span class='ocr_line' id='line_1_110' title="bbox 1953 4962 3529 5035; baseline 0.007 -17"><span class='ocrx_word' id='word_1_763' title='bbox 1953 4962 2031 5018; x_wconf 84' lang='lat' dir='ltr'><strong>De</strong></span> <span class='ocrx_word' id='word_1_764' title='bbox 2060 4966 2181 5017; x_wconf 83' lang='lat' dir='ltr'><strong>mea</strong></span> <span class='ocrx_word' id='word_1_765' title='bbox 2209 4962 2376 5032; x_wconf 82' lang='lat' dir='ltr'><strong>igitur</strong></span> <span class='ocrx_word' id='word_1_766' title='bbox 2394 4964 2576 5017; x_wconf 81' lang='lat' dir='ltr'><strong>salute</strong></span> <span class='ocrx_word' id='word_1_767' title='bbox 2633 4963 2961 5035; x_wconf 73' lang='lat' dir='ltr'><strong>desperans,</strong></span> <span class='ocrx_word' id='word_1_768' title='bbox 2976 4966 3233 5035; x_wconf 72' lang='lat' dir='ltr'><strong>discessi;</strong></span> <span class='ocrx_word' id='word_1_769' title='bbox 3287 4978 3347 5027; x_wconf 74' lang='lat' dir='ltr'><strong>ut</strong></span> <span class='ocrx_word' id='word_1_770' title='bbox 3376 4988 3529 5032; x_wconf 74' lang='lat' dir='ltr'><strong>nunc</strong></span> 
     </span>
    </p>
   </div>
   <div class='ocr_carea' id='block_1_111' title="bbox 1943 5053 3530 5123">
    <p class='ocr_par' dir='ltr' id='par_1_111' title="bbox 1943 5053 3530 5123">
     <span class='ocr_line' id='line_1_111' title="bbox 1943 5053 3530 5123; baseline 0.008 -12"><span class='ocrx_word' id='word_1_771' title='bbox 1943 5055 1998 5111; x_wconf 88' lang='lat' dir='ltr'><strong>in</strong></span> <span class='ocrx_word' id='word_1_772' title='bbox 2033 5053 2303 5109; x_wconf 83' lang='lat' dir='ltr'><strong>mundum</strong></span> <span class='ocrx_word' id='word_1_773' title='bbox 2331 5062 2598 5110; x_wconf 86' lang='lat' dir='ltr'><strong>revertor.</strong></span> <span class='ocrx_word' id='word_1_774' title='bbox 2615 5054 2904 5121; x_wconf 79' lang='lat' dir='ltr'><strong>Quomodo</strong></span> <span class='ocrx_word' id='word_1_775' title='bbox 2937 5058 3087 5115; x_wconf 74' lang='lat' dir='ltr'><strong>enim</strong></span> <span class='ocrx_word' id='word_1_776' title='bbox 3110 5060 3314 5119; x_wconf 67' lang='lat' dir='ltr'><strong>incudi</strong></span> <span class='ocrx_word' id='word_1_777' title='bbox 3334 5064 3530 5123; x_wconf 76' lang='lat' dir='ltr'><strong>altitu-</strong></span> 
     </span>
    </p>
   </div>
   <div class='ocr_carea' id='block_1_112' title="bbox 1942 5142 3527 5216">
    <p class='ocr_par' dir='ltr' id='par_1_112' title="bbox 1942 5142 3527 5216">
     <span class='ocr_line' id='line_1_112' title="bbox 1942 5142 3527 5216; baseline 0.012 -19"><span class='ocrx_word' id='word_1_778' title='bbox 1942 5142 2130 5198; x_wconf 85' lang='lat' dir='ltr'><strong>dinem</strong></span> <span class='ocrx_word' id='word_1_779' title='bbox 2189 5142 2384 5198; x_wconf 81' lang='lat' dir='ltr'><strong>oculos</strong></span> <span class='ocrx_word' id='word_1_780' title='bbox 2436 5143 2655 5214; x_wconf 82' lang='lat' dir='ltr'><strong>erigere</strong></span> <span class='ocrx_word' id='word_1_781' title='bbox 2712 5148 2950 5215; x_wconf 68' lang='lat' dir='ltr'><strong>potero?</strong></span> <span class='ocrx_word' id='word_1_782' title='bbox 2980 5147 3123 5207; x_wconf 78' lang='lat' dir='ltr'><strong>Nam</strong></span> <span class='ocrx_word' id='word_1_783' title='bbox 3148 5153 3197 5209; x_wconf 85' lang='lat' dir='ltr'><strong>si</strong></span> <span class='ocrx_word' id='word_1_784' title='bbox 3241 5153 3527 5216; x_wconf 68' lang='lat' dir='ltr'><strong>Christum</strong></span> 
     </span>
    </p>
   </div>
   <div class='ocr_carea' id='block_1_113' title="bbox 1944 5235 3528 5306">
    <p class='ocr_par' dir='ltr' id='par_1_113' title="bbox 1944 5235 3528 5306">
     <span class='ocr_line' id='line_1_113' title="bbox 1944 5235 3528 5306; baseline 0.011 -16"><span class='ocrx_word' id='word_1_785' title='bbox 1944 5235 2127 5306; x_wconf 80' lang='lat' dir='ltr'><strong>ipsum</strong></span> <span class='ocrx_word' id='word_1_786' title='bbox 2158 5236 2456 5290; x_wconf 78' lang='lat' dir='ltr'><strong>nominare</strong></span> <span class='ocrx_word' id='word_1_787' title='bbox 2482 5246 2657 5292; x_wconf 86' lang='lat' dir='ltr'><strong>ausus</strong></span> <span class='ocrx_word' id='word_1_788' title='bbox 2694 5238 2884 5305; x_wconf 73' lang='lat' dir='ltr'><strong>fuero,</strong></span> <span class='ocrx_word' id='word_1_789' title='bbox 2910 5248 3058 5299; x_wconf 77' lang='lat' dir='ltr'><strong>nunc</strong></span> <span class='ocrx_word' id='word_1_790' title='bbox 3111 5245 3252 5305; x_wconf 70' lang='lat' dir='ltr'><strong>imis</strong></span> <span class='ocrx_word' id='word_1_791' title='bbox 3289 5246 3359 5306; x_wconf 64' lang='lat' dir='ltr'><strong>de</strong></span> <span class='ocrx_word' id='word_1_792' title='bbox 3383 5247 3528 5306; x_wconf 73' lang='lat' dir='ltr'><strong>ratio</strong></span> 
     </span>
    </p>
   </div>
   <div class='ocr_carea' id='block_1_114' title="bbox 1950 5326 2848 5386">
    <p class='ocr_par' dir='ltr' id='par_1_114' title="bbox 1950 5326 2848 5386">
     <span class='ocr_line' id='line_1_114' title="bbox 1950 5326 2848 5386; baseline 0.006 -5"><span class='ocrx_word' id='word_1_793' title='bbox 1950 5326 2295 5383; x_wconf 78' lang='lat' dir='ltr'><strong>descendens</strong></span> <span class='ocrx_word' id='word_1_794' title='bbox 2316 5332 2505 5384; x_wconf 73' lang='lat' dir='ltr'><strong>statim</strong></span> <span class='ocrx_word' id='word_1_795' title='bbox 2535 5336 2848 5386; x_wconf 64' lang='lat' dir='ltr'><strong>consimet.</strong></span> 
     </span>
    </p>
   </div>
   <div class='ocr_carea' id='block_1_115' title="bbox 2589 5438 2895 5500">
    <p class='ocr_par' dir='ltr' id='par_1_115' title="bbox 2589 5438 2895 5500">
     <span class='ocr_line' id='line_1_115' title="bbox 2589 5438 2895 5500; baseline 0.016 -5"><span class='ocrx_word' id='word_1_796' title='bbox 2589 5438 2816 5500; x_wconf 69' lang='lat' dir='ltr'><strong>CAPUT</strong></span> <span class='ocrx_word' id='word_1_797' title='bbox 2833 5443 2895 5499; x_wconf 71' lang='grc' dir='ltr'><strong>ν.</strong></span> 
     </span>
    </p>
   </div>
   <div class='ocr_carea' id='block_1_116' title="bbox 2275 5518 3213 5611">
    <p class='ocr_par' dir='ltr' id='par_1_116' title="bbox 2275 5518 3213 5611">
     <span class='ocr_line' id='line_1_116' title="bbox 2275 5518 3213 5611; baseline 0.016 -28"><span class='ocrx_word' id='word_1_798' title='bbox 2275 5518 2595 5588; x_wconf 51' lang='lat' dir='ltr'><strong>Pssumus</strong></span> <span class='ocrx_word' id='word_1_799' title='bbox 2617 5524 2673 5587; x_wconf 63' lang='lat' dir='ltr'><strong>at</strong></span> <span class='ocrx_word' id='word_1_800' title='bbox 2697 5524 2939 5606; x_wconf 62' lang='lat' dir='ltr'><strong>matteis</strong></span> <span class='ocrx_word' id='word_1_801' title='bbox 2973 5540 3213 5611; x_wconf 57' lang='lat' dir='ltr'><strong>pausia.</strong></span> 
     </span>
    </p>
   </div>
   <div class='ocr_carea' id='block_1_117' title="bbox 2029 5618 3524 5732">
    <p class='ocr_par' dir='ltr' id='par_1_117' title="bbox 2029 5618 3524 5732">
     <span class='ocr_line' id='line_1_117' title="bbox 2029 5618 3524 5732; baseline 0.013 -36"><span class='ocrx_word' id='word_1_802' title='bbox 2247 5618 2373 5696; x_wconf 59' lang='grc' dir='ltr'><strong>Ϊῖὼᾶ</strong></span> <span class='ocrx_word' id='word_1_803' title='bbox 2392 5628 2450 5697; x_wconf 68' lang='grc' dir='ltr'><strong>εἰ</strong></span> <span class='ocrx_word' id='word_1_804' title='bbox 2471 5626 2593 5700; x_wconf 72' lang='lat' dir='ltr'><strong>eiiia</strong></span> <span class='ocrx_word' id='word_1_805' title='bbox 2615 5638 2740 5702; x_wconf 67' lang='grc' dir='ltr'><strong>ἰξύὼ</strong></span> <span class='ocrx_word' id='word_1_806' title='bbox 2759 5631 2857 5705; x_wconf 66' lang='lat' dir='ltr'><strong>ille</strong></span> <span class='ocrx_word' id='word_1_807' title='bbox 2883 5632 3340 5727; x_wconf 54' lang='grc' dir='ltr'><strong>ὶῦυίιῐὲῐὴἰίτῇὠῖέ</strong></span> <span class='ocrx_word' id='word_1_808' title='bbox 3351 5651 3409 5714; x_wconf 71' lang='lat' dir='ltr'><strong>et</strong></span> <span class='ocrx_word' id='word_1_809' title='bbox 3428 5652 3524 5732; x_wconf 50' lang='grc' dir='ltr'><strong>ἀῶ</strong></span> 
     </span>
    </p>
   </div>
   <div class='ocr_carea' id='block_1_118' title="bbox 1958 5733 3528 5810">
    <p class='ocr_par' dir='ltr' id='par_1_118' title="bbox 1958 5733 3528 5810">
     <span class='ocr_line' id='line_1_118' title="bbox 1958 5733 3528 5810; baseline 0.014 -23"><span class='ocrx_word' id='word_1_810' title='bbox 1958 5733 2184 5788; x_wconf 81' lang='lat' dir='ltr'><strong>mitibus</strong></span> <span class='ocrx_word' id='word_1_811' title='bbox 2216 5737 2470 5793; x_wconf 75' lang='lat' dir='ltr'><strong>maximis</strong></span> <span class='ocrx_word' id='word_1_812' title='bbox 2509 5751 2815 5806; x_wconf 82' lang='lat' dir='ltr'><strong>enarraret,</strong></span> <span class='ocrx_word' id='word_1_813' title='bbox 2847 5743 2985 5799; x_wconf 85' lang='lat' dir='ltr'><strong>alter</strong></span> <span class='ocrx_word' id='word_1_814' title='bbox 3040 5745 3133 5801; x_wconf 88' lang='lat' dir='ltr'><strong>Dei</strong></span> <span class='ocrx_word' id='word_1_815' title='bbox 3169 5762 3361 5806; x_wconf 85' lang='lat' dir='ltr'><strong>servus</strong></span> <span class='ocrx_word' id='word_1_816' title='bbox 3411 5751 3528 5810; x_wconf 78' lang='lat' dir='ltr'><strong>luce</strong></span> 
     </span>
    </p>
   </div>
   <div class='ocr_carea' id='block_1_119' title="bbox 3055 5976 3133 6043">
    <p class='ocr_par' dir='ltr' id='par_1_119' title="bbox 3055 5976 3133 6043">
     <span class='ocr_line' id='line_1_119' title="bbox 3055 5976 3133 6043; baseline 0.026 -2"><span class='ocrx_word' id='word_1_817' title='bbox 3055 5976 3133 6043; x_wconf 82' lang='lat'><strong>89</strong></span> 
     </span>
    </p>
   </div>
  </div>
