3834 6476
384 294 514 356 19327

1591 301 1874 364 MENSIS
1911 299 2154 362 JANUA
2167 301 2372 363 RIUS.

3521 315 3644 380 1238

375 415 636 485 audiens,
681 417 869 472 divina
903 419 1077 490 gratia
1109 410 1498 490 compunctus,
1532 419 1585 474 in
1619 420 1739 491 ejus
1772 417 1973 473 collum
2003 417 2050 476 Α
2082 424 2273 483 petere
2303 417 2662 475 audebo?Da
2690 424 2929 487 veniam,
2963 425 3354 496 benignissime
3407 430 3644 487 Domine.

374 509 600 574 cecidit,
636 526 882 582 eumque
921 511 1180 567 osculans
1210 529 1224 566 :
1256 511 1471 579 Quaeso,
1530 514 1730 582 inquit,
1775 510 1963 573 frater,

374 618 443 657 ne
476 604 664 657 animo
695 603 944 670 decidas,
969 620 1152 675 neque
1187 604 1254 658 de
1309 606 1486 660 salute
1528 615 1618 659 tua
1649 605 1907 673 desperes
1948 623 1962 659 :

373 697 474 751 sed
526 697 763 753 credens
821 697 1164 768 paenitentiae
1235 700 1416 753 locum
1477 715 1621 758 esse.
1691 697 1962 769 lacrymar

371 787 610 844 fundens
641 789 879 859 benigno
934 791 1046 846 Deo
1104 790 1389 844 conﬁtere.
1417 792 1645 846 Multum
1677 791 1824 846 enim
1863 788 1964 842 mi-

371 881 617 937 sericors
665 891 751 938 est
802 884 1093 950 Dominus,
1145 895 1200 940 et
1234 885 1406 940 multa
1439 895 1522 940 est
1556 884 1958 948 misericordia,

369 989 475 1043 qua
507 991 607 1030 nos
637 992 855 1046 semper
883 980 1263 1048 prosequitur.
1299 979 1488 1045 Quoad
1533 990 1749 1048 tempus
1792 977 1960 1033 habe-

369 1081 514 1130 mus,
543 1068 929 1137 pcenitentiam
958 1087 1205 1140 agamus.
1240 1071 1375 1125 Nam
1407 1072 1448 1126 si
1478 1071 1806 1141 poenitentia
1844 1087 1954 1125 non

369 1159 845 1228 csset,.quomodo
869 1160 1040 1214 David
1075 1169 1200 1231 post
1225 1163 1531 1232 prophetia:
1561 1163 1789 1227 donum,
1829 1170 1956 1232 post

369 1266 626 1320 regnum,
652 1260 778 1322 post
805 1251 1023 1306 Domini
1073 1253 1481 1316 testimonium,
1507 1253 1559 1306 in
1607 1253 1868 1308 adulterii
1897 1264 1953 1308 et

361 1340 534 1395 caedis
561 1339 884 1395 barathrum
926 1342 1134 1412 lapsus,
1159 1344 1342 1398 verbis
1377 1353 1429 1398 et
1485 1360 1542 1398 re
1571 1344 1950 1414 pmnitentiam

368 1433 688 1498 ostendens,
723 1434 912 1488 talium
939 1445 1294 1504 peccatorum
1327 1438 1709 1493 remissionem
1731 1438 1948 1508 assequi

360 1524 682 1591 potuisset?
709 1524 763 1579 Si
805 1525 1146 1596 paenitentia:
1175 1527 1331 1581 locus
1382 1544 1488 1582 non
1525 1538 1629 1589 est,
1667 1529 1949 1598 quomodo

325 1615 427 1670 'B.
461 1617 677 1681 Petrus,
715 1619 1094 1689 apostolorum
1131 1621 1410 1690 princeps,
1475 1622 1798 1691 primusque
1852 1621 1944 1676 di-

365 1709 633 1779 scipulus.
667 1711 760 1780 qui
791 1711 974 1765 claves
1000 1712 1123 1768 coeli
1153 1729 1181 1766 a
1209 1712 1318 1766 Deo
1352 1713 1566 1782 accepit
1599 1714 1641 1778 ',
1673 1728 1799 1767 cum
1844 1713 1948 1767 Do-

365 1804 577 1857 minum
601 1803 880 1860 Christum
912 1820 1024 1858 non
1083 1806 1272 1869 semel,
1302 1820 1408 1860 non
1445 1805 1551 1869 bis,
1594 1805 1688 1860 sed
1741 1815 1824 1860 ter
1851 1821 1946 1860 ne-

364 1905 553 1966 gasset
587 1897 627 1962 ⁸,
675 1906 730 1951 et
762 1908 886 1966 post
928 1896 1044 1952 haec
1077 1913 1262 1952 amare
1315 1897 1578 1962 ﬂevisset,
1614 1915 1722 1952 non
1769 1898 1945 1954 solum

363 1991 482 2060 ejus
514 1991 723 2060 peccati
776 1992 1161 2047 remissionem
1226 1993 1562 2063 impetravit,
1593 1994 1686 2048 sed
1741 1995 1946 2064 majore

360 2086 531 2138 etiam
599 2085 810 2139 honore
856 2085 1054 2155 dignus
1114 2085 1216 2139 fuit
1277 2087 1535 2150 habitus,
1586 2087 1940 2141 rationalium

361 2175 571 2230 Christi
623 2177 808 2229 ovium
867 2186 1053 2247 pastor
1112 2177 1566 2234 cll'eetus‘?Nisi
1618 2179 1945 2248 paenitentia

364 2277 533 2329 esset,
570 2267 851 2336 quomodo
887 2283 1034 2330 eum,
1069 2266 1162 2338 qui
1196 2270 1339 2338 apud
1360 2269 1678 2324 Corinthios
1703 2269 1946 2324 fornica-

367 2369 456 2412 tus
489 2357 690 2423 fuerat,
739 2360 946 2413 assumi
1006 2360 1300 2430 Apostolus
1329 2361 1642 2416 mandasset
1679 2361 1822 2426 :Ne,
1864 2364 1946 2416 in-

363 2447 584 2518 quiens,
628 2448 1102 2504 circumveniatur
1127 2465 1154 2503 a
1182 2448 1382 2505 Satana
1412 2451 1468 2504 '?

434 2537 624 2593 XXIV.
658 2538 754 2595 His
780 2548 837 2593 et
895 2538 1095 2594 talibus
1152 2540 1336 2595 verbis
1361 2556 1486 2597 cum
1534 2542 1654 2612 ejus
1698 2543 1942 2598 animum

362 2631 522 2686 valde
548 2630 929 2686 confirmaSSet
964 2647 1130 2687 verus
1159 2641 1213 2687 et
1241 2633 1559 2688 misericors
1591 2633 1782 2694 frater,
1815 2646 1940 2690 eu‘m

364 2725 600 2796 rogavit,
645 2734 705 2778 ut
735 2741 923 2780 secum
954 2741 1060 2779 una
1106 2740 1328 2781 manere
1353 2726 1555 2781 vellet:
1587 2741 1827 2798 cumque
1852 2729 1942 2782 ille

360 2819 570 2883 nollet,
610 2818 676 2873 ad
729 2819 886 2889 cujus
915 2821 1082 2889 pedes
1116 2819 1206 2873 Dei
1254 2835 1450 2875 servus
1477 2835 1533 2874 se
1563 2821 1784 2892 abjecit,
1817 2836 1944 2876 eos-

360 2927 470 2978 que
499 2910 799 2976 osculatus,
851 2911 1006 2966 illum
1045 2911 1260 2974 orabat,
1287 2927 1354 2966 ne
1373 2911 1441 2966 ab
1471 2925 1537 2966 eo
1564 2920 1940 2981 separaretur,

361 3001 613 3072 cogitans
647 3017 712 3057 ac
735 3011 1012 3066 metuens,
1053 3019 1122 3057 ne
1155 3003 1344 3072 aliquo
1400 3002 1563 3057 modo
1593 3003 1648 3057 in
1679 3002 1943 3073 despera-
1989 3011 1995 3018 '

2071 505 2206 562 Esto
2237 510 2510 579 propitius
2537 513 2672 567 mihi
2707 514 2952 585 indigno,
2983 517 3128 573 bone
3165 521 3416 584 Domine,
3475 538 3643 594 neque

2069 601 2268 672 perdas
2317 619 2404 659 me
2427 621 2554 660 eum
2588 610 2924 678 turpissimis
2949 611 3108 667 factis
3150 615 3328 670 meis:
3371 631 3482 670 non
3508 632 3643 672 ennn

2066 712 2251 765 parva:
2301 706 2431 751 sunt
2492 699 2802 769 impietates
2859 718 3013 758 mete.
3075 704 3341 778 Stuprum
3381 709 3643 776 commisi,

2065 786 2268 841 caedem
2298 787 2422 853 feci,
2467 793 2792 861 sanguinem
2822 793 3172 851 innocentem
3201 799 3500 854 cﬂ'udi.Ad
3529 801 3638 857 hac

2063 879 2246 933 omnia
2281 881 2542 937 miserum
2573 899 2796 954 ~corpus
2823 889 3002 956 aquis,
3035 889 3168 944 feris
3217 906 3282 944 ac
3330 891 3641 948 volucribus

2062 987 2247 1026 escam
2278 973 2426 1029 dedi.
2479 976 2546 1030 Et
2604 993 2777 1043 nunc,
2817 979 3068 1046 Domine,
3109 981 3206 1037 tibi
3233 983 3430 1038 scienti
3467 986 3642 1040 omnia

2061 1059 2349 1127 confiteor,
2381 1061 2576 1118 harum
2614 1082 2800 1121 rerum
2834 1069 3046 1124 veniam
3077 1087 3107 1125 a
3140 1081 3192 1126 te
3226 1074 3536 1143 postulans.
3565 1077 3638 1131 Ne

2061 1166 2147 1206 me
2170 1150 2462 1221 despicias,
2504 1153 2751 1219 Domine,
2785 1156 2880 1211 sed
2915 1173 3015 1228 pro
3048 1168 3139 1214 tua
3165 1161 3547 1217 misericordia
3578 1174 3634 1220 et

2060 1244 2114 1298 iu
2147 1245 2400 1301 homines
2429 1247 2718 1314 eharitate,
2743 1251 3006 1306 miserere
3065 1253 3172 1307 mei
3221 1255 3465 1312 hominis
3497 1257 3640 1327 impii

2056 1347 2222 1409 atque
2277 1339 2508 1410 indigni,
2562 1351 2619 1396 et
2677 1343 2814 1398 mihi
2870 1347 3148 1414 copiosam
3205 1348 3634 1405 misericordiam

2057 1441 2204 1486 tuam
2234 1433 2544 1504 impertias,
2575 1450 2906 1506 omnemque
2958 1437 3301 1507 iniquitatem
3342 1456 3518 1495 meam
3551 1458 3639 1496 re-

2055 1528 2236 1587 mitte,
2272 1541 2341 1580 ne
2378 1527 2432 1580 in
2465 1528 2677 1596 peccati
2711 1527 3040 1598 profundam
3071 1530 3390 1599 voraginem
3422 1531 3635 1587 demer-

2053 1634 2174 1673 sum
2207 1619 2408 1674 obruat
2442 1636 2530 1675 me
2561 1619 2856 1676 vastatoris
2874 1620 3082 1676 inimici
3106 1623 3460 1692 procella,ne
3477 1625 3638 1681 draco

2051 1711 2231 1782 abyssi
2265 1727 2350 1766 me
2381 1711 2633 1767 devoret.

2121 1805 2312 1861 XXVI.
2340 1805 2453 1861 Hac
2488 1807 2761 1861 constanti
2819 1809 3140 1878 pcenitentia
3195 1818 3251 1864 et
3285 1809 3635 1867 confessione

2053 1909 2203 1959 usus,
2236 1895 2429 1950 decem
2466 1910 2640 1951 annos
2703 1895 2756 1950 in
2792 1898 3052 1966 spelunca
3103 1901 3386 1970 transegit,
3429 1900 3517 1954 vel
3583 1901 3634 1953 in

2050 1988 2305 2056 sepulcro
2335 1988 2520 2057 potius
2549 1987 2744 2043 duram
2786 1991 2954 2044 vitam
2989 1991 3250 2056 tolerans,
3309 2008 3341 2048 e
3395 1993 3518 2047 loco
3549 1993 3634 2046 illo

2049 2097 2158 2135 non
2190 2083 2345 2146 exiit,
2379 2098 2559 2152 neque
2608 2099 2733 2138 cum
2786 2084 2969 2154 aliquo
3011 2097 3262 2140 versatus
3312 2094 3418 2150 est,
3455 2102 3628 2155 neque

2049 2192 2380 2246 quemquam
2412 2176 2690 2232 allocutus
2723 2193 2738 2230 :
2780 2179 2874 2233 sed
2903 2180 3108 2234 amaris
3135 2179 3412 2250 lacrymis,
3456 2179 3626 2250 gemi-

2051 2269 2200 2324 tibus
2228 2278 2284 2323 et
2305 2270 2559 2324 lamentis
2579 2270 3022 2326 intolerabilibus
3050 2273 3331 2342 multaque
3364 2287 3628 2342 compun-

2047 2362 2227 2416 ctione
2271 2374 2432 2417 omne
2464 2373 2682 2433 tempus
2741 2365 3027 2436 transegit,
3058 2364 3144 2420 bis
3189 2364 3244 2419 in
3286 2363 3628 2419 hebdomada

2043 2454 2265 2525 ianuam
2283 2455 2558 2524 speluncae
2579 2457 2856 2526 aperiens,
2870 2464 2926 2512 et
2943 2458 3114 2522 olera,
3131 2474 3253 2528 quae
3286 2467 3445 2512 erant
3463 2472 3628 2527 prope

2046 2546 2250 2601 ostium
2284 2547 2670 2616 sepulcri,ubi
2725 2547 2841 2618 ipse
2894 2548 3172 2610 manebat,
3225 2549 3530 2619 colligens;
3563 2563 3624 2601 ex

2046 2637 2247 2706 quibus
2281 2646 2492 2692 tantum
2520 2639 2868 2702 comedebat,
2900 2649 3166 2709 quantum
3198 2640 3303 2694 sibi
3342 2641 3477 2694 satis
3503 2654 3626 2693 esse

2048 2731 2312 2801 putabat;
2339 2741 2507 2801 atque
2543 2731 2597 2786 in
2631 2733 2952 2802 speluncam
2984 2733 3392 2794 revertebatur,
3428 2732 3626 2786 multas

2045 2822 2158 2877 Deo
2219 2824 2424 2894 gratias
2477 2839 2666 2892 agens,
2728 2825 2990 2895 omnique
3043 2833 3289 2895 tempore
3348 2825 3624 2894 precibus,

2045 2916 2248 2988 vigiliis
2271 2926 2328 2972 et
2349 2916 2717 2973 confessionis
2751 2897 3192 2987 perseverantia;
3213 2915 3352 2972 dans
3380 2933 3623 2988 operam.

2046 3007 2415 3076 Quamobrem
2447 3009 2723 3080 benignus
2754 3010 2919 3075 Deus,
2953 3011 3046 3080 qui
3093 3025 3201 3064 non
3241 3010 3359 3063 vult
3390 3018 3618 3063 mortem

363 3097 568 3150 tionem
588 3093 878 3156 incideret,
901 3095 1210 3149 etanimam
1234 3110 1389 3149 suam
1412 3096 1639 3150 omnino
1655 3096 1932 3166 perderet.
1967 3110 2007 3165 ο
2043 3103 2354 3172 peccatoris
2381 3105 2421 3166 ο,
2448 3102 2544 3157 sed
2602 3103 3022 3157 conversionem
3069 3110 3126 3157 et
3170 3101 3361 3164 vitam,
3407 3109 3619 3154 tantum

357 3187 497 3242 Cum
529 3201 658 3242 vero
685 3187 1042 3241 vehementer
1064 3202 1195 3240 eum
1214 3186 1539 3250 admonens,
1560 3203 1756 3258 rogans
1774 3197 1939 3257 atque

360 3279 678 3344 obsecrans,
720 3278 800 3332 illi
833 3277 1169 3348 persuadere
1201 3293 1311 3332 non
1357 3289 1566 3349 posset,
1597 3289 1823 3335 sanctus
1852 3281 1938 3336 vir

360 3371 630 3441 angustiis
655 3385 1011 3440 compressus
1038 3380 1095 3425 et
1124 3370 1322 3440 spiritu
1342 3372 1730 3444 ingemiscens,
1771 3382 1938 3444 atque

361 3479 461 3532 pro
485 3479 552 3519 eo
580 3478 910 3534 magnopere
946 3463 1118 3518 Deum
1164 3473 1442 3534 precatus.
1500 3464 1654 3520 illum
1711 3465 1939 3534 dimisit,

357 3571 485 3612 cum
537 3554 950 3610 benedictiones
1002 3555 1168 3610 etiam
1201 3554 1461 3620 dedisset,
1520 3557 1725 3626 quibus
1763 3558 1819 3612 in
1853 3558 1937 3615 via

364 3658 630 3704 uteretur.
656 3648 904 3719 Cumque
934 3664 1039 3703 una
1075 3663 1198 3704 cum
1254 3649 1346 3702 illo
1378 3664 1552 3718 usque
1603 3649 1671 3703 ad
1707 3649 1939 3719 quinde-

359 3743 467 3794 cim
501 3741 754 3795 milliaria
783 3741 991 3803 ivisset,
1028 3755 1136 3794 non
1165 3739 1450 3796 desinebat
1482 3741 1664 3810 ipsum
1695 3741 1931 3809 hortari,

359 3837 578 3906 longam
625 3835 693 3889 de
755 3833 1083 3904 pmnitentia
1137 3833 1448 3889 orationem
1508 3833 1739 3888 habens.
1797 3835 1936 3889 Eum

359 3926 561 3983 deinde
623 3927 929 3993 amplexus,
980 3934 1190 3981 etcum
1243 3926 1501 3998 lacrymis
1545 3927 1848 3992 osculatus,
1873 3943 1938 3982 ac

360 4036 459 4089 pro
488 4019 608 4089 ipso
642 4019 816 4074 Deum
859 4029 1136 4089 precatus,
1172 4019 1228 4074 in
1267 4020 1521 4076 cellulam
1551 4035 1706 4074 suam
1745 4035 1936 4075 rever-

358 4127 455 4167 SllS
476 4121 584 4168 85L

430 4201 592 4258 XXV.
620 4201 861 4258 Jacobus
897 4211 1081 4259 autem
1113 4218 1240 4259 cum
1264 4203 1386 4268 vite,
1423 4219 1546 4274 quae
1575 4203 1632 4259 in
1663 4204 1933 4260 mundum

357 4294 616 4362 ducebat,
683 4311 743 4351 se
793 4296 1054 4360 dedisset,
1107 4297 1164 4352 in
1228 4297 1426 4352 itinere
1483 4308 1622 4353 erat.
1686 4297 1934 4368 Cumque

359 4401 569 4459 partem
602 4389 894 4459 quamdam
928 4390 1031 4444 viae
1062 4389 1440 4460 transegisset,
1475 4397 1532 4444 et
1578 4390 1805 4461 paulum
1834 4389 1930 4445 de-

2043 3202 2100 3247 et
2131 3204 2238 3248 tam
2268 3195 2502 3249 multum
2556 3194 2802 3248 laborem
2831 3210 2943 3248 non
2988 3193 3206 3247 inanem
3237 3207 3420 3262 neque
3454 3191 3624 3246 inuti-

2034 3283 2150 3360 lem
2175 3300 2297 3340 esse
2328 3300 2522 3354 passus
2568 3293 2670 3339 est.
2701 3285 2839 3356 Ejus
2883 3285 3032 3338 enim
3066 3298 3259 3353 puram
3289 3291 3346 3337 et
3395 3281 3627 3353 diligen-

2045 3377 2314 3432 tissimam
2349 3377 2730 3447 paenitentiam
2783 3376 3096 3441 attendens,
3143 3383 3422 3432 tantorum
3452 3383 3509 3430 et
3543 3387 3626 3429 ta-

2043 3469 2176 3523 lium
2200 3480 2555 3540 peccatorum
2585 3469 2801 3524 veniam
2831 3469 2882 3522 ei
2915 3466 3088 3524 dedit.

2649 3603 2876 3660 CAPUT
2900 3603 2987 3658 VI.

2095 3720 2280 3776 Pluvia
2324 3721 2632 3791 impetrata.
2663 3718 2785 3774 Alia
2822 3716 3104 3772 miracula.
3133 3714 3317 3772 Sancti
3348 3716 3540 3771 obitus.

2113 3833 2328 3889 XXVII.
2352 3833 2602 3902 Cumque
2625 3841 2681 3887 et
2703 3841 2897 3887 sancto
2922 3830 2998 3886 illi
3026 3829 3257 3893 homini,
3281 3838 3338 3885 et
3365 3829 3622 3885 omnibus

2038 3927 2162 3981 aliis
2192 3924 2534 3996 ptenitentiaa
2565 3923 2675 3978 vim
2715 3921 3060 3978 manifestam
3098 3922 3242 3976 Deus
3281 3921 3396 3992 ipse
3442 3922 3621 3977 facere

2037 4020 2228 4084 vellet,
2278 4016 2551 4088 permisit,
2606 4024 2668 4070 ut
2722 4014 3246 4070 vehementissimus
3295 4015 3520 4084 squalor
3569 4024 3621 4068 et

2037 4109 2236 4180 pluvia:
2275 4107 2506 4178 penuria
2557 4115 2725 4162 totam
2777 4104 2925 4159 illam
2985 4103 3263 4176 regionem
3321 4104 3618 4159 detineret.

2037 4205 2227 4275 Itaque
2259 4211 2382 4273 post
2411 4201 2582 4256 multa
2599 4199 2830 4272 jejunia,
2865 4197 3616 4268 precesetsupplicationes.
3676 4213 3683 4220 '

2038 4295 2343 4350 revelatum
2404 4292 2510 4346 fuit
2558 4291 2802 4346 civitatis
2859 4290 3009 4344 illius
3059 4288 3474 4359 religiosissimo
3501 4289 3618 4358 cpi-

2038 4399 2226 4453 scapo,
2261 4382 2382 4436 viro
2409 4388 2598 4436 sancto
2621 4389 2678 4435 et
2717 4380 2888 4434 Deum
2945 4378 3235 4437 metuenti.
3272 4393 3392 4432 esse
3419 4394 3614 4448 quem-

355 4482 639 4547 clinasset,
692 4490 854 4537 vetus
899 4481 1176 4552 quoddam
1233 4483 1543 4551 sepulcrum
1591 4482 1822 4547 invenit,
1863 4483 1929 4537 ad
1966 4466 2010 4522 Ι)
2039 4476 2162 4530 dam
2191 4473 2491 4536 hominem,
2527 4487 2590 4525 ea
2631 4470 2686 4525 in
2730 4470 2954 4541 regione
2985 4470 3038 4523 in
3068 4470 3325 4539 sepulcro
3356 4469 3614 4522 habitan-

354 4574 585 4645 Iiguram
611 4575 889 4644 speluncae
921 4573 1150 4639 factum,
1182 4575 1237 4628 in
1269 4589 1380 4642 quo
1414 4574 1647 4643 plurima
1681 4582 1932 4629 mortuo-

355 4683 477 4722 rum
505 4682 625 4723 ossa
667 4667 906 4737 reposita
946 4675 1124 4733 erant,
1155 4681 1278 4736 quae
1333 4667 1598 4735 temporis
1656 4676 1931 4722 vetustate

352 4760 467 4815 fere
498 4768 560 4816 ut
585 4758 763 4829 pulvis
795 4766 1104 4814 evaserant.
1137 4757 1257 4824 Quo
1308 4756 1616 4827 ingressus,
1657 4772 1783 4811 cum
1807 4772 1931 4813 ossa

352 4852 442 4907 illa
496 4851 552 4906 in
603 4865 773 4905 unum
823 4848 1156 4918 collegisset,
1192 4847 1247 4901 in
1282 4847 1520 4916 quodam
1585 4849 1926 4902 monumenti

349 4944 551 5016 angulo
591 4959 656 4998 ea
709 4941 1008 5011 reposuit:
1043 4953 1280 5008 cumque
1342 4946 1587 4993 veterem
1652 4939 1926 5008 speluncae

345 5038 568 5106 januam
596 5035 945 5100 occlusisset,
990 5041 1046 5087 et
1107 5047 1285 5103 genua
1331 5031 1388 5085 in
1421 5039 1568 5085 terra
1628 5032 1923 5101 posuisset,

345 5140 544 5202 pectus
561 5128 879 5192 verberans,
921 5137 1119 5196 magno
1149 5137 1273 5179 cum
1307 5122 1514 5194 eiulatu
1546 5137 1610 5177 ac
1653 5123 1922 5177 lamenta-

350 5221 497 5276 tione
523 5220 598 5274 ita
629 5219 742 5273 Deo
764 5217 1132 5273 confitebatur
1160 5232 1173 5268 :
1207 5213 1494 5282 Quomodo
1527 5213 1597 5269 ad
1631 5222 1706 5280 te,
1754 5213 1919 5276 Deus,

347 5309 538 5367 oculos
583 5308 839 5380 erigam?
867 5307 1038 5375 Quale
1091 5303 1461 5361 confessionis
1515 5319 1652 5359 meas
1703 5303 1923 5361 initium

345 5403 586 5462 faciam?
613 5401 734 5470 Quo
761 5403 968 5468 animo,
997 5414 1214 5470 quaque
1243 5397 1582 5455 conscientia
1604 5396 1799 5463 fretus,
1822 5397 1925 5451 im-

345 5501 493 5572 piam
516 5499 758 5572 linguam
799 5505 858 5553 et
902 5495 1047 5560 labia
1075 5494 1336 5551 sordibus
1369 5492 1532 5564 plena
1555 5505 1800 5560 ,movere
1825 5507 1891 5563 ag

345 5591 606 5665 grediar?
636 5589 879 5646 Primum
922 5587 1247 5657 cujusquam
1288 5580 1503 5655 peccati
1532 5579 1918 5636 remissionem

2037 4577 2168 4632 tem,
2203 4565 2392 4620 habitu
2423 4563 2646 4633 quidem
2670 4561 2956 4625 humilem,
2982 4559 3078 4615 sed
3109 4560 3308 4630 spiritu
3345 4570 3400 4613 et
3423 4559 3609 4613 animo

2035 4666 2286 4712 sanctum
2314 4653 2444 4725 ;qui
2473 4653 2516 4708 si
2552 4652 2620 4706 ab
2647 4650 2782 4722 ipsis
2818 4650 3325 4721 persuasus,Deum
3355 4659 3607 4718 precatus

2031 4750 2248 4812 fuisset,
2285 4746 2466 4802 omnia
2517 4745 2656 4799 mala
2707 4759 2827 4814 qua:
2859 4742 2933 4796 illi
2968 4742 3174 4812 regioni
3235 4742 3609 4803 imminerent,

2033 4850 2325 4899 averteret.
2366 4836 2759 4894 Sanctissimus
2796 4834 2960 4905 igitur
3006 4835 3301 4904 episcopus
3341 4850 3468 4888 cum
3497 4842 3611 4887 toto

2031 4933 2181 4989 clero
2205 4930 2371 5003 jussit
2396 4943 2588 4984 omnes
2633 4923 2954 4997 congregari
3009 4925 3076 4978 ad
3135 4923 3402 4977 visionem
3461 4923 3608 4976 illam

2028 5023 2380 5087 audiendam,
2409 5035 2572 5091 quam
2596 5017 2677 5073 eis
2707 5027 3031 5072 narraturus
3053 5023 3192 5076 erat,
3225 5025 3284 5069 ut
3326 5032 3450 5070 cum
3477 5029 3608 5083 sup-

2028 5117 2418 5190 plicationibus
2447 5113 2513 5169 ad
2539 5112 2859 5183 speluncam
2896 5110 3001 5164 sibi
3039 5109 3354 5172 revelatam,
3383 5109 3449 5162 ad
3482 5123 3606 5162 eum

2027 5211 2274 5266 divinum
2301 5207 2582 5263 hominem
2615 5202 2851 5258 adirent.
2896 5200 3034 5258 Cum
3069 5200 3122 5255 id
3153 5200 3355 5256 factum
3388 5200 3602 5260 fuisset,

2025 5311 2081 5358 et
2106 5301 2173 5357 ad
2207 5316 2333 5355 cum
2367 5301 2550 5354 locum
2580 5294 2878 5361 venissent,
2905 5294 3112 5366 justum
3138 5292 3291 5348 illum
3322 5288 3600 5345 hominem

2024 5392 2378 5454 invenerunt,
2409 5387 2705 5457 multisque
2736 5384 2996 5456 precibus
3016 5383 3084 5438 ab
3115 5399 3182 5438 eo
3213 5382 3508 5453 petierunt,
3540 5383 3601 5431 ut

2019 5497 2213 5538 eorum
2245 5479 2486 5551 regionis
2510 5477 2889 5540 misereretur,
2943 5482 3000 5529 et
3032 5474 3202 5529 Deum
3237 5470 3448 5542 precari
3483 5467 3598 5521 vel-
3693 5469 3701 5478 '

2019 5575 2116 5638 let,
2145 5572 2214 5628 ab
2241 5585 2418 5642 eoque
2441 5570 2737 5640 impetrare
2757 5575 2817 5622 ut
2845 5564 3052 5637 populo
3078 5579 3179 5620 suo
3208 5560 3598 5618 reconciliaret-

438 5769 458 5796 ’
489 5743 675 5826 Matth.
718 5786 828 5838 xvi,
892 5767 977 5823 I9.
1067 5736 1313 5822 5Matth.
1345 5779 1496 5830 xxvr,
1527 5765 1615 5822 74.
1694 5762 1896 5820 ‘Joan.
1959 5777 2072 5830 ut,
2103 5759 2193 5816 Π.
2276 5758 2296 5792 ⁸
2339 5755 2381 5810 11
2414 5753 2541 5809 Cor.
2600 5766 2660 5817 II,
2723 5749 2811 5804 Il.
2891 5752 2912 5783 ⁸
2944 5747 3147 5805 Ezech.
3180 5734 3337 5813 xvtu,
3373 5743 3462 5801 52.
