3834 6506
258 401 398 477 1229

1314 385 1490 468 VITA
1530 384 1630 469 ‘ss.
1673 376 1849 468 cvm
1879 365 1982 465 ἘΤ
2018 371 2358 468 somnis.

3363 318 3400 367 ἱ

3362 402 3496 494 mo

255 530 368 591 tur,
399 531 456 579 et
481 510 809 594 prasenlem
833 510 1145 593 squalorem
1173 518 1473 593 depellens,
1498 518 1740 590 pluviam
1772 516 1827 572 in
1861 521 1902 578 Α
1934 522 2042 571 tate
2074 516 2166 572 illa
2191 531 2352 572 aerea
2394 502 2610 572 liberati
2639 498 2768 573 sunt
2795 533 2808 570 :
2834 495 2890 570 et
2942 512 3195 587 hymnos,
3223 515 3497 587 supplica-

255 631 450 674 eorum
475 624 681 672 terram
711 614 1047 671 demitteret.

327 706 566 764 XXVlll.
604 707 700 762 ille
727 706 865 763 nihil
914 706 1143 762 omnino
1162 705 1245 763 eis
1272 704 1637 777 respondens,
1665 718 1826 758 suum

232 808 456 869 .pectus
478 798 832 865 verberabat,
868 813 1046 869 neque
1070 798 1126 852 in
1168 799 1368 854 coelum
1400 798 1588 853 oculos
1618 796 1829 865 erigere

257 891 490 956 audens,
513 892 567 946 id
595 899 805 946 tantum
827 890 1046 947 dicebat
1076 907 1090 944 :
1123 891 1402 962 Propitius
1418 899 1558 953 esto,
1587 888 1827 953 Christe,

260 983 450 1039 multis
477 982 1041 1053 meisimpietatibus.
1091 983 1395 1054 Episcopus
1434 997 1570 1038 vero
1617 997 1740 1038 cum
1775 983 1832 1038 in

260 1074 761 1145 supplicationibus
783 1083 950 1145 atque
986 1074 1394 1131 hortationibus
1430 1084 1831 1144 perseveraret,

262 1181 443 1237 neque
471 1181 796 1236 responsum
821 1166 1043 1237 aliquod
1073 1167 1143 1222 ab
1185 1183 1252 1223 eo
1298 1168 1593 1238 reciperet,
1624 1167 1719 1222 illo
1746 1183 1833 1223 re-

243 1257 418 1347 .‘licto,
446 1259 540 1329 qui
587 1274 656 1314 eo
685 1267 972 1324 venerant,
1021 1260 1385 1316 lamentantes
1420 1260 1626 1317 reversi
1679 1271 1831 1315 sunt.

259 1351 512 1422 Cumque
537 1351 605 1407 ad
626 1352 917 1408 ecclesiam
948 1352 1252 1415 venissent,
1293 1353 1406 1409 illic
1429 1348 1626 1408 rursus
1657 1354 1834 1424 lacry-

262 1448 479 1496 mantes
526 1447 583 1496 et
612 1440 892 1511 supplices
920 1438 952 1496 a
997 1441 1238 1512 benigno
1266 1438 1379 1496 Deo
1404 1431 1671 1496 malorum
1702 1442 1839 1498 libe-
1863 1481 1875 1492 .

263 1533 535 1587 rationem
582 1531 922 1602 quaerebant.
959 1531 1095 1587 Cum
1144 1547 1277 1610 vero
1321 1533 1509 1588 multis
1532 1533 1727 1589 diebus
1755 1535 1836 1589 la-

266 1633 577 1681 mentantes
617 1640 682 1680 ac
718 1625 1034 1697 jejunantes
1057 1625 1226 1679 Deum
1264 1624 1640 1695 implorarent.
1670 1635 1731 1680 ut
1757 1626 1881 1703 eis”

263 1714 559 1771 sutivenire
590 1715 757 1770 vellet
775 1756 791 1782 ,
831 1716 1031 1771 iterum
1053 1715 1233 1770 eidem
1257 1715 1516 1788 episcopo
1539 1703 1837 1773 revelatum

265 1816 375 1873 est,
405 1816 462 1863 et
492 1807 641 1862 clara
670 1822 778 1862 vox
833 1807 1021 1862 audita
1080 1805 1207 1871 fuit,
1256 1821 1378 1876 quae
1413 1808 1487 1863 ita
1512 1808 1651 1864 dixit
1685 1830 1697 1867 :
1734 1807 1838 1864 Abi

266 1899 337 1953 ad
363 1912 582 1954 servum
614 1913 797 1953 meum
818 1897 1105 1966 Iacobum,
1128 1916 1292 1971 quem
1314 1901 1538 1972 tibijam
1568 1901 1833 1968 revelavi,

264 1993 428 2063 eique
455 1991 809 2062 persuadeas.
841 2003 901 2047 ut
925 1981 995 2048 de
1017 1990 1105 2047 his
1135 1992 1304 2049 rebus
1334 2008 1421 2049 me
1452 2008 1614 2049 orare
1649 1995 1786 2051 velit
1818 2013 1835 2051 :

264 2098 335 2139 eo
364 2082 511 2137 enim
542 2090 757 2148 orante,
794 2081 863 2138 iis
890 2082 1050 2139 malis
1086 2098 1208 2152 qua
1251 2084 1462 2156 regioni
1499 2085 1836 2156 impendent,

269 2174 429 2228 liberi
460 2173 635 2229 eritis.

341 2264 536 2321 XXIX.
578 2260 852 2322 Reversus
881 2266 1050 2338 igitur
1077 2281 1201 2322 cum
1228 2276 1342 2324 toto
1371 2268 1521 2323 clero
1550 2277 1608 2324 et
1637 2270 1842 2340 populo

266 2366 494 2413 sanctus
519 2357 615 2414 Dei
644 2359 903 2414 sacerdos
925 2360 1186 2430 pergebat
1235 2361 1423 2416 divino
1472 2361 1678 2416 homini
1708 2377 1842 2433 sup-

268 2448 595 2519 plicationes
612 2447 994 2505 aﬂ'erre.Tunc
1011 2450 1100 2506 ille
1130 2450 1355 2515 invitus,
1377 2459 1438 2505 ut
1455 2451 1608 2507 brevi
1637 2451 1839 2515 dicam,

267 2546 330 2592 et
389 2537 575 2592 multis
626 2538 1123 2608 supplicationibus
1190 2540 1485 2608 adductus,
1543 2552 1601 2597 et
1645 2542 1715 2596 ab
1750 2541 1843 2597 illo

272 2638 465 2685 sancto
493 2629 755 2701 episcopo
775 2645 1094 2701 persuasus,
1135 2632 1281 2702 quod
1306 2632 1492 2688 divina
1510 2633 1845 2689 revelatione

272 2720 343 2776 ad
390 2737 515 2777 eum
533 2722 735 2778 missus
773 2722 1037 2786 venisset,
1069 2724 1270 2779 erectis
1309 2725 1364 2779 in
1412 2726 1613 2780 emittm
1642 2726 1841 2791 oculis,

275 2814 451 2869 multo
493 2823 739 2885 tempore
791 2824 1031 2870 attentas
1084 2823 1279 2885 preces
1328 2814 1567 2871 habuit:
1609 2832 1847 2889 cumque

273 2908 458 2964 adhuc
490 2908 546 2963 in
573 2908 697 2979 ejus
715 2923 810 2963 ore
843 2923 1039 2978 preces
1066 2916 1272 2973 essent,
1297 2907 1475 2963 bonus
1511 2917 1570 2964 et
1622 2909 1845 2966 miseri-

271 3015 403 3057 cors
433 3001 597 3068 Deus,
635 3000 731 3071 qui
767 3000 951 3054 omnia
1014 3015 1074 3054 se
1123 3000 1498 3056 metuentibus
1528 3001 1749 3057 abunde
1792 3012 1849 3058 et

274 3092 436 3149 facile
459 3091 714 3164 largitur,
747 3107 807 3148 re
835 3091 955 3162 ipsa
989 3091 1123 3147 illud
1153 3092 1464 3148 divinarum
1515 3093 1845 3150 Litterarum

274 3184 486 3239 dictum
519 3184 793 3254 implens:
828 3203 847 3235 ‹
879 3184 1071 3239 Adhuc
1103 3193 1155 3241 te
1177 3185 1457 3256 loquente,
1484 3186 1686 3250 dicam,
1706 3188 1848 3244 Ecce

276 3277 474 3331 adsum
504 3277 549 3343 ',
582 3294 600 3328 ι
642 3276 883 3346 pluviam
911 3276 1139 3332 multam
1173 3277 1227 3333 in
1254 3288 1458 3332 terram
1496 3281 1743 3336 demisit.

350 3362 523 3421 XXX.
548 3365 723 3433 Quam
775 3367 1041 3438 majorem
1077 3368 1136 3423 in
1189 3368 1411 3422 modum
1450 3369 1727 3437 admirati,
1756 3372 1857 3442 liy-

276 3471 469 3513 mnum
501 3473 601 3528 pro
633 3458 823 3541 gratiis
866 3459 1095 3529 agendis
1124 3459 1468 3515 misericordi
1502 3461 1613 3517 Deo
1641 3474 1698 3518 et
1726 3464 1848 3536 ejus

280 3549 699 3620 magniﬁcentiae
730 3549 1074 3615 cecinerunt,
1094 3565 1157 3605 ac
1186 3552 1391 3606 reversi
1419 3562 1549 3607 sunt
1576 3553 1853 3610 :divinam

283 3656 420 3697 vero
449 3641 676 3712 gloriam
701 3640 1070 3709 celebrantes,
1105 3642 1227 3713 ejus
1270 3658 1459 3699 servos
1491 3644 1682 3701 beatos
1718 3664 1858 3718 prte-

280 3732 560 3796 dicabant,
577 3733 671 3804 qui
686 3748 782 3803 per
795 3731 1019 3789 virtutis
1033 3734 1505 3803 exercitationem,
1523 3738 1613 3792 tali
1636 3754 1699 3794 ac
1716 3751 1867 3797 tanto

288 3824 501 3878 honore
533 3834 591 3880 et
621 3824 792 3896 gratia
823 3825 973 3896 digni
1026 3825 1395 3882 cllicerentur.
1429 3827 1509 3882 Eo
1557 3828 1722 3899 igitur
1753 3848 1870 3888 ma-

289 3914 441 3969 ximo
471 3914 745 3970 beneﬂcio
775 3930 805 3969 a
841 3915 1079 3986 benigno
1107 3917 1219 3972 Deo
1251 3917 1445 3988 adjuti,
1480 3930 1535 3972 et
1560 3920 1744 3976 divina
1776 3923 1869 3978 illa

284 4004 862 4077 plagaliberati,quae
912 4021 1013 4076 per
1041 4005 1137 4060 Dei
1188 4022 1405 4061 servum
1462 4008 1726 4064 Jacobum
1776 4027 1867 4066 re-

286 4096 447 4166 pulsa
475 4104 583 4157 est,
608 4097 677 4151 ad
709 4096 1039 4151 hodiernum
1068 4112 1243 4167 usque
1281 4096 1424 4152 diem
1477 4114 1573 4169 per
1625 4100 1867 4170 singulos

287 4204 463 4244 annos
486 4189 635 4244 illius
677 4188 786 4245 diei
828 4189 1149 4244 memoriam
1195 4191 1495 4253 celebrant,
1537 4207 1648 4262 quo
1695 4192 1866 4246 aridi-

297 4326 307 4334 ’
344 4331 364 4361 τ
396 4318 501 4386 lsa.
539 4347 691 4401 tvm,
717 4333 772 4391 9.

297 4500 2418 4538 mm

1876 3238 1923 3298 C

1931 606 2110 661 tiones
2131 616 2186 662 et
2209 608 2413 678 gratias
2440 606 2691 663 assiduas
2717 606 2936 663 Christo
2964 614 3152 677 agunt.

2001 694 2193 750 XXXI.
2232 696 2386 751 Multi
2416 710 2549 753 vero
2585 697 2817 754 diversis
2844 697 3054 753 morbis
3081 696 3290 752 detenti
3322 713 3354 754 e
3402 714 3500 768 pu-

1933 785 2061 855 pulo
2088 785 2229 854 ipso,
2257 782 2363 841 una
2386 772 2510 841 cum
2542 786 2821 858 episcopo,
2849 784 3240 845 consolationis
3262 799 3499 846 etcura-

1932 877 2098 934 tionis
2131 892 2293 933 causa
2321 879 2387 933 ad
2410 876 2508 935 Dei
2532 878 2751 935 servum
2774 881 3037 936 Jacob‘um
3073 882 3461 954 confugiebant
3486 907 3497 939 ;

1931 990 2071 1045 quos
2116 974 2206 1029 ille
2243 975 2366 1030 oleo
2416 984 2606 1030 sancto
2660 984 2876 1043 unctos,
2920 982 2977 1032 et
3025 976 3228 1031 Christi
3280 977 3501 1032 nomine

1934 1066 2275 1132 benedictus,
2301 1065 2374 1122 ita
2399 1069 2649 1131 sanabat,
2687 1076 2745 1121 ut
2775 1066 2997 1121 domum
3042 1060 3245 1122 reversi
3275 1066 3501 1137 gloriam

1935 1160 2030 1215 Dei
2060 1160 2460 1227 collaudarent,
2490 1159 2582 1230 qui
2615 1173 2714 1229 per
2734 1173 2952 1213 servum
2980 1149 3142 1213 ’suu't'n
3160 1158 3501 1214 curationem

1936 1250 2071 1321 ipsis
2096 1250 2370 1305 attulerat.
2408 1248 2611 1306 Omnes
2632 1249 2820 1320 igitur,
2842 1249 2947 1320 qui
2970 1250 3246 1306 civitatem
3283 1264 3348 1305 ac
3380 1249 3503 1305 lini-

1934 1342 2122 1399 timam
2154 1343 2433 1411 regionem
2466 1341 2808 1407 habitabant,
2845 1350 3084 1414 agrotOS
3112 1348 3242 1398 suos
3285 1343 3354 1399 ad
3378 1357 3505 1398 cum

1937 1429 2207 1502 ferebant,
2239 1434 2324 1490 vel
2378 1434 2664 1506 rogabant,
2713 1443 2794 1500 ut,
2835 1434 2970 1505 ipsis
3031 1434 3371 1496 absentibus.
3406 1448 3506 1505 pro

1936 1541 2129 1583 eorum
2159 1526 2339 1582 salute
2366 1526 2483 1596 ipse
2536 1527 2705 1581 Deum
2759 1535 2942 1581 oraret
2968 1546 2980 1581 :
3009 1533 3076 1582 'ac
3110 1526 3293 1581 statim
3320 1527 3508 1582 divitia

1937 1633 2043 1689 Ope
2071 1619 2411 1697 curationem
2441 1619 2877 1689 assequebantur
2907 1638 2920 1673 :
2957 1628 3110 1674 tanta
3143 1619 3289 1674 enim
3336 1619 3512 1690 gratia

1940 1710 2018 1765 illi
2045 1711 2240 1766 collata
2268 1720 2370 1773 est,
2413 1719 2475 1764 ut
2495 1710 2580 1764 vel
2616 1711 2735 1766 solo
2757 1726 3015 1766 sermone
3040 1711 3226 1767 statim
3263 1711 3511 1782 impurus

1940 1803 2171 1876 spiritus
2213 1803 2446 1873 fugaret.

2012 1892 2452 1952 XXXll.Eodem
2474 1900 2660 1948 autem
2680 1886 2802 1964 ipso
2829 1909 2996 1955 anno.
3025 1909 3138 1963 quo
3154 1893 3512 1949 acerbissima

1940 1988 2032 2045 illa
2062 1989 2335 2061 squaloris
2377 1988 2531 2058 plaga
2583 1986 2799 2057 repulSa
2841 1996 2954 2050 est,
2989 1985 3081 2042 Dei
3128 1980 3320 2042 servus
3356 1987 3516 2042 Jaco-

1941 2081 2046 2136 bus
2072 2080 2368 2136 accersivit
2415 2078 2823 2135 sanctissimum
2867 2072 3226 2150 episcolium',
3277 2095 3517 2150 eumque

1942 2172 2172 2244 rogavit,
2205 2181 2267 2227 ut
2293 2172 2635 2243 speluncam,
2661 2173 2768 2228 hoc
2795 2182 2901 2239 est,
2927 2173 3242 2243 sepulcrum
3261 2183 3510 2237 curaret,

1944 2267 1996 2322 in
2026 2283 2134 2337 quo
2156 2266 2362 2338 jamdiu
2394 2266 2509 2337 ipse
2537 2265 2879 2322 domicilium
2912 2266 3203 2334 habuerat,
3250 2274 3306 2322 et
3349 2265 3419 2321 ab
3452 2282 3520 2322 eo
3556 2324 3559 2327 η

1943 2360 2158 2430 petivit,
2187 2368 2245 2414 ut
2271 2363 2524 2414 mortuus
2552 2357 2665 2414 illic
2692 2358 3043 2429 sepeliretur.
3081 2358 3138 2413 ld
3181 2375 3306 2414 cum
3334 2359 3431 2416 ille
3462 2376 3522 2414 se

1942 2452 2217 2507 facturum
2244 2450 2611 2522 promisisset,
2643 2458 2700 2506 et
2742 2450 2798 2505 in
2828 2450 3023 2506 urbem
3052 2467 3317 2508 reversus
3345 2462 3515 2514 esset.

1945 2556 2069 2616 post
2092 2560 2298 2616 paucos
2321 2544 2441 2602 dies
2462 2544 2522 2599 Β.
2545 2544 2784 2600 Iacobus
2800 2544 2857 2599 in
2886 2554 3172 2601 senectute
3194 2546 3335 2602 bona
3356 2545 3517 2609 obiit.

1944 2637 2197 2707 quintum
2235 2645 2288 2690 et
2337 2635 2803 2706 septuagesimum
2867 2650 3071 2689 annum
3122 2650 3310 2705 agens.
3359 2634 3518 2701 Quod

1947 2738 2074 2783 cum
2101 2726 2549 2798 religiosissimus
2575 2725 2867 2796 episcopus
2899 2714 3272 2795 cognovisset,
3295 2725 3362 2778 ad
3395 2739 3524 2780 eum

1949 2819 2131 2874 locum
2167 2832 2293 2873 cum
2328 2825 2443 2872 toto
2502 2812 2660 2872 clero
2705 2824 2762 2873 et
2820 2802 3008 2887 probis
3061 2815 3217 2872 laicis
3247 2817 3521 2872 accessit:

1949 2911 2044 2981 qui
2098 2927 2222 2965 cum
2271 2909 2611 2965 aromatihus
2665 2909 2929 2980 pretiosis
2986 2923 3113 2964 eum
3161 2909 3522 2975 condiissent,

1950 3005 2123 3060 Deum
2153 3004 2332 3074 ipsum
2357 3011 2412 3059 et
2437 3003 2557 3074 ejus
2607 3003 2837 3074 gloriam
2863 3001 3228 3069 celebrantes,
3258 3017 3526 3058 veneran-

1952 3097 2051 3153 das
2083 3097 2203 3169 ejus
2236 3095 2501 3167 reliquias
2548 3096 2603 3151 in
2658 3096 2753 3151 illo
2781 3096 2901 3167 ipso
2952 3105 3313 3151 monumento
3350 3095 3525 3166 depo-

1956 3199 2209 3269 suerunt.

2029 3268 2271 3337 XXXIII.
2299 3283 2494 3339 Postea
2548 3292 2774 3339 sanctus
2835 3268 2932 3340 Dei
2995 3284 3255 3341 sacerdos
3314 3298 3527 3338 sacram

1957 3374 2130 3430 aedem
2185 3377 2251 3431 ad
2287 3377 2611 3447 speluncam
2657 3374 2969 3440 aediﬁcavit,
2995 3376 3227 3448 ejusque
3271 3372 3532 3443 reliquias

1958 3466 2093 3521 illuc
2123 3468 2427 3522 transtulit.
2460 3467 2582 3534 Quo
2616 3467 2671 3522 in
2725 3467 2848 3522 loco
2891 3483 3064 3537 usque
3099 3465 3167 3520 ad
3200 3465 3528 3520 hodiernum

1961 3557 2109 3613 diem
2141 3558 2302 3612 multi
2353 3566 2643 3622 curantur,
2678 3573 2743 3613 ac
2793 3567 2902 3611 tota
2956 3555 3153 3612 civitas
3196 3563 3253 3609 et
3299 3551 3530 3608 ﬁnitima

1961 3650 2112 3721 regio
2183 3652 2306 3723 ejus
2358 3650 2679 3705 memoriam
2742 3648 2974 3720 singulis
3016 3647 3177 3702 annis
3227 3645 3531 3707 celebrans,

1964 3740 2110 3797 diem
2145 3757 2400 3813 magnum
2423 3743 2619 3797 festum
2641 3741 2774 3811 agit,
2805 3740 2861 3795 in
2887 3740 3116 3811 gloriam
3160 3736 3378 3807 benigni
3412 3735 3532 3797 Dei,

1963 3833 2057 3904 qui
2091 3833 2174 3889 sic
2222 3834 2375 3889 illum
2431 3834 2725 3889 honoravit
2755 3849 2771 3888 :
2800 3848 2964 3902 quem
3010 3842 3070 3887 et
3127 3846 3229 3885 nos
3269 3837 3536 3888 consueto

1964 3938 2119 3979 more
2158 3932 2216 3978 et
2268 3923 2506 3995 gloriose
2535 3922 2907 3987 celebremus,
2936 3919 3328 3977 benedicentes
3367 3917 3534 3980 Patri,

1963 4013 2101 4069 Filio
2139 4023 2196 4070 et
2223 4013 2455 4084 Spiritui
2482 4022 2695 4079 sancto,
2721 4011 3005 4085 cuigloria
3030 4018 3118 4068 est
3156 4017 3215 4066 et
3246 4006 3538 4071 imperium

1963 4103 2017 4159 in
2048 4106 2244 4162 saecula
2272 4107 2623 4162 saeculorum.
2648 4106 2847 4161 Amen.

2427 4503 3526 4544 gmw

835 4676 982 4780 DE
1057 4687 1550 4780 SANCTIS
1622 4685 2402 4777 MARTYBIBUS
2472 4682 3074 4776 JEGYPTIIS

1246 4827 1642 5019 CYBO
1720 4903 1901 5015 ET
1976 4900 2579 5018 JOANNE.

874 5122 1041 5197 (Anno
1067 5127 1250 5184 Christi
1274 5128 1386 5190 280,
1404 5118 1623 5179 Januarii
1650 5124 1735 5177 die
1773 5122 1852 5175 3|.
1877 5127 1997 5176 Acta
2012 5130 2291 5176 sanctorum
2314 5123 2539 5176 Bolland.
2562 5124 2629 5177 ad
2652 5126 2777 5177 hanc
2796 5123 2970 5188 diem.)
3048 5166 3053 5175 .
3129 5146 3135 5155 ~

373 5428 748 5502 Celeberrima
768 5447 899 5499 sunt
920 5436 1021 5497 SS.
1046 5440 1173 5512 Cyri
1197 5448 1258 5496 et
1274 5438 1504 5496 Joannis
1528 5436 1757 5495 nomina
1783 5433 1857 5490 ob
1883 5433 2179 5489 innumera
2200 5431 2361 5503 aegris
2392 5424 2723 5487 mortalibus
2742 5429 2939 5487 collata
2970 5428 3040 5485 ad
3073 5438 3266 5486 eorum
3296 5426 3556 5500 reliquias

303 5536 592 5595 beneﬁcia.
620 5535 698 5592 De
729 5533 819 5590 his
841 5533 916 5589 ita
941 5531 1137 5588 scribit
1166 5531 1439 5588 Baronius
1459 5530 1517 5585 in
1554 5528 1704 5585 notis
1741 5526 1808 5581 ad
1853 5524 2301 5596 Martyrologium
2334 5541 2349 5577 :
2382 5539 2407 5574 ο
2437 5520 2572 5579 Acta
2612 5521 2859 5593 ipsorum
2887 5529 2999 5605 tam
3036 5519 3243 5577 Cascis
3264 5534 3428 5592 quam
3458 5516 3558 5576 ια.

306 5626 441 5687 tinis
472 5629 628 5686 luere
644 5627 974 5693 notissima;
1006 5624 1274 5680 habemus
1304 5632 1364 5679 et
1392 5637 1498 5679 nos
1518 5636 1582 5677 ea
1622 5620 1677 5676 in
1699 5619 1924 5691 quinte,
1946 5617 2183 5687 septimo
2222 5629 2289 5670 ac
2319 5614 2537 5671 decimo
2554 5611 3087 5702 tomo‘antiquorum
3111 5608 3429 5702 mss.
3461 5613 3561 5691 qui.

306 5724 586 5796 aliquibus
620 5720 871 5781 ecclesiis
891 5721 1078 5778 Romae
1102 5719 1227 5775 usui
1250 5726 1433 5780 erant,
1466 5717 1562 5774 ubi
1593 5713 1903 5781 secundum
1926 5711 2178 5769 ordinem
2201 5712 2472 5767 mensium
2508 5710 2726 5783 scriptae
2745 5697 3041 5796 habentur
3058 5697 3375 5796 sanctorum
3399 5707 3556 5787 Vitae.

311 5823 370 5880 in
386 5776 479 5879 liis
508 5836 642 5893 ergo
662 5819 795 5877 Acta
821 5817 1206 5889 praedictorum
1230 5824 1533 5888 martyrum
1557 5810 1735 5877 nacti,
1761 5806 1974 5879 annuis,
2002 5818 2227 5870 auctore
2257 5809 2424 5866 Petro
2465 5808 2727 5880 quodam,
2759 5806 2853 5879 qui
2882 5821 2948 5864 ea
2987 5789 3281 5877 eiscripsit
3304 5776 3565 5878 poscente
