3834 6490
306 417 317 428 ο

2943 421 2965 451 ι
3398 414 3409 421 .

259 462 399 539 1231
1332 470 1520 534 .VlTA
1574 470 1680 532 ss.
1717 471 1889 533 cvm
1926 472 2026 532 ET
2064 470 2400 534 JOANNIS.
3381 466 3533 533 ηδε,

257 574 363 650 τὴν
400 577 811 652 Ἀλεξάνδρειαν
840 581 1181 653 κατειλήφει.
1228 581 1342 648 Ἐφ’
1363 574 1408 651 ᾧ
1439 583 1521 647 τίς
1552 600 1682 638 ποτε
1710 582 1833 656 ὂ.νῆ
1865 624 1873 643 4

1984 585 2190 640 retioso
2222 586 2478 641 thesauro
2502 600 2795 655 reponens.
2816 599 2939 655 qua
2959 591 3088 639 sunt
3102 581 3542 652 pretiosissima”

255 670 357 743 τὴν
388 671 582 744 ἡδονὴν
603 676 695 726 καὶ
721 674 1054 747 φαιδρότητα
1076 678 1426 748 παραστήσαι
1451 677 1546 732 τοῦ
1574 677 1842 749 πατριάρ-

1984 675 2145 729 ibens
2181 676 2431 745 pervenit
2480 675 2885 731 Alexandriam.
2916 673 3090 740 Quam
3119 671 3188 728 ob
3248 687 3363 726 rem
3401 672 3544 738 quis.

258 779 379 833 χον,
410 763 444 835 ἢ
470 763 569 833 τὴν
598 763 695 820 τοῦ
719 763 954 836 πλήθους
982 766 1143 822 πάλιν
1172 768 1365 841 ἑορτὴν
1384 768 1480 824 καὶ
1510 770 1839 840 πανήγυριν;

1986 766 2036 821 el
2071 766 2394 836 patriarcha:
2444 768 2774 836 voluptatem
2821 776 2878 820 et
2906 764 3177 827 laetitiam,
3205 763 3286 818 vel
3333 779 3544 818 rursus.

260 853 364 925 Οἴα
392 854 450 908 δὲ
484 855 717 924 μετῆλθε
773 857 936 929 σοφίᾳ
967 860 1059 913 καὶ
1093 859 1192 930 τὴν
1224 860 1361 931 πρὸς
1411 860 1503 914 τὸν
1528 861 1843 931 ἀδελφιδοῦν

1988 859 2138 930 opuli
2179 858 2428 915 festivam
2474 858 2850 914 celebritatem
2898 856 3142 928 potuerit
3194 853 3546 910 ostendere?

262 946 577 1017 ὑπόσχεσιν,
603 948 831 1003 ἀκούσαι
863 950 1047 1005 καλόν.
1073 953 1185 1023 Τῆς
1213 952 1321 1024 γὰρ
1344 953 1605 1024 ἐπιούσης
1629 953 1720 1007 τὸν
1752 953 1841 1007 ὑπ’

1984 956 2123 1018 Quam
2171 952 2451 1022 sapienter
2487 961 2669 1007 autem
2721 967 2780 1006 se
2833 950 3067 1022 gesserit
3103 948 3156 1004 in
3218 946 3528 1019 prrestando

259 1037 408 1110 αὐτῷ
440 1039 617 1095 πάντα
645 1041 847 1112 κλῆρον
875 1043 1157 1114 ἁθροίσας,
1189 1046 1348 1131 ζεῖρα
1379 1045 1478 1116 μὲν
1503 1045 1719 1116 ἐκείνην
1751 1047 1845 1100 καὶ

1984 1044 2226 1099 ιι-οιιιίεεο
2262 1058 2374 1098 suae
2428 1042 2637 1099 sororis
2670 1042 2803 1105 lilio,
2833 1043 3027 1097 audire
3064 1050 3149 1097 est
3181 1057 3362 1111 operte
3390 1056 3530 1110 prc-

261 1132 360 1184 ὡν
405 1131 543 1201 αὐτῇ
577 1131 674 1202 τὴν
708 1135 1001 1204 ἐπιστολὴν
1033 1136 1125 1189 ὑπ’
1156 1136 1324 1208 αὐτῆς
1363 1137 1632 1209 ἐχομένην
1683 1139 1846 1209 ίερῶς

1984 1137 2112 1191 ium.
2136 1136 2272 1191 Nam
2307 1151 2432 1191 cum
2452 1137 2703 1206 sequenti
2731 1136 2821 1190 die
2848 1143 3047 1197 totum,
3078 1132 3170 1203 qui
3192 1132 3243 1187 ei
3276 1131 3528 1193 suberat,

259 1223 399 1293 ὁμοῦ
455 1225 548 1278 καὶ
578 1224 845 1296 λαμπρῶς
870 1230 1244 1296 κατατίθεται,
1268 1229 1339 1286 τά
1366 1248 1425 1284 τε
1449 1232 1583 1287 ἄλλα
1621 1232 1847 1296 τελέσας

1987 1226 2159 1279 lernm
2195 1234 2577 1289 convocasset,
2606 1239 2826 1279 manum
2855 1223 3079 1293 quidem
3114 1223 3284 1286 illam,
3321 1233 3377 1277 et
3403 1237 3529 1276 cum

262 1314 408 1368 κατὰ
426 1314 514 1369 τὸν
536 1317 663 1371 ναὸν
693 1317 1016 1390 φιλοτίμως,
1042 1323 1134 1375 καὶ
1155 1321 1343 1377 τοῦτον
1367 1323 1469 1376 ὅσα
1500 1324 1846 1395 Χριστιανοῖς

1984 1333 2071 1387 psa
2093 1317 2407 1386 epistolam,
2443 1333 2566 1388 qua:
2591 1318 2664 1372 ab
2715 1333 2779 1372 ea
2809 1315 3125 1379 tenebatur,
3183 1317 3532 1369 'sacrosauctc

263 1405 449 1475 νόμοις
495 1408 861 1479 καθιερώσας,
918 1412 1110 1467 ἔπειτα
1140 1413 1231 1467 τὸν
1254 1413 1567 1485 ἀδελφιδοῦν
1598 1413 1843 1483 ἀγαγὼν,

1986 1409 2119 1464 imul
2152 1419 2212 1463 et
2241 1410 2502 1480 praeclare
2540 1408 2806 1479 deponit:
2833 1418 2890 1464 et
2931 1421 3057 1462 cum
3094 1405 3197 1460 alia
3242 1406 3298 1459 in
3331 1403 3537 1475 templo

262 1499 360 1553 καὶ
398 1500 547 1571 ίερὲα
568 1506 990 1574 χειροτονήσας,
1041 1507 1155 1559 ἀντ’
1208 1506 1376 1577 ἄλλης
1430 1506 1581 1577 αὐτῷ
1613 1506 1846 1574 συζύγου

1985 1502 2243 1572 pleudide
2282 1512 2338 1558 et
2368 1503 2655 1574 magniﬁce
2717 1502 3047 1574 peregisset,
3084 1500 3250 1571 idque
3283 1498 3352 1555 de
3382 1514 3536 1552 more

263 1587 365 1660 τὴν
410 1589 741 1665 Ἐκκλησίαν
775 1595 1158 1664 μνηστεύεται,
1208 1596 1335 1652 Ἰδού
1370 1614 1451 1651 σοι
1498 1598 1647 1667 καὶὴ
1685 1596 1846 1667 γυνὴ,

1984 1594 2397 1651 Ihristianorutn
2428 1605 2829 1660 consecrasset,
2844 1595 3084 1649 adducto
3106 1591 3305 1648 deinde
3326 1591 3537 1648 sororis

264 1682 402 1752 πρὸς
428 1682 589 1737 αὐτὸν
610 1683 808 1739 εἰπών’
833 1682 968 1740 ἄλλα
1007 1688 1169 1759 κήδου
1222 1687 1448 1758 ταύτης,
1476 1688 1550 1751 ὡς
1574 1688 1849 1758 προσῆκόν

1984 1687 2095 1754 ilio,
2128 1696 2185 1742 et
2234 1688 2521 1743 sacerdote
2555 1687 2835 1751 ordinato,
2872 1687 2999 1743 loco
3032 1685 3261 1741 alterius
3286 1684 3537 1755 conjugis

264 1777 405 1833 tati.
441 1776 611 1830 Τοῦτο
633 1776 821 1849 λεχθὲν
851 1778 995 1832 οὕτω
1018 1780 1108 1833 τὸν
1140 1781 1260 1834 νέον
1281 1781 1520 1851 διέθηκε,
1554 1780 1648 1834 καὶ
1676 1779 1850 1843 οὕτως

1984 1778 2008 1834 τί
2052 1779 2347 1852 despouset
2394 1781 2708 1846 ecclesiam,
2732 1782 2783 1836 ei
2818 1780 3026 1855 dicens
3061 1797 3075 1834 :
3118 1780 3195 1833 En
3232 1777 3329 1833 tibi
3362 1792 3545 1843 uxor;

263 1866 430 1922 αὐτοῦ
454 1868 711 1924 καθίκετο
738 1872 836 1941 τῆς
867 1870 1043 1942 ψυχῆς
1074 1872 1167 1925 καὶ
1193 1871 1465 1941 μετέθηκε
1524 1872 1626 1942 τὴν
1663 1871 1851 1925 ἐπιθυ-

1984 1873 2056 1928 ed
2099 1874 2240 1944 ejus,
2287 1883 2347 1929 ut
2385 1890 2485 1946 par
2528 1882 2631 1940 est,
2660 1890 2848 1929 curam
2892 1888 3043 1944 gere.
3072 1872 3186 1927 lloc
3224 1872 3435 1926 dictum
3458 1870 3537 1925 sic

270 1960 422 2028 μίαν,
442 1960 515 2023 ὡς
538 1961 711 2016 πλείω
730 1962 788 2015 τὸ
812 1964 953 2034 μετὰ
973 1962 1142 2017 ταῦτα
1162 1962 1465 2036 παρθενίας
1493 1965 1671 2034 ἔρωτα
1703 1966 1851 2034 σχεῖν

1984 1965 2142 2022 Πρείι
2197 1966 2624 2030 adulescentem,
2660 1976 2716 2022 et
2759 1967 2880 2037 eius
2936 1965 3017 2020 sic
3057 1964 3233 2035 tetigit
3271 1964 3547 2023 animum.

263 2043 631 2124 ἢτῶνγᾶιίων
662 2058 946 2128 πρότερον.
990 2055 1150 2111 Ἀλλὰ
1173 2057 1301 2126 περὶ
1338 2056 1437 2127 μὲν
1468 2057 1674 2111 τούτων
1708 2056 1847 2121 ἃλις.

1960 2068 2016 2115 et
2067 2058 2299 2115 dimovit
2374 2061 2759 2130 cupiditatem,
2821 2068 2881 2115 ut
2941 2059 3148 2130 majore
3210 2054 3555 2126 virginitatis.

262 2145 434 2207 fuerit
469 2146 728 2217 deinceps
755 2157 950 2218 captus
994 2162 1204 2213 amore,
1255 2162 1420 2218 quam
1475 2157 1603 2204 ante
1656 2148 2015 2205 matrimonii.
2041 2150 2151 2206 Sed
2186 2150 2254 2205 de
2286 2152 2374 2206 his
2394 2152 2618 2222 quidem
2653 2152 2806 2207 satis.

335 2238 410 2298 Z'.
459 2240 618 2310 Ἡμῖν
640 2240 696 2294 δὲ
725 2241 911 2311 Κύρου
943 2243 1104 2297 πάλιν
1135 2243 1229 2297 καὶ
1256 2242 1367 2296 τῶν
1398 2240 1583 2313 Κύρου
1632 2258 1844 2312 μνημοσ

263 2332 505 2397 νευτέον,
546 2332 604 2386 δν
629 2332 725 2388 καὶ
771 2334 866 2387 τοῦ
899 2335 1172 2407 παρόντος
1231 2334 1394 2403 λόγου
1428 2333 1689 2389 ὑπόθεσιν
1720 2352 1856 2405 προ-

262 2425 522 2496 εθέμεθα.
556 2421 726 2492 Οὗτος
753 2429 934 2483 τοίνυν
959 2428 1211 2502 ἰατρικὴν
1248 2428 1487 2498 γεγονὼς
1524 2428 1631 2482 τῶν
1676 2430 1855 2485 ἄλλων

264 2517 697 2589 διαφορώτατος,
746 2520 900 2573 οὐδὲν
937 2514 1104 2591 ἦττον
1158 2521 1250 2574 καὶ
1275 2519 1366 2574 τὸν
1407 2519 1521 2591 βίον
1543 2515 1611 2592 ἦν
1642 2519 1858 2591 ἀνθρώ-

270 2626 396 2673 ποις
432 2610 877 2691 ὠφελιμώτατος,
918 2613 984 2683 τῇ
1020 2611 1121 2681 μὲν
1168 2611 1335 2684 τέχνῃ
1393 2612 1462 2666 τὰ
1491 2612 1742 2683 σώματα,
1778 2612 1856 2682 τῷ

269 2704 464 2775 τρόπῳ
491 2703 548 2756 δὲ
576 2702 672 2767 τὰς
702 2704 880 2776 ψυχὰς
907 2703 1226 2775 θεραπεύων
1246 2720 1259 2734 ·
1291 2705 1497 2781 μᾶλλον
1518 2705 1574 2759 δὲ
1609 2706 1701 2760 καὶ
1728 2707 1855 2777 τρό-

269 2809 379 2848 που
410 2794 475 2848 τὰ
537 2793 709 2847 πολλὰ
771 2793 1081 2866 φροντίζειν
1144 2794 1350 2849 πείθων
1402 2795 1490 2849 διὰ
1526 2795 1627 2865 τῆς
1662 2796 1857 2868 τέχνης

271 2884 369 2939 καλ⁸
401 2884 670 2940 διδάσκων
695 2886 845 2941 νόσον
885 2886 1067 2958 ψυχῆς
1098 2885 1281 2958 πολλῷ
1313 2886 1408 2941 τοῦ
1443 2886 1692 2959 σώματος
1718 2885 1858 2942 εἶναι

271 2977 682 3047 χαλεπωτέραν,
709 2981 820 3051 ὅσῳ
849 2985 944 3034 καὶ
976 2979 1181 3049 ταύτης
1213 2980 1392 3035 αίτίαν
1423 2980 1685 3044 πολλάκις
1714 2980 1861 3033 ὲκεί-

275 3087 378 3141 νην
410 3070 677 3139 γίνεσθαι,
713 3071 808 3125 τοῦ
835 3071 1110 3126 Δεσπότου
1142 3073 1360 3126 πάντων
1408 3074 1503 3126 καὶ
1557 3073 1742 3144 ίατροῦ
1773 3073 1863 3128 διὰ

2033 2246 2149 2302 Vll.
2175 2245 2345 2301 Nobis
2382 2256 2565 2302 autem
2605 2260 2802 2301 rursus
2840 2244 2969 2317 Cyri
3016 2254 3072 2299 et
3102 2257 3292 2298 eorum
3327 2255 3449 2311 qua:
3475 2238 3549 2297 ad

1960 2337 2160 2411 Cyrum
2176 2339 2457 2409 pertinent
2475 2337 2724 2394 facienda
2739 2345 2823 2393 est
2842 2336 3051 2393 mentio
3084 2353 3098 2389 :
3127 2348 3292 2405 quem
3314 2332 3547 2403 quidem

1962 2432 2358 2503 proposuimus
2403 2439 2792 2502 argumentum
2818 2428 3105 2499 praesentis
3126 2426 3414 2481 orationis.
3445 2425 3547 2481 Hic

1961 2539 2092 2596 ergo
2125 2541 2249 2580 cum
2280 2525 2334 2579 in
2386 2535 2503 2580 arte
2551 2524 2820 2578 medicina
2877 2523 3109 2578 aliorum
3135 2519 3333 2574 fuisset
3362 2516 3544 2574 excel—

1961 2617 2325 2683 lentissimus,
2356 2616 2528 2671 nihilo
2564 2619 2748 2671 secius
2763 2614 3063 2671 eratetiam
3082 2612 3195 2667 vita
3222 2609 3546 2667 hominibus

1964 2705 2327 2767 utilissimus:
2365 2718 2483 2765 arte
2532 2708 2756 2780 quidem
2804 2722 3059 2778 corpora,
3088 2703 3333 2760 moribus
3357 2709 3545 2758 autem

1964 2820 2169 2861 curans
2199 2804 2453 2859 animas:
2482 2803 2567 2858 vel
2604 2802 2791 2873 potius
2832 2815 2936 2871 per-
2979 2809 3152 2854 artem
3186 2793 3547 2868 persuadens,

1967 2909 2027 2955 ut
2086 2912 2301 2952 morum
2372 2911 2562 2953 curam
2625 2901 2904 2967 gererent,
2940 2902 2997 2949 et
3049 2891 3255 2947 docens
3293 2886 3554 2947 morbum

1969 2991 2168 3045 auimze
2218 3006 2342 3046 esse
2400 2988 2595 3044 morbo
2635 2987 2885 3057 corporis
2936 2986 3098 3057 longe
3148 2980 3546 3039 diiliciliorem:

1969 3080 2117 3152 quod
2176 3080 2342 3151 hujus
2373 3094 2594 3151 quoque
2654 3079 2745 3134 ille
2776 3093 2920 3148 saepe
2954 3090 3121 3133 causa
3174 3073 3269 3139 sit,
3316 3071 3564 3129 DominO.

274 3163 435 3219 νόσου
492 3165 808 3237 σωματικῆς
863 3164 1061 3219 κακίαν
1121 3165 1268 3237 ἡμᾶς
1321 3163 1624 3219 ἀποθέσθαι
1684 3165 1862 3237 ψυχῆς

1984 3174 2219 3231 ›ιηιιίυιη
2244 3184 2300 3230 et
2321 3174 2536 3230 medico
2574 3172 2832 3229 studente
2863 3187 2962 3243 per
2998 3168 3251 3226 morbum
3280 3165 3563 3236 corporis”

146 3256 171 3274 ”
278 3257 691 3321 σπουδάζοντος,
715 3258 749 3329 ἡ
772 3257 867 3312 καὶ
894 3259 1065 3311 νόσων
1092 3257 1240 3312 ἐστὶν
1266 3255 1437 3322 ὅντως
1469 3256 1862 3329 σφαλερωτάτη

274 3350 372 3413 καὶ
399 3350 854 3420 δυσθεράπευτος.
915 3346 1077 3405 Εἷσιν
1121 3350 1233 3422 γὰρ
1283 3350 1363 3415 εἰς
1398 3351 1523 3413 τοὺς
1574 3350 1863 3414 νοσοῦντας

273 3447 311 3504 ἁ
337 3442 537 3513 Κῦρος,
568 3444 630 3498 ο)
656 3444 767 3498 τῶν
790 3442 1033 3515 Γαληινοῦ
1061 3444 1157 3498 καὶ
1193 3441 1591 3511 Ἱπποκράτους
1621 3441 1717 3496 καὶ
1756 3440 1864 3495 τῶν

276 3536 481 3608 ὁμοίων
507 3535 722 3599 πάντως
753 3536 1033 3608 ἐμέμνητο
1056 3538 1074 3607 (
1095 3533 1271 3589 ταῦτα
1313 3535 1423 3605 γὰρ
1450 3534 1648 3605 ἐκείνῳ
1677 3533 1864 3589 δευτέ-

281 3648 379 3703 ραυ
399 3630 605 3703 λόγου),
634 3631 748 3685 ἀλλ’
775 3632 883 3685 ἀπὸ
905 3632 1002 3695 τῆς
1022 3631 1300 3702 ἡμετέρας
1334 3628 1629 3699 λαμϐάνων
1655 3628 1862 3700 πηγῆς,

281 3724 379 3789 καὶ
408 3722 609 3788 πολλὰς
659 3723 875 3799 ἐπᾴδων
924 3724 1109 3787 αὐτοῖς
1153 3723 1264 3777 τῶν
1302 3720 1658 3794 προφητικῶν
1683 3739 1742 3775 τε
1771 3721 1867 3776 καὶ

285 3817 680 3885 ἁποστολικῶν,
736 3818 937 3887 ἁλλάγε
988 3817 1081 3871 καὶ
1131 3815 1418 3888 πατρικῶν
1471 3821 1704 3889 ῥήσεων,
1746 3810 1869 3867 εἶτα

284 3913 384 3973 καὶ
409 3909 480 3967 τὰ
524 3911 623 3982 τῆς
647 3911 871 3982 χάριτος
901 3907 1238 3980 προστιθεὶς,
1287 3909 1554 3978 ὑγιαίνειν
1583 3907 1780 3971 αὐτοὺς
1804 3908 1866 3961 οὐ

283 4004 355 4062 τὰ
385 4002 615 4075 σώματα
640 4003 820 4074 μόνον,
845 4001 981 4056 ἀλλὰ
1002 4002 1094 4056 καὶ
1123 4001 1220 4063 τὰς
1240 4000 1419 4073 ψυχὰς
1459 3999 1866 4071 παρεσκεύαζε,

286 4097 384 4152 καὶ
441 4098 569 4167 περὶ
604 4095 820 4168 μικρῶν
856 4094 1133 4166 δεομένοις
1167 4094 1310 4150 αὑτά
1350 4111 1409 4147 τε
1445 4093 1639 4157 ἐδίδου,
1667 4096 1760 4148 καὶ
1800 4095 1870 4149 τὰ

286 4188 471 4261 πολλῷ
501 4186 725 4260 μείζονα
750 4187 955 4241 τούτων
1007 4184 1191 4258 (ἅπερ
1241 4186 1350 4239 εἰσὶ
1377 4184 1511 4240 Θεοῦ
1547 4186 1869 4253 ἐπίγνωσις,

290 4283 489 4348 κακίας
543 4282 835 4354 κάθαρσις,
868 4278 1113 4351 σωτηρία
1141 4277 1354 4349 ψυχῆς)
1405 4277 1714 4350 ἐχαρίζετο,
1739 4277 1872 4332 πολ-

290 4381 419 4443 λοὺς
453 4378 553 4448 μιν
575 4378 685 4431 τῶν
732 4374 972 4430 εὐσεϐῶν
1014 4373 1393 4445 ἑδραιοτέρους
1447 4372 1527 4426 ἔτι
1582 4373 1717 4440 πρὸς
1774 4372 1874 4440 τὴν

296 4470 557 4543 ἀλήθειαν
598 4468 987 4542 ἐργαζόμενος,
1029 4466 1257 4531 πολλοὺς
1290 4465 1348 4519 δὶ
1371 4465 1593 4519 καὶτῶν
1628 4465 1876 4521 ἀπίστων

1974 3274 2035 3321 ιιι
2071 3279 2173 3321 nos
2226 3264 2426 3320 animae
2465 3263 2662 3318 vitium
2722 3262 3099 3332 deponamus:
3129 3256 3279 3330 quod
3314 3253 3558 3327 quidem

1973 3367 2058 3415 est
2085 3361 2408 3413 morborum
2473 3371 2669 3412 revera
2716 3354 2877 3425 longe
2938 3348 3468 3424 periculosissimum
3498 3355 3556 3401 et

1975 3460 2170 3507 curatu
2195 3448 2602 3505 diﬁicillimum.
2631 3446 2714 3502 Ad
2746 3454 2986 3517 aegrotos
3034 3441 3186 3498 enim
3237 3438 3563 3511 ingrediens

1973 3543 2170 3617 Cyrus,
2190 3556 2302 3597 non
2318 3540 2509 3598 Caleni
2527 3548 2583 3595 et
2603 3535 2951 3609 Hippocratis
2968 3534 3307 3617 et‘similinm
3325 3531 3552 3587 omnino

1978 3634 2307 3690 meminerat
2349 3632 2423 3706 (is
2443 3632 2593 3686 enim
2612 3627 2860 3704 secundo
2905 3608 3040 3682 loco.
3070 3639 3261 3682 eorum
3315 3621 3563 3680 habebat.

1978 3725 2291 3795 rationem),
2308 3723 2403 3780 sed
2425 3739 2458 3780 a
2475 3732 2665 3779 nostro
2688 3720 2838 3776 fonte
2855 3733 3101 3784 sumens,
3127 3715 3558 3788 propheticaque

1976 3831 2035 3877 et
2071 3817 2371 3890 apostolica
2402 3828 2568 3888 atque
2595 3814 2760 3870 etiam
2805 3821 3029 3885 paterna
3074 3811 3159 3866 eis
3190 3810 3359 3864 multa
3409 3806 3559 3863 dicta

1978 3913 2258 3976 accinens,
2306 3919 2365 3967 et
2415 3908 2614 3965 deinde
2648 3908 2814 3963 etiam
2854 3906 3088 3979 gratiam
3120 3903 3407 3983 adjiciens,
3438 3898 3559 3955 eili-

1978 4008 2161 4065 ciebat
2218 4015 2281 4062 ut
2311 4004 2430 4062 sani
2464 4016 2671 4068 essent,
2713 4017 2824 4058 non
2863 4002 3041 4057 solum
3065 3996 3428 4068 ‘corporibus,
3459 3993 3567 4057 sed,

1980 4110 2038 4157 et
2060 4099 2260 4155 animis
2293 4108 2387 4158 :et
2442 4112 2613 4169 parva
2654 4094 2981 4166 rogantibus
3010 4100 3067 4147 et
3105 4105 3172 4145 ea
3196 4087 3383 4153 dabat,
3407 4094 3464 4143 et
3494 4084 3575 4140 iis.

1984 4193 2157 4249 multo
2213 4193 2538 4263 majoribus,
2569 4204 2691 4259 quze
2737 4186 2962 4258 quidem
3007 4191 3157 4249 sunt,
3207 4181 3303 4236 Dei
3333 4177 3584 4251 agnitiok

1982 4282 2105 4337 vitii
2158 4281 2445 4353 purgatio,
2491 4280 2643 4335 salus
2691 4278 2910 4342 animat,
2957 4276 3040 4331 eis
3087 4272 3502 4345 gratiﬁcabatur
3541 4288 3557 4324 :

1984 4373 2187 4429 multos
2236 4370 2460 4442 quidem
2507 4385 2575 4425 ex
2609 4368 2717 4440 piis
2758 4367 2941 4423 adhuc
2980 4363 3294 4421 stabiliores
3322 4359 3577 4417 eiliciens

1985 4468 2056 4525 ad
2096 4468 2410 4531 veritatem,
2464 4463 2669 4519 multos
2702 4470 2888 4517 autem
2946 4460 3110 4515 etiam
3158 4454 3566 4512 exintldelibus

292 4567 392 4637 τῆς
430 4562 745 4635 Ἑλληνικῆς
768 4558 1152 4634 ᾅξαιρούμενος
1174 4560 1402 4630 πλάνης.
1439 4558 1616 4631 Πολλὴ
1653 4557 1709 4612 δὲ
1738 4556 1873 4627 αὕτη

1987 4562 2057 4618 ab
2109 4574 2300 4615 errore
2362 4557 2604 4612 liberans
2651 4543 2962 4626 gentilium.
2996 4552 3048 4608 ls
3087 4565 3220 4606 vero
3274 4557 3406 4602 tunc
3447 4555 3569 4601 erat

292 4660 419 4716 τότε
447 4660 544 4717 καὶ
567 4658 800 4719 πολλῶν.
825 4656 859 4729 ἧ
883 4654 1112 4712 καὶτῶν
1152 4652 1437 4719 πλειόνων,
1471 4649 1877 4722 ιπειλημμένη,

296 4753 683 4825 Διοκλητισνοῦ
715 4770 780 4824 γε
833 4753 897 4808 τὸ
961 4754 1240 4822 σκῆπτρον
1272 4748 1513 4820 ἔχοντος,
1563 4745 1624 4812 ὃς
1652 4746 1754 4801 οὐκ
1771 4745 1881 4799 ams

298 4846 396 4901 τοῦ
427 4846 755 4918 διαδήματος
788 4844 989 4917 μᾶλλον
1020 4843 1054 4915 ἢ
1085 4841 1194 4896 ἀπὸ
1220 4840 1315 4896 τοῦ
1347 4838 1633 4912 περιόντος
1667 4837 1747 4901 είς
1771 4836 1882 4890 δει-

302 4939 640 5011 σιδαιμονίαν
661 4938 722 4992 τὸ
760 4938 1030 5008 ἐπίσημον
1060 4937 1239 5007 ἔσχεν.
1287 4935 1378 4988 Ἐν
1408 4930 1585 5002 τούτῳ
1612 4929 1721 4997 γὰρ
1756 4928 1884 4982 πολ-

302 5033 427 5096 λοὺς
449 5031 727 5103 εὑρήσεις,
758 5023 842 5094 οἷς
866 5027 932 5085 ἂν
966 5028 1131 5083 αὐτὸν
1176 5026 1473 5100 ὁμοιώσης,
1501 5026 1558 5078 ὲν
1591 5020 1786 5090 ἐκείνῳ
1825 5021 1886 5085 δὲ

304 5122 583 5187 παντελῶς
612 5123 847 5190 ὀλίγους.

377 5216 461 5273 H'.
498 5215 654 5272 Ἐπεὶ
690 5215 750 5276 δὲ
805 5214 929 5269 οὔτε
976 5212 1161 5269 λαθεῖν
1214 5210 1386 5267 ταῦτα
1421 5211 1514 5263 τὸν
1542 5202 1888 5280 πονηρδνῆν,

306 5310 432 5367 οὔτε
457 5309 533 5382 μὴ
551 5308 784 5364 λαθόντα
814 5309 1138 5376 ὑπενεγκεῖν
1168 5306 1354 5378 ῥᾴδιον
1386 5304 1759 5373 (ὃνσκᾶτοχον
1780 5300 1889 5369 γὰρ

306 5406 342 5474 ή
365 5402 535 5458 κακία
561 5403 654 5456 καὶ
681 5399 916 5473 ἰταμόν),
940 5400 1073 5469 δῆλα
1092 5398 1188 5453 καὶ
1222 5397 1300 5469 τῷ
1321 5398 1418 5468 τῆς
1441 5396 1649 5459 πόλεως
1670 5394 1890 5465 ἄρχοντι

307 5496 376 5549 δι’
397 5493 564 5549 αὑτοῦ
602 5494 836 5563 γίνεται,
874 5492 1042 5563 πολλῇ
1076 5492 1171 5545 καὶ
1203 5490 1353 5561 αὐτῷ
1373 5492 1517 5543 κατα
1543 5486 1892 5557 Χριστιανῶν

310 5587 639 5659 κεχρημένῳ
700 5587 896 5659 μανίᾳ’
955 5584 1013 5649 ὃς
1064 5586 1159 5638 καὶ
1189 5584 1564 5653 συλληφθέντα
1582 5583 1676 5636 τὸν
1710 5581 1893 5652 Κῦρον

311 5681 473 5744 εὐθὺς
504 5681 738 5753 ἀχθῆναι
796 5679 1188 5736 διακελεύεται.
1248 5679 1306 5733 ’0
1337 5677 1416 5742 δὲ,
1460 5678 1519 5735 τὸ
1563 5676 1897 5748 πρόσταγμα

313 5776 497 5845 γνοὺς,
521 5774 623 5846 τῆς
655 5771 864 5838 πόλεώς
890 5790 949 5827 τε
980 5771 1209 5841 ἀπαίρει
1236 5771 1339 5823 καν
1373 5772 1440 5841 τῇ
1470 5768 1604 5840 πρὸς
1633 5767 1896 5836 Αἰγύπτῳ

328 5866 557 5939 Ἀραϐίᾳ
587 5866 817 5935 γίνεται.
858 5863 1019 5920 Ἀλλὰ
1048 5862 1236 5934 μηδεὶς
1267 5860 1558 5916 ἀσθένειαν
1604 5858 1739 5930 μηδὲ
1772 5875 1897 5929 σμι-

318 5961 557 6033 κρότητα
575 5959 751 6032 ψυχῆς
779 5957 868 6013 τοῦ
896 5956 1081 6027 ἁνδρδς
1110 5954 1463 6023 καταγνώτω.
1506 5953 1581 6006 Οὔ
1613 5951 1718 6021 γὰρ
1758 5950 1895 6021 πρὸς

1988 4654 2273 4725 frequens,
2308 4659 2365 4708 et
2397 4650 2604 4705 multos
2644 4655 2812 4717 atque
2854 4642 2993 4699 adeo
3054 4641 3241 4714 plures
3270 4638 3566 4702 invaserat,

1992 4760 2123 4806 tunc
2149 4754 2428 4817 sceptrum
2474 4750 2697 4798 tenente
2726 4735 3087 4798 Diocletiano.
3119 4732 3215 4803 qui
3249 4746 3359 4786 non
3398 4727 3569 4799 magjg

1988 4849 2111 4898 erat
2135 4838 2367 4910 insignis
2405 4833 2718 4891 diademate
2750 4846 2916 4903 quam
2942 4828 3110 4883 nimia
3149 4822 3565 4895 superstitione.

1989 4935 2124 4991 Nam
2160 4933 2215 4989 in
2251 4932 2355 4988 hoc
2377 4930 2601 5003 quidem
2624 4928 2827 4983 multos
2858 4922 3128 4984 invenies,
3155 4920 3357 4991 quibus
3388 4932 3568 4989 ipsum

1991 5025 2418 5082 assimilaveris:
2452 5023 2511 5080 in
2545 5021 2640 5083 illo
2671 5027 2880 5083 autem,
2918 5014 3145 5071 omnino
3192 5026 3431 5083 paucos.

2064 5206 2202 5264 Vlll.
2237 5203 2374 5261 Cum
2411 5218 2543 5258 vero
2580 5216 2683 5257 nec
2716 5199 2836 5259 ﬁeri
2892 5206 3104 5269 posset,
3155 5204 3219 5252 ut
3268 5195 3570 5264 malignum

1996 5301 2113 5357 hac
2155 5300 2410 5359 laterent.
2446 5311 2628 5367 neque
2678 5294 2723 5350 si
2767 5308 2877 5347 non
2922 5290 3233 5356 latuisseut,
3282 5286 3429 5344 ferre
3456 5295 3576 5340 erat

1996 5392 2155 5453 facile
2214 5393 2325 5462 (res
2347 5390 2495 5446 enim
2557 5404 2681 5459 quas
2716 5385 3013 5442 diﬁiciliter
3060 5379 3347 5443 contineri.
3392 5384 3576 5449 potest

1996 5496 2055 5548 et
2106 5485 2401 5556 impudens
2449 5490 2537 5540 est
2568 5480 2813 5546 vitium),
2848 5480 2967 5535 haec
3008 5493 3106 5548 per
3148 5475 3329 5546 ipsum
3364 5466 3574 5546 signiti—

1998 5588 2194 5635 cantur
2223 5575 2439 5648 pmidi
2479 5573 2723 5630 civitatis
2746 5571 2840 5644 qui
2878 5585 3077 5640 magno
3120 5578 3346 5637 quoque
3381 5559 3576 5616 incita-

1999 5671 2161 5729 batur
2208 5667 2399 5725 lurore
2452 5666 2508 5721 in
2559 5663 2940 5723 Christianos:
2971 5657 3080 5728 qui,
3106 5651 3576 5725 comprehensum

1999 5778 2221 5835 quoque
2267 5759 2471 5833 Cyrum
2530 5756 2713 5813 statim
2747 5754 2905 5826 jubet
2933 5749 3082 5807 duci.
3111 5747 3205 5803 Ille
3239 5754 3576 5835 autemcum

1996 5831 2210 5927 iussum
2234 5831 2602 5925 cognovisset,
2640 5846 2845 5904 recedit
2871 5860 2904 5899 a
2943 5839 3188 5904 ci'vitate,
3222 5848 3280 5895 et
3309 5834 3460 5893 venit
3490 5872 3495 5879 .
3520 5831 3578 5886 in

2006 5946 2280 6018 Arabiam,
2319 5958 2441 6016 quae
2468 5950 2557 5999 est
2613 5939 2673 5995 in
2697 5936 2898 5992 ﬁnibus
2925 5930 3163 6005 Egypti.
3192 5929 3365 5986 Nemo
3396 5932 3581 5981 autem
