3834 6496
150 393 291 458 1211

1278 402 1453 462 VITA
1497 403 1604 464 SS.
1643 403 1818 465 CYRI
1852 407 1948 470 ΕΤ
1984 365 2329 479 ΙΟΑΝΝΙέ.

3279 419 3348 488 12
3356 422 3420 487 ιε

137 510 395 581 sul-.571;
445 509 580 579 πρὸς
642 509 704 563 τὸ
736 512 910 582 τραχὺ
967 511 1077 565 τῶν
1116 511 1416 574 κολάσεων,
1454 512 1577 565 ἐπεὶ
1637 514 1732 566 καὶ

1838 519 1941 588 iam
1984 522 2281 594 incipiebat
2335 527 2419 582 eis
2473 530 2690 585 contexi
2739 532 3215 597 corona.\’eritus
3268 537 3414 589 eiiim

141 603 348 672 κομιδῇ
414 599 515 670 τὴν
551 599 768 672 ἡλικίαν
797 597 940 674 ἦσαν
981 602 1214 661 νεώαται
1268 604 1597 673 (Θεοκτίστη
1630 606 1728 671 μὲν

138 696 282 763 γὰρ.
313 692 347 763 ἢ
378 693 475 747 καὶ
515 693 872 764 πρεσϐυτάτη
924 695 1034 748 τῶν
1061 695 1234 767 τριῶν
1260 692 1351 768 ἦν,
1381 697 1730 750 πεντεκαιδε-

140 784 318 837 κάτου
340 783 545 853 ἥπτετο
578 783 732 848 ἔτους
754 801 766 814 ⁸
795 787 862 856 τῇ
889 784 947 838 δὲ
975 785 1093 855 μετ’
1117 786 1288 857 αὐτὴν
1314 786 1546 859 Θεοδότῃ
1577 803 1731 859 τρισ-

138 873 471 936 καιδέκατος
523 873 718 943 ἠνύετο
766 876 987 946 χρόνος·
1053 875 1278 943 Εὺδοξία
1331 878 1409 941 δὲ,
1459 880 1492 947 ή
1528 879 1731 932 τούτων

138 964 373 1036 ἐσχάτη.
404 965 693 1023 ἑνδέκατον
720 966 840 1031 ἔτος
863 962 1011 1037 ἦγε).
1070 967 1171 1021 Διὰ
1196 968 1371 1021 ταῦτα
1394 968 1527 1036 γοῦν
1551 970 1578 1022 6
1612 967 1730 1022 Κῦ-

146 1072 246 1123 ρος
275 1056 444 1127 δειλίᾳ
469 1056 694 1125 ληφθεὶς
726 1057 867 1128 ὑπὲρ
897 1058 1006 1111 τῶν
1038 1060 1349 1129 παρθένων,
1380 1061 1506 1114 επεὶ
1545 1062 1639 1113 καὶ
1670 1060 1734 1113 τὸ

138 1150 251 1211 τῆς
307 1147 525 1212 ἡλικίας
573 1148 797 1218 ταύτης,
855 1150 949 1203 καὶ
1013 1151 1216 1220 μᾶλλον
1265 1153 1325 1204 ὲν
1369 1150 1640 1219 γυναιξὶν,
1670 1151 1732 1204 οὐ

143 1238 305 1308 φόϐῳ
335 1236 614 1292 κολάσεων
647 1237 835 1301 ἀτελῶς
858 1239 1192 1311 χειρωθῆναι
1235 1240 1548 1312 πρόχειρον,
1596 1240 1733 1293 ἀλλὰ

142 1331 248 1382 καὶ
301 1329 616 1394 κολακείαις
673 1330 1058 1402 ὑποφθαρῆναι
1115 1334 1460 1387 παντάπασιν
1489 1332 1730 1403 εὐχερὲς,

143 1417 437 1472 κατελθεῖν
489 1421 571 1484 είς
607 1420 707 1491 τὴν
760 1421 918 1480 πόλιν
958 1424 1254 1492 ἀναγκαῖον
1309 1427 1578 1496 ὑπείληφε
1634 1427 1733 1479 καὶ

142 1510 380 1573 ταύτας.
409 1511 485 1574 ὡς
517 1505 629 1565 οἷόν
661 1529 742 1569 τε.
771 1514 908 1584 πρὸς
943 1516 1072 1577 τοὺς
1108 1516 1328 1584 ἀγῶνας
1345 1517 1730 1591 ἐπιθαρρῦναι.

143 1602 328 1656 Φόϐου
362 1602 470 1675 γὰρ
500 1603 606 1670 ἔξω
625 1604 720 1657 καὶ
752 1606 990 1675 ὑποψίας
1018 1607 1140 1662 οὐδὲ
1167 1608 1270 1680 τὴν
1297 1610 1509 1681 μητέρα
1530 1610 1737 1665 τούτων

142 1693 389 1747 ἐποιεῖτο
421 1692 766 1757 ’Δθανασίαν,
796 1697 956 1750 τοῦτο
981 1699 1082 1769 μὲν
1107 1701 1342 1768 γυναῖκα
1366 1700 1531 1754 οὖσαν
1548 1701 1734 1766 εἰδὼς.

141 1784 312 1838 τοῦτο
360 1785 420 1840 δὲ
453 1785 550 1845 καὶ
596 1786 809 1857 μητέρα
847 1788 1162 1860 θυγατέρων
1188 1790 1330 1847 οὕτω
1379 1796 1610 1865 νεαρῶν,
1638 1794 1733 1849 καὶ

144 1878 409 1944 ἀγουσῶν
463 1878 678 1948 ἡλικίαν
723 1881 758 1951 ἢ
792 1881 887 1934 καὶ
917 1882 1158 1953 μητέρος
1184 1886 1500 1955 εὐφραίνειν
1529 1887 1732 1955 6:90:10.-
1765 1865 1807 1920 Β

148 1968 292 2037 μοὺς
310 1965 442 2033 οἶδε,
466 1970 560 2029 καὶ
584 1971 725 2042 ὑπὲρ
755 1972 850 2025 τοῦ
883 1974 1051 2044 μηδὲν
1077 1976 1250 2039 αὐτὰς
1279 1976 1470 2035 παθεῖν
1494 1978 1734 2049 χαλεπόν

142 2075 203 2111 τι
236 2058 351 2112 τῶν
375 2060 693 2131 ἀϐουλήτων
734 2066 904 2134 μητρὶ
955 2065 1030 2135 μὴ
1082 2065 1307 2137 θελητδν
1344 2068 1594 2138 γενέσθαι
1624 2087 1731 2122 πα-

147 2152 510 2223 ρασκευάσει.
565 2151 752 2208 Ταῦτα
785 2157 981 2225 μεστὸν
1024 2157 1196 2213 ἐποίει
1219 2158 1373 2222 δέους
1406 2161 1497 2213 τ’»ν
1525 2160 1732 2231 Κῦρον,

145 2243 506 2307 ὑπονοοῦντα,
551 2244 628 2317 μὴ
677 2246 835 2318 καὶὴ
880 2249 1064 2319 μήτηρ
1086 2250 1390 2322 ἐπικλασθῇ
1417 2250 1734 2322 θυγατέρων

143 2337 388 2405 νεάτητι,
437 2337 514 2409 μὴ
572 2338 719 2411 πάθῃ
746 2339 814 2393 τὰ
843 2340 1148 2413 σπλάγχνα,
1193 2343 1289 2397 καὶ
1315 2345 1600 2415 ἡττωμένη
1637 2349 1735 2414 τῆς

144 2428 389 2494 φύσεως.
424 2429 727 2501 φθέγξηταί
753 2447 805 2487 τι
845 2432 980 2502 πρὸς
1034 2435 1292 2507 adﬁgi)
1348 2437 1443 2488 καὶ
1494 2434 1735 2488 νεύσειεν

143 2522 385 2574 ἐλεεινὸν
417 2530 508 2576 καὶ
535 2523 834 2594 ἐνδόσιμον.
871 2526 1059 2580 Ταῦτα
1089 2526 1243 2595 γοῦν,
1277 2528 1467 2598 ὥσπερ
1497 2528 1732 2597 ἔφημεν,

143 2614 482 2668 ὑπονοοῦντα
517 2615 610 2671 τδν
636 2615 838 2685 Κῦρον,
868 2618 950 2679 είς
969 2621 1070 2690 την
1100 2620 1254 2674 πόλιν
1284 2622 1521 2689 εἰσάγει.
1550 2621 1737 2691 Τούτῳ

139 2707 202 2761 δὲ
231 2708 328 2760 καὶ
364 2708 393 2760 6
423 2707 586 2772 καλὸς
632 2708 818 2766 εἵπετο
860 2712 1116 2782 Ἰωάννης
1136 2730 1149 2746 ·
1181 2715 1278 2767 καὶ
1334 2715 1573 2783 γίνονται
1627 2715 1737 2769 τῶν

143 2800 380 2868 ἀγώνων
417 2802 612 2865 αὐταῖς
671 2802 926 2856 ἀλεῖπται
980 2804 1083 2875 (1).
1135 2806 1228 2858 καὶ
1280 2804 1375 2863 τοῦ
1437 2805 1736 2877 μαρτυρίου

143 2890 316 2945 καλὸν
345 2892 675 2963 ἀρχέτυπον,
701 2895 840 2965 ὅπερ
867 2892 936 2968 ἦν
954 2896 1057 2955 οὐκ
1088 2896 1302 2960 ὲκείνας
1324 2897 1401 2966 τῷ
1453 2899 1739 2969 μαρτυρίῳ

142 2987 543 3054 προσαγαγειν,
576 2986 711 3039 ἀλλὰ
741 2986 837 3058 τὴν
878 2988 1095 3045 ἑαυτῶν
1145 2989 1443 3060 ὁμολογίαν,
1494 2990 1737 3062 φανερὰν

142 3078 515 3146 καταστῆσαι,
556 3078 756 3147 μᾶλλον
804 3079 861 3135 δὲ
899 3079 967 3133 δι’
995 3081 1240 3155 ἀλλήλων
1278 3083 1536 3152 ἑκάτερα,
1591 3083 1740 3144 ὅπως

142 3166 305 3227 αὐτοί
354 3183 413 3221 τε
474 3168 562 3223 διά
614 3171 714 3234 τὰς
745 3171 1052 3242 παρθένους
1105 3175 1596 3247 παρῤησιάσωνται
1640 3176 1739 3246 τὴν

143 3261 451 3322 sacriﬁcum
475 3263 732 3328 κάκείνας
757 3264 976 3337 θύματα
999 3267 1220 3341 Χριστῷ
1244 3267 1312 3322 δι’
1339 3266 1550 3323 ἑαυτῶν
1572 3286 1736 3340 προσ-

144 3352 476 3422 ενέγκωσιν,

220 3642 278 3700 ι’.
325 3645 635 3718 ’Υπηρὲτσις
674 3647 767 3702 οὖν
794 3651 887 3704 καὶ
919 3647 1075 3716 αὖθις
1102 3651 1203 3705 οὐκ
1231 3652 1456 3723 ἀμελεῖς
1482 3654 1582 3722 τῆς
1605 3654 1735 3707 ἐαυ-

142 3737 243 3792 τοῦ
277 3736 474 3801 κακίας
504 3740 533 3792 6
565 3739 758 3812 ἐχθρδς
788 3742 1062 3814 εὑρηκὼς,
1119 3741 1264 3797 οὕτω
1296 3744 1405 3798 τῶν
1443 3744 1737 3817 μαρτύρων

141 3832 351 3894 αὐτοὺς
385 3832 670 3887 ἀναπείθει
717 3834 854 3906 πρὸς
883 3836 974 3889 τὸν
1023 3838 1260 3909 ἄρχοντα
1325 3841 1633 3904 κατειπεῖν,
1661 3840 1736 3903 ὡς

142 3926 259 3997 ἀρα
287 3926 406 3979 Elui
427 3941 572 3990 τινες
603 3926 865 3995 ἀγνῶτες,
897 3930 926 3981 6
958 3928 1056 3997 μὲν
1087 3931 1401 4002 μοναχικδν,
1429 3933 1457 3986 6
1481 3930 1538 3986 δὲ
1564 3949 1735 4002 στρα-

142 4016 404 4069 τιωτικὸν
445 4017 629 4089 σχῆμα
657 4017 944 4085 σώζοντες,
969 4019 1020 4075 οἶ
1047 4022 1145 4086 τὰς
1179 4022 1576 4094 συλληφθεῖσας
1607 4025 1735 4096 ἄρτι

147 4107 456 4177 παρθένους
495 4111 972 4179 παρασκευάζουσι
1006 4112 1145 4167 θεῶν
1174 4115 1274 4185 μὲν
1308 4116 1416 4171 τῶν
1443 4118 1735 4190 ἡμετέρων

148 4205 535 4273 καταφρονεῖν.
570 4202 798 4272 δυνάμει
824 4221 884 4257 τε
915 4205 1062 4281 πάσῃ
1091 4206 1190 4278 τὴν
1219 4208 1400 4271 αὐτῶν
1440 4210 1735 4280 ἀπώμοτον

148 4293 427 4349 ποιεῖσθαι
457 4294 778 4366 θρησκείαν,
807 4299 902 4350 καὶ⁵
931 4300 998 4351 τὰ
1050 4300 1332 4370 Καίσαρος
1386 4302 1735 4372 διατάγματα

147 4385 425 4455 παρορᾷν,
479 4384 690 4456 Ἰησοῦν
739 4383 795 4439 δέ
837 4402 960 4440 τινα
1008 4387 1168 4458 μόνον
1218 4387 1594 4457 ἐπιφημίζειν,
1639 4390 1735 4442 καὶ

146 4475 328 4546 τούτῳ
380 4479 765 4547 προσανέχειν,
817 4477 917 4531 ὅσα
951 4477 1090 4550 Θεῷ,
1126 4481 1209 4541 εἰς
1260 4479 1487 4547 ἔνδειείν
1532 4497 1592 4555 τε
1634 4482 1734 4552 τῆς

1829 609 2004 681 Cyrus
2027 614 2297 686 virginum
2336 620 2798 686 teneritudinem,
2827 636 2896 678 ne
2928 636 3122 693 aSpera
3161 625 3419 680 reformi-

1831 703 2026 761 darent
2081 709 2370 780 supplicia,
2415 715 2635 780 quando
2666 714 2891 786 quidem
2923 725 3083 771 erant
3109 727 3270 772 atate
3302 717 3368 772 ad
3392 749 3412 759 -

1832 795 2055 851 modum
2090 799 2321 868 juvenili
2359 803 2698 867 (Theoctiste
2755 808 2923 871 enim,
2948 822 3069 881 qua
3095 817 3212 863 erat
3245 809 3411 862 trium

1831 897 1993 943 atate
2046 900 2177 945 natu
2243 893 2506 955 maxima.
2563 895 2838 952 decimum
2912 898 3162 968 quintum
3210 914 3413 953 annum

1835 980 2079 1035 nondum
2113 984 2409 1055 attigerat;
2446 984 2729 1045 Theodota
2757 998 2963 1046 autem.
2999 1005 3124 1060 qua
3166 1004 3285 1044 eam
3333 1005 3419 1044 se-

1834 1072 2129 1140 quebatur,
2182 1076 2374 1143 agebat
2422 1092 2628 1132 annum
2679 1090 2935 1148 quartum
2964 1078 3236 1135 decimum
3269 1078 3420 1136 :Eu-

1835 1165 1995 1220 doxia
2032 1182 2184 1230 vero,
2220 1168 2467 1223 omnium
2494 1170 2744 1234 minima,
2773 1171 2969 1242 agebat
3013 1187 3219 1225 annum
3248 1171 3422 1228 unde-

1835 1256 2086 1319 cimum).
2146 1257 2242 1312 llis
2275 1275 2404 1330 ergo
2441 1260 2508 1315 de
2534 1261 2716 1316 causis
2743 1260 2941 1317 timore
2978 1260 3214 1317 affectus
3241 1261 3421 1334 Cyrus

1836 1363 1999 1404 causa
2052 1349 2346 1421 virginum,
2376 1353 2822 1423 quandoquidem
2854 1354 2971 1409 hac
3001 1363 3155 1419 atas,
3189 1364 3246 1410 et
3306 1371 3423 1409 ma-

1836 1440 1981 1496 xime
2015 1440 2158 1496 inter
2190 1443 2471 1505 mulieres,
2501 1460 2611 1499 non
2657 1445 2835 1500 solum
2868 1431 3028 1500 facile
3055 1445 3201 1501 vinci
3234 1455 3419 1517 potest

1838 1542 1988 1588 metu
2035 1533 2453 1605 suppliciorum.
2490 1536 2585 1591 sed
2630 1536 2797 1592 etiam
2833 1536 3119 1593 blanditiis
3146 1538 3300 1593 nullo
3324 1552 3422 1593 ne—

1840 1626 1992 1697 gotio
2017 1628 2395 1698 corrumpitur
2414 1628 2778 1684 :existimavit
2795 1644 2916 1685 esse
2940 1631 3343 1693 necessarium,
3360 1636 3420 1683 ut

1839 1719 2203 1775 descenderet
2257 1722 2322 1775 ad
2354 1722 2659 1787 civitatem,
2686 1731 2743 1777 et
2767 1722 2871 1787 eis,
2920 1722 3102 1792 quoad
3154 1722 3274 1792 ejus
3302 1722 3418 1777 ﬁeri

1840 1821 2046 1883 posset,
2066 1813 2296 1868 adderet
2330 1814 2574 1868 animum
2603 1812 2669 1868 ad
2707 1816 3421 1870 certamen.1\’amnccerat

1834 1905 2057 1976 quidem
2090 1914 2243 1959 extra
2293 1904 2667 1974 suspicionem
2706 1905 2775 1960 de
2827 1918 3017 1961 carum
3045 1915 3223 1961 matre
3250 1907 3422 1962 Atha-

1837 1995 1987 2050 nasia
2015 2012 2029 2048 :
2050 1993 2250 2064 partim
2273 1993 2517 2064 quidem,
2539 2008 2665 2049 cum
2684 2009 2747 2049 ca
2763 1993 2931 2049 sciret
2953 2008 3074 2050 esse
3088 1995 3375 2049 mulierem
3402 2013 3417 2048 :

1837 2088 2035 2154 partim
2084 2095 2267 2143 autem
2301 2098 2532 2143 matrem
2558 2102 2780 2160 quoque
2816 2086 3048 2142 filiarum
3081 2099 3188 2142 tam
3218 2097 3419 2144 tenera

1835 2177 2032 2242 atatis,
2061 2193 2182 2249 qua
2207 2179 2311 2234 scit
2339 2179 2533 2234 matris
2562 2178 3080 2243 oblectareoculos,
3107 2189 3162 2232 et
3192 2194 3260 2234 nc
3294 2178 3424 2249 ipsa

1837 2286 1999 2339 grave
2033 2270 2239 2341 aliquid
2267 2271 2570 2342 patiantur,
2604 2270 2803 2325 efﬁciet
2823 2270 2969 2341 quod
2994 2270 3170 2325 nolint
3190 2264 3421 2340 aliquid,

1838 2362 1986 2432 quod
2010 2378 2117 2417 non
2153 2363 2271 2417 vult
2294 2371 2494 2418 mater.
2532 2362 2659 2420 llac
2682 2362 2887 2436 Cyrum
2924 2374 3077 2418 metu
3112 2361 3422 2433 replebant.

1839 2452 2186 2507 dubitantem
2214 2468 2284 2507 ne
2315 2462 2495 2507 mater
2517 2468 2736 2523 quoque
2768 2454 3116 2525 frangeretur
3134 2454 3425 2525 iuventute

1841 2545 2096 2606 filiarum,
2121 2560 2190 2599 ne
2210 2545 2330 2614 eius
2361 2554 2686 2614 paterentur
2728 2546 2964 2606 viscera.
2998 2555 3054 2600 et
3081 2544 3223 2600 victa
3260 2561 3290 2599 a
3322 2560 3425 2600 na-

1841 2647 1983 2696 tura,
2011 2635 2323 2691 miserabile
2356 2635 2588 2705 aliquid,
2612 2652 2723 2706 quo
2759 2651 2815 2691 sc
2848 2638 3043 2703 cedere
3066 2636 3424 2708 significaret,

1838 2730 1920 2786 eis
1952 2728 2184 2790 diceret,
2232 2735 2327 2782 aut
2385 2729 2550 2782 etiam
2607 2737 2900 2783 auuueret.
2943 2729 3067 2784 Hac
3143 2745 3311 2799 ergo,
3365 2737 3427 2783 ut

1840 2820 2103 2889 diximus,
2133 2820 2478 2875 dubitantem
2516 2819 2719 2892 Cyrum
2746 2820 3016 2876 inducunt
3052 2822 3105 2876 in
3123 2822 3424 2877 civitatem.

1841 2914 1979 2969 Eum
2003 2923 2190 2969 autem
2225 2913 2481 2984 egregius
2515 2928 2735 2983 quoque
2777 2913 3118 2984 sequebatur
3162 2913 3425 2970 Joannes.

1843 3007 2009 3062 Fiunt
2045 3020 2181 3062 vero
2218 3005 2329 3061 illis
2363 3005 2446 3061 eis
2497 3006 2679 3077 alipta
2710 3005 2778 3060 ad
2837 3007 3161 3069 certamina,
3203 3016 3259 3061 et
3305 3004 3430 3076 pul-

1844 3097 2041 3153 chrum
2109 3097 2394 3168 exemplar
2453 3096 2706 3169 martyrii
2755 3095 2958 3168 :quod
3014 3097 3237 3167 quidem
3282 3106 3427 3160 erat,

1768 3206 1811 3264 ο
1844 3206 1954 3246 non
2002 3189 2126 3246 illas
2149 3189 2425 3245 adducere
2463 3189 2530 3245 ad
2575 3189 2925 3263 martyrium,
2963 3188 3057 3245 sed
3088 3204 3243 3243 suam
3275 3188 3429 3258 ipso-

1842 3298 1965 3338 rum
1991 3282 2394 3338 confessionem
2444 3283 2793 3338 manifestam
2832 3280 3050 3338 edicere
3084 3298 3098 3335 :
3131 3280 3215 3336 vel
3245 3281 3431 3351 potius

1839 3384 2135 3447 utrumque
2160 3390 2258 3446 per
2281 3390 2340 3432 se
2368 3375 2629 3440 invicem,
2653 3384 2713 3430 ut
2738 3384 2793 3430 et
2811 3374 2914 3445 ipsi
2935 3381 3161 3443 propter
3184 3372 3431 3442 virgines

1836 3447 2008 3520 libere
2060 3478 2217 3518 suam
2274 3461 2629 3519 ostenderent
2682 3465 2967 3534 pietatem,
2991 3473 3048 3518 et
3074 3460 3197 3516 illas
3231 3477 3331 3531 per
3360 3476 3422 3517 se

1839 3558 2068 3616 Christo
2096 3557 2366 3612 oberrent
2394 3554 2630 3611 hostias.

1911 3648 1980 3704 Χ.
2021 3646 2160 3705 Cum
2195 3648 2379 3718 itaque
2416 3663 2613 3702 rursus
2640 3662 2754 3703 sua
2777 3646 3153 3718 improbitatis
3179 3662 3289 3702 non
3327 3662 3425 3702 ne-

1836 3742 2105 3814 gligentes
2132 3740 2417 3795 ministros
2450 3739 2752 3796 invenisset
2783 3742 3064 3806 inimicus,
3099 3742 3182 3797 eis
3204 3740 3430 3812 pe‘rsua-

1836 3835 1933 3889 det
1988 3832 2208 3905 prasidi
2240 3830 2427 3887 dicere
2478 3831 2547 3887 de
2602 3832 3154 3905 martyribus:quod
3214 3833 3427 3891 scilicet

1838 3925 1963 3979 Sint
1989 3923 2210 3999 quidam
2255 3922 2450 3994 ignoti,
2485 3938 2630 3977 unus
2659 3923 2880 3993 quidem
2932 3923 3258 3985 monastico,
3286 3922 3425 3977 alter

1835 4034 1968 4074 vero
2011 4017 2235 4072 militari
2274 4016 2452 4072 induti
2484 4016 2712 4081 amictu,
2746 4016 2840 4087 qui
2876 4016 3142 4082 efﬁciunt,
3174 4014 3419 4072 utmodo

1838 4111 2251 4182 comprehensa
2299 4110 2560 4181 virgines,
2614 4109 2749 4166 deos
2784 4109 3007 4181 quidem
3064 4119 3285 4166 nostros
3316 4108 3417 4164 de-

1839 4203 2094 4275 spiciam,
2127 4204 2372 4272 totisque
2423 4193 2639 4258 viribus
2681 4202 2940 4274 adjurent
2969 4211 3027 4258 et
3061 4212 3425 4257 exsecrentur

1836 4312 2027 4351 eorum
2059 4295 2402 4365 religionem,
2444 4295 2787 4367 Casarlsquc
2831 4298 2982 4367 iussa
3024 4304 3421 4353 contemnant:

1839 4387 2025 4444 Iesum
2054 4398 2236 4442 autem
2274 4389 2565 4458 quemdam
2593 4389 2773 4442 solum
2809 4388 3060 4451 laudent,
3085 4398 3143 4443 et
3173 4388 3247 4453 ci,
3279 4404 3428 4458 qua-

1840 4496 2057 4552 euuque
2092 4481 2222 4543 Deo,
2250 4482 2534 4535 tribuant:
2563 4488 2617 4534 et
2653 4480 2721 4534 ad
2753 4480 3149 4535 ostendendam
3175 4495 3332 4535 suam
3369 4480 3423 4534 in

149 4568 292 4639 πρὸς
329 4567 491 4621 αὑτὸν
552 4568 768 4633 εὐνοίας
809 4571 1006 4642 μικρον
1045 4549 1299 4643 ἡγεῖσθαι
1338 4572 1429 4625 τὸν
1481 4549 1731 4626 θάνατον.

1840 4549 2450 4637 eumvbenevolentiam,
2474 4580 2703 4627 mortem
2730 4574 2879 4642 parvi
2905 4572 3136 4631 faciant.
3156 4573 3425 4642 Syrianus

149 4661 413 4732 Συριανδς
467 4660 648 4714 τοίνυν
678 4660 737 4714 οὺ
779 4662 970 4733 πράως
1023 4662 1196 4716 ταῦτα
1242 4663 1558 4732 διενεγκὼν,
1617 4663 1737 4717 ἀλλ’

149 4752 179 4805 ὑ
194 4752 244 4804 π’
268 4749 393 4820 ὄψιν
416 4750 642 4821 ἀγαγὼν
662 4752 788 4816 τοὺς
817 4753 1116 4821 γενναίους,
1144 4753 1360 4822 Ὑμεῖς,
1386 4755 1514 4826 ἔφη,
1533 4755 1734 4827 δύστη-

149 4862 232 4897 νοι
264 4843 361 4897 καὶ
391 4843 532 4897 θεῶν
587 4843 697 4897 τῶν
738 4844 1024 4915 μακαρίων
1064 4845 1272 4918 ἐχθροὶ,
1309 4846 1491 4918 ὑμεῖς,
1547 4848 1597 4902 οἳ
1637 4849 1736 4911 τὰς

152 4940 257 5008 μὲν
300 4936 603 5009 παρθένους
655 4936 975 4992 ἀναπείθειν
1042 4937 1331 5012 πειρᾶσθε,
1364 4939 1459 4993 καὶ
1488 4938 1557 4993 τὰ
1594 4939 1732 5011 Χρι-

152 5029 390 5086 στιανῶν
429 5028 689 5095 αὐξάνειν
742 5028 1096 5095 σπουδάζετε,
1155 5030 1533 5102 περιϋϐρίζειν
1580 5032 1637 5086 δὲ
1663 5033 1732 5086 τὰ

153 5122 435 5195 Καίσαρος
461 5125 674 5195 μηχανῇ
705 5125 771 5195 τῇ
798 5122 966 5194 πάσῃ,
1002 5122 1141 5195 πλὴν
1167 5125 1217 5177 εί
1269 5123 1361 5179 καὶ
1426 5123 1501 5196 μὴ
1535 5126 1734 5197 πρότε-

153 5232 269 5284 ρον,
308 5214 445 5267 ἀλλά
476 5212 572 5267 νῦν
605 5214 738 5282 γοῦν
768 5213 869 5285 τῆς
904 5214 1139 5284 ματαίας
1184 5216 1340 5286 ὑμῶν
1365 5217 1567 5288 ταύτης
1598 5216 1735 5270 ἀπο-

152 5308 383 5369 στάντες
412 5307 735 5380 θρησκείας,
767 5307 952 5377 εὐχαῖς
975 5324 1035 5359 τε
1067 5307 1160 5360 καὶ
1188 5308 1402 5372 θυσίαις
1431 5310 1554 5373 τοὺς
1578 5309 1734 5381 μεγία

148 5404 325 5463 στους
365 5400 522 5463 θεοὺς
579 5398 896 5454 ἱλεὼσασθε.
957 5399 1127 5453 Τοῦτο
1186 5399 1294 5471 γὰρ
1333 5401 1394 5454 οὐ
1449 5402 1732 5475 τιμωριῶν

151 5490 317 5558 μόνον
335 5489 654 5561 ἐλευθέρους
678 5491 850 5561 ὑμᾶς,
875 5487 1010 5543 ἀλλά
1031 5490 1126 5543 καὶ
1157 5491 1334 5561 τιμῶν
1356 5491 1539 5557 ἀξίους
1563 5492 1732 5563 ὀφθῆο

149 5599 237 5634 ναι
285 5583 730 5655 παρασκευάσει·
784 5584 831 5634 εἰ
856 5581 902 5635 δ’
933 5578 1047 5648 οὖν,
1084 5582 1199 5634 ἀλλ’
1229 5582 1442 5637 εἴσεσθε
1477 5586 1575 5655 μὲν
1606 5584 1730 5638 ὅσον

149 5671 306 5733 οὔπω
356 5676 653 5746 Συριανόψ
709 5677 919 5730 εἴσεσθε
974 5676 1029 5732 δὲ
1055 5677 1277 5749 βασιλέα
1323 5680 1726 5750 Διοκλητιανὶν,

1838 4668 2029 4737 igitur,
2080 4680 2206 4721 cum
2262 4664 2379 4720 hac
2436 4678 2547 4719 non
2608 4664 2805 4720 leviter
2861 4665 3103 4729 tulisset,
3136 4664 3232 4725 sed
3272 4664 3424 4720 viros

1836 4759 2130 4831 praclaros
2180 4758 2237 4814 in
2279 4772 2440 4812 suum
2462 4765 2820 4827 conspectum
2864 4755 3234 4828 produxisset,
3287 4755 3420 4823 Vos,

1840 4851 2040 4922 inquit.
2076 4847 2331 4905 infelices
2350 4858 2404 4904 et
2442 4848 2631 4903 hostes
2659 4846 2887 4902 deorum
2928 4847 3213 4902 beatorum
3250 4865 3263 4901 :
3299 4863 3419 4915 vos,

1836 4945 1929 5017 qui
1967 4941 2274 5015 virginibus
2295 4940 2518 5012 quidem
2544 4940 2820 4996 conamini
2847 4938 3211 5010 persuadere,
3252 4938 3418 4995 Chri-

1839 5036 2147 5089 stianorum
2202 5043 2386 5087 autem
2427 5046 2517 5087 res
2567 5030 2802 5086 studetis
2849 5044 3048 5100 augere
3103 5028 3419 5085 :Casarem

1840 5143 1975 5184 vero
2020 5126 2281 5182 omnibus
2333 5125 2508 5180 modis
2541 5123 2757 5179 afﬁcere
2783 5124 3160 5179 coutumelia:
3194 5123 3288 5179 sed
3312 5122 3418 5177 etsi

1839 5238 1948 5278 non
1970 5220 2146 5292 prius.
2170 5233 2322 5274 nunc
2349 5216 2569 5287 quidem
2601 5227 2752 5271 certe
2776 5217 2847 5271 ab
2869 5217 2970 5271 hac
3000 5232 3139 5271 vana
3156 5215 3422 5272 deiicien-

1839 5324 1920 5368 tes
1973 5310 2258 5382 religione,
2317 5308 2578 5381 precibus
2627 5307 2994 5363 ctsacrilieiis
3042 5308 3178 5363 deos
3205 5308 3419 5381 placate

1838 5401 2281 5459 maximos:hoc
2324 5400 2473 5456 enim
2523 5415 2634 5455 non
2682 5394 2885 5455 efﬁciet
2915 5400 3115 5465 solum,
3173 5407 3234 5452 ut
3293 5397 3417 5451 sitis

1833 5496 1993 5553 liberi
2024 5510 2054 5549 a
2083 5493 2389 5565 suppliciis,
2436 5491 2531 5548 sed
2567 5491 2757 5558 etiam,
2808 5503 2867 5548 ut
2921 5491 3073 5562 digni
3118 5487 3413 5544 videamini

1836 5589 2142 5643 honoribus
2174 5604 2188 5640 :
2221 5585 2309 5640 sin
2344 5586 2547 5652 minus,
2578 5601 2707 5641 mox
2743 5586 2962 5657 quidem
2997 5582 3186 5640 scietis
3225 5579 3412 5652 Syria-

1834 5697 1988 5746 num,
2030 5679 2219 5736 scietis
2244 5691 2424 5735 autem
2474 5680 2869 5752 imperatorem
2923 5693 3142 5751 quoque
3191 5674 3409 5732 Diocle~

220 5859 295 5931 (ί)
329 5858 541 5931 Alipta,
570 5868 832 5919 unctores.
867 5860 960 5930 qui
992 5860 1228 5917 athletas
1268 5870 1576 5918 certaturos
1610 5860 1908 5935 ungebam.
