3834 6490
395 451 536 515 1243

1631 455 1911 514 MENSIS
1949 453 2403 520 JANUAlllUS.

3520 451 3667 514 ιειι

397 571 632 633 tianum,
666 568 799 639 quin
817 567 986 623 etiam
1014 567 1150 624 deos
1183 568 1354 640 ipsos,
1386 568 1653 626 adversus
1687 583 1826 639 quos
1853 568 1969 622 haec

2097 569 2203 622 ελλὰ
2227 569 2319 622 καὶ
2342 569 2498 632 θεοὺς
2524 570 2742 636 αὐτοὺς,
2767 570 2888 635 καθ’
2916 565 2990 626 ὧν
3036 570 3276 637 ἀνοήτως
3327 567 3394 620 τά
3426 564 3670 619 τοιαῦτα

397 661 595 716 stolide
644 661 878 724 audetis,
923 678 1087 731 quam
1157 662 1386 733 gratiam
1441 662 1683 716 referant
1733 677 1861 732 erga
1909 677 1966 716 se

2102 663 2322 733 ολμάτε,
2355 658 2466 726 οἷος
2489 660 2507 734 [
2529 664 2567 730 Ῑ.
2605 659 2729 734 οἷα]
2757 665 2954 717 ἐκεῖνοι
2999 656 3129 726 τοὺς
3165 661 3428 732 ὑϐριστὰς
3489 659 3670 729 ἀμεί-

396 753 834 814 contumeliosis.
863 755 1078 809 etiamsi
1109 754 1220 808 sint
1247 754 1406 808 mites
1424 761 1479 809 et
1510 754 1752 823 benigni.

470 845 561 903 XI.
603 843 684 904 Ad
718 848 832 902 haec
855 847 1030 919 Cyrus
1066 857 1121 903 et
1140 848 1380 904 Joannes
1410 867 1423 903 :
1460 848 1592 911 Nos,
1623 847 1900 911 dixerunt,
1937 863 1970 899 ο

400 954 622 1008 praeses,
651 939 718 994 de
747 939 932 994 multis
964 955 1135 1009 pauca
1156 940 1339 995 dicere
1371 940 1782 995 consuevimus.
1817 937 1971 993 Scias

399 1047 554 1102 ergo.
602 1048 701 1087 nos
758 1047 857 1086 nec
900 1048 1025 1087 esse
1073 1032 1305 1087 infames
1334 1034 1575 1088 honores
1611 1032 1968 1093 admissuros,

403 1137 581 1192 neque
609 1121 1108 1184 Christianismum,
1130 1123 1399 1193 quidquid
1421 1122 1610 1187 fuerit,
1628 1122 1967 1193 prodituros.

409 1214 533 1273 litec
579 1231 700 1270 eum
732 1215 999 1269 audiisset
1059 1215 1342 1286 Syrianus,
1366 1226 1422 1269 et
1451 1215 1763 1269 vehementi
1788 1214 1972 1269 cordis

403 1305 482 1360 ira
509 1313 998 1367 essetconunotus,
1015 1314 1071 1360 et
1087 1306 1280 1359 dentes
1300 1306 1470 1359 instar
1483 1305 1601 1374 apri
1623 1306 1932 1360 exacuisset
1955 1322 1970 1359 :

401 1397 724 1464 Oportebat,
763 1395 962 1466 inquit,
988 1412 1084 1450 vos
1110 1399 1160 1452 in
1182 1398 1285 1452 hoc
1307 1397 1499 1451 saltem
1530 1397 1608 1451 uti
1636 1397 1974 1468 benignitate

400 1486 625 1553 judicis,
656 1487 798 1555 quod
855 1487 987 1540 moti
1031 1487 1352 1556 paenitentia
1402 1503 1615 1554 eorum,
1648 1503 1768 1558 quze
1821 1489 1976 1556 prius

405 1574 760 1640 statuissetis,
793 1574 835 1628 si
867 1575 975 1628 ulla
1009 1585 1154 1630 esset
1186 1575 1476 1645 sapientia,
1513 1577 1688 1629 minas
1711 1575 1973 1630 evitasse-

407 1665 497 1719 tis.
534 1664 803 1730 Quoniam
839 1675 1021 1720 autem
1078 1668 1419 1726 universum.
1457 1676 1516 1722 ut
1545 1667 1729 1732 video,
1755 1678 1840 1723 est
1892 1668 1976 1722 fa-

405 1767 525 1814 stus
561 1767 616 1812 et
639 1760 950 1828 arrogantia
977 1769 1031 1814 et
1066 1760 1245 1815 inanis
1270 1762 1554 1832 jactantia,
1605 1777 1712 1816 non
1745 1761 1975 1832 prolixis

405 1850 588 1905 verbis
609 1852 844 1920 amplius
873 1852 1162 1922 eritopus,
1195 1853 1289 1908 sed
1307 1854 1418 1924 jam
1459 1853 1525 1907 ad
1564 1855 1737 1923 ipsam
1779 1853 1971 1909 venie-

404 1958 530 2000 mus
558 1944 974 2013 experientiam.
1003 1944 1093 1999 Sic
1114 1944 1260 1998 enim
1295 1944 1397 2014 ipsi
1426 1953 1482 1999 et
1505 1960 1625 2014 quae
1650 1945 1976 2001 desideratis

407 2035 626 2104 privtnia
671 2036 896 2089 omnino
956 2037 1390 2114 consequemini,
1444 2044 1500 2091 et
1565 2045 1623 2090 ut
1665 2053 1788 2107 quaa
1816 2038 1979 2108 jussit

407 2131 708 2195 imperator
734 2128 972 2192 faciatis,
1008 2129 1090 2183 vel
1139 2129 1294 2183 inviti
1332 2129 1820 2199 persuadebimini.
1854 2131 1998 2186 Ηίθε-

403 2234 529 2272 cum
564 2219 809 2282 dixisset,
837 2229 890 2274 et
938 2220 1287 2288 produxisset
1348 2222 1587 2291 virgines
1642 2223 1694 2278 in
1749 2237 1980 2292 conspe-

406 2319 556 2363 ctum
590 2319 910 2382 martyrum,
936 2322 994 2365 ut
1017 2312 1269 2366 viderent
1299 2328 1419 2382 qua:
1456 2313 1678 2376 flebant,
1712 2314 1981 2370 inferebat

407 2403 631 2459 athletis
653 2419 816 2458 omne
833 2421 1007 2476 genus
1025 2415 1447 2472 tormentorum,
1465 2405 1694 2478 ﬂagellis
1712 2407 1977 2472 caedebat,

407 2495 575 2550 clavis
629 2496 969 2558 conterebat.
1006 2497 1355 2566 lampadibus
1391 2499 1690 2562 ustulabat,
1741 2508 1795 2553 et
1831 2516 1976 2565 cum,

406 2601 529 2654 qum
556 2595 674 2640 usta
703 2585 946 2649 fuerunt,
975 2587 1218 2642 membra
1250 2599 1406 2642 aceto
1426 2598 1481 2642 et
1510 2590 1621 2643 sale
1655 2590 1969 2646 madefecis-

407 2686 510 2740 set,
548 2677 748 2732 deinde
781 2679 974 2747 pannis
1015 2695 1080 2733 ex
1128 2679 1254 2748 pilis
1303 2680 1568 2736 confectis
1600 2681 1828 2751 jubebat
1880 2681 1979 2736 ab-

405 2779 675 2842 stergere,
715 2781 773 2826 et
801 2771 1064 2826 bulliente
1114 2772 1234 2842 pice
1268 2773 1436 2841 pedes
1487 2773 1805 2843 inungebat.
1831 2773 1981 2828 Nihil

407 2863 646 2933 denique
708 2879 816 2918 non
851 2863 1086 2919 faciebat
1142 2879 1210 2920 ex
1241 2865 1310 2918 iis
1367 2878 1488 2934 qua:
1518 2875 1740 2936 possent
1779 2882 1984 2935 corpus

406 2956 592 3024 aliquo
624 2957 788 3010 modo
819 2956 1053 3026 punire:
1103 2956 1266 3012 simul
1314 2958 1536 3027 quidem
1585 2969 1642 3013 et
1673 2975 1865 3014 eorum
1897 2962 1982 3015 ul-

407 3048 621 3102 ciscens
683 3048 1070 3113 constantiam,
1115 3057 1172 3103 et
1217 3050 1493 3121 virginum
1546 3051 1776 3121 spiritus
1830 3053 1986 3124 prius

407 3137 739 3194 labefactare
760 3139 1016 3195 moliens.

480 3226 596 3280 XII.
635 3226 771 3282 Cum
801 3239 979 3286 autem
1020 3246 1117 3286 eos
1161 3233 1254 3302 qui
1290 3233 1550 3290 videbant
1577 3236 1864 3292 videretur
1892 3254 1982 3308 po-

409 3319 519 3374 tius
543 3321 810 3389 castigare
839 3337 1002 3392 quam
1022 3333 1293 3394 martyres
1332 3325 1434 3397 (illi
1474 3327 1627 3382 enim
1653 3328 1739 3383 vel
1771 3344 1837 3383 ex
1864 3329 1982 3385 solo

408 3411 761 3479 patiebantur
797 3415 1133 3484 spectaculo,
1165 3429 1391 3488 prepter
1421 3418 1656 3492 insignia
1673 3422 1979 3492 supplicia:

414 3503 499 3558 his
525 3518 660 3558 vero
709 3506 891 3560 omnia
926 3516 1086 3561 erant
1123 3508 1388 3579 jucunda.
1440 3520 1667 3581 propter
1711 3527 1864 3582 spem
1898 3530 1984 3568 re-

413 3596 857 3669 munerationis),
889 3598 1037 3668 ipsos
1078 3599 1302 3670 quidem
1344 3601 1552 3656 relaxat
1597 3619 1627 3658 a
1671 3605 1981 3670 tormentis,

403 3681 569 3753 jussit
613 3694 797 3740 autem
858 3688 1101 3756 virgines
1153 3691 1400 3761 torqueri
1450 3707 1554 3747 una
1613 3709 1740 3748 cum
1779 3704 1979 3750 matre.

410 3774 703 3844 Postquam
735 3789 916 3832 autem
945 3780 1149 3836 faciens
1179 3783 1510 3852 periculum,
1543 3785 1736 3857 majori
1771 3788 1985 3857 pudore

409 3865 770 3934 afliciebatur,
798 3879 858 3924 ut
881 3872 973 3940 qui
1008 3889 1109 3929 nec
1140 3875 1398 3931 mulieres
1429 3876 1650 3947 quidem
1671 3887 1855 3948 posset
1903 3894 1988 3933 so-

411 3955 524 4010 lum
551 3956 771 4014 vincere
807 3960 1198 4029 (cernebantur
1213 3969 1360 4020 enim
1389 3968 1546 4022 sexui
1568 3968 1746 4022 solum
1777 3968 1984 4025 Christi

410 4054 679 4131 martyres
718 4048 908 4105 sivisse
959 4064 1246 4121 praestare,
1310 4072 1419 4111 non
1471 4057 1651 4112 minus
1695 4075 1826 4114 vero
1864 4075 1987 4116 esse

413 4137 637 4204 animis,
671 4156 834 4210 quam
875 4144 985 4198 sint
1037 4146 1161 4217 ipsi,
1225 4149 1504 4216 masculis,
1550 4166 1756 4223 eosque
1784 4153 1853 4208 ad
1881 4170 1986 4210 un-

412 4250 574 4306 gnem
608 4236 766 4308 plane
786 4255 904 4295 esse
932 4241 1177 4312 imitatae)
1205 4259 1220 4308 ;
1243 4252 1532 4315 postquam
1551 4261 1682 4317 ergo
1704 4247 1820 4304 hate
1850 4248 1983 4304 vidit

409 4325 578 4398 judex
607 4329 828 4400 impius,
859 4345 1142 4387 easmorte
1159 4335 1508 4403 condemnat,
1529 4347 1587 4392 et
1619 4354 1832 4405 earum,
1865 4356 1987 4412 quae

413 4419 522 4474 \ila
545 4420 720 4491 digna:
739 4435 918 4492 erant,
947 4425 1088 4481 sicut
1119 4427 1284 4483 etiam
1307 4429 1512 4486 factum
1529 4443 1633 4499 est,
1665 4435 1844 4505 capita
1871 4451 1990 4491 am-

417 4516 597 4583 putari
620 4521 961 4586 pronuntiat.
988 4521 1168 4592 Atque.
1191 4538 1318 4579 cum
1341 4525 1584 4596 virgines
1631 4529 1852 4598 quidem
1874 4516 1988 4585 una

2071 755 2278 816 6ονται,
2316 756 2420 809 κᾶν
2451 757 2700 823 εὐμενεῖς
2725 750 2850 812 ὦσι.

2143 849 2243 900 IA'.
2295 847 2435 916 Πρὸς
2487 848 2661 900 ταῦτα
2724 847 2904 914 Κῦρος
2951 847 3046 900 καὶ
3113 845 3388 914 Ἰωάννης,
3429 843 3666 908 Ἡμεῖς,

2073 934 2225 991 εἷπον
2278 933 2323 990 ὦ
2354 939 2555 1008 ἅρχων.
2585 940 2740 1006 ὀλίγα
2792 942 2919 1009 περὶ
2953 938 3162 991 πολλῶν
3188 937 3368 1004 λέγειν
3395 935 3670 1000 πεφύκει

2077 1047 2195 1099 μεν.
2232 1031 2370 1083 Ἰσθι
2404 1032 2714 1099 τοιγαροῦν,
2741 1032 2816 1094 ὡς
2845 1029 2966 1084 οὔτε
2995 1029 3157 1099 τιμὰς
3187 1029 3420 1099 ἀτίμους
3464 1041 3668 1092 παραυ

2072 1121 2353 1190 δεξόμεθα,
2401 1121 2524 1176 οὔτε
2578 1125 2668 1175 τὸν
2720 1121 3170 1191 Χριστιανισμὺν,
3222 1121 3274 1172 εί
3303 1118 3424 1172 τιδ⁹
3453 1118 3528 1170 ἂν
3571 1117 3672 1170 καὶ

2073 1215 2303 1282 γένοιτο,
2328 1214 2704 1283 προησόμεθα.
2733 1212 3212 1275 Τούτωνηάκούσας
3248 1211 3535 1280 Συριανὸς,
3568 1210 3670 1260 καὶ

2077 1306 2322 1378 σφοδρῶς
2345 1308 2442 1377 τὴν
2471 1306 2701 1378 καρδίαν.
2733 1306 2997 1376 κινηθεὶς,
3032 1305 3128 1357 καὶ
3159 1303 3249 1355 τὸν
3274 1302 3463 1354 ὀδόντα
3491 1299 3670 1365 δίκην

2078 1395 2204 1458 συὸς
2237 1394 2534 1465 ὑποθήξας,
2568 1395 2715 1448 Ἔδει
2744 1395 2841 1465 μὲν
2865 1395 2894 1448 ὑ
2906 1396 3032 1464 μᾶς,
3063 1387 3108 1446 ὦ
3135 1385 3302 1455 οὗτοι,
3339 1390 3467 1459 ἔφη,
3492 1388 3672 1440 τοῦτο

2076 1485 2207 1554 γοῦν
2237 1485 2334 1556 τῆς
2384 1484 2479 1538 τοῦ
2513 1485 2824 1549 δικάζοντος
2882 1483 3186 1538 ἀπολαῦσαι
3219 1479 3670 1550 φιλανθρωπίας,

2075 1578 2137 1630 τὸ
2170 1577 2426 1648 μετανοίᾳ.
2483 1577 2590 1630 τῶν
2639 1577 3127 1646 προεγνωσμένων,
3163 1574 3320 1643 είπερ
3361 1571 3498 1632 ὅλως
3535 1568 3672 1620 σύν-υ

2077 1688 2190 1734 εσις
2209 1667 2393 1742 ἦν,τά
2437 1671 2786 1741 ἠπειλημὲνα
2831 1669 3132 1737 διαφυγεῖν.
3170 1666 3325 1720 Ἐπεὶ
3375 1664 3434 1718 δὲ
3455 1662 3669 1728 τῦφος,

2078 1762 2151 1824 ὡς
2180 1761 2312 1831 ὁρῶ,
2340 1760 2400 1814 τι.
2429 1761 2558 1826 πᾶν,
2581 1760 2676 1812 καὶ
2721 1757 3029 1821 ἀλαζονεία,
3084 1758 3178 1809 καὶ
3227 1755 3439 1824 κόμπος
3468 1752 3671 1813 κενὸς,

2077 1856 2138 1907 οὐ
2203 1854 2429 1925 μακρῶν
2482 1855 2562 1916 είς
2619 1852 2698 1905 ἔτι
2751 1849 3055 1921 δεησόμεθα
3109 1849 3304 1916 λόγων,
3355 1846 3493 1900 ἀλλὰ
3529 1844 3677 1911 πρὸς

2079 1946 2248 2014 αὐτὴν
2297 1947 2394 2017 ἥδη
2452 1946 2552 2015 τὴν
2605 1945 2796 2013 πεῖραν
2818 1943 3042 2013 ἥξομεν.
3092 1940 3249 1993 Οὕτω
3270 1939 3376 2010 γάρ
3407 1938 3576 1990 αὐτοὶ
3613 1953 3676 1988 τε

2077 2039 2186 2092 τῶν
2218 2037 2564 2106 ποθουμένων
2587 2036 2764 2105 γερῶν
2824 2037 2888 2088 ἐκ
2939 2033 3136 2096 παντὸς
3162 2029 3539 2095 ὲπιτεύξεσθε,
3577 2032 3677 2081 καὶ

2077 2132 2139 2185 τὸ
2162 2130 2255 2184 τοῦ
2289 2129 2548 2201 βασιλέως
2579 2132 2926 2199 πρόσταγμα,
2963 2128 3055 2178 καὶ
3089 2126 3334 2189 ἄκοντες,
3366 2125 3503 2193 δρᾷν
3537 2140 3675 2174 πει-

2081 2222 2364 2294 σθήσεσθε.
2397 2220 2578 2273 Ταῦτα
2611 2219 2780 2272 είπὼν
2813 2219 3030 2281 καὶτὰς
3059 2217 3365 2285 παρθένους
3415 2216 3494 2276 εἰς
3532 2213 3675 2265 θέαν

2080 2316 2188 2370 τῶν
2218 2313 2516 2382 γινομένων
2547 2311 3062 2382 παραστησάμενος,
3085 2310 3192 2362 πᾶν
3229 2303 3368 2370 εἶδος
3405 2306 3675 2376 βασάνων

2081 2411 2252 2478 ἐπῆγε
2281 2413 2391 2472 τοῖς
2415 2408 2672 2479 ἀθληταῖς
2692 2423 2706 2438 ο
2738 2408 2988 2479 μάστιξιν
3020 2405 3200 2478 ᾔκιζε,
3242 2403 3497 2473 ῥοπάλοις
3540 2418 3679 2453 σνν-

2081 2500 2286 2570 έτρι6ε,
2334 2500 2591 2570 λαμπάσι
2650 2500 2891 2552 διέκαιε·
2919 2498 2989 2549 τὰ
3053 2495 3322 2563 φλεγέντα
3359 2493 3522 2563 μέλη,
3556 2491 3677 2555 δξῖι

2082 2594 2173 2646 καὶ
2203 2593 2358 2647 ἅλατι
2383 2592 2690 2662 διαδρέξας,
2716 2586 2833 2643 εἶτα
2860 2590 2952 2643 καὶ
2983 2588 3244 2662 τριχίνοις
3275 2587 3498 2655 ῥάκεσιν
3530 2585 3677 2635 6cm.-

2082 2687 2287 2756 τρίϐειν
2319 2685 2602 2749 ἐπέταττε,
2649 2686 2820 2757 πίσσῃ
2855 2699 2914 2735 τε
2949 2659 3303 2749 παφῖἂζοὺσῃ
3333 2677 3461 2740 τοὺς
3491 2676 3677 2737 πέδας

2083 2779 2360 2848 ἐπέχριεν.
2418 2779 2585 2831 Οὐδὲν
2637 2773 2704 2849 ἦν
2731 2775 2758 2828 ὃ
2816 2774 2890 2845 μὴ
2925 2772 3096 2826 ἐποίει
3127 2771 3235 2824 τῶν
3271 2769 3525 2832 κολάζειν
3565 2766 3676 2820 σώ-

2087 2888 2230 2941 ματα
2263 2869 2601 2937 δυναμένων,
2649 2867 2769 2938 ἅμα
2806 2864 2903 2936 μὲν
2946 2863 3144 2924 αὐτοὺς
3177 2859 3519 2930 ἀμυνόμενος
3571 2857 3676 2927 τῆς

2085 2963 2410 3025 ἐνστάσεως,
2434 2963 2550 3031 ἅμα
2581 2961 2638 3014 δὲ
2667 2960 2761 3014 καὶ
2789 2958 2896 3012 τῶν
2920 2955 3202 3027 παρθένων
3231 2953 3679 3025 προκαταπίσαι

2083 3053 2144 3106 τὸ
2174 3053 2426 3124 φρόνημα
2462 3049 2876 3123 μηχανώμενος.

2157 3233 2256 3290 IB'.
2301 3235 2454 3288 Ἐπεὶ
2483 3233 2540 3288 δὲ
2573 3235 2700 3296 τοὺς
2728 3231 2974 3304 ὁρῶντας
3005 3229 3205 3302 μᾶλλον
3233 3228 3266 3301 ἢ
3294 3227 3422 3290 τοὺς
3452 3226 3678 3297 μάρτυς

2095 3346 2191 3398 ρας
2242 3327 2492 3391 κολάζειν
2545 3325 2709 3396 ἐῴκει
2765 3325 2850 3395 (cl
2885 3323 2984 3394 μὲν
3032 3324 3143 3394 γὰρ
3195 3321 3290 3375 καὶ
3335 3318 3446 3376 ἀπὸ
3493 3319 3679 3388 μόνης

2090 3419 2326 3489 ἔπασχον
2353 3418 2450 3487 τῆς
2479 3417 2610 3482 θέας
2631 3417 2720 3471 διὰ
2741 3415 2838 3487 τὴν
2872 3415 3181 3486 ὑπερϐολὴν
3215 3412 3327 3466 τῶν
3360 3409 3674 3474 κολάσεων,

2087 3509 2201 3569 τοῖς
2245 3507 2302 3560 δέ
2360 3506 2540 3559 πάντα
2593 3505 2715 3560 καθ’
2741 3504 2934 3576 ἡδονὴν
2964 3499 3033 3575 ἦν
3081 3506 3170 3558 διὰ
3213 3503 3312 3575 τὴν
3345 3501 3542 3554 ἐλπίδα
3575 3499 3680 3571 τῆς

2091 3597 2455 3666 ἀντιδόσεως),
2488 3596 2686 3660 αὐτοὺς
2721 3596 2818 3667 μέν
2848 3595 3034 3666 ἀνίησι
3067 3594 3178 3648 τῶν
3213 3591 3492 3664 βασάνων·
3521 3590 3679 3643 αἰκί-

2091 3688 2278 3754 ζεσθαι
2307 3687 2363 3741 δὲ
2387 3689 2484 3752 τὰς
2506 3687 2808 3757 παρθένους
2840 3687 3060 3741 ἐκέλευε
3087 3687 3185 3741 σὺν
3211 3685 3326 3755 ἅμα
3355 3682 3549 3754 μητρί.
3586 3682 3677 3743 Ὠς

2089 3780 2147 3833 δὲ
2177 3780 2268 3834 καὶ
2293 3779 2497 3833 τούτων
2527 3781 2608 3843 είς
2634 3781 2828 3850 πεῖραν
2862 3781 2977 3844 ίὼν,
3012 3777 3275 3849 ᾐσχύνετο
3297 3775 3521 3844 μάλλον,
3548 3773 3675 3828 οὐδὲ

2090 3871 2364 3940 γυναικῶν
2392 3871 2578 3935 ἁπλῶς
2608 3873 2879 3943 κρατῆσαι
2909 3870 3206 3940 δυνάμενος
3244 3869 3510 3940 (ἐθεῶντο
3560 3869 3672 3936 γὰρ

2093 3965 2203 4019 ἀπὸ
2255 3963 2350 4017 τοῦ
2406 3965 2598 4034 γένους
2647 3963 2809 4034 μόνου
2855 3964 2981 4026 τοὺς
3015 3960 3111 4015 τοῦ
3167 3959 3400 4032 Χριστοῦ
3456 3959 3676 4030 μάρτυ-

2097 4075 2194 4129 ρας
2214 4056 2444 4110 ἐάσασαι
2467 4055 2765 4126 διαφέρειν,
2791 4055 2891 4116 τὰς
2912 4054 2968 4108 δέ
3004 4071 3065 4122 γε
3093 4053 3269 4124 ψυχὰς
3301 4051 3454 4105 οὐδὲν
3488 4051 3676 4102 αὐτῶν

2091 4147 2668 4225 ἦττονήῤῥενωμέναι,
2697 4147 2790 4201 atat
2821 4146 2920 4218 τὴν
2953 4148 3188 4218 μίμησιν
3227 4145 3367 4200 πάνυ
3399 4145 3501 4213 τὴν
3533 4145 3674 4215 πρὸς

2094 4243 2290 4306 αὐτοὺς
2319 4239 2747 4312 ἀκριόὡσασαι),
2795 4241 2919 4293 ἐπεὶ
2963 4239 3137 4292 ταῦτα
3197 4239 3368 4304 οὕτως
3403 4238 3432 4290 ὁ
3483 4236 3675 4299 ἄδικος

2096 4336 2242 4408 ἐώρα
2266 4333 2479 4405 κριτὴς,
2512 4334 2742 4388 θάνατον
2782 4333 2963 4387 αὐτῶν
3005 4332 3344 4404 κατακρίνει,
3383 4333 3477 4384 καὶ
3525 4347 3679 4400 τμη-

2097 4429 2254 4500 θῆναι
2287 4427 2385 4493 ea;
2411 4427 2653 4497 κεφαλὰς
2681 4426 2788 4480 τῶν
2815 4426 2961 4497 ζωῆς
2994 4427 3182 4494 ἀξίων,
3213 4425 3401 4495 ὥσπερ
3430 4423 3542 4495 ἄρα
3581 4424 3679 4477 καὶ

2095 4521 2342 4591 γέγονεν,
2394 4519 2773 4591 ἀποφαίνεται.
2832 4519 2944 4582 Τὰς
2981 4519 3079 4585 μὲν
3112 4518 3205 4572 οὖν
3236 4517 3539 4588 παρθένους
3576 4520 3680 4570 σὺν

416 4617 540 4660 cum
597 4618 770 4664 matre
802 4627 995 4668 manus
1024 4613 1281 4670 lictorum
1332 4620 1658 4688 accepisset,
1684 4623 1845 4676 morti
1870 4639 1981 4692 qua:

2098 4615 2162 4682 τῇ
2201 4611 2367 4684 μητρὶ
2414 4614 2596 4683 χεῖρες
2645 4610 2858 4683 δημίων
2917 4608 3202 4672 λαϐοῦσαι,
3231 4608 3308 4678 τῷ
3357 4606 3446 4660 διὰ
3483 4606 3683 4676 ξίφους

411 4710 544 4755 ense
567 4699 1168 4766 infertur,tradiderunt
1185 4709 1322 4764 nihil
1344 4710 1615 4767 muliebre
1627 4722 1718 4767 aut
1736 4715 1988 4784 ignavum

415 4792 767 4850 ostendentes
800 4795 854 4851 in
895 4798 1063 4865 aede,
1099 4801 1196 4857 sed
1227 4801 1543 4868 reddentes,
1574 4804 1627 4859 id
1658 4807 1803 4875 quod
1828 4824 1984 4864 acce-

417 4896 632 4954 perant,
659 4896 714 4942 et
751 4889 832 4945 eis
853 4889 1080 4948 eﬂ’ectas
1113 4895 1393 4964 exemplar
1445 4895 1813 4965 fortitudinis,
1853 4917 1992 4970 quos

417 4977 549 5047 ips:e
601 4979 754 5048 prius
816 4983 1104 5050 pulchrum
1155 4998 1484 5058 acceperant
1533 4991 1890 5063 archetypum
1922 4995 1990 5050 ad

419 5067 677 5122 virtutem
719 5071 896 5141 magni
931 5073 1120 5131 animi.
1155 5074 1355 5147 Cyrum
1385 5085 1569 5133 autem
1617 5093 1674 5136 ct
1725 5079 1990 5136 Joannem

411 5159 582 5229 judex
619 5178 814 5218 rursus
843 5165 1057 5220 vocavit
1094 5167 1162 5222 ad
1199 5169 1403 5224 l-uctam
1438 5189 1451 5224 :
1486 5172 1688 5240 quibus
1721 5173 1852 5242 quid
1882 5189 1993 5227 non

419 5251 550 5307 fecit
578 5250 798 5323 impius,
831 5257 1022 5313 volens
1043 5274 1138 5316 eos
1165 5261 1231 5315 ad
1258 5277 1412 5316 suam
1443 5263 1730 5321 traducere
1769 5276 1992 5321 senten-

423 5344 552 5400 tiam
576 5347 599 5400 ?
628 5347 845 5403 Prolixa
875 5351 1134 5407 utebatur
1163 5355 1416 5410 oratione
1447 5373 1460 5410 :
1491 5372 1549 5412 se
1577 5373 1770 5413 eorum
1801 5374 1990 5414 curam

418 5454 606 5508 gerere
637 5455 748 5511 pra:
776 5457 834 5498 se
857 5441 1040 5500 ferens
1073 5463 1086 5500 :
1115 5446 1426 5504 minabatur
1455 5450 1777 5520 gravissima
1799 5467 1992 5522 parere

422 5531 758 5599 nolentibus,
779 5534 1273 5605 proferebatdona,
1303 5539 1634 5609 subjiciehat
1667 5542 1988 5609 tormentis,

417 5620 522 5693 alia
568 5621 839 5679 inferebat
889 5627 1115 5698 majora,
1162 5645 1272 5685 non
1318 5631 1498 5687 solum
1548 5632 1839 5704 supplicia,
1894 5631 1993 5688 sed

416 5713 581 5769 etiam
615 5732 839 5772 munera
871 5736 884 5771 :
915 5729 973 5774 ut
994 5721 1086 5791 qui
1109 5724 1452 5780 existimaret
1481 5735 1796 5797 contempta
1822 5725 1993 5782 fuisse

418 5804 604 5873 priora
657 5817 883 5878 prepler
930 5813 1202 5886 egregiam
1249 5815 1429 5887 magni
1483 5815 1651 5870 animi
1708 5816 1992 5882 virtutem,

419 5902 516 5947 aut
570 5897 888 5965 praeclarum
945 5912 998 5959 et
1045 5905 1393 5977 magnificum
1437 5907 1793 5963 desiderium.
1853 5907 1989 5963 Cum

2095 4703 2310 4775 θανάτῳ
2355 4706 2744 4777 παρέπεμψαν,
2789 4707 2941 4762 οὐδὲν
2967 4709 3277 4777 γυναικεῖον
3321 4704 3681 4777 ῆ’ᾶνανδρον

2095 4796 2231 4867 πρὸς
2263 4796 2361 4866 τὴν
2396 4797 2612 4869 σφαγὴν
2667 4797 3106 4871 ἐπιδειξαμένας,
3159 4799 3275 4853 ἀλλ’
3311 4799 3448 4869 ὅπερ
3479 4798 3680 4852 ἐλαΰον

2094 4888 2432 4955 ἀντιδούσας,
2454 4891 2548 4942 καὶ
2567 4890 2862 4960 γενομένας
2879 4891 3089 4956 τούτοις
3109 4890 3414 4960 ὑπόδειγμα
3428 4891 3682 4958 γενναιό-

2094 4995 2276 5046 τητος,
2311 4976 2404 5042 οὓς
2433 4978 2592 5032 αὑταὶ
2614 4979 2875 5049 πρότερον
2905 4979 3072 5032 καλὸν
3113 4977 3426 5049 ἀρχέτυπον
3462 4977 3545 5038 είς
3581 4978 3680 5030 ἀνα

2093 5071 2248 5142 δρίαν
2278 5070 2552 5142 εἰλήφασι.
2581 5070 2764 5143 Κῦρον
2789 5071 2844 5125 δὲ
2868 5071 3030 5126 πάλιν
3053 5073 3081 5125 ὁ
3101 5070 3338 5134 δικάζων
3366 5069 3461 5122 καὶ
3493 5069 3683 5123 Ἰωάν-

2095 5181 2191 5230 νην
2221 5164 2447 5218 ἐκάλεσε
2481 5163 2617 5234 πρὸς
2649 5164 2716 5217 τὰ
2749 5161 3140 5233 παλαίσματαο
3173 5161 3266 5225 οὒς
3289 5162 3341 5214 τί
3377 5162 3451 5230 μὴ
3497 5162 3683 5214 ἐποίει

2095 5257 2123 5309 ὁ
2151 5256 2418 5328 δυσσεϐὴς
2468 5257 2823 5327 μεταπείσειν
2853 5257 3271 5329 προῃρημένοςς
3307 5257 3509 5323 Λόγους
3537 5271 3679 5307 acu-.—

2096 5351 2266 5404 ἐτεινε
2291 5350 2538 5420 μακροὺς
2561 5351 2654 5403 καὶ
2677 5349 2931 5422 παρῄνει,
2969 5349 3229 5419 κήδεσθαι
3263 5347 3562 5420 προσποιοῦ
3574 5365 3680 5417 μεθ

2096 5459 2185 5507 νος
2205 5459 2218 5472 ⁸
2252 5442 2466 5512 ἠπείλει
2492 5442 2561 5496 τὰ
2582 5441 2963 5512 χαλεπώτατα,
2991 5441 3281 5507 πεισθῆναι
3307 5443 3382 5512 μὴ
3416 5440 3686 5509 βουλομέ-

2097 5554 2206 5602 νοις
2228 5553 2241 5567 ’
2276 5536 2556 5607 προέτεινε
2583 5536 2819 5605 δωρεὰς,
2850 5534 3120 5590 ὑπέϐαλλε
3147 5531 3463 5604 τιμωρίαις,
3505 5531 3677 5593 ἄλλας

2096 5630 2270 5701 ἐπῆγε
2308 5629 2528 5700 μείζους
2554 5631 2615 5683 οὐ
2651 5631 2898 5694 κολάσεις
2936 5630 3117 5700 μόνον,
3147 5626 3283 5682 ἀλλὰ
3323 5626 3418 5680 καὶ
3448 5623 3676 5692 ἀγαθῶν

2097 5721 2386 5789 ἐπιδόσεις,
2413 5721 2488 5784 ὡς
2512 5721 2982 5793 περιφρονηθῆναι
3007 5719 3102 5783 τὰς
3131 5717 3506 5790 προλαϐοῦσας
3537 5715 3667 5768 ὑπο-

2094 5813 2269 5874 λαϐὼν
2293 5814 2381 5870 διὰ
2424 5814 2623 5885 πολλὴν
2677 5813 2954 5886 ἀνδρίανῆ
2990 5813 3283 5882 ἐπιθυμίας
3312 5809 3632 5879 μεγαλοπρέ
3652 5837 3673 5846 ο

2101 5926 2276 5962 πειαν.
2320 5909 2471 5962 Ἐπεὶ
2499 5909 2553 5960 δὲ
2587 5907 2961 5964 πάντα.ποιῶν
2995 5906 3150 5961 οὐθὲν
3183 5907 3328 5976 ἤνυε,
3365 5903 3463 5974 τὴν
3492 5903 3674 5972 ψῆφον
