3834 6490
146 459 293 528 1245

1239 457 1418 519 VITA
1459 455 1563 516 SS.
1606 455 1784 515 CYRI
1829 457 1926 518 ET
1956 406 2308 518 JOANNIS.

3271 453 3412 518 Hi6

143 578 345 644 ἐπάγει
373 576 470 630 καὶ
504 574 625 630 κατ’
654 575 860 642 αὐτῶν,
889 574 1094 646 Κῦρον,
1127 575 1319 641 εἰπὼν,
1347 577 1439 630 τδν
1471 576 1579 630 τῶν
1623 575 1728 628 Γα-

1860 592 1968 630 'ero
1986 579 2172 632 omnia
2213 577 2420 632 faciens
2451 575 2587 631 nihil
2623 575 2937 647 proliceret,
2967 575 3021 629 in
3062 589 3158 629 eos
3192 589 3414 644 quoque

145 669 370 724 λιλαίων
394 667 736 740 προστάτην,
757 669 851 723 καὶ
893 667 1146 739 Ἰωάννην
1177 668 1268 720 τὸν
1295 669 1356 720 τὸ
1387 668 1550 729 σέϐας
1581 666 1731 738 αὐτῷ

150 763 560 834 παραπλήσιον,
583 764 697 826 τοῖς
719 762 825 815 τῶν
851 760 1266 831 αὐτοκρατόρων
1285 761 1382 831 οὐχ
1404 759 1730 823 ὐπείξαντας

147 855 514 923 διατάγμασι,
567 854 664 906 καὶ
717 851 911 915 θυσίας
972 853 1084 914 τοῖς
1137 849 1423 918 μεγίστοις
1489 848 1629 911 θεοῖς
1661 847 1734 918 μὴ

151 946 642 1018 προσενεγκόντας,
667 943 1055 1014 ἀποτμηθῆναι
1079 943 1176 1005 τὰς
1209 942 1456 1010 κεφαλὰς
1482 942 1622 993 κατά
1651 941 1735 993 τὸν

151 1041 264 1091 τῶν
294 1038 639 1108 κρατούντων
669 1037 833 1107 νόμον
864 1035 1298 1102 ἀποφαινόμεθα.

228 1129 328 1188 1Γ’.
356 1130 541 1184 Ταῦτα
561 1129 950 1200 ψηφισαμένου
979 1126 1268 1198 Συριανοῦ,
1294 1127 1540 1198 δέχονται
1563 1142 1740 1196 παρα-

151 1222 346 1292 χρῆμα
375 1223 468 1274 κει)⁵
493 1212 641 1274 οὗτοι
673 1220 815 1290 χειρὶ
855 1219 954 1287 μὲν
987 1218 1307 1290 ἀνθρωπίνῃ
1345 1217 1444 1284 τὴν
1475 1218 1735 1286 ἐκτομὴν,

153 1311 412 1380 ἀθανάτῳ
453 1311 510 1365 δὲ
547 1310 640 1363 τὸν
689 1309 751 1375 ἐξ
779 1309 1012 1379 οὐρανοῦ
1049 1308 1314 1377 στέφανον
1363 1308 1459 1360 ἐπὶ
1489 1307 1740 1378 τριακάδι

121 1403 256 1455 ,καὶ
288 1419 364 1471 πρ
385 1405 510 1470 ⁷.την
559 1401 785 1469 ἄγοντος
837 1400 930 1453 τοῦ
991 1399 1317 1472 Ἰανουαρίου
1362 1400 1551 1469 μηνός.
1619 1401 1740 1452 Τῶν

159 1493 349 1560 μέντοι
370 1492 424 1543 λε
434 1492 636 1559 ιῷάνων
657 1491 709 1542 oi.
728 1489 1069 1559 φιλευσεϐεῖς
1087 1489 1338 1560 οὐδαμῶς
1358 1489 1740 1561 ὠλιγώρησαν,

157 1581 263 1652 τὴν
286 1583 378 1636 τοῦ
410 1583 604 1653 καιροῦ
627 1583 919 1636 δυσκολίαν
949 1584 1368 1650 ὐποσταλέντες’
1398 1585 1534 1639 ἀλλὰ
1554 1588 1742 1656 χεῖρας

159 1673 326 1737 εὐθὺς
386 1673 818 1736 σπουδαιοτάτοις
873 1676 1300 1742 είσενεγκόντες,
1355 1677 1599 1740 εὐλαϐῶς
1649 1679 1744 1732 καὶ

159 1764 325 1823 ὁσίως
357 1763 630 1816 ἀνείλοντο
649 1762 841 1828 ταῦτα,
864 1765 959 1818 καὶ
984 1781 1050 1817 πε
1061 1765 1428 1836 ριστείλαντες
1455 1767 1514 1818 ὲν
1545 1767 1621 1838 τῷ
1649 1767 1743 1820 τοῦ

162 1854 474 1907 ἀποστόλου
536 1854 648 1924 ναῷ
699 1855 928 1925 Μάρκου
957 1855 1225 1925 λαμπρῶς
1269 1856 1476 1911 ἕκαστα
1525 1860 1746 1912 κατατί-

161 1949 372 2012 θενται,
407 1947 545 2014 πλὴν
561 1949 694 2032 ,ὅσον
733 1949 918 2012 αὐτοῖς
948 1949 1004 2001 αἱ
1039 1948 1205 2018 θῆκαι
1243 1949 1491 2020 διάφοροι
1512 1967 1528 1982 ο
1563 1949 1681 2003 ἀλλ’
1705 1953 1738 2021 ἡ
1779 1937 1820 1992 Β

165 2040 270 2111 μὲν
301 2040 410 2111 γὰρ
430 2041 496 2093 τὰ
527 2040 634 2092 τῶν
668 2040 956 2110 παρθένων
985 2041 1079 2094 καὶ
1108 2042 1206 2110 τῆς
1237 2042 1466 2112 μητρὸς,
1499 2043 1660 2113 ἑτέρα
1686 2043 1744 2098 δὲ

161 2135 330 2190 πάλιν
358 2134 428 2187 τὰ
459 2133 643 2204 Κύρου
671 2133 767 2187 καὶ
819 2134 1066 2188 Ἰωάννου
1102 2133 1436 2190 πιστεύεται.
1469 2136 1661 2206 Χρόνῳ
1689 2135 1746 2189 δὲ

165 2225 420 2296 ὕστερον,
465 2229 578 2290 τοῖς
609 2225 838 2296 Ἕλλησι
873 2226 970 2296 μὲν
997 2226 1395 2296 καταλυθείσης
1425 2227 1525 2297 τῆς
1550 2245 1748 2298 τυραν-

162 2315 333 2380 νίδος,
360 2315 642 2370 Θεοδοσίου
667 2316 726 2368 δὲ
748 2317 810 2369 τὸ
841 2317 940 2387 τῆς
973 2316 1254 2388 βασιλείας
1292 2319 1571 2388 σκῆπτρον
1601 2320 1748 2372 ἀνει-

162 2409 421 2479 ληφότας,
451 2408 694 2472 εὐσεϐῶς
722 2426 782 2463 τε
833 2409 942 2464 τῶν
965 2409 1064 2478 τῆς
1098 2410 1383 2473 εὐσεϐείας
1413 2409 1584 2479 φίλων
1610 2412 1747 2482 Χρι-

163 2500 400 2554 στιανῶν
434 2500 764 2572 ἡγουμένου,
815 2504 1050 2554 κινεῖται
1088 2503 1181 2554 καὶ
1205 2501 1378 2556 ταῦτα
1403 2503 1495 2556 καὶ
1526 2503 1749 2572 μετατί-

165 2590 339 2648 θεται.
368 2591 439 2643 Τὸ
467 2591 523 2644 δὲ
546 2592 718 2656 ὅπως,
739 2591 917 2644 εἰπεῖν
939 2591 1040 2643 οὐκ
1067 2591 1303 2660 ἀτερπὲς
1330 2593 1443 2656 τοῖς
1482 2590 1748 2660 φιλοθέοις

162 2681 435 2751 Mm“-

237 2771 334 2826 lA'.
368 2772 649 2828 Θεοδοσίου
675 2773 776 2844 τὴν
800 2771 1102 2843 βασιλείαν,
1129 2771 1320 2844 ὥσπερ
1363 2774 1597 2843 ἔφημεν,
1625 2773 1748 2844 ἄρτι

158 2866 611 2936 παραλαϐόντος,
637 2866 894 2937 μέγιστος
933 2867 998 2920 ὲκ
1021 2866 1130 2919 τῶν
1160 2866 1296 2937 πρὸς
1321 2867 1560 2936 ἑσπέραν
1584 2869 1749 2920 κινεί-

169 2975 262 3012 ται
284 2960 380 3012 καὶ
405 2957 640 3028 χαλεπὸς
694 2957 954 3026 πόλεμος.
1007 2957 1182 3012 Πολλά
1241 2957 1350 3030 γὰρ
1393 2957 1589 3028 ἀθρόον
1619 2956 1749 3028 ἔθνη

167 3053 264 3119 sui.
287 3053 351 3106 τὸ
398 3052 529 3106 αὐτὸ
567 3052 986 3123 συνδραμόντες,
1029 3052 1303 3122 συνθήκας
1346 3069 1405 3106 τε
1444 3052 1582 3122 πρὸς
1609 3051 1752 3105 αὐτὰ
1791 3081 1812 3090 α

168 3144 392 3214 θέμενα,
457 3146 658 3215 πικρὰν
709 3143 966 3214 ἠπείλουν
1025 3146 1092 3215 τῇ
1156 3144 1446 3214 Ῥωμαίων
1479 3147 1619 3215 ἀρχῇ
1654 3143 1751 3215 τὴν

167 3234 378 3306 ἔφοδον.
433 3237 697 3288 Δείσαντα
742 3230 836 3288 οὖν
878 3237 1001 3288 τότε
1043 3236 1137 3289 τὸν
1170 3235 1345 3306 μέγαν
1371 3238 1430 3290 ὲν
1465 3235 1748 3306 βασιλεῦσι

165 3328 378 3381 τουτονὶ
428 3327 729 3393 Θεοδόσιον,
775 3329 914 3398 μήτε
965 3327 1104 3398 πρὸς
1140 3328 1407 3398 συλλογὴν
1441 3329 1748 3398 ἀποϐλέψαι

165 3419 489 3490 χρημάτων,
527 3421 663 3489 μήτε
693 3420 816 3472 τινα
865 3422 1027 3490 χεῖρα
1078 3421 1276 3492 συχνὴν
1318 3423 1399 3486 είς
1431 3422 1749 3492 συμμαχίαν

167 3510 617 3577 ἐπικαλέσασθαι,
645 3511 762 3566 ἀλλ’
795 3505 877 3575 οἷς
908 3513 1112 3572 ἐκεῖνος
1147 3513 1238 3564 ἐπὶ
1271 3513 1436 3566 πᾶσιν
1466 3515 1556 3566 ἀεὶ
1584 3515 1751 3582 μόνης

167 3603 268 3670 τῆς
291 3600 495 3656 ἄνωθεν
520 3601 793 3673 ἠρτῆσθαι
814 3601 1000 3672 χειρός
1027 3617 1042 3633 ⁸
1065 3601 1297 3673 οὐτωζδὴ
1324 3604 1418 3656 καὶ
1446 3605 1750 3675 τηνικαῦτα

168 3695 370 3765 ἐποίει,
421 3698 517 3750 καὶ
547 3697 720 3754 ποιῶν
775 3700 878 3769 οὐχ
917 3700 1227 3770 ἡμάρτανε.
1271 3700 1478 3755 Μαθὼν
1516 3703 1625 3774 γάρ
1675 3702 1752 3768 ὡς

169 3790 315 3852 κατά
342 3789 441 3860 τὴν
501 3792 704 3864 Σκῆτιν
759 3792 1002 3864 (ἔρημος
1051 3794 1108 3847 δὲ
1138 3792 1280 3866 αὕτη
1311 3797 1448 3866 πρὸς
1475 3796 1752 3866 Αἴγυπτον

173 3887 274 3956 μὲν
302 3886 552 3958 κειμένη,
581 3886 783 3940 οὐτωσὶ
819 3886 875 3940 δὲ
924 3885 1315 3958 ὠνομασμένη)
1361 3888 1641 3959 φιλοσοφεῖ
1671 3909 1754 3956 τις

169 3977 332 4046 ἀνὴρ,
355 3975 514 4046 γένος
542 3977 640 4047 μὲν
666 3977 762 4030 καὶ
785 3977 948 4040 αὐτὸς
975 3976 1297 4045 Αἰγύπτιος,
1326 3981 1600 4051 μεγίστων
1623 3983 1754 4036 θαυο

174 4070 363 4139 μάτων
415 4069 774 4140 δημιουργὸς,
823 4069 1071 4140 Θεοφίλῳ
1123 4074 1467 4144 παραχρῆμα
1524 4074 1602 4141 τῷ
1655 4077 1756 4147 τῆς

183 4160 590 4231 Ἀλεξανδρείας
624 4161 913 4232 ὲπισκόπῳ
945 4160 1172 4232 γράφει,
1207 4162 1448 4217 κελεύων
1489 4163 1630 4217 ῶστε
1664 4165 1755 4219 τὸν

172 4251 479 4321 θαυμάσιον
509 4251 722 4305 ἐκεῖνον
752 4252 922 4323 ἀνδρα
946 4240 1393 4324 ⁵’παρασκευάσαι
1447 4255 1544 4326 τὴν
1600 4258 1756 4310 Κων-

174 4345 457 4410 σταντίνου
494 4345 631 4418 πρὸς
655 4346 820 4416 τάχος
850 4346 1201 4402 καταλαϐεῖν.
1229 4349 1559 4418 Προσέκειτο
1583 4349 1639 4402 δὲ
1661 4349 1758 4402 καὶ

172 4440 206 4508 ἡ
243 4438 341 4506 τῆς
370 4438 672 4508 παρουσίας
702 4441 858 4510 χρεία
887 4443 999 4504 τοῖς
1017 4440 1366 4512 γράμμασιν.
1406 4441 1464 4494 ’0
1497 4441 1555 4495 δὲ
1583 4440 1757 4495 ταῦτα

172 4529 489 4601 δεξάμενος,
531 4532 663 4602 παρ’
695 4533 856 4586 αὐτὸν
889 4531 964 4596 ὡς
1019 4529 1167 4603 εἶχεν
1200 4533 1366 4596 εὐθὺς
1423 4536 1755 4602 ἀφικνεῖται,

1834 669 1940 724 fert
1961 671 2296 726 sententiam
2319 689 2334 724 :
2358 669 2524 741 Cyro,
2548 669 2758 733 dicens,
2782 668 3016 723 antistiti
3039 666 3410 732 Galilaeorum.

1834 771 1891 817 et
1923 762 2143 828 Joanni,
2175 763 2270 833 qui
2323 774 2408 818 est
2441 765 2492 818 ei
2535 764 2590 818 in
2636 763 2902 833 religione
2929 759 3152 825 similis,
3177 759 3270 830 qui
3301 775 3414 813 non

1837 864 2124 908 cesserunt
2146 854 2324 923 jussui
2356 855 2727 924 imperatoris,
2758 862 2813 906 et
2850 851 3119 906 sacriﬁcia
3161 851 3416 906 maximis

1837 944 1946 998 diis
1978 960 2086 998 non
2106 945 2450 1008 obtulerunt,
2473 943 2898 1013 pronuntiamus
2919 940 3193 1011 amputari
3212 940 3414 1010 capita,

1837 1037 2236 1092 convenienter
2263 1037 2370 1106 legi
2391 1036 2808 1105 imperatorum.

1911 1128 2054 1183 XIII.
2085 1127 2236 1182 Hanc
2282 1143 2407 1182 cum
2468 1127 2795 1182 sententiam
2829 1125 3042 1181 tulisset
3069 1123 3353 1197 Syrianus,
3380 1122 3416 1176 ii

1841 1222 2026 1276 statim
2065 1221 2302 1274 humana
2331 1219 2556 1290 quidem
2592 1234 2755 1274 manu
2778 1219 3056 1288 accipiunt
3085 1217 3422 1286 amputatio-

1841 1327 1969 1366 nem
2007 1329 2020 1365 :
2052 1312 2352 1366 immortali
2403 1319 2584 1366 autem
2633 1325 2774 1369 eam,
2805 1325 2927 1380 quae
2959 1325 2990 1364 e
3040 1308 3179 1364 cmlo
3219 1307 3419 1370 datur,

1843 1419 2128 1468 coronam,
2167 1403 2447 1458 tricesimo
2471 1404 2651 1474 primo
2673 1407 2878 1458 mensis
2905 1401 3152 1458 Januarii
3182 1399 3283 1472 (2).
3317 1399 3422 1454 lic-

1844 1499 2044 1568 liquias
2065 1509 2248 1554 autem
2274 1498 2350 1567 pii
2374 1497 2600 1551 minime
2637 1497 3016 1567 neglexerunt,
3063 1493 3283 1550 reveriti
3315 1493 3422 1548 dil-

1847 1591 2148 1645 iicultatem
2184 1587 2468 1658 temporis,
2503 1587 2597 1643 sed
2643 1589 2882 1641 maximo
2938 1587 3122 1642 studio
3160 1587 3208 1640 ei
3239 1585 3421 1641 statim

1848 1697 2046 1736 manus
2080 1682 2459 1742 admoventes,
2492 1695 2584 1734 eas
2614 1681 2702 1750 pie
2735 1689 2790 1734 et
2811 1679 3177 1742 sustulerunt,
3215 1687 3268 1732 et
3296 1693 3420 1732 cum

1848 1774 2300 1843 composuissent
2354 1772 2600 1844 singulas
2629 1773 2682 1825 in
2713 1771 2915 1840 templo
2970 1769 3134 1824 Marci
3191 1771 3423 1839 apostoli

1851 1864 2152 1920 honoriﬁce
2179 1864 2486 1934 deponunt,
2514 1863 2618 1922 nisi
2651 1862 2799 1933 quod
2847 1862 2929 1918 eis
2979 1870 3106 1916 sunt
3137 1877 3314 1932 capsa:
3337 1860 3426 1915 di-

1846 1972 2037 2012 versae.
2081 1956 2253 2011 Alteri
2310 1957 2479 2020 enim,
2505 1955 2781 2026 virginum
2831 1962 2887 2008 et
2911 1953 3105 2008 matris
3129 1952 3424 2023 reliquiae;

1845 2048 2005 2104 alteri
2060 2063 2214 2114 vero,
2267 2047 2390 2120 Cyri
2455 2057 2512 2103 et
2543 2047 2796 2110 Joannis,
2835 2061 3027 2100 rursus
3077 2044 3424 2100 mandantur.

1849 2139 2188 2194 Procedente
2215 2147 2402 2193 autem
2431 2149 2622 2209 postea
2672 2147 2940 2208 tempore,
2991 2150 3115 2190 cum
3172 2134 3431 2206 gentibus

1848 2232 2071 2301 quidem
2123 2239 2269 2287 esset
2297 2231 2563 2287 dissoluta
2605 2231 2876 2302 tyrannis,
2908 2227 3258 2282 Theodosius
3293 2242 3427 2280 vero

1850 2324 2002 2394 regni
2029 2335 2308 2394 sceptrum
2329 2324 2656 2394 accepisset,
2685 2323 2898 2393 pimque
2936 2317 3216 2389 religionis
3239 2317 3432 2372 amicis

1847 2413 2178 2470 Christianis
2202 2415 2288 2485 pie
2315 2425 2596 2485 praeesset,
2626 2431 2706 2469 ea:
2729 2422 2785 2467 et
2816 2420 3109 2466 moventur
3144 2420 3199 2466 et
3239 2419 3428 2465 trans—

1849 2509 2131 2563 feruntur.
2182 2510 2470 2575 Quomodo
2499 2518 2708 2572 autem,
2741 2521 2851 2560 non
2883 2511 2991 2560 erit
3013 2505 3118 2574 piis
3147 2501 3215 2558 ad
3241 2503 3432 2558 dicen-

1849 2600 1981 2655 dum
2018 2600 2317 2670 injucunda
2347 2600 2609 2654 narratio.

1921 2693 2065 2750 XIV.
2116 2692 2254 2748 Cum
2287 2692 2653 2756 Theodosius,
2683 2691 2744 2744 ut
2769 2689 3030 2755 diximus,
3084 2688 3246 2760 paulo
3303 2698 3432 2743 ante

1859 2786 2194 2856 suscepisset
2222 2785 2514 2856 imperium
2545 2825 2560 2847 ,
2617 2783 2914 2837 maximum
2965 2791 3022 2838 et
3049 2781 3433 2836 diuit-illituum

1853 2880 2058 2935 bellum
2093 2887 2347 2933 movetur
2372 2877 2440 2932 ab
2489 2875 2810 2932 Occidente.
2846 2877 2985 2930 Cum
3025 2877 3171 2930 enim
3203 2885 3432 2944 repente

1855 2972 2036 3026 multa:
2063 2981 2252 3040 gentes
2275 2969 2436 3024 simul
2459 2969 2742 3034 coiisscnt,
2779 2978 2834 3024 et
2886 2968 3067 3022 fmdus
3096 2969 3239 3022 inter
3265 2981 3322 3020 se
3350 2965 3435 3018 in-

1854 3063 2520 3124 iissent,minabanturin
2582 3061 2953 3116 Romanorum
3002 3059 3277 3129 regionem
3311 3071 3433 3128 grao

1855 3173 1977 3213 vem
2011 3157 2396 3227 irruptionem.
2424 3154 2647 3211 Veritus
2702 3169 2834 3225 ergo
2872 3164 3001 3207 tunc
3027 3167 3256 3222 magnus
3292 3150 3438 3203 inter

1860 3249 2223 3319 imperatores
2281 3247 2370 3300 hic
2414 3244 2781 3304 Theodosius,
2811 3258 2988 3314 neque
3015 3243 3081 3296 ad
3106 3239 3441 3311 colligendas

1859 3341 2072 3410 aspexit
2103 3341 2382 3410 pecunias,
2421 3353 2600 3406 neque
2643 3351 2890 3406 magnam
2943 3336 3179 3404 aliquam
3215 3348 3436 3386 manum

1857 3434 2135 3489 invocavit
2165 3431 2236 3493 ad
2267 3431 2560 3488 auxilium.
2595 3428 2688 3483 sed
2724 3429 2816 3483 ille
2858 3427 2912 3481 in
2943 3427 3200 3482 omnibus
3222 3439 3442 3493 semper

1856 3526 2132 3600 pendebat
2178 3542 2209 3583 a
2270 3541 2433 3587 manu
2500 3524 2588 3578 illa
2640 3535 2905 3592 superna.
2965 3519 3056 3574 Sic
3129 3534 3263 3587 ergo
3309 3527 3442 3570 tunc

1857 3633 2078 3690 quoque
2105 3617 2253 3684 fecit,
2285 3626 2341 3671 et
2364 3616 2416 3670 id
2447 3615 2677 3678 faciens,
2719 3629 2816 3684 spe
2848 3625 3191 3683 nequaquam
3209 3619 3293 3663 est
3321 3608 3440 3661 fru-

1857 3721 2085 3767 stratus.
2140 3708 2278 3765 Cum
2317 3708 2464 3764 enim
2525 3706 2935 3769 intellexisset,
2979 3703 3121 3774 quod
3173 3703 3227 3755 in
3281 3699 3442 3755 Scete

1829 3802 2106 3874 -(estbec
2138 3807 2322 3856 autem
2357 3797 2597 3854 solitudo
2656 3797 2710 3851 in
2764 3794 2998 3866 Egypto
3041 3791 3263 3863 quidem
3314 3790 3442 3854 sita,

1859 3894 1940 3950 sic
1979 3907 2111 3948 vero
2137 3892 2437 3961 nominata)
2462 3889 2952 3962 philosophabatur
2978 3886 3060 3942 vir
3081 3887 3323 3957 quidam.
3346 3901 3442 3956 ge-

1860 4001 1994 4042 nere
2023 3986 2249 4056 quidem
2307 3985 2422 4054 ipse
2474 4000 2694 4055 quoque
2735 3981 3041 4052 Egyptius,
3077 3982 3441 4056 maximqrum

1860 4089 2041 4136 autem
2076 4079 2304 4134 etl'ector
2333 4077 2745 4138 miraculorum,
2782 4075 2977 4129 scribit
3065 4073 3320 4144 protinus
3370 4071 3437 4125 ad

1861 4172 2236 4242 Theophilum
2309 4169 2655 4224 Alexandriae
2719 4169 3066 4237 episcopum.
3125 4165 3327 4236 iubens
3384 4172 3444 4216 ut

1861 4264 2081 4326 efficiat,
2125 4271 2180 4316 ut
2210 4262 2292 4316 vir
2321 4261 2421 4315 ille
2437 4260 2778 4314 admirabilis
2817 4259 3226 4327 quamprimum
3256 4255 3444 4310 veniat

1861 4354 2392 4423 Constantinopolim
2444 4352 2543 4423 ('2).
2591 4351 2682 4405 Eis
2723 4358 2905 4404 autem
2972 4348 3174 4402 litteris
3217 4362 3444 4416 quoque

1864 4447 2274 4508 continebatur,
2311 4444 2443 4514 quid
2469 4443 2589 4513 ejus
2643 4442 2897 4502 adventu~
2936 4455 3076 4509 opus
3126 4447 3294 4492 esset.
3352 4437 3445 4491 Ille

1864 4555 1998 4594 vero
2057 4540 2125 4593 iis
2175 4537 2440 4606 acceptis,
2479 4534 2664 4589 statim
2729 4533 2796 4587 ad
2852 4547 2976 4586 eum
3017 4529 3190 4595 venit,
3213 4538 3268 4582 et
3303 4527 3446 4581 datis

174 4624 272 4676 καί
297 4623 368 4676 τὰ
421 4625 727 4695 γράμματα
779 4625 927 4690 δοὺς,
957 4625 1056 4696 τὴν
1111 4627 1205 4680 τοῦ
1240 4625 1508 4696 βασιλέως
1535 4627 1749 4694 ἀξίωσιν

1866 4631 2090 4696 litteris,
2151 4643 2346 4700 preces
2375 4626 2725 4696 imperatoris
2757 4633 2813 4680 et
2841 4639 3022 4687 usum,
3060 4621 3156 4690 qui
3193 4620 3443 4690 urgebat,

175 4715 274 4777 καὶ
300 4717 400 4785 τὴν
459 4717 896 4771 ἐπισπεύδουσαν
948 4721 1140 4790 χρείαν
1211 4719 1361 4790 αὐτῷ
1400 4721 1758 4788 ἀπαγγέλλει.

175 4806 314 4863 Είτα
361 4811 456 4864 καὶ
489 4810 559 4863 τὰ
604 4806 736 4880 παρ’
783 4811 980 4865 ἑαυτοῦ
1035 4813 1200 4877 ποιεῖ,
1233 4811 1412 4865 δεῖται
1469 4815 1566 4866 καὶ
1605 4813 1767 4876 αὐτὸς

175 4897 412 4963 οίκοθεν,
436 4898 660 4970 λιπαρεῖ
680 4900 921 4971 θερμῶς,
961 4901 1217 4965 ἱκετεύει,
1251 4903 1394 4972 μήτε
1422 4903 1519 4966 τάς
1541 4903 1636 4956 τοῦ
1666 4902 1766 4972 βα-

179 4991 369 5054 σιλέως
420 4993 704 5064 ἱκετηρίας
736 4995 1029 5064 ὑπεριδεῖν,
1065 4996 1204 5065 μήτε
1255 4996 1426 5049 κόπου
1450 4995 1521 5049 τὰ
1570 4996 1766 5050 ἑαυτοῦ

179 5084 476 5152 ἀτιμάσαι,
512 5084 650 5138 ἀλλὰ
680 5084 774 5144 καὶ
806 5088 875 5155 τῇ
939 5085 1096 5138 πόλει
1155 5087 1532 5156 ὲπιφοιτῆσαι,
1561 5086 1766 5140 καὶτὸν

177 5176 300 5230 κατ’
334 5177 507 5246 αὐτῆς
540 5177 776 5246 πόλεμον
822 5177 956 5248 εὐχῇ
984 5181 1050 5249 τῇ
1083 5178 1220 5249 πρὸς
1253 5177 1390 5231 Θεὸν
1417 5177 1764 5250 ἀποστρέψαι

177 5266 426 5321 κινδύνου
452 5285 509 5322 τε
533 5268 858 5338 τηλικούτου
880 5271 974 5322 καὶ
1001 5270 1169 5338 φόϐου
1199 5268 1404 5339 ταύτην
1430 5268 1758 5338 ἀπαλλάξαι,

176 5357 269 5416 (οἷα
306 5360 439 5433 παρ’
479 5360 627 5432 αὐτῷ
663 5359 756 5415 τοῦ
793 5360 1037 5432 σωθῆναί
1067 5378 1126 5414 τε
1159 5362 1258 5432 τὴν
1304 5361 1462 5417 πόλιν
1491 5362 1524 5421 ἢ
1561 5361 1760 5416 ἀπολέ-

178 5452 304 5506 σθαι
333 5453 612 5524 κειμένου.

252 5543 353 5600 IE'.
380 5545 440 5598 ’0
470 5546 652 5616 μέντοι
687 5546 990 5617 θαυμάσιος
1016 5547 1223 5609 ἐκεῖνος
1258 5544 1548 5614 Σενούφιος
1580 5547 1759 5619 (τοῦτο

179 5637 235 5697 δὲ
271 5640 300 5692 ὁ
323 5639 464 5712 ἀνὴρ
480 5640 750 5710 ικαλείτο)
771 5639 964 5711 πρῶτα
995 5639 1116 5710 μὲν,
1143 5638 1219 5702 ὡς
1245 5639 1414 5707 είκὸς,
1444 5639 1759 5710 ἀπηγόρευε

251 5787 327 5856 (2)
354 5787 677 5856 Pleetuntur
721 5781 898 5856 capite
929 5781 1116 5856 Cyrus
1138 5789 1195 5838 et
1229 5782 1510 5856 Joannes:
1548 5782 1759 5856 anno_9

183 5852 580 5982 pfi'secut'ionis
619 5852 948 5913 Diocletiani
979 5852 1155 5918 imp"
1210 5866 1269 5909 ut
1302 5862 1455 5916 notat
1479 5852 1676 5908 Baron.
1705 5853 1759 5906 in

194 5961 206 5980 ι
246 5937 429 5982 artvro
457 5965 470 5979 .
950 5939 960 5948 ’

194 5937 470 5992 Μαι-ιιζτυι.
950 5939 960 5948 ’

1864 4722 2155 4794 significat.
2212 4719 2421 4776 Deinde
2447 4719 2628 4782 etiam
2661 4718 2776 4786 ipse
2823 4729 3044 4786 quoque
3097 4729 3166 4767 ex
3206 4726 3264 4766 se
3291 4709 3446 4770 facit,

1865 4832 1988 4887 quae
2040 4823 2262 4886 potest:
2299 4813 2659 4867 vehementer
2711 4817 2884 4878 rogat,
2945 4817 3089 4871 orat,
3148 4803 3445 4875 supplicat,

1863 4924 1932 4963 ne
1963 4922 2156 4978 preces
2177 4905 2447 4975 deSpiciat
2476 4901 2853 4972 imperatoris,
2914 4914 3095 4968 neque
3138 4913 3268 4952 suos
3320 4895 3429 4950 vili-

1865 5002 2071 5073 pendat
2094 5000 2313 5055 labores
2343 5015 2356 5051 :
2389 4995 2485 5053 sed
2511 4995 2696 5050 veniat
2725 4995 2790 5048 ad
2817 4993 3116 5054 civitatem,
3142 4999 3198 5045 et
3218 4989 3446 5050 bellum,

1863 5095 2015 5163 quod
2057 5092 2111 5147 in
2149 5106 2272 5146 eam
2326 5097 2570 5159 paratur,
2607 5087 2722 5142 suis
2760 5093 2970 5139 avertat
3002 5084 3069 5138 ad
3096 5083 3267 5138 Deum
3323 5098 3446 5152 pre-

1870 5186 2053 5248 cibus,
2121 5193 2178 5238 et
2203 5198 2232 5236 a
2274 5191 2426 5236 tanto
2458 5179 2705 5251 periculo
2748 5187 2803 5232 et
2854 5184 3003 5231 metu
3043 5190 3165 5229 eam
3204 5174 3442 5228 liberet:

1875 5286 2069 5348 utpote
2098 5274 2243 5345 quod
2279 5274 2333 5328 in
2365 5275 2486 5344 ejus
2511 5279 2777 5341 potestate
2827 5268 2991 5324 situm
3034 5267 3126 5334 sit,
3163 5277 3224 5323 ut
3258 5267 3450 5322 civitas

1873 5369 1959 5424 vel
1997 5368 2148 5423 salva
2179 5366 2251 5421 sit
2279 5365 2363 5420 vel
2393 5364 2645 5418 intereat.

1939 5546 2051 5603 XV.
2082 5543 2442 5600 Admirabilis
2468 5551 2651 5596 autem
2680 5539 2772 5595 ille
2798 5510 3273 5610 Senuphius-(hoc
3294 5534 3443 5589 enim

1870 5639 2090 5695 nomine
2117 5636 2441 5708 vocabatur)
2468 5639 2705 5707 primum
2737 5634 3063 5705 quidem,‘ut
3085 5639 3170 5685 est
3202 5643 3440 5684 consen-

1948 5782 2024 5851 (ὅ)
2055 5779 2245 5848 Quoin
2283 5785 2528 5851 tempore
2561 5771 2829 5851 acciderit
2849 5769 3120 5851 incertum
3151 5774 3255 5851 est.
3281 5764 3444 5818 Eam-

1870 5837 2312 5908 demhﬁtoriam
2338 5837 2612 5917 ct'Gchas
2640 5843 2805 5898 refert
2843 5837 3043 5892 Annal.
3081 5845 3222 5906 part.
3262 5851 3336 5889 Iv.
