3834 6542
827 643 1609 823 MENSIS
1741 643 3169 827 FEBRUARIUS.

403 379 1506 418 ΜΞ

969 1330 1325 1448 VITA
1411 1252 1937 1442 SANCTl
2017 1314 2640 1439 EPHRIEM
2726 1276 3109 1438 SYRl.

1700 1598 2055 1679 (Februarii
2114 1598 2219 1660 die
2272 1598 2354 1676 1.)

1212 1813 1366 1877 [0pp.
1395 1813 1448 1863 S.
1478 1813 1704 1875 Ephrem
1725 1812 1805 1863 ed.
1841 1811 2098 1864 Assemani
2125 1818 2241 1862 tom.
2270 1811 2354 1874 Ill,
2376 1813 2544 1865 Romae
2571 1815 2689 1865 1732
2711 1810 2823 1878 fol.]
2905 1802 2907 1804 ’

1715 2133 2336 2225 MONITUM.

491 2383 567 2436 Ex
592 2378 837 2451 Nysseno
863 2377 1148 2448 desumpta
1177 2385 1261 2431 est
1300 2373 1571 2443 Ephracmi
1603 2374 1744 2438 Vita,
1771 2390 1891 2444 qua:
1910 2372 2164 2445 Symeoni
2193 2372 2572 2444 Metaphrastae
2616 2371 2958 2441 inscribitur,
2989 2375 3294 2448 incipitque
3316 2374 3404 2432 his
3435 2379 3608 2435 verbis
3627 2400 3656 2434 :-

421 2454 654 2542 Ἐφραῒμ
695 2472 723 2522 ὁ
769 2469 1071 2539 Θαυμάσιος
1108 2507 1123 2529 ,
1164 2465 1414 2536 ΕρΙιηωη
1458 2462 1545 2516 ille
1577 2461 1928 2517 admirabilis.

2127 2477 2240 2518 azco
2284 2464 2338 2518 in
2373 2462 2624 2518 Latinum
2677 2465 2959 2520 transtulit
2997 2465 3305 2522 Gentianus
3341 2467 3641 2524 llervctus:

402 2573 579 2619 exstat
623 2571 804 2617 autem
840 2561 1032 2616 Latine
1076 2559 1220 2631 apud
1261 2558 1620 2628 Lipomanum
1663 2566 1719 2610 et
1751 2555 1974 2611 Surium
2006 2555 2096 2610 die
2136 2557 2476 2612 lFebruarii
2515 2565 2571 2612 et
2605 2558 2659 2612 in
2696 2558 2908 2614 Latinis
2945 2561 3222 2631 Ephraami
3281 2564 3644 2626 editionihus;

401 2653 590 2711 Grece
613 2671 744 2710 vero
769 2658 823 2710 in
853 2655 1095 2710 editione
1116 2652 1434 2716 Oxoniensi,
1472 2668 1594 2723 pag.
1638 2652 1761 2706 455.
1787 2651 2068 2722 Tanquam
2101 2653 2810 2724 genuinuszetaphrastae
2842 2671 2982 2726 opus
3022 2659 3273 2727 agnoscit
3303 2659 3534 2714 Allatius
3554 2659 3648 2714 lib.

409 2751 482 2804 De
510 2751 828 2823 Symeonum
851 2752 1060 2823 scriptis
1087 2768 1106 2818 ;
1141 2749 1418 2805 llanckius
1466 2764 1588 2820 par.
1631 2766 1644 2802 ι
1687 2748 1762 2801 De
1794 2751 2038 2817 scriptor.
2069 2750 2320 2821 Byzant.,
2355 2767 2474 2821 cap.
2500 2751 2592 2814 24,
2625 2751 2839 2807 Caveus
2869 2753 2937 2808 ad
2963 2769 3168 2808 annum
3207 2755 3412 2810 Christi
3444 2758 3567 2819 901,
3595 2766 3653 2810 et

405 2845 691 2900 Fabricius
726 2845 970 2900 Biblioth.
993 2845 1159 2901 Grato.
1180 2844 1280 2898 lib.
1300 2859 1373 2902 γι.
1396 2859 1520 2914 pag.
1553 2840 1749 2895 52LIn
1780 2841 2172 2911 manuscriptis
2198 2843 2343 2897 enim
2367 2843 2653 2900 codicibus
2672 2846 2937 2901 disertum
2967 2846 3652 2920 Symeonisuetaphrastc,

405 2956 525 3006 seu,
556 2940 852 3010 Logothetaz
875 2955 1074 2995 nomen
1111 2939 1352 3010 prwiert.
1385 2939 1520 2993 Vide
1553 2938 1678 2991 cod.
1715 2936 1982 3002 V’at.4b5,
2011 2952 2133 3007 pag.
2161 2938 2297 3003 536;
2345 2940 2468 2994 cod.
2503 2940 2623 2994 Vat.
2660 2940 2786 3005 8l8,
2821 2957 2941 3012 pag.
2967 2941 3109 3006 306;
3143 2942 3270 2996 cod.
3323 2944 3447 2999 Vat.
3497 2946 3650 3008 1608,

322 3023 332 3050 ⁸
405 3053 529 3108 pag.
560 3037 656 3102 16;
697 3035 819 3090 cod.
854 3035 1026 3091 Palat.
1088 3033 1213 3094 508,
1241 3049 1361 3104 pag.
1414 3032 1538 3097 M8,
1583 3031 1706 3087 cod.
1739 3030 2011 3086 Clement.
2065 3031 2153 3095 5|,
2229 3049 2350 3102 pag.
2383 3035 2433 3099 l,
2486 3043 2543 3089 et
2585 3035 2710 3088 cod.
2770 3034 2998 3090 Coislin.
3055 3036 3188 3100 507,
3217 3037 3508 3112 num/ll.
3550 3038 3654 3094 Sed

404 3136 590 3192 Graeca
620 3130 952 3202 exemplaria
991 3130 1094 3186 sibi
1128 3146 1234 3185 non
1255 3128 1591 3184 conveniunt
1624 3126 1807 3196 quoad
1849 3126 2066 3181 initium
2109 3126 2229 3196 ejus
2253 3127 2389 3182 Vita:
2424 3143 2437 3181 :
2491 3126 2740 3197 qua-dam
2773 3128 2921 3183 cnim
2947 3129 3026 3182 sic
3057 3128 3296 3184 habent:
3337 3129 3580 3200 Ἐφραῖμ
3627 3133 3657 3182 ὁ

404 3230 710 3300 Θαυμάσιος
745 3228 848 3296 ἔφυ
882 3225 982 3294 μὲν
1009 3227 1072 3277 ὲκ
1103 3223 1200 3294 τῆς
1224 3222 1412 3296 Σύρων
1446 3223 1575 3292 γῆς,
1605 3222 1816 3283 πόλεως
1866 3218 2156 3289 Ἐδέσσης,
2193 3220 2535 3290 Χριστιανῶν
2566 3221 2790 3290 γονέων.
2837 3221 3125 3292 Ἐλόμενος
3148 3223 3204 3276 δὲ
3254 3222 3353 3294 τὴν
3371 3224 3575 3293 ἀρετὴν
3593 3226 3656 3276 ἐκ

405 3327 622 3396 νηπίου.
665 3323 914 3392 Ephrwm
948 3319 1035 3374 ille
1071 3317 1423 3382 admirabilis,
1456 3326 1616 3372 natus
1652 3317 1749 3386 fuit
1791 3317 1846 3370 in
1875 3313 2054 3386 Syria,
2083 3316 2138 3368 in
2163 3316 2370 3369 civitate
2395 3315 2618 3381 Edessa,
2659 3315 2976 3373 Christianis
3007 3317 3330 3386 parentibus.
3371 3317 3506 3372 Cum
3555 3337 3659 3374 au-

409 3434 510 3480 tem
529 3426 765 3494 elegisset
793 3419 1038 3476 viitutem
1069 3420 1132 3474 ab
1171 3420 1423 3489 infantia,
1447 3429 1556 3472 etc.
1591 3417 1668 3472 lta
1704 3416 1836 3487 legit
1864 3414 2139 3484 vertitque
2177 3413 2472 3479 Hervetus,
2499 3422 2556 3469 et
2594 3430 2660 3470 es
2705 3414 2799 3469 illo
2828 3414 3036 3468 habent
3069 3413 3428 3484 Lipomanus.
3461 3414 3660 3469 Surius

405 3531 463 3578 et
493 3521 720 3578 Vossius
748 3537 761 3573 :
793 3519 984 3589 sicque
1017 3516 1211 3586 incipit
1243 3515 1416 3570 codex
1455 3513 1753 3576 Vaticanus
1777 3511 1900 3577 818,
1929 3525 2054 3581 pag.
2082 3511 2207 3567 306.
2235 3510 2468 3581 Reliqua
2496 3525 2630 3566 vero
2670 3511 2876 3574 omnia,
2911 3526 3032 3580 qua:
3055 3525 3121 3564 ex
3157 3510 3417 3565 Vaticana
3453 3510 3656 3566 biblio-

409 3623 568 3677 theca
591 3619 865 3683 recensui,
894 3617 1196 3679 volumina,
1225 3630 1438 3668 necnon
1484 3612 1785 3684 Anglicana
1830 3628 1898 3666 ex
1927 3611 2132 3682 quibus
2168 3612 2496 3669 Oxoniensis
2521 3613 2693 3670 editio
2723 3613 2987 3669 adornata
3019 3622 3125 3680 est,
3152 3614 3221 3669 de
3264 3614 3466 3670 Edessa
3520 3611 3656 3665 nihil

407 3716 635 3779 habent,
670 3712 766 3768 sed
793 3711 1042 3766 absolute
1066 3708 1339 3778 incipiunt
1366 3705 1514 3760 hunc
1539 3704 1595 3760 in
1641 3705 1864 3760 modum
1893 3723 1908 3759 :

2145 3706 2201 3775 ῐμ
2226 3707 2256 3758 ὁ
2289 3705 2595 3774 θαυμάσιος
2626 3705 2729 3775 ἔφυ
2772 3707 2870 3776 μὲν
2903 3708 2968 3762 ἐκ
3001 3708 3098 3778 τῆς
3125 3708 3312 3780 Σύρων
3334 3704 3461 3774 τῆς.
3512 3702 3659 3755 Ἐλᾶ-

411 3827 572 3882 μενος
602 3808 660 3862 δὲ
699 3808 798 3877 τὴν
823 3805 1022 3876 ἀρετὴν
1047 3805 1113 3856 ὲκ
1146 3801 1373 3872 νηπίουο
1414 3815 1536 3868 qua:
1563 3799 1729 3854 verba
1769 3799 1822 3852 in
1849 3813 1925 3853 θοι

2144 3807 2278 3854 rent.
2305 3800 2396 3862 5|,
2426 3814 2547 3869 pag.
2592 3815 2632 3864 ι,
2668 3801 2827 3870 paulo
2849 3801 3008 3856 aliter
3032 3801 3458 3872 ampliﬁcantur.
3483 3801 3658 3867 Atque

407 3903 512 3957 hoc
555 3911 895 3972 postremum
943 3895 1208 3967 Nysseno,
1235 3895 1620 3963 Mctaphrasta:
1651 3908 1714 3948 ac
1749 3891 2056 3948 Sozomeno
2083 3903 2512 3948 consentaneum
2558 3904 2663 3957 est,
2696 3895 2902 3964 quibus
2932 3896 3255 3965 Ephrzemns
3301 3897 3540 3960 Nisibin,
3562 3900 3644 3951 vel

407 3997 572 4051 alium
608 3997 753 4052 circa
780 4010 899 4051 cam
933 3994 1125 4048 urbem
1161 3993 1361 4053 locum,
1391 4005 1502 4042 non
1551 3989 1811 4043 Edessam
1849 3988 2112 4044 habuisse
2149 3989 2381 4059 patriam
2413 3989 2638 4045 dicitur.
2673 3990 2964 4054 Hervetus,
3002 4001 3058 4046 et
3090 3994 3181 4062 qui
3213 4008 3338 4047 eum
3373 3993 3514 4063 typis
3544 3995 3659 4046 vul-

407 4099 605 4162 garunt
656 4089 1009 4159 Lipomanus,
1043 4086 1239 4141 Snrius
1278 4084 1509 4152 aliique,
1531 4098 1656 4137 cum
1715 4083 1873 4137 initio
1904 4083 2042 4138 Vita:
2100 4099 2198 4153 per
2250 4085 2659 4154 Metaphrasten
2709 4086 2895 4149 edita,
2925 4087 3270 4156 Ephrtcmum
3309 4087 3574 4158 legissent
3609 4090 3658 4141 in

405 4185 612 4238 civitate
640 4182 839 4236 Edessa
864 4190 1050 4234 natum
1090 4181 1270 4251 fuisse,
1307 4178 1593 4249 sequentia
1620 4177 2004 4245 Metaphrastze
2033 4179 2223 4242 verba,
2260 4178 2464 4248 quibus
2523 4181 2860 4234 contrarium
2895 4183 3183 4245 asseritur,
3215 4182 3299 4236 vel
3337 4198 3448 4236 non
3498 4182 3661 4236 intel-

408 4276 683 4340 lexerunt,
717 4274 802 4328 vel
833 4273 1095 4327 mutanda
1121 4287 1244 4328 csse
1279 4281 1620 4328 censuerunt
1646 4289 1658 4323 :
1694 4270 1774 4325 sic
1800 4277 1985 4324 autem
2011 4270 2176 4326 habet
2200 4287 2267 4326 ex
2289 4271 2536 4344 Nysseno
2553 4273 2947 4345 Metaphrastes
2981 4294 2995 4330 :
3031 4276 3138 4329 Καὶ
3173 4276 3302 4346 περὶ
3319 4277 3417 4347 τὴν
3448 4276 3650 4347 ἔρημον

415 4372 794 4441 αὐλιζόμενος,
829 4373 892 4423 ὲκ
917 4370 1083 4422 τόπου
1124 4367 1181 4422 δὲ
1205 4369 1405 4432 τόπους
1439 4367 1706 4438 ἀμείϐων,
1739 4365 1929 4436 ψυχῶν
1961 4367 2252 4437 οἰκῦδομῆς
2291 4368 2454 4440 χάριν
2485 4371 2582 4423 καὶ
2605 4369 2896 4439 ὠφελείας,
2925 4369 3021 4424 ἅτε
3077 4375 3172 4424 καὶ
3211 4371 3491 4440 “vatiuati
3539 4370 3662 4438 θείῳ

417 4461 754 4530 κινούμενος,
775 4461 1146 4531 ἁπολιμπάνει
1171 4461 1302 4516 ποτὲ
1332 4461 1432 4533 τὴν
1462 4460 1842 4530 ἑνεγκαμένην
1869 4459 2008 4514 κατὰ
2036 4459 2098 4513 τὸ
2116 4459 2260 4513 θεῖον
2287 4463 2380 4514 καὶ
2397 4456 2552 4526 οὗτος
2587 4462 2843 4534 Ἀϐραὰμ
2872 4461 3205 4526 κελευσθεὶς,
3234 4465 3328 4517 καὶ
3351 4462 3450 4532 τὴν
3488 4462 3661 4516 Ἐδες·

421 4553 592 4606 σενῶν
621 4555 776 4608 πόλιν
797 4553 1224 4621 καταλαμϐάνει.
1251 4555 1356 4619 Qui
1379 4569 1498 4608 cum
1518 4554 1781 4608 habitaret
1815 4555 1870 4607 in
1903 4571 1935 4607 si

2139 4568 2212 4615 re,
2249 4563 2296 4607 et
2316 4552 2441 4606 locis
2467 4553 2580 4608 loca
2604 4555 2822 4608 subinde
2851 4565 3080 4608 mutaret
3118 4563 3330 4625 prOpter
3348 4553 3653 4621 adiﬁcatio-

425 4667 544 4707 nem
573 4662 623 4706 et
653 4651 937 4707 utilitatem
960 4653 1283 4717 animarum,
1309 4654 1484 4722 sicque
1529 4670 1560 4705 a
1584 4653 1759 4704 divino
1817 4653 2187 4705 admoneretur
2220 4650 2446 4720 Spiritu,
2471 4650 2682 4721 reliquit
2719 4650 3006 4721 aliquando
3051 4650 3149 4722 τὴν
3177 4653 3553 4724 ὲνεγκαμένην
3570 4670 3659 4724 pa-

426 4748 585 4799 triam
604 4747 720 4814 (seu
738 4744 915 4799 natale
926 4742 1125 4814 solum)
1137 4744 1294 4812 jussu
1307 4744 1490 4797 divino
1503 4741 1641 4796 alter
1655 4745 1752 4797 iste
1767 4743 2059 4806 Abraham,
2075 4751 2123 4796 et
2148 4744 2203 4796 in
2235 4743 2501 4797 civitatem
2519 4742 2903 4798 Edessenorum
2923 4744 3082 4797 venit.
3100 4744 3141 4798 li
3161 4735 3293 4800 vero
3317 4745 3392 4801 ita
3407 4753 3626 4802 vertunt
3646 4760 3659 4798 :

419 4840 521 4908 Qui
550 4857 669 4894 cum
705 4840 964 4895 habitaret
1003 4840 1057 4894 in
1101 4839 1402 4903 solitudine,
1433 4856 1494 4892 ac
1531 4839 1654 4892 locis
1679 4837 1793 4892 loca
1820 4819 2036 4891 iubinde
2074 4847 2326 4902 mutaret,
2362 4849 2576 4911 propter
2623 4837 3024 4906 aediﬁcationem
3057 4849 3107 4892 et
3139 4839 3421 4894 utilitatem
3458 4841 3661 4894 anima-

417 4953 536 4991 rum
568 4936 740 5006 sicque
760 4953 790 4989 a
826 4935 1000 4989 divino
1022 4934 1397 4988 admoneretur
1431 4931 1655 5004 Spiritu,
1690 4933 1900 5004 reliquit
1935 4932 2224 5005 aliquando
2246 4933 2585 4988 solitudinem
2609 4935 2766 5004 jussu
2791 4933 3067 5001 diviniora,
3092 4945 3139 4988 et
3159 4933 3382 5005 ferventi
3413 4934 3664 4990 desiderio

418 5032 475 5086 in
506 5046 661 5083 suam
709 5029 845 5080 venit
881 5027 1110 5098 patriam
1143 5025 1422 5079 Edessam.
1449 5025 1614 5096 Atqui
1644 5025 2042 5098 Metaphrastes
2071 5043 2136 5082 ex
2163 5028 2412 5099 Nysscno
2439 5025 2634 5081 scribit
2667 5025 3017 5095 Ephrtemum
3048 5041 3158 5081 non
3185 5025 3524 5082 solitudinem
3547 5025 3660 5080 reli-

427 5121 634 5188 quisse,
673 5127 730 5171 et
749 5117 802 5170 in
820 5131 972 5172 suam
1011 5117 1247 5186 patriam
1279 5115 1538 5172 Edessam
1567 5118 1818 5184 venisse;
1844 5119 1937 5174 sed
1963 5119 2138 5190 patria
2164 5134 2262 5174 sua
2289 5117 2574 5178 derelicta.
2608 5119 2662 5172 in
2683 5119 2948 5172 civitatem
2974 5118 3361 5174 Edessenorum
3388 5119 3660 5190 migrasse.

427 5213 793 5283 ἀπολιμπάνει
825 5213 953 5266 ποτὲ
988 5215 1085 5284 τὴν
1115 5213 1506 5284 ὲνεγκαμένην,
1545 5215 1640 5268 καὶ
1662 5214 1760 5285 τὴν
1811 5215 1941 5268 Ἐδετ

2173 5215 2328 5269 πόλιν
2371 5213 2809 5283 καταλαμϐάνει,
2838 5213 3048 5283 reliquit
3089 5213 3380 5285 aliquando
3413 5214 3657 5284 patrioin,

421 5317 473 5361 et
493 5312 544 5364 in
569 5308 953 5363 Edessenorum
982 5309 1159 5363 urbem
1189 5309 1353 5364 abiit:
1389 5310 1639 5380 adeoque
1668 5309 1772 5365 alia
1804 5310 1909 5365 luit
1931 5311 2206 5380 Ephraami
2239 5312 2438 5381 patria,
2457 5324 2620 5380 quam
2645 5309 2959 5379 dereliquit,
2989 5317 3045 5364 et
3070 5309 3174 5364 alia
3207 5308 3340 5364 urbs
3366 5308 3591 5370 Edessa,
3615 5303 3660 5357 in

417 5417 582 5474 quam
625 5400 1238 5474 migravit.Versionem
1278 5412 1522 5458 nostram
1548 5402 1829 5475 Nyssenus
1879 5419 1931 5459 cc

2152 5413 2172 5460 ι
2201 5421 2214 5459 :
2261 5405 2546 5458 Ἐντεῦθεν
2574 5406 2672 5475 τὴν
2704 5405 3108 5476 ὲνεγκαμένην,
3144 5405 3218 5466 ὡς
3243 5407 3271 5456 ὁ
3290 5404 3433 5468 θεῖος
3469 5407 3660 5460 ἐκεῖνος

430 5501 746 5564 κελευσθεὶς
767 5497 1046 5570 ’Δσραὰμ,
1079 5498 1178 5568 τὴν
1209 5499 1536 5554 Ἐδεσσενῶν
1593 5499 1861 5554 κατέλαϐε
1894 5518 1944 5553 πε

2146 5500 2249 5554 nde
2273 5500 2681 5571 patriam,sicut
2708 5499 2913 5559 divinus
2948 5497 3040 5552 ille
3067 5499 3356 5565 Abraham,
3381 5499 3660 5570 relinquere

411 5598 613 5667 jussus,
656 5598 1042 5653 Edessenorum
1075 5596 1253 5651 urbem
1282 5597 1450 5668 petiit.
1491 5597 1628 5654 Vide
1657 5598 1915 5654 Vossium
1941 5606 2073 5654 tom.
2111 5598 2154 5664 Ι,
2195 5614 2319 5669 pag.
2349 5598 2403 5662 5,
2435 5597 2580 5654 linea
2613 5597 2941 5670 penultima.
2978 5596 3188 5663 Quibus
3219 5597 3405 5652 verbis
3433 5597 3646 5654 dubium

419 5710 580 5752 omne
609 5696 892 5765 eximitur,
921 5693 1067 5766 quod
1091 5692 1384 5750 Bollandus
1413 5693 1617 5764 aliique
1654 5695 1722 5750 de
1762 5696 1938 5766 patria
1965 5696 2238 5770 Ephraami
2272 5704 2516 5752 movent.
