  <div class='ocr_page' id='page_1' title='image "/cluster/home/n/w/nwhite01/storage/ocr_20150623/114/hvd.32044019208123/678.png"; bbox 0 0 3834 6462; ppageno 0'>
   <div class='ocr_carea' id='block_1_1' title="bbox 191 304 329 366">
    <p class='ocr_par' dir='ltr' id='par_1_1' title="bbox 191 304 329 366">
     <span class='ocr_line' id='line_1_1' title="bbox 191 304 329 366; baseline -0.014 0"><span class='ocrx_word' id='word_1_1' title='bbox 191 304 329 366; x_wconf 64' lang='grc' dir='ltr'>ιξδτ</span> 
     </span>
    </p>
   </div>
   <div class='ocr_carea' id='block_1_2' title="bbox 185 458 1003 486">
    <p class='ocr_par' dir='ltr' id='par_1_2' title="bbox 185 458 1003 486">
     <span class='ocr_line' id='line_1_2' title="bbox 185 458 1003 486; baseline -0.002 -2"><span class='ocrx_word' id='word_1_2' title='bbox 185 458 1003 486; x_wconf 50' lang='lat'><strong>~—</strong></span> 
     </span>
    </p>
   </div>
   <div class='ocr_carea' id='block_1_3' title="bbox 1382 304 2268 366">
    <p class='ocr_par' dir='ltr' id='par_1_3' title="bbox 1382 304 2268 366">
     <span class='ocr_line' id='line_1_3' title="bbox 1382 304 2268 366; baseline -0.001 0"><span class='ocrx_word' id='word_1_3' title='bbox 1382 307 1557 366; x_wconf 72' lang='lat' dir='ltr'><strong>VITA</strong></span> <span class='ocrx_word' id='word_1_4' title='bbox 1591 306 1654 366; x_wconf 91' lang='lat' dir='ltr'><strong>S.</strong></span> <span class='ocrx_word' id='word_1_5' title='bbox 1694 305 2032 365; x_wconf 57' lang='lat' dir='ltr'><strong>EPIIRZEM</strong></span> <span class='ocrx_word' id='word_1_6' title='bbox 2068 304 2268 365; x_wconf 79' lang='lat' dir='ltr'><strong>SYRI.</strong></span> 
     </span>
    </p>
   </div>
   <div class='ocr_carea' id='block_1_4' title="bbox 1018 637 2589 783">
    <p class='ocr_par' dir='ltr' id='par_1_4' title="bbox 1018 637 2589 783">
     <span class='ocr_line' id='line_1_4' title="bbox 1018 637 2589 783; baseline -0.003 -20"><span class='ocrx_word' id='word_1_7' title='bbox 1018 647 1382 766; x_wconf 87' lang='grc' dir='ltr'><strong>ΒΙΟΣ</strong></span> <span class='ocrx_word' id='word_1_8' title='bbox 1481 646 1759 758; x_wconf 86' lang='grc' dir='ltr'><strong>ΚΑΙ</strong></span> <span class='ocrx_word' id='word_1_9' title='bbox 1836 637 2589 783; x_wconf 83' lang='grc' dir='ltr'><strong>ΠΟΛΙΤΕΙΑ</strong></span> 
     </span>
    </p>
   </div>
   <div class='ocr_carea' id='block_1_5' title="bbox 1413 869 2232 920">
    <p class='ocr_par' dir='ltr' id='par_1_5' title="bbox 1413 869 2232 920">
     <span class='ocr_line' id='line_1_5' title="bbox 1413 869 2232 920; baseline 0.001 -1"><span class='ocrx_word' id='word_1_10' title='bbox 1413 873 1537 920; x_wconf 81' lang='grc' dir='ltr'><strong>ΤΟΥ</strong></span> <span class='ocrx_word' id='word_1_11' title='bbox 1575 872 1752 919; x_wconf 82' lang='grc' dir='ltr'>ΟΣῙΟΥ</span> <span class='ocrx_word' id='word_1_12' title='bbox 1788 869 2015 919; x_wconf 82' lang='grc' dir='ltr'><strong>ΠΔἸῬΟΣ</strong></span> <span class='ocrx_word' id='word_1_13' title='bbox 2051 870 2232 920; x_wconf 75' lang='grc' dir='ltr'><strong>ΠΜΩΝ</strong></span> 
     </span>
    </p>
   </div>
   <div class='ocr_carea' id='block_1_6' title="bbox 677 976 2937 1212">
    <p class='ocr_par' dir='ltr' id='par_1_6' title="bbox 677 976 2937 1212">
     <span class='ocr_line' id='line_1_6' title="bbox 677 976 2937 1212; baseline -0.004 -2"><span class='ocrx_word' id='word_1_14' title='bbox 677 976 1538 1212; x_wconf 80' lang='grc' dir='ltr'><strong>ΕΦΡΑΙΜ</strong></span> <span class='ocrx_word' id='word_1_15' title='bbox 1630 1031 2073 1206; x_wconf 80' lang='grc' dir='ltr'><strong>ΤΟΥ</strong></span> <span class='ocrx_word' id='word_1_16' title='bbox 2159 1034 2937 1207; x_wconf 69' lang='grc' dir='ltr'><strong>ΣΥΡΟΥ..</strong></span> 
     </span>
    </p>
   </div>
   <div class='ocr_carea' id='block_1_7' title="bbox 1042 1439 2603 1618">
    <p class='ocr_par' dir='ltr' id='par_1_7' title="bbox 1042 1439 2603 1618">
     <span class='ocr_line' id='line_1_7' title="bbox 1042 1439 2603 1618; baseline -0.001 0"><span class='ocrx_word' id='word_1_17' title='bbox 1042 1497 1396 1618; x_wconf 81' lang='lat' dir='ltr'><strong>Vl&#39;l‘A</strong></span> <span class='ocrx_word' id='word_1_18' title='bbox 1483 1439 1666 1611; x_wconf 81' lang='lat' dir='ltr'><strong>ET</strong></span> <span class='ocrx_word' id='word_1_19' title='bbox 1753 1494 2017 1610; x_wconf 84' lang='lat' dir='ltr'><strong>RES</strong></span> <span class='ocrx_word' id='word_1_20' title='bbox 2095 1499 2603 1616; x_wconf 58' lang='lat' dir='ltr'><strong>easne</strong></span> 
     </span>
    </p>
   </div>
   <div class='ocr_carea' id='block_1_8' title="bbox 489 1779 1815 1963">
    <p class='ocr_par' dir='ltr' id='par_1_8' title="bbox 489 1779 1815 1963">
     <span class='ocr_line' id='line_1_8' title="bbox 489 1779 1815 1963; baseline -0.007 0"><span class='ocrx_word' id='word_1_21' title='bbox 489 1783 660 1963; x_wconf 84' lang='lat' dir='ltr'><strong>S.</strong></span> <span class='ocrx_word' id='word_1_22' title='bbox 803 1785 998 1958; x_wconf 88' lang='lat' dir='ltr'><strong>P.</strong></span> <span class='ocrx_word' id='word_1_23' title='bbox 1141 1784 1388 1958; x_wconf 89' lang='grc' dir='ltr'><strong>Ν.·</strong></span> <span class='ocrx_word' id='word_1_24' title='bbox 1479 1779 1815 1955; x_wconf 85' lang='grc' dir='ltr'><strong>ΕΡ]</strong></span> 
     </span>
    </p>
   </div>
   <div class='ocr_carea' id='block_1_9' title="bbox 1859 1779 3170 1963">
    <p class='ocr_par' dir='ltr' id='par_1_9' title="bbox 1859 1782 3170 1961">
     <span class='ocr_line' id='line_1_9' title="bbox 1859 1782 3170 1961; baseline 0.003 -7"><span class='ocrx_word' id='word_1_25' title='bbox 1859 1783 2467 1960; x_wconf 63' lang='grc' dir='ltr'><strong>ΙΒᾸΕΜ</strong></span> <span class='ocrx_word' id='word_1_26' title='bbox 2606 1782 3170 1961; x_wconf 78' lang='lat' dir='ltr'><strong>SYRI.</strong></span> 
     </span>
    </p>
   </div>
   <div class='ocr_carea' id='block_1_10' title="bbox 243 2208 1815 2308">
    <p class='ocr_par' dir='ltr' id='par_1_10' title="bbox 243 2229 1815 2304">
     <span class='ocr_line' id='line_1_10' title="bbox 243 2229 1815 2304; baseline -0.003 -16"><span class='ocrx_word' id='word_1_27' title='bbox 243 2237 322 2288; x_wconf 78' lang='lat' dir='ltr'><strong>A&#39;.</strong></span> <span class='ocrx_word' id='word_1_28' title='bbox 368 2230 606 2304; x_wconf 82' lang='grc' dir='ltr'>Ἑφραῒμ</span> <span class='ocrx_word' id='word_1_29' title='bbox 629 2229 981 2302; x_wconf 78' lang='grc' dir='ltr'>ὁθαυμάσιος</span> <span class='ocrx_word' id='word_1_30' title='bbox 1031 2229 1133 2301; x_wconf 74' lang='grc' dir='ltr'><strong>ἔφυ</strong></span> <span class='ocrx_word' id='word_1_31' title='bbox 1182 2231 1282 2304; x_wconf 76' lang='grc' dir='ltr'>μὲν</span> <span class='ocrx_word' id='word_1_32' title='bbox 1319 2232 1384 2286; x_wconf 81' lang='grc' dir='ltr'><strong>ὲκ</strong></span> <span class='ocrx_word' id='word_1_33' title='bbox 1438 2231 1538 2303; x_wconf 85' lang='grc' dir='ltr'><strong>τῆς</strong></span> <span class='ocrx_word' id='word_1_34' title='bbox 1573 2232 1762 2303; x_wconf 77' lang='grc' dir='ltr'>Σύρων</span> <span class='ocrx_word' id='word_1_35' title='bbox 1787 2234 1815 2294; x_wconf 69' lang='grc' dir='ltr'>,Α</span> 
     </span>
    </p>
   </div>
   <div class='ocr_carea' id='block_1_11' title="bbox 1859 2208 3447 2308">
    <p class='ocr_par' dir='ltr' id='par_1_11' title="bbox 1935 2208 3447 2308">
     <span class='ocr_line' id='line_1_11' title="bbox 1935 2208 3447 2308; baseline 0.005 -22"><span class='ocrx_word' id='word_1_36' title='bbox 1935 2231 1976 2288; x_wconf 94' lang='lat' dir='ltr'><strong>l.</strong></span> <span class='ocrx_word' id='word_1_37' title='bbox 2010 2232 2262 2302; x_wconf 71' lang='lat' dir='ltr'><strong>Ephraem</strong></span> <span class='ocrx_word' id='word_1_38' title='bbox 2297 2208 2389 2289; x_wconf 86' lang='lat' dir='ltr'><strong>ille</strong></span> <span class='ocrx_word' id='word_1_39' title='bbox 2419 2232 2763 2290; x_wconf 81' lang='lat' dir='ltr'><strong>admirabilis</strong></span> <span class='ocrx_word' id='word_1_40' title='bbox 2811 2251 2843 2291; x_wconf 89' lang='lat' dir='ltr'><strong>e</strong></span> <span class='ocrx_word' id='word_1_41' title='bbox 2900 2234 3162 2308; x_wconf 80' lang='lat' dir='ltr'><strong>Syrorum</strong></span> <span class='ocrx_word' id='word_1_42' title='bbox 3222 2238 3447 2308; x_wconf 75' lang='lat' dir='ltr'><strong>regione</strong></span> 
     </span>
    </p>
   </div>
   <div class='ocr_carea' id='block_1_12' title="bbox 165 2325 1759 2400">
    <p class='ocr_par' dir='ltr' id='par_1_12' title="bbox 165 2325 1759 2400">
     <span class='ocr_line' id='line_1_12' title="bbox 165 2325 1759 2400; baseline -0.001 -16"><span class='ocrx_word' id='word_1_43' title='bbox 165 2329 300 2398; x_wconf 80' lang='grc' dir='ltr'><strong>τῆς.</strong></span> <span class='ocrx_word' id='word_1_44' title='bbox 318 2329 599 2398; x_wconf 85' lang='grc' dir='ltr'>Ἐλόμενος</span> <span class='ocrx_word' id='word_1_45' title='bbox 624 2327 680 2381; x_wconf 78' lang='grc' dir='ltr'>δὲ</span> <span class='ocrx_word' id='word_1_46' title='bbox 709 2327 808 2399; x_wconf 81' lang='grc' dir='ltr'>τὴν</span> <span class='ocrx_word' id='word_1_47' title='bbox 825 2325 1026 2399; x_wconf 78' lang='grc' dir='ltr'>ἀρετὴν</span> <span class='ocrx_word' id='word_1_48' title='bbox 1048 2330 1112 2381; x_wconf 79' lang='grc' dir='ltr'><strong>ὲκ</strong></span> <span class='ocrx_word' id='word_1_49' title='bbox 1145 2328 1366 2398; x_wconf 80' lang='grc' dir='ltr'>νηπίου,</span> <span class='ocrx_word' id='word_1_50' title='bbox 1395 2330 1759 2400; x_wconf 75' lang='grc' dir='ltr'>φυλάττεσθαι</span> 
     </span>
    </p>
   </div>
   <div class='ocr_carea' id='block_1_13' title="bbox 169 2417 1754 2492">
    <p class='ocr_par' dir='ltr' id='par_1_13' title="bbox 169 2417 1754 2492">
     <span class='ocr_line' id='line_1_13' title="bbox 169 2417 1754 2492; baseline 0.001 -20"><span class='ocrx_word' id='word_1_51' title='bbox 169 2421 276 2487; x_wconf 80' lang='grc' dir='ltr'>μὲν</span> <span class='ocrx_word' id='word_1_52' title='bbox 307 2421 398 2474; x_wconf 68' lang='grc' dir='ltr'><strong>ἀεὶ</strong></span> <span class='ocrx_word' id='word_1_53' title='bbox 423 2420 516 2473; x_wconf 75' lang='grc' dir='ltr'><strong>καὶ</strong></span> <span class='ocrx_word' id='word_1_54' title='bbox 541 2417 765 2488; x_wconf 78' lang='grc' dir='ltr'><strong>φεύγειν</strong></span> <span class='ocrx_word' id='word_1_55' title='bbox 789 2419 887 2482; x_wconf 82' lang='grc' dir='ltr'><strong>τὰς</strong></span> <span class='ocrx_word' id='word_1_56' title='bbox 940 2419 1258 2485; x_wconf 77' lang='grc' dir='ltr'>ἐπιδλαόεἰς</span> <span class='ocrx_word' id='word_1_57' title='bbox 1285 2422 1397 2474; x_wconf 89' lang='grc' dir='ltr'><strong>τῶν</strong></span> <span class='ocrx_word' id='word_1_58' title='bbox 1445 2421 1754 2492; x_wconf 71' lang='grc' dir='ltr'><strong>ἡλικιωτῶν</strong></span> 
     </span>
    </p>
   </div>
   <div class='ocr_carea' id='block_1_14' title="bbox 165 2511 1760 2585">
    <p class='ocr_par' dir='ltr' id='par_1_14' title="bbox 165 2511 1760 2585">
     <span class='ocr_line' id='line_1_14' title="bbox 165 2511 1760 2585; baseline 0.003 -21"><span class='ocrx_word' id='word_1_59' title='bbox 165 2512 434 2566; x_wconf 78' lang='grc' dir='ltr'>ἔσπουδεν</span> <span class='ocrx_word' id='word_1_60' title='bbox 485 2512 733 2582; x_wconf 77' lang='grc' dir='ltr'>ὁμιλίας.</span> <span class='ocrx_word' id='word_1_61' title='bbox 765 2511 980 2582; x_wconf 86' lang='grc' dir='ltr'>Ὠμίλει</span> <span class='ocrx_word' id='word_1_62' title='bbox 1033 2513 1090 2567; x_wconf 78' lang='grc' dir='ltr'>δὲ</span> <span class='ocrx_word' id='word_1_63' title='bbox 1139 2514 1382 2585; x_wconf 85' lang='grc' dir='ltr'>συνεχῶς</span> <span class='ocrx_word' id='word_1_64' title='bbox 1414 2515 1614 2585; x_wconf 79' lang='grc' dir='ltr'>μᾶλλον</span> <span class='ocrx_word' id='word_1_65' title='bbox 1645 2517 1760 2579; x_wconf 85' lang='grc' dir='ltr'>τοῖς</span> 
     </span>
    </p>
   </div>
   <div class='ocr_carea' id='block_1_15' title="bbox 167 2605 1756 2681">
    <p class='ocr_par' dir='ltr' id='par_1_15' title="bbox 167 2605 1756 2681">
     <span class='ocr_line' id='line_1_15' title="bbox 167 2605 1756 2681; baseline 0.003 -24"><span class='ocrx_word' id='word_1_66' title='bbox 167 2607 340 2676; x_wconf 81' lang='grc' dir='ltr'>ἱεροῖς</span> <span class='ocrx_word' id='word_1_67' title='bbox 361 2605 471 2659; x_wconf 85' lang='grc' dir='ltr'><strong>τῶν</strong></span> <span class='ocrx_word' id='word_1_68' title='bbox 489 2606 724 2677; x_wconf 78' lang='grc' dir='ltr'>Γραφῶν</span> <span class='ocrx_word' id='word_1_69' title='bbox 747 2605 977 2676; x_wconf 78' lang='grc' dir='ltr'>βιϐλίοις</span> <span class='ocrx_word' id='word_1_70' title='bbox 1001 2625 1014 2637; x_wconf 94' lang='grc'><strong>·</strong></span> <span class='ocrx_word' id='word_1_71' title='bbox 1043 2609 1139 2662; x_wconf 74' lang='grc' dir='ltr'><strong>καὶ</strong></span> <span class='ocrx_word' id='word_1_72' title='bbox 1165 2609 1197 2678; x_wconf 75' lang='grc' dir='ltr'><strong>ἡ</strong></span> <span class='ocrx_word' id='word_1_73' title='bbox 1223 2610 1352 2678; x_wconf 74' lang='grc' dir='ltr'>περὶ</span> <span class='ocrx_word' id='word_1_74' title='bbox 1383 2609 1523 2664; x_wconf 80' lang='grc' dir='ltr'>αὐτὰ</span> <span class='ocrx_word' id='word_1_75' title='bbox 1551 2610 1756 2681; x_wconf 78' lang='grc' dir='ltr'>σπουδή</span> 
     </span>
    </p>
   </div>
   <div class='ocr_carea' id='block_1_16' title="bbox 162 2697 1758 2773">
    <p class='ocr_par' dir='ltr' id='par_1_16' title="bbox 162 2697 1758 2773">
     <span class='ocr_line' id='line_1_16' title="bbox 162 2697 1758 2773; baseline 0.004 -24"><span class='ocrx_word' id='word_1_76' title='bbox 162 2713 252 2759; x_wconf 71' lang='grc' dir='ltr'><strong>τε,</strong></span> <span class='ocrx_word' id='word_1_77' title='bbox 288 2697 383 2750; x_wconf 66' lang='lat' dir='ltr'><strong>zeal.</strong></span> <span class='ocrx_word' id='word_1_78' title='bbox 403 2697 590 2768; x_wconf 81' lang='grc' dir='ltr'>σχολὴ,</span> <span class='ocrx_word' id='word_1_79' title='bbox 614 2697 710 2764; x_wconf 78' lang='grc' dir='ltr'><strong>καὶ</strong></span> <span class='ocrx_word' id='word_1_80' title='bbox 735 2697 934 2768; x_wconf 81' lang='grc' dir='ltr'>μελέτη</span> <span class='ocrx_word' id='word_1_81' title='bbox 962 2700 1142 2770; x_wconf 87' lang='grc' dir='ltr'>πάσης</span> <span class='ocrx_word' id='word_1_82' title='bbox 1167 2699 1383 2772; x_wconf 82' lang='grc' dir='ltr'>ὑπῆρχε</span> <span class='ocrx_word' id='word_1_83' title='bbox 1405 2699 1483 2772; x_wconf 82' lang='grc' dir='ltr'>τῷ</span> <span class='ocrx_word' id='word_1_84' title='bbox 1517 2700 1758 2773; x_wconf 82' lang='grc' dir='ltr'>Ἐφραῒμ</span> 
     </span>
    </p>
   </div>
   <div class='ocr_carea' id='block_1_17' title="bbox 165 2788 1756 2866">
    <p class='ocr_par' dir='ltr' id='par_1_17' title="bbox 165 2788 1756 2866">
     <span class='ocr_line' id='line_1_17' title="bbox 165 2788 1756 2866; baseline 0.004 -27"><span class='ocrx_word' id='word_1_85' title='bbox 165 2788 368 2860; x_wconf 64' lang='grc' dir='ltr'>ἡδονῆς</span> <span class='ocrx_word' id='word_1_86' title='bbox 425 2789 590 2859; x_wconf 77' lang='grc' dir='ltr'>ἡδίων</span> <span class='ocrx_word' id='word_1_87' title='bbox 625 2806 640 2819; x_wconf 81' lang='grc'><em>’</em></span> <span class='ocrx_word' id='word_1_88' title='bbox 670 2790 748 2854; x_wconf 82' lang='grc' dir='ltr'>ὡς</span> <span class='ocrx_word' id='word_1_89' title='bbox 786 2792 874 2846; x_wconf 76' lang='grc' dir='ltr'><strong>καὶ</strong></span> <span class='ocrx_word' id='word_1_90' title='bbox 919 2792 1084 2846; x_wconf 72' lang='grc' dir='ltr'>αὑτὸν</span> <span class='ocrx_word' id='word_1_91' title='bbox 1131 2793 1342 2862; x_wconf 79' lang='grc' dir='ltr'>συνῳδὰ</span> <span class='ocrx_word' id='word_1_92' title='bbox 1382 2793 1460 2863; x_wconf 80' lang='grc' dir='ltr'>τῷ</span> <span class='ocrx_word' id='word_1_93' title='bbox 1493 2796 1756 2866; x_wconf 76' lang='grc' dir='ltr'>Προφήτῃ</span> 
     </span>
    </p>
   </div>
   <div class='ocr_carea' id='block_1_18' title="bbox 165 2880 1758 2956">
    <p class='ocr_par' dir='ltr' id='par_1_18' title="bbox 165 2880 1758 2956">
     <span class='ocr_line' id='line_1_18' title="bbox 165 2880 1758 2956; baseline 0.005 -24"><span class='ocrx_word' id='word_1_94' title='bbox 165 2880 354 2948; x_wconf 76' lang='grc' dir='ltr'>λέγειν</span> <span class='ocrx_word' id='word_1_95' title='bbox 375 2899 389 2913; x_wconf 88' lang='grc'><strong>·</strong></span> <span class='ocrx_word' id='word_1_96' title='bbox 425 2883 518 2949; x_wconf 84' lang='grc' dir='ltr'>Ὠς</span> <span class='ocrx_word' id='word_1_97' title='bbox 541 2882 770 2952; x_wconf 77' lang='grc' dir='ltr'>γλυκέα</span> <span class='ocrx_word' id='word_1_98' title='bbox 790 2882 872 2948; x_wconf 84' lang='grc' dir='ltr'>τῷ</span> <span class='ocrx_word' id='word_1_99' title='bbox 896 2883 1156 2954; x_wconf 73' lang='grc' dir='ltr'>,λάρυγγί</span> <span class='ocrx_word' id='word_1_100' title='bbox 1179 2902 1299 2955; x_wconf 84' lang='grc' dir='ltr'><strong>μου</strong></span> <span class='ocrx_word' id='word_1_101' title='bbox 1323 2888 1393 2941; x_wconf 83' lang='grc' dir='ltr'>τὰ</span> <span class='ocrx_word' id='word_1_102' title='bbox 1413 2885 1591 2956; x_wconf 71' lang='grc' dir='ltr'><strong>λόγιά</strong></span> <span class='ocrx_word' id='word_1_103' title='bbox 1615 2888 1758 2941; x_wconf 67' lang='grc' dir='ltr'>σου]</span> 
     </span>
    </p>
   </div>
   <div class='ocr_carea' id='block_1_19' title="bbox 177 2969 1096 3042">
    <p class='ocr_par' dir='ltr' id='par_1_19' title="bbox 177 2969 1096 3042">
     <span class='ocr_line' id='line_1_19' title="bbox 177 2969 1096 3042; baseline 0.003 -19"><span class='ocrx_word' id='word_1_104' title='bbox 177 2969 357 3040; x_wconf 76' lang='grc' dir='ltr'>Ὑπὲρ</span> <span class='ocrx_word' id='word_1_105' title='bbox 374 2971 516 3041; x_wconf 75' lang='grc' dir='ltr'>μέλι</span> <span class='ocrx_word' id='word_1_106' title='bbox 549 2969 631 3038; x_wconf 85' lang='grc' dir='ltr'>τῷ</span> <span class='ocrx_word' id='word_1_107' title='bbox 662 2973 923 3042; x_wconf 79' lang='grc' dir='ltr'>στόματί</span> <span class='ocrx_word' id='word_1_108' title='bbox 954 2991 1096 3042; x_wconf 80' lang='grc' dir='ltr'>μου.</span> 
     </span>
    </p>
   </div>
   <div class='ocr_carea' id='block_1_20' title="bbox 237 3149 1758 3232">
    <p class='ocr_par' dir='ltr' id='par_1_20' title="bbox 237 3149 1758 3232">
     <span class='ocr_line' id='line_1_20' title="bbox 237 3149 1758 3232; baseline 0.007 -30"><span class='ocrx_word' id='word_1_109' title='bbox 237 3151 315 3207; x_wconf 86' lang='lat' dir='ltr'><strong>B&#39;.</strong></span> <span class='ocrx_word' id='word_1_110' title='bbox 334 3149 617 3206; x_wconf 79' lang='grc' dir='ltr'><strong>Ἐντεῦθεν</strong></span> <span class='ocrx_word' id='word_1_111' title='bbox 640 3150 938 3224; x_wconf 79' lang='grc' dir='ltr'>σύντροφος</span> <span class='ocrx_word' id='word_1_112' title='bbox 969 3153 1120 3226; x_wconf 83' lang='grc' dir='ltr'>αύτῷ</span> <span class='ocrx_word' id='word_1_113' title='bbox 1146 3155 1240 3210; x_wconf 85' lang='grc' dir='ltr'><strong>καί</strong></span> <span class='ocrx_word' id='word_1_114' title='bbox 1264 3155 1555 3229; x_wconf 76' lang='grc' dir='ltr'>ἡλικιώτης</span> <span class='ocrx_word' id='word_1_115' title='bbox 1588 3159 1758 3232; x_wconf 77' lang='grc' dir='ltr'>ἀρετὴ</span> 
     </span>
    </p>
   </div>
   <div class='ocr_carea' id='block_1_21' title="bbox 167 3239 1757 3322">
    <p class='ocr_par' dir='ltr' id='par_1_21' title="bbox 167 3239 1757 3322">
     <span class='ocr_line' id='line_1_21' title="bbox 167 3239 1757 3322; baseline 0.008 -29"><span class='ocrx_word' id='word_1_116' title='bbox 167 3244 345 3306; x_wconf 74' lang='grc' dir='ltr'>πᾶσα,</span> <span class='ocrx_word' id='word_1_117' title='bbox 381 3246 474 3298; x_wconf 73' lang='grc' dir='ltr'><strong>καὶ</strong></span> <span class='ocrx_word' id='word_1_118' title='bbox 501 3239 535 3314; x_wconf 77' lang='grc' dir='ltr'><strong>ἡ</strong></span> <span class='ocrx_word' id='word_1_119' title='bbox 571 3243 708 3314; x_wconf 79' lang='grc' dir='ltr'>πρὸς</span> <span class='ocrx_word' id='word_1_120' title='bbox 736 3247 861 3310; x_wconf 83' lang='grc' dir='ltr'>τοὺς</span> <span class='ocrx_word' id='word_1_121' title='bbox 890 3248 1093 3312; x_wconf 83' lang='grc' dir='ltr'>πόνους</span> <span class='ocrx_word' id='word_1_122' title='bbox 1121 3249 1350 3320; x_wconf 78' lang='grc' dir='ltr'>σπουδή.</span> <span class='ocrx_word' id='word_1_123' title='bbox 1399 3252 1511 3304; x_wconf 76' lang='grc' dir='ltr'><strong>Καὶ</strong></span> <span class='ocrx_word' id='word_1_124' title='bbox 1563 3252 1617 3304; x_wconf 86' lang='grc' dir='ltr'><strong>τί</strong></span> <span class='ocrx_word' id='word_1_125' title='bbox 1649 3253 1757 3322; x_wconf 75' lang='grc' dir='ltr'>γὰρ</span> 
     </span>
    </p>
   </div>
   <div class='ocr_carea' id='block_1_22' title="bbox 163 3335 1753 3417">
    <p class='ocr_par' dir='ltr' id='par_1_22' title="bbox 163 3335 1753 3417">
     <span class='ocr_line' id='line_1_22' title="bbox 163 3335 1753 3417; baseline 0.008 -30"><span class='ocrx_word' id='word_1_126' title='bbox 163 3338 228 3388; x_wconf 79' lang='grc' dir='ltr'><strong>ού</strong></span> <span class='ocrx_word' id='word_1_127' title='bbox 273 3335 412 3406; x_wconf 75' lang='grc' dir='ltr'>πρὸς</span> <span class='ocrx_word' id='word_1_128' title='bbox 461 3337 750 3406; x_wconf 79' lang='grc' dir='ltr'>άκρίὸειαν</span> <span class='ocrx_word' id='word_1_129' title='bbox 784 3339 933 3411; x_wconf 82' lang='grc' dir='ltr'>αὐτῷ</span> <span class='ocrx_word' id='word_1_130' title='bbox 977 3341 1360 3414; x_wconf 85' lang='grc' dir='ltr'>κατωρθώθη;</span> <span class='ocrx_word' id='word_1_131' title='bbox 1401 3345 1462 3398; x_wconf 85' lang='grc' dir='ltr'><strong>ού</strong></span> <span class='ocrx_word' id='word_1_132' title='bbox 1492 3346 1753 3417; x_wconf 74' lang='grc' dir='ltr'>νηστείας</span> 
     </span>
    </p>
   </div>
   <div class='ocr_carea' id='block_1_23' title="bbox 164 3429 1756 3506">
    <p class='ocr_par' dir='ltr' id='par_1_23' title="bbox 164 3429 1756 3506">
     <span class='ocr_line' id='line_1_23' title="bbox 164 3429 1756 3506; baseline 0.006 -26"><span class='ocrx_word' id='word_1_133' title='bbox 164 3429 270 3480; x_wconf 69' lang='grc' dir='ltr'><strong>οὐκ</strong></span> <span class='ocrx_word' id='word_1_134' title='bbox 308 3430 618 3498; x_wconf 74' lang='grc' dir='ltr'>ἀγρυπνίας</span> <span class='ocrx_word' id='word_1_135' title='bbox 671 3431 732 3484; x_wconf 86' lang='grc' dir='ltr'><strong>ού</strong></span> <span class='ocrx_word' id='word_1_136' title='bbox 780 3435 1092 3502; x_wconf 87' lang='grc' dir='ltr'>χαμευνία;</span> <span class='ocrx_word' id='word_1_137' title='bbox 1145 3434 1206 3487; x_wconf 83' lang='grc' dir='ltr'><strong>ού</strong></span> <span class='ocrx_word' id='word_1_138' title='bbox 1259 3437 1600 3506; x_wconf 75' lang='grc' dir='ltr'>χρηστότηςς</span> <span class='ocrx_word' id='word_1_139' title='bbox 1656 3438 1756 3490; x_wconf 78' lang='grc' dir='ltr'>οὐκ</span> 
     </span>
    </p>
   </div>
   <div class='ocr_carea' id='block_1_24' title="bbox 163 3518 1752 3600">
    <p class='ocr_par' dir='ltr' id='par_1_24' title="bbox 163 3518 1752 3600">
     <span class='ocr_line' id='line_1_24' title="bbox 163 3518 1752 3600; baseline 0.008 -31"><span class='ocrx_word' id='word_1_140' title='bbox 163 3518 477 3586; x_wconf 77' lang='grc' dir='ltr'>ἑπιείκεια;</span> <span class='ocrx_word' id='word_1_141' title='bbox 506 3522 608 3574; x_wconf 79' lang='grc' dir='ltr'><strong>οὐκ</strong></span> <span class='ocrx_word' id='word_1_142' title='bbox 637 3523 992 3595; x_wconf 72' lang='grc' dir='ltr'>ἁκτημοσύνη</span> <span class='ocrx_word' id='word_1_143' title='bbox 1018 3541 1033 3592; x_wconf 90' lang='lat'><strong>;</strong></span> <span class='ocrx_word' id='word_1_144' title='bbox 1063 3526 1164 3579; x_wconf 81' lang='grc' dir='ltr'>οὐκ</span> <span class='ocrx_word' id='word_1_145' title='bbox 1196 3527 1290 3580; x_wconf 72' lang='grc' dir='ltr'><strong>ἐπὶ</strong></span> <span class='ocrx_word' id='word_1_146' title='bbox 1315 3527 1553 3600; x_wconf 79' lang='grc' dir='ltr'>τοσούτῳ</span> <span class='ocrx_word' id='word_1_147' title='bbox 1585 3527 1752 3582; x_wconf 86' lang='grc' dir='ltr'>πλού-</span> 
     </span>
    </p>
   </div>
   <div class='ocr_carea' id='block_1_25' title="bbox 161 3611 1750 3690">
    <p class='ocr_par' dir='ltr' id='par_1_25' title="bbox 161 3611 1750 3690">
     <span class='ocr_line' id='line_1_25' title="bbox 161 3611 1750 3690; baseline 0.008 -28"><span class='ocrx_word' id='word_1_148' title='bbox 161 3627 245 3680; x_wconf 80' lang='grc' dir='ltr'><strong>τῳ</strong></span> <span class='ocrx_word' id='word_1_149' title='bbox 270 3611 378 3662; x_wconf 83' lang='grc' dir='ltr'><strong>τῶν</strong></span> <span class='ocrx_word' id='word_1_150' title='bbox 410 3612 654 3679; x_wconf 73' lang='grc' dir='ltr'>ἀγαθῶν,</span> <span class='ocrx_word' id='word_1_151' title='bbox 683 3616 777 3668; x_wconf 67' lang='grc' dir='ltr'>καὶ</span> <span class='ocrx_word' id='word_1_152' title='bbox 801 3616 834 3686; x_wconf 83' lang='grc' dir='ltr'>ὴ</span> <span class='ocrx_word' id='word_1_153' title='bbox 868 3618 1378 3688; x_wconf 71' lang='grc' dir='ltr'>ταπεινοφροσύνης</span> <span class='ocrx_word' id='word_1_154' title='bbox 1407 3620 1468 3672; x_wconf 88' lang='grc' dir='ltr'><strong>ού</strong></span> <span class='ocrx_word' id='word_1_155' title='bbox 1495 3619 1603 3690; x_wconf 82' lang='grc' dir='ltr'>μὴν</span> <span class='ocrx_word' id='word_1_156' title='bbox 1629 3621 1750 3676; x_wconf 83' lang='grc' dir='ltr'>οὐδὲ</span> 
     </span>
    </p>
   </div>
   <div class='ocr_carea' id='block_1_26' title="bbox 161 3699 1750 3780">
    <p class='ocr_par' dir='ltr' id='par_1_26' title="bbox 161 3699 1750 3780">
     <span class='ocr_line' id='line_1_26' title="bbox 161 3699 1750 3780; baseline 0.009 -28"><span class='ocrx_word' id='word_1_157' title='bbox 161 3699 263 3753; x_wconf 83' lang='grc' dir='ltr'><strong>τοῦ</strong></span> <span class='ocrx_word' id='word_1_158' title='bbox 289 3699 674 3758; x_wconf 80' lang='grc' dir='ltr'>ὁιδασκαλικοῦ</span> <span class='ocrx_word' id='word_1_159' title='bbox 710 3706 1052 3777; x_wconf 80' lang='grc' dir='ltr'>χαρίσματος</span> <span class='ocrx_word' id='word_1_160' title='bbox 1081 3708 1312 3780; x_wconf 77' lang='grc' dir='ltr'>ἄμοιρος</span> <span class='ocrx_word' id='word_1_161' title='bbox 1340 3705 1428 3780; x_wconf 79' lang='grc' dir='ltr'>ἦν,</span> <span class='ocrx_word' id='word_1_162' title='bbox 1461 3711 1576 3764; x_wconf 79' lang='grc' dir='ltr'>ἀλλ’</span> <span class='ocrx_word' id='word_1_163' title='bbox 1604 3712 1750 3766; x_wconf 82' lang='grc' dir='ltr'>ἐστιν</span> 
     </span>
    </p>
   </div>
   <div class='ocr_carea' id='block_1_27' title="bbox 163 3791 1748 3874">
    <p class='ocr_par' dir='ltr' id='par_1_27' title="bbox 163 3791 1748 3874">
     <span class='ocr_line' id='line_1_27' title="bbox 163 3791 1748 3874; baseline 0.008 -30"><span class='ocrx_word' id='word_1_164' title='bbox 163 3795 246 3855; x_wconf 84' lang='grc' dir='ltr'><strong>εἰς</strong></span> <span class='ocrx_word' id='word_1_165' title='bbox 271 3791 352 3845; x_wconf 73' lang='grc' dir='ltr'>ἔτι</span> <span class='ocrx_word' id='word_1_166' title='bbox 377 3793 474 3847; x_wconf 76' lang='grc' dir='ltr'><strong>καὶ</strong></span> <span class='ocrx_word' id='word_1_167' title='bbox 513 3793 631 3862; x_wconf 89' lang='grc' dir='ltr'>νῦν,</span> <span class='ocrx_word' id='word_1_168' title='bbox 661 3796 756 3851; x_wconf 83' lang='grc' dir='ltr'>διὰ</span> <span class='ocrx_word' id='word_1_169' title='bbox 781 3800 892 3851; x_wconf 84' lang='grc' dir='ltr'><strong>τῶν</strong></span> <span class='ocrx_word' id='word_1_170' title='bbox 919 3799 1114 3853; x_wconf 77' lang='grc' dir='ltr'>ἑαυτοῦ</span> <span class='ocrx_word' id='word_1_171' title='bbox 1138 3800 1332 3869; x_wconf 74' lang='grc' dir='ltr'>λόγων,</span> <span class='ocrx_word' id='word_1_172' title='bbox 1373 3804 1506 3872; x_wconf 84' lang='grc' dir='ltr'>ἡμῖν</span> <span class='ocrx_word' id='word_1_173' title='bbox 1525 3803 1748 3874; x_wconf 72' lang='grc' dir='ltr'>ὁμιλῶν,</span> 
     </span>
    </p>
   </div>
   <div class='ocr_carea' id='block_1_28' title="bbox 167 3883 1748 3965">
    <p class='ocr_par' dir='ltr' id='par_1_28' title="bbox 167 3883 1748 3965">
     <span class='ocr_line' id='line_1_28' title="bbox 167 3883 1748 3965; baseline 0.009 -29"><span class='ocrx_word' id='word_1_174' title='bbox 167 3883 462 3949; x_wconf 85' lang='grc' dir='ltr'>νουθετῶν,</span> <span class='ocrx_word' id='word_1_175' title='bbox 510 3889 877 3958; x_wconf 79' lang='grc' dir='ltr'>παρακαλῶν,</span> <span class='ocrx_word' id='word_1_176' title='bbox 903 3892 1314 3959; x_wconf 77' lang='grc' dir='ltr'>συμϐουλεύων,</span> <span class='ocrx_word' id='word_1_177' title='bbox 1345 3895 1748 3965; x_wconf 79' lang='grc' dir='ltr'>διαλεγόμενος.</span> 
     </span>
    </p>
   </div>
   <div class='ocr_carea' id='block_1_29' title="bbox 177 3967 1751 4061">
    <p class='ocr_par' dir='ltr' id='par_1_29' title="bbox 177 3967 1751 4061">
     <span class='ocr_line' id='line_1_29' title="bbox 177 3967 1751 4061; baseline 0.01 -36"><span class='ocrx_word' id='word_1_178' title='bbox 177 3974 299 4041; x_wconf 80' lang='grc' dir='ltr'><strong>’Δφ⁹</strong></span> <span class='ocrx_word' id='word_1_179' title='bbox 334 3967 408 4027; x_wconf 80' lang='grc' dir='ltr'>ὧν</span> <span class='ocrx_word' id='word_1_180' title='bbox 433 3974 492 4029; x_wconf 85' lang='grc' dir='ltr'><strong>ού</strong></span> <span class='ocrx_word' id='word_1_181' title='bbox 523 3979 682 4046; x_wconf 72' lang='grc' dir='ltr'>μόνον</span> <span class='ocrx_word' id='word_1_182' title='bbox 711 3979 804 4032; x_wconf 80' lang='grc' dir='ltr'>τὸν</span> <span class='ocrx_word' id='word_1_183' title='bbox 830 3980 1034 4052; x_wconf 77' lang='grc' dir='ltr'>εύσεὸῆ</span> <span class='ocrx_word' id='word_1_184' title='bbox 1065 3985 1163 4054; x_wconf 81' lang='grc' dir='ltr'>τῆς</span> <span class='ocrx_word' id='word_1_185' title='bbox 1193 3985 1432 4050; x_wconf 80' lang='grc' dir='ltr'>πίστεως</span> <span class='ocrx_word' id='word_1_186' title='bbox 1473 3985 1631 4054; x_wconf 79' lang='grc' dir='ltr'>λόγον</span> <span class='ocrx_word' id='word_1_187' title='bbox 1657 3988 1751 4061; x_wconf 56' lang='grc' dir='ltr'><strong>ὀρ-</strong></span> 
     </span>
    </p>
   </div>
   <div class='ocr_carea' id='block_1_30' title="bbox 167 4067 1804 4155">
    <p class='ocr_par' dir='ltr' id='par_1_30' title="bbox 167 4067 1804 4155">
     <span class='ocr_line' id='line_1_30' title="bbox 167 4067 1804 4155; baseline 0.026 -36"><span class='ocrx_word' id='word_1_188' title='bbox 167 4067 422 4139; x_wconf 75' lang='grc' dir='ltr'>θετομεῖν</span> <span class='ocrx_word' id='word_1_189' title='bbox 481 4069 698 4140; x_wconf 74' lang='grc' dir='ltr'>ἔχομεν,</span> <span class='ocrx_word' id='word_1_190' title='bbox 757 4071 1050 4130; x_wconf 67' lang='grc' dir='ltr'><strong>ἀλλὰοκαὶ</strong></span> <span class='ocrx_word' id='word_1_191' title='bbox 1104 4077 1240 4148; x_wconf 72' lang='grc' dir='ltr'>πρὸς</span> <span class='ocrx_word' id='word_1_192' title='bbox 1269 4079 1368 4152; x_wconf 78' lang='grc' dir='ltr'><strong>τὴν</strong></span> <span class='ocrx_word' id='word_1_193' title='bbox 1395 4080 1495 4150; x_wconf 73' lang='grc' dir='ltr'><strong>τῆς</strong></span> <span class='ocrx_word' id='word_1_194' title='bbox 1547 4081 1752 4152; x_wconf 68' lang='grc' dir='ltr'><strong>ἀρετῆς</strong></span> <span class='ocrx_word' id='word_1_195' title='bbox 1800 4152 1804 4155; x_wconf 95' lang='grc'>.</span> 
     </span>
    </p>
   </div>
   <div class='ocr_carea' id='block_1_31' title="bbox 168 4161 814 4236">
    <p class='ocr_par' dir='ltr' id='par_1_31' title="bbox 168 4161 814 4236">
     <span class='ocr_line' id='line_1_31' title="bbox 168 4161 814 4236; baseline 0.008 -21"><span class='ocrx_word' id='word_1_196' title='bbox 168 4162 366 4232; x_wconf 78' lang='grc' dir='ltr'>κτῆσιν</span> <span class='ocrx_word' id='word_1_197' title='bbox 396 4161 814 4236; x_wconf 86' lang='grc' dir='ltr'>διανιστάμεθα.</span> 
     </span>
    </p>
   </div>
   <div class='ocr_carea' id='block_1_32' title="bbox 242 4254 1752 4336">
    <p class='ocr_par' dir='ltr' id='par_1_32' title="bbox 242 4254 1752 4336">
     <span class='ocr_line' id='line_1_32' title="bbox 242 4254 1752 4336; baseline 0.008 -28"><span class='ocrx_word' id='word_1_198' title='bbox 242 4254 320 4309; x_wconf 79' lang='grc' dir='ltr'><strong>Γ.</strong></span> <span class='ocrx_word' id='word_1_199' title='bbox 341 4256 450 4326; x_wconf 78' lang='grc' dir='ltr'><strong>Τῆς</strong></span> <span class='ocrx_word' id='word_1_200' title='bbox 481 4257 666 4326; x_wconf 79' lang='grc' dir='ltr'>μέντοι</span> <span class='ocrx_word' id='word_1_201' title='bbox 689 4257 821 4329; x_wconf 74' lang='grc' dir='ltr'>πρὸς</span> <span class='ocrx_word' id='word_1_202' title='bbox 839 4259 972 4313; x_wconf 74' lang='grc' dir='ltr'>Θεὸν</span> <span class='ocrx_word' id='word_1_203' title='bbox 989 4258 1222 4330; x_wconf 76' lang='grc' dir='ltr'>ἐλπίδος,</span> <span class='ocrx_word' id='word_1_204' title='bbox 1255 4263 1470 4335; x_wconf 72' lang='grc' dir='ltr'>καὶτῆς</span> <span class='ocrx_word' id='word_1_205' title='bbox 1499 4267 1635 4336; x_wconf 76' lang='grc' dir='ltr'>πρὸς</span> <span class='ocrx_word' id='word_1_206' title='bbox 1660 4267 1752 4320; x_wconf 81' lang='grc' dir='ltr'>τὸν</span> 
     </span>
    </p>
   </div>
   <div class='ocr_carea' id='block_1_33' title="bbox 166 4346 1752 4428">
    <p class='ocr_par' dir='ltr' id='par_1_33' title="bbox 166 4346 1752 4428">
     <span class='ocr_line' id='line_1_33' title="bbox 166 4346 1752 4428; baseline 0.008 -29"><span class='ocrx_word' id='word_1_207' title='bbox 166 4346 400 4417; x_wconf 76' lang='grc' dir='ltr'>πλησίον</span> <span class='ocrx_word' id='word_1_208' title='bbox 449 4349 673 4420; x_wconf 79' lang='grc' dir='ltr'>ἀγάπης</span> <span class='ocrx_word' id='word_1_209' title='bbox 719 4351 945 4405; x_wconf 85' lang='grc' dir='ltr'>τοσοῦτο</span> <span class='ocrx_word' id='word_1_210' title='bbox 1006 4353 1243 4424; x_wconf 71' lang='grc' dir='ltr'>ἐμέλησε</span> <span class='ocrx_word' id='word_1_211' title='bbox 1271 4357 1349 4426; x_wconf 82' lang='grc' dir='ltr'>τῷ</span> <span class='ocrx_word' id='word_1_212' title='bbox 1383 4358 1645 4428; x_wconf 82' lang='grc' dir='ltr'>Ἐφραῒμ,</span> <span class='ocrx_word' id='word_1_213' title='bbox 1676 4359 1752 4422; x_wconf 83' lang='grc' dir='ltr'><strong>ὡς</strong></span> 
     </span>
    </p>
   </div>
   <div class='ocr_carea' id='block_1_34' title="bbox 157 4441 1753 4522">
    <p class='ocr_par' dir='ltr' id='par_1_34' title="bbox 157 4441 1753 4522">
     <span class='ocr_line' id='line_1_34' title="bbox 157 4441 1753 4522; baseline 0.008 -28"><span class='ocrx_word' id='word_1_214' title='bbox 157 4441 336 4494; x_wconf 70' lang='grc' dir='ltr'>ἀὐτὸν</span> <span class='ocrx_word' id='word_1_215' title='bbox 387 4442 597 4498; x_wconf 75' lang='grc' dir='ltr'>ἐκεῖνον</span> <span class='ocrx_word' id='word_1_216' title='bbox 654 4445 828 4497; x_wconf 70' lang='grc' dir='ltr'>εἰπεῖν</span> <span class='ocrx_word' id='word_1_217' title='bbox 889 4446 1095 4500; x_wconf 73' lang='grc' dir='ltr'>οὑτωσὶ</span> <span class='ocrx_word' id='word_1_218' title='bbox 1145 4447 1241 4500; x_wconf 83' lang='grc' dir='ltr'><strong>τοῦ</strong></span> <span class='ocrx_word' id='word_1_219' title='bbox 1292 4449 1408 4520; x_wconf 85' lang='grc' dir='ltr'>βίου</span> <span class='ocrx_word' id='word_1_220' title='bbox 1444 4453 1753 4522; x_wconf 84' lang='grc' dir='ltr'>ἀπαίροντα</span> 
     </span>
    </p>
   </div>
   <div class='ocr_carea' id='block_1_35' title="bbox 169 4532 1752 4612">
    <p class='ocr_par' dir='ltr' id='par_1_35' title="bbox 169 4532 1752 4612">
     <span class='ocr_line' id='line_1_35' title="bbox 169 4532 1752 4612; baseline 0.005 -26"><span class='ocrx_word' id='word_1_221' title='bbox 169 4533 294 4602; x_wconf 76' lang='grc' dir='ltr'>(δεῖ</span> <span class='ocrx_word' id='word_1_222' title='bbox 341 4532 451 4605; x_wconf 80' lang='grc' dir='ltr'><strong>γάρ</strong></span> <span class='ocrx_word' id='word_1_223' title='bbox 503 4537 617 4599; x_wconf 88' lang='grc' dir='ltr'>τοῖς</span> <span class='ocrx_word' id='word_1_224' title='bbox 649 4536 817 4590; x_wconf 81' lang='grc' dir='ltr'>αὐτοῦ</span> <span class='ocrx_word' id='word_1_225' title='bbox 844 4538 1157 4608; x_wconf 81' lang='grc' dir='ltr'>χρήσασθαι</span> <span class='ocrx_word' id='word_1_226' title='bbox 1201 4538 1409 4610; x_wconf 82' lang='grc' dir='ltr'>λόγοις)</span> <span class='ocrx_word' id='word_1_227' title='bbox 1439 4559 1452 4574; x_wconf 78' lang='grc' dir='ltr'><strong><em>ο</em></strong></span> <span class='ocrx_word' id='word_1_228' title='bbox 1499 4542 1752 4612; x_wconf 76' lang='grc' dir='ltr'>οὐδαμῶς</span> 
     </span>
    </p>
   </div>
   <div class='ocr_carea' id='block_1_36' title="bbox 169 4623 1750 4703">
    <p class='ocr_par' dir='ltr' id='par_1_36' title="bbox 169 4623 1750 4703">
     <span class='ocr_line' id='line_1_36' title="bbox 169 4623 1750 4703; baseline 0.005 -27"><span class='ocrx_word' id='word_1_229' title='bbox 169 4626 231 4679; x_wconf 82' lang='grc' dir='ltr'>ἐν</span> <span class='ocrx_word' id='word_1_230' title='bbox 266 4623 420 4696; x_wconf 78' lang='grc' dir='ltr'>πάσῃ</span> <span class='ocrx_word' id='word_1_231' title='bbox 465 4627 531 4694; x_wconf 81' lang='grc' dir='ltr'>τῇ</span> <span class='ocrx_word' id='word_1_232' title='bbox 564 4626 678 4696; x_wconf 77' lang='grc' dir='ltr'><strong>ζωῇ</strong></span> <span class='ocrx_word' id='word_1_233' title='bbox 712 4644 814 4695; x_wconf 88' lang='grc' dir='ltr'><strong>μου</strong></span> <span class='ocrx_word' id='word_1_234' title='bbox 859 4629 1184 4700; x_wconf 69' lang='grc' dir='ltr'>ἐλοιδόρησα</span> <span class='ocrx_word' id='word_1_235' title='bbox 1239 4630 1464 4701; x_wconf 83' lang='grc' dir='ltr'>Κύριον,</span> <span class='ocrx_word' id='word_1_236' title='bbox 1497 4633 1558 4687; x_wconf 75' lang='grc' dir='ltr'>οὐ</span> <span class='ocrx_word' id='word_1_237' title='bbox 1592 4633 1750 4703; x_wconf 74' lang='grc' dir='ltr'>λόγος</span> 
     </span>
    </p>
   </div>
   <div class='ocr_carea' id='block_1_37' title="bbox 167 4715 1747 4796">
    <p class='ocr_par' dir='ltr' id='par_1_37' title="bbox 167 4715 1747 4796">
     <span class='ocr_line' id='line_1_37' title="bbox 167 4715 1747 4796; baseline 0.005 -27"><span class='ocrx_word' id='word_1_238' title='bbox 167 4715 363 4786; x_wconf 76' lang='grc' dir='ltr'>ἄφρων</span> <span class='ocrx_word' id='word_1_239' title='bbox 389 4715 479 4768; x_wconf 80' lang='grc' dir='ltr'>διὰ</span> <span class='ocrx_word' id='word_1_240' title='bbox 509 4715 618 4768; x_wconf 82' lang='grc' dir='ltr'><strong>τῶν</strong></span> <span class='ocrx_word' id='word_1_241' title='bbox 649 4717 798 4787; x_wconf 78' lang='grc' dir='ltr'><strong>ὲμῶν</strong></span> <span class='ocrx_word' id='word_1_242' title='bbox 838 4719 1080 4790; x_wconf 80' lang='grc' dir='ltr'>προῆλθε</span> <span class='ocrx_word' id='word_1_243' title='bbox 1111 4721 1358 4792; x_wconf 86' lang='grc' dir='ltr'>χειλέων.</span> <span class='ocrx_word' id='word_1_244' title='bbox 1397 4723 1483 4775; x_wconf 80' lang='grc' dir='ltr'>Ἐν</span> <span class='ocrx_word' id='word_1_245' title='bbox 1510 4726 1660 4796; x_wconf 78' lang='grc' dir='ltr'>πάσῃ</span> <span class='ocrx_word' id='word_1_246' title='bbox 1681 4728 1747 4796; x_wconf 79' lang='grc' dir='ltr'>τῇ</span> 
     </span>
    </p>
   </div>
   <div class='ocr_carea' id='block_1_38' title="bbox 169 4804 1750 4880">
    <p class='ocr_par' dir='ltr' id='par_1_38' title="bbox 169 4804 1750 4880">
     <span class='ocr_line' id='line_1_38' title="bbox 169 4804 1750 4880; baseline 0.008 -22"><span class='ocrx_word' id='word_1_247' title='bbox 169 4804 286 4876; x_wconf 75' lang='grc' dir='ltr'>ζωῇ</span> <span class='ocrx_word' id='word_1_248' title='bbox 330 4822 430 4876; x_wconf 88' lang='grc' dir='ltr'><strong>μου</strong></span> <span class='ocrx_word' id='word_1_249' title='bbox 460 4808 862 4880; x_wconf 81' lang='grc' dir='ltr'>κατηρασάμην</span> <span class='ocrx_word' id='word_1_250' title='bbox 917 4811 1130 4876; x_wconf 73' lang='grc' dir='ltr'>οὐδένα,</span> <span class='ocrx_word' id='word_1_251' title='bbox 1186 4813 1416 4866; x_wconf 81' lang='grc' dir='ltr'>καθόλου</span> <span class='ocrx_word' id='word_1_252' title='bbox 1468 4832 1526 4867; x_wconf 84' lang='grc' dir='ltr'><strong>τε</strong></span> <span class='ocrx_word' id='word_1_253' title='bbox 1570 4817 1750 4871; x_wconf 73' lang='grc' dir='ltr'>οὐδενὶ</span> 
     </span>
    </p>
   </div>
   <div class='ocr_carea' id='block_1_39' title="bbox 167 4897 1748 4978">
    <p class='ocr_par' dir='ltr' id='par_1_39' title="bbox 167 4897 1748 4978">
     <span class='ocr_line' id='line_1_39' title="bbox 167 4897 1748 4978; baseline 0.009 -30"><span class='ocrx_word' id='word_1_254' title='bbox 167 4898 282 4950; x_wconf 74' lang='grc' dir='ltr'><strong>τῶν</strong></span> <span class='ocrx_word' id='word_1_255' title='bbox 313 4897 521 4950; x_wconf 85' lang='grc' dir='ltr'>πιστῶν</span> <span class='ocrx_word' id='word_1_256' title='bbox 550 4899 995 4974; x_wconf 79' lang='grc' dir='ltr'>διεμαχησάμην.</span> <span class='ocrx_word' id='word_1_257' title='bbox 1058 4903 1166 4958; x_wconf 83' lang='grc' dir='ltr'>Ἦν</span> <span class='ocrx_word' id='word_1_258' title='bbox 1200 4906 1257 4959; x_wconf 85' lang='grc' dir='ltr'>δὲ</span> <span class='ocrx_word' id='word_1_259' title='bbox 1287 4909 1381 4959; x_wconf 77' lang='grc' dir='ltr'><strong>καὶ</strong></span> <span class='ocrx_word' id='word_1_260' title='bbox 1419 4908 1480 4960; x_wconf 85' lang='grc' dir='ltr'>τὸ</span> <span class='ocrx_word' id='word_1_261' title='bbox 1513 4909 1748 4978; x_wconf 77' lang='grc' dir='ltr'>δάκρυον</span> 
     </span>
    </p>
   </div>
   <div class='ocr_carea' id='block_1_40' title="bbox 168 4989 1752 5070">
    <p class='ocr_par' dir='ltr' id='par_1_40' title="bbox 168 4989 1752 5070">
     <span class='ocr_line' id='line_1_40' title="bbox 168 4989 1752 5070; baseline 0.006 -26"><span class='ocrx_word' id='word_1_262' title='bbox 168 4989 464 5055; x_wconf 81' lang='grc' dir='ltr'>ἀπαύστως</span> <span class='ocrx_word' id='word_1_263' title='bbox 497 4991 646 5064; x_wconf 79' lang='grc' dir='ltr'>αὐτῷ</span> <span class='ocrx_word' id='word_1_264' title='bbox 670 4993 780 5046; x_wconf 88' lang='grc' dir='ltr'><strong>τῶν</strong></span> <span class='ocrx_word' id='word_1_265' title='bbox 801 4993 1099 5066; x_wconf 85' lang='grc' dir='ltr'>ὀφθαλμῶν</span> <span class='ocrx_word' id='word_1_266' title='bbox 1123 5000 1414 5070; x_wconf 76' lang='grc' dir='ltr'>άπορῤἑον,</span> <span class='ocrx_word' id='word_1_267' title='bbox 1450 5000 1522 5063; x_wconf 83' lang='grc' dir='ltr'>ὡς</span> <span class='ocrx_word' id='word_1_268' title='bbox 1554 5003 1752 5070; x_wconf 81' lang='grc' dir='ltr'>πρότε-</span> 
     </span>
    </p>
   </div>
   <div class='ocr_carea' id='block_1_41' title="bbox 171 5082 1747 5166">
    <p class='ocr_par' dir='ltr' id='par_1_41' title="bbox 171 5082 1747 5166">
     <span class='ocr_line' id='line_1_41' title="bbox 171 5082 1747 5166; baseline 0.008 -32"><span class='ocrx_word' id='word_1_269' title='bbox 171 5099 265 5155; x_wconf 83' lang='grc' dir='ltr'><strong>ρον</strong></span> <span class='ocrx_word' id='word_1_270' title='bbox 311 5082 410 5146; x_wconf 76' lang='grc' dir='ltr'><strong>τὰς</strong></span> <span class='ocrx_word' id='word_1_271' title='bbox 471 5084 734 5149; x_wconf 78' lang='grc' dir='ltr'>ἀεννάους</span> <span class='ocrx_word' id='word_1_272' title='bbox 795 5087 978 5156; x_wconf 80' lang='grc' dir='ltr'>πηγὰς</span> <span class='ocrx_word' id='word_1_273' title='bbox 1020 5090 1082 5140; x_wconf 78' lang='grc' dir='ltr'><strong>τὸ</strong></span> <span class='ocrx_word' id='word_1_274' title='bbox 1111 5091 1328 5161; x_wconf 73' lang='grc' dir='ltr'>ῥεῖθρον</span> <span class='ocrx_word' id='word_1_275' title='bbox 1382 5093 1747 5166; x_wconf 76' lang='grc' dir='ltr'>ἐπιλιπεῖν,ἢ</span> 
     </span>
    </p>
   </div>
   <div class='ocr_carea' id='block_1_42' title="bbox 169 5176 1750 5253">
    <p class='ocr_par' dir='ltr' id='par_1_42' title="bbox 169 5176 1750 5253">
     <span class='ocr_line' id='line_1_42' title="bbox 169 5176 1750 5253; baseline 0.006 -23"><span class='ocrx_word' id='word_1_276' title='bbox 169 5176 378 5230; x_wconf 71' lang='grc' dir='ltr'>ἐκεῖνον</span> <span class='ocrx_word' id='word_1_277' title='bbox 414 5176 626 5239; x_wconf 76' lang='grc' dir='ltr'>ύετίζον</span> <span class='ocrx_word' id='word_1_278' title='bbox 651 5178 710 5230; x_wconf 75' lang='grc' dir='ltr'>τὸ</span> <span class='ocrx_word' id='word_1_279' title='bbox 738 5178 1004 5249; x_wconf 79' lang='grc' dir='ltr'>δάκρυον.</span> <span class='ocrx_word' id='word_1_280' title='bbox 1045 5181 1533 5253; x_wconf 67' lang='grc' dir='ltr'>Συνανεπέμποντο</span> <span class='ocrx_word' id='word_1_281' title='bbox 1562 5186 1618 5238; x_wconf 77' lang='grc' dir='ltr'>δὲ</span> <span class='ocrx_word' id='word_1_282' title='bbox 1635 5191 1750 5251; x_wconf 87' lang='grc' dir='ltr'>τοῖς</span> 
     </span>
    </p>
   </div>
   <div class='ocr_carea' id='block_1_43' title="bbox 165 5266 1747 5350">
    <p class='ocr_par' dir='ltr' id='par_1_43' title="bbox 165 5266 1747 5350">
     <span class='ocr_line' id='line_1_43' title="bbox 165 5266 1747 5350; baseline 0.007 -28"><span class='ocrx_word' id='word_1_283' title='bbox 165 5266 403 5340; x_wconf 85' lang='grc' dir='ltr'>δάκρυσι</span> <span class='ocrx_word' id='word_1_284' title='bbox 457 5269 551 5322; x_wconf 74' lang='grc' dir='ltr'><strong>καὶ</strong></span> <span class='ocrx_word' id='word_1_285' title='bbox 617 5269 663 5322; x_wconf 75' lang='grc' dir='ltr'>οἱ</span> <span class='ocrx_word' id='word_1_286' title='bbox 720 5275 1042 5344; x_wconf 69' lang='grc' dir='ltr'>στεναγμοὶ,</span> <span class='ocrx_word' id='word_1_287' title='bbox 1074 5275 1134 5328; x_wconf 86' lang='grc' dir='ltr'>τὸ</span> <span class='ocrx_word' id='word_1_288' title='bbox 1164 5276 1312 5329; x_wconf 79' lang='grc' dir='ltr'>ἔνδον</span> <span class='ocrx_word' id='word_1_289' title='bbox 1346 5279 1747 5350; x_wconf 82' lang='grc' dir='ltr'>ύποκαιόμενον</span> 
     </span>
    </p>
   </div>
   <div class='ocr_carea' id='block_1_44' title="bbox 167 5361 1750 5444">
    <p class='ocr_par' dir='ltr' id='par_1_44' title="bbox 167 5361 1750 5444">
     <span class='ocr_line' id='line_1_44' title="bbox 167 5361 1750 5444; baseline 0.008 -31"><span class='ocrx_word' id='word_1_290' title='bbox 167 5361 270 5430; x_wconf 74' lang='grc' dir='ltr'>τῆς</span> <span class='ocrx_word' id='word_1_291' title='bbox 293 5361 643 5428; x_wconf 80' lang='grc' dir='ltr'>κατανύξεως</span> <span class='ocrx_word' id='word_1_292' title='bbox 676 5366 1036 5437; x_wconf 77' lang='grc' dir='ltr'>ἐμφαίνοντες</span> <span class='ocrx_word' id='word_1_293' title='bbox 1071 5367 1184 5440; x_wconf 86' lang='grc' dir='ltr'><strong>πῦρ</strong></span> <span class='ocrx_word' id='word_1_294' title='bbox 1205 5387 1219 5400; x_wconf 88' lang='grc'><strong>·</strong></span> <span class='ocrx_word' id='word_1_295' title='bbox 1247 5371 1386 5440; x_wconf 84' lang='grc' dir='ltr'>ὅπερ</span> <span class='ocrx_word' id='word_1_296' title='bbox 1414 5374 1750 5444; x_wconf 75' lang='grc' dir='ltr'>σαφέστερον</span> 
     </span>
    </p>
   </div>
   <div class='ocr_carea' id='block_1_45' title="bbox 167 5453 1795 5536">
    <p class='ocr_par' dir='ltr' id='par_1_45' title="bbox 167 5453 1795 5536">
     <span class='ocr_line' id='line_1_45' title="bbox 167 5453 1795 5536; baseline 0.009 -32"><span class='ocrx_word' id='word_1_297' title='bbox 167 5453 372 5506; x_wconf 81' lang='grc' dir='ltr'>είσεταί</span> <span class='ocrx_word' id='word_1_298' title='bbox 423 5471 510 5519; x_wconf 84' lang='grc' dir='ltr'><strong>τις</strong></span> <span class='ocrx_word' id='word_1_299' title='bbox 564 5457 676 5520; x_wconf 80' lang='grc' dir='ltr'>τοῖς</span> <span class='ocrx_word' id='word_1_300' title='bbox 732 5457 945 5512; x_wconf 76' lang='grc' dir='ltr'>ἐκείνου</span> <span class='ocrx_word' id='word_1_301' title='bbox 1002 5461 1434 5532; x_wconf 81' lang='grc' dir='ltr'>συγγράμμασιν</span> <span class='ocrx_word' id='word_1_302' title='bbox 1481 5465 1746 5536; x_wconf 78' lang='grc' dir='ltr'>ἐντυχὼν.</span> <span class='ocrx_word' id='word_1_303' title='bbox 1793 5481 1795 5483; x_wconf 81' lang='lat'>‘</span> 
     </span>
    </p>
   </div>
   <div class='ocr_carea' id='block_1_46' title="bbox 171 5541 1749 5630">
    <p class='ocr_par' dir='ltr' id='par_1_46' title="bbox 171 5541 1749 5630">
     <span class='ocr_line' id='line_1_46' title="bbox 171 5541 1749 5630; baseline 0.011 -34"><span class='ocrx_word' id='word_1_304' title='bbox 171 5541 410 5618; x_wconf 77' lang='grc' dir='ltr'>Εύρὴσει</span> <span class='ocrx_word' id='word_1_305' title='bbox 429 5547 539 5618; x_wconf 78' lang='grc' dir='ltr'>γὰρ</span> <span class='ocrx_word' id='word_1_306' title='bbox 558 5549 721 5606; x_wconf 75' lang='grc' dir='ltr'>αὑτὸν</span> <span class='ocrx_word' id='word_1_307' title='bbox 751 5552 882 5624; x_wconf 72' lang='grc' dir='ltr'>περὶ</span> <span class='ocrx_word' id='word_1_308' title='bbox 909 5552 1146 5623; x_wconf 84' lang='grc' dir='ltr'>κρίσεως</span> <span class='ocrx_word' id='word_1_309' title='bbox 1179 5555 1454 5627; x_wconf 84' lang='grc' dir='ltr'>πανταχοῦ</span> <span class='ocrx_word' id='word_1_310' title='bbox 1488 5559 1581 5612; x_wconf 74' lang='grc' dir='ltr'><strong>καὶ</strong></span> <span class='ocrx_word' id='word_1_311' title='bbox 1605 5576 1749 5630; x_wconf 70' lang='grc' dir='ltr'>παρ-</span> 
     </span>
    </p>
   </div>
   <div class='ocr_carea' id='block_1_47' title="bbox 242 5703 821 5797">
    <p class='ocr_par' dir='ltr' id='par_1_47' title="bbox 242 5703 821 5797">
     <span class='ocr_line' id='line_1_47' title="bbox 242 5703 821 5797; baseline 0.014 -20"><span class='ocrx_word' id='word_1_312' title='bbox 242 5720 262 5754; x_wconf 82' lang='grc'>⁸</span> <span class='ocrx_word' id='word_1_313' title='bbox 297 5703 440 5780; x_wconf 82' lang='lat' dir='ltr'><strong>Psal.</strong></span> <span class='ocrx_word' id='word_1_314' title='bbox 467 5740 657 5797; x_wconf 82' lang='lat' dir='ltr'><strong>cxvnl,</strong></span> <span class='ocrx_word' id='word_1_315' title='bbox 692 5727 821 5785; x_wconf 77' lang='grc'><strong>105.</strong></span> 
     </span>
    </p>
   </div>
   <div class='ocr_carea' id='block_1_48' title="bbox 1861 2325 3441 2394">
    <p class='ocr_par' dir='ltr' id='par_1_48' title="bbox 1861 2325 3441 2394">
     <span class='ocr_line' id='line_1_48' title="bbox 1861 2325 3441 2394; baseline 0.004 -14"><span class='ocrx_word' id='word_1_316' title='bbox 1861 2335 2043 2380; x_wconf 91' lang='lat' dir='ltr'><strong>ortum</strong></span> <span class='ocrx_word' id='word_1_317' title='bbox 2072 2326 2248 2382; x_wconf 80' lang='lat' dir='ltr'><strong>duxit.</strong></span> <span class='ocrx_word' id='word_1_318' title='bbox 2276 2325 2413 2381; x_wconf 86' lang='lat' dir='ltr'><strong>Cum</strong></span> <span class='ocrx_word' id='word_1_319' title='bbox 2457 2336 2641 2382; x_wconf 88' lang='lat' dir='ltr'><strong>autem</strong></span> <span class='ocrx_word' id='word_1_320' title='bbox 2679 2328 2936 2394; x_wconf 70' lang='lat' dir='ltr'><strong>elegisset</strong></span> <span class='ocrx_word' id='word_1_321' title='bbox 2960 2329 3218 2385; x_wconf 73' lang='lat' dir='ltr'><strong>virtutem</strong></span> <span class='ocrx_word' id='word_1_322' title='bbox 3251 2331 3322 2385; x_wconf 88' lang='lat' dir='ltr'><strong>ab</strong></span> <span class='ocrx_word' id='word_1_323' title='bbox 3352 2331 3441 2385; x_wconf 88' lang='lat' dir='ltr'><strong>in-</strong></span> 
     </span>
    </p>
   </div>
   <div class='ocr_carea' id='block_1_49' title="bbox 1860 2417 3447 2490">
    <p class='ocr_par' dir='ltr' id='par_1_49' title="bbox 1860 2417 3447 2490">
     <span class='ocr_line' id='line_1_49' title="bbox 1860 2417 3447 2490; baseline 0.006 -20"><span class='ocrx_word' id='word_1_324' title='bbox 1860 2417 2054 2481; x_wconf 83' lang='lat' dir='ltr'><strong>fantia,</strong></span> <span class='ocrx_word' id='word_1_325' title='bbox 2094 2418 2284 2472; x_wconf 77' lang='lat' dir='ltr'><strong>noxias</strong></span> <span class='ocrx_word' id='word_1_326' title='bbox 2318 2434 2382 2472; x_wconf 88' lang='lat' dir='ltr'><strong>ac</strong></span> <span class='ocrx_word' id='word_1_327' title='bbox 2416 2419 2708 2474; x_wconf 83' lang='lat' dir='ltr'><strong>damnosas</strong></span> <span class='ocrx_word' id='word_1_328' title='bbox 2741 2421 3033 2490; x_wconf 64' lang='lat' dir='ltr'><strong>aequalium</strong></span> <span class='ocrx_word' id='word_1_329' title='bbox 3087 2423 3447 2479; x_wconf 76' lang='lat' dir='ltr'><strong>consuetudi-</strong></span> 
     </span>
    </p>
   </div>
   <div class='ocr_carea' id='block_1_50' title="bbox 1861 2510 3438 2582">
    <p class='ocr_par' dir='ltr' id='par_1_50' title="bbox 1861 2510 3438 2582">
     <span class='ocr_line' id='line_1_50' title="bbox 1861 2510 3438 2582; baseline 0.004 -18"><span class='ocrx_word' id='word_1_330' title='bbox 1861 2525 1959 2566; x_wconf 86' lang='lat' dir='ltr'><strong>nes</strong></span> <span class='ocrx_word' id='word_1_331' title='bbox 1983 2510 2680 2578; x_wconf 84' lang='lat' dir='ltr'><strong>scmperstudebatcavere</strong></span> <span class='ocrx_word' id='word_1_332' title='bbox 2701 2520 2866 2582; x_wconf 83' lang='lat' dir='ltr'><strong>alque</strong></span> <span class='ocrx_word' id='word_1_333' title='bbox 2891 2513 3084 2567; x_wconf 87' lang='lat' dir='ltr'><strong>vitare.</strong></span> <span class='ocrx_word' id='word_1_334' title='bbox 3108 2514 3438 2570; x_wconf 75' lang='lat' dir='ltr'><strong>Versabatur</strong></span> 
     </span>
    </p>
   </div>
   <div class='ocr_carea' id='block_1_51' title="bbox 1861 2603 3441 2675">
    <p class='ocr_par' dir='ltr' id='par_1_51' title="bbox 1861 2603 3441 2675">
     <span class='ocr_line' id='line_1_51' title="bbox 1861 2603 3441 2675; baseline 0.004 -21"><span class='ocrx_word' id='word_1_335' title='bbox 1861 2617 1996 2657; x_wconf 88' lang='lat' dir='ltr'><strong>vero</strong></span> <span class='ocrx_word' id='word_1_336' title='bbox 2027 2603 2250 2657; x_wconf 80' lang='lat' dir='ltr'><strong>assidue</strong></span> <span class='ocrx_word' id='word_1_337' title='bbox 2300 2605 2487 2673; x_wconf 86' lang='lat' dir='ltr'><strong>potius</strong></span> <span class='ocrx_word' id='word_1_338' title='bbox 2522 2603 2577 2656; x_wconf 92' lang='lat' dir='ltr'><strong>in</strong></span> <span class='ocrx_word' id='word_1_339' title='bbox 2609 2603 2783 2657; x_wconf 91' lang='lat' dir='ltr'><strong>sacris</strong></span> <span class='ocrx_word' id='word_1_340' title='bbox 2808 2603 2968 2657; x_wconf 78' lang='lat' dir='ltr'><strong>libris</strong></span> <span class='ocrx_word' id='word_1_341' title='bbox 3007 2603 3441 2675; x_wconf 84' lang='lat' dir='ltr'><strong>Scripturarum,</strong></span> 
     </span>
    </p>
   </div>
   <div class='ocr_carea' id='block_1_52' title="bbox 1859 2693 3443 2763">
    <p class='ocr_par' dir='ltr' id='par_1_52' title="bbox 1859 2693 3443 2763">
     <span class='ocr_line' id='line_1_52' title="bbox 1859 2693 3443 2763; baseline 0.002 -14"><span class='ocrx_word' id='word_1_342' title='bbox 1859 2705 1917 2749; x_wconf 90' lang='lat' dir='ltr'><strong>et</strong></span> <span class='ocrx_word' id='word_1_343' title='bbox 1949 2694 2000 2749; x_wconf 91' lang='lat' dir='ltr'><strong>id</strong></span> <span class='ocrx_word' id='word_1_344' title='bbox 2039 2696 2182 2763; x_wconf 88' lang='lat' dir='ltr'><strong>quod</strong></span> <span class='ocrx_word' id='word_1_345' title='bbox 2224 2695 2278 2748; x_wconf 92' lang='lat' dir='ltr'><strong>in</strong></span> <span class='ocrx_word' id='word_1_346' title='bbox 2324 2709 2420 2750; x_wconf 87' lang='lat' dir='ltr'><strong>eas</strong></span> <span class='ocrx_word' id='word_1_347' title='bbox 2473 2693 2816 2760; x_wconf 81' lang='lat' dir='ltr'><strong>conferebat,</strong></span> <span class='ocrx_word' id='word_1_348' title='bbox 2861 2696 3134 2761; x_wconf 89' lang='lat' dir='ltr'><strong>studium,</strong></span> <span class='ocrx_word' id='word_1_349' title='bbox 3177 2698 3351 2750; x_wconf 90' lang='lat' dir='ltr'><strong>otium</strong></span> <span class='ocrx_word' id='word_1_350' title='bbox 3385 2709 3443 2752; x_wconf 85' lang='lat' dir='ltr'><strong>et</strong></span> 
     </span>
    </p>
   </div>
   <div class='ocr_carea' id='block_1_53' title="bbox 1858 2786 3438 2856">
    <p class='ocr_par' dir='ltr' id='par_1_53' title="bbox 1858 2786 3438 2856">
     <span class='ocr_line' id='line_1_53' title="bbox 1858 2786 3438 2856; baseline 0.001 -16"><span class='ocrx_word' id='word_1_351' title='bbox 1858 2786 2143 2841; x_wconf 84' lang='lat' dir='ltr'><strong>meditatio</strong></span> <span class='ocrx_word' id='word_1_352' title='bbox 2176 2797 2296 2841; x_wconf 90' lang='lat' dir='ltr'><strong>erat</strong></span> <span class='ocrx_word' id='word_1_353' title='bbox 2323 2786 2574 2856; x_wconf 74' lang='lat' dir='ltr'><strong>Ephra-nt</strong></span> <span class='ocrx_word' id='word_1_354' title='bbox 2609 2787 2806 2856; x_wconf 86' lang='lat' dir='ltr'><strong>quavis</strong></span> <span class='ocrx_word' id='word_1_355' title='bbox 2843 2787 3130 2856; x_wconf 83' lang='lat' dir='ltr'><strong>voluptate</strong></span> <span class='ocrx_word' id='word_1_356' title='bbox 3175 2789 3438 2854; x_wconf 80' lang='lat' dir='ltr'><strong>suavior;</strong></span> 
     </span>
    </p>
   </div>
   <div class='ocr_carea' id='block_1_54' title="bbox 1860 2881 3441 2951">
    <p class='ocr_par' dir='ltr' id='par_1_54' title="bbox 1860 2881 3441 2951">
     <span class='ocr_line' id='line_1_54' title="bbox 1860 2881 3441 2951; baseline 0.001 -17"><span class='ocrx_word' id='word_1_357' title='bbox 1860 2881 2135 2950; x_wconf 78' lang='lat' dir='ltr'><strong>adeoque,</strong></span> <span class='ocrx_word' id='word_1_358' title='bbox 2176 2889 2236 2936; x_wconf 88' lang='lat' dir='ltr'><strong>ut</strong></span> <span class='ocrx_word' id='word_1_359' title='bbox 2282 2881 2399 2948; x_wconf 60' lang='lat' dir='ltr'><strong>ipse</strong></span> <span class='ocrx_word' id='word_1_360' title='bbox 2439 2897 2659 2951; x_wconf 86' lang='lat' dir='ltr'><strong>quoque</strong></span> <span class='ocrx_word' id='word_1_361' title='bbox 2689 2881 2900 2935; x_wconf 88' lang='lat' dir='ltr'><strong>diceret</strong></span> <span class='ocrx_word' id='word_1_362' title='bbox 2942 2882 3340 2936; x_wconf 80' lang='lat' dir='ltr'><strong>convenienter</strong></span> <span class='ocrx_word' id='word_1_363' title='bbox 3376 2882 3441 2936; x_wconf 88' lang='lat' dir='ltr'><strong>il-</strong></span> 
     </span>
    </p>
   </div>
   <div class='ocr_carea' id='block_1_55' title="bbox 1858 2974 3442 3046">
    <p class='ocr_par' dir='ltr' id='par_1_55' title="bbox 1858 2974 3442 3046">
     <span class='ocr_line' id='line_1_55' title="bbox 1858 2974 3442 3046; baseline 0 -18"><span class='ocrx_word' id='word_1_364' title='bbox 1858 2975 1948 3028; x_wconf 86' lang='lat' dir='ltr'><strong>lud</strong></span> <span class='ocrx_word' id='word_1_365' title='bbox 1977 2975 2299 3045; x_wconf 67' lang='lat' dir='ltr'><strong>Propheta&#39;:</strong></span> <span class='ocrx_word' id='word_1_366' title='bbox 2334 2974 2506 3040; x_wconf 83' lang='lat' dir='ltr'><strong>Quam</strong></span> <span class='ocrx_word' id='word_1_367' title='bbox 2541 2975 2720 3029; x_wconf 78' lang='lat' dir='ltr'><strong>dulcia</strong></span> <span class='ocrx_word' id='word_1_368' title='bbox 2752 2983 2876 3028; x_wconf 77' lang='lat' dir='ltr'><strong>sunt</strong></span> <span class='ocrx_word' id='word_1_369' title='bbox 2923 2976 3126 3046; x_wconf 79' lang='lat' dir='ltr'><strong>gutturi</strong></span> <span class='ocrx_word' id='word_1_370' title='bbox 3185 2991 3298 3028; x_wconf 88' lang='lat' dir='ltr'><strong>meo</strong></span> <span class='ocrx_word' id='word_1_371' title='bbox 3332 2975 3442 3028; x_wconf 78' lang='lat' dir='ltr'><strong>elo-</strong></span> 
     </span>
    </p>
   </div>
   <div class='ocr_carea' id='block_1_56' title="bbox 1855 3065 2800 3137">
    <p class='ocr_par' dir='ltr' id='par_1_56' title="bbox 1855 3065 2800 3137">
     <span class='ocr_line' id='line_1_56' title="bbox 1855 3065 2800 3137; baseline 0.004 -19"><span class='ocrx_word' id='word_1_372' title='bbox 1855 3067 1980 3136; x_wconf 84' lang='lat' dir='ltr'><strong>quia</strong></span> <span class='ocrx_word' id='word_1_373' title='bbox 2013 3068 2140 3120; x_wconf 88' lang='lat' dir='ltr'><strong>tua!</strong></span> <span class='ocrx_word' id='word_1_374' title='bbox 2177 3065 2346 3137; x_wconf 83' lang='lat' dir='ltr'><strong>Super</strong></span> <span class='ocrx_word' id='word_1_375' title='bbox 2389 3069 2490 3120; x_wconf 73' lang='lat' dir='ltr'><strong>me!</strong></span> <span class='ocrx_word' id='word_1_376' title='bbox 2523 3069 2602 3122; x_wconf 80' lang='lat' dir='ltr'><strong>ori</strong></span> <span class='ocrx_word' id='word_1_377' title='bbox 2628 3067 2800 3122; x_wconf 84' lang='lat' dir='ltr'><strong>meo‘.</strong></span> 
     </span>
    </p>
   </div>
   <div class='ocr_carea' id='block_1_57' title="bbox 1926 3157 3437 3220">
    <p class='ocr_par' dir='ltr' id='par_1_57' title="bbox 1926 3157 3437 3220">
     <span class='ocr_line' id='line_1_57' title="bbox 1926 3157 3437 3220; baseline 0.002 -9"><span class='ocrx_word' id='word_1_378' title='bbox 1926 3157 1992 3212; x_wconf 91' lang='lat' dir='ltr'><strong>ll.</strong></span> <span class='ocrx_word' id='word_1_379' title='bbox 2018 3158 2155 3213; x_wconf 90' lang='lat' dir='ltr'><strong>llinc</strong></span> <span class='ocrx_word' id='word_1_380' title='bbox 2195 3168 2380 3212; x_wconf 88' lang='lat' dir='ltr'><strong>autem</strong></span> <span class='ocrx_word' id='word_1_381' title='bbox 2407 3157 2610 3213; x_wconf 83' lang='lat' dir='ltr'><strong>factum</strong></span> <span class='ocrx_word' id='word_1_382' title='bbox 2631 3168 2812 3220; x_wconf 85' lang='lat' dir='ltr'><strong>est.itt</strong></span> <span class='ocrx_word' id='word_1_383' title='bbox 2845 3158 2914 3213; x_wconf 88' lang='lat' dir='ltr'><strong>ab</strong></span> <span class='ocrx_word' id='word_1_384' title='bbox 2945 3158 3169 3214; x_wconf 84' lang='lat' dir='ltr'><strong>ineunte</strong></span> <span class='ocrx_word' id='word_1_385' title='bbox 3197 3169 3355 3214; x_wconf 63' lang='lat' dir='ltr'><strong>artato</strong></span> <span class='ocrx_word' id='word_1_386' title='bbox 3385 3159 3437 3214; x_wconf 87' lang='lat' dir='ltr'><strong>ci</strong></span> 
     </span>
    </p>
   </div>
   <div class='ocr_carea' id='block_1_58' title="bbox 1855 3252 3440 3325">
    <p class='ocr_par' dir='ltr' id='par_1_58' title="bbox 1855 3252 3440 3325">
     <span class='ocr_line' id='line_1_58' title="bbox 1855 3252 3440 3325; baseline 0.004 -22"><span class='ocrx_word' id='word_1_387' title='bbox 1855 3252 2032 3305; x_wconf 89' lang='lat' dir='ltr'><strong>virtus</strong></span> <span class='ocrx_word' id='word_1_388' title='bbox 2065 3252 2244 3306; x_wconf 81' lang='lat' dir='ltr'><strong>oninis</strong></span> <span class='ocrx_word' id='word_1_389' title='bbox 2268 3252 2624 3317; x_wconf 86' lang='lat' dir='ltr'><strong>coalesceret,</strong></span> <span class='ocrx_word' id='word_1_390' title='bbox 2657 3268 2721 3308; x_wconf 93' lang='lat' dir='ltr'><strong>ac</strong></span> <span class='ocrx_word' id='word_1_391' title='bbox 2752 3254 2992 3325; x_wconf 76' lang='lat' dir='ltr'><strong>diligens</strong></span> <span class='ocrx_word' id='word_1_392' title='bbox 3018 3255 3264 3310; x_wconf 84' lang='lat' dir='ltr'><strong>studium</strong></span> <span class='ocrx_word' id='word_1_393' title='bbox 3296 3256 3440 3309; x_wconf 85' lang='lat' dir='ltr'><strong>tole-</strong></span> 
     </span>
    </p>
   </div>
   <div class='ocr_carea' id='block_1_59' title="bbox 1858 3342 3438 3410">
    <p class='ocr_par' dir='ltr' id='par_1_59' title="bbox 1858 3342 3438 3410">
     <span class='ocr_line' id='line_1_59' title="bbox 1858 3342 3438 3410; baseline 0.003 -15"><span class='ocrx_word' id='word_1_394' title='bbox 1858 3342 2158 3396; x_wconf 90' lang='lat' dir='ltr'><strong>randorum</strong></span> <span class='ocrx_word' id='word_1_395' title='bbox 2184 3343 2466 3399; x_wconf 86' lang='lat' dir='ltr'><strong>laborum.</strong></span> <span class='ocrx_word' id='word_1_396' title='bbox 2499 3344 2640 3410; x_wconf 90' lang='lat' dir='ltr'><strong>Quid</strong></span> <span class='ocrx_word' id='word_1_397' title='bbox 2681 3347 2831 3400; x_wconf 89' lang='lat' dir='ltr'><strong>enim</strong></span> <span class='ocrx_word' id='word_1_398' title='bbox 2858 3362 2969 3400; x_wconf 92' lang='lat' dir='ltr'><strong>non</strong></span> <span class='ocrx_word' id='word_1_399' title='bbox 3002 3347 3070 3400; x_wconf 85' lang='lat' dir='ltr'><strong>ah</strong></span> <span class='ocrx_word' id='word_1_400' title='bbox 3096 3362 3164 3400; x_wconf 89' lang='lat' dir='ltr'><strong>eo</strong></span> <span class='ocrx_word' id='word_1_401' title='bbox 3209 3355 3357 3399; x_wconf 86' lang='lat' dir='ltr'><strong>recte</strong></span> <span class='ocrx_word' id='word_1_402' title='bbox 3383 3356 3438 3400; x_wconf 88' lang='lat' dir='ltr'><strong>et</strong></span> 
     </span>
    </p>
   </div>
   <div class='ocr_carea' id='block_1_60' title="bbox 1855 3433 3439 3508">
    <p class='ocr_par' dir='ltr' id='par_1_60' title="bbox 1855 3433 3439 3508">
     <span class='ocr_line' id='line_1_60' title="bbox 1855 3433 3439 3508; baseline 0.001 -21"><span class='ocrx_word' id='word_1_403' title='bbox 1855 3433 2100 3502; x_wconf 81' lang='lat' dir='ltr'><strong>perfecte</strong></span> <span class='ocrx_word' id='word_1_404' title='bbox 2151 3445 2366 3504; x_wconf 80' lang='lat' dir='ltr'><strong>gestum</strong></span> <span class='ocrx_word' id='word_1_405' title='bbox 2410 3436 2667 3490; x_wconf 87' lang='lat' dir='ltr'><strong>est?non</strong></span> <span class='ocrx_word' id='word_1_406' title='bbox 2697 3437 3005 3508; x_wconf 85' lang='lat' dir='ltr'><strong>jejunium?</strong></span> <span class='ocrx_word' id='word_1_407' title='bbox 3050 3451 3160 3490; x_wconf 93' lang='lat' dir='ltr'><strong>non</strong></span> <span class='ocrx_word' id='word_1_408' title='bbox 3207 3437 3439 3505; x_wconf 75' lang='lat' dir='ltr'><strong>vigili:t-?</strong></span> 
     </span>
    </p>
   </div>
   <div class='ocr_carea' id='block_1_61' title="bbox 1857 3524 3437 3596">
    <p class='ocr_par' dir='ltr' id='par_1_61' title="bbox 1857 3524 3437 3596">
     <span class='ocr_line' id='line_1_61' title="bbox 1857 3524 3437 3596; baseline 0 -20"><span class='ocrx_word' id='word_1_409' title='bbox 1857 3539 1968 3576; x_wconf 92' lang='lat' dir='ltr'><strong>non</strong></span> <span class='ocrx_word' id='word_1_410' title='bbox 2019 3524 2440 3580; x_wconf 87' lang='lat' dir='ltr'><strong>humicubatio?</strong></span> <span class='ocrx_word' id='word_1_411' title='bbox 2472 3541 2580 3580; x_wconf 92' lang='lat' dir='ltr'><strong>non</strong></span> <span class='ocrx_word' id='word_1_412' title='bbox 2631 3525 3124 3596; x_wconf 81' lang='lat' dir='ltr'><strong>benignitas?non</strong></span> <span class='ocrx_word' id='word_1_413' title='bbox 3177 3525 3437 3578; x_wconf 86' lang='lat' dir='ltr'><strong>lenitas?</strong></span> 
     </span>
    </p>
   </div>
   <div class='ocr_carea' id='block_1_62' title="bbox 1853 3616 3437 3690">
    <p class='ocr_par' dir='ltr' id='par_1_62' title="bbox 1853 3616 3437 3690">
     <span class='ocr_line' id='line_1_62' title="bbox 1853 3616 3437 3690; baseline -0.001 -21"><span class='ocrx_word' id='word_1_414' title='bbox 1853 3631 1962 3670; x_wconf 92' lang='lat' dir='ltr'><strong>non</strong></span> <span class='ocrx_word' id='word_1_415' title='bbox 1996 3617 2133 3670; x_wconf 88' lang='lat' dir='ltr'><strong>nihil</strong></span> <span class='ocrx_word' id='word_1_416' title='bbox 2172 3617 2506 3686; x_wconf 86' lang='lat' dir='ltr'><strong>possidere?</strong></span> <span class='ocrx_word' id='word_1_417' title='bbox 2539 3616 2657 3672; x_wconf 85' lang='lat' dir='ltr'><strong>Non</strong></span> <span class='ocrx_word' id='word_1_418' title='bbox 2697 3617 2754 3672; x_wconf 88' lang='lat' dir='ltr'><strong>in</strong></span> <span class='ocrx_word' id='word_1_419' title='bbox 2801 3617 2968 3672; x_wconf 87' lang='lat' dir='ltr'><strong>tantis</strong></span> <span class='ocrx_word' id='word_1_420' title='bbox 2995 3617 3264 3690; x_wconf 76' lang='lat' dir='ltr'><strong>bonorum</strong></span> <span class='ocrx_word' id='word_1_421' title='bbox 3321 3616 3437 3684; x_wconf 89' lang='lat' dir='ltr'><strong>opi-</strong></span> 
     </span>
    </p>
   </div>
   <div class='ocr_carea' id='block_1_63' title="bbox 1852 3709 3439 3781">
    <p class='ocr_par' dir='ltr' id='par_1_63' title="bbox 1852 3709 3439 3781">
     <span class='ocr_line' id='line_1_63' title="bbox 1852 3709 3439 3781; baseline -0.001 -17"><span class='ocrx_word' id='word_1_422' title='bbox 1852 3710 1978 3779; x_wconf 91' lang='lat' dir='ltr'><strong>bus,</strong></span> <span class='ocrx_word' id='word_1_423' title='bbox 2012 3711 2178 3766; x_wconf 89' lang='lat' dir='ltr'><strong>etiam</strong></span> <span class='ocrx_word' id='word_1_424' title='bbox 2224 3711 2543 3765; x_wconf 84' lang='lat' dir='ltr'><strong>humilitas?</strong></span> <span class='ocrx_word' id='word_1_425' title='bbox 2576 3712 2644 3766; x_wconf 78' lang='lat' dir='ltr'><strong>At</strong></span> <span class='ocrx_word' id='word_1_426' title='bbox 2691 3726 2871 3781; x_wconf 88' lang='lat' dir='ltr'><strong>neque</strong></span> <span class='ocrx_word' id='word_1_427' title='bbox 2925 3709 3159 3765; x_wconf 74' lang='lat' dir='ltr'><strong>docenji</strong></span> <span class='ocrx_word' id='word_1_428' title='bbox 3201 3709 3302 3763; x_wconf 79' lang='lat' dir='ltr'><strong>fuit</strong></span> <span class='ocrx_word' id='word_1_429' title='bbox 3345 3725 3439 3763; x_wconf 66' lang='lat' dir='ltr'><strong>ex-</strong></span> 
     </span>
    </p>
   </div>
   <div class='ocr_carea' id='block_1_64' title="bbox 1853 3799 3436 3872">
    <p class='ocr_par' dir='ltr' id='par_1_64' title="bbox 1853 3799 3436 3872">
     <span class='ocr_line' id='line_1_64' title="bbox 1853 3799 3436 3872; baseline -0.003 -16"><span class='ocrx_word' id='word_1_430' title='bbox 1853 3817 1980 3872; x_wconf 89' lang='lat' dir='ltr'><strong>pers</strong></span> <span class='ocrx_word' id='word_1_431' title='bbox 2031 3801 2381 3857; x_wconf 85' lang='lat' dir='ltr'><strong>eharismatis</strong></span> <span class='ocrx_word' id='word_1_432' title='bbox 2411 3821 2425 3858; x_wconf 90' lang='lat'><strong>:</strong></span> <span class='ocrx_word' id='word_1_433' title='bbox 2456 3802 2551 3858; x_wconf 85' lang='lat' dir='ltr'><strong>sed</strong></span> <span class='ocrx_word' id='word_1_434' title='bbox 2610 3805 2665 3856; x_wconf 92' lang='lat' dir='ltr'><strong>in</strong></span> <span class='ocrx_word' id='word_1_435' title='bbox 2716 3801 3048 3857; x_wconf 89' lang='lat' dir='ltr'><strong>hodiernum</strong></span> <span class='ocrx_word' id='word_1_436' title='bbox 3075 3815 3250 3870; x_wconf 86' lang='lat' dir='ltr'><strong>usque</strong></span> <span class='ocrx_word' id='word_1_437' title='bbox 3289 3799 3436 3854; x_wconf 84' lang='lat' dir='ltr'><strong>diem</strong></span> 
     </span>
    </p>
   </div>
   <div class='ocr_carea' id='block_1_65' title="bbox 1851 3892 3434 3965">
    <p class='ocr_par' dir='ltr' id='par_1_65' title="bbox 1851 3892 3434 3965">
     <span class='ocr_line' id='line_1_65' title="bbox 1851 3892 3434 3965; baseline -0.003 -17"><span class='ocrx_word' id='word_1_438' title='bbox 1851 3893 2138 3948; x_wconf 90' lang='lat' dir='ltr'><strong>nobiscum</strong></span> <span class='ocrx_word' id='word_1_439' title='bbox 2185 3895 2432 3965; x_wconf 86' lang='lat' dir='ltr'><strong>loquitur</strong></span> <span class='ocrx_word' id='word_1_440' title='bbox 2487 3910 2586 3964; x_wconf 90' lang='lat' dir='ltr'><strong>per</strong></span> <span class='ocrx_word' id='word_1_441' title='bbox 2631 3909 2761 3948; x_wconf 87' lang='lat' dir='ltr'><strong>snas</strong></span> <span class='ocrx_word' id='word_1_442' title='bbox 2800 3894 3099 3957; x_wconf 87' lang='lat' dir='ltr'><strong>orationes,</strong></span> <span class='ocrx_word' id='word_1_443' title='bbox 3154 3892 3434 3956; x_wconf 87' lang='lat' dir='ltr'><strong>admonet,</strong></span> 
     </span>
    </p>
   </div>
   <div class='ocr_carea' id='block_1_66' title="bbox 1851 3984 3441 4054">
    <p class='ocr_par' dir='ltr' id='par_1_66' title="bbox 1851 3984 3441 4054">
     <span class='ocr_line' id='line_1_66' title="bbox 1851 3984 3441 4054; baseline -0.003 -12"><span class='ocrx_word' id='word_1_444' title='bbox 1851 3987 2204 4048; x_wconf 86' lang='lat' dir='ltr'><strong>adhortatur.</strong></span> <span class='ocrx_word' id='word_1_445' title='bbox 2252 3987 2493 4042; x_wconf 87' lang='lat' dir='ltr'><strong>consulit</strong></span> <span class='ocrx_word' id='word_1_446' title='bbox 2549 3996 2605 4043; x_wconf 90' lang='lat' dir='ltr'><strong>et</strong></span> <span class='ocrx_word' id='word_1_447' title='bbox 2657 3986 2905 4042; x_wconf 84' lang='lat' dir='ltr'><strong>disserit.</strong></span> <span class='ocrx_word' id='word_1_448' title='bbox 2938 3985 2982 4040; x_wconf 82' lang='grc' dir='ltr'><strong>Δ</strong></span> <span class='ocrx_word' id='word_1_449' title='bbox 3029 3984 3234 4054; x_wconf 90' lang='lat' dir='ltr'><strong>quibus</strong></span> <span class='ocrx_word' id='word_1_450' title='bbox 3272 3984 3441 4038; x_wconf 87' lang='lat' dir='ltr'><strong>habe-</strong></span> 
     </span>
    </p>
   </div>
   <div class='ocr_carea' id='block_1_67' title="bbox 1852 4073 3434 4144">
    <p class='ocr_par' dir='ltr' id='par_1_67' title="bbox 1852 4073 3434 4144">
     <span class='ocr_line' id='line_1_67' title="bbox 1852 4073 3434 4144; baseline -0.003 -13"><span class='ocrx_word' id='word_1_451' title='bbox 1852 4093 1995 4136; x_wconf 82' lang='lat' dir='ltr'><strong>mus.</strong></span> <span class='ocrx_word' id='word_1_452' title='bbox 2021 4087 2082 4132; x_wconf 91' lang='lat' dir='ltr'><strong>ut</strong></span> <span class='ocrx_word' id='word_1_453' title='bbox 2111 4093 2221 4133; x_wconf 91' lang='lat' dir='ltr'><strong>non</strong></span> <span class='ocrx_word' id='word_1_454' title='bbox 2251 4079 2432 4133; x_wconf 89' lang='lat' dir='ltr'><strong>solum</strong></span> <span class='ocrx_word' id='word_1_455' title='bbox 2465 4085 2615 4132; x_wconf 90' lang='lat' dir='ltr'><strong>recta</strong></span> <span class='ocrx_word' id='word_1_456' title='bbox 2645 4077 2770 4132; x_wconf 84' lang='lat' dir='ltr'><strong>lidei</strong></span> <span class='ocrx_word' id='word_1_457' title='bbox 2799 4076 2997 4131; x_wconf 86' lang='lat' dir='ltr'><strong>semita</strong></span> <span class='ocrx_word' id='word_1_458' title='bbox 3038 4073 3434 4144; x_wconf 74' lang='lat' dir='ltr'><strong>ingrediantur,</strong></span> 
     </span>
    </p>
   </div>
   <div class='ocr_carea' id='block_1_68' title="bbox 1850 4169 3218 4239">
    <p class='ocr_par' dir='ltr' id='par_1_68' title="bbox 1850 4169 3218 4239">
     <span class='ocr_line' id='line_1_68' title="bbox 1850 4169 3218 4239; baseline -0.005 -13"><span class='ocrx_word' id='word_1_459' title='bbox 1850 4172 1946 4226; x_wconf 83' lang='lat' dir='ltr'><strong>sed</strong></span> <span class='ocrx_word' id='word_1_460' title='bbox 1973 4171 2139 4224; x_wconf 89' lang='lat' dir='ltr'><strong>etiam</strong></span> <span class='ocrx_word' id='word_1_461' title='bbox 2170 4171 2237 4225; x_wconf 90' lang='lat' dir='ltr'><strong>ad</strong></span> <span class='ocrx_word' id='word_1_462' title='bbox 2263 4171 2520 4225; x_wconf 86' lang='lat' dir='ltr'><strong>virtutem</strong></span> <span class='ocrx_word' id='word_1_463' title='bbox 2556 4169 2854 4239; x_wconf 89' lang='lat' dir='ltr'><strong>parandam</strong></span> <span class='ocrx_word' id='word_1_464' title='bbox 2889 4169 3218 4223; x_wconf 79' lang='lat' dir='ltr'><strong>excitemur.</strong></span> 
     </span>
    </p>
   </div>
   <div class='ocr_carea' id='block_1_69' title="bbox 1925 4257 3435 4330">
    <p class='ocr_par' dir='ltr' id='par_1_69' title="bbox 1925 4257 3435 4330">
     <span class='ocr_line' id='line_1_69' title="bbox 1925 4257 3435 4330; baseline -0.002 -18"><span class='ocrx_word' id='word_1_465' title='bbox 1925 4260 2009 4316; x_wconf 87' lang='grc' dir='ltr'>ιιι.</span> <span class='ocrx_word' id='word_1_466' title='bbox 2034 4262 2170 4330; x_wconf 86' lang='lat' dir='ltr'><strong>Spes</strong></span> <span class='ocrx_word' id='word_1_467' title='bbox 2190 4269 2374 4315; x_wconf 90' lang='lat' dir='ltr'><strong>autem</strong></span> <span class='ocrx_word' id='word_1_468' title='bbox 2405 4262 2460 4316; x_wconf 89' lang='lat' dir='ltr'><strong>in</strong></span> <span class='ocrx_word' id='word_1_469' title='bbox 2483 4261 2744 4322; x_wconf 83' lang='lat' dir='ltr'><strong>Deum.et</strong></span> <span class='ocrx_word' id='word_1_470' title='bbox 2779 4259 3089 4314; x_wconf 85' lang='lat' dir='ltr'><strong>charitasin</strong></span> <span class='ocrx_word' id='word_1_471' title='bbox 3126 4257 3435 4328; x_wconf 80' lang='lat' dir='ltr'><strong>proximum</strong></span> 
     </span>
    </p>
   </div>
   <div class='ocr_carea' id='block_1_70' title="bbox 1855 4348 3433 4424">
    <p class='ocr_par' dir='ltr' id='par_1_70' title="bbox 1855 4348 3433 4424">
     <span class='ocr_line' id='line_1_70' title="bbox 1855 4348 3433 4424; baseline -0.004 -16"><span class='ocrx_word' id='word_1_472' title='bbox 1855 4363 2018 4409; x_wconf 66' lang='lat' dir='ltr'><strong>tanta:</strong></span> <span class='ocrx_word' id='word_1_473' title='bbox 2065 4354 2170 4408; x_wconf 76' lang='lat' dir='ltr'><strong>fuit</strong></span> <span class='ocrx_word' id='word_1_474' title='bbox 2196 4368 2342 4407; x_wconf 68' lang='lat' dir='ltr'><strong>curae</strong></span> <span class='ocrx_word' id='word_1_475' title='bbox 2380 4352 2656 4424; x_wconf 69' lang='lat' dir='ltr'><strong>Ephrazni,</strong></span> <span class='ocrx_word' id='word_1_476' title='bbox 2682 4362 2740 4405; x_wconf 92' lang='lat' dir='ltr'><strong>ut</strong></span> <span class='ocrx_word' id='word_1_477' title='bbox 2799 4351 2892 4406; x_wconf 85' lang='lat' dir='ltr'><strong>ille</strong></span> <span class='ocrx_word' id='word_1_478' title='bbox 2925 4351 3040 4420; x_wconf 88' lang='lat' dir='ltr'><strong>ipse</strong></span> <span class='ocrx_word' id='word_1_479' title='bbox 3073 4349 3154 4404; x_wconf 87' lang='lat' dir='ltr'><strong>sic</strong></span> <span class='ocrx_word' id='word_1_480' title='bbox 3201 4348 3433 4410; x_wconf 73' lang='lat' dir='ltr'><strong>diceret,</strong></span> 
     </span>
    </p>
   </div>
   <div class='ocr_carea' id='block_1_71' title="bbox 1851 4431 3484 4516">
    <p class='ocr_par' dir='ltr' id='par_1_71' title="bbox 1851 4431 3484 4516">
     <span class='ocr_line' id='line_1_71' title="bbox 1851 4431 3484 4516; baseline -0.006 -15"><span class='ocrx_word' id='word_1_481' title='bbox 1851 4461 1882 4501; x_wconf 91' lang='lat' dir='ltr'><strong>e</strong></span> <span class='ocrx_word' id='word_1_482' title='bbox 1913 4446 2022 4500; x_wconf 87' lang='lat' dir='ltr'><strong>vita</strong></span> <span class='ocrx_word' id='word_1_483' title='bbox 2055 4443 2329 4501; x_wconf 79' lang='lat' dir='ltr'><strong>excedens</strong></span> <span class='ocrx_word' id='word_1_484' title='bbox 2352 4445 2646 4516; x_wconf 89' lang='lat' dir='ltr'><strong>(utendum</strong></span> <span class='ocrx_word' id='word_1_485' title='bbox 2677 4453 2763 4500; x_wconf 89' lang='lat' dir='ltr'><strong>est</strong></span> <span class='ocrx_word' id='word_1_486' title='bbox 2805 4443 2955 4500; x_wconf 89' lang='lat' dir='ltr'><strong>enim</strong></span> <span class='ocrx_word' id='word_1_487' title='bbox 2991 4443 3171 4513; x_wconf 89' lang='lat' dir='ltr'><strong>ipsius</strong></span> <span class='ocrx_word' id='word_1_488' title='bbox 3192 4440 3430 4509; x_wconf 83' lang='lat' dir='ltr'><strong>verbis):</strong></span> <span class='ocrx_word' id='word_1_489' title='bbox 3471 4431 3484 4444; x_wconf 76' lang='grc'><strong><em>⁸</em></strong></span> 
     </span>
    </p>
   </div>
   <div class='ocr_carea' id='block_1_72' title="bbox 1852 4533 3431 4609">
    <p class='ocr_par' dir='ltr' id='par_1_72' title="bbox 1852 4533 3431 4609">
     <span class='ocr_line' id='line_1_72' title="bbox 1852 4533 3431 4609; baseline -0.004 -17"><span class='ocrx_word' id='word_1_490' title='bbox 1852 4555 2134 4609; x_wconf 88' lang='lat' dir='ltr'><strong>nunquam</strong></span> <span class='ocrx_word' id='word_1_491' title='bbox 2195 4540 2252 4594; x_wconf 91' lang='lat' dir='ltr'><strong>in</strong></span> <span class='ocrx_word' id='word_1_492' title='bbox 2304 4548 2416 4594; x_wconf 89' lang='lat' dir='ltr'><strong>tota</strong></span> <span class='ocrx_word' id='word_1_493' title='bbox 2441 4539 2552 4594; x_wconf 81' lang='lat' dir='ltr'><strong>vita</strong></span> <span class='ocrx_word' id='word_1_494' title='bbox 2585 4555 2704 4594; x_wconf 83' lang='lat' dir='ltr'><strong>nica</strong></span> <span class='ocrx_word' id='word_1_495' title='bbox 2733 4538 2993 4594; x_wconf 83' lang='lat' dir='ltr'><strong>maledixi</strong></span> <span class='ocrx_word' id='word_1_496' title='bbox 3031 4535 3283 4591; x_wconf 89' lang='lat' dir='ltr'><strong>Domino.</strong></span> <span class='ocrx_word' id='word_1_497' title='bbox 3312 4533 3431 4588; x_wconf 84' lang='lat' dir='ltr'><strong>Non</strong></span> 
     </span>
    </p>
   </div>
   <div class='ocr_carea' id='block_1_73' title="bbox 1851 4628 3432 4703">
    <p class='ocr_par' dir='ltr' id='par_1_73' title="bbox 1851 4628 3432 4703">
     <span class='ocr_line' id='line_1_73' title="bbox 1851 4628 3432 4703; baseline -0.003 -19"><span class='ocrx_word' id='word_1_498' title='bbox 1851 4634 2078 4686; x_wconf 77' lang='lat' dir='ltr'><strong>verbum</strong></span> <span class='ocrx_word' id='word_1_499' title='bbox 2112 4631 2382 4703; x_wconf 86' lang='lat' dir='ltr'><strong>insipiens</strong></span> <span class='ocrx_word' id='word_1_500' title='bbox 2422 4648 2520 4703; x_wconf 89' lang='lat' dir='ltr'><strong>per</strong></span> <span class='ocrx_word' id='word_1_501' title='bbox 2555 4648 2674 4686; x_wconf 87' lang='lat' dir='ltr'><strong>mea</strong></span> <span class='ocrx_word' id='word_1_502' title='bbox 2718 4630 2860 4685; x_wconf 89' lang='lat' dir='ltr'><strong>labia</strong></span> <span class='ocrx_word' id='word_1_503' title='bbox 2891 4629 3181 4699; x_wconf 85' lang='lat' dir='ltr'><strong>processit.</strong></span> <span class='ocrx_word' id='word_1_504' title='bbox 3216 4628 3272 4679; x_wconf 91' lang='lat' dir='ltr'><strong>ln</strong></span> <span class='ocrx_word' id='word_1_505' title='bbox 3322 4633 3432 4679; x_wconf 79' lang='lat' dir='ltr'><strong>tota</strong></span> 
     </span>
    </p>
   </div>
   <div class='ocr_carea' id='block_1_74' title="bbox 1851 4717 3433 4786">
    <p class='ocr_par' dir='ltr' id='par_1_74' title="bbox 1851 4717 3433 4786">
     <span class='ocr_line' id='line_1_74' title="bbox 1851 4717 3433 4786; baseline -0.005 -8"><span class='ocrx_word' id='word_1_506' title='bbox 1851 4725 1962 4778; x_wconf 81' lang='lat' dir='ltr'><strong>vita</strong></span> <span class='ocrx_word' id='word_1_507' title='bbox 1996 4739 2116 4779; x_wconf 85' lang='lat' dir='ltr'><strong>mea</strong></span> <span class='ocrx_word' id='word_1_508' title='bbox 2141 4725 2420 4781; x_wconf 90' lang='lat' dir='ltr'><strong>neminem</strong></span> <span class='ocrx_word' id='word_1_509' title='bbox 2451 4741 2573 4780; x_wconf 90' lang='lat' dir='ltr'><strong>sum</strong></span> <span class='ocrx_word' id='word_1_510' title='bbox 2613 4731 2969 4786; x_wconf 78' lang='lat' dir='ltr'><strong>exsecratus;</strong></span> <span class='ocrx_word' id='word_1_511' title='bbox 2999 4728 3056 4773; x_wconf 86' lang='lat' dir='ltr'><strong>et</strong></span> <span class='ocrx_word' id='word_1_512' title='bbox 3098 4735 3223 4773; x_wconf 87' lang='lat' dir='ltr'><strong>cum</strong></span> <span class='ocrx_word' id='word_1_513' title='bbox 3279 4717 3433 4772; x_wconf 87' lang='lat' dir='ltr'><strong>nullo</strong></span> 
     </span>
    </p>
   </div>
   <div class='ocr_carea' id='block_1_75' title="bbox 1851 4809 3434 4882">
    <p class='ocr_par' dir='ltr' id='par_1_75' title="bbox 1851 4809 3434 4882">
     <span class='ocr_line' id='line_1_75' title="bbox 1851 4809 3434 4882; baseline -0.006 -9"><span class='ocrx_word' id='word_1_514' title='bbox 1851 4818 2080 4874; x_wconf 85' lang='lat' dir='ltr'><strong>omnino</strong></span> <span class='ocrx_word' id='word_1_515' title='bbox 2127 4819 2386 4874; x_wconf 88' lang='lat' dir='ltr'><strong>contendi</strong></span> <span class='ocrx_word' id='word_1_516' title='bbox 2436 4833 2504 4872; x_wconf 83' lang='lat' dir='ltr'><strong>ex</strong></span> <span class='ocrx_word' id='word_1_517' title='bbox 2544 4816 2819 4871; x_wconf 84' lang='lat' dir='ltr'><strong>lidelibus.</strong></span> <span class='ocrx_word' id='word_1_518' title='bbox 2860 4813 3140 4882; x_wconf 74' lang='lat' dir='ltr'><strong>Lacrymte</strong></span> <span class='ocrx_word' id='word_1_519' title='bbox 3198 4827 3332 4865; x_wconf 82' lang='lat' dir='ltr'><strong>vero</strong></span> <span class='ocrx_word' id='word_1_520' title='bbox 3379 4809 3434 4865; x_wconf 88' lang='lat' dir='ltr'><strong>ei</strong></span> 
     </span>
    </p>
   </div>
   <div class='ocr_carea' id='block_1_76' title="bbox 1775 4901 3434 4997">
    <p class='ocr_par' dir='ltr' id='par_1_76' title="bbox 1775 4901 3434 4997">
     <span class='ocr_line' id='line_1_76' title="bbox 1775 4901 3434 4997; baseline -0.008 -32"><span class='ocrx_word' id='word_1_521' title='bbox 1775 4937 1820 4997; x_wconf 70' lang='grc' dir='ltr'>ο</span> <span class='ocrx_word' id='word_1_522' title='bbox 1853 4925 2076 4980; x_wconf 84' lang='lat' dir='ltr'><strong>quoque</strong></span> <span class='ocrx_word' id='word_1_523' title='bbox 2105 4919 2377 4979; x_wconf 87' lang='lat' dir='ltr'><strong>perpetuo</strong></span> <span class='ocrx_word' id='word_1_524' title='bbox 2407 4906 2652 4962; x_wconf 83' lang='lat' dir='ltr'><strong>ﬂuebant</strong></span> <span class='ocrx_word' id='word_1_525' title='bbox 2676 4921 2745 4960; x_wconf 76' lang='lat' dir='ltr'><strong>ex</strong></span> <span class='ocrx_word' id='word_1_526' title='bbox 2763 4904 2960 4997; x_wconf 81' lang='lat' dir='ltr'><strong>oculis,</strong></span> <span class='ocrx_word' id='word_1_527' title='bbox 2985 4901 3126 4956; x_wconf 83' lang='lat' dir='ltr'><strong>adeo</strong></span> <span class='ocrx_word' id='word_1_528' title='bbox 3158 4909 3217 4953; x_wconf 91' lang='lat' dir='ltr'><strong>ut</strong></span> <span class='ocrx_word' id='word_1_529' title='bbox 3242 4914 3434 4997; x_wconf 75' lang='lat' dir='ltr'><strong>peren-</strong></span> 
     </span>
    </p>
   </div>
   <div class='ocr_carea' id='block_1_77' title="bbox 1855 4992 3432 5063">
    <p class='ocr_par' dir='ltr' id='par_1_77' title="bbox 1855 4992 3432 5063">
     <span class='ocr_line' id='line_1_77' title="bbox 1855 4992 3432 5063; baseline -0.008 -7"><span class='ocrx_word' id='word_1_530' title='bbox 1855 5002 1944 5056; x_wconf 85' lang='lat' dir='ltr'><strong>nis</strong></span> <span class='ocrx_word' id='word_1_531' title='bbox 1994 5001 2162 5055; x_wconf 80' lang='lat' dir='ltr'><strong>l‘ontis</strong></span> <span class='ocrx_word' id='word_1_532' title='bbox 2213 4999 2482 5055; x_wconf 80' lang='lat' dir='ltr'><strong>ﬂuentum</strong></span> <span class='ocrx_word' id='word_1_533' title='bbox 2528 4998 2694 5053; x_wconf 89' lang='lat' dir='ltr'><strong>citius</strong></span> <span class='ocrx_word' id='word_1_534' title='bbox 2727 4995 3041 5056; x_wconf 78' lang='lat' dir='ltr'><strong>defecisset,</strong></span> <span class='ocrx_word' id='word_1_535' title='bbox 3065 5007 3228 5063; x_wconf 87' lang='lat' dir='ltr'><strong>quam</strong></span> <span class='ocrx_word' id='word_1_536' title='bbox 3277 4992 3432 5045; x_wconf 88' lang='lat' dir='ltr'><strong>illum</strong></span> 
     </span>
    </p>
   </div>
   <div class='ocr_carea' id='block_1_78' title="bbox 1853 5089 3432 5159">
    <p class='ocr_par' dir='ltr' id='par_1_78' title="bbox 1853 5089 3432 5159">
     <span class='ocr_line' id='line_1_78' title="bbox 1853 5089 3432 5159; baseline -0.005 -11"><span class='ocrx_word' id='word_1_537' title='bbox 1853 5094 2031 5148; x_wconf 90' lang='lat' dir='ltr'><strong>instar</strong></span> <span class='ocrx_word' id='word_1_538' title='bbox 2077 5093 2272 5147; x_wconf 87' lang='lat' dir='ltr'><strong>imbris</strong></span> <span class='ocrx_word' id='word_1_539' title='bbox 2320 5094 2581 5146; x_wconf 78' lang='lat' dir='ltr'><strong>cadentes</strong></span> <span class='ocrx_word' id='word_1_540' title='bbox 2615 5091 2888 5159; x_wconf 70' lang='lat' dir='ltr'><strong>lacrytnaz.</strong></span> <span class='ocrx_word' id='word_1_541' title='bbox 2924 5089 3037 5144; x_wconf 89' lang='lat' dir='ltr'><strong>Una</strong></span> <span class='ocrx_word' id='word_1_542' title='bbox 3075 5097 3260 5141; x_wconf 86' lang='lat' dir='ltr'><strong>autem</strong></span> <span class='ocrx_word' id='word_1_543' title='bbox 3304 5101 3432 5140; x_wconf 83' lang='lat' dir='ltr'><strong>cum</strong></span> 
     </span>
    </p>
   </div>
   <div class='ocr_carea' id='block_1_79' title="bbox 1850 5179 3433 5258">
    <p class='ocr_par' dir='ltr' id='par_1_79' title="bbox 1850 5179 3433 5258">
     <span class='ocr_line' id='line_1_79' title="bbox 1850 5179 3433 5258; baseline -0.006 -17"><span class='ocrx_word' id='word_1_544' title='bbox 1850 5187 2112 5258; x_wconf 84' lang='lat' dir='ltr'><strong>lacrytnis</strong></span> <span class='ocrx_word' id='word_1_545' title='bbox 2133 5185 2530 5242; x_wconf 90' lang='lat' dir='ltr'><strong>emittebantur</strong></span> <span class='ocrx_word' id='word_1_546' title='bbox 2561 5183 2729 5238; x_wconf 89' lang='lat' dir='ltr'><strong>etiam</strong></span> <span class='ocrx_word' id='word_1_547' title='bbox 2775 5184 3032 5253; x_wconf 77' lang='lat' dir='ltr'><strong>gemitus,</strong></span> <span class='ocrx_word' id='word_1_548' title='bbox 3075 5179 3433 5234; x_wconf 82' lang='lat' dir='ltr'><strong>ostendentes</strong></span> 
     </span>
    </p>
   </div>
   <div class='ocr_carea' id='block_1_80' title="bbox 1852 5273 3433 5352">
    <p class='ocr_par' dir='ltr' id='par_1_80' title="bbox 1852 5273 3433 5352">
     <span class='ocr_line' id='line_1_80' title="bbox 1852 5273 3433 5352; baseline -0.007 -16"><span class='ocrx_word' id='word_1_549' title='bbox 1852 5282 2002 5336; x_wconf 87' lang='lat' dir='ltr'><strong>intus</strong></span> <span class='ocrx_word' id='word_1_550' title='bbox 2028 5281 2313 5336; x_wconf 89' lang='lat' dir='ltr'><strong>ardentem</strong></span> <span class='ocrx_word' id='word_1_551' title='bbox 2339 5280 2519 5352; x_wconf 80' lang='lat' dir='ltr'><strong>ignem</strong></span> <span class='ocrx_word' id='word_1_552' title='bbox 2543 5275 3005 5347; x_wconf 90' lang='lat' dir='ltr'><strong>compunctionis.</strong></span> <span class='ocrx_word' id='word_1_553' title='bbox 3025 5273 3181 5341; x_wconf 85' lang='lat' dir='ltr'><strong>Quod</strong></span> <span class='ocrx_word' id='word_1_554' title='bbox 3206 5273 3433 5343; x_wconf 89' lang='lat' dir='ltr'><strong>quidem</strong></span> 
     </span>
    </p>
   </div>
   <div class='ocr_carea' id='block_1_81' title="bbox 1855 5365 3431 5443">
    <p class='ocr_par' dir='ltr' id='par_1_81' title="bbox 1855 5365 3431 5443">
     <span class='ocr_line' id='line_1_81' title="bbox 1855 5365 3431 5443; baseline -0.006 -16"><span class='ocrx_word' id='word_1_555' title='bbox 1855 5374 2102 5443; x_wconf 85' lang='lat' dir='ltr'><strong>apertius</strong></span> <span class='ocrx_word' id='word_1_556' title='bbox 2143 5372 2462 5442; x_wconf 88' lang='lat' dir='ltr'><strong>certiusque</strong></span> <span class='ocrx_word' id='word_1_557' title='bbox 2490 5372 2628 5426; x_wconf 87' lang='lat' dir='ltr'><strong>sciet</strong></span> <span class='ocrx_word' id='word_1_558' title='bbox 2654 5369 2877 5441; x_wconf 85' lang='lat' dir='ltr'><strong>aliquis,</strong></span> <span class='ocrx_word' id='word_1_559' title='bbox 2900 5369 2996 5440; x_wconf 88' lang='lat' dir='ltr'><strong>qui</strong></span> <span class='ocrx_word' id='word_1_560' title='bbox 3045 5369 3194 5422; x_wconf 90' lang='lat' dir='ltr'><strong>illius</strong></span> <span class='ocrx_word' id='word_1_561' title='bbox 3223 5365 3431 5433; x_wconf 82' lang='lat' dir='ltr'><strong>scripta</strong></span> 
     </span>
    </p>
   </div>
   <div class='ocr_carea' id='block_1_82' title="bbox 1853 5459 3431 5538">
    <p class='ocr_par' dir='ltr' id='par_1_82' title="bbox 1853 5459 3431 5538">
     <span class='ocr_line' id='line_1_82' title="bbox 1853 5459 3431 5538; baseline -0.008 -16"><span class='ocrx_word' id='word_1_562' title='bbox 1853 5468 2066 5538; x_wconf 77' lang='lat' dir='ltr'><strong>legerit.</strong></span> <span class='ocrx_word' id='word_1_563' title='bbox 2091 5467 2341 5524; x_wconf 80' lang='lat' dir='ltr'><strong>Inveniet</strong></span> <span class='ocrx_word' id='word_1_564' title='bbox 2367 5467 2516 5522; x_wconf 89' lang='lat' dir='ltr'><strong>enim</strong></span> <span class='ocrx_word' id='word_1_565' title='bbox 2551 5482 2678 5522; x_wconf 93' lang='lat' dir='ltr'><strong>cum</strong></span> <span class='ocrx_word' id='word_1_566' title='bbox 2700 5481 2919 5536; x_wconf 86' lang='lat' dir='ltr'><strong>semper</strong></span> <span class='ocrx_word' id='word_1_567' title='bbox 2953 5459 3431 5534; x_wconf 85' lang='lat' dir='ltr'><strong>philosophantem</strong></span> 
     </span>
    </p>
   </div>
   <div class='ocr_carea' id='block_1_83' title="bbox 1856 5555 3432 5632">
    <p class='ocr_par' dir='ltr' id='par_1_83' title="bbox 1856 5555 3432 5632">
     <span class='ocr_line' id='line_1_83' title="bbox 1856 5555 3432 5632; baseline -0.008 -17"><span class='ocrx_word' id='word_1_568' title='bbox 1856 5559 1925 5615; x_wconf 89' lang='lat' dir='ltr'><strong>de</strong></span> <span class='ocrx_word' id='word_1_569' title='bbox 1969 5559 2206 5632; x_wconf 85' lang='lat' dir='ltr'><strong>judicio,</strong></span> <span class='ocrx_word' id='word_1_570' title='bbox 2232 5568 2289 5615; x_wconf 89' lang='lat' dir='ltr'><strong>et</strong></span> <span class='ocrx_word' id='word_1_571' title='bbox 2327 5557 2396 5614; x_wconf 91' lang='lat' dir='ltr'><strong>de</strong></span> <span class='ocrx_word' id='word_1_572' title='bbox 2432 5561 2680 5617; x_wconf 87' lang='lat' dir='ltr'><strong>secundo</strong></span> <span class='ocrx_word' id='word_1_573' title='bbox 2707 5556 2914 5616; x_wconf 89' lang='lat' dir='ltr'><strong>Christi</strong></span> <span class='ocrx_word' id='word_1_574' title='bbox 2947 5555 3210 5621; x_wconf 84' lang='lat' dir='ltr'><strong>adventu,</strong></span> <span class='ocrx_word' id='word_1_575' title='bbox 3233 5559 3289 5607; x_wconf 91' lang='lat' dir='ltr'><strong>et</strong></span> <span class='ocrx_word' id='word_1_576' title='bbox 3317 5560 3432 5605; x_wconf 87' lang='lat' dir='ltr'><strong>ter-</strong></span> 
     </span>
    </p>
   </div>
  </div>
