3834 6502
245 418 381 486 ῙΞῖιΊ

1443 408 1622 471 VITA.
1646 410 1724 468 -S.
1755 403 2099 469 EPHRIEM
2131 402 2325 467 SYRI.

3363 410 3499 478 19:8

242 542 494 610 γίνεται·
552 534 644 593 καὶ
696 534 765 589 δι’
793 532 987 603 αὐτῆς,
1019 532 1208 602 ῶσπερ
1244 528 1333 583 διὰ
1360 526 1454 583 τοῦ
1488 526 1664 594 esse);
1692 524 1826 597 αὐτῇ

1948 524 2175 597 Maligno
2205 523 2636 581 instrumcnium
2659 523 2723 579 ad
2750 525 2980 592 vitium';
3014 530 3063 578 et
3100 541 3196 597 per
3226 540 3365 587 eam,
3392 528 3504 580 sic-

244 619 536 706 πρότιρον,
559 629 637 702 τῷ
660 628 856 699 δικαίῳ
888 624 1240 698 προσϐάλλει.
1287 622 1441 676 Ἐπεὶ
1498 616 1589 675 οὖν
1618 618 1824 690 βρῶσίν

242 742 366 779 τινα
397 721 692 792 ἐτύγχανεν
711 719 866 789 ἕψων
892 719 922 771 ὁ
945 715 1088 779 θεῖος
1122 706 1383 785 Ἐφραῖμ,
1407 710 1592 781 εκείνη
1620 708 1792 763 διανοί
1809 738 1823 748 -

243 817 384 885 ξασα
415 813 515 886 τὴν
544 811 759 884 θυρίδα,
786 811 912 881 ἥτις
938 810 1045 880 ἄρα
1073 808 1167 861 καὶ
1184 802 1257 874 ἦν
1274 807 1367 859 ἐπὶ
1398 802 1489 859 τοῦ
1526 801 1823 873 μεσαύλου,

243 902 594 977 παρακύπτει
614 917 673 954 τε
706 898 1103 969 ἀναισχύντως,
1140 895 1239 950 καὶ
1272 894 1404 957 αὐτὸ
1428 892 1589 948 τοῦτο
1616 895 1825 962 ἑταιρι-

244 996 357 1056 κῶς
377 1012 391 1027 ο
417 992 536 1072 εἶτα
562 994 653 1045 καὶ
681 988 916 1053 ἀναιδῶς
944 988 1267 1060 ἐμϐλέψασα
1295 985 1371 1058 τῷ
1394 986 1527 1058 ὁσίῳ
1545 1002 1558 1015 ·
1595 986 1828 1054 Εύλόγη-

244 1108 360 1156 σον,
384 1088 551 1154 ἀόὁᾶ,
580 1086 765 1163 λέγει..
795 1085 854 1140 ’0
872 1086 930 1140 δὲ
967 1084 1109 1155 μετὰ
1139 1083 1233 1138 τοῦ
1277 1082 1649 1154 προσήκοντος
1676 1080 1829 1151 αὑτῷ

242 1183 526 1257 σχήματός
552 1199 612 1235 τε
643 1181 742 1236 καὶ
774 1178 1112 1249 φθέγματος,
1155 1177 1214 1231 '0
1236 1175 1458 1247 Κύριος,
1513 1173 1703 1245 φησιν,
1735 1173 1829 1227 εὑ-

242 1274 475 1347 λογήσαι
502 1291 586 1328 σε.
615 1272 763 1340 Αὐτὴ
785 1270 843 1323 δὲ
875 1269 1041 1323 πάλιν
1068 1268 1208 1340 μετὰ
1233 1266 1439 1339 θερμοῦ
1464 1265 1557 1320 τοῦ
1590 1264 1829 1333 γέλωτος

245 1368 341 1422 καὶ
381 1366 624 1436 ἀσέμνου
645 1380 661 1397 ο
714 1362 875 1419 Ἀλλὰ
896 1361 971 1427 τί,
993 1352 1168 1420 εἶπεν,
1204 1359 1443 1414 ἐλλείπει
1470 1356 1549 1428 τῷ
1578 1354 1830 1429 βρώματί

245 1477 378 1527 σονς
422 1459 532 1512 Καὶ
563 1458 644 1522 ὃς,
703 1457 887 1528 Τρεῖς,
938 1454 1065 1525 ἔφη,
1126 1452 1265 1506 λίθοι
1296 1451 1389 1505 καὶ
1441 1449 1596 1518 ὀλίγη
1636 1446 1830 1519 πηλὶςς.

243 1554 389 1608 ῶστε
409 1554 509 1621 τὴν
530 1551 724 1623 θυρίδα
746 1549 952 1620 ’ταύτην
977 1541 1385 1617 ἀναφραγῆναι.
1417 1542 1630 1612 Ἐκείνη
1664 1538 1832 1610 μηδὲν

244 1645 551 1702 ὑπενδοῦσα
577 1645 677 1714 τῆς
711 1642 1010 1706 ἀναιδείας,
1041 1641 1164 1694 Ὅτι
1192 1655 1252 1693 σε
1289 1634 1677 1706 προλαϐόντες,
1704 1632 1830 1702 ἔφη,

246 1737 807 1812 προσηγορεύσαμεν,
865 1733 1026 1789 τοῦτό
1081 1749 1166 1787 σοι
1193 1731 1363 1801 τῦφον
1417 1730 1646 1800 ὲνῆκενς
1690 1724 1834 1794 Ἐγὼ

142 1822 146 1825 ’
247 1831 692 1903 συγκοιμηθῆναι
755 1825 1018 1899 βούλομαί
1055 1842 1159 1889 σοι,
1215 1824 1372 1895 φησί.
1431 1822 1502 1875 Συ
1533 1820 1589 1875 δέ
1622 1836 1690 1891 με
1732 1819 1834 1891 τὴν

1928 625 1990 670 ιιι
2036 617 2192 686 prius
2231 617 2402 687 ipsam
2436 632 2533 687 per
2568 628 2903 687 serpentem.
2935 617 3144 689 justum
3184 617 3504 691 aggreditur

1927 704 2202 776 Ephrmm.
2275 706 2411 761 Cum
2482 705 2666 776 itaque
2735 717 2956 781 sanctus
3009 707 3281 779 Epiri-ann
3318 709 3504 765 cibum

1928 796 2514 870 quemdam'pararet,
2568 799 2658 854 illa
2709 796 2899 872 aperta
2931 799 3192 865 fenestra,
3224 816 3344 873 quae
3385 799 3510 865 erat

1931 890 1985 944 in
2016 897 2203 955 corte,
2248 889 2601 961 impudenter
2641 891 2909 969 despicit.
2945 903 3004 949 et
3049 894 3209 963 plane
3247 895 3508 951 meretri‘

1930 974 2143 1031 ciezet
2183 975 2384 1031 deinde
2439 993 2562 1032 cum
2594 977 2857 1035 Sanctum
2913 983 3224 1051 aspexisset
3287 985 3508 1041 invere-

1930 1066 2112 1123 cunde
2153 1085 2165 1121 :
2208 1067 2469 1133 Benedic,
2501 1070 2703 1141 inquit,
2737 1070 2901 1127 abba.
2938 1073 3030 1130 Ille
3065 1078 3195 1130 vero
3245 1090 3368 1149 eum
3416 1092 3505 1139 eo.

1932 1162 2025 1231 qui
2086 1161 2270 1232 ipsum
2324 1161 2576 1224 decebat.
2635 1163 3032 1236 habitu,gestu
3093 1178 3149 1224 et
3203 1184 3508 1225 sermone:

1935 1253 2222 1314 Dominus,
2256 1252 2458 1325 inquit,
2483 1254 2582 1310 tibi
2608 1253 2920 1312 benedicat.
2954 1256 3073 1328 lpsa
3102 1268 3286 1314 autem
3322 1275 3512 1315 rursus

1933 1360 2060 1401 cum
2102 1345 2419 1402 vehementi
2471 1356 2527 1403 et
2574 1347 2839 1404 indecoro
2883 1351 3019 1415 risu,
3072 1351 3140 1405 ad
3198 1366 3324 1406 eum
3362 1351 3513 1408 :Sed

1935 1438 2090 1507 quid,
2131 1439 2331 1509 inquit,
2363 1447 2458 1493 tuo
2515 1440 2642 1496 cibo
2689 1441 2881 1499 deest?
2907 1442 2999 1497 ille
3034 1458 3189 1507 vero,
3229 1442 3389 1509 Tres,
3424 1444 3515 1499 in-

1929 1531 2078 1600 ‘quit,
2136 1529 2370 1601 lapides,
2414 1541 2486 1615 et.
2507 1548 2701 1603 parum
2752 1533 2874 1598 luti,
2909 1547 2970 1590 ut
3026 1537 3141 1592 haec
3192 1538 3514 1593 obstruatur

1937 1624 2198 1680 fenestra.
2230 1623 2322 1678 Illa
2362 1624 2583 1679 interim
2611 1626 2751 1680 nihil
2782 1626 2851 1681 de
2876 1642 2975 1682 sua
3008 1629 3299 1684 remittens
3332 1629 3514 1700 impn«

1936 1714 2143 1780 dentia,
2185 1713 2341 1782 Quod
2372 1724 2445 1777 te,
2480 1713 2681 1785 inquit,
2710 1716 2925 1785 prieres
2939 1718 3355 1788 appellavimus,
3382 1721 3515 1775 hoc-

1938 1822 2005 1862 ne
2042 1818 2093 1864 te
2134 1807 2319 1863 effecit
2369 1807 2742 1863 insolentem?
2776 1810 2908 1880 Ego,
2936 1811 3135 1881 inquit,
3161 1812 3285 1867 volo
3333 1822 3513 1868 tecum

248 1900 476 1995 πρώτην
534 1922 698 1984 εὐθὺς
730 1919 1160 1991 ἀπηγόρευκας;’
1204 1916 1357 1986 ’Πρὸς
1406 1914 1602 1977 ταῦτα,
1637 1911 1831 1982 ῶσπερ

1948 1900 2200 1956 lormire.
2225 1900 2381 1983 Tune
2404 1910 2588 1957 autem
2617 1901 2723 1956 hoc
2756 1903 2891 1957 mihi
2926 1904 3109 1960 statim
3141 1904 3322 1974 primo
3345 1919 3514 1975 nega-

246 2016 432 2083 ὲκείνη
460 2015 526 2084 ρη
538 2014 723 2080 μάτων
753 2009 1084 2072 σατανικῶν,
1118 2008 1262 2063 οὕτω
1289 2005 1471 2077 πολλῷ
1507 2007 1707 2077 μᾶλλον
1738 2005 1836 2059 αύ-

246 2108 339 2172 τδς
361 2103 760 2175 πνευματικῶν
791 2104 891 2156 οὐκ
917 2102 1168 2173 ἠπόρησε
1188 2099 1399 2168 λόγων,
1432 2100 1530 2152 καὶ
1579 2097 1708 2152 οἴων
1745 2098 1849 2150 αύο.

250 2202 342 2255 τόν
368 2217 429 2253 τε
456 2199 566 2252 ἔδει
605 2198 805 2266 λέγειν,
833 2194 1099 2265 κάκείνην
1127 2194 1370 2249 ἀκούειν.
1402 2193 1464 2247 El
1496 2192 1676 2265 βούλει
1704 2191 1834 2261 γὰρ,

249 2294 380 2366 εφη.
412 2293 754 2363 ἀμφοτέρους
780 2290 1224 2361 συγκαθευδῆσαι
1247 2330 1261 2354 ,
1308 2287 1437 2355 ἔνθα
1477 2286 1543 2341 ἂν
1569 2287 1665 2340 καὶ
1694 2285 1837 2340 εἴπω

252 2403 357 2452 σοι,
386 2384 569 2441 ἐκεῖσε
596 2384 662 2456 δὴ
694 2385 788 2439 καὶ
813 2387 965 2454 κοινῇ
998 2380 1422 2451 συγκεισόμεθα.
1450 2380 1539 2443 Ὠς
1563 2378 1619 2433 δὲ
1651 2377 1835 2448 ἐκείνη

148 2516 155 2523 -
186 2518 197 2524 -
250 2478 345 2533 τὶν
378 2472 535 2550 λόγον
563 2478 807 2550 ἥρπασε,
863 2475 956 2530 καὶ
1007 2476 1174 2548 ἡρετο
1198 2474 1292 2528 τὸν
1329 2474 1516 2536 τόπον,
1558 2472 1644 2526 ῐνα
1680 2463 1840 2524 τοῦτο

252 2571 509 2639 γενέσθαι
537 2570 634 2623 δεῖ.
666 2570 779 2623 Οὐκ
808 2570 867 2622 ὲν
888 2568 1057 2638 ἄλλῳ,
1087 2568 1215 2638 ἔφη,
1245 2566 1420 2634 τόπῳ,
1453 2566 1537 2620 ὅτι
1570 2563 1646 2636 μὴ
1672 2564 1731 2617 ὲν
1759 2563 1838 2631 τῷ

235 2656 408 2734 ’μέσῳ
441 2663 835 2731 συνελεύσομαί
865 2679 946 2715 σοι
972 2662 1071 2731 τῆς
1097 2662 1325 2723 πόλεως.
1362 2660 1473 2714 Καὶ
1503 2658 1641 2729 αὐτή
1664 2674 1676 2687 ο
1697 2656 1838 2710 Ἀλλ’

252 2757 357 2810 οὐκ
377 2754 562 2819 αἰδὼς,
599 2754 727 2825 ἔφη,
749 2755 842 2808 καὶ
865 2753 1096 2825 αἰσχύνη
1122 2753 1301 2829 σαφὴς
1318 2751 1427 2806 ἀπὸ
1444 2750 1561 2806 ’τῶν
1587 2750 1840 2821 ὁρώντων

146 2896 154 2901 .
253 2848 488 2917 ἀνδρῶν,
539 2847 685 2903 οὕτω
739 2848 868 2918 γοῦν
904 2850 961 2900 ὲν
1016 2846 1096 2918 τῷ
1155 2846 1304 2917 μέσῳ
1356 2845 1625 2914 κειμένων
1656 2842 1837 2914 ἡμῶν.

265 2941 446 2997 Ἑάλω
487 2945 519 3012 ἡ
571 2942 711 2995 ἑλεῖν
754 2940 1081 3011 βουληθεῖσα
1112 2941 1252 3010 γυνὴ
1302 2939 1401 3009 τὴν
1433 2935 1620 3007 ἅπαθῆ
1659 2933 1841 3007 ψυχὴν

257 3035 353 3089 καὶ
383 3035 687 3099 ἀνάλωτον,
716 3034 840 3089 οὐδὲ
872 3035 1032 3087 τοῦτο
1062 3032 1268 3102 γνῶναι
1298 3031 1614 3104 δυνηθεῖσα,
1650 3032 1678 3083 ὃ
1706 3044 1839 3098 φησι

258 3126 553 3197 Σολομῶν,
586 3127 670 3182 ὃτι
719 3129 785 3180 Ol
832 3125 1128 3196 ὀφθαλμοὶ
1194 3124 1415 3193 Κυρίου
1454 3121 1562 3176 τοῦ
1585 3122 1841 3190 ὑψίστου

253 3222 718 3290 μυριοπλασίως
760 3220 943 3289 ἡλίου
972 3218 1600 3314 φωτεινότεροίεισιν,
1638 3217 1693 3270 ol
1716 3214 1833 3267 ἐπι·
1873 3252 1917 3314 c

256 3313 587 3380 ϐλέποντες
617 3311 822 3380 πάσας
844 3310 1025 3378 ὀδοὺς
1060 3306 1319 3379 ἀνδρῶν.

342 3486 419 3538 Z'.
444 3484 655 3539 Ἀύτίκα
679 3477 935 3552 γοῦν,οῖα
952 3484 1145 3555 λαϐῆς,
1178 3483 1270 3538 τοῦ
1300 3485 1541 3558 ῥήματος
1563 3484 1590 3536 6
1606 3483 1847 3552 γενναῖος

258 3574 600 3646 δραξάμενος
622 3578 962 3646 ἀντεπῆγεν·
991 3576 1053 3629 Ei
1082 3572 1175 3630 οὖν
1205 3577 1302 3629 ἀνθ
1314 3574 1513 3646 ρώπων
1534 3566 1850 3642 ὀφθαλμοὺς

212 3692 222 3700 -
260 3666 487 3737 ἔκρινας
522 3668 731 3732 ἱκανῶς
758 3667 907 3739 ἔχειν
939 3667 1204 3740 ἓντρέψαι
1232 3667 1432 3738 ψυχὴν,
1475 3667 1571 3719 καὶ
1603 3663 1850 3733 πονηρᾶς

261 3760 576 3829 ἀφελκύσαι
609 3760 885 3831 πράξεως
911 3762 1037 3823 τοὺς
1062 3759 1158 3813 τοῦ
1184 3759 1319 3812 Θεοῦ
1346 3760 1525 3812 πάνια
1553 3757 1851 3827 βλέποντας

254 3851 601 3922 ὐφθαλμοὺς,
634 3853 735 3906 ὅσα
765 3868 824 3905 τε
850 3854 909 3905 ὲν
939 3852 1142 3922 ἀδήλῳ,
1163 3852 1267 3904 καὶ
1285 3852 1387 3904 ὅσα
1409 3849 1551 3902 κατὰ
1581 3849 1640 3901 τὸ
1673 3849 1850 3919 ἐμφαο

261 3946 352 4008 νὲς
375 3945 727 4017 πράττονται,
759 3946 820 3998 οὐ
859 3945 1042 4015 πολλῴ
1075 3945 1276 4015 μᾶλλον
1308 3942 1639 4013 αἰδεσάμεθά
1667 3959 1728 3994 τε
1756 3944 1850 3996 καὶ

266 4038 691 4109 ὑποπτήξομεν·
726 4039 821 4092 καὶ
853 4035 1095 4108 πονηροῦ
1136 4037 1467 4108 πράγματος
1511 4033 1859 4107 ἀῳεξὸμεθα,

264 4123 326 4186 ὃς
351 4130 655 4199 κατήγορον
678 4130 770 4183 ἀεὶ
802 4128 1054 4183 σύνοικον
1085 4128 1146 4182 τὸ
1179 4128 1420 4199 συνειδὸς
1451 4129 1584 4198 ἡμῖν
1628 4127 1851 4195 ἐπεγεί-

268 4230 381 4285 ρει,
430 4217 527 4270 καὶ
576 4214 841 4287 βασάνους
871 4221 1082 4274 ἐκεῖθεν
1116 4222 1291 4291 πέρας
1324 4219 1553 4290 ἐχούσας
1596 4217 1853 4287 οὐδαμῶς

268 4308 629 4380 ταμιεύεται;
652 4310 840 4387 Ταῦτα
871 4314 1033 4365 ἱκανὰ
1059 4313 1303 4381 γέγονεν,
1336 4313 1434 4381 οὐχ
1458 4311 1641 4373 ἁπλῶς
1667 4313 1853 4364 πεῖσαι

266 4403 370 4474 τὴν
399 4403 610 4474 πόρνην
635 4403 974 4474 ἀποσχέσθαι
995 4405 1096 4475 τῆς
1128 4406 1265 4476 πρός
1288 4390 1450 4458 αὐτὸν
1488 4402 1696 4471 φαύλης
1732 4403 1854 4454 ὲπι-

269 4495 496 4564 θυμίας,
522 4496 659 4550 ἀλλὰ
685 4498 783 4550 καὶ
814 4497 955 4568 ὑπὲρ
982 4497 1091 4551 τῶν
1123 4498 1405 4567 προτέρων
1431 4496 1569 4565 αὐτῇ
1607 4509 1850 4564 μεταμε-

1937 1995 2005 2050 sti
2036 1994 2059 2049 ?
2087 1994 2169 2050 Ad
2208 1995 2346 2058 haec,
2374 1995 2839 2067 quemadmodum
2874 1995 2965 2052 illa
2990 1997 3177 2052 verbis
3202 1996 3474 2052 Satanieis
3497 2037 3512 2061 ,

1940 2089 2013 2143 ita
2044 2088 2220 2143 multo
2266 2089 2440 2160 magis
2480 2089 2596 2160 ipse
2628 2090 2968 2146 sermoribus
3004 2089 3306 2146 abundavit
3349 2090 3517 2160 spiri-
3599 2145 3604 2150 .
3661 2076 3663 2079 1

1941 2182 2205 2245 tualibus,
2230 2194 2287 2238 et
2322 2183 2516 2254 quales
2548 2184 2725 2254 ipsum
2752 2182 2960 2250 dicere,
2984 2194 3041 2239 et
3069 2199 3189 2239 eam
3227 2184 3518 2256 oportebat

1941 2277 2158 2332 audire.
2194 2276 2250 2333 Si
2289 2278 2374 2332 vis
2409 2277 2581 2341 enim,
2615 2276 2821 2348 inquit,
2855 2294 2957 2334 nos
2978 2276 3170 2334 ambos
3195 2279 3357 2333 simul
3393 2277 3493 2333 dor

1942 2370 2080 2425 mire
2107 2411 2122 2436 ,
2148 2369 2244 2425 ubi
2272 2369 2371 2425 tibi
2406 2369 2617 2437 dixero,
2652 2371 2764 2426 illic
2786 2372 2991 2443 pariter
3006 2371 3334 2443 jaeebimus.
3365 2373 3522 2426 Post-

1940 2479 2104 2533 quam
2128 2479 2262 2522 vero
2298 2463 2391 2519 illa
2426 2480 2740 2521 sermonem
2776 2465 3032 2536 arripuit,
3073 2476 3128 2521 et
3178 2467 3389 2539 rogavit
3436 2466 3518 2521 lo-

1941 2569 2087 2621 cum,
2116 2554 2207 2609 ubi
2240 2554 2348 2611 hoc
2378 2554 2496 2611 fieri
2530 2564 2817 2626 oporteret
2857 2572 2872 2614 :
2905 2556 3024 2610 Non
3055 2556 3111 2611 in
3150 2559 3279 2634 alio,
3319 2557 3527 2627 inquit,-

1941 2646 2086 2711 loco,
2139 2655 2323 2702 tecum
2382 2646 2731 2719 congrediar,
2778 2648 2886 2703 nisi
2933 2648 2989 2703 in
3041 2650 3223 2706 medio
3254 2651 3521 2707 civitatis.

1944 2736 2048 2793 Sed
2080 2753 2214 2804 non,
2270 2738 2450 2809 inquit
2482 2739 2593 2801 illa,
2618 2739 2831 2812 pudore
2879 2735 3058 2811 atque
3081 2740 3284 2799 rubore
3336 2754 3525 2814 aperte

1943 2828 2248 2887 aﬂiciemnr
2277 2846 2307 2886 a
2349 2821 2668 2887 videntibus
2721 2833 3066 2901 hominibus,
3099 2835 3145 2890 si
3189 2835 3268 2891 sic
3311 2852 3413 2891 nos
3452 2838 3525 2893 ibi

1940 2922 2223 2992 iaceamus
2261 2924 2315 2978 in
2350 2922 2567 2979 medio?
2600 2922 2770 2994 Capta
2794 2926 2979 2981 autem
3026 2935 3110 2982 est
3148 2926 3368 2992 mulier,
3403 2943 3527 2998 qua:

1945 3015 2120 3071 voluit
2150 3031 2347 3086 capere
2390 3016 2753 3088 impatihilem
2789 3030 2846 3075 et
2871 3021 3351 3091 ineXpugnabilem
3403 3023 3527 3077 auio

1948 3115 2115 3185 "iatn,
2155 3114 2216 3161 ut
2244 3122 2366 3177 quze
2398 3122 2467 3162 ne
2496 3106 2603 3163 hoc
2630 3107 2854 3178 quidem
2893 3112 3138 3180 potuerit
3170 3126 3525 3182 cognoscere.

1949 3198 2098 3268 quod
2128 3200 2262 3255 dicit
2303 3201 2559 3256 Salomon
2598 3218 2612 3256 :
2649 3200 2799 3258 Oculi
2839 3201 3055 3257 Domini
3099 3204 3344 3258 altissimi
3404 3216 3527 3260 sunt
3592 3231 3602 3242 -

1949 3293 2424 3359 innumerabilibus
2466 3295 2704 3365 partibus
2742 3295 2854 3350 sole
2876 3279 3276 3368 splendidiores,
3305 3300 3394 3371 qui
3440 3301 3530 3355 in-

1953 3393 2167 3438 tuentur
2181 3400 2361 3440 omnes
2381 3387 2492 3440 vias
2515 3386 2788 3441 hominum
2811 3388 2851 3440 ⁸.

2026 3477 2139 3532 νιι.
2161 3477 2297 3534 Cum
2330 3494 2462 3536 vero
2477 3480 2662 3535 statim
2682 3480 3077 3550 velutiansam,
3092 3470 3319 3539 verbum
3333 3499 3532 3555 appre-

1952 3569 2232 3626 hendisset
2275 3571 2361 3626 vir
2416 3572 2737 3642 praeclarus,
2765 3583 2975 3646 contra
3020 3577 3245 3631 intulit:
3295 3578 3348 3632 Si
3387 3581 3531 3647 ergo

1954 3660 2240 3715 hominum
2267 3661 2525 3732 judicasti
2549 3664 2740 3720 oculos
2763 3667 2899 3721 satis
2914 3682 3037 3723 esse
3058 3668 3126 3723 ad
3166 3669 3375 3739 pudore
3410 3672 3530 3725 alli-

1953 3755 2202 3809 eiendam
2221 3755 2551 3820 animam,et
2567 3771 2598 3811 a
2619 3757 2755 3812 mala
2769 3761 2983 3815 actione
3004 3761 3383 3819 abducendam
3401 3780 3416 3816 :
3437 3763 3535 3819 Dei

1954 3847 2165 3911 oculos,
2186 3848 2280 3918 qui
2334 3848 2517 3902 omnia
2567 3849 2874 3916 intuentur,
2901 3859 3009 3905 tam
3048 3869 3168 3921 quae
3198 3854 3336 3908 clam
3369 3870 3535 3923 quam

1955 3956 2079 4012 qua:
2113 3950 2300 4013 aperte
2327 3940 2489 4008 fiunt,
2511 3958 2694 3997 nonne
2722 3944 2896 3999 multo
2923 3945 3095 4016 magis
3132 3947 3535 4013 reverebimur,

1955 4047 2012 4093 et
2068 4037 2562 4104 exstimeseemus,
2604 4048 2659 4094 et
2691 4022 2752 4094 δ”
2777 4055 2836 4095 re
2877 4041 3017 4097 mala
3056 4042 3461 4099 abstinebimus
3521 4063 3535 4099 :

1956 4127 2053 4198 qui
2087 4143 2306 4199 semper
2332 4128 2620 4184 nobiseum
2665 4128 3007 4186 habitantem
3041 4132 3098 4186 in
3147 4134 3308 4188 nobis
3334 4133 3540 4190 excitat

1957 4220 2372 4283 Conscientiam,
2399 4229 2456 4274 et
2474 4235 2541 4275 ex
2570 4236 2634 4277 ea
2662 4223 2822 4278 nobis
2840 4231 3088 4278 reservat
3117 4233 3388 4280 tormenta
3419 4241 3542 4295 qua:

1959 4309 2121 4365 linem
2143 4327 2250 4377 non
2274 4313 2552 4384 accipiunt
2573 4313 2740 4370 illisae
2765 4313 3106 4380 still‘ecerunt
3125 4332 3232 4370 non
3264 4317 3442 4372 solum
3469 4316 3541 4371 ad

1958 4402 2236 4468 meretrici
2277 4404 2740 4474 persuadendum.
2768 4415 2828 4460 ut
2862 4405 3248 4461 abstinet-etab
3282 4406 3536 4476 improba

1959 4495 2012 4548 in
2035 4509 2160 4548 eum
2184 4493 2435 4561 libidine,
2464 4495 2560 4550 sed
2587 4506 2647 4551 ut
2665 4497 2909 4566 priorum
2932 4497 3100 4552 etiam
3125 4512 3245 4552 eam
3274 4499 3541 4552 malorum

266 4584 434 4656 λῆσαι
462 4587 669 4652 κακῶν,
700 4588 824 4641 ὅλου
875 4604 934 4641 τε
968 4589 1063 4641 τοῦ
1103 4587 1220 4657 βίου
1283 4585 1587 4657 μεταϐολὴν
1625 4583 1721 4637 καὶ
1752 4585 1841 4652 τῆς

1960 4586 2721 4655 ρωηίιετοι,οῑιηιιιιιιίοηειιι
2750 4588 2976 4645 all‘erret
3005 4590 3175 4645 totius
3196 4591 3319 4644 vita:
3341 4600 3396 4645 et
3416 4606 3545 4645 sen-

176 4674 184 4681 ’
268 4679 499 4752 γνώμης
523 4681 777 4736 ἐνθεῖναι.
809 4680 1018 4735 Λύτίκα
1049 4680 1182 4749 γοῦν
1214 4676 1620 4749 προσελθοῦσα,
1653 4676 1747 4729 καὶ
1769 4677 1850 4740 είς

268 4774 376 4841 γῆν
407 4773 665 4836 πεσοῦσα,
693 4774 788 4828 καὶ
812 4772 988 4829 ποδῶν
1009 4772 1226 4842 ἐκείνου
1248 4772 1356 4824 τῶν
1387 4769 1552 4840 ἱερῶν
1574 4768 1850 4840 ἁψαμένη,

274 4865 608 4937 συγγνώμην
661 4882 721 4918 τε
777 4855 962 4938 ᾐτεῖτο
991 4865 1091 4933 τῆς
1123 4864 1503 4943 ἁλλογωτάτης
1556 4862 1853 4933 ἐπιθυμίας

273 4957 371 5009 καὶ
403 4958 703 5011 ἀκολάστου
730 4957 902 5028 ῥοπῆς
921 4971 935 4986 ⁸
963 4957 1055 5009 καὶ
1079 4957 1224 5019 ὅπως
1254 4955 1322 5010 ἂν
1349 4954 1580 5023 γνησίαν
1605 4946 1851 5021 εἰσενεγ-

271 5049 446 5104 ποῦσα
472 5050 573 5120 τὴν
622 5052 934 5119 μετάνοιαν,
967 5049 1067 5118 τῆς
1091 5047 1231 5102 “6δοῦ
1261 5049 1399 5119 πρὸς
1432 5049 1711 5120 σωτηρίαν
1765 5065 1854 5117 φε-

274 5140 474 5213 ρούσης
499 5140 576 5211 μὴ
602 5141 919 5212 διαμάρτοι,
969 5134 1162 5209 ὁδηγὸν
1195 5141 1360 5193 αὑτὸν
1412 5142 1505 5193 καὶ
1533 5137 1852 5193 διδάσκαλον

264 5228 427 5299 ,ἠξίου
444 5229 644 5285 λαϐεῖν.
686 5232 746 5285 ὐ
772 5231 825 5284 δὲ
842 5232 956 5292 (καὶ
975 5231 1092 5294 πῶς
1119 5234 1226 5303 γὰρ
1251 5233 1350 5285 οὐκ
1370 5229 1856 5302 ἕμελλενἘφρατμ

275 5323 352 5374 ὣν
396 5325 625 5389 ἐκεῖνος,
675 5325 942 5395 αἰτήμασι
993 5324 1257 5388 τοιούτοις
1303 5323 1535 5395 ἑτοίμως
1564 5323 1858 5393 ὑπηρετεῖν

276 5412 375 5466 καὶ
406 5409 688 5483 παραινεῖν
737 5419 807 5469 τὰ
834 5416 1090 5487 δέοντα;)
1129 5417 1221 5469 καὶ
1271 5416 1365 5469 τοῦ
1403 5417 1478 5486 μὴ
1527 5415 1860 5484 πορευθῆναι

281 5501 470 5565 πάλιν,
498 5504 592 5557 τοῦ
625 5504 771 5558 θείου
833 5507 1333 5576 φάναιἻερεμίου,
1366 5506 1543 5559 ὀπίσω
1569 5506 1678 5557 τῶν
1706 5504 1860 5583 ένθυ⁴

286 5594 556 5665 μημάτων
584 5596 682 5666 τῆς
713 5598 937 5668 καρδίας
972 5599 1141 5668 αὐτῆς
1175 5600 1275 5668 τῆς
1305 5600 1568 5669 πονηρᾶς,
1597 5597 1733 5669 μηδὲ
1757 5613 1856 5649 κα-

282 5688 650 5757 ταςρονῆσαι,
699 5688 793 5741 τοῦ
850 5688 1188 5759 δευτερῶσαι
1226 5690 1384 5753 ὀδοὺς
1407 5692 1595 5758 αὐτῆς,
1621 5689 1862 5759 ἀσφαλέ-

362 5870 570 5928 ³Εεείί.
595 5888 749 5937 χχιιι,
783 5872 874 5927 9.8.
953 5872 972 5902 δ
997 5871 1200 5926 Jerem.
1225 5888 1322 5936 vn,
1354 5874 1445 5927 9.5.

619 5968 889 6027 PL‘WOL.
926 5969 1041 6027 (in.
1079 5967 1292 6029 CXIV.

1959 4677 2166 4732 lentiae.
2197 4677 2390 4732 Statim
2417 4679 2600 4750 itaque
2630 4680 2921 4746 accedens,
2945 4689 3001 4736 et
3030 4680 3185 4735 humi
3222 4680 3539 4751 procidens,
3622 4736 3629 4743 ,

1954 4780 2010 4825 et
2042 4786 2229 4826 sacros
2263 4764 2414 4826 illius
2462 4771 2632 4842 pedes
2661 4783 2908 4844 tangens.
2940 4776 3104 4846 petiit
3143 4775 3360 4829 veniam
3401 4790 3432 4829 a
3461 4791 3543 4829 ra-

1958 4861 2104 4917 tione
2116 4862 2467 4920 alienissimae
2487 4863 2830 4935 cupiditatis,
2849 4865 3253 4937 impudicaaque
3268 4876 3326 4921 et
3340 4867 3546 4921 intem-

1957 4956 2601 5027 perantispropensionis
2634 4976 2649 5012 :
2680 4965 2737 5014 et
2765 4974 2857 5025 ne,
2884 4944 3007 5015 eum
3031 4975 3217 5023 veram
3247 4969 3304 5016 et
3327 4976 3543 5031 germa-

1957 5060 2086 5123 nam
2119 5046 2393 5102 attulisset
2437 5043 2843 5117 paenitentiam,
2876 5062 2906 5103 a
2960 5049 3048 5104 via
3104 5065 3227 5121 quae
3277 5049 3428 5106 ducit
3475 5051 3543 5106 ad

1961 5140 2195 5195 salutem
2223 5139 2531 5204 aberraret,
2557 5155 2685 5195 eum
2707 5144 2903 5196 ducem
2938 5151 2994 5197 et
3022 5144 3341 5215 magistrum
3374 5144 3549 5198 voluit

1963 5230 2236 5298 accipere.
2270 5225 2365 5284 llle
2422 5239 2607 5285 autem
2655 5232 2952 5302 (quomodo
2997 5234 3165 5298 enim,
3224 5226 3348 5288 cum
3400 5243 3548 5290 esset

1966 5322 2056 5377 ille
2098 5321 2376 5392 Ephrzem,
2409 5337 2516 5377 non
2546 5331 2670 5378 erat
2717 5318 2920 5379 talibus
2949 5326 3233 5405 pariturus
3268 5325 3548 5395 petitioni-
3592 5328 3593 5331 “

1965 5414 2091 5480 bus,
2128 5426 2184 5470 et
2207 5432 2291 5479 ea,
2318 5428 2442 5486 qua:
2472 5432 2569 5488 par
2594 5427 2733 5485 erat,
2768 5418 3216 5489 admoniturus‘!)
3249 5435 3317 5475 ne
3354 5434 3547 5472 rursus

1968 5507 2305 5571 ambularet,
2343 5519 2401 5562 ut
2430 5525 2553 5562 cum
2584 5510 2777 5565 divino
2810 5512 2988 5565 dicam
3015 5511 3274 5575 .leremia,
3310 5518 3435 5581 post
3457 5524 3550 5565 co-

1962 5599 2256 5669 gitationes
2276 5599 2462 5653 cordis
2491 5602 2576 5655 sui
2617 5600 2806 5668 mali",
2840 5616 3015 5671 neque
3051 5610 3451 5661 contemneret.
3476 5602 3549 5654 ita

1970 5699 2028 5745 ut
2055 5690 2168 5745 vias
2200 5689 2418 5760 priores
2440 5701 2737 5761 repeteret,
2767 5678 3019 5763 praecipit
3054 5693 3293 5759 egregie,
3316 5704 3549 5761 sanique

3185 5965 3258 6024 ιδ
