3834 6506
364 358 497 423 i259

1536 347 1822 411 MENSIS
1862 347 2382 416 FEBBUABIUS.

3487 344 3627 411 12120

356 476 413 529 in
468 470 761 527 mulierum
834 467 1063 525 includit
1118 462 1477 526 monasterio,
1531 477 1654 532 quae
1715 460 1938 517 virtutis

2048 477 2223 516 στατα
2284 461 2682 533 παραγγέλλει,
2747 461 2823 524 είς
2862 457 3224 531 μοναστήριόν
3251 472 3308 509 τι
3342 455 3624 524 γυναικῶν

356 578 546 621 curam
598 563 864 635 gerebant
892 579 903 616 :
936 569 992 617 et
1024 558 1245 615 tandem
1297 570 1419 611 cum
1464 568 1585 611 eam
1627 569 1749 624 qua:
1776 569 1805 607 a
1848 552 1935 607 via

359 670 506 718 recta
529 660 687 716 illum
718 657 935 714 volebat
969 656 1266 717 abducere,
1304 654 1419 721 ipse
1452 666 1482 705 a
1517 650 1604 705 via
1658 648 1800 704 mala
1834 663 1935 718 po-

361 754 470 812 tius
498 737 879 818 convertisset,
907 748 1132 818 iustitiae
1161 746 1396 801 fructum
1421 741 1615 798 habuit
1642 740 1789 796 illam
1806 754 1938 795 con-

359 845 694 902 versionem.
732 842 822 898 Sic
852 841 1075 895 divinus
1100 838 1354 908 Ephrzem
1391 850 1515 890 cum
1552 833 1606 890 in
1653 834 1791 887 duas
1855 830 1935 885 in-

359 938 586 994 cidisset
618 933 958 994 meretrices.
990 932 1120 987 huic
1149 930 1371 1002 quidem
1409 926 1640 1000 profuit,
1674 926 1791 996 ipse
1839 940 1937 979 au-

362 1038 469 1084 teda
499 1043 565 1082 ex
584 1027 759 1082 altera
789 1021 1005 1093 accepit
1033 1022 1326 1100 utilitatem
1361 1036 1373 1071 :
1408 1025 1525 1082 aut,
1550 1026 1610 1072 ut
1632 1014 1827 1090 verius
1851 1013 1935 1069 di-

357 1136 499 1185 cam,
530 1135 595 1174 ex
623 1126 889 1187 utraque;
918 1124 972 1170 et
1003 1124 1297 1184 utrumque
1322 1122 1521 1183 praeter
1537 1125 1689 1180 spem
1714 1123 1934 1163 omnem

357 1212 581 1275 accidit,
611 1212 801 1280 utpote
828 1204 974 1276 quod
1021 1206 1270 1260 divinum
1306 1202 1569 1280 auxilium
1593 1200 1648 1254 in
1685 1200 1933 1268 utrisque

358 1304 721 1360 concurrerit.
1408 1308 1413 1313 ’
1446 1278 1454 1286 ’

437 1395 571 1450 Vill.
598 1395 738 1450 llinc
765 1392 832 1449 ad
853 1407 997 1456 eam,
1030 1405 1150 1462 quae
1176 1396 1260 1445 est
1280 1387 1333 1443 in
1359 1385 1729 1462 Cappadocia,
1756 1384 1935 1439 Casa-

360 1504 516 1559 ream
553 1487 822 1542 deductus
852 1500 882 1539 a
913 1460 1103 1554 gratia.
1138 1496 1259 1552 quae
1280 1496 1343 1535 ex
1376 1480 1486 1534 alto
1514 1495 1640 1534 eum
1680 1460 1936 1538 ducebat,

362 1595 618 1651 magnum
651 1578 726 1634 ibi
747 1576 885 1631 vidit
912 1568 1198 1638 Basilium,
1217 1588 1279 1628 os
1304 1572 1580 1635 Ecclesiae,
1605 1570 1810 1626 fontem
1836 1568 1935 1623 do-

360 1681 626 1743 gmatum.
657 1668 832 1736 Quem
878 1680 1003 1721 cum
1038 1663 1267 1722 vidisset
1293 1661 1567 1732 prrtem,
1603 1659 1771 1728 ccepit
1807 1670 1937 1712 eum

360 1762 550 1833 multis
574 1761 846 1816 honorare
880 1756 1159 1812 laudibus.
1191 1752 1503 1823 PerSpicaci
1554 1750 1705 1806 enim
1765 1748 1935 1802 animi

361 1852 525 1909 oculo
574 1850 838 1909 cernebat
867 1847 1161 1920 quamdam
1202 1845 1510 1902 columbam
1555 1848 1692 1909 (erat
1753 1852 1935 1899 autem

360 1948 509 2003 illius
542 1945 716 1999 forma
751 1942 922 1999 radiis
974 1940 1107 1997 solis
1138 1937 1354 2010 similis)
1403 1938 1742 2010 praeclaram,
1778 1950 1935 2005 prae-

359 2042 506 2095 clare
545 2039 667 2108 ejus
714 2036 948 2092 humero
996 2032 1347 2097 insidentem,
1375 2039 1431 2085 et
1474 2031 1530 2085 in
1566 2043 1756 2083 aurem
1808 2040 1934 2081 cum

358 2130 561 2187 Basilio
587 2130 904 2199 loquentem
938 2143 953 2180 :
980 2133 1035 2181 et
1059 2125 1214 2179 illum
1242 2138 1437 2178 rursus
1459 2138 1524 2178 ea
1574 2121 1698 2191 (iure
1721 2118 1789 2174 ab
1818 2120 1936 2188 ipsa

358 2225 528 2279 veluti
547 2221 919 2283 dictabanlur,
946 2216 1151 2271 referre
1180 2215 1403 2287 populo.
1430 2214 1475 2267 A
1502 2227 1608 2283 qua
1626 2209 1937 2267 veneranda

359 2313 613 2370 columba
666 2327 790 2367 cum
837 2309 1123 2365 didicisset
1162 2307 1232 2363 de
1270 2306 1545 2375 Ephrtem,
1579 2312 1635 2358 et
1682 2304 1935 2374 quisnam

357 2414 506 2463 esset
539 2403 816 2475 cognovit.
843 2411 898 2456 et
930 2410 1165 2471 quanam
1202 2398 1269 2454 de
1297 2412 1462 2453 causa
1499 2395 1756 2451 venisset.
1792 2392 1939 2461 Quo-

360 2498 507 2553 circa
552 2504 607 2552 et
636 2510 694 2551 se
724 2494 959 2550 invicem
990 2505 1245 2547 sermone
1296 2488 1639 2559 impertiunt,
1670 2497 1725 2543 et
1746 2485 1939 2541 fruun-

334 2600 454 2643 ‘tur
479 2580 620 2643 alter
644 2586 871 2641 alterius
900 2582 1085 2639 bonis.
1113 2579 1219 2636 Sed
1255 2580 1644 2636 revertendum
1695 2588 1779 2634 cst
1808 2580 1947 2632 rur~‘

337 2694 452 2737 'sus
476 2681 543 2736 ad
572 2680 816 2736 divinum
861 2676 1142 2747 Ephraem,
1184 2683 1239 2729 et
1285 2673 1414 2730 solae
1461 2673 1607 2727 illius
1658 2664 1749 2725 res
1808 2675 1939 2724 sunt

356 2788 494 2845 pure
530 2770 850 2835 narranda;
885 2766 1347 2838 quemadmodum
1372 2763 1579 2818 nullam
1609 2762 1934 2818 admittebat

361 2865 771 2935 cogitationem,
793 2876 913 2932 quae
939 2875 1050 2929 non
1083 2858 1134 2914 ei
1163 2856 1441 2913 conferret
1469 2854 1536 2910 ad
1566 2855 1787 2910 virtutis
1806 2868 1939 2923 ope-

360 2958 650 3018 rationem,
695 2964 750 3008 et
801 2949 1264 3022 quemadmodum
1300 2947 1516 3003 abunde
1570 2954 1692 3001 erat
1743 2961 1774 3001 a
1824 2946 1937 3008 Deo

360 3049 550 3103 datum
587 3046 854 3102 talentum
876 3045 1143 3099 doctrinae
1184 3061 1198 3097 :
1235 3040 1382 3113 quod
1415 3038 1641 3110 quidem
1674 3038 1766 3092 ille
1791 3052 1937 3093 sem-

361 3155 458 3208 per
481 3139 755 3208 praecipue.
769 3146 985 3212 augere
999 3133 1066 3188 ad
1082 3147 1297 3189 mensas
1317 3131 1574 3188 studebat
1603 3129 1936 3189 animarum.

435 3312 528 3368 IX.
547 3313 674 3384 ipse
706 3318 892 3367 autem
910 3311 1016 3366 hoc
1036 3308 1332 3380 signiﬁcat,
1359 3310 1550 3365 diceris
1590 3329 1603 3365 :
1637 3310 1786 3381 quod
1813 3323 1938 3363 cum

363 3402 545 3459 adhuc
573 3410 719 3458 esset
752 3416 889 3472 puer
910 3409 975 3455 et
994 3400 1238 3455 nondum
1264 3399 1331 3454 ad
1358 3398 1561 3470 ephebi
1597 3400 1940 3470 pervenisset

358 3507 598 3562 :ctalem,
625 3496 827 3553 viderit
868 3494 1159 3566 quamdam
1204 3494 1370 3549 vitem
1422 3494 1712 3565 permultis
1758 3493 1939 3549 botris

346 3595 605 3664 plenam,
646 3608 677 3648 e
738 3592 923 3662 lingua
964 3606 1062 3645 sua
1092 3599 1332 3654 enatam,
1369 3584 1440 3645 in'
1458 3607 1710 3661 magnam
1770 3590 1939 3645 fuisse

348 3690 632 3746 'sublatam
663 3687 1035 3749 altitudinem,
1063 3694 1120 3741 et
1157 3686 1429 3740 universa:
1461 3698 1617 3739 terrae
1642 3700 1939 3754 occupasse

363 3781 732 3854 superﬁciem.
772 3780 840 3834 Et
870 3794 1064 3835 omnes
1090 3776 1313 3847 quidem
1344 3778 1395 3832 ei
1431 3776 1748 3832 insidebant
1777 3777 1937 3831 volu-

366 3890 509 3940 cres,
534 3884 590 3929 et
613 3872 1104 3935 circumvolabant,
1136 3879 1191 3924 et
1234 3869 1423 3925 botros
1451 3866 1772 3940 pascebant.
1801 3869 1942 3925 Vitis

364 3983 519 4032 vero,
546 3981 657 4036 quo
714 3964 887 4036 magis
940 3964 1062 4034 ejus
1104 3961 1250 4016 botri
1306 3962 1697 4030 carpebantur,
1733 3968 1789 4015 et
1830 3975 1941 4030 quo

331 4088 336 4092 -
368 4059 657 4115 liberalius
691 4067 748 4113 et
791 4055 1137 4127 splendidius
1173 4069 1304 4109 aves
1352 4052 1686 4124 excipiedat,
1722 4067 1790 4109 eo
1825 4067 1942 4107 ma-

361 4153 467 4223 jori
515 4152 698 4207 fructu
740 4148 1021 4210 scatebat,
1056 4145 1411 4214 fructumque
1449 4144 1682 4198 multum
1716 4130 1941 4215 produ—

364 4250 543 4310 nebat,
571 4255 629 4301 et
667 4244 975 4315 copiosum.
1015 4241 1084 4297 Et
1141 4241 1248 4297 hoc
1279 4239 1505 4315 quidem
1549 4238 1665 4308 ipse
1704 4238 1839 4293 dicit
1873 4238 1941 4293 de

369 4343 571 4411 seipse.
608 4339 749 4394 Illud
779 4345 967 4392 autem
1000 4335 1103 4390 hoc
1145 4349 1367 4406 quoque
1415 4332 1507 4387 alii
1557 4330 1810 4402 prraem
1841 4344 1941 4386 suo

369 4432 624 4487 tribuunt
664 4427 1005 4495 testimonio,
1034 4426 1200 4482 exiis
1249 4423 1344 4497 qui
1386 4424 1537 4497 digni
1583 4426 1714 4480 sunt
1764 4422 1940 4479 habiti

2038 556 2249 625 είσάγει
2270 556 2472 628 ἀρετῆς
2507 555 2983 626 ἐπιμελουμένων·
3021 555 3115 607 καὶ
3136 551 3312 614 τέλος,
3344 549 3445 621 τὴν
3478 549 3624 603 ἐκεῖ·

2037 665 2129 702 νον
2154 649 2509 713 ὑποσκελίσαι
2534 649 2633 719 τῆς
2655 646 2873 709 εὐθείας
2901 644 3023 699 ὁδοῦ
3056 643 3434 714 βουληθεῖσαν,
3456 639 3624 702 αὐτὸς

2039 741 2148 796 ἀπὸ
2176 741 2276 812 τῆς
2304 742 2423 795 6δοῦ
2461 741 2661 811 μᾶλλον
2688 740 2787 811 τῆς
2823 740 3066 810 πονηρᾶς
3093 736 3451 807 ἐπιστρέψας,
3481 749 3622 804 καρο

2041 832 2140 885 πὸν
2182 832 2308 902 ἔσχε
2340 832 2710 903 δικαιοσύνης.
2740 831 2838 901 τῆς
2869 831 3086 901 ἐκείνης
3116 828 3478 898 ἐπιστροφήν.
3511 822 3621 878 06-

2040 942 2143 989 τως
2173 925 2201 978 ό
2227 925 2369 988 θεῖος
2402 923 2644 995 Ἰεῖφρατμ
2670 922 2762 977 δύο
2796 923 3028 991 πόρναις
3057 921 3305 990 γυναιξὶν
3351 916 3618 995 ἐντυχὼν,

2039 1018 2136 1089 τὴν
2166 1019 2264 1088 μὲν
2286 992 2693 1088 ὠφέλησενξέκ
2720 1018 2778 1072 δέ
2802 1019 2902 1088 τῆς
2924 1016 3087 1079 αὐτὸς
3123 992 3439 1089 ἀπέλαυσεν
3469 1009 3623 1078 ὠφει

2039 1086 2209 1173 λείας,
2258 1109 2292 1181 ἦ
2348 1086 2750 1181 τάλήθέστερον
2790 1086 2989 1171 εἰπεῖν,
3018 1106 3078 1172 ἐξ
3105 1086 3439 1175 ἀμφοτέρων
3452 1116 3467 1130 ·
3523 1097 3619 1153 καὶ

2041 1203 2174 1275 παρ’
2221 1202 2414 1257 ἐλπίδα
2470 1205 2655 1256 πᾶσαν
2719 1202 3032 1273 ἀμφότερα,
3087 1198 3184 1253 ἅτε
3214 1197 3281 1268 δὴ
3314 1196 3409 1249 καὶ
3442 1193 3618 1267 ῥοπῆς

2036 1294 2192 1368 θείης
2215 1295 2635 1365 συνδραμούσης
2667 1294 2755 1349 ἐπ’
2788 1294 3150 1365 ἀμφοτέροις,

2112 1389 2195 1442 H'.
2216 1387 2459 1441 Ἐκεῖθεν
2486 1387 2583 1441 ἐπὶ
2605 1385 2704 1458 τὴν
2726 1385 3124 1447 Καππαδοκίας
3148 1381 3492 1451 Καισάρειαν
3516 1379 3621 1434 ὑπὸ

2041 1482 2137 1551 τῆς
2168 1483 2413 1554 ἀγούσης
2468 1484 2653 1538 αὐτόν’
2681 1482 2890 1538 ἄνωθεν
2939 1481 3225 1553 ὁδηγηθεὶς
3257 1480 3501 1550 χάριτος,
3533 1477 3621 1529 τὶν

2042 1578 2217 1646 μέγαν
2245 1572 2353 1629 εἶδε
2379 1575 2680 1640 Βασίλειον,
2712 1575 2773 1630 τὸ
2798 1576 2975 1645 στόμα
2999 1575 3102 1641 τῆς
3139 1570 3491 1642 Ἕκκλησίας,
3519 1568 3622 1639 τὴν

2040 1667 2150 1721 τῶν
2188 1667 2475 1739 δογμάτων
2533 1668 2739 1740 πηγήν.
2803 1669 2898 1721 ’ον
2964 1665 3207 1739 Ἐφραῖμ
3239 1662 3623 1724 ίδὼνπολλαῐς

2042 1758 2247 1830 ἤρξατο
2306 1760 2759 1840 γεραίρεινκταῖς
2792 1759 3113 1830 εὐφημίαις.
3172 1755 3480 1827 Διορατικῷ
3513 1754 3622 1823 γὰρ

1976 1836 2015 1893 Β
2043 1852 2253 1920 ὄμματι
2274 1850 2372 1922 τῆς
2399 1836 2705 1924 ψυχῆςόρᾷ
2734 1868 2854 1905 τινα
2876 1851 3204 1922 περιστερὰν
3227 1848 3413 1920 (ἡλίου
3437 1848 3621 1901 ἀκτῖσι

2042 1945 2101 1996 τὸ
2131 1941 2270 2008 εἶδος
2322 1946 2542 2017 ἐκείνης¹
2580 1946 2767 2017 ὅμοιον
2790 1941 2879 2017 ἦν)
2932 1942 3010 2014 τῷ
3056 1941 3215 2013 δεξιῷ
3269 1940 3457 1994 τούτου
3486 1937 3622 2006 ὤμῳ

1990 2106 2000 2115 ἠ
2040 2035 2298 2109 λαμπρὰν
2326 2037 2598 2108 λαμπρῶς
2643 2038 3083 2109 ἐπικαθημένην,
3110 2035 3248 2108 πρὸς
3273 2032 3367 2097 οὖς
3393 2049 3454 2086 τε
3498 2035 3622 2101 ὁμι-

2038 2128 2237 2183 λοῦσαν
2267 2130 2346 2201 τῷ
2374 2131 2672 2201 Βασιλείῳ,
2697 2133 2955 2185 κάκεῖνον
2988 2129 3150 2184 πάλιν
3177 2126 3257 2197 τῷ
3282 2125 3401 2197 λαῷ
3426 2124 3500 2178 τὰ
3527 2119 3621 2177 ὑπ’

2039 2224 2212 2294 αὐτῆς
2235 2223 2425 2295 ὥσπερ
2451 2224 2908 2297 ύπαγορευόμενα
2948 2222 3327 2293 διηγούμενον.
3381 2219 3481 2282 ⁸ος
3531 2216 3626 2271 καὶ

2042 2315 2146 2369 ὑπὸ
2175 2317 2275 2386 τῆς
2329 2309 2534 2386 σεπτῆς
2588 2318 2805 2389 ἐκείνης
2854 2316 3184 2387 περιστερᾶς
3232 2312 3305 2367 τὰ
3351 2311 3497 2366 κατὰ
3527 2305 3618 2364 τδν

2051 2407 2295 2479 Ἐφραῖμ
2336 2409 2584 2480 μυηθεὶς,
2615 2409 2757 2479 ἔγνω
2779 2427 2839 2464 τε
2865 2410 3028 2463 αὐτὸν
3054 2411 3201 2471 ὅστις
3233 2407 3344 2482 εἴη,
3380 2405 3479 2458 καὶ
3498 2405 3620 2457 δτου

2039 2502 2200 2573 χάριν
2221 2503 2500 2572 ἀφίκοιτο,
2532 2502 2602 2558 δι’
2627 2503 2656 2557 ὃ
2687 2504 2783 2558 καὶ
2827 2502 3207 2576 μεταδιδοῦσιν
3247 2500 3502 2569 ἀλλήλοις
3521 2496 3619 2566 τῆς

2037 2591 2277 2660 ὁμιλίας,
2307 2592 2401 2644 καὶ
2438 2592 2545 2646 τῶν
2581 2594 2715 2664 παρ’
2737 2591 2985 2665 ἀλλήλοις
3014 2592 3196 2647 καλῶν
3228 2588 3617 2643 ἀπολαύουσιν.

2050 2683 2196 2738 Ἀλλ’
2232 2685 2520 2738 ἐπανιτέον
2581 2687 2677 2738 καὶ
2705 2680 2863 2748 αὖθις
2893 2688 2987 2740 ἐπὶ
3041 2684 3134 2738 τὸν
3165 2683 3310 2738 θεῖον
3352 2679 3617 2752 Ἐφρατμ,

2040 2777 2137 2830 καὶ
2177 2777 2317 2848 μόνα
2345 2776 2606 2848 καθαρῶς
2640 2779 2707 2832 τὰ
2747 2780 2959 2833 ἐκείνου
2990 2777 3313 2849 διηγητέον·
3373 2777 3527 2836 ὅπως
3563 2787 3621 2823 τι

2040 2868 2302 2941 λογισμὸν
2344 2871 2540 2925 οὐδένα
2588 2870 2663 2942 μὴ
2718 2872 2855 2944 πρὸς
2914 2873 3182 2942 ἐργασίαν
3235 2868 3445 2941 ἀρετῆς
3472 2866 3620 2938 αὐτῷ

2043 2965 2473 3035 συνεισφέροντά
2495 2982 2550 3018 τι
2582 2966 2869 3037 προσίετο·
2907 2966 3001 3020 καὶ
3029 2966 3179 3028 ὅπως
3202 2964 3446 3032 δαψιλῶς
3473 2962 3620 3033 αὐτῷ

2043 3057 2196 3127 παρὰ
2240 3057 2375 3110 Θεοῦ
2408 3058 2467 3111 τὸ
2487 3058 2588 3127 τῆς
2623 3057 2976 3122 διδασκαλίας
3013 3058 3226 3112 ἐδέδοτο
3256 3058 3545 3121 τάλαντον,
3592 3054 3621 3107 δ

2045 3151 2137 3203 καὶ
2166 3149 2531 3221 διαφερόντως
2559 3153 2763 3213 ἐκεῖνος
2782 3152 2863 3212 εἰς
2893 3150 2990 3214 τὰς
3018 3150 3127 3203 τῶν
3150 3149 3338 3220 ψυχῶν
3365 3148 3619 3215 αὐξάνειν

2042 3241 2131 3296 ἀεὶ
2159 3241 2441 3312 τραπέζας
2465 3241 2792 3297 ἐσπούδασε.

2115 3331 2193 3387 9'.
2213 3333 2323 3386 Kal.
2344 3331 2503 3385 τοῦτο
2520 3332 2686 3396 αὐτὸς
2705 3334 3146 3404 ἐπισημαίνεται,
3180 3334 3377 3402 λέγων,
3408 3333 3486 3397 ὡς
3515 3333 3620 3405 ἄρα

2042 3427 2173 3489 παῖς
2228 3424 2309 3477 ἔτι
2340 3422 2417 3477 ὢν
2444 3424 2540 3477 καὶ
2573 3426 2722 3489 ἐντὸς
2777 3425 3010 3496 ἐφήϐου,
3062 3427 3310 3497 ἄμπελον
3373 3424 3476 3478 ἴδοι
3502 3425 3618 3478 τινὰ

2042 3517 2374 3591 βριθομένην
2411 3519 2638 3581 πυκνοῖς
2670 3522 2784 3582 τοῖς
2817 3520 3060 3591 βότρυσι,
3096 3519 3195 3590 τῆς
3226 3519 3425 3574 ἑαυτοῦ
3448 3520 3619 3588 γλῶτ-

2041 3629 2146 3681 της.
2177 3611 2556 3676 ἀναδοθεῖσαν,
2582 3611 2673 3665 ἐπὶ
2701 3611 2834 3665 πολύ
2858 3612 3108 3681 τε’ῢψους
3130 3613 3414 3684 ἀρθεῖσαν,
3438 3612 3533 3666 καὶ
3558 3611 3618 3666 τὰ

2042 3703 2187 3757 νῶτα
2230 3704 2405 3772 πάσης
2429 3702 2760 3772 ἐπισχοῦσαν
2788 3703 2888 3773 τῆς
2908 3706 3033 3774 γῆς.
3066 3706 3177 3758 Καὶ
3210 3706 3318 3756 πᾶν
3355 3705 3457 3774 μέν
3482 3720 3618 3775 πτη-

2043 3794 2132 3848 νὸν
2169 3795 2422 3864 ἐφιζάνον
2450 3789 2518 3867 ἦν
2550 3795 2710 3866 αὐτῇ,
2751 3794 2847 3847 καὶ
2899 3794 3352 3865 περι-πετόμενον,
3390 3795 3490 3848 καὶ
3515 3794 3618 3848 τῶν

2044 3884 2288 3965 βοτρύων
2312 3886 2650 3956 σιτούμενον.
2687 3886 2748 3940 Ἠ
2769 3886 2826 3939 δὲ
2847 3886 3088 3956 ἄμπελος
3115 3886 3225 3957 δσῳ
3243 3888 3369 3948 τοὺς
3393 3885 3618 3957 βότρυας

2043 3975 2385 4049 ύπεκείρετο,
2437 3977 2533 4030 καὶ
2587 3977 2710 4039 τοὺς
2740 3976 2957 4046 ὄρνιθας
2986 3975 3284 4047 φιλοτίμως
3332 3976 3615 4040 ἐδεξιοῦτο,

2043 4067 2285 4143 τοσούτῳ
2331 4068 2495 4123 πλέον
2547 4068 2708 4139 ἐϐρυε
2746 4067 2824 4138 τῷ
2854 4066 3074 4138 καρπῷ,
3127 4068 3224 4122 καὶ
3262 4067 3433 4120 πολὺν
3458 4062 3614 4116 αὑτὸν

2043 4160 2333 4230 ἐκυοφὸρει
2385 4158 2481 4214 καὶ
2531 4157 2779 4227 ἄφθονον.
2813 4158 2925 4213 Καὶ
2972 4157 3132 4212 τοῦτο
3168 4158 3266 4224 μὲν
3291 4154 3458 4217 αὐτός
3488 4169 3612 4223 φησι

2045 4255 2174 4325 περὶ
2201 4252 2417 4310 ἐαυτοῦ.
2469 4252 2676 4307 Ἐκεῖνο
2693 4252 2750 4306 δέ
2778 4251 2857 4320 τῷ
2891 4245 3129 4317 Ἐφραῖμ
3160 4247 3250 4301 καὶ
3280 4246 3432 4301 ἄλλοι
3458 4261 3614 4318 προσ-

2046 4343 2387 4416 μαρτυροῦσι
2438 4341 2545 4397 τῶν
2590 4340 2810 4414 βλέπειν
2861 4343 2931 4396 sit
2979 4339 3208 4395 τοιαῦτα
3272 4338 3611 4408 ἠξιωμένων.

2042 4433 2354 4489 Θεάσασθαί
2400 4451 2531 4489 ποτε
2568 4434 2822 4503 λέγουσιν
2885 4430 3136 4500 ἀγγέλων
3169 4428 3382 4500 πληθὺν
3416 4428 3613 4486 ἄνωθεν

364 4524 462 4594 qui
493 4524 610 4579 haec
636 4521 908 4577 viderent.
928 4520 1128 4575 Dicunt
1157 4517 1305 4572 enim
1322 4532 1380 4573 se
1413 4517 1711 4587 aliquando
1737 4514 1938 4570 vidisse

2048 4525 2359 4593 κατιόντας,
2383 4525 2477 4580 καὶ
2501 4525 2669 4596 τόμον
2697 4527 2768 4578 τά.
2793 4541 2852 4578 τε
2888 4522 3039 4578 ἔνδον
3088 4521 3186 4577 καὶ
3228 4522 3301 4574 τὰ
3337 4521 3497 4584 ἐκτὸς
3533 4536 3617 4589 γε·

360 4614 680 4687 angelorut’n
708 4612 1141 4678 multitudinem,
1178 4626 1209 4665 e
1244 4607 1459 4679 superis
1488 4606 1938 4670 descendentem,

360 4710 677 4778 librumque
709 4706 1044 4761 intrinsecus
1094 4710 1150 4757 et
1180 4700 1526 4756 extrinsecus
1554 4698 1817 4768 scriptum
1842 4697 1943 4752 ha-

361 4802 588 4858 bentem
608 4802 660 4854 in
674 4814 862 4854 manu.
884 4795 1041 4867 Apud
1053 4809 1112 4849 se
1128 4807 1263 4848 vero
1276 4788 1664 4846 considerabat
1680 4787 1794 4855 illa,
1822 4802 1945 4858 qua:

365 4884 718 4965 apparuerat,
755 4886 1199 4958 visio,'quisnam
1218 4894 1364 4939 esset
1390 4882 1438 4938 is
1465 4881 1555 4941 cui
1588 4881 1731 4935 liber
1762 4880 1946 4935 trade-

362 4996 553 5042 retur:
586 4993 644 5040 et
669 4997 795 5039 cum
813 4981 905 5036 alii
930 4977 1153 5049 quidem
1185 4976 1356 5042 hunc,
1382 4973 1474 5029 alii
1492 4988 1622 5029 vero
1649 4973 1825 5043 illum,
1850 4973 1944 5029 alii

363 5079 532 5133 alium
581 5082 978 5147 proponerent,
1002 5075 1273 5139 quotquot
1329 5067 1540 5122 scilicet
1590 5076 1721 5122 tunc
1757 5060 1941 5121 'vitam

364 5171 509 5240 piam
531 5166 866 5223 exercebant
891 5170 947 5219 et
986 5164 1302 5225 honestam;
1343 5160 1558 5215 tandem
1594 5175 1721 5214 cum
1754 5174 1945 5214 omnes

366 5257 756 5315 convenissent
802 5254 856 5307 in
895 5251 1169 5321 Ephrazm.
1202 5250 1253 5305 ei
1285 5250 1424 5305 liber
1446 5266 1475 5305 a
1511 5266 1666 5305 sacra
1694 5249 1945 5304 multitu-

363 5352 497 5405 dine
527 5346 917 5417 committitur.
944 5344 1314 5413 Experreetus
1354 5348 1485 5414 ergo
1507 5341 1574 5407 is,
1606 5340 1699 5411 qui
1728 5341 1942 5395 viderat

364 5438 658 5502 visionem,
690 5435 886 5489 timore
927 5431 1179 5495 allectus,
1207 5431 1358 5485 venit
1403 5430 1459 5488 in
1495 5430 1782 5485 ecclesiam
1842 5440 1856 5483 ι
1888 5437 1944 5483 et

362 5542 494 5584 'cum
550 5528 607 5582 in
665 5542 731 5581 ea
789 5524 1086 5580 invenisset
1136 5524 1431 5594 Ephraem,‘
1468 5524 1735 5580 doctrinis
1777 5539 1940 5593 quam

369 5621 611 5691 optimis,
636 5620 789 5674 etvel
812 5618 930 5688 ipso
950 5619 1107 5672 melle
1136 5618 1484 5673 suavioribus
1498 5627 1809 5689 pascentem
1824 5632 1938 5680 eos,

370 5713 462 5783 qui
491 5711 752 5775 aderant;
780 5705 1052 5775 somnium
1084 5723 1149 5763 ea
1189 5710 1399 5785 ratione
1448 5710 1695 5781 conjicit.
1730 5711 1796 5763 Et
1852 5710 1942 5764 ille

367 5807 467 5875 qui
488 5804 594 5857 lem
638 5802 750 5857 Deo
780 5800 890 5871 egit
939 5801 1139 5870 gratias
1169 5819 1182 5857 :
1210 5801 1277 5856 ab
1299 5802 1408 5871 .tllo
1437 5810 1621 5856 autem
1670 5811 1936 5869 tempore,

2047 4619 2366 4697 γραμμένον
2410 4617 2497 4672 διὰ
2532 4617 2712 4691 χειρὸς
2771 4617 3014 4689 ἔχοντας.
3063 4616 3316 4669 Ἐσκόπει
3368 4615 3428 4669 δέ
3454 4615 3489 4685 ἡ
3517 4630 3618 4682 φι-

2048 4708 2202 4760 νεῖσα
2249 4705 2369 4777 δψις
2424 4707 2608 4786 ἐκείνη
2642 4706 2777 4777 πρὶς
2828 4704 3046 4778 ἑαυτὴν,
3085 4704 3166 4768 τίς
3225 4720 3357 4759 ποτε
3391 4702 3502 4775 ἄρα
3529 4703 3615 4757 τὸν

2047 4797 2215 4868 τόμον
2271 4797 2683 4869 ἐγχειρισθείη;
2739 4798 2833 4851 καὶ
2890 4796 3001 4852 τῶν
3040 4796 3139 4866 μὲν
3175 4795 3393 4862 τοῦτον,
3424 4793 3537 4848 τῶν
3563 4793 3613 4846 δέ

2049 4891 2280 4956 ἐκεῖνον,
2313 4891 2405 4943 καὶ
2456 4887 2631 4946 ἄλλων
2662 4889 2820 4945 ἄλλον
2852 4887 3331 4959 προϐαλλομένων,
3366 4887 3486 4940 ὅσοι
3525 4885 3615 4955 δη·

2048 4979 2179 5052 λαδὴ
2203 4981 2296 5033 καὶ
2330 4979 2445 5050 βεον
2474 4979 2681 5049 εὐλαϐῆ
2714 4978 2808 5034 καὶ
2850 4982 3103 5046 σώφρονα
3132 4976 3439 5048 τηνικαῦτα
3492 4991 3617 5048 μετος

2052 5074 2219 5137 ιδντες
2236 5070 2397 5144 ἦσαν.
2427 5074 2589 5134 Τέλος
2611 5074 2704 5124 ἐπὶ
2728 5071 2806 5143 τῷ
2842 5071 3080 5141 Ἐφραῖμ
3112 5071 3370 5125 ἁπάντων
3391 5086 3613 5139 συμφω-

2047 5162 2348 5233 νησάντων,
2381 5162 2542 5225 αὐτὸς
2583 5164 2674 5216 καὶ
2704 5162 2793 5214 τῦν
2831 5164 2997 5232 τόμον
3044 5162 3147 5214 ὑπὸ
3173 5163 3274 5231 τῆς
3300 5164 3455 5226 ἱερᾶς
3485 5162 3614 5229 πλη-

2050 5254 2177 5317 θύος
2212 5254 2555 5323 πιστεύεται.
2598 5254 2942 5318 Διυπνισθεὶς
2999 5253 3140 5307 οὗνό
3183 5253 3280 5323 τὴν
3309 5253 3437 5324 δψιν
3480 5253 3611 5313 ἰδὼν,

2051 5348 2348 5417 περίφοϐος
2394 5349 2493 5419 τὴν
2554 5349 2849 5417 ἐκκλησίαν
2900 5347 3327 5416 καταλαμϐάνει,
3387 5344 3485 5398 καὶ
3532 5344 3614 5397 τὸν

2062 5440 2305 5509 Ἐφραῖμ
2339 5439 2515 5510 εὑρὼν
2553 5442 2611 5493 ἐν
2644 5441 2780 5511 αὐτῇ
2811 5439 3181 5499 διδασκαλίαις
3222 5437 3304 5489 δτι
3332 5438 3609 5507 χρησταῖς.

2048 5531 2143 5582 καὶ
2161 5529 2327 5582 αὑτοῦ
2356 5530 2568 5599 μέλιτος
2594 5531 2879 5602 ἡδυτέραις
2905 5531 3027 5590 τοὺς
3048 5526 3324 5597 παρόντας
3340 5525 3613 5579 ἐνεστιῶν-

2046 5638 2112 5673 τα
2141 5637 2153 5649 ο
2191 5620 2365 5693 ταύτῃ
2396 5622 2455 5674 τὸ
2480 5621 2612 5692 ὄναρ
2649 5601 2962 5689 συμϐάλλει,
2997 5620 3091 5670 καὶ
3117 5618 3144 5669 ὁ
3175 5617 3278 5685 μὲν
3308 5615 3465 5681 ἀξίαν
3489 5601 3625 5687 δμοί

2045 5712 2196 5778 λογεῖ
2227 5711 2304 5781 τῷ
2328 5712 2446 5782 Θεῷ
2472 5711 2568 5783 τὴν
2592 5712 2765 5783 χάριν.
2818 5709 2906 5774 Ἐξ
2936 5709 3144 5763 ἐκείνου
3164 5710 3220 5762 δέ
3251 5708 3329 5780 τῷ
3383 5707 3609 5782 Ἐφραῖμ

2044 5805 2216 5866 οὕτως
2245 5798 2359 5875 εἶχε
2398 5804 2466 5857 τὰ
2500 5804 2593 5858 τοῦ
2625 5804 2782 5872 λόγου
2808 5801 2999 5873 ῥεῖθρα
3053 5800 3326 5872 περιττῶς
3367 5801 3464 5856 καὶ
3494 5817 3605 5853 συν-
