3820 6466
174 409 316 477 1273

1260 409 1435 472 VlTA
1484 410 1551 473 S.
1575 408 1891 470 IGNATII.
1921 410 2268 473 DEIFERI.

3314 394 3452 461 12H

170 526 479 591 λυσιτελεῖς
524 523 744 590 πάντως
796 523 892 579 καὶ
946 524 1258 595 ὠφελίμους
1288 523 1641 595 ἀμφοτέροις,
1663 522 1764 587 τὰς
1791 532 1819 585 Α

1937 525 2252 581 nt.omnino
2284 525 2538 597 utrisque
2584 523 2752 580 utiles
2803 529 2861 578 et
2899 514 3284 585 conducibiles
3313 531 3328 569 :
3362 529 3458 572 eas

172 620 236 675 δὲ
269 620 530 691 βλάπτειν
584 619 679 672 καὶ
719 615 959 688 μάλιστα
985 634 1048 685 γε
1091 615 1273 687 ψυχὴν
1331 613 1642 684 δυναμένας
1673 613 1771 667 καὶ

176 713 551 782 σφοδροτέραν
568 711 709 781 αὐτῇ
732 710 826 764 τοῦ
846 710 1017 781 πυρὸς
1033 709 1133 782 τὴν
1153 713 1387 783 ⁵γέενναν
1406 708 1770 771 ύπανάπτειν,

175 808 281 877 οὐχ
306 807 335 859 6
363 804 540 869 διδοὺς
569 804 752 873 μόνον,
788 802 926 857 ἀλλὰ
957 803 1050 856 καὶ
1101 805 1130 857 6
1159 802 1328 869 αίτῷν
1373 801 1538 860 αὐτὸς
1566 797 1768 853 ἀθλιώο

175 917 363 954 etnon
407 896 711 968 Θαυμαστῆ
733 897 790 950 δέ
822 885 938 960 σου,
971 895 1219 966 βασιλεῦ,
1270 898 1362 951 καὶ
1395 894 1775 965 μεγαλόδωρος

178 992 217 1060 ἡ
246 990 550 1059 ἐπαγγελία
597 990 664 1043 Τί
703 988 811 1060 γὰρ
834 989 960 1057 ἐμοὶ
992 987 1053 1041 τὸ
1091 987 1377 1060 τοῦ¹παρᾰν
1398 988 1480 1041 σοὶ
1514 987 1772 1056 μεγίστου

180 1085 309 1148 Διὸς
339 1082 680 1153 καταστῆναι
708 1081 976 1154 ἀρχιερέα
1008 1082 1104 1135 καὶ
1164 1080 1364 1151 βουλῆς
1395 1080 1612 1150 πατέρα
1639 1080 1776 1149 κλη-

184 1177 372 1246 θῆναι,
400 1176 540 1248 ἱερεῖ
586 1192 644 1229 τε
671 1174 786 1229 δντι
813 1173 1053 1245 Χριστοῦ
1090 1173 1185 1235 καὶ
1215 1173 1408 1242 θυσίαν
1453 1171 1606 1242 αὐτῷ
1652 1166 1776 1224 καθ’

184 1271 430 1338 ἑκάστην
484 1268 745 1331 αἰνέσεως
795 1265 1001 1332 θύοντι,
1046 1267 1150 1338 ἤδη
1173 1266 1231 1320 δὲ
1275 1267 1371 1319 καὶ
1401 1265 1777 1335 ὃλονὲμαυτδν

184 1362 522 1417 καταθύσειν
552 1359 899 1431 ἐπειγομένῳ
926 1360 1020 1414 καὶ
1052 1358 1336 1428 σύμφυτον
1361 1356 1550 1411 θέσθαι
1580 1355 1660 1425 τῷ
1684 1355 1778 1408 τοῦ

187 1452 427 1515 θανάτου
460 1456 625 1512 αὑτοῦ
661 1455 990 1527 ὁμοιώματι.
1036 1454 1146 1507 Καὶ
1172 1455 1199 1506 6
1233 1452 1488 1523 βασιλεύς
1510 1468 1523 1483 ο
1572 1452 1692 1504 Τίνι
1723 1451 1780 1503 δὲ

190 1551 445 1612 σπεύδεις
468 1548 660 1603 ἑαυτὸν
683 1544 1017 1608 καταθῦσαι,
1047 1544 1124 1614 τῷ
1147 1546 1240 1597 ἐπὶ
1269 1544 1494 1598 Ποντίου
1532 1560 1783 1615 σταυρω-

176 1638 344 1697 θέντι
383 1640 658 1705 Πιλάτου;
718 1638 858 1702 Νοιὶ,⁵
889 1636 1056 1705 φησὶν
1096 1637 1123 1689 6
1177 1637 1350 1705 μέγας
1392 1635 1673 1703 Ἰγνάτιος,
1705 1632 1784 1705 τῷ
1824 1621 1833 1630 ’

190 1738 294 1805 τὴν
335 1734 612 1804 ἁμαρτίαν
640 1730 1130 1802 ἀνασταυρώσαντι
1167 1731 1263 1782 καὶ⁵
1296 1732 1387 1783 τὸν
1425 1728 1655 1798 εὑρετὴν
1688 1727 1785 1780 αὐ-

1868 626 2025 681 '\'ero,
2056 633 2180 688 quae
2209 625 2440 689 possunt
2487 615 2686 673 laedere
2717 622 2775 670 et
2812 611 3050 667 maxime
3096 608 3362 671 animam,
3401 612 3461 661 et

1871 711 2338 768 vehementiorem
2367 710 2508 782 ignis
2552 709 2861 781 gehennam
2885 704 2937 760 ei
2972 700 3275 757 accendere
3304 737 3318 761 ,
3346 710 3460 751 non

1873 807 1920 862 is
1972 805 2067 876 qui
2128 805 2223 859 dat
2287 806 2488 869 solum,
2530 803 2626 857 sed
2685 799 2855 855 etiam
2894 795 2989 867 qui
3033 794 3191 864 petit,
3231 800 3288 846 et
3336 789 3454 859 ipse

1875 898 2241 955 miserrimus.
2298 895 2653 952 Admirabilis
2699 902 2909 955 autem,
2954 903 2989 943 ο
3036 887 3357 956 imperator,
3406 889 3461 935 et

1876 990 2135 1047 muniﬁca
2169 999 2253 1045 est
2274 997 2366 1043 tua
2399 987 2713 1057 promissio.
2746 983 2887 1051 Quid
2931 981 3078 1036 enim
3119 992 3239 1033 mea
3271 976 3461 1035 refert,

1876 1100 1908 1140 a
1938 1094 1991 1140 te
2041 1083 2263 1139 maximi
2300 1080 2454 1138 Jovis
2485 1078 2749 1135 constitui
2798 1074 3157 1146 pontiﬁcem;
3189 1079 3238 1124 et
3279 1066 3464 1122 vocari

1879 1186 2090 1249 patrem
2148 1185 2394 1237 senatus,
2422 1173 2517 1243 qui
2568 1187 2690 1226 sum
2752 1166 2959 1224 Christi
3022 1162 3303 1218 sacerdos.
3332 1156 3464 1214 etei

1880 1271 2129 1341 quotidie
2154 1268 2407 1325 sacriﬁco
2440 1264 2776 1321 sacriﬁcium
2809 1260 3008 1318 laudis.
3041 1267 3097 1312 et
3129 1258 3240 1326 jam
3291 1260 3466 1307 totum

1882 1382 1971 1420 me
2008 1365 2186 1434 ipsum
2224 1376 2463 1433 propero
2491 1358 2801 1418 immolare,
2836 1364 2893 1408 et
2926 1352 3145 1407 eﬁicere
3185 1346 3471 1416 complan-

1887 1468 2059 1514 tatum
2102 1458 2222 1527 cjus
2251 1455 2445 1508 mortis
2476 1447 2915 1506 similitudini'?
2945 1445 3250 1514 Imperator
3289 1451 3422 1490 vero
3459 1477 3472 1492 .

1883 1550 2139 1609 Cuinam,
2174 1548 2377 1616 inquit,
2414 1544 2645 1600 festinas
2676 1542 2913 1611 leipsnm
2962 1536 3273 1593 immolare,
3321 1529 3471 1593 eine,

1887 1642 1980 1713 qui
2015 1659 2045 1696 a
2076 1640 2272 1696 Pontio
2307 1639 2482 1693 Pilato
2512 1636 2567 1690 in
2600 1648 2821 1689 crucem
2849 1631 2952 1685 fuit
2979 1625 3183 1684 actus?
3215 1623 3473 1686 Maxime,

1889 1734 2071 1804 inquit
2105 1745 2337 1802 magnus
2375 1726 2641 1797 lgnatius,
2684 1723 2758 1788 ei,
2792 1720 2888 1791 qui
2945 1726 3237 1789 peceatum
3291 1711 3474 1766 cruci-

176 1830 296 1899 ’τῆς
321 1827 565 1884 διάϐολον
613 1825 895 1879 καθελόντι
927 1825 1021 1878 καὶ
1061 1824 1242 1877 πᾶσαν
1287 1822 1373 1876 διὰ
1403 1822 1499 1876 τοῦ
1549 1820 1782 1889 σταυροῦ

1932 1829 2030 1891 xit,
2060 1836 2115 1882 et
2169 1825 2289 1895 ejus
2356 1807 2709 1876 inventorem
2743 1813 3020 1870 destruxit
3073 1808 3382 1866 diabolum,
3417 1814 3476 1858 et

192 1922 409 1975 ἐκείνου
428 1919 659 1989 δύναμιν
684 1935 822 1972 κατα
834 1916 1122 1988 ργήσαντι.
1146 1915 1309 1977 Αὖθις
1329 1913 1422 1968 οῦν
1443 1917 1471 1968 6
1507 1912 1781 1985 βασιλεύς

196 2013 427 2077 “Enixa;
486 2029 597 2082 μοι,
656 2009 845 2080 φησὶν,
890 2006 1143 2077 ἰγνάτιε,
1187 2005 1423 2075 κρίσεως
1472 2005 1641 2076 ὀρθῆς
1693 2004 1787 2058 καὶ

194 2107 394 2177 φρενὸς
424 2103 595 2173 ὑγιῶς
626 2100 860 2173 ἐχούσης
914 2100 1122 2171 ἔρημος
1147 2098 1474 2168 τοπαράπαν
1514 2093 1655 2151 εἶναι
1676 2114 1689 2128 ·
1724 2100 1786 2151 οὐ

195 2201 309 2270 γὰρ
331 2198 396 2253 ἂν
433 2196 574 2251 οὕτω
601 2194 854 2265 φανερῶς
878 2195 996 2256 ταῖς
1026 2193 1138 2247 τῶν
1169 2190 1516 2263 Χριστιανῶν
1548 2192 1788 2262 Γραφαῖς

200 2292 542 2361 ἑξηπάτησο,
578 2288 695 2342 ἀλλ’
735 2287 907 2356 ἔγνως
946 2286 1186 2350 πάντως,
1232 2285 1422 2356 ἡλίκον
1454 2285 1661 2355 ἀγαθὸν
1697 2283 1792 2355 βα-

203 2386 433 2470 σιλικοζς
467 2381 758 2436 πείθεσθαι
788 2379 1127 2449 διατάγμασι
1170 2379 1267 2432 καὶ
1298 2377 1443 2440 θεοῖς
1484 2377 1624 2447 μετὰ
1655 2376 1793 2431 πάν-

199 2487 320 2533 των
343 2467 681 2548 προσφέρειν
711 2471 927 2535 θυσίας.
978 2470 1119 2542 Πρὸς
1148 2468 1321 2535 ταῦτα
1361 2469 1571 2538 μείζονι
1629 2467 1792 2521 πάλιν

203 2574 232 2624 6
254 2568 413 2638 ἅγιος
449 2562 798 2638 χρησάμενος
827 2563 1116 2635 παρρησίᾳ
1137 2576 1154 2594 ο
1196 2561 1260 2615 Ei
1294 2562 1388 2615 καὶ
1415 2560 1627 2631 θηρίοις
1660 2561 1794 2612 ἀνα-

202 2668 425 2731 ὶώεεις,
470 2665 598 2737 ἔφη,
629 2666 678 2718 εί
728 2663 824 2717 καὶ
866 2657 1089 2730 σταυρῷ
1127 2673 1192 2729 με
1223 2656 1591 2725 κατακρινεῖς,
1619 2653 1667 2705 εἰ
1698 2652 1796 2705 καὶ

206 2759 360 2831 αὖτῷ
391 2736 538 2829 ξίφει
572 2757 669 2812 καὶ
706 2754 840 2827 πυρὶ
881 2749 1255 2822 παραδώσεις,
1310 2748 1347 2803 ἃ.
1376 2748 1475 2818 τῆς
1504 2747 1605 2818 σῆς
1637 2736 1792 2812 ἐξου-

208 2853 332 2915 σίας
359 2853 526 2913 ἑστὶν,
559 2850 662 2902 οὐκ
698 2848 764 2902 ἄν
804 2863 937 2900 ποτε
974 2842 1190 2898 ’θυσίαν
1224 2841 1334 2910 ἐγὼ
1371 2838 1590 2906 δαίμοσι
1624 2836 1796 2907 προσ-

206 2945 457 3011 ενεγκεῖν
484 2940 799 3010 ἁνάσχοιμι,
827 2934 953 2989 οὔτε
1004 2933 1113 3003 γὰρ
1137 2931 1370 2986 θάνατον
1411 2930 1648 2995 δέδοικα,
1673 2924 1799 2981 οὔτε

211 3033 367 3086 ποθῶ
413 3032 481 3085 τὰ
528 3030 796 3100 παρόντα,
862 3020 937 3080 ὧν
972 3024 1128 3095 ὑμεῖς
1162 3021 1344 3092 κύριοι
1401 3020 1665 3093 παρέχειν
1700 3017 1800 3082 τὰς

207 3123 562 3189 ἀπολαύσεις,
588 3120 725 3176 ἀλλὰ
744 3118 854 3176 τῶν
881 3116 1182 3190 μελλόντων
1212 3115 1460 3185 ἐφίεμαι,
1502 3113 1600 3168 καὶ
1633 3127 1802 3165 σπου-

1889 1936 2108 1984 omucm
2135 1921 2256 1990 ejus
2280 1915 2580 1987 potentiam
2604 1918 2945 1982 per’crucem
2973 1902 3234 1960 abolevit.
3262 1901 3478 1956 Rursus

1889 2022 2071 2067 autem
2132 2010 2478 2078 imperator:
2512 2001 2753 2065 Videris,
2793 1999 2993 2068 inquit,
3025 1993 3181 2053 milii,
3216 2007 3249 2045 ο
3282 1987 3474 2060 lgriati,

1890 2105 2118 2161 omnino
2169 2109 2322 2157 recto
2367 2114 2556 2154 carere
2590 2093 2800 2166 judicio
2842 2100 2899 2146 et
2952 2104 3083 2143 sana
3117 2091 3324 2139 mente.
3356 2081 3511 2135 Non.

1891 2198 2038 2254 enim
2081 2203 2188 2250 tam
2222 2201 2416 2263 aperte
2448 2190 2650 2245 fuisses
2680 2187 2948 2254 deceptus
2980 2178 3284 2249 Scripturis
3308 2172 3478 2231 Chri«

1892 2293 2226 2352 stianorum,
2257 2285 2355 2342 sed
2393 2282 2748 2354 cognovisses
2786 2276 3036 2339 omnino,
3085 2278 3355 2342 quantum
3411 2265 3484 2319 sit

1895 2386 2104 2440 bonum
2132 2380 2330 2437 edictis
2352 2392 2546 2449 parere
2574 2370 2967 2444 imperatoriis,
3004 2375 3059 2423 et
3086 2365 3194 2421 diis
3211 2359 3485 2418 sacriﬁcia

1896 2473 2100 2529 oﬁ‘crre
2131 2485 2256 2524 cum
2294 2466 2575 2523 omnibus.
2614 2462 2694 2517 Ad
2723 2463 2840 2516 haec
2865 2467 3092 2514 sanctus
3115 2498 3129 2519 ,
3159 2465 3325 2509 utens
3355 2465 3485 2503 rur-
3516 2444 3535 2459 ί

1896 2579 1993 2618 sus
2050 2562 2256 2630 majore
2334 2554 2560 2612 dicendi
2621 2553 2932 2607 libertate:
2976 2545 3208 2601 Etiamsi
3270 2540 3487 2605 bestiis,

1901 2654 2101 2724 inquit.
2131 2647 2565 2719 consumpseris,
2595 2645 2813 2700 etiamsi
2845 2656 2933 2696 me
2963 2653 3129 2694 cruce
3148 2628 3489 2692 condemna-

1898 2751 2067 2812 veris,
2093 2744 2310 2802 etiamsi
2344 2741 2527 2814 gladio
2571 2749 2626 2794 et
2673 2735 2787 2807 igni
2838 2730 3154 2793 tradideris,
3184 2743 3306 2798 quae
3359 2735 3490 2783 sunt

1901 2844 1959 2899 in
2002 2851 2095 2896 tua
2153 2842 2445 2909 potestate,
2477 2843 2760 2900 nunquam
2793 2841 2894 2896 ego
2936 2823 3112 2894 patiar
3145 2818 3493 2876 daemonibus

1902 2937 2110 2995 oﬁ‘erre
2176 2929 2533 2991 sacriﬁcium,
2562 2938 2744 2993 neque
2797 2920 2946 2977 enim
3002 2925 3189 2971 metuo
3231 2920 3492 2975 mortem,

1904 3042 2085 3100 neque
2137 3021 2394 3079 desidero
2445 3014 2759 3089 praesentia,
2816 3026 2938 3082 quae
2976 3015 3061 3064 est
3104 3006 3161 3060 in
3221 2997 3495 3074 potvstate

1905 3096 2089 3179 vestra
2132 3116 2382 3190 praebere
2418 3109 2675 3176 fruenda,
2701 3106 2798 3163 sed
2828 3104 2943 3161 sola
2970 3098 3233 3158 desidero
3285 3096 3493 3159 futura,

212 3222 279 3293 δή
309 3237 399 3289 μοι
610 3217 746 3287 πρὸς
779 3186 1038 3283 τον-ὑπὲρ
1067 3208 1201 3280 ἐμοῦ
1229 3206 1577 3264 ἀποθανόντα
1604 3202 1799 3274 ὃιαὸἦ-

1932 3228 1961 3272 ι
1993 3232 2023 3271 a
2061 3186 2150 3269 me
2174 3226 2339 3267 omne
2390 3206 2661 3263 adhibere
2695 3199 2967 3263 studium,
3001 3204 3063 3250 ut
3094 3203 3370 3248 transeam
3426 3186 3497 3242 ad

215 3333 305 3369 ναι
331 3312 588 3384 Χριστόν.

291 3404 382 3475 ς’.
430 3404 546 3475 Ἐφ’
567 3399 648 3467 οἷς
676 3404 732 3468 ἐξ
766 3401 1054 3472 ἀγχινοίας
1087 3388 1247 3467 δῆθεν
1276 3396 1310 3468 ἡ
1351 3394 1656 3464 σύγκλητος
1685 3407 1803 3444 επι-

219 3499 485 3554 λαὸἐσθαι
520 3495 821 3567 βουλομένη
851 3492 949 3546 τοῦ
983 3491 1295 3563 μάρτυρος’
1328 3489 1393 3541 'l'i
1418 3487 1477 3541 δὲ
1513 3485 1805 3554 συνομολο-

217 3595 357 3660 γεῖς,
393 3589 625 3660 ἔφησαν.
659 3588 751 3665 καὶ
778 3587 961 3648 αὐτὸς,
989 3583 1247 3637 τεθνάναι
1268 3597 1361 3634 σου
1392 3579 1484 3632 τὸν
1516 3578 1648 3632 Θεόν
1670 3594 1682 3605 ·
1710 3577 1808 3629 καὶ

219 3680 338 3757 πῶς
370 3680 437 3733 ἂν
491 3681 519 3731 6
565 3678 793 3731 θάνατον
833 3675 1074 3737 ὑποστὰς
1105 3674 1198 3726 καὶ
1250 3671 1481 3725 θάνατον
1531 3660 1806 3737 ἐπάρατον

220 3775 415 3837 οὕτως,
444 3771 663 3844 ἐτέρους
690 3770 975 3840 ὠφελῆσαι
1033 3766 1263 3829 δυνατὸς
1296 3764 1489 3826 ἐσταις
1520 3764 1571 3815 οἱ
1615 3761 1726 3815 θεοὶ
1753 3760 1811 3813 δὲ

226 3864 484 3920 ἀθάνατοί
516 3866 573 3918 τέ
598 3868 727 3926 εἰσι,
759 3863 853 3916 καὶ
885 3862 1013 3931 παρ’
1043 3859 1198 3930 ἡμῶν
1235 3858 1506 3925 λέγονται.
1554 3855 1648 3906 Ἐκ
1690 3850 1812 3905 τούς

228 3975 321 4011 του
347 3956 643 4026 λαϐόμενος
674 3955 927 4025 ἀφορμῆς
950 3955 977 4006 6
1006 3953 1146 4028 θεῖος
1187 3952 1471 4019 Ἰγνάτιος,
1514 3947 1654 4001 ὥστε
1675 3942 1812 4017 ὁμοῦ

231 4055 330 4121 μὲν
361 4050 488 4112 τοὺς
514 4049 741 4101 ἐκείνων
773 4040 1209 4116 διαμυκτηρίσαι
1240 4042 1417 4106 θεοὺς,
1452 4039 1589 4111 ὁμοῦ
1619 4038 1678 4091 δὲ
1720 4038 1816 4091 καὶ

228 4147 323 4201 τοῦ
348 4146 447 4216 τῆς
473 4142 792 4213 οἰκονομίας
848 4138 1151 4211 μυστηρίου
1187 4136 1361 4208 θύραν
1391 4136 1579 4197 αὐτοῖς
1603 4149 1818 4202 παραν-

229 4244 367 4310 alia:
428 4242 524 4295 καὶ
581 4237 752 4301 οὕτως
784 4238 867 4300 εἰς
894 4236 1079 4290 πίστιν
1119 4234 1538 4305 χειραγωγῆσαι
1588 4230 1686 4298 τῆς
1721 4226 1816 4282 τοῦ

231 4334 365 4405 θεοῦ
392 4331 666 4401 ξενώσεως,
691 4328 834 4385 οὕτω
859 4327 1083 4383 διετίθει
1139 4328 1267 4388 τοὺς
1317 4324 1509 4392 λόγους
1529 4337 1543 4353 ⁸
1599 4322 1659 4376 '0
1689 4322 1820 4392 ἐμὸς

235 4429 438 4497 Κύριος
473 4428 568 4480 καὶ
622 4425 756 4489 Θεὸς
798 4423 1009 4493 Ἰησοῦς
1044 4421 1303 4493 Χριστὸς,
1338 4418 1532 4490 πρῶτα
1570 4416 1666 4487 μὲν
1726 4413 1823 4469 ἇν-

233 4515 450 4595 θρωπος
515 4520 740 4588 ἐγένετο.
789 4516 860 4570 δι’
916 4515 1091 4584 ἡμᾶς,
1126 4516 1220 4567 καὶ
1274 4511 1371 4582 τὴν
1403 4507 1680 4580 σωτηρίαν
1723 4505 1823 4579 τὴν

233 4612 512 4682 ἡμετέραν
542 4610 637 4662 καὶ
663 4606 902 4676 σταυρὸν
931 4602 1244 4659 ἐθελούσιον
1305 4601 1401 4655 καὶ
1443 4599 1678 4654 θάνατον
1725 4596 1822 4651 καὶ

233 4705 412 4773 ταφὴν
437 4702 791 4768 κατεδέξατο,
823 4698 965 4769 πλὴν
1016 4696 1132 4751 ἀλλ’
1159 4697 1361 4765 ἀνέστη
1395 4693 1558 4748 πάλιν
1586 4694 1667 4756 εἰς
1708 4689 1826 4762 τρί-

234 4815 341 4869 την
362 4797 595 4868 ἡμέραν,
632 4793 726 4848 τοῦ
763 4790 960 4863 ἐχθροῦ
1008 4792 1069 4843 τὸ
1098 4790 1301 4861 κράτος
1330 4784 1680 4851 καταλαὸὼν,
1729 4783 1826 4837 καὶ

238 4895 316 4953 εἰς
347 4888 613 4960 οὐρανοὺς
640 4881 907 4955 ἀνῆλθεν,
943 4881 1068 4936 ὅθεν
1096 4880 1354 4952 ἐλήλυθε,
1412 4877 1827 4948 συναναστήσας

238 4984 387 5051 ἡμᾶς
446 4979 542 5032 τοῦ
571 4978 672 5045 τῆς
705 4975 986 5046 ἁμαρτίας
1018 4972 1337 5044 πτώματος,
1389 4970 1485 5025 καὶ
1511 4966 1829 5038 εἰσαγαγὼν

242 5075 395 5137 ταῦθις
447 5078 526 5135 είς
563 5074 656 5124 τὸν
707 5070 1062 5141 παράδεισον,
1100 5062 1162 5122 οὗ
1211 5066 1400 5130 κακῶς
1432 5064 1829 5136 ὲξεὸλὴθημεν,

241 5170 337 5224 καί
385 5168 593 5238 μείζοσι
661 5167 770 5220 τῶν
823 5171 1104 5235 προτέρων
1155 5164 1381 5231 ἀγαθοῖς
1414 5163 1826 5233 δωρησάμενος.

244 5267 366 5314 Ὅτι
397 5262 453 5314 δὲ
492 5258 738 5314 τοιοῦτόν
760 5277 809 5313 τι
833 5257 943 5312 τῶν
976 5259 1105 5329 παρ’
1143 5260 1273 5327 ὑμῖν
1294 5256 1668 5328 νομιζομένων
1690 5236 1833 5310 θεῶν

241 5374 322 5417 τις
356 5352 693 5419 ἐπεδείξατο,
752 5351 927 5415 οὐδεὶς
961 5352 1067 5403 τῶν
1098 5352 1317 5405 πάντων
1359 5351 1424 5403 ἂν
1462 5346 1823 5419 ίσχυρίσαιτο.

247 5443 562 5515 ’Ἄνθρωποι
589 5444 695 5513 γὰρ
720 5435 890 5504 οὗτοι,
928 5442 1221 5512 κακοῦργοι
1246 5441 1442 5511 κομιδῇ
1477 5440 1569 5493 καὶ
1605 5438 1825 5510 φθορεῖς

242 5538 546 5606 γενόμενοι,
609 5539 703 5589 καὶ
744 5536 914 5590 πολλᾶ
945 5538 1037 5588 ὲπί
1070 5535 1245 5607 βλάϐῃ
1272 5534 1364 5586 καὶ
1421 5532 1691 5602 διαφθορᾷ
1727 5530 1826 5599 τῆς

242 5628 522 5699 ἡμετέρας
559 5628 700 5696 ζωῆς
737 5645 796 5680 τε
840 5629 935 5680 καὶ
966 5628 1062 5697 τῆς
1094 5626 1480 5687 καταστάσεως
1517 5622 1826 5692 ἐργασάμε-

214 5738 323 5781 νοι
353 5722 552 5789 μικράν
609 5721 663 5772 τέ
704 5738 823 5773 τινα
850 5719 1008 5785 δόξαν
1061 5719 1198 5772 θεῶν
1230 5719 1323 5771 καὶ
1374 5715 1675 5786 φαντασίαν
1716 5717 1828 5771 τοῖς

322 5908 339 5931 ³
370 5901 529 5961 iiuna,
573 5913 640 5965 η,
678 5884 731 5959 Ii.

1906 3310 2213 3367 Christum.
2245 3304 2340 3374 qui
2368 3315 2471 3373 pro
2495 3313 2583 3354 me
2613 3304 2699 3352 est
2722 3303 2999 3349 mortuus.

1978 3401 2070 3458 Vl.
2101 3400 2336 3467 Propter
2387 3408 2512 3463 quae
2541 3388 2738 3445 volens
2788 3391 3016 3440 senatus
3060 3386 3360 3447 martyrem
3402 3388 3498 3428 ar-

1910 3510 2080 3568 guere
2107 3489 2432 3562 ignorantia:
2462 3503 2475 3540 :
2508 3481 2651 3550 Quid
2670 3489 2854 3535 autem
2877 3486 2932 3531 tu
2953 3488 3197 3546 quoque,
3216 3470 3497 3531 dixerunt,

1911 3584 2196 3645 conﬁteris
2249 3581 2425 3636 Deum
2476 3591 2598 3632 esse
2655 3567 2995 3627 mortuum?
3029 3562 3319 3633 Quomodo
3370 3573 3502 3615 vero

1913 3681 2007 3752 qui
2060 3675 2236 3732 subiit
2269 3679 2527 3744 mortem,
2558 3680 2793 3735 eamque
2837 3657 3256 3718 exsecrandam,
3296 3652 3505 3725 poterit

1917 3746 2179 3844 prodesse
2218 3764 2395 3822 aliis?
2425 3762 2508 3817 Dii
2547 3769 2733 3815 autem
2782 3764 2838 3811 et
2875 3761 3006 3809 sunt
3054 3746 3416 3809 immortales,
3446 3752 3505 3806 et

1918 3866 2183 3921 dicuntur
2218 3876 2248 3916 a
2283 3856 2461 3914 nobis.
2489 3853 2626 3910 Cum
2657 3868 2725 3907 ex
2769 3849 2875 3905 hoc
2902 3844 3251 3902 occasionem
3281 3839 3506 3894 divinus

1918 3956 2220 4026 accepisset
2247 3949 2512 4022 lgnatius,
2542 3936 2706 4002 simul
2734 3952 2790 3999 et
2813 3937 3079 3996 irridendi
3102 3936 3326 3991 illorum
3347 3933 3504 3991 deos.

1918 4064 1975 4108 et
2008 4045 2089 4107 eis
2116 4044 2401 4119 aperiendi
2429 4045 2656 4115 jauuam
2706 4035 2950 4110 mysterii
2998 4038 3267 4101 susceptae
3322 4025 3508 4091 carnis

1922 4116 2374 4217 dispensationis,
2399 4148 2457 4192 et
2503 4136 2583 4191 sic
2619 4128 2930 4208 deducendi
2974 4126 3053 4181 ad
3094 4124 3254 4178 ﬁdem
3303 4116 3507 4175 Christi

1923 4236 2280 4310 cognitionis,
2324 4228 2614 4287 sicwerba
2644 4223 2840 4281 habuit
2870 4241 2884 4306 ι
2920 4221 3074 4275 Meus
3138 4215 3405 4272 Dominus
3454 4219 3511 4265 et

1927 4333 2072 4387 Deus
2102 4329 2264 4385 Jesus
2292 4324 2569 4386 Christus,
2599 4320 2837 4390 primum
2870 4298 3113 4385 .quidem
3153 4315 3380 4378 propter
3409 4317 3512 4356 nos

1927 4425 2092 4478 homo
2120 4420 2296 4474 factus
2322 4425 2428 4480 est,
2465 4422 2522 4469 et
2561 4418 2788 4482 prOpter
2815 4415 3060 4462 nostram
3091 4402 3345 4459 salutem,
3378 4410 3509 4450 cru-

1928 4527 2161 4585 cemque
2209 4518 2266 4566 et
2309 4514 2545 4564 mortem
2586 4489 2646 4559 et
2671 4500 3014 4571 sepulturam
3067 4508 3166 4549 sua
3195 4497 3390 4559 sponte
3416 4502 3510 4540 ac-

1929 4607 2097 4678 cepit.
2124 4602 2398 4660 Caeterum
2431 4611 2628 4654 rursus
2650 4592 2813 4649 tertio
2835 4590 2924 4645 die
2948 4583 3275 4644 resurrexit,
3301 4578 3511 4634 inimici

1932 4671 2142 4770 dejecta
2168 4704 2224 4752 et
2251 4699 2525 4766 prostrata
2575 4685 2844 4759 potentia,
2879 4688 2935 4737 et
2976 4674 3229 4735 ascendit
3252 4675 3305 4729 in
3342 4671 3514 4727 ccelos

1934 4792 2080 4850 unde
2109 4796 2364 4850 venerat,
2399 4799 2500 4841 nos
2559 4780 2724 4836 simul
2770 4794 2801 4832 a
2853 4777 3009 4846 lapsu
3061 4766 3274 4841 peccati
3307 4763 3516 4819 faciens

1936 4896 2247 4953 resurgere,
2269 4887 2327 4933 et
2359 4889 2557 4932 rursus
2602 4869 2962 4926 introducens
2995 4864 3052 4919 in
3079 4856 3420 4932 paradisum,
3447 4868 3513 4907 ex

1935 4989 2047 5047 quo
2071 4972 2212 5030 male
2263 4969 2547 5025 fueramus
2584 4962 2745 5034 ejecti
2783 4966 2883 5014 :et
2912 4971 3015 5011 nos
3077 4949 3304 5008 donavit
3356 4944 3517 5001 bonis

1884 5112 1891 5119 .
1932 5065 2259 5136 majoribus,
2294 5076 2459 5131 quam
2488 5063 2649 5113 erant
2679 5069 2742 5109 ea
2761 5066 2884 5122 quae
2908 5049 3326 5123 praecesserant.
3355 5036 3515 5105 Quod

1930 5166 2115 5214 autem
2168 5170 2236 5209 ex
2263 5153 2332 5208 iis
2370 5150 2465 5221 qui
2507 5165 2538 5204 τι
2575 5144 2732 5202 vobis
2763 5150 3061 5198 censentur
3087 5136 3187 5203 dii,
3234 5133 3382 5188 ullus
3411 5128 3516 5183 tale

1929 5248 2059 5322 quid
2108 5246 2323 5307 fecerit,
2360 5241 2547 5297 nullus
2567 5236 2794 5294 omnino
2839 5229 3162 5288 asseruerit.
3206 5226 3344 5283 Nam
3389 5234 3513 5275 cum

1930 5342 2018 5397 isti
2054 5339 2289 5395 fuissent
2327 5335 2582 5390 homines
2615 5326 2847 5383 maleﬁci
2877 5335 2932 5381 et
2976 5320 3217 5385 exitiosi,
3253 5326 3313 5373 et"
3338 5314 3513 5368 multa

1935 5433 2195 5486 fecissent
2221 5427 2287 5481 ad
2320 5428 2579 5479 damnum
2609 5431 2664 5475 et
2687 5418 2917 5473 exitium
2942 5424 3143 5470 nostra:
3173 5411 3298 5464 vitae
3327 5412 3384 5459 et
3402 5415 3514 5457 sta-

1939 5536 2047 5585 tus,
2086 5536 2305 5593 pravam
2340 5527 2523 5572 autem
2574 5516 2805 5568 deorum
2836 5507 3155 5579 opinionem
3180 5514 3237 5556 et
3274 5496 3511 5568 speciem

1940 5615 2276 5676 hominibus,
2342 5611 2433 5680 qui
2488 5614 2673 5661 sunta
2706 5603 2921 5658 ratione
2978 5596 3143 5668 paulo
3195 5589 3511 5647 alieniores,

1940 5712 2078 5764 citra
2119 5698 2282 5764 ullam
2344 5703 2613 5756 rationem
2673 5694 3059 5767 praebuissent,
3086 5681 3382 5741 contractis
3417 5694 3515 5748 po-
