3820 6536
340 400 484 464 Ε’ῖῦ
1542 400 1825 463 ΜΕΝὸΙὸ
1865 400 2385 463 FEBRUARIUS.
2993 393 2999 397 ’
3485 393 3641 461 1276

327 532 393 573 ea
434 516 575 571 velis
620 516 965 587 deceptionis
1010 527 1067 574 et
1115 532 1280 574 scena
1331 518 1541 585 ablata,
1571 517 1909 588 deprehensi

2039 516 2385 586 ιλογωτίροις
2419 518 2529 573 τῶν
2560 520 2866 593 ἀνθρώπων
2901 520 3229 589 ἁλογώτατα
3255 517 3639 589 παρασχόμε-

328 619 458 665 sunt
492 609 545 664 id
572 599 717 677 quod
737 617 917 674 erant,
946 618 1008 664 ut
1042 609 1137 680 qui
1170 594 1411 680 turpiter
1437 626 1469 667 c
1505 612 1616 666 vita
1658 617 1921 666 excessc-'

2039 628 2115 675 μοι,
2154 608 2273 664 εἶτα
2297 612 2408 665 τῶν
2442 614 2967 684 παραπετασμάτων
2995 610 3223 684 ὕστερον
3259 612 3362 682 τῆς
3392 611 3639 681 ἀπάτης

328 700 460 764 rint,
481 707 539 755 et
571 699 734 753 morti
775 698 1075 755 immortali
1113 701 1323 755 traditi.
1353 703 1467 757 sint
1501 710 1733 772 propter
1763 701 1912 757 mul-

2039 704 2514 766 ιυνελκυσθέντων,
2552 704 2933 778 ἐξαιρεθείσης
2967 722 3026 759 τε
3053 703 3156 776 τῆς
3209 705 3438 774 σκηνῆς,
3479 704 3638 775 ὅπερ

328 800 511 846 torum
570 793 876 852 interitum.
922 796 1141 866 Jupiter
1202 797 1428 867 quidem
1489 807 1663 861 certe,
1698 797 1794 863 qui
1828 803 1914 850 est

2039 792 2181 865 ξσαν»
2243 794 2619 866 ἠλέγχθησαν,
2683 797 2924 868 αἰσχρῶς
2967 797 3060 851 τὸν
3107 796 3223 867 βίον
3247 792 3637 856 ἀπολιπόντες

328 868 514 939 vobis.
543 886 755 956 primus
814 895 870 943 et
903 890 1176 944 maximus
1236 888 1468 944 deorum
1490 933 1504 956 ,
1544 891 1598 944 in
1633 888 1798 944 Creta
1830 895 1915 943 est

2039 883 2113 938 ιαὶ
2148 885 2366 955 θανάτῳ
2394 885 2483 940 διὰ
2511 885 2610 960 τὴν
2638 887 2748 941 τῶν
2800 888 3014 942 πολλῶν
3042 888 3323 941 ἀπώλειαν
3344 885 3638 948 ἀθανάτῳ

329 981 985 1053 εορυίιυειιΕεουΙορίυσ
1017 1001 1149 1038 vero
1205 984 1436 1041 fulmine
1481 996 1568 1041 est
1592 999 1913 1057 percussus.

329 1073 658 1144 Sepulcrum
687 1078 916 1135 Veneris
946 1080 1264 1135 ostenditur
1302 1082 1358 1136 in
1382 1082 1590 1152 Papho,
1619 1090 1675 1137 ct
1704 1080 1916 1136 Hercu-

328 1166 415 1222 les
445 1167 547 1222 l’uit
581 1169 652 1225 ab
696 1171 820 1243 igne
857 1182 1241 1245 consumptus.
1276 1173 1413 1230 Nam
1453 1190 1579 1230 cum
1611 1175 1748 1231 tales
1782 1174 1916 1240 siut,

330 1260 444 1314 imo
474 1277 606 1318 vero
660 1264 822 1337 longe
858 1264 1186 1332 deteriores,
1219 1283 1284 1323 ea
1315 1268 1398 1324 eis
1429 1268 1768 1341 obtigerunt,
1797 1285 1919 1340 qua

334 1368 641 1413 merentur.

405 1539 516 1593 Vll.
556 1539 692 1595 Cum
718 1540 834 1596 haec
861 1541 1009 1597 dicta
1041 1542 1273 1600 fuissent
1305 1545 1377 1601 ab
1417 1546 1651 1617 Ignatio,
1682 1549 1916 1619 impera-
1963 1616 1972 1624 ο

334 1637 423 1683 tor
450 1631 613 1686 sintul
636 1648 759 1687 cum
782 1642 997 1702 senatu,
1021 1636 1219 1691 timens
1235 1652 1327 1704 ne,
1354 1638 1396 1693 si
1421 1649 1568 1695 esset
1593 1640 1713 1711 ejus
1736 1657 1921 1697 sermo

334 1723 618 1792 prolixior,
655 1743 744 1783 res
797 1729 1046 1798 quidem.
1081 1733 1371 1802 gentilium
1424 1734 1917 1803 Iabel‘actarentur,

330 1826 388 1870 et
421 1818 501 1872 vel
539 1835 649 1874 non
697 1821 1083 1891 crederentur,
1117 1810 1200 1880 vel
1260 1826 1601 1883 haberentur
1646 1828 1916 1891 ludibrio,

329 1921 391 1965 et
420 1928 547 1967 vera
579 1912 807 1984 quidem
848 1915 1073 1973 ﬂoreret
1102 1919 1314 1989 religio,
1338 1929 1396 1975 et
1428 1922 1718 1977 tolleretur
1743 1925 1920 1979 nubes

332 2005 564 2064 erroris.
620 2024 742 2077 qua:
801 2009 850 2063 ei
888 2010 1127 2066 ollundit
1177 2015 1455 2077 tenebras.
1518 2032 1644 2073 eum
1694 2019 1920 2089 quidem

333 2095 563 2165 conjicit
599 2096 653 2150 in
686 2099 928 2163 vincula,
969 2110 1025 2155 et
1057 2102 1112 2157 in
1153 2105 1427 2160 tutissima
1462 2107 1699 2163 collocat
1733 2121 1921 2165 custo-

334 2188 443 2242 dia.
475 2188 594 2258 ipse
624 2199 808 2247 autem
836 2208 961 2248 cum
1000 2204 1111 2250 tota
1139 2210 1301 2253 nocte
1328 2200 1471 2267 apud
1506 2216 1563 2256 se
1599 2203 1921 2273 cogitasset,

334 2294 576 2347 quonam
632 2281 796 2337 modo
855 2298 984 2338 eum
1019 2286 1387 2342 ulcisceretur
1453 2304 1555 2358 pro
1596 2291 1835 2355 meritis,
1868 2300 1925 2346 et

335 2385 577 2440 quonam
637 2373 802 2428 modo
839 2391 870 2431 ο
926 2379 1184 2447 praesenti
1230 2394 1357 2434 eum
1401 2381 1513 2436 vita
1555 2383 1918 2449 subduceret,

335 2466 535 2520 statuit
554 2482 681 2521 eum
705 2468 838 2524 feris
867 2470 1090 2527 tradere
1121 2472 1520 2539 devorandum,
1548 2477 1926 2535 utdilaniatus

337 2557 408 2611 ab
438 2559 523 2615 eis
554 2570 800 2624 sanctus,
824 2562 1103 2621 interiret.
1129 2566 1294 2622 Visus
1320 2579 1404 2622 est
1423 2569 1572 2623 enim
1605 2570 1924 2640 imperatori

339 2651 432 2708 hic
467 2656 662 2711 mortis
716 2655 914 2711 modus
969 2658 1129 2729 longe
1162 2654 1545 2730 gravissimus.
1602 2662 1740 2719 Cum
1782 2665 1927 2721 hanc

339 2762 604 2819 remergo
626 2750 841 2804 senatui
872 2766 1033 2806 mane
1052 2755 1545 2816 communicasset.
1565 2757 1670 2827 ipsi
1704 2774 1926 2829 quoque

334 2840 461 2906 ejus
509 2839 808 2896 laudarunt
838 2844 1167 2901 sententiam
1205 2865 1218 2901 :
1254 2847 1348 2902 sed
1382 2850 1806 2915 consuluerunt,
1857 2868 1927 2909 ne

339 2933 457 2988 ltzec
479 2933 673 3013 bestiis
702 2936 942 3006 objectio
978 2938 1135 2995 ﬁeret
1188 2939 1514 3008 Antiochiae,
1548 2943 1648 3010 Ne,
1681 2945 1926 3012 aiebant,

337 3026 417 3081 sic
482 3026 656 3095 magis
701 3027 1079 3083 desideratum
1139 3037 1197 3085 et
1250 3031 1556 3102 gloriosum
1613 3033 1759 3103 apud
1795 3048 1929 3089 suos

338 3118 488 3171 cives
522 3118 821 3173 reddamus
845 3120 1140 3191 lgnatium,
1169 3124 1475 3193 martyrico
1502 3124 1611 3181 ﬁne
1635 3141 1667 3181 e
1696 3127 1806 3181 vita
1832 3142 1929 3183 cx-

2021 978 2444 1048 παραδοθέντες.
2496 971 2716 1050 ’Δμέλει
2745 980 2843 1034 καὶ
2875 982 3011 1045 Ζεὺς
3050 980 3150 1051 μέν
3181 982 3207 1033 ὁ
3232 980 3452 1050 πρῶτος
3487 978 3636 1046 ὑμῖν

2021 1072 2116 1125 καὶ
2152 1072 2411 1141 μέγιστος
2432 1071 2706 1127 τῶν.θεῶν
2735 1075 2793 1127 ἐν
2823 1074 3018 1145 Κρήτῃ
3046 1074 3338 1135 τέθαπται,
3382 1071 3638 1140 ’Δσκλη-

2022 1163 2143 1226 πιδς
2176 1164 2232 1217 δέ
2263 1162 2516 1235 κεραυνῷ
2550 1163 2831 1236 βέϐληται,
2900 1164 3226 1237 Ἀφροδίτης
3258 1165 3288 1218 ὁ
3336 1162 3519 1230 τάφος
3567 1164 3634 1216 ἐν

2022 1256 2196 1327 Πάφῳ
2246 1256 2544 1321 δείκνυται,
2586 1256 2817 1312 καὶύπδ
2865 1258 3039 1329 πυρὸς
3082 1256 3365 1327 Ἡρακλῆς
3399 1254 3635 1308 ἀνάλω-

2020 1371 2134 1410 ται.
2166 1355 2436 1409 Τοιούτων
2467 1354 2578 1427 γὰρ
2605 1375 2608 1378 ’
2634 1337 2870 1426 ἀληθῶς,
2918 1354 3125 1426 μᾶλλον
3175 1355 3231 1407 δὲ
3282 1354 3376 1406 καὶ
3429 1350 3633 1422 πολλῷ

2023 1441 2285 1517 χειρόνων
2317 1446 2385 1499 τὰ
2415 1446 2640 1502 ἐκείνων
2679 1445 2825 1513 ἄξια.

2095 1542 2167 1597 Z'.
2196 1541 2419 1595 Τούτων
2461 1540 2606 1595 οὕτω
2659 1540 2948 1619 ῥηθέντων,
2982 1539 3233 1611 Ἰγνατίῳ
3268 1533 3381 1591 τῶν
3412 1537 3625 1605 λόγων,

2022 1632 2053 1686 ὁ
2075 1633 2330 1704 βασιλεὺς
2357 1633 2475 1704 ἅμα
2509 1636 2576 1704 τῇ
2603 1634 2897 1703 συγκλήτῳ
2934 1633 3141 1697 δείσας,
3172 1633 3248 1701 μὴ
3282 1631 3386 1699 τῆς
3431 1628 3627 1684 occlto

2026 1725 2163 1791 ξεως
2215 1728 2296 1789 είς
2353 1726 2516 1779 πλέον
2551 1726 2957 1795 ἐκτεινομένης,
3026 1722 3364 1800 διασεισθείη
3414 1723 3521 1793 μέν
3554 1723 3627 1775 τὰ

2037 1818 2312 1888 Ἑλλήνων
2374 1819 2470 1872 καὶ
2515 1819 2653 1889 πρὸς
2713 1816 2974 1870 ἀπιστίαν
3027 1815 3187 1886 iiqu
3231 1813 3632 1885 μυκτηρισμδν

2026 1910 2405 1983 ἀποϐλέψειεν,
2471 1911 2679 1981 ἁνθήσῃ
2741 1911 2799 1964 δέ
2831 1909 2899 1964 τὰ
2946 1911 3047 1978 τῆς
3094 1907 3379 1981 εὐσεϐείας
3437 1908 3628 1960 γαὶτδ

2026 2002 2350 2056 ἐπισκοτοῦν
2383 2004 2518 2074 αὐτῇ
2552 2005 2647 2071 τῆς
2701 2002 2911 2074 πλάνης
2943 2003 3105 2068 νέφος
3138 1997 3626 2069 ἐξαιρεθείη,τοιῖ-

2023 2113 2117 2149 τον
2152 2096 2250 2166 μέν
2273 2096 2379 2150 ὑπὸ
2398 2096 2618 2165 δεσμοῖς
2650 2095 2744 2148 καὶ
2772 2096 2989 2166 φρουρᾷ
3028 2094 3323 2163 καθίστησι
3352 2095 3420 2161 τῇ
3445 2092 3629 2161 ﬁsca-

2026 2189 2280 2260 λεστάτῃ.
2311 2186 2483 2251 Αὐτὸς
2510 2188 2568 2241 δὲ
2610 2186 2741 2258 παρ’
2772 2188 2901 2257 ὃλην
2934 2186 3109 2240 νύκτα
3157 2184 3624 2254 διασκεψάμενος.

2028 2280 2147 2344 πῶς
2175 2279 2241 2335 ἂν
2275 2281 2439 2335 αὑτὸν
2468 2279 2634 2346 ἀξίως
2670 2280 2942 2351 ἀμύναιτο
2975 2281 3071 2334 καὶ
3117 2279 3227 2331 τίνι
3281 2276 3470 2348 τρόπῳ
3523 2276 3627 2347 τῆς

2027 2377 2314 2449 παρούσης
2355 2377 2697 2445 ὑπεξαγάγοι
2738 2376 2906 2446 ζωῆς,
2970 2374 3183 2444 θηρίοις
3232 2371 3377 2442 ἔγνω
3439 2385 3627 2443 παραν

2026 2474 2213 2527 δοῦναι
2246 2471 2414 2543 βορὰν
2441 2473 2535 2524 καὶ
2569 2471 2662 2524 ὑπ’
2709 2469 2936 2523 ἐκείνων
2988 2467 3468 2536 διασπαραχθέντα
3530 2465 3624 2519 τὸν

2030 2566 2187 2634 ἅγιον
2213 2563 2532 2619 ἀπολέσθαι.
2568 2560 2737 2625 Οὗτος
2760 2563 2874 2631 γὰρ
2896 2560 3199 2631 βαρύτατος
3235 2556 3467 2612 θανάτου
3492 2555 3623 2626 τρό-

2030 2676 2131 2722 πος
2161 2658 2461 2727 διεσκέφθη
2509 2655 2587 2727 τῷ
2622 2655 2853 2726 βασιλεῖ.
2893 2655 3106 2709 Ἔωθεν
3131 2650 3224 2706 οὖν
3250 2653 3380 2722 περὶ
3425 2650 3621 2704 τούτου

2030 2750 2125 2802 καὶ
2154 2751 2218 2819 τῇ
2252 2748 2541 2817 συγκλήτῳ
2564 2745 2970 2817 κοινωσαμένου
2997 2746 3097 2815 τὴν
3133 2742 3232 2814 μέν
3266 2742 3496 2812 γνώμην
3529 2741 3623 2793 καὶ

2032 2840 2188 2896 αὐτοὶ
2213 2840 2469 2911 ἐπῄνουν,
2505 2839 2643 2909 πλὴν
2671 2839 2772 2891 οὐκ
2796 2841 2854 2891 ἐν
2895 2837 3199 2907 Ἀντιοχείᾳ
3231 2833 3623 2889 συνιὸούλευον

2030 2933 2141 2988 δεῖν
2173 2931 2428 3002 γενέσθαι
2454 2932 2556 3004 τὴν
2582 2931 2819 2993 ἔκδοσιν,
2852 2931 2973 2984 Ἵνα
3003 2931 3077 3000 μὴ
3129 2927 3401 2989 ποθεινὸν,
3433 2928 3621 2994 φησιν,

2031 3025 2178 3082 οὕτω
2211 3027 2307 3081 καὶ
2338 3026 2544 3097 μᾶλλον
2582 3025 2829 3094 ἐπίδοξον
2865 3024 3016 3094 παρὰ
3062 3026 3177 3086 τοῖς
3206 3021 3432 3085 οἰκείοις
3461 3019 3622 3073 πολί-

2032 3134 2155 3182 ταις
2185 3118 2276 3171 τὸν
2340 3117 2608 3186 Ἰγνάτιον
2648 3115 3041 3187 ἐργασώμεθα,
3100 3113 3428 3187 μαρτυρικῷ
3462 3112 3623 3181 δῆθεν

339 3207 654 3265 cedcnletlt.
722 3209 1096 3277 Quamobrem
1151 3213 1413 3271 dicebant
1483 3228 1743 3288 oportere
1797 3233 1925 3275 eum

2039 3212 2177 3265 τέλει
2213 3210 2310 3283 τὴν
2343 3210 2489 3281 ζωὴν
2534 3210 2899 3266 καταλύοντα.
2934 3209 3097 3263 Ὥστε
3130 3211 3456 3279 προσήκειν.
3487 3206 3623 3273 εφα-

344 3298 577 3355 Bomam
607 3301 807 3357 abduci
847 3304 1117 3370 vinctum,
1140 3314 1198 3361 et
1248 3306 1361 3363 illic
1409 3309 1552 3365 tradi
1589 3309 1800 3367 bestiis.
1831 3311 1927 3368 Sic

341 3391 497 3446 enim"
532 3402 591 3447 et
622 3395 940 3464 prolixitate
994 3398 1211 3456 itineris
1263 3402 1486 3473 gravius
1545 3404 1757 3462 subibit
1791 3419 1925 3477 sup-

340 3484 595 3554 plicium,
615 3497 672 3543 et
694 3488 858 3546 simul
880 3490 1409 3563 llomanisquisnam
1437 3496 1507 3550 sit
1524 3496 1926 3567 ignorantibus,

338 3577 624 3635 videbitur
653 3593 777 3637 esse
801 3594 1143 3654 peremptus.
1174 3594 1433 3657 tanquam
1468 3602 1612 3642 unus
1646 3603 1715 3643 ex
1754 3590 1929 3645 male-

343 3669 485 3735 tieis,
519 3682 575 3726 et
629 3688 732 3730 nec
788 3675 1014 3730 minima
1065 3676 1291 3746 quidem
1350 3679 1458 3733 erit
1489 3680 1610 3749 ejus
1632 3680 1775 3750 apud
1805 3681 1929 3737 illos

339 3766 631 3821 memoria.
659 3766 797 3821 Cum
828 3768 935 3825 hoc
957 3784 1089 3840 ergo
1116 3770 1432 3838 placuisset,
1455 3773 1585 3826 etin
1612 3772 1791 3843 ipsum
1818 3774 1926 3829 lata

339 3857 539 3913 fuisset
573 3860 828 3928 protinus
857 3863 1159 3926 sententia,
1201 3862 1505 3933 imperator
1549 3880 1675 3919 eum
1732 3882 1928 3923 rursus

339 3950 661 4018 produeile
717 3953 991 4018 custodia,
1040 3954 1146 4010 hoc
1175 3956 1296 4025 ejus
1346 3966 1687 4026 postremum
1720 3957 1929 4015 faciens

337 4045 672 4115 periculum.
724 4047 793 4101 Et
852 4048 1092 4117 primum
1155 4050 1380 4119 quidem
1417 4050 1606 4105 multis
1652 4050 1929 4110 bonorum

338 4139 628 4207 promissis
643 4138 844 4195 crebro
866 4150 1114 4199 sanctum
1145 4143 1449 4199 deliniebat
1474 4147 1929 4214 aedemulcebat,

337 4231 540 4288 deinde
571 4234 736 4289 etiam
779 4251 970 4310 rursus
1003 4236 1170 4292 minis
1225 4238 1400 4308 magis
1435 4240 1717 4295 territans.
1769 4241 1927 4297 Post-

335 4342 503 4397 quam
563 4336 748 4383 autem
781 4346 909 4388 eum
945 4331 1085 4385 vidit
1114 4346 1217 4387 nec
1249 4332 1449 4389 cedere
1480 4335 1792 4405 promissis,
1822 4352 1925 4391 ue-

339 4435 447 4489 que
487 4422 668 4477 minas
708 4423 1030 4487 formidare,
1069 4424 1374 4496 desperans
1427 4429 1656 4484 omnino
1716 4429 1834 4485 fore
1866 4441 1928 4487 ut

338 4523 673 4581 mutaretur,
711 4517 779 4571 ad
820 4517 1081 4574 ell'cctum
1117 4518 1348 4575 deduxit
1401 4535 1466 4575 ea
1519 4536 1642 4592 qua:
1703 4523 1924 4580 decreta

2034 3323 2184 3370 σκον,
2218 3306 2299 3369 είς
2357 3304 2579 3374 Ῥώμην
2628 3306 2793 3359 αὐτὸν
2825 3305 3137 3375 ἐπαχθέντα
3168 3301 3460 3372 δεσμώτην
3506 3304 3622 3355 ἐκεῖ

2032 3402 2145 3465 τοῖς
2182 3400 2377 3471 θηρσὶν
2426 3398 2734 3470 ἐκδοθῆναι.
2766 3390 2926 3454 οὕτω
2979 3398 3087 3469 γὰρ
3124 3397 3201 3467 τῷ
3235 3398 3404 3466 μήκει
3434 3412 3493 3449 τε
3524 3395 3621 3465 τῆς

2038 3493 2265 3566 πορείας
2293 3492 2685 3564 χαλεπωτέραν
2735 3491 2925 3562 ὑφέξει
2973 3494 3074 3562 τὴν
3103 3490 3331 3544 κόλασιν
3374 3489 3471 3543 καὶ
3501 3487 3620 3556 ἅμα

2043 3587 2341 3657 Ῥωμαίοις
2372 3587 2743 3657 ἀγνοούμενος
2793 3587 2944 3648 ὅστις
2971 3584 3372 3654 εἴη,,καθάπερ
3404 3578 3484 3647 εἷς
3514 3583 3620 3634 τῶν

2034 3679 2383 3749 κακούργων.
2424 3680 2784 3749 ἀναιρεθῆναι
2849 3677 3040 3742 δόξειε,
3074 3676 3170 3730 καὶ
3207 3674 3327 3728 οὐδὲ
3358 3673 3619 3745 βραχείας

2032 3776 2094 3828 τδ
2129 3775 2266 3844 μετὰ
2301 3773 2473 3827 ταῦτα
2517 3773 2743 3843 μνήμης
2791 3773 2924 3842 παρ’
2964 3768 3195 3832 ἐκείνοις
3236 3764 3614 3833 ἀξιωθήσεται.

2034 3868 2237 3922 Τούτου
2276 3867 2568 3936 τοιγαροῦν
2592 3867 2891 3935 ἁρέσαντος
2919 3864 3014 3917 καὶ
3038 3864 3135 3931 τῆς
3165 3863 3288 3915 κατ’
3316 3860 3484 3916 αὐτοῦ
3517 3860 3617 3927 ψή-

2033 3979 2134 4030 φου
2190 3961 2507 4032 παραυτίκα
2561 3958 2961 4030 ἐξενεχθείσης,
3018 3957 3355 4026 παρίστησιν
3385 3954 3491 4007 ἀπὸ
3517 3952 3631 4019 τῆςσ

2035 4056 2284 4125 φυλακῆς
2339 4055 2506 4109 αὐτὸν
2556 4054 2651 4107 καὶ
2712 4051 2874 4105 πάλιν
2906 4049 3248 4120 όβασιλεὺς,
3299 4046 3614 4101 τελευταίαν

2032 4147 2181 4217 αύτῷ
2207 4149 2412 4215 ταύτην
2434 4144 2534 4217 τὴν
2573 4147 2770 4212 πεῖραν
2800 4143 3113 4215 προσάγων.
3153 4141 3263 4195 Καὶ
3298 4140 3490 4211 πρῶτα
3519 4138 3613 4208 μὲν

2034 4241 2201 4304 πολὺς
2231 4241 2291 4292 ἐν
2312 4241 2432 4302 ταῖς
2455 4239 2565 4293 τῶν
2592 4237 2816 4306 ἀγαθῶν
2861 4233 3224 4304 ἐπαγγελίαις
3252 4231 3343 4284 τδν
3383 4229 3613 4301 ἀθλητὴν

2033 4335 2345 4390 ὕποσαίνων
2393 4334 2490 4386 καί
2556 4332 2857 4402 καταψῶνο
2892 4329 3083 4384 ἔπειτα
3144 4327 3200 4381 δὲ
3264 4325 3362 4380 καὶ
3395 4324 3611 4379 -πλείων

2035 4428 2199 4485 πάλιν
2227 4429 2349 4490 ταῖς
2375 4425 2626 4488 ἀπειλαῖς
2667 4424 3057 4493 δεδιττόμενος.
3109 4422 3194 4484 Ὡς
3228 4423 3287 4476 δέ
3317 4424 3454 4490 μήτε
3484 4419 3610 4499 προς

2032 4525 2132 4586 τὰς
2154 4521 2480 4593 ὑποσχέσεις
2508 4519 2782 4574 ἐνδιδόντα
2816 4513 2953 4581 εἶδε,
2995 4518 3134 4585 μήτε
3172 4514 3310 4584 πρὸς
3342 4514 3439 4576 τὰς
3482 4512 3610 4565 ὐπο-

335 4605 603 4662 fuerant:
636 4617 693 4664 et
738 4625 864 4665 cum
905 4611 1165 4681 jussisset
1217 4612 1499 4681 prioribus
1559 4614 1812 4683 graviora
1872 4616 1923 4671 ei

2039 4618 2371 4686 πτήσσοντα,
2403 4613 2725 4667 παντάπασι
2747 4611 2848 4681 τὴν
2883 4607 3191 4680 μεταϐολὴν
3220 4607 3511 4674 ἀπογνοὺς.
3537 4604 3610 4665 si;

336 4699 547 4770 imponi
605 4701 850 4768 vincula,
915 4706 1085 4774 tradit
1123 4721 1249 4760 eum
1302 4707 1520 4761 cohorti
1584 4707 1835 4771 militari,
1867 4718 1926 4764 et

337 4794 511 4849 mittit
540 4795 766 4851 llomam
795 4797 1022 4867 jubeus,
1052 4813 1179 4852 cum
1201 4799 1519 4854 advenisset
1562 4799 1779 4854 civibus
1806 4799 1927 4856 dies

334 4886 533 4950 festus,
578 4904 689 4959 quo
725 4897 872 4943 totus
892 4901 1321 4960 congregaretur
1340 4890 1599 4960 populus,
1626 4904 1755 4945 eum
1781 4893 1924 4948 tradi

336 4980 534 5036 bestiis
595 4982 662 5035 ad
721 4997 1073 5037 communem
1130 4982 1330 5038 theatri
1379 4983 1830 5048 delectationem.
1868 4997 1929 5042 ut

338 5073 739 5129 convenienter
777 5074 850 5141 ei,
882 5073 1034 5146 quod
1067 5073 1205 5130 dicit
1234 5074 1300 5130 D.
1336 5074 1543 5131 Paulus
1572 5075 1616 5141 ⁸,
1640 5076 1758 5148 ipse
1788 5093 1927 5149 quo-

336 5182 447 5238 que
504 5166 662 5222 ﬁeret
708 5167 1085 5239 spectaculum
1131 5166 1359 5236 mundo,
1409 5169 1621 5242 angelis
1646 5180 1702 5226 et
1738 5171 1921 5227 homi—

334 5258 526 5316 nibus.

407 5437 544 5497 Vlll.
577 5439 783 5514 Martyr
810 5453 942 5512 ergo
963 5456 1089 5497 cum
1133 5440 1380 5497 ultimam
1406 5441 1553 5495 illam
1609 5424 1918 5510 accepisset

339 5535 694 5602 sententiam,
727 5544 784 5591 et
828 5534 944 5590 Deo
977 5548 1175 5606 magno
1209 5535 1472 5602 clamore,
1508 5541 1567 5588 ut
1624 5541 1922 5588 consenta-

337 5645 504 5685 neum
532 5639 672 5693 erat,
702 5628 907 5701 egisset
928 5627 1156 5701 gratias,
1186 5645 1311 5684 cum
1337 5642 1533 5700 magna
1552 5627 1837 5698 voluptate
1864 5637 1921 5681 et

336 5721 526 5778 latitia
554 5722 661 5778 sibi
694 5722 929 5795 imponit
962 5722 1203 5780 vincula.
1245 5722 1311 5779 Et
1344 5723 1648 5793 imperatur
1694 5720 1918 5792 quidem

413 5912 433 5943 ‘
458 5911 480 5970 Ι
513 5911 640 5970 Cor.
669 5932 742 5973 tv.

2030 4710 2191 4779 ἔργον
2217 4710 2284 4762 τὰ
2319 4707 2672 4778 ἐψηφισμένα
2704 4704 2867 4772 ἐξῆγε
2897 4702 2993 4756 καὶ
3032 4701 3314 4772 βαρύτερα
3347 4698 3455 4753 τῶν
3488 4713 3610 4766 προ·

2028 4803 2209 4872 τέρων
2261 4798 2409 4869 αὐτῷ
2471 4796 2652 4868 δεσμὰ
2708 4794 3017 4868 περιθεῖναι
3061 4792 3353 4856 κελεύσας,
3382 4791 3609 4858 τάγματι

2033 4891 2420 4964 στρατιωτικῷ
2474 4888 2840 4961 παραδίδωσι,
2883 4888 2981 4940 καὶ
3021 4887 3103 4946 είς
3154 4881 3381 4953 Ῥώμην
3411 4879 3609 4948 ἐκπέμ-

2032 5004 2125 5040 πει
2159 4983 2565 5053 ἐντειλάμενος,
2620 4980 2787 5051 ἡνίκα
2826 4980 2940 5042 τοῖς
2984 4976 3236 5035 πολίταις
3272 4972 3453 5044 ἡμέρα
3484 4986 3609 5024 παν·

2030 5077 2286 5147 ηγύρεως
2316 5078 2537 5146 ἐπιστῇ.
2572 5073 2784 5145 θηρίοις
2826 5070 2993 5126 αὑτὸν
3032 5070 3115 5133 είς
3153 5065 3346 5138 τέρψιν
3375 5064 3469 5117 τοῦ
3494 5062 3608 5115 θεά-

2034 5188 2168 5244 τρου
2196 5170 2385 5242 κοινὴν
2416 5167 2732 5238 ἐκδοθῆναι,
2756 5165 2898 5220 ὥστε
2930 5164 3074 5218 κατὰ
3100 5161 3192 5216 τδν
3221 5160 3370 5214 θεῖον
3410 5154 3606 5241 Παῦλον

2033 5266 2128 5320 καὶ
2154 5265 2317 5320 αὑτὸν
2345 5264 2581 5335 θέατρον
2611 5259 2866 5331 γενέσθαι
2888 5256 2966 5330 τῷ
2992 5257 3205 5327 κόσμῳ,
3226 5254 3321 5308 καὶ
3345 5250 3605 5329 ἀγγέλοις.

2034 5360 2127 5414 καὶ
2156 5359 2252 5412 ἀνθ
2260 5356 2487 5429 ρώποις.

2104 5453 2188 5507 H'.
2243 5451 2303 5505 '0
2340 5450 2551 5521 μάρτυς
2589 5449 2771 5504 τοίνυν
2827 5446 2927 5516 τὴν
2987 5441 3312 5497 τελευταίαν
3341 5438 3606 5505 undenas:

2032 5549 2250 5615 ἐκείνην
2272 5542 2478 5609 λαϐὼν,
2511 5542 2609 5597 καὶ
2654 5540 2733 5613 τῷ
2763 5540 2885 5610 Θεῷ
2921 5537 3133 5611 μεγάλῃ
3160 5535 3264 5605 βοῇ
3321 5534 3389 5587 τὰ
3432 5531 3603 5584 είκότι

2031 5639 2434 5712 εὐχαριστήσας
2473 5636 2592 5707 μεθ’
2626 5634 2825 5709 ἡδονῆς
2873 5632 3011 5705 ὅσης
3032 5633 3126 5685 καὶ
3154 5628 3510 5699 φαιδροτητος
3539 5625 3598 5674 τὰ

2033 5733 2208 5803 δεῖμα
2242 5728 2603 5802 περιτίθεται.
2642 5729 2755 5783 Καὶ
2781 5729 2807 5779 ὁ
2869 5724 2969 5796 μὲν
2995 5722 3250 5795 βασιλεὺς
3278 5720 3425 5793 ἐξῄει
3476 5715 3601 5771 acati
