3820 6462
210 373 352 441 1271

1292 385 1467 445 VITA
1506 385 1571 447 S.
1619 387 1921 449 IGNATII
1966 392 2306 460 DEIFERI.
2412 444 2417 447 ι
2497 408 2505 416 ’

3344 403 3480 467 1278

207 490 441 563 Περσῶν
478 492 618 563 μετὰ
644 493 745 564 τῆς
776 493 867 547 ὑπ’
896 494 1063 548 αὐτοῦ
1106 499 1392 567 στρατιᾶς.
1432 497 1496 551 '0
1526 497 1791 570 Θεοερὸρος

1911 506 2187 577 egreditur
2210 518 2402 566 contra
2429 513 2624 574 Bersas
2650 527 2774 569 cum
2810 529 2913 570 suo
2936 513 3183 571 exercitu
3211 531 3226 569 ι
3257 514 3480 573 divinus

208 583 268 637 δέ
317 587 383 656 τῇ
429 583 728 657 Ἐκκλησία
787 585 1054 656 πρότερον
1108 586 1490 660 ἐπευξάμενος
1540 590 1636 643 καὶ
1693 591 1795 660 τὴν

209 676 454 747 ποίμνην
493 676 591 730 σὺν
618 674 852 747 δάκρυσι
886 676 1269 749 παραθέμενος
1306 679 1381 750 τῷ
1413 680 1795 751 Θεῷ,δὲσμιος

205 769 497 841 ἠκολούθει
522 771 635 833 τοῖς
668 770 1053 841 στρατιώταις.
1086 770 1199 826 Εἶθ’
1255 773 1426 839 οὕτως
1466 777 1565 846 τὴν
1595 775 1795 830 Σελεύ-

208 860 365 914 κειαν
419 862 481 914 οὐ
539 861 868 931 διαμέλλων.
906 865 1006 917 οὐκ
1064 863 1317 936 ἀθυμῶν,
1362 866 1423 920 οὐ
1481 867 1713 938 πάσχειν
1742 883 1795 921 τι

210 950 541 1022 σκυθρωπὸν
566 953 703 1016 δλως
736 953 1197 1025 ὑποφαινόμενος.
1234 957 1373 1010 ἀλλὰ
1403 959 1564 1013 ποσὶν
1594 961 1798 1032 εὐπροο

208 1042 405 1113 θύμοις
438 1043 786 1109 καταλαϐὼν,
820 1048 902 1110 εἰς
937 1048 1125 1103 πλοῖόν
1144 1066 1205 1103 τε
1235 1050 1342 1104 ὑπὸ
1381 1051 1491 1105 τῶν
1527 1070 1795 1125 στρατιω-

203 1136 318 1191 τῦν
349 1138 699 1209 ἐμϐάλλεται,
728 1140 823 1193 καὶ
862 1141 961 1194 σὺν
998 1142 1183 1208 αὐτοῖς
1212 1144 1293 1207 εἰς
1323 1143 1580 1217 Σμύρναν
1604 1146 1797 1199 καταῖ-

211 1244 317 1298 ρει.
357 1226 626 1284 Ἐνταῦθα
679 1229 1042 1303 Πολύκαρπον
1095 1234 1448 1301 ἀσπάζεται,
1495 1236 1585 1291 τὸν
1652 1237 1795 1289 θεῖον

206 1322 528 1390 ἀποστόλον,
586 1321 646 1376 ὂν
694 1326 1029 1395 προεστάναι
1053 1326 1152 1397 τῆς
1199 1310 1341 1381 κατὰ
1370 1327 1628 1399 Σμύρναν
1675 1327 1798 1381 Ἐκ-

188 1413 444 1483 ’κλησίας
495 1418 876 1485 συμφοιτητην
921 1418 1172 1487 Ἰγνατὶῳ
1197 1420 1494 1488 γενόμενον
1537 1420 1796 1490 ἀνωτέρω

207 1506 423 1576 φθάσας
484 1509 513 1563 ὁ
556 1508 715 1577 λόγος
765 1509 1026 1580 ἐδήλωσε.
1088 1510 1294 1564 Τοῦτον
1339 1507 1436 1579 οὖν
1462 1511 1794 1580 ἀσπάζεται,

210 1600 612 1681 σεμνυνόμενος
651 1601 745 1655 ἐπὶ
798 1606 907 1666 τοῖς
939 1603 1162 1675 δεσμοῖς
1190 1605 1287 1661 καὶ
1316 1596 1544 1676 χαίρων.
1592 1607 1657 1660 Τί
1689 1606 1797 1677 γὰρ

207 1686 359 1761 εἶχεν
387 1690 551 1745 αὑτὸν
583 1690 747 1744 πλέον
770 1709 827 1744 σε
838 1691 1036 1761 μνῦναι
1061 1694 1094 1766 ἦ
1130 1694 1191 1748 τὸ
1214 1695 1354 1764 ὑπὲρ
1377 1694 1552 1759 οὕτως
1574 1698 1795 1768 ἀγαπή-

210 1801 407 1848 σαντος
442 1784 721 1840 Δεσπότου
774 1772 1474 1858 πάσχοντα’καθορᾶσθαι;
1518 1786 1653 1841 Εἶτα
1700 1790 1797 1843 καὶ

204 1880 320 1940 τοῖς
350 1877 558 1941 λοιποῖς
583 1854 933 1946 ἐπισκόποις,
969 1854 1366 1952 πρεσϐυτέροις
1395 1898 1454 1935 τε
1486 1882 1580 1935 καὶ
1603 1881 1789 1937 διακό-
1828 1854 1870 1909 Β

205 1985 344 2034 νοις,
366 1971 495 2033 τοὺς
550 1972 932 2042 προσήκοντας
979 1973 1307 2045 ἀσπασμοὺς
1362 1975 1619 2041 ἀποδοὺς,
1668 1977 1791 2030 ἐπεὶ

207 2060 396 2114 πολλοὶ
455 2062 711 2117 συνέθεον
744 2064 853 2118 ἀπὸ
895 2064 1006 2119 τῶν
1056 2068 1158 2137 τῆς
1199 2067 1385 2132 ’Δσίας
1447 2069 1790 2140 Ἐκκλησιῶν

206 2157 304 2208 καὶ
337 2153 447 2208 τῶν
504 2155 734 2222 πόλεων,
787 2158 883 2212 καὶ
910 2157 1035 2228 δψιν
1082 2160 1303 2233 ἐκείνην
1333 2162 1462 2216 ἰδεῖν
1490 2166 1587 2217 καὶ
1621 2164 1789 2220 καλοῦ

206 2250 452 2319 νάματος
504 2247 812 2302 ἀπολαῦσαι
866 2250 1089 2322 ῥέοντος
1120 2251 1236 2322 ’τῆς
1260 2254 1476 2309 ἐκείνου
1517 2255 1786 2327 γλώττης,

207 2338 376 2403 αὐτὸς
431 2338 501 2392 τὰ
532 2339 886 2411 προσήκοντα
916 2341 1203 2414 παραινῶν
1236 2342 1492 2416 εὔχεσθαι
1524 2347 1669 2419 ὑπὲρ
1693 2348 1790 2402 αὖ·

202 2436 301 2490 τοῦ
322 2436 532 2500 πάντας
558 2436 735 2509 ἠξίου,
766 2436 909 2491 ὥστε
935 2437 1025 2491 διὰ
1052 2437 1163 2493 τῶν
1191 2437 1399 2509 θηρίων
1427 2439 1624 2494 θᾶττον
1656 2442 1790 2495 ἀναο

204 2528 370 2584 λῦσαι
422 2530 563 2602 πρὶς
604 2530 696 2584 τὸν
727 2530 1087 2601 ποθούμενον,
1129 2532 1222 2585 καὶ
1248 2531 1328 2603 τῷ
1372 2533 1586 2586 ἐκείνου
1641 2534 1788 2589 θείου

206 2624 490 2694 προσώπῳ
528 2623 959 2694 ἐμφανισθῆναι.
999 2623 1174 2696 Ὁρῶν
1200 2622 1258 2677 δέ
1286 2624 1384 2679 καὶ
1416 2625 1537 2678 λίαν
1589 2626 1788 2689 αὐτοὺς

206 2713 531 2784 περιπαθῶς
580 2714 806 2785 ἔχοντας
858 2715 952 2769 καὶ
1002 2714 1170 2768 οίονεῖ
1212 2717 1314 2787 τῆς
1357 2716 1570 2769 ἐκείνου
1607 2716 1789 2786 ψυχῆς

205 2809 680 2879 ἐκκρεμαμένους,
711 2808 807 2862 καὶ
837 2807 1043 2880 ζημίαν
1065 2808 1125 2863 οὐ
1167 2808 1415 2882 φορητὴν
1449 2810 1789 2880 ἡγουμένους

203 2900 298 2953 τὸν
326 2901 607 2974 χωρισμὸν
639 2900 833 2969 αὐτοῦ,
865 2900 1077 2969 καὶθτδν
1103 2899 1359 2967 θάνατον,
1390 2901 1576 2965 δείσας
1599 2918 1659 2954 τε
1692 2899 1789 2954 καὶ

206 2994 340 3065 περὶ
367 2992 475 3046 τῶν
506 2996 563 3048 ἐν
591 2994 657 3065 τῇ
691 2992 881 3066 Ῥώμῃ
906 2992 1137 3059 πιστῶν,
1163 2991 1240 3064 μὴ
1280 2992 1376 3048 καὶ
1416 2980 1574 3046 abte!
1602 3009 1787 3062 παρα·-

206 3084 455 3156 πλησίως
480 3085 814 3150 διατεθέντες
840 3087 941 3139 οὐκ
969 3086 1256 3154 ἀνέξονται
1292 3087 1421 3141 ἰδεῖν
1446 3086 1608 3141 αὐτὸν
1641 3086 1787 3139 ἐκδι-

1898 606 2083 654 autem
2103 599 2361 671 lgnatius,
2381 619 2504 659 cum
2536 604 2794 660 Ecclesia:
2818 606 2972 683 prius
2996 606 3138 662 bene
3164 613 3315 662 esset
3356 621 3483 677 pre-

1896 700 2071 759 catus,
2089 701 2145 748 et
2161 709 2377 765 gregem
2392 712 2551 752 suum
2565 699 2676 754 Deo
2691 698 3133 754 commendasset
3147 714 3275 756 cum
3304 699 3453 769 lacry
3465 730 3484 746 ο

1897 786 2025 851 mis,
2059 787 2276 843 vinctus
2292 790 2625 859 sequebatur
2646 792 2851 848 milites
2877 792 2975 863 (ί).
3005 791 3214 848 Deinde
3238 807 3364 847 cum
3382 790 3484 847 Se“

1896 880 2128 936 leuciam
2149 897 2257 936 non
2274 892 2562 948 cunctans,
2579 900 2687 941 non
2701 884 2861 949 ﬂens,
2885 900 2994 940 non
3012 900 3071 941 se
3088 884 3295 955 aliquid
3315 897 3481 955 grave

1897 974 2123 1035 omnino
2154 975 2266 1046 pati
2303 991 2417 1046 pra:
2458 991 2516 1031 se
2560 976 2767 1043 ferens,
2800 978 2894 1033 sed
2935 978 3213 1033 alacribus
3237 977 3482 1031 venisset

1897 1067 2154 1137 pedibus,
2186 1084 2216 1123 a
2244 1068 2514 1123 militibus
2545 1069 2603 1123 in
2633 1084 2831 1124 navem
2880 1070 3215 1131 immittitur,
3246 1078 3305 1124 et
3354 1081 3481 1122 cum

1897 1160 1995 1215 eis
2030 1162 2266 1233 appellit
2298 1160 2612 1233 Smyrnam.
2644 1161 2745 1217 Hic
2772 1162 2975 1218 salutat
2999 1163 3366 1233 Polycarpum
3391 1160 3479 1214 di-

1896 1253 2089 1308 vinum
2147 1256 2481 1326 apostolum,
2511 1270 2676 1325 quem
2737 1254 3061 1327 Smyrnensi
3091 1255 3165 1323 t5)
3195 1252 3481 1325 prazt‘uisse

1901 1346 2178 1410 Ecclesia,
2223 1363 2346 1402 cum
2378 1347 2573 1418 lgnatii
2606 1347 2802 1403 fuisset
2842 1348 3275 1417 condiscipulus,
3307 1361 3481 1416 supe-

1900 1439 2019 1493 rius
2043 1438 2306 1495 diximus.
2343 1440 2483 1496 Eum
2528 1456 2661 1511 ergo
2693 1442 2919 1506 salutat;
2974 1442 3218 1513 glorians
3266 1451 3324 1495 et
3362 1456 3482 1495 ma-

1898 1531 2093 1603 gniﬁce
2120 1532 2228 1587 sibi
2262 1533 2763 1605 placensbetusque
2783 1535 2852 1591 de
2873 1535 3132 1591 vinculis.
3171 1534 3313 1601 Quid
3332 1534 3483 1589 enim

1899 1623 1951 1678 ei
2010 1633 2226 1693 poterat
2277 1616 2400 1681 esse
2460 1627 2659 1697 majori
2690 1637 3042 1691 ornamento,
3095 1640 3262 1696 quam
3309 1623 3483 1695 aspici

1902 1718 2012 1786 pati
2049 1732 2150 1787 pro
2195 1717 2451 1782 Domino,
2521 1718 2616 1788 qui
2668 1733 2794 1774 eum
2824 1718 2902 1773 sic
2926 1718 3243 1773 dilexerat?
3272 1716 3484 1772 Deinde

1901 1827 2025 1866 cum
2057 1811 2224 1865 etiam
2258 1812 2489 1883 reliquis
2518 1814 2797 1884 episcopis
2817 1821 2875 1869 et
2905 1813 3244 1884 presbyteris
3280 1822 3337 1868 et
3360 1810 3450 1867 uin
3476 1841 3485 1848 -

1900 1905 2054 1959 conis
2080 1904 2412 1961 reddidisset
2455 1921 2571 1970 eas,
2620 1922 2757 1977 quas
2783 1923 2881 1977 par
2913 1917 3055 1972 erat,
3095 1907 3480 1968 salutationes.

1898 1998 2159 2068 quoniam
2203 1997 2360 2052 multi
2408 1998 2813 2054 concurrebant
2844 2014 2911 2054 ex
2961 1999 3229 2054 Ecclesiis
3256 1997 3401 2053 Asia:
3426 2007 3485 2052 et

1900 2077 2220 2143 (ivitatibus
2262 2086 2330 2143 ad
2354 2074 2365 2086 ’
2389 2088 2687 2144 videndum
2724 2088 2857 2144 illud
2896 2088 3298 2159 spectaculum,
3330 2096 3390 2145 et
3418 2095 3480 2141 ut

1898 2183 2132 2253 pulchro
2190 2182 2510 2240 fruerentur
2569 2183 2777 2239 ﬂuento
2826 2183 2973 2254 quod
3004 2181 3210 2237 ﬂuebat
3235 2198 3302 2237 ex
3337 2181 3485 2235 illius

1897 2272 2106 2345 lingua.
2141 2274 2256 2344 ipse
2312 2290 2400 2337 ea,
2436 2290 2559 2345 qua:
2593 2289 2694 2345 par
2743 2283 2886 2347 erat,
2935 2274 3198 2337 suadens,
3256 2271 3485 2343 rogabat

1897 2382 2109 2433 omnes,
2140 2376 2200 2422 ut
2232 2384 2329 2439 pro
2358 2368 2476 2439 ipso
2492 2377 2740 2432 orarent,
2771 2377 2832 2423 ut
2864 2383 2960 2438 per
2983 2367 3130 2423 feras
3156 2365 3267 2423 cito
3292 2366 3482 2421 resol-

1898 2471 2126 2517 veretur
2175 2463 2241 2515 ad
2273 2479 2425 2529 eum,
2482 2478 2646 2529 quem
2695 2460 3072 2527 desiderabat,
3098 2460 3153 2517 et
3188 2466 3483 2532 appareret

1898 2567 2025 2611 ante
2058 2554 2207 2609 illius
2232 2553 2449 2610 faciem.
2484 2552 2619 2610 Cum
2675 2555 2903 2618 videret,
2943 2566 3127 2609 autent
3178 2569 3289 2609 eos
3323 2553 3483 2608 valde

1898 2648 2270 2719 perturbatos,
2310 2657 2365 2702 et
2395 2647 2801 2717 quodammodo
2835 2646 3143 2717 pendentes
3202 2646 3271 2700 ab
3326 2645 3479 2699 illius

1896 2741 2098 2805 anima,
2134 2748 2189 2795 et
2239 2755 2346 2794 non
2371 2739 2652 2795 ferendum
2679 2738 2941 2795 damnum
2984 2739 3374 2795 existimantes
3397 2754 3486 2794 se-

1897 2832 2243 2905 parationem
2276 2831 2395 2903 ejus
2425 2840 2481 2887 et
2501 2840 2756 2895 mortem,
2779 2832 2846 2886 de
2873 2831 2961 2897 iis,
2986 2830 3081 2903 qui
3113 2839 3242 2885 sunt
3269 2830 3478 2896 Romrc,

1898 2927 2122 2991 timens,
2169 2940 2239 2980 ne
2300 2923 2404 2995 ipsi
2440 2940 2662 2994 quoque
2705 2924 2965 2980 similiter
3001 2922 3209 2987 atl'ecti,
3238 2936 3348 2977 non
3386 2940 3482 2978 su-

1896 3021 2169 3075 stinerent
2199 3033 2328 3074 eum
2379 3018 2569 3073 videre
2632 3018 2771 3072 tradi
2810 3018 3021 3081 bestiis,
3051 3016 3145 3073 sed
3181 3032 3377 3073 manus
3403 3017 3484 3071 eis

1896 3110 2181 3172 aﬂcrrent.
2199 3110 2401 3183 quibus
2440 3110 2757 3165 mandatum
2782 3121 2902 3165 erat
2932 3120 2990 3165 ut
3019 3125 3144 3164 eum
3174 3108 3481 3176 traderent,

206 3170 432 3249 δόμενον
486 3182 597 3244 τοῖς
632 3178 865 3253 θηρίοις,
906 3179 1045 3234 ἀλλὰ
1079 3181 1273 3255 χεῖρας
1316 3179 1646 3242 ἀντιπάλους
1677 3180 1789 3240 τοῖς

1911 3216 1954 3261 ει
1982 3204 2034 3262 ei
2060 3170 2385 3261 clauderent
2405 3212 2653 3274 apertam
2694 3203 2921 3274 januam
2983 3201 3253 3274 martyrii,
3285 3200 3483 3255 statuit

208 3272 698 3344 ἐπιτετραμμένος
719 3273 827 3344 ’τὴν
851 3271 1065 3327 ἔκδοσιν
1085 3269 1395 3344 ἐμϐάλωσιν
1425 3272 1521 3325 καὶ
1573 3271 1676 3343 τὴν
1716 3271 1795 3324 δι-

209 3365 526 3433 ανοιγείσαν
543 3362 690 3434 αὐτῷ
707 3362 803 3417 τοῦ
833 3366 1137 3438 μαρτυρίου
1159 3362 1419 3418 κλείσωσι
1438 3344 1634 3434 θύραν,
1654 3363 1796 3433 ἔγνω

209 3457 348 3528 πρὸς
374 3458 572 3523 αὐτοὺς
599 3458 929 3524 ἐπιστεῖλαι,
963 3457 1105 3511 ὥστε
1142 3458 1239 3511 καὶ
1281 3458 1505 3537 τοῦτους
1534 3456 1665 3528 περὶ
1694 3456 1795 3511 αὒ-

210 3552 307 3605 τοῦ
338 3551 612 3623 εὔχεσθαι,
640 3551 714 3624 μὴ
735 3550 1136 3622 ἐμποδισθῆναι
1166 3551 1259 3605 τδν
1285 3549 1488 3622 δρόμον
1519 3548 1669 3620 αὐτῷ
1694 3550 1795 3621 τῆς

210 3645 514 3717 ἀθλήσεως,
565 3645 702 3699 ά).λὰ
758 3638 847 3699 διά
875 3643 986 3698 τῶν
1021 3641 1248 3716 θηρίων,
1304 3644 1495 3715 ὥσπερ
1552 3634 1793 3714 εἴρηται,

211 3739 407 3792 θᾶττον
470 3738 608 3808 πρὸς
673 3737 767 3791 τὸν
815 3735 1097 3809 ἐρώμενον
1157 3734 1429 3790 ἀναλῦσαι
1485 3737 1790 3805 Δεσπότην.

213 3829 399 3896 ’Λξιον
421 3830 477 3884 δέ
517 3831 613 3884 καὶ
645 3830 819 3901 αὐτῆς
860 3831 1079 3902 ἐκείνης
1123 3829 1530 3901 ἐπιμνησθῆναι
1576 3830 1793 3881 ἐπιστο-

210 3922 333 3994 Αῆς⁶

282 4016 361 4073 Θ’.
403 4035 423 4069 ι
468 4016 731 4085 Ἰγνάτιος
759 4017 908 4094 ὁκαὶ
938 4015 1233 4088 Θεοιρἇρος,
1283 4013 1585 4078 ἐπίσκοπος
1612 4014 1712 4085 τῆς
1739 4015 1796 4067 ἐν

1896 3299 1964 3354 ad
2021 3313 2118 3354 eos
2182 3298 2421 3362 mittere,
2456 3307 2518 3352 ut
2553 3296 2588 3350 ii
2616 3310 2839 3366 quoque
2886 3310 2985 3365 pro
3013 3309 3083 3349 eo
3124 3300 3370 3355 orarent,
3405 3306 3475 3347 ne
3504 3322 3510 3328 ~

1898 3406 2099 3448 cursus
2134 3407 2248 3446 suae
2282 3388 2701 3446 exercitationis
2739 3388 2792 3443 ei
2832 3387 3220 3458 impediretur,
3253 3385 3349 3440 sed
3382 3401 3480 3454 per

1899 3483 2062 3544 feras,
2106 3480 2250 3536 sicut
2284 3479 2492 3534 dictum
2522 3488 2629 3543 est,
2664 3479 2777 3535 cito
2810 3477 3184 3533 resolveretur
3223 3475 3290 3530 ad
3347 3474 3487 3529 dile-

1909 3584 2057 3628 ctum
2090 3572 2405 3628 Dominum.
2460 3569 2653 3646 Operae
2704 3569 2946 3640 pretium
2987 3574 3071 3622 est
3101 3575 3285 3621 autem
3333 3562 3485 3619 illius

1909 3681 2135 3736 quoque
2186 3664 2501 3720 meminisse
2554 3662 2820 3743 epistolae,
2880 3675 3004 3731 quae
3058 3660 3138 3717 sic
3202 3657 3375 3745 habet.
3416 3654 3485 3711 ad

1906 3758 2138 3814 verbum
2174 3775 2188 3812 :

1973 4029 2067 4085 IX.
2109 4047 2129 4081 ι
2168 4006 2436 4097 ignauus,
2468 4024 2563 4097 qui
2593 4034 2653 4082 et
2706 4024 2913 4086 Deifer.
2953 4024 3251 4096 episcopus
3283 4033 3488 4079 sanctae

224 4109 526 4180 Ἀντιοχείᾳ
554 4109 714 4178 ἁγίας
740 4109 835 4162 τοῦ
870 4108 1007 4163 Θεοῦ
1048 4108 1402 4177 Ἐκκλησίας,
1423 4111 1488 4179 τῇ
1519 4107 1791 4179 ἠλεημένῃ

1911 4122 2025 4185 Dei,
2055 4135 2180 4192 qua:
2211 4130 2296 4175 est
2330 4119 2658 4184 Antiochia,
2700 4119 2981 4183 Ecclesia}.
3012 4134 3135 4190 quae
3164 4118 3489 4175 misericor-

212 4202 272 4256 ἐν
309 4199 692 4274 μεγαλειότητι
714 4199 928 4271 Πατρδς
956 4199 1185 4270 ὑψίστου
1215 4200 1312 4254 καὶ
1354 4199 1531 4270 Ἰησοῦ
1554 4198 1791 4270 Χριστοῦ

1911 4206 2049 4271 diam
2075 4227 2160 4269 est
2187 4222 2484 4268 consecuta
2510 4212 2565 4267 in
2607 4214 2892 4283 majestate
2929 4211 3109 4267 Patris
3137 4211 3396 4265 altissimi
3428 4218 3487 4266 et

122 4336 125 4337 ν
212 4293 306 4349 τοῦ
339 4295 502 4365 μόνου
560 4293 692 4347 Υἱοῦ
745 4293 916 4348 αὑτοῦ
986 4292 1286 4363 Ἐκκλησία
1312 4293 1653 4364 ἠγαπημένη
1703 4291 1791 4345 καὶ

1911 4308 2030 4364 Iesu
2053 4306 2258 4362 Christi
2290 4306 2465 4362 solius
2487 4306 2611 4386 ejus
2656 4305 2803 4371 Filii,
2832 4305 3050 4360 dilectae
3078 4313 3134 4358 et
3166 4302 3489 4358 illuminata:

213 4384 603 4456 πεςωτισμένη
627 4385 686 4437 ἐν
719 4383 989 4454 θελήματι
1009 4381 1103 4435 τοῦ
1139 4380 1466 4452 θελήσαντος
1493 4380 1563 4433 τὰ
1594 4380 1796 4446 πάντα,

214 4479 254 4535 ἃ
278 4482 396 4534 ἐστι
427 4479 568 4534 κατὰ
597 4471 820 4547 ἀγάπην
854 4476 1034 4547 Ἰησοῦ
1058 4474 1305 4547 Χριστοῦ
1328 4474 1421 4530 τοῦ
1454 4475 1591 4528 θεοῦ
1617 4474 1796 4544 ἡμῶν.

1904 4401 1961 4454 in
1990 4400 2272 4454 voluntate
2295 4399 2438 4469 ejus.
2472 4399 2567 4469 qui
2600 4399 2779 4453 voluit
2830 4398 3044 4463 omnia,
3070 4412 3194 4468 qua!
3224 4403 3357 4452 sunt
3397 4410 3489 4450 se-

1906 4491 2152 4546 cundum
2193 4490 2520 4547 charitatem
2551 4491 2679 4546 Jesu
2734 4489 2940 4545 Christi
2993 4488 3087 4545 Dei
3146 4488 3348 4553 nostri,
3374 4487 3488 4557 ‘qui

215 4572 252 4643 ἡ
283 4586 307 4624 >
324 4570 381 4625 αὶ
404 4569 751 4641 προκάθηται
780 4568 1009 4621 ἐντόπου
1041 4568 1245 4639 χωρίου
1285 4567 1594 4638 Ῥωμαίων,
1613 4569 1683 4643 ἢν
1707 4566 1791 4622 καΊ

1911 4584 2089 4653 etiam
2134 4582 2396 4655 praesidet
2458 4583 2514 4637 in
2576 4583 2700 4638 loco
2754 4581 2999 4651 regionis
3059 4580 3487 4636 Romanorum:

215 4663 536 4733 ἀσπάζομαι
580 4662 639 4715 ἐν
684 4660 917 4733 ὀνόματι
959 4662 1137 4732 Ἰησοῦ
1167 4659 1404 4731 Χριστοῦ
1436 4662 1579 4716 κατὰ
1618 4663 1801 4731 σάρκα

218 4757 318 4812 καὶ
344 4754 566 4826 πνεῦμα
595 4754 881 4825 ἡνωμένον
917 4753 1068 4827 πάσῃ
1104 4754 1296 4825 ἐντολῇ
1354 4753 1522 4808 αὑτοῦ
1584 4754 1801 4827 πεπληο

197 4845 479 4921 ,ρωμένην
508 4846 731 4917 χάριτος
777 4843 918 4898 Θεοῦ
955 4846 1015 4900 ἐν
1072 4845 1297 4917 Χριστῷ
1362 4843 1540 4915 Ἰησοῦ
1579 4844 1658 4915 τῷ
1684 4844 1803 4918 Θεῷ

216 4939 450 5011 χαίρειν.
512 4937 667 4991 Ἐπεὶ
694 4936 996 5008 εὐξάμενος
1034 4935 1154 5008 Θεῷ
1178 4936 1448 5007 ἐπέτυχον
1484 4937 1614 4991 ἰδεῖν
1650 4938 1804 5007 ὑμῶν

213 5031 287 5086 τά
305 5028 596 5096 άξιοθέατα
624 5030 921 5101 πρόσωπα,
948 5028 1236 5102 δεδεμένος
1265 5031 1325 5086 ἐν
1357 5032 1584 5103 Χριστῷ
1625 5030 1805 5103 Ἰησοῦ

216 5120 426 5186 ἐλπίζω
453 5120 602 5193 ὑμᾶς
632 5119 1015 5187 ἀσπάσασθαι,
1045 5123 1253 5195 ἐάνπερ
1291 5121 1513 5195 θέλημα
1551 5123 1649 5177 τοῦ
1670 5124 1807 5179 Θεοῦ

215 5209 254 5286 ᾗ
282 5212 379 5266 τοῦ
402 5211 710 5285 ἀξιωθῆναί
736 5231 829 5286 με,
860 5215 957 5269 καὶ
1009 5216 1089 5279 εἰς
1118 5214 1275 5278 τέλος
1328 5215 1505 5281 οὕτως
1540 5213 1704 5274 εἶναι.
1744 5221 1808 5274 Ἦ

220 5304 323 5375 μὶν
350 5304 462 5376 γὰρ
492 5304 627 5376 εὐχὴ
650 5306 1081 5377 εὐοικονόμητὸς
1114 5307 1256 5373 ἐστι,
1287 5307 1495 5378 ἐάνπερ
1525 5308 1626 5379 τῆς
1651 5309 1810 5381 χάρι-

217 5412 313 5461 τος
339 5396 587 5468 ἐπιτύχω
612 5398 707 5453 τὸν
735 5397 943 5469 κλῆρόν
995 5416 1100 5467 μου
1134 5399 1552 5469 ἀνεμποδίστως
1602 5402 1811 5456 ἀπολα-

222 5484 361 5543 6εϊν.
393 5488 670 5560 Φοϐοῦμαι
699 5491 809 5561 γὰρ
849 5490 948 5561 τὴν
975 5490 1131 5562 ὑμῶν
1156 5491 1403 5562 ἀγάπην,
1460 5495 1540 5564 μὴ
1573 5495 1712 5566 αὐτή
1745 5511 1810 5565 με

220 5578 481 5653 άδτκήσῃ.
528 5583 693 5655 Ὑμῖν
724 5584 833 5655 γὰρ
868 5581 1089 5656 εὐχερές
1135 5584 1251 5638 ἐστι
1284 5586 1519 5657 ποιῆσαι
1542 5587 1571 5639 ὃ
1606 5586 1810 5651 θὲἶίετε,

186 5828 187 5831 η
293 5763 369 5844 (εξ)
410 5762 564 5818 Anno
708 5766 935 5824 Romam
961 5771 1212 5840 captivus
1241 5770 1501 5827 mittitur.
1533 5768 1665 5828 Vide
1700 5771 1801 5827 Βλ-

226 5836 443 5890 ruuium
469 5846 602 5891 tom.
629 5836 692 5893 ll.

1909 4694 2075 4750 quam
2101 4678 2281 4733 saluto
2308 4680 2363 4731 in
2383 4676 2608 4732 nomine
2638 4676 2767 4733 Jesu
2793 4675 3021 4739 Christi,
3046 4673 3352 4730 secundum
3371 4688 3494 4729 car-

1912 4784 2038 4825 nem
2070 4778 2127 4824 et
2153 4769 2408 4841 spiritum
2458 4770 2667 4825 unitatn
2700 4770 2850 4825 omni
2895 4770 3016 4841 ejus
3066 4766 3348 4827 mandato.
3389 4766 3496 4821 im-

1913 4864 2115 4934 pletum
2130 4863 2304 4936 gratia
2331 4864 2427 4919 Dei
2456 4862 2526 4917 ad
2545 4861 2842 4918 laetandum
2864 4863 2918 4917 in
2943 4861 3167 4918 Christo
3184 4859 3316 4917 Jesu
3353 4861 3490 4915 Deo.

1909 4955 2048 5013 Cum
2084 4957 2257 5012 Deum
2288 4966 2567 5027 precatus,
2607 4954 2943 5011 obtinuerim
2987 4964 3049 5009 ut
3087 4953 3333 5009 viderem
3370 4967 3491 5022 τρο-ι

1909 5049 2145 5105 ctabiles
2199 5056 2418 5103 vestros
2472 5048 2680 5111 vultus,
2738 5047 2956 5103 vinctus
3015 5046 3069 5102 in
3110 5045 3333 5102 Christo
3362 5042 3496 5099 Jesu

1913 5158 2078 5215 spero
2106 5158 2195 5198 me
2218 5156 2317 5197 vos
2356 5143 2750 5208 salutaturum,
2782 5140 2829 5196 si
2880 5141 2974 5196 Dei
3011 5139 3182 5195 fuerit
3215 5138 3495 5197 voluntas,

1916 5245 1978 5291 ut
2009 5235 2212 5307 dignus
2265 5234 2495 5300 habear,
2527 5232 2622 5305 qui
2664 5235 2747 5290 sic
2798 5234 2902 5289 sim
2955 5248 3132 5302 usque
3185 5229 3255 5286 ad
3307 5226 3495 5283 ﬁnem.

1915 5324 2096 5381 Meum
2126 5324 2275 5380 enim
2309 5325 2417 5380 rite
2455 5323 2702 5380 succedit
2728 5331 2942 5389 votum,
2973 5322 3020 5378 si
3051 5319 3283 5392 gratiam
3337 5316 3498 5372 fuero

1916 5424 2270 5481 consecutus,
2298 5422 2379 5469 ut.
2397 5424 2602 5471 sortem
2644 5426 2823 5469 meam
2873 5413 3140 5484 accipiam
3174 5411 3295 5466 sine
3321 5406 3497 5477 impe-

1918 5508 2186 5564 dimento.
2222 5506 2417 5564 Timeo
2443 5506 2595 5564 enim
2638 5517 2878 5563 vestram
2930 5489 3279 5567 charitatem,
3313 5513 3382 5554 ne
3432 5513 3497 5553 ea

1921 5611 2007 5648 me
2043 5593 2244 5648 alliciat
2298 5594 2522 5665 injuria.
2561 5594 2732 5650 Vobis
2757 5594 2903 5650 enitn
2942 5593 3100 5647 facile
3155 5598 3241 5645 οδι
3289 5588 3493 5651 facere,

1986 5770 2062 5850 (in)
2091 5772 2375 5843 Smyrnam
2415 5787 2599 5827 mense
2633 5770 2879 5841 Augusto
2908 5769 3075 5832 \t-uit,
3111 5774 3168 5820 ut
3214 5772 3360 5819 notat
3396 5762 3500 5819 lia-

1915 5858 2124 5897 I'UIIIUS-
