3820 6462
205 383 335 445 1281

1396 372 1570 431 ΥῙΤΑ
1613 372 1675 430 S.
1722 366 2020 428 IGNATII
2062 359 2398 427 DEIFERI.

3238 428 3244 435 ,
3317 356 3453 419 1282

198 501 299 566 τῆς
331 497 455 566 γῆς.
513 494 577 548 Τί
619 492 727 563 γὰρ
752 491 1040 560 ὠφελεῖται
1066 487 1378 558 ἄνθρωπος,
1415 486 1510 539 ἐὰν
1544 484 1783 554 κερδήσῃ

1893 480 2148 534 mundum
2175 482 2438 537 lucretur.
2469 484 2526 532 et
2550 492 2662 532 suae
2682 476 2876 531 anima!
2891 476 3132 546 patiatur
3153 474 3456 533 detrimen-

196 594 289 645 τὸν
346 589 549 659 κόσμον
605 580 747 645 ὅλον.
803 585 898 637 καὶ
933 580 1187 652 ζημιωθῇ
1237 580 1337 651 τὴν
1375 578 1555 649 ψυχὴν
1589 575 1776 631 αὑτοῦ.

214 681 456 735 Ἐκεῖνον
489 674 637 746 ζητῶ
664 675 756 727 τὸν
787 672 927 743 ὑπὲρ
953 672 1109 742 ἡμῶν
1139 669 1496 724 ἀποθανόντα.

266 770 371 827 IB'.
404 767 693 839 Σύγγνωτέ
732 783 850 837 μοι,
886 763 1134 833 ἀδελφοὶ,
1196 764 1271 833 μὴ
1328 760 1660 833 ὲμποδίσητέ
1692 777 1781 831 μοι

198 867 388 935 ζῆσαι,
422 863 556 935 μηδὲ
587 858 853 932 θελήσητε
882 875 949 929 με
974 856 1268 911 ἀποθανεῖν
1289 873 1303 886 ·
1328 855 1497 924 ἄφετέ
1524 871 1592 924 με
1614 853 1784 908 καθα..

194 963 294 1033 ρον
325 958 438 1029 φῶς
465 955 654 1010 λαϐεῖν
679 969 693 985 °
737 955 857 1008 ἐκεῖ
881 936 990 1024 γὰρ
1021 950 1465 1022 παραγενόμενος
1493 948 1780 1018 ἄνθρωπος

198 1052 336 1106 Θεοῦ
375 1050 592 1121 ἔσομαι.
670 1044 1039 1117 Ἐπιτρὲψατέ
1087 1061 1178 1114 μοι
1240 1041 1484 1113 μιμητὴν
1518 1037 1655 1094 εἶναι
1685 1038 1780 1093 τοῦ

201 1144 407 1207 πάθους
464 1140 560 1194 τοῦ
619 1139 859 1211 Χριστοῦ
881 1156 893 1170 ·
929 1137 984 1191 εί
1030 1154 1113 1200 τις
1143 1137 1326 1189 αὑτὸν
1350 1137 1407 1188 ὲν
1436 1134 1613 1201 ἑαυτῷ
1647 1133 1779 1202 ἔχει,

200 1236 450 1307 νοησάτω
504 1233 532 1287 δ
564 1232 728 1304 θέλω,
755 1232 850 1285 καὶ
892 1228 1309 1300 συμπαθησάτω
1370 1244 1481 1296 μοι,
1530 1224 1686 1289 εἰδὼς
1714 1225 1783 1278 τά

195 1326 502 1397 ⁴βυνέχοντά
533 1342 622 1396 με.
688 1324 746 1378 '0
782 1323 965 1394 ἄρχων
986 1321 1076 1375 τοῦ
1108 1321 1301 1383 αἰῶνος
1336 1319 1526 1372 τούτου
1549 1317 1783 1389 διαρπά-

206 1435 298 1473 σαι
332 1434 400 1488 με
445 1415 721 1487 βούλεται,
758 1415 853 1467 καὶ
877 1414 975 1482 τὴν
1002 1413 1081 1474 είς
1121 1411 1253 1465 Θεόν
1285 1425 1387 1495 μου
1418 1406 1642 1479 γνώμην
1668 1407 1784 1459 δια-

207 1506 503 1578 φθαρῆναι.
528 1504 733 1575 Μηδεὶς
762 1502 854 1557 οῦν
884 1502 992 1577 τῶν
1021 1502 1302 1572 παρόντων
1326 1498 1590 1569 βοηθείτω
1612 1495 1780 1565 αὐτῷ’

212 1596 410 1666 μᾶλλον
432 1596 553 1666 ἐμοὶ
573 1593 818 1662 γένεσθε,
844 1592 991 1647 τοῦτ’
1010 1592 1127 1645 ἔστι
1148 1590 1240 1663 τοῦ
1269 1590 1426 1644 Θεοῦ.
1450 1590 1541 1656 Μὴ
1566 1589 1782 1643 λαλεῖτε

222 1672 428 1755 Ἰησοῦν
467 1686 722 1759 Χριστὸν,
776 1670 982 1756 κόσμου
1013 1685 1069 1738 δὲ
1101 1684 1429 1752 ἐπιθυμεῖτε
1458 1699 1470 1713 '
1508 1680 1783 1752 βασκανία

210 1783 267 1833 ὲν
292 1781 419 1851 ὑμῖν
451 1780 523 1850 μὴ
554 1778 878 1844 κατοικείτω
898 1795 909 1809 ο
966 1777 1086 1848 μηδ’
1116 1775 1183 1831 ἂν
1209 1775 1322 1851 ἐγὼ
1354 1769 1545 1846 παρών
1600 1791 1780 1846 παρα-

1888 573 2049 627 tum?
2083 573 2238 626 Illum
2278 586 2487 641 quaero,
2512 571 2605 640 qui
2642 585 2741 639 pro
2777 569 2937 623 nobis
2963 579 3048 624 est
3074 577 3345 624 mortuus.

1958 749 2076 805 ΧΠ.
2120 750 2393 821 Ignoscite
2418 750 2575 815 mihi,
2608 749 2806 805 fratres
2829 766 2844 804 :
2870 765 2942 804 ne
2972 748 3094 805 silis
3123 749 3258 804 mihi
3285 749 3457 827 impe;

1882 843 2149 909 dimento,
2182 844 2482 914 quominus
2535 845 2738 907 vivam,
2767 858 2948 913 neque
2967 858 3054 897 me
3081 843 3265 898 velitis
3294 844 3453 897 mori.

1885 933 2059 990 Sinite
2087 951 2173 990 me
2205 951 2397 1005 puram
2421 935 2600 990 lucem
2636 936 2905 1005 accipere.
2941 933 3079 991 Cum
3144 937 3272 992 illuc
3299 935 3449 1001 enim

1885 1043 2111 1092 venero,
2159 1044 2256 1083 cro
2303 1028 2469 1082 homo
2510 1028 2630 1084 Dei.
2693 1028 3003 1083 Permittite
3035 1028 3205 1091 mihi,
3242 1037 3302 1083 ut
3352 1028 3457 1083 sim

1886 1117 2131 1173 imitator
2155 1119 2429 1189 passionis
2462 1118 2691 1174 Christi.
2719 1118 2930 1189 Siquis
2970 1119 3148 1188 ipsum
3182 1121 3237 1174 in
3274 1120 3458 1189 seipso

1885 1210 2073 1276 habet,
2139 1211 2412 1281 intelligat
2468 1210 2615 1281 quod
2651 1211 2818 1274 volo:
2855 1219 2911 1264 ct
2972 1211 3108 1264 mihi
3172 1220 3461 1265 moveatur

1885 1302 2390 1368 commiseratione,
2435 1318 2562 1357 cum
2592 1304 2732 1359 sciat
2770 1318 2891 1373 qua:
2918 1318 3003 1357 me
3054 1305 3458 1373 constringant.
3482 1302 3495 1313 '

1884 1390 2149 1461 Princeps
2178 1392 2342 1460 hujus
2358 1392 2543 1447 SiBCUll
2580 1409 2665 1447 me
2694 1381 2809 1447 vult
2838 1378 3103 1462 diripere,
3135 1403 3187 1447 et
3205 1410 3459 1449 corrum-

1885 1498 2015 1552 pere
2049 1498 2226 1537 meam
2271 1484 2325 1537 in
2360 1485 2531 1538 Deum
2559 1486 2913 1539 sententiam.
2938 1485 3112 1539 Nemo
3134 1501 3266 1554 ergo
3295 1500 3363 1540 ex
3393 1486 3465 1539 iis

1885 1575 1979 1646 qui
2020 1576 2241 1641 adsunt,
2279 1576 2330 1630 ei
2358 1592 2515 1647 opem
2542 1576 2702 1635 ferat.
2733 1577 2923 1631 Estote
2971 1578 3075 1632 mei
3108 1579 3318 1648 potius,
3353 1578 3461 1635 hoc

1882 1660 1988 1733 est,
2014 1666 2131 1721 Dei.
2164 1667 2243 1723 Ne
2276 1667 2586 1737 loquamini
2638 1666 2920 1722 Christum
2949 1667 3158 1732 Jesum,
3193 1668 3459 1722 mundum

1883 1777 2017 1815 vero
2042 1760 2386 1835 desideretis.
2424 1760 2501 1814 Ne
2536 1760 2749 1815 habitet
2776 1761 2922 1814 inter
2954 1776 3053 1815 vos
3080 1761 3307 1815 invidia.
3344 1761 3457 1816 Nec

209 1835 358 1927 καλώ
411 1835 578 1941 ὑμάς,
615 1838 879 1940 πείσθητε
917 1835 1039 1938 pot:
1079 1835 1291 1931 τούτοις
1334 1868 1390 1920 δὲ
1428 1835 1629 1935 μᾶλλον
1659 1835 1782 1919 πεί-

1893 1853 1930 1910 si
1976 1871 2077 1926 ego
2112 1856 2333 1927 quidem
2373 1871 2638 1927 praesens
2669 1871 2766 1910 vos
2820 1870 3028 1927 rogem,
3053 1865 3240 1926 parete
3275 1842 3411 1911 mihi
3442 1874 3459 1910 :

209 1965 397 2034 σθητε,
428 1959 513 2029 οἷς
537 1960 647 2031 ἐγὼ
667 1962 865 2033 γράφω
893 1962 1023 2032 ὑμῖν
1048 1977 1060 1989 ·
1089 1961 1148 2025 ἐξ
1169 1954 1242 2013 ὧν
1268 1960 1376 2030 γὰρ
1404 1958 1602 2030 γράφω
1631 1959 1782 2029 ὑμῖν,

207 2053 320 2126 δρῶ
360 2053 452 2107 τοῦ
507 2052 822 2109 ἀποθανεῖν.
870 2053 931 2105 '0
973 2052 1104 2122 ἐμὸς
1123 2050 1280 2120 έρως
1307 2050 1787 2126 ἐσταύρωταιξκαὶ

207 2124 310 2198 οῦκ
332 2142 478 2197 ἔστιν
509 2143 567 2196 ἐν
595 2142 723 2214 ἐμοὶ
747 2142 856 2214 πῦρ
884 2142 1157 2211 φιλόῡλον,
1187 2140 1416 2212 ῦδωρδὲ
1447 2141 1650 2211 μᾶλλον
1674 2124 1784 2205 ζῶν

208 2235 305 2287 καὶ
345 2232 541 2285 λαλοῦν
580 2233 639 2286 ὲν
666 2234 812 2303 ἐμοὶ,
844 2231 1046 2286 ἔσωθεν
1081 2248 1172 2303 μοι
1214 2231 1387 2299 λέγων
1409 2247 1423 2261 ’
1450 2231 1620 2301 Δεῦρο
1650 2227 1785 2301 πρὸς

206 2321 300 2375 τὸν
329 2322 571 2393 Πατέρα.
617 2323 738 2393 Οὐχ
761 2322 959 2392 ἥδομαι
980 2324 1152 2393 τροφῇ
1187 2320 1391 2391 φθορᾶς
1423 2320 1543 2373 οὐδὲ
1574 2320 1787 2390 ἡδοναῖς

194 2416 327 2476 ταῖς
360 2412 451 2465 τοῦ
485 2413 600 2483 βίου
628 2414 841 2476 τοιῒτου,
868 2412 1034 2483 ἄρτον
1067 2411 1205 2465 Θεοῦ
1233 2411 1393 2478 θέλω,
1430 2411 1595 2481 ἄρτον
1621 2411 1809 2480 οὐρά..

100 2506 105 2511 ’
207 2520 340 2567 νιον,
374 2505 538 2577 ἄρτον
568 2503 736 2575 ζωῆς,
769 2504 798 2558 ὃ
838 2506 956 2556 ἐστι
997 2499 1134 2573 σὰρξ
1180 2501 1359 2573 Ἰησοῦ
1409 2502 1645 2573 Χριστοῦ
1691 2500 1785 2554 τοῦ

212 2595 342 2650 Υίοῦ
392 2596 484 2649 τοῦ
536 2597 695 2661 Θεοῦ,
737 2594 833 2650 τοῦ
861 2597 1158 2666 γενομένου
1192 2598 1250 2648 ὲν
1282 2594 1491 2665 ὑστέρῳ
1524 2596 1588 2647 ὲκ
1620 2594 1787 2665 σπέρ-

184 2684 381 2754 Δ’μιιιιτος
413 2686 575 2743 Δαυῒδ
622 2688 719 2741 καὶ
762 2687 1043 2757 Ἁϐραάμ,
1074 2686 1168 2739 καλ⁵
1205 2687 1357 2756 πόμα
1388 2685 1526 2739 Θεοῦ
1560 2684 1787 2743 θέλω,τδ

188 2775 348 2848 ἀἷμα
376 2779 564 2843 αἰτοῦ,
604 2781 632 2833 ὃ
665 2782 815 2832 ἐστιν
865 2779 1061 2851 ,ἀγάπη
1101 2777 1378 2848 ἄφθαρτος
1438 2777 1533 2831 καὶ
1590 2777 1786 2838 ἀέναος

192 2872 354 2941 ζωή.
414 2873 527 2925 Οὐκ
552 2872 633 2925 ἔτι
666 2860 807 2924 θέλω
844 2873 985 2925 κατὰ
1012 2868 1332 2940 ἀνθρώπους
1363 2868 1464 2940 ζῇν
1489 2884 1503 2899 ·
1533 2868 1688 2920 τοῦτο
1728 2867 1787 2922 δὲ

199 2964 387 3024 {cr-catt,
449 2965 543 3018 ὲὰν
600 2964 758 3034 ὑμεῖς
786 2962 1077 3034 θελήσητε.
1110 2961 1389 3032 Θελήσατε
1420 2961 1536 3025 οῦν,
1579 2962 1666 3014 ἵνα
1693 2962 1786 3015 καὶ

92 3085 105 3097 -
211 3058 375 3124 ὑμεῖς
441 3051 739 3133 θεληθῆτε·
796 3053 864 3107 δι’
918 3054 1115 3122 ὀλίγων
1153 3053 1499 3124 γραμμάτων
1530 3053 1785 3123 αἰτοῦμαι

1888 1949 1959 2004 iis
1991 1958 2177 2003 autem
2215 1960 2404 2019 parete
2455 1949 2658 2018 potius,
2698 1963 2820 2017 qua:
2845 1963 2946 2017 ego
2992 1948 3061 2003 ad
3109 1964 3208 2004 vos
3252 1950 3458 2005 scribo.

1887 2042 1965 2101 Ex
2012 2042 2077 2096 iis
2103 2043 2250 2096 enim
2283 2057 2403 2112 qua:
2439 2041 2624 2097 scribo
2650 2041 2716 2096 ad
2765 2056 2882 2103 vos,
2919 2044 3060 2095 mori
3095 2041 3276 2109 cupio.
3311 2040 3464 2096 Mons

1887 2147 2043 2186 amor
2097 2141 2183 2187 est
2228 2133 2380 2186 cruci
2436 2132 2648 2193 allixus.
2682 2141 2739 2187 et
2787 2147 2896 2185 non
2941 2141 3025 2186 est
3074 2132 3129 2185 in
3181 2144 3267 2186 me
3319 2131 3464 2201 ignis

1887 2239 2080 2279 amans
2110 2222 2397 2279 mundana:
2417 2224 2697 2279 materiae:
2728 2239 2868 2293 aqua
2899 2232 3080 2278 autem
3120 2223 3305 2292 potius
3340 2223 3462 2278 viva

1886 2328 1942 2373 et
1994 2319 2047 2372 in
2090 2332 2177 2371 me
2213 2317 2471 2387 loquens,
2502 2332 2624 2386 quae
2668 2316 2819 2370 intus
2855 2316 2989 2369 mihi
3020 2314 3190 2369 dicit:
3218 2315 3354 2370 Veni
3395 2315 3463 2370 ad

1885 2410 2127 2466 Patrem.
2168 2409 2288 2463 Non
2353 2408 2606 2464 delector
2662 2408 3004 2483 nutrimento
3066 2406 3460 2476 corruptionis,

1885 2516 2065 2570 neque
2121 2500 2497 2570 voluptatibus
2544 2499 2714 2567 hujus
2758 2483 2904 2554 vitae.
2958 2498 3162 2552 Panem
3190 2498 3287 2553 Dei
3313 2498 3459 2564 volo,

1885 2608 2083 2664 panem
2137 2593 2441 2655 caelestem,
2496 2605 2694 2661 panem
2740 2593 2886 2655 vitae,
2932 2592 3026 2661 qui
3055 2599 3141 2645 est
3170 2606 3301 2647 caro
3328 2591 3461 2647 Jesu

1884 2684 2088 2740 Christi
2121 2684 2216 2738 lilii
2253 2685 2372 2749 Dei,
2407 2685 2502 2754 qui
2562 2692 2754 2755 postea
2804 2694 2966 2738 natus
3011 2692 3195 2738 estex
3243 2684 3460 2738 semine

1886 2780 2055 2835 David
2081 2790 2138 2834 et
2166 2780 2444 2834 Abraham
2474 2797 2488 2834 :
2526 2792 2582 2835 et
2602 2788 2790 2850 potum
2828 2779 2924 2833 Dei
2950 2780 3077 2833 volo
3101 2779 3222 2848 ejus
3239 2778 3462 2849 sangui-

1885 2887 2034 2937 nem,
2060 2872 2152 2941 qui
2180 2883 2264 2925 est
2292 2870 2534 2926 charitas
2562 2870 2902 2941 incorrupta,
2936 2879 2991 2924 et
3035 2872 3146 2925 vita
3170 2870 3456 2940 perennis.

1885 2964 2006 3021 Non
2037 2964 2273 3035 amplius
2298 2964 2424 3019 volo
2446 2964 2637 3021 vivere
2673 2963 2816 3019 sicut
2847 2963 3119 3029 homines,
3143 2963 3252 3018 hoc
3277 2974 3461 3018 autem

1885 3053 2015 3118 erit,
2041 3053 2086 3109 si
2103 3068 2203 3108 vos
2234 3053 2544 3108 volueritis.
2584 3052 2772 3109 Velitis
2803 3068 2958 3122 ergo,
2992 3059 3053 3106 ut
3096 3067 3193 3107 vos
3244 3067 3466 3122 quoque

212 3143 381 3217 ὗμᾶς,
399 3146 861 3217 πιστεύσατε-μοι.
898 3145 1107 3217 Ἰησοῦς
1128 3147 1184 3200 δὲ
1208 3145 1443 3217 Χριστὸς
1462 3148 1591 3215 ὑμῖν
1615 3145 1786 3197 ταῦτα

1893 3144 2033 3200 Deus
2089 3146 2240 3226 velit.
2281 3145 2553 3201 Brevihus
2616 3145 2818 3202 litteris
2847 3155 2974 3215 peto
3026 3160 3056 3199 a
3097 3144 3296 3200 vobis:
3329 3145 3464 3199 mihi

213 3236 518 3309 φανερώσει
553 3237 615 3291 τὸ
643 3236 873 3306 ἀψευδὲς
901 3236 1098 3307 στόμα,
1126 3237 1209 3323 ὅτι
1233 3238 1408 3308 ἀληθῆ
1437 3236 1599 3306 λέγω.
1625 3235 1791 3306 Alei)-

213 3331 380 3384 σασθε
405 3332 533 3401 περὶ
567 3329 726 3400 ἐμοῦ,
761 3328 849 3381 ίνα
876 3328 1142 3398 ἐπιτύχω.
1180 3328 1256 3382 Οῦ
1281 3330 1422 3383 κατὰ
1454 3330 1636 3399 σάρκα
1660 3328 1789 3398 ὑμῖν

211 3421 454 3494 ἔγραψα,
497 3421 635 3477 ἀλλὰ
673 3421 815 3475 κατὰ
844 3422 1070 3491 γνώμην
1097 3419 1256 3475 Θεοῦ.

285 3594 384 3673 ll".
431 3591 556 3646 Ἐὰν
600 3593 780 3660 πάθω,
846 3591 1222 3665 μνημονεύετε
1272 3594 1330 3646 ὲν
1391 3596 1458 3665 τῇ
1512 3597 1788 3666 προσευχῇ

190 3689 369 3760 ,ὑμῶν
397 3689 494 3759 τῆς
524 3691 582 3741 ὲν
605 3689 777 3760 Συρίᾳ
818 3691 1164 3761 Ἐκκλησίας,
1200 3691 1320 3761 ἥτις
1351 3691 1474 3742 ἀντὶ
1506 3691 1640 3760 ἐμοῦ
1670 3707 1790 3742 ποι-

213 3780 339 3849 μένι
358 3779 435 3848 τῷ
451 3778 571 3850 Θεῷ
592 3781 890 3852 κέχρηται’
926 3781 1082 3851 μόνος
1114 3783 1281 3852 αὐτὴν
1317 3782 1526 3850 Ἰησοῦς
1557 3782 1790 3853 Χριστὸς

214 3874 587 3942 ἐπισκοπήσει
647 3878 739 3925 καὶ
780 3877 812 3943 ἡ
854 3875 1007 3943 ὑμῶν
1031 3875 1243 3945 ἀγάπη.
1284 3875 1616 3945 Ἀσπάζεται
1647 3877 1791 3946 ὑμᾶς

211 3968 277 4019 τὸ
307 3965 439 4037 aps-1
474 3966 694 4034 πνεῦμα
724 3970 817 4019 καὶ
847 3969 879 4036 ἡ
921 3969 1109 4041 ἀγάπη
1140 3966 1248 4021 τῶν
1295 3965 1636 4037 Ἐκκλησιιίν
1681 3967 1791 4019 τῶν

214 4057 528 4128 δεξαμένων
554 4075 622 4128 με
651 4059 733 4121 είς
762 4058 932 4129 ὄνομα
965 4058 1139 4129 Ἰησοῦ
1161 4058 1401 4129 Χριστοῦ
1425 4058 1521 4128 οὐχ
1547 4057 1622 4116 ὡς
1648 4075 1791 4128 παρ-

214 4147 501 4201 οδεύονταυ
523 4150 620 4203 καὶ
647 4148 757 4217 γάρ
786 4150 838 4201 at
872 4150 947 4218 μὴ
976 4148 1352 4217 προσήκουσαι
1379 4163 1471 4216 μοι
1502 4151 1567 4217 τῇ
1594 4147 1698 4219 ὁδῴ
1721 4149 1789 4219 τῇ

220 4240 364 4293 κατὰ
422 4240 607 4310 σάρκα
661 4239 804 4293 κατὰ
837 4240 992 4292 πόλιν
1025 4255 1093 4307 με
1143 4240 1455 4309 προσῆγον⁸
1508 4243 1707 4308 γράφω
1736 4239 1792 4292 δὲ

226 4330 359 4400 ὑμῖν
395 4329 569 4383 ταῦτα
595 4330 706 4383 ἀπὸ
740 4330 991 4399 Σμύρνης
1013 4330 1079 4382 δι’
1128 4329 1392 4396 Ἐφεσίων
1421 4329 1531 4383 τῶν
1562 4329 1792 4398 ἀξιομα-

199 4421 524 4487 καρίστων.
585 4423 739 4476 Ἔστι
790 4423 985 4475 δὲτσὺν
1019 4421 1202 4484 ἄλλοις
1253 4422 1469 4485 πολλοῖς
1524 4422 1641 4492 ἅμα
1666 4420 1793 4492 ἐμοὶ

1892 3236 2119 3292 credite.
2143 3222 2305 3293 Jesns
2331 3253 2462 3293 vero
2494 3238 2750 3292 Christus
2788 3236 2946 3291 vobis
2981 3236 3213 3306 aperiet,
3252 3235 3345 3306 qui
3380 3244 3467 3289 est

1891 3344 1956 3385 os
1979 3345 2086 3385 non
2120 3331 2373 3392 mendax,
2406 3330 2552 3400 quod
2581 3346 2707 3385 vera
2752 3330 2876 3384 dico
2897 3329 3136 3399 petendo
3162 3338 3222 3382 ut
3270 3344 3467 3382 conse-

1892 3438 2050 3493 quar.
2110 3423 2228 3476 Non
2280 3422 2585 3477 secundum
2635 3436 2855 3476 carnem
2903 3421 2971 3474 ad
3009 3435 3105 3474 vos
3128 3418 3333 3488 scribo,
3369 3418 3464 3473 sed

1892 3515 2329 3570 secundum'Dei
2365 3514 2717 3569 sententiam.
2795 3536 2798 3539 π
2842 3554 2845 3557 .
3127 3521 3143 3532 ·

1962 3603 2103 3658 Xlll.
2140 3603 2195 3658 Si
2229 3618 2433 3673 passus
2466 3603 2647 3668 luero,
2697 3609 3031 3658 mementote
3090 3601 3161 3659 in.
3213 3600 3464 3655 oratione

1893 3703 2073 3748 vestra
2112 3693 2371 3747 Ecclesia:
2416 3691 2605 3765 Syriae,
2633 3708 2755 3760 quae
2806 3708 2906 3763 pro
2936 3707 3022 3747 me
3074 3699 3295 3761 pastore
3352 3692 3466 3745 Deo

1884 3780 2116 3841 vivitur.
2149 3785 2310 3841 Solus
2339 3785 2511 3854 ipsam
2538 3785 2695 3840 Jesus
2733 3784 2988 3839 Christus
3025 3782 3289 3845 visitabit.
3317 3784 3466 3853 ejus-

1893 3893 1999 3948 que
2038 3893 2227 3933 curam
2286 3885 2442 3948 geret
2502 3887 2559 3931 et
2593 3887 2774 3931 vestra
2809 3876 3071 3931 charitas.
3120 3874 3333 3931 Salutat
3371 3890 3468 3930 vos

1893 3983 2049 4023 meus
2095 3969 2346 4038 spiritus,
2412 3976 2468 4022 et
2507 3967 2749 4022 charitas
2793 3966 3182 4031 Ecclesiarum,
3212 3981 3331 4036 qua:
3379 3980 3467 4018 me

1893 4066 2256 4128 susceperunt
2289 4058 2345 4112 in
2376 4059 2600 4112 nomine
2625 4057 2753 4112 Jcsu
2801 4055 3032 4121 Christi,
3061 4070 3171 4109 non
3206 4062 3465 4125 tanquam

1895 4160 2295 4206 transeuntem.
2328 4149 2543 4204 Etenim
2572 4164 2693 4219 quae
2724 4148 2793 4202 ad
2823 4164 2909 4202 me
2938 4163 3046 4202 non
3067 4147 3376 4201 attinebant
3407 4147 3465 4200 in

1892 4246 2002 4308 via,
2028 4259 2148 4313 qua:
2181 4252 2267 4298 est
2295 4242 2600 4297 secundum
2632 4255 2877 4304 carnem,
2916 4254 3003 4293 me
3036 4238 3387 4293 deduxerunt
3411 4237 3467 4291 in
3516 4225 3523 4231 ’

1893 4334 2198 4388 civitatem.
2229 4333 2426 4407 scribo
2452 4344 2637 4388 autem
2673 4332 2788 4387 haec
2815 4332 2883 4385 ad
2909 4345 3007 4385 vos
3037 4346 3068 4385 e
3097 4330 3328 4399 Smyrna
3370 4344 3470 4398 per

1894 4423 2183 4494 Ephesios,
2213 4425 2308 4494 qui
2330 4424 2479 4493 digni
2528 4432 2657 4478 sunt
2687 4422 2780 4491 qui
2839 4422 2983 4476 beati
3007 4421 3346 4492 judicentur.
3377 4417 3471 4472 Est

218 4516 316 4568 καὶ
350 4514 586 4584 Κρόκος,
620 4516 681 4569 τὸ
700 4502 935 4586 ποθητὸν
967 4514 1138 4586 ὄνομα
1170 4516 1278 4570 τῶν
1301 4515 1665 4571 συνελθόντων
1698 4532 1787 4584 μοι

1894 4530 2028 4570 vero
2051 4530 2266 4569 mecum
2296 4529 2423 4567 cum
2461 4514 2647 4568 multis
2675 4513 2797 4568 aliis
2828 4511 3038 4567 Cro’cus
3076 4524 3316 4580 quoque,
3364 4523 3468 4563 no-

216 4606 328 4660 ἁπδ
364 4607 565 4679 Συρίας
589 4608 667 4671 είς
695 4609 850 4672 δόξαν
874 4608 1034 4665 Θεοῦ.
1072 4608 1487 4681 Ἐγριψωύμῖν
1514 4608 1690 4662 ταῦτα
1722 4610 1787 4678 τῇ

217 4699 328 4769 πρὸ
378 4699 875 4754 ιννέαΚαλανδῶν
930 4700 1331 4772 Σεπτεμϐρίου.
1382 4700 1667 4771 Ἔρρωσθε
1715 4699 1793 4763 είς

149 4808 155 4814 '
219 4790 399 4856 τέλο;,
428 4790 708 4862 ἀγαπητοὶ
733 4793 793 4845 ὲν
822 4791 1068 4862 ὑπομονῇ
1107 4791 1283 4860 Ἰησοῦ
1314 4791 1573 4861 Χριστοῦ.
1596 4790 1792 4862 Ἀμήν.

289 4970 388 5028 IA'.
432 4971 596 5027 Ἀλλὰ
654 4971 826 5025 ταῦτα
862 4971 967 5043 μὲν
1007 4970 1076 5024 τὰ
1116 4971 1213 5042 τῆς
1253 4969 1564 5041 ἐπιστολῆς.
1624 4970 1794 5035 Αὐτὸς

220 5062 360 5135 μετά
382 5063 557 5135 βραχὺ
584 5062 695 5117 άπδ
725 5060 982 5135 Σμύρνης
1007 5063 1118 5116 ἀπὸ
1150 5062 1254 5133 τῶν
1290 5063 1643 5134 στρατιωτῶν
1665 5066 1795 5119 ἀναν

215 5153 367 5225 χθεὶς
395 5155 807 5224 καὶιπροσσχὼν
832 5155 898 5224 τῇ
934 5153 1148 5224 Τρωάδι
1166 5154 1260 5208 καὶ
1288 5153 1563 5208 Νεαπόλει
1596 5156 1795 5228 παρῄει

216 5247 305 5297 διὰ
338 5244 623 5298 Φιλίππων
670 5246 763 5298 καὶ
794 5246 1143 5311 Μακεδονίας
1176 5248 1340 5317 πεζῇ,
1386 5249 1483 5311 τάς
1516 5250 1795 5321 παρὰ-τὴν

201 5337 337 5390 ’όδδν
375 5337 701 5409 Ἐκκλησιας
730 5337 1049 5393 ἐπισκοπῶν
1080 5340 1174 5392 καὶ
1198 5339 1469 5394 διδάσκων
1492 5341 1552 5395 ὲν
1575 5318 1791 5405 αὑταῖς,

217 5428 577 5500 παρακαλῶν,
616 5428 999 5500 διαλεγόμενος
1035 5431 1162 5495 τοὺς
1220 5432 1649 5505 ἁκερκιοτέρους
1686 5433 1793 5486 τῶν

215 5519 464 5590 ἀδελφῶν
500 5519 935 5592 ἀσφαλιζόμενος
956 5523 1050 5577 καὶ
1071 5523 1279 5587 πάντας
1307 5527 1673 5598 ἐγρηγορέναι
1702 5527 1794 5579 καὶ

216 5614 412 5682 νήφειν
443 5615 905 5684 παρασκευάζων.
935 5611 1152 5678 Φθάσας
1181 5615 1238 5668 δὲ
1269 5616 1366 5685 τὴν
1391 5620 1447 5669 ὲν
1479 5617 1794 5688 Ἐπιδάμνῳ

222 5709 488 5778 ’Ππειρον
520 5709 614 5761 καὶ
643 5710 703 5761 τὸ
749 5709 1089 5779 Ἀδριατικόν
1121 5727 1178 5761 τε
1203 5710 1298 5762 καὶ
1325 5710 1667 5780 Τυρρηνικὸν
1694 5714 1793 5763 πέ-

218 5799 380 5869 λαγος
410 5800 757 5867 διαπλεύσας,
794 5804 869 5865 εἰς
922 5803 1016 5866 τὰς
1053 5805 1106 5854 ὲν
1148 5806 1211 5872 τῇ
1267 5802 1456 5876 Ῥώμη
1507 5804 1794 5869 Ποτιόλους

1895 4622 2021 4662 men
2054 4593 2417 4661 desiderabile
2450 4620 2642 4660 eorum
2692 4604 2788 4674 qui
2828 4617 3043 4657 mecum
3090 4609 3470 4655 convenerunt

1893 4714 1926 4754 e
1970 4698 2127 4770 Syria
2161 4696 2230 4753 ad
2267 4695 2500 4767 gloriam
2548 4695 2666 4749 Dei.
2693 4693 2819 4749 Haec
2857 4692 2925 4746 ad
2952 4707 3047 4746 vos
3098 4689 3293 4760 scripsi
3319 4704 3468 4745 nono

1895 4791 2014 4847 Kal.
2039 4789 2320 4862 Septemb.
2346 4787 2532 4844 Valete
2546 4795 2835 4858 perpetuo,
2855 4784 3074 4850 fratres,
3095 4782 3149 4837 in
3176 4782 3468 4837 tolerantia

1893 4885 2022 4940 Jesu
2051 4883 2280 4940 Christi.
2307 4882 2501 4937 Amen.

1954 4978 2110 5035 .XIV.
2143 4977 2250 5037 Sed
2281 4984 2367 5032 est
2409 4975 2526 5031 haec
2572 4972 2796 5044 quidem
2826 4968 3081 5042 epistola.
3118 4968 3251 5040 lpse‘
3284 4975 3468 5023 autem

1896 5072 2060 5145 paulo
2086 5081 2210 5141 post
2236 5084 2268 5124 e
2290 5068 2521 5141 Smyrna
2556 5065 2824 5122 deductus
2844 5078 2877 5118 a
2911 5061 3185 5117 militibus
3221 5066 3313 5114 :et
3336 5073 3462 5114 cum

1896 5161 2482 5235 appulisset'l’roadam
2517 5169 2575 5216 et
2598 5159 2902 5229 Neapolim,
2924 5157 3145 5213 transiit
3178 5157 3317 5228 pede
3369 5172 3470 5227 per

1896 5256 2184 5325 Philippos
2210 5262 2267 5308 et
2290 5251 2691 5315 Macedoniam,
2715 5264 2808 5306 eas
2837 5266 2960 5320 qua:
2989 5258 3121 5304 sunt
3165 5250 3226 5304 in'
3250 5249 3339 5303 via
3388 5249 3472 5303 in.-

1896 5349 2082 5404 visens
2111 5344 2405 5407 Ecclesias,
2433 5353 2489 5399 et
2528 5344 2585 5398 in
2614 5343 2697 5397 eis
2728 5341 2967 5409 docens;
2998 5342 3317 5407 exhortans,
3347 5339 3464 5395 dis-
3542 5356 3549 5369 η

1897 5455 2108 5505 serens,
2137 5438 2335 5493 fratres
2385 5437 2480 5507 qui
2507 5446 2666 5493 erant
2696 5436 2859 5507 paulo
2894 5435 3256 5506 simpliciores
3279 5441 3335 5488 et
3365 5432 3470 5486 im-

1899 5528 2690 5595 becilliorcs,conﬁrmans,et
2736 5527 2980 5583 ellicicns
3030 5533 3091 5580 ut
3143 5539 3335 5579 omnes
3386 5522 3471 5578 vi-

1897 5624 2129 5694 gilarent
2162 5632 2220 5678 ct
2251 5630 2438 5677 essent
2471 5619 2663 5675 sobrii.
2689 5618 2826 5673 Cum
2859 5632 2990 5672 vero
3019 5615 3308 5672 transisset
3329 5612 3463 5684 Epi-

1902 5722 2115 5777 rum,ct
2144 5728 2292 5767 mare
2338 5709 3087 5765 transiissctAdriaticnmvt
3128 5705 3466 5777 Tyrhenum,

1899 5805 2122 5876 appellit
2155 5803 2433 5860 Puteolos.
2468 5802 2716 5872 Hospitio
2750 5811 2931 5854 autem
2987 5808 3249 5868 exceptus
3302 5797 3466 5853 simul
