3820 6498
2619 274 2634 302 \

370 357 508 426 1283
575 374 578 378 '
1588 361 1869 423 MENSIS
1908 363 2426 425 FEBRUARIUS.
3518 363 3673 432 1284

361 491 488 532 cum
525 472 796 530 militibus
822 473 890 529 ab
916 474 1003 540 iis,
1037 473 1129 546 qui
1157 465 1270 530 illic
1295 483 1477 539 erant,
1507 473 1786 539 fidelibus,
1815 490 1940 530 cum

2055 475 2323 543 καταίρει.
2379 473 2767 540 Ἐπιξενωοεὶς
2803 475 2874 528 -δὶ
2935 475 3087 547 μετὰ,
3120 477 3230 531 τῶν
3287 478 3673 549 στρατιωτῶν

361 587 460 625 cos
479 585 702 641 quoque
732 570 914 624 valere
939 569 1199 640 jussisset
1245 569 1308 623 in
1350 567 1605 635 Domino,
1641 569 1793 624 venit
1831 571 1940 624 Ro-

2055 565 2165 628 τοῖς
2217 566 2398 617 ὲκεῖσε
2465 568 2679 627 πιστοῖς
2735 567 2830 618 καὶ
2864 571 2956 619 τῦν
2987 568 3042 620 ὲν
3088 568 3283 640 Κυρίῳ
3311 571 3407 623 καὶ
3459 570 3672 633 αὐτοῖς

361 680 526 726 mam,
559 671 613 717 et
636 661 854 717 sistitur
877 672 1005 716 ante
1030 662 1348 732 praefectum
1379 662 1560 717 Urbis.
1586 661 1722 717 Cum
1747 663 1791 716 is
1813 677 1940 733 ergo

2055 657 2317 726 μεταδοὺς
2379 657 2710 727 ἀσπασμὸν,
2770 660 2870 728 τὴν
2916 659 3141 730 Ῥώμην
3199 663 3669 733 καταλαμϐάνει,

361 755 756 825 Theophorum
790 755 1041 817 vidisset,
1067 766 1123 811 et
1158 755 1372 810 litteras
1419 755 1726 825 accepisset
1773 755 1940 824 impe-

2055 750 2146 801 καὶ
2184 749 2262 818 τῷ
2301 751 2528 821 ἐπάρχῳ
2559 752 2656 822 τῆς
2681 751 2890 816 πόλεως
2921 755 3304 824 ἐμφανίζεται.
3335 754 3524 821 Οὗτος
3546 758 3674 810 τοί-

363 848 617 911 ratorias,
636 847 756 902 dies
775 859 961 904 autem
1002 849 1320 903 advenisset
1338 857 1708 918 opportunus,
1722 851 1940 918 quando

2055 858 2146 893 νυν
2176 843 2269 895 τὸν
2297 843 2568 914 Θεοφόρον
2625 845 2755 898 ίδὼν
2802 847 2901 917 καὶ
2945 846 3302 917 cap-1mm
3337 849 3673 919 δεξάμενος

362 953 483 998 erat
513 944 630 998 dies
661 943 833 998 festus
853 952 910 998 et
945 942 1183 997 celebris
1218 940 1612 1003 Romanorum,
1637 939 1793 995 ducit
1817 955 1940 994 eum

2055 932 2376 1002 γράμματα,
2428 935 2642 1004 ἡμέρας
2675 936 2984 1006 ἐπιστάσης
3034 938 3317 1008 εὐκαίρου,
3353 941 3535 1010 ἡνίκα
3565 939 3672 1005 δη-

368 1037 421 1089 in
455 1035 695 1089 medium
737 1036 1037 1097 theatrum,
1065 1032 1461 1103 sicutjubebat
1487 1031 1800 1102 improbum
1827 1030 1945 1086 edi-

360 1134 509 1180 ctum
540 1127 917 1196 imperatoris.

431 1325 553 1385 XV.
572 1326 708 1383 Cum
724 1342 857 1398 ergo
883 1327 1142 1382 universa
1165 1326 1361 1383 civitas
1378 1325 1593 1383 sederet
1623 1327 1676 1381 in
1707 1328 1942 1393 theatro,

367 1436 491 1475 (mn
543 1421 758 1474 ardenti
810 1421 1007 1490 spiritu
1065 1430 1120 1475 et
1175 1422 1352 1475 oculis
1401 1422 1512 1492 jam
1559 1422 1942 1491 spectaculum

358 1517 695 1578 amantibus,
732 1527 923 1585 utpote
970 1517 1115 1586 quod
1141 1518 1253 1587 jam
1291 1520 1435 1570 fama
1471 1516 1675 1587 ubique
1726 1533 1945 1571 annun-

361 1609 570 1673 tiasset,
599 1608 769 1680 Syriae
800 1609 1273 1680 episcopnmcum
1326 1610 1458 1664 feris
1499 1625 1620 1682 esse
1670 1619 1944 1679 pugnatu-

361 1718 522 1767 rum;
557 1718 861 1757 conversus
910 1703 1001 1755 ille
1062 1702 1129 1756 ad
1190 1703 1477 1776 populum,
1511 1717 1637 1755 cum
1702 1700 1941 1771 quodam

354 1810 627 1866 generoso
657 1803 713 1850 et
737 1794 1022 1848 inflexibili
1053 1795 1262 1854 animo,
1297 1804 1356 1846 ut
1407 1793 1501 1864 qui
1533 1793 1866 1863 gloriaretur
1887 1802 1943 1847 et

2051 1026 2284 1094 μοτελὴς
2337 1025 2552 1096 ὑπῆρχε
2603 1030 2715 1090 τοῖς
2778 1028 3074 1098 Ῥωμαίοις
3134 1033 3470 1102 πανήγυρις,
3506 1032 3669 1085 κατά

2051 1115 2219 1185 μέσον
2248 1117 2414 1171 αὐτὸν
2445 1120 2659 1185 εἰσάγει
2690 1118 2752 1172 τδ
2792 1119 3042 1190 Θέατρον,
3085 1121 3277 1193 ὥσπερ
3303 1118 3400 1176 οὖν
3431 1117 3568 1193 εἶχε
3598 1123 3665 1177 τδ

2049 1211 2288 1280 πονηρὸν
2321 1213 2500 1262 ἐκεῖνο
2527 1211 2621 1262 τοῦ
2653 1209 2922 1281 βασιλέως
2951 1209 3256 1283 ἐπίταγμα.

2122 1324 2220 1380 IE'.
2251 1327 2362 1395 Τῆς
2407 1326 2611 1390 πόλεως
2636 1323 2730 1381 οὖν
2770 1328 2952 1398 πάσης
2991 1328 3082 1382 τοῦ
3119 1331 3349 1400 Θεάτρου
3391 1329 3659 1400 προκαθ-

2047 1419 2259 1489 ημένης
2294 1422 2432 1490 μετὰ
2491 1420 2697 1491 θερμοῦ
2742 1421 3052 1492 πνεύματος
3083 1425 3174 1476 καὶ
3213 1423 3521 1493 ὀφθαλμῶν
3549 1424 3656 1493 ἤδη

2050 1511 2179 1575 Θέας
2211 1512 2485 1582 ἐρώντων.
2518 1512 2615 1565 ἅτε
2652 1512 2937 1583 πανταχοῦ
2971 1513 3070 1583 τῆς
3099 1515 3288 1585 φήμης
3320 1515 3658 1583 διαγγειλά-

2048 1621 2147 1675 σης
2175 1605 2266 1656 τὸν
2301 1604 2398 1673 τῆς
2430 1605 2632 1676 Συρίας
2666 1606 2970 1660 ἐπίσκοπον
3009 1607 3225 1677 μέλλειν
3266 1608 3520 1680 σήμερον
3555 1609 3655 1680 θη-

2052 1698 2357 1766 ριομαχεῖν,
2425 1697 2796 1769 ἐπιστραφεὶς
2856 1698 2994 1768 πρὸς
3051 1698 3113 1751 τὸ
3158 1699 3364 1769 πλῆθος
3424 1703 3651 1762 ἐκεῖνος

2052 1792 2192 1858 μετᾶ
2242 1789 2495 1856 γενναίου
2527 1790 2648 1842 λίαν
2689 1791 2783 1843 καὶ
2821 1792 3096 1859 ἁτρέπτου
3137 1795 3517 1860 φρονήματος,
3557 1787 3651 1844 οἷα

355 1887 464 1941 sibi
492 1888 734 1958 placeret
765 1896 990 1958 propter
1017 1902 1163 1950 eam,
1190 1900 1310 1954 qua:
1337 1900 1437 1955 pro
1468 1883 1688 1939 Christo
1735 1885 1940 1954 suscipi

2055 1883 2110 1951 δὴ
2140 1885 2234 1936 καὶ
2261 1884 2620 1954 καυχώμενος
2657 1885 2749 1938 ἐπὶ
2779 1888 2844 1954 τῇ
2870 1884 3103 1956 δοκούσῃ
3158 1888 3330 1956 ταύτῃ
3375 1885 3462 1937 διὰ
3498 1886 3648 1954 Χρι-

355 1981 712 2043 cernebatur,
740 1979 1100 2049 ignominiam
1132 1998 1144 2032 :
1181 1979 1320 2042 Viri,
1353 1977 1557 2048 inquit,
1590 1977 1846 2042 Romani,
1887 1985 1943 2032 et

355 2073 644 2142 praesentis
695 2072 860 2142 hujus
891 2072 1217 2127 certaminis
1250 2081 1592 2141 spectatores
1628 2089 1638 2123 :
1687 2087 1795 2141 non
1826 2077 1941 2127 hare

355 2163 492 2218 mihi
531 2165 699 2223 ﬁunt,
735 2171 798 2218 ut'
828 2164 976 2217 luam
1009 2180 1200 2234 pmnas
1254 2164 1494 2235 alicujus
1526 2163 1811 2229 maleﬁcii,
1847 2171 1943 2218 aut

355 2260 636 2313 sceleratae
663 2259 898 2329 alicujus
927 2257 1188 2323 actionis,
1216 2261 1310 2312 sed
1346 2269 1405 2313 ut
1441 2259 1612 2312 Deum
1635 2274 1898 2328 assequar
1923 2277 1936 2314 :

357 2352 521 2418 cujus
554 2351 781 2420 quidem
816 2360 1011 2406 teneor
1040 2350 1320 2405 desiderio
1345 2359 1600 2420 etqnem
1635 2350 1800 2420 cupio
1855 2351 1942 2404 in-

356 2445 708 2500 satiabiliter.
738 2446 868 2500 Sum
893 2446 1043 2500 enim
1088 2448 1210 2514 ejus
1258 2446 1623 2507 frumentum,
1658 2452 1716 2499 et
1764 2444 1942 2498 molor

358 2537 686 2608 per'dentes
713 2538 1038 2597 bestiarum,
1070 2547 1128 2592 ut
1159 2536 1283 2591 ﬁam
1323 2539 1374 2592 ei
1401 2554 1578 2607 purus
1608 2539 1786 2608 panis.
1817 2536 1941 2592 ﬂxc

355 2627 516 2691 dixit,
544 2637 600 2681 et
629 2627 840 2681 dimissi
878 2627 1068 2691 leones
1101 2642 1227 2680 eum
1263 2627 1448 2681 statim
1481 2626 1856 2682 dilacerarunt
1883 2635 1940 2681 et

354 2718 724 2783 devorarunt,
790 2733 819 2770 a
875 2718 1008 2772 solis
1079 2717 1456 2787 asperioribus
1511 2719 1662 2773 illius
1721 2707 1950 2773 ossibus—

353 2811 718 2875 abstinentes,
753 2809 876 2880 ejus
913 2825 1104 2863 revera
1155 2809 1405 2879 impletis
1432 2809 1596 2873 votis,
1631 2819 1692 2864 ut
1745 2810 1940 2864 bestia:

353 2912 540 2957 essent
601 2903 724 2971 ejus
781 2903 1094 2973 sepulcrum
1146 2913 1200 2957 et
1263 2902 1398 2955 nihil
1465 2904 1734 2973 reliquum
1793 2911 1941 2958 esset

359 2992 481 3061 ejus
533 2993 829 3060 corporis:
882 3001 1071 3061 utpote
1131 2991 1276 3060 quod
1327 2992 1470 3047 Deus
1517 2993 1693 3062 pluris
1736 2993 1941 3050 faceret

355 3084 548 3138 famuli
596 3099 789 3153 preces
835 3093 891 3138 et
943 3099 1186 3139 amorem
1240 3083 1384 3139 ferre
1433 3102 1607 3156 usque
1641 3086 1706 3141 ad
1742 3087 1937 3152 ﬁnem,

355 3189 520 3244 quam
565 3173 807 3237 eiﬁcere,
842 3183 902 3226 ut
969 3191 1079 3229 non
1139 3183 1514 3244 tangeretura
1552 3177 1830 3244 leonibus,
1881 3187 1942 3234 ut

357 3280 462 3321 suo
501 3265 711 3319 nomini
734 3265 1005 3318 tribueret
1035 3265 1287 3336 gloriam.

430 3362 571 3435 XVI.
615 3378 912 3448 Postquam
947 3388 1133 3434 autem
1179 3380 1294 3434 hazc
1339 3389 1647 3436 evenerunt
1672 3391 1728 3437 et
1775 3381 1938 3438 ﬁnem

358 3479 718 3541 acceperunt,
767 3472 861 3540 qui
888 3471 1072 3526 Roma:
1127 3482 1286 3527 erant
1327 3472 1539 3539 ﬁdeles,
1563 3473 1632 3527 ad
1662 3489 1802 3544 quos
1839 3475 1940 3530 ad-

357 3561 470 3616 huc
497 3563 708 3627 vivens,
735 3561 959 3616 divinus
1001 3559 1308 3631 scripserat
1351 3561 1616 3632 lgnatius,
1647 3571 1940 3633 postquam

355 3655 644 3710 dimissum
675 3655 1170 3717 fuerattheatrum,
1201 3655 1618 3718 convenientes,
1648 3671 1773 3711 cum
1792 3672 1936 3722 ossa,

357 3747 413 3802 id
440 3747 794 3816 cupientibus
822 3746 1098 3812 manibus,
1140 3747 1513 3814 sustulissent,
1545 3755 1600 3800 et
1637 3747 1942 3802 honoriﬁce

355 3856 422 3896 ac
457 3849 782 3896 reverenter
829 3839 1296 3908 composuissent,
1338 3855 1401 3894 ea
1449 3839 1829 3909 deposuerunt
1885 3839 1941 3894 in

357 3933 481 3987 loco
511 3933 710 4003 insigni
742 3942 897 3988 extra
935 3931 1162 3996 Urbem,
1188 3932 1455 3987 vicesimo
1484 3935 1690 3988 mensis
1713 3933 1943 3988 Decem-

356 4026 498 4081 bris.
524 4026 649 4080 lliec
678 4035 865 4095 postea
888 4025 1176 4095 deportata
1209 4035 1342 4080 sunt
1382 4026 1436 4080 in
1470 4026 1704 4096 patriam
1738 4035 1944 4097 marty-

358 4118 435 4172 ris
462 4116 812 4195 Antiochiam
841 4135 855 4172 :
889 4128 945 4172 et
978 4134 1102 4187 quae
1131 4118 1488 4172 intercedunt
1519 4119 1797 4182 civitates,
1831 4118 1941 4172 du-

357 4211 558 4281 plicem
596 4225 861 4280 accepere
890 4210 1360 4273 benedictionem,
1391 4219 1448 4264 et
1505 4210 1682 4279 prius,
1719 4209 1943 4280 quando

356 4303 563 4375 Martyr
587 4303 810 4358 vinctus
840 4303 1154 4358 ducebatur
1179 4303 1408 4357 Romani
1443 4316 1510 4355 ex
1545 4302 1861 4370 Antiochia,
1885 4313 1943 4358 et

359 4409 531 4453 nunc.
559 4394 783 4465 quando
816 4410 944 4450 cum
1002 4395 1281 4465 przeelaris
1331 4395 1552 4464 troparis
1605 4395 1758 4449 illinc
1794 4395 1940 4451 rele-

358 4486 607 4551 rebalur,
667 4495 929 4557 tauquam
977 4501 1110 4557 apes
1162 4485 1370 4552 favum,
1417 4486 1572 4540 illum
1627 4486 1940 4541 circumvo—

360 4579 448 4632 lan
460 4589 561 4633 tes.

437 4713 606 4767 XVII.
635 4713 816 4782 Atque
838 4713 1044 4768 dicitur
1071 4713 1318 4783 quidem,
1355 4713 1501 4784 quod
1536 4721 1658 4784 post
1682 4715 1940 4784 martyri-

359 4822 479 4860 eam
515 4809 634 4876 ejus
675 4808 1230 4871 consummationem,
1269 4806 1590 4877 lugentibus
1645 4807 1792 4864 illius
1826 4809 1940 4879 pri-

361 4899 639 4955 vationem
665 4899 752 4962 iis,
773 4901 866 4968 qui
894 4899 1080 4953 Roma:
1097 4907 1253 4953 erant
1290 4897 1500 4963 ﬁdeles,
1529 4907 1584 4954 et
1613 4900 1819 4954 nullam
1850 4916 1943 4955 ac-

361 4990 702 5067 cipientibus
741 4989 952 5044 doloris
1010 4989 1469 5056 consolationem,
1510 4998 1568 5045 et
1618 4991 1945 5048 vacantibus

358 5081 765 5152 sepulcralibus
795 5082 1014 5152 hymnis
1039 5091 1096 5136 ct
1128 5081 1352 5152 vigiliis,
1381 5082 1497 5152 ipse
1523 5082 1578 5136 in
1614 5083 1824 5138 sum-nis
1849 5099 1944 5155 ap-

358 5186 579 5241 parens,
611 5180 669 5224 et
703 5187 800 5226 eos
853 5172 1007 5242 quasi
1065 5174 1426 5243 amplectens,
1455 5176 1548 5246 qui
1615 5176 1830 5231 scilicet
1882 5191 1940 5233 se

361 5267 510 5332 ipsos
565 5261 923 5332 prabuerunt
958 5265 1154 5335 dignos
1197 5265 1344 5321 illius
1402 5268 1823 5336 consuetudine,
1854 5269 1942 5324 lu-

360 5370 510 5410 ctum
540 5356 622 5411 eis
653 5355 840 5411 eﬁ‘ecit
873 5357 1089 5413 facilem
1117 5368 1172 5413 et
1200 5359 1492 5425 leniorem,
1523 5373 1579 5417 et
1609 5361 1817 5418 doloris
1858 5379 1944 5417 se-

360 5449 509 5503 davit
535 5449 961 5504 vehementiam.
989 5451 1097 5505 Alii
1127 5468 1317 5507 rursus
1345 5453 1624 5520 dixerunt,
1655 5471 1713 5510 se
1739 5441 1943 5510 vidisse;

359 5558 488 5598 eum
519 5541 719 5596 sudore
753 5543 1113 5609 (liniuentem,
1148 5554 1410 5614 tanquam
1466 5549 1560 5616 qni
1620 5565 1798 5618 nuper
1855 5565 1944 5603 rc-

361 5634 629 5704 spirasset
664 5649 692 5687 a
736 5634 1019 5690 laboribus
1066 5636 1484 5703 dcccrtationis,
1520 5648 1575 5694 et
1626 5649 1941 5711 precantem

359 5726 593 5779 salutem
624 5726 832 5781 civitati
855 5737 926 5805 oet
956 5729 1212 5784 omnibus
1238 5729 1511 5786 ﬁdelibus.

1972 4549 2021 4608 Β

2046 1973 2172 2024 στὸν
2199 1973 2428 2045 αἰσχύνῃ
2479 1975 2572 2026 καὶ
2611 1976 3006 2044 μεγαφρονῶν·
3045 1977 3460 2044 Ἀνδρες,·ἔφη,
3504 1975 3649 2030 Ῥω-

2047 2064 2221 2133 μαῖοι,
2253 2065 2465 2117 καὶτοῦ
2488 2057 2755 2133 παρόντος
2783 2066 2994 2133 ἀγῶνός
3029 2084 3118 2136 μοι
3151 2059 3380 2127 Οεαταὶξ
3405 2069 3465 2119 οὐ
3501 2067 3649 2138 φαύ-

2043 2154 2138 2209 λου
2170 2156 2313 2217 τινὸς
2344 2157 2510 2210 ἓνεκα
2541 2143 2668 2226 ἐμοὶ
2697 2159 2896 2223 ταῦτα,
2927 2160 3049 2212 οὐδὲ
3083 2159 3340 2230 πονηρῶν
3363 2161 3645 2230 ,πράξεων

2045 2249 2299 2318 ὐπέχοντι
2331 2249 2512 2321 δίκην,
2540 2249 2657 2304 ἀλλ’
2681 2251 2824 2305 ὥστε
2849 2251 2942 2306 τοῦ
2973 2251 3108 2305 Θεοῦ
3141 2254 3439 2323 ἐπιτυχεῖν,
3461 2249 3643 2323 οὗπερ

2045 2342 2156 2413 ἐρῶ
2195 2344 2289 2396 καὶ
2323 2335 2620 2415 ἀπλήστως
2669 2345 2921 2415 ἐφίεμαι.
2964 2345 3119 2410 Σίταν
3172 2347 3282 2417 γάρ
3315 2347 3434 2416 είμι
3465 2344 3641 2396 αὐτοῦ

2044 2434 2139 2484 καὶ
2166 2433 2233 2487 δι’
2264 2433 2494 2488 ὀδόντων
2527 2434 2739 2506 Θηρίων
2765 2435 3066 2506 ἀλήθομαι,
3103 2437 3190 2488 ἵνα
3216 2436 3457 2506 καθαρὸς
3481 2434 3640 2505 αὐτῷ

2044 2523 2210 2596 ἄρτος
2233 2527 2511 2597 γένωμαι.
2545 2521 2734 2581 Ταῦτα
2779 2523 2904 2581 εἷπε
2935 2529 3032 2581 καὶ
3073 2527 3366 2597 ἀφεθέντες
3401 2527 3451 2580 οἱ
3482 2527 3640 2578 λέονο

2041 2635 2130 2680 τες
2155 2619 2520 2672 διεσπάσαντο
2552 2637 2612 2674 τε
2646 2621 2810 2676 αὑτὸν
2843 2623 3008 2685 εὐθὺς
3039 2623 3136 2674 καὶ
3166 2621 3512 2689 κατέφαγον·
3541 2621 3639 2690 μό-

2041 2729 2150 2765 νων
2183 2714 2396 2765 ὲκείνου
2428 2713 2539 2766 τῶν
2596 2717 2955 2786 τραχυτέρων
3004 2716 3179 2768 ὀστῶν
3241 2714 3636 2783 ἀποσχόμενοι,

2042 2799 2190 2874 ἔργῳ
2222 2807 2319 2874 τῆς
2348 2806 2519 2874 εὐχῆς
2557 2805 2635 2876 τῷ
2666 2806 2824 2877 ἀνδρὶ
2850 2806 3260 2876 πληρωθείσης,
3290 2806 3433 2858 ὥστε
3462 2806 3638 2871 τάφον

2042 2896 2190 2968 αὐτῷ
2217 2897 2283 2949 τά
2310 2897 2475 2970 θηρία
2502 2899 2768 2967 γενέσθαι
2801 2903 2897 2953 καὶ
2927 2900 3094 2970 μηδὲν
3119 2899 3518 2968 ὑπολειφθῆναι
3542 2897 3636 2950 τοῦ

2045 2987 2318 3057 σώματος.
2347 2992 2508 3043 οἱονεὶ
2539 2995 2665 3062 περὶ
2699 2992 2950 3054 πλείονος
2979 2990 3078 3044 τοῦ·
3105 2990 3243 3044 Θεοῦ
3280 2990 3512 3059 Θεμένου
3537 2990 3637 3060 τὴν
3698 3052 3712 3068 .

2043 3080 2207 3152 εὐχὴν
2241 3083 2332 3135 καὶ
2369 3081 2460 3136 τὸν
2513 3084 2695 3152 ἔρωτα
2738 3084 2833 3137 τοῦ
2875 3064 3212 3155 θεράποντος
3255 3085 3502 3150 ἐνεγκεῖν
3554 3085 3635 3146 είς

1967 3203 2012 3262 c
2049 3175 2222 3244 πέρας
2254 3176 2288 3248 ἦ
2319 3176 2395 3246 τῷ
2429 3177 2714 3247 ἄψαυστον
2747 3179 2914 3232 αὑτὸν
2946 3182 3055 3242 τοῖς
3079 3177 3293 3232 λέουσιν
3327 3177 3631 3244 ἀποδεῖξαι,

2046 3268 2124 3341 τῷ
2144 3270 2331 3338 οἰκείῳ
2362 3270 2589 3340 ὀνόματι
2620 3271 2927 3341 περιθεῖναι
2963 3271 3144 3338 δόξαν.

2116 3384 2233 3450 lq'.
2275 3384 2430 3438 ‘Emi
2455 3386 2554 3438 καὶ
2580 3384 2756 3438 ταῦτα
2788 3384 2956 3454 ἐξέϐη
2988 3385 3084 3439 καὶ
3116 3385 3270 3448 τέλος
3314 3383 3537 3450 ἔλαϐεν,
3583 3386 3633 3439 oi

2046 3476 2190 3529 κατὰ
2212 3477 2312 3547 τὴν
2356 3475 2580 3548 Ῥώμην
2632 3479 2839 3544 πιστοὶ,
2870 3473 2952 3543 οἷς
2981 3482 3076 3532 καὶ
3110 3478 3221 3542 ζῶν
3252 3480 3333 3533 ἔτι
3361 3482 3388 3534 δ
3427 3480 3632 3549 Geo-pd-

2047 3583 2140 3638 ρος
2166 3567 2471 3631 ἐπέστειλε,
2506 3564 2649 3639 μέτά
2677 3569 2739 3624 τὸ
2789 3566 3126 3640 διαλυθῆναί
3147 3569 3209 3623 τδ
3250 3572 3480 3642 θέατρον
3510 3589 3630 3627 συν-

2044 3657 2293 3722 ελθόντες
2328 3660 2517 3715 καὶτὰ
2569 3662 2706 3715 ὀστᾶ
2738 3661 3036 3726 ποθούσαις
3074 3667 3262 3734 χερσὶν
3319 3664 3629 3734 ἀνελόμενοι

2044 3751 2140 3804 καὶ
2173 3752 2477 3816 σεδαστίως
2505 3753 2646 3807 αὐτὰ
2669 3749 3136 3824 περιστείλαντεςς
3169 3755 3276 3819 ἔξω
3299 3756 3398 3825 τῆς
3423 3757 3628 3818 πόλεως

2047 3843 2106 3894 ἐν
2131 3843 2386 3914 ἐπισήμῳ
2411 3844 2704 3898 κατέθεντο
2733 3847 2904 3917 τόπῳ,
2931 3848 3120 3900 είκάδα
3145 3848 3266 3900 τότε
3297 3847 3392 3899 τοῦ
3419 3850 3628 3915 Δεκεμ-

2045 3932 2198 4004 ϐρίου
2237 3936 2407 4007 μηνὸς
2439 3935 2689 4006 ἄγοντος.
2721 3923 2910 3992 Ταῦτα
2953 3940 3010 3992 δὲ
3044 3941 3138 3991 καὶ
3170 3941 3249 4002 είς
3299 3940 3625 4009 Ἀντιόχειαν

2045 4022 2298 4095 ὕστερον,
2343 4028 2444 4098 τὴν
2501 4027 2597 4081 τοῦ
2653 4029 2933 4099 μάρτυρος
2988 4030 3324 4100 ἀνεκομίσθη
3377 4031 3622 4100 ττατρῶα,

2045 4120 2140 4170 καὶ
2193 4117 2395 4188 διπλῆν
2426 4121 2486 4173 αί
2525 4122 2728 4191 μεταξὺ
2761 4124 2942 4186 πόλεις
2972 4123 3071 4195 τὴν
3102 4123 3359 4191 εὐλογίαν
3391 4123 3622 4194 ἐτρύγη·

2046 4225 2183 4277 σαν,
2237 4211 2505 4283 πρότερόν
2565 4231 2627 4266 τε
2676 4214 2844 4284 ἡνίκα
2871 4214 3094 4285 δέσμιος
3143 4215 3204 4281 ἐξ
3246 4217 3622 4284 Ἀντιοχείαςό

2047 4305 2262 4373 μάρτυς
2325 4306 2406 4369 είς
2469 4306 2693 4377 Ῥώμην
2738 4311 3034 4377 κατήγετο,
3092 4308 3190 4361 καὶ
3217 4308 3313 4361 νῦν
3367 4310 3455 4362 ὅτε
3487 4309 3620 4378 μετὰ

2044 4392 2316 4466 λαμπρῶν
2356 4397 2466 4449 τῶν
2490 4397 2774 4467 τροπαίων
2803 4398 3017 4451 ἐκεῖθεν
3059 4398 3443 4468 ἀνεκομίζετο,
3491 4397 3618 4452 καθ·

2045 4486 2194 4556 άπερ
2218 4485 2478 4556 μέλισσαι,
2503 4489 2719 4558 κηρίον,
2743 4487 2904 4543 τοῦτο
2932 4489 3379 4560 πεοιϊπτὰμενοι.

2121 4709 2218 4764 lZ'.
2257 4709 2496 4779 Λέγεται
2526 4713 2681 4779 γοῦν,
2723 4715 2807 4766 ὅτι
2839 4715 2978 4786 μετὰ
3012 4714 3111 4786 τὴν
3150 4714 3496 4785 μαρτυρικὴν
3527 4713 3615 4766 τοῦ

2048 4803 2239 4874 ἀνδρὸς
2265 4804 2569 4871 τελείωσιν,
2596 4806 2941 4861 πενθούντων
2974 4809 3072 4878 τὴν
3113 4809 3325 4861 ἐκείνου
3374 4809 3616 4879 στέρησιν

2045 4894 2156 4946 τῶν
2179 4896 2236 4946 ὲν
2271 4896 2340 4964 τῇ
2377 4895 2571 4968 Ῥώμῃ
2600 4897 2810 4950 πιστῶν
2839 4898 2934 4952 καὶ
2956 4898 3110 4952 οὐδὲν
3140 4899 3281 4963 ὅλως
3313 4899 3409 4968 τῆς
3437 4899 3616 4967 ὀδύνης

2048 4985 2398 5057 παραμύθιον
2427 4987 2760 5059 δεχομένων,
2799 4989 2994 5062 ὕμνοις
3017 5009 3078 5046 τε
3115 4980 3486 5064 σχολαζόντων
3507 4996 3616 5047 ἐπι·

2046 5081 2261 5160 ταφίοις
2314 5083 2410 5134 καὶ
2444 5083 2791 5153 παννυχίσιν,
2852 5085 3013 5150 αὐτὸς
3041 5086 3176 5157 δναρ
3206 5089 3616 5160 ἐπιιεαινόμενος

2046 5153 2142 5224 καλ
2166 5172 2329 5225 οἱονεὶ
2361 5172 2705 5244 περιδάλλων
2738 5171 2935 5240 αὐτοὺς
2965 5178 3061 5231 καὶ
3090 5179 3611 5249 περιπτυσσόμενος,

2047 5263 2159 5317 ὅσοι
2194 5264 2396 5337 δηλαδὴ
2432 5267 2526 5320 καὶ
2556 5265 2741 5332 ἀξίους
2769 5269 3002 5335 ἑαυτοὺς
3036 5271 3308 5343 πρότερον
3357 5272 3455 5342 τῆς
3482 5271 3614 5326 ἐκεί·

2045 5371 2136 5406 νου
2169 5355 2846 5434 κατέστησανυσυνουσίας,
2882 5359 3086 5430 ὁμαλὲς
3121 5361 3308 5426 αὐτοῖς
3339 5365 3429 5416 καὶ
3456 5363 3614 5432 πραό-

2044 5463 2204 5516 τερον
2238 5447 2416 5501 ἐποίει
2455 5448 2515 5501 τὸ
2560 5450 2780 5514 πένθος,
2833 5451 3057 5521 καὶτῆς
3089 5452 3283 5524 ὀδύνης
3327 5450 3390 5509 τὸ
3433 5454 3613 5524 ἄγριον

2044 5541 2370 5597 ἁπεσὸέννυ.
2417 5542 2640 5614 Ἕτεροι
2687 5545 2744 5598 δὲ
2797 5546 2961 5600 πάλιν
3011 5549 3141 5602 ίδεῖν
3186 5550 3355 5603 αὑτὸν
3410 5551 3611 5622 ἔφησαν

2047 5635 2234 5705 ἱδρῶτι
2275 5637 2724 5714 καταρρεόμενον
2748 5641 2998 5712 καθάπερ
3028 5645 3154 5713 ἄρτι
3180 5645 3291 5697 τῶν
3324 5645 3419 5716 τῆς
3457 5645 3613 5714 ἀθλή-

2048 5744 2185 5790 σεως
2253 5731 2706 5784 ἀναπεπνευκότα
2760 5732 2941 5787 πόνων
2977 5737 3070 5787 καί
3139 5738 3417 5809 σωτηρίαν
3466 5739 3529 5808 τῇ
3555 5754 3610 5790 τε

2052 5819 2203 5871 πόλει
2233 5821 2326 5874 καὶ
2353 5821 2486 5876 πᾶσι
2517 5826 2722 5888 πιστοῖς
2753 5825 3141 5896 ἐπευχόμενον.
