3820 6462
206 335 346 398 1285

1313 338 1491 400 YlTA
1527 339 1600 400 S.
1646 337 1944 398 IGNATH
1989 338 2330 401 DEIFERI.

3341 344 3479 410 1286

272 446 382 516 ιβ’.
415 445 670 498 Τοιοῦτον
703 444 803 514 μὲν
829 444 894 515 δὴ
927 445 984 498 τὸ
1012 444 1102 498 τοῦ
1131 444 1402 517 θιοῳόρου
1436 447 1610 512 τέλος,
1633 442 1780 502 οὗτοι

1962 447 2146 504 XVIII.
2176 449 2273 504 llic
2333 449 2554 520 quidem
2597 449 2698 504 fuit
2741 449 2926 506 exitus
2964 451 3280 524 Theophori
3315 473 3328 510 :
3363 456 3480 514 haec

201 538 252 600 οἱ
276 545 510 615 ἀγῶνες,
544 541 782 596 τοιοῦτοι
817 541 867 595 οῖ
898 543 1037 612 πρὸς
1069 544 1308 613 Χριστὸν
1347 543 1514 597 αὑτοῦ
1553 560 1616 596 πε
1629 560 1793 613 ριμα-

206 641 316 700 νεῖς
344 636 570 706 ἔρωτες.
601 635 897 706 Μαρτυρεῖ
923 633 977 686 δὲ
1016 642 1110 688 καὶ
1151 637 1180 688 ὁ
1235 635 1547 705 Εἰρηναῖος,
1604 635 1633 686 ὁ
1656 635 1795 687 Λου-

203 730 452 798 γδούνων
500 728 829 790 ἐπίσκοπος,
861 728 1002 803 ἀνὴρ
1044 728 1209 795 λόγου
1242 727 1416 791 ἄξιος,
1461 727 1552 780 διὰ
1591 725 1794 796 πολλῆς

209 827 432 894 μνήμης
461 823 527 874 τὰ
561 822 656 874 τοῦ
687 821 962 890 Θεοφόρου
989 821 1312 891 ποιούμενος
1333 820 1484 892 [add.
1511 838 1522 873 :
1549 819 1664 873 Καὶ
1687 819 1794 889 γὰρ

204 920 235 971 ὁ
285 911 671 986 Ιιολὺκαρπος]
711 915 739 965 ὁ
792 915 892 983 τῆς
944 911 1089 964 κατὰ
1137 910 1397 980 Σμύρναν
1470 911 1796 981 Ἐκκλησίας

207 1009 473 1079 προστὰς,
540 1007 599 1068 ὃς
654 1023 712 1058 τε
768 1003 921 1072 αὐτῷ
954 1005 1050 1058 καὶ
1088 1005 1169 1065 είς
1211 1001 1462 1055 Ἰωάννου
1502 1003 1796 1072 συνεφοίτα

205 1103 300 1157 τοῦ
344 1097 734 1167 εὐαγγελιστοῦ
777 1097 873 1151 καὶ
930 1097 1209 1164 θεολόγου,
1267 1099 1364 1151 καὶ
1417 1097 1706 1168 δεσμώτην
1736 1097 1798 1162 ἐξ

221 1193 557 1263 Ἀντιοχείας
583 1191 856 1259 ἀγόμενον
888 1191 968 1252 εἰς
1012 1189 1237 1259 Ῥώμην
1270 1189 1584 1258 ἠσπάσατο,
1612 1188 1816 1253 καθὼς.

169 1335 176 1341 .
206 1287 310 1359 ἠδη
335 1292 430 1339 καὶ
473 1285 905 1356 μεμαθήκαμεν,
937 1282 1168 1335 τοιαῦτά
1195 1300 1298 1335 που
1337 1283 1450 1335 τῶν
1474 1282 1640 1335 αὐτοῦ
1662 1282 1797 1353 γρά·

209 1398 328 1449 φων
356 1379 656 1433 ἐπιστολῶν
681 1395 695 1409 ⁸
731 1376 1048 1447 Παρακαλῶ
1080 1376 1248 1442 ὑμᾶς,
1286 1375 1530 1445 ἀδελφοὶ,
1568 1376 1798 1443 πειθαρ-

207 1473 325 1540 χεῖν
363 1472 456 1524 καὶ
509 1471 692 1524 πᾶσαν
733 1468 1016 1538 ὑπομονὴν
1078 1469 1292 1531 ἀσκεῖν,
1355 1467 1422 1539 ἡν
1474 1468 1644 1521 εἴδετε
1676 1467 1796 1521 κατ’

207 1563 529 1632 ὀφθαλμοὺς
555 1563 616 1615 οὐ
655 1563 818 1632 μόνον
859 1563 918 1614 ἐν
945 1563 1059 1625 τοῖς
1087 1561 1386 1633 μακαρίοις
1431 1562 1682 1631 Ἰγνατίῳ
1703 1563 1797 1614 καὶ

222 1657 439 1726 Ῥούφῳ
504 1655 602 1711 καὶ
647 1657 905 1726 Ζωσίμῳ,
944 1654 1080 1708 ἀλλὰ
1112 1657 1208 1708 καὶ
1261 1657 1318 1707 ὲν
1353 1655 1536 1718 ἄλλοις
1581 1657 1797 1718 πολλοῖς

209 1751 323 1814 τοῖς
358 1748 419 1814 ἐξ
448 1749 604 1819 ὑμῶν
639 1748 734 1802 καὶ
760 1749 818 1801 ἐν
848 1747 998 1818 αὐτῷ
1033 1747 1232 1818 Παύλῳ
1259 1749 1354 1802 καὶ
1381 1751 1496 1811 τοῖς
1527 1749 1625 1802 σὺν
1649 1747 1796 1817 αὐτῷ

211 1845 666 1909 πεπιστευκόσιν,
693 1843 775 1895 ὃτι
807 1842 903 1894 καὶ
933 1835 1081 1900 οὗτοι
1125 1841 1327 1904 πάντες
1372 1841 1472 1894 οὐκ
1530 1842 1609 1905 εἰς
1638 1841 1796 1895 κενὸν

210 1937 471 2008 ἔδραμον,
521 1937 643 1989 οὐδὲ
680 1937 760 2000 είς
807 1936 965 1989 κενὸν
1023 1934 1351 1998 ὲκοπίασαν,
1385 1933 1578 1988 ἀλλ’ὲν
1613 1937 1796 1987 πίστει

209 2035 306 2082 καὶ
337 2029 654 2101 δικαιοσύνῃ
681 2032 745 2100 τῇ
771 2031 828 2080 ἐν
848 2026 1072 2098 Χριστῷ
1115 2027 1317 2098 Ἰησοῦ.
1343 2015 1436 2080 Aio
1466 2026 1561 2079 καὶ
1593 2028 1673 2090 εἰς
1706 2026 1798 2080 τὸν

209 2121 564 2194 ὀφειλόμενον
617 2123 780 2175 τόπον
808 2123 949 2175 εἰσὶν
979 2123 1106 2192 ἄρτι
1141 2121 1292 2188 παρὰ
1333 2118 1563 2188 Κυρίου,
1612 2111 1656 2186 ᾧ
1702 2118 1799 2173 καὶ

213 2210 516 2266 συνέπαθον
543 2227 556 2241 °
588 2213 648 2265 οὑ
681 2213 789 2283 γὰρ
819 2212 910 2265 τὸν
960 2211 1054 2265 νῦν
1086 2212 1260 2264 αἰῶνα
1301 2211 1618 2280 ἠγάπησαν,
1664 2210 1800 2265 ἀλλὰ

211 2303 308 2356 τὸν
334 2303 477 2374 ὑπὲρ
516 2304 673 2374 ἡμῶν
706 2300 1048 2358 ἀποθανόντα
1080 2305 1176 2356 καὶ
1209 2303 1518 2356 ἀναστάντα
1539 2303 1796 2372 Χριστόν.

213 2395 372 2471 Οὕτω
401 2397 501 2466 μὲν
531 2395 625 2448 οὖν
658 2399 684 2450 ὁ
713 2398 856 2460 θεῖος
920 2397 1180 2464 Ἰγνάτιος
1214 2397 1272 2461 ἐν
1297 2397 1418 2458 ταῖς
1448 2397 1622 2465 ἱεραῖς
1653 2393 1799 2448 ἐκεί-

213 2504 322 2540 νων
350 2487 552 2558 ψυχαῖς
599 2489 797 2554 ἔκειτο,
829 2491 925 2542 καὶ
961 2489 1168 2560 θηρίων
1197 2491 1472 2558 γαστέρας
1501 2487 1680 2559 ἑαυτῷ
1712 2488 1803 2541 θέ-

215 2579 345 2634 σθαι
374 2583 545 2650 τάφον
601 2569 975 2654 ἐπιθυμήσας,
1029 2582 1241 2654 ἀνδρῶν
1300 2581 1565 2650 φιλοθέων
1599 2581 1802 2652 μᾶλλον

158 2660 163 2664 ’
211 2672 416 2744 ψυχαῖς
446 2677 709 2730 κατοικεῖ.
1331 2715 1341 2725 ο

292 2766 392 2820 l8’.
446 2768 704 2832 Βασιλεὺς
735 2769 790 2822 δὲ
817 2769 1087 2842 Τραϊανὸς
1135 2769 1204 2822 τὰ
1237 2767 1380 2822 κατὰ
1411 2767 1502 2837 τὸν
1532 2767 1802 2840 Θεοφόρον

215 2859 406 2914 τοῦτον
437 2859 694 2929 Ἱγνὰτιον
721 2861 950 2932 ὕστερον
972 2861 1252 2931 ἐκμαθὼν,
1279 2864 1427 2926 ὅπως
1451 2879 1514 2930 γε
1541 2862 1804 2930 γενναίως

215 2953 308 3006 τὸν
333 2951 427 3006 τοῦ
465 2956 742 3026 μάρτυρος
779 2951 940 3009 ἆθλον
969 2956 1183 3009 ἀνύσειε
1223 2957 1316 3010 καὶ
1350 2959 1496 3020 ὅπως
1531 2958 1671 3010 κατὰ
1701 2957 1804 3028 τὴν

215 3046 429 3099 ἐκείνου
479 3046 658 3117 ψῆφον
719 3048 925 3119 θηρίων
975 3048 1112 3121 βορὰ
1165 3051 1396 3118 γένοιτο,
1457 3049 1698 3112 ἀκούσας
1745 3049 1803 3103 δὲ

1893 551 2028 596 sunt
2058 545 2362 597 certamina
2394 561 2406 597 :
2442 542 2496 596 hi
2534 553 2658 598 sunt
2692 544 2979 615 conspicui
3021 546 3140 618 ejus
3181 563 3399 605 amores
3422 551 3478 605 in

1895 633 2203 691 Christum.
2248 636 2315 691 Et
2345 636 2452 692 fert
2479 638 2859 692 testimonium
2890 639 3482 712 lrenazusLugdunen-

1895 727 1973 781 sis
1997 728 2312 798 episcopus,
2355 731 2648 800 virmagni
2707 730 3012 797 faciendus,
3038 733 3131 803 qui
3161 732 3482 804 Theopbori

1896 819 2096 874 crebro
2127 821 2400 874 meminit.
2427 819 2569 886 Quin
2598 822 2763 876 etiam
2788 821 3141 894 Polycarpus,
3166 824 3258 894 qui
3299 825 3485 896 Smyr-

1896 913 2053 969 nensi
2084 923 2316 983 praeerat
2354 913 2634 979 Ecclesite,
2659 915 2752 984 qui
2804 931 2928 969 cum
2973 931 3042 970 eo
3077 917 3386 972 ventitabat
3416 919 3485 973 ad

1895 1007 2162 1063 Joannem
2217 1007 2612 1076 evangelistam
2656 1017 2711 1062 et
2763 1009 3120 1079 theologum;
3161 1021 3363 1065 etcum
3396 1027 3487 1066 ca-

1898 1104 2082 1173 ptivus
2118 1103 2348 1156 Romam
2383 1102 2682 1157 duceretur
2704 1105 3020 1169 Antiochia,
3051 1122 3200 1171 eum,
3229 1107 3374 1161 sicut
3395 1106 3485 1160 di-

1897 1195 2101 1257 ximus,
2138 1192 2420 1256 salutavit,
2465 1192 2582 1247 ha=c
2613 1194 2817 1248 alicubi
2848 1195 3098 1250 scribens
3145 1197 3198 1249 in
3224 1197 3340 1250 suis
3369 1196 3489 1266 epi-

1898 1282 2057 1334 stolis
2087 1299 2098 1333 :
2126 1281 2278 1352 Rogo
2315 1297 2436 1346 vos,
2479 1282 2707 1347 fratres,
2738 1293 2797 1337 ut
2839 1285 3132 1349 obediatis,
3165 1295 3222 1340 et
3265 1301 3486 1340 omnem

1897 1375 2216 1429 exercitetis
2271 1374 2641 1438 tolerantiam,
2673 1391 2838 1444 quam
2889 1377 3107 1431 vidistis
3136 1377 3333 1440 oculis,
3378 1393 3487 1430 non

1900 1469 2076 1522 solum
2105 1469 2159 1521 in
2186 1468 2286 1523 BB.
2349 1469 2582 1539 lgnatio,
2617 1469 2761 1522 Rufo
2810 1467 2865 1524 et
2902 1468 3145 1534 Zosimo,
3188 1469 3285 1524 sed
3317 1469 3489 1523 etiam

1902 1561 1955 1614 in
2017 1561 2208 1615 multis
2264 1561 2389 1615 aliis
2413 1577 2482 1615 ex
2535 1561 2716 1624 vobis,
2755 1571 2812 1616 et
2851 1563 3070 1631 in'ipso
3108 1562 3300 1626 Paulo,
3330 1570 3384 1616 et
3421 1561 3490 1615 iis

1901 1657 1994 1726 qui
2026 1671 2150 1710 eum
2205 1657 2329 1726 ipso
2361 1655 2722 1710 crediderunt
2761 1673 2774 1710 :
2806 1655 2953 1726 quod
2983 1655 3018 1710 ii
3051 1670 3246 1710 omnes
3283 1671 3392 1710 nou
3431 1654 3490 1708 in

1903 1765 2102 1804 vanum
2151 1758 2587 1814 concurrerunt,
2619 1765 2801 1820 neque
2861 1750 2915 1803 in
2971 1765 3172 1804 vanum
3201 1750 3492 1804 laborave—

1905 1851 2057 1904 runt,
2095 1841 2189 1896 sed
2229 1842 2284 1896 in
2343 1841 2448 1895 lide
2501 1850 2557 1896 et
2590 1841 2828 1909 justitia,
2858 1857 2978 1919 quin
3008 1850 3093 1895 est
3152 1840 3206 1893 in
3265 1840 3490 1894 Christo

1899 1938 2052 1993 Jesu.
2089 1935 2458 2003 Quamobrem
2521 1944 2649 1989 sunt
2693 1935 2860 1988 etiam
2893 1935 2945 1987 in
2978 1935 3120 1996 loco,
3159 1932 3251 2002 qui
3284 1931 3364 1986 eis
3390 1931 3491 1985 de-

1901 2029 2064 2084 betur
2096 2045 2124 2084 a
2159 2030 2416 2106 Domino,
2451 2043 2578 2082 cum
2629 2042 2740 2096 quo
2780 2029 2922 2096 passi
2968 2037 3119 2081 sunt.
3165 2025 3286 2080 Non
3337 2023 3488 2078 enim

1901 2123 2460 2198 prmsens‘szeculum
2514 2121 2854 2184 dilexerunt,
2905 2120 3000 2174 sed
3051 2119 3357 2175 Christum.
3393 2116 3490 2186 qui

1901 2232 2003 2288 pro
2035 2201 2195 2271 nobis
2235 2225 2486 2270 mortuus
2519 2223 2685 2270 estet
2720 2215 3040 2269 resurrexit.
3075 2212 3167 2266 Sic
3191 2227 3323 2281 ergo
3350 2209 3494 2264 situs

1902 2305 2024 2367 erat
2082 2313 2309 2365 divinus
2347 2310 2593 2381 lgnatius
2641 2309 2697 2362 in
2755 2308 2929 2362 sacris
2989 2307 3208 2359 illorum
3249 2300 3490 2357 animis:

1901 2415 2114 2460 etcum
2149 2403 2522 2458 desiderasset
2554 2401 2860 2476 bestiarum
2891 2409 3113 2454 ventres
3148 2397 3253 2452 sibi
3305 2395 3492 2464 sepul-

1903 2511 2058 2550 crum
2084 2493 2326 2563 eﬂicere,
2351 2496 2407 2549 in
2458 2494 2680 2564 piorum
2743 2492 2992 2546 virorum
3047 2491 3224 2561 magis
3278 2489 3493 2543 habitat

1903 2605 2138 2646 animis:

1979 2773 2118 2829 XIX.
2160 2774 2467 2844 imperator
2510 2779 2694 2826 autem
2739 2769 3010 2840 Traianus
3051 2781 3176 2821 cum
3217 2765 3285 2819 de
3313 2764 3496 2819 Theo-

1905 2870 2084 2942 phoro
2119 2869 2224 2922 hoc
2276 2867 2489 2938 lgnatio
2529 2872 2721 2936 postea
2745 2863 3056 2927 didicisset,
3085 2868 3143 2914 et
3177 2873 3340 2929 quam
3373 2858 3488 2911 lor-

1909 2963 2037 3016 titer
2061 2959 2367 3030 peregisset
2403 2956 2508 3010 hoc
2539 2965 2820 3009 certamen
2853 2951 3128 3022 martyrii,
3149 2959 3206 3003 et
3236 2950 3407 3018 quod,
3433 2956 3496 3001 ut

1908 3054 2025 3123 ipse
2053 3053 2256 3107 tulerat
2277 3047 2636 3110 sententiam,
2672 3061 2704 3101 a
2737 3044 2929 3100 bestiis
2958 3041 3491 3101 fuissetdevoratus,

219 3138 390 3190 πολλὰ
449 3146 542 3191 καὶ
599 3141 728 3206 περὶ
759 3142 866 3194 τῶν
897 3145 1037 3196 κατὰ
1088 3141 1274 3212 χώραν
1328 3142 1695 3213 Χριστιανῶν,
1726 3141 1802 3206 ῶς

1919 3154 1963 3202 at
2000 3145 2171 3200 multa
2197 3143 2364 3197 etiam
2390 3141 2694 3195 audivisset
2718 3139 2786 3192 de
2817 3135 3167 3198 Christianis,
3199 3134 3295 3204 qui
3334 3141 3495 3187 erant

216 3231 327 3302 ἄρα
360 3233 512 3286 οὐδὲν
540 3235 694 3303 παρὰ
724 3236 848 3296 τοὺς
900 3233 1096 3302 νόμους
1152 3229 1466 3302 πράττοιεν,
1506 3233 1720 3288 ἀνόσιόν
1742 3251 1801 3287 τε

216 3323 419 3395 δρῶσιν
444 3327 619 3391 οὐδὲν,
652 3326 770 3380 ἀλλ’
802 3328 916 3396 ἅμα
939 3327 1012 3396 ἕῳ
1047 3325 1452 3394 διανιστάμενοι
1482 3327 1721 3397 Χριστόν
1743 3343 1802 3379 τε

215 3417 294 3478 ὼς
349 3419 474 3472 Υἱδν
529 3419 666 3472 Θεοῦ
707 3419 1110 3490 προσκυνοῦσιν
1163 3419 1491 3489 ὲγκράτειάν
1521 3436 1580 3472 τε
1617 3420 1804 3477 πᾶσαν

219 3512 486 3566 ἀσκοῦσιν
517 3513 574 3567 ἒν
612 3531 670 3566 τε
709 3514 936 3584 βρωτῶν
964 3514 1164 3583 ὁμοίως
1205 3514 1299 3566 καὶ
1350 3513 1528 3565 ποτῶν
1576 3513 1806 3582 ρεταλήο

217 3606 333 3676 ψει,
388 3612 480 3660 καὶ
534 3607 636 3660 ὅσα
690 3609 854 3677 νόμος
918 3605 1279 3675 ἀπαγορεύει,
1337 3605 1544 3658 τούτων
1587 3605 1802 3668 οὐδενὸς

219 3701 510 3766 ἅπτονται,
553 3700 726 3755 ταῦτα
788 3702 996 3753 ἐκεῖνον
1049 3699 1361 3753 ἀκούσαντα
1422 3699 1716 3769 μετάνοιαν
1744 3714 1804 3750 τε

219 3791 485 3845 εἰσελθεῖν
510 3793 618 3847 τῶν
644 3794 744 3864 ἤδη
784 3793 1172 3863 γεγενημένων
1231 3793 1325 3846 καὶ
1351 3792 1528 3862 δόγμα
1560 3791 1805 3844 τοιοῦτον

219 3884 464 3953 ἐκθεῖναι
518 3883 759 3951 λέγεται,
817 3883 958 3936 ῶστε
1011 3885 1073 3936 τὸ
1101 3884 1210 3938 τῶν
1261 3883 1609 3952 Χριστιανῶν
1639 3883 1806 3952 φῦλον

125 4033 134 4040 _
218 3973 570 4044 ἐκζητεῖσθαι
631 3977 728 4046 μὲν
783 3982 874 4030 καὶ
907 3977 1186 4047 γνώριμον
1233 3977 1512 4046 πανταχοῦ
1545 3978 1804 4030 καθίσταο

225 4067 375 4131 σθαι,
427 4069 813 4139 εὑρισκόμενοι
853 4070 925 4122 ,δὲ
956 4070 1030 4140 μὴ
1083 4072 1425 4140 ἀναιρεῖσθαι
1487 4070 1606 4140 μὲν,
1666 4070 1805 4139 πλὴν

225 4161 362 4230 μηὸὲ
401 4160 563 4214 πάλιν
593 4161 765 4231 ἀρχὰς
797 4161 831 4232 ἢ
863 4162 1138 4232 δημοσίων
1186 4163 1534 4232 πραγμάτων
1563 4164 1804 4232 ἐγχειρί-

222 4253 412 4317 ζεσθαι
466 4253 787 4321 διοικήσεις.
840 4254 1029 4316 Οὕτως
1062 4255 1224 4324 οὑχὴ
1277 4255 1390 4323 ζωὴ
1429 4255 1591 4323 μόνον
1632 4255 1806 4320 Ὶγνα·

221 4349 364 4408 τῖυυ,
391 4347 490 4417 ήδη
523 4347 579 4400 δὲ
605 4349 706 4417 καὶ
731 4349 765 4419 ὴ
790 4345 1017 4415 τελευτὴ
1048 4348 1261 4399 πολλῶν
1287 4348 1548 4417 πρόξενος
1581 4345 1805 4413 ἀγαθῶν

221 4443 485 4508 κατέστη,
529 4441 791 4512 καύχημα
841 4441 940 4520 τῆς
973 4444 1030 4493 ἐν
1081 4441 1306 4511 Χριστῴ
1348 4441 1608 4505 πίστεως,
1645 4440 1804 4491 εὐσε-

223 4531 379 4594 ϐείας
409 4531 673 4596 ἐπίδοσις,
715 4532 1062 4603 παράκλησις
1098 4530 1234 4602 πρὸς
1293 4530 1417 4593 τοὺς
1487 4531 1626 4582 κατὰ
1671 4529 1804 4581 Θεὸν

221 4624 421 4688 τιό-ὀυς
460 4626 554 4678 καὶ
587 4627 692 4696 πρὸ
727 4623 925 4695 καιροῦ
960 4623 1104 4694 ζωῆς
1135 4623 1567 4692 καταφρόνησις,
1599 4621 1802 4692 ἐγκρά-

218 4715 341 4769 τειά
381 4733 441 4769 τε
471 4716 581 4770 τῶν
613 4717 891 4786 βλαϐερῶν
936 4715 1033 4768 καὶ
1065 4715 1182 4784 βίου
1222 4714 1649 4784 καθαρειότητος
1684 4715 1806 4766 ὲπι-

223 4811 444 4882 μέλεια,
475 4813 656 4884 χάριτι
684 4815 779 4864 καὶ
813 4811 1200 4880 φιλανθρωπίᾳ
1249 4809 1344 4862 τοῦ
1403 4808 1610 4878 Κυρίου
1646 4807 1802 4877 ἡμῶν

234 4903 413 4973 Ἰησοῦ
431 4902 694 4974 Χριστοῦ,
724 4902 844 4973 μεθ’
869 4896 931 4956 οὗ
966 4902 1044 4972 τῷ
1079 4901 1254 4974 “arpi.
1275 4900 1401 4965 δόξα
1433 4900 1526 4953 καὶ
1552 4897 1631 4969 τῷ
1661 4899 1803 4969 ἁγίῳ

220 4997 319 5050 καὶ
374 4995 623 5066 ζωοποιῴ
685 4995 992 5066 ΙΙνεύματι,
1025 4994 1121 5046 νῦν
1178 4995 1273 5048 καὶ
1311 4994 1402 5048 ἀεὶ
1431 4993 1526 5046 καὶ
1563 4995 1643 5055 είς
1675 4993 1800 5055 τοὺς

222 5089 425 5154 αἰῶνας
451 5090 556 5144 τῶν
588 5089 820 5144 αἰώνων.
861 5089 1058 5160 Ἄρνην.

1909 3239 1964 3290 in
1989 3236 2233 3306 regione.
2257 3233 2406 3303 quod
2440 3232 2654 3287 scilicet
2674 3230 2810 3284 nihil
2840 3237 3040 3299 przeter
3060 3227 3206 3297 leges
3229 3224 3494 3287 facerent,

1907 3344 2086 3399 neque
2139 3342 2253 3381 rem
2311 3315 2491 3378 ullam
2551 3331 2779 3394 agerent
2835 3315 3495 3390 impiam;sedd.luculo

1908 3427 2217 3490 surgentes,
2255 3425 2311 3472 et
2339 3414 2621 3470 Christum
2664 3413 2960 3468 adorarent
2996 3421 3252 3478 tauquam
3277 3408 3370 3462 Dei
3402 3406 3494 3460 Fi-

1905 3516 2067 3577 lium,
2097 3522 2155 3566 et
2186 3524 2407 3565 omnem
2429 3513 2756 3563 exercerent
2780 3502 3176 3558 abstinentiam
3201 3501 3254 3553 in
3278 3498 3406 3553 cibo
3438 3507 3498 3552 et

1908 3609 1962 3662 in
1989 3614 2122 3677 potu
2158 3601 2450 3667 sumendo,
2483 3607 2540 3655 et
2567 3598 2707 3652 nihil
2743 3603 3033 3666 tangerent
3061 3609 3128 3647 ex
3160 3592 3228 3647 iis
3259 3607 3380 3661 qua:
3406 3590 3494 3644 lex

1907 3699 2200 3772 prohibet;
2239 3711 2365 3751 cum
2394 3693 2508 3754 ille,
2535 3693 2782 3760 inquam,
2810 3690 2924 3744 haec
2953 3687 3277 3749 audivisset,
3307 3695 3363 3738 et
3389 3685 3492 3736 du-

1908 3801 2030 3846 ctus
2060 3797 2144 3843 est
2175 3784 2501 3858 pmnitentia
2559 3797 2776 3843 eorum,
2810 3786 2933 3850 qua:
2987 3778 3130 3832 facta
3166 3777 3410 3836 fuerant,
3437 3783 3497 3826 et

1907 3884 2116 3939 dicitur
2150 3882 2257 3936 tale
2289 3880 2575 3934 decretum
2608 3875 2986 3947 proposuisse,
3013 3880 3074 3926 ut
3095 3886 3229 3941 gens
3268 3868 3494 3938 quidem

1905 3976 2350 4033 Christianorum
2375 3972 2766 4042 exquireretur
2812 3977 2869 4023 et
2928 3966 3188 4022 omnibus
3219 3971 3368 4018 esset
3401 3977 3496 4016 co-

1908 4049 2096 4142 gnita,
2129 4069 2340 4122 inventi
2372 4077 2556 4120 autem
2597 4080 2705 4119 non
2765 4061 3213 4116 interficerentur
3235 4076 3250 4125 ;
3272 4056 3364 4111 sed
3395 4071 3498 4110 ne—

1909 4179 2018 4233 que
2052 4162 2409 4232 magistratus
2431 4169 2717 4229 gererent,
2736 4172 2916 4226 neque
2948 4154 3298 4222 susciperent
3329 4151 3495 4204 ullam

1913 4254 2236 4325 reipublicae
2268 4252 2831 4306 administrationem.
2863 4247 2956 4302 Sic
3012 4261 3122 4300 non
3163 4247 3277 4299 vita
3312 4245 3494 4299 solum

1911 4349 2132 4418 lgnatii,
2157 4347 2252 4400 sed
2272 4347 2383 4417 jam
2416 4359 2566 4398 mors
2582 4345 2748 4398 etiam
2777 4341 2882 4394 fuit
2907 4339 3207 4392 multorum
3223 4337 3496 4391 bonorum

1913 4442 2289 4501 conciliatrix,
2321 4437 2579 4508 gloriatio
2600 4437 2748 4500 fidei,
2777 4449 2899 4502 qua:
2923 4442 3008 4486 est
3037 4433 3090 4484 in
3116 4429 3360 4491 Christo,
3397 4444 3494 4480 au-

1838 4505 1882 4559 D
1913 4542 2198 4604 gmentum
2223 4505 2465 4601 pietatis,
2495 4529 2814 4582 adhortatio
2859 4527 2926 4579 ad
2959 4539 3054 4578 eos
3096 4523 3192 4591 qui
3253 4528 3496 4604 suntex

1916 4601 2028 4681 beo
2058 4627 2297 4685 labores,
2323 4632 2378 4677 et
2415 4621 2756 4690 contemptio
2795 4620 2916 4690 ejus
2950 4619 3093 4678 vita,
3128 4630 3251 4684 qua:
3302 4601 3494 4667 est'ad

1917 4729 2157 4787 tempus,
2185 4725 2242 4771 et
2265 4715 2611 4771 continentia
2643 4713 2712 4769 ab
2764 4713 2834 4766 iis
2890 4725 3013 4782 qua:
3037 4716 3169 4763 sunt
3221 4705 3498 4770 noxia,'et

1912 4807 2159 4865 studium
2196 4805 2324 4861 vitae
2355 4803 2656 4873 puritatis:
2691 4802 2875 4873 gratia
2911 4807 2966 4854 et
3029 4791 3496 4864 benignitatho-

1914 4902 2054 4956 miui
2089 4899 2267 4955 nostri
2297 4899 2426 4954 Jesu
2479 4895 2711 4960 Christi,
2747 4909 2873 4948 cum
2918 4906 3031 4960 quo
3059 4887 3204 4944 Patri
3237 4884 3411 4958 gloria
3441 4891 3496 4937 et

1913 5002 2108 5050 sancto
2137 5000 2194 5047 et
2220 4987 2443 5044 vivifico
2469 4987 2701 5057 Spiritui
2719 4999 2868 5062 nunc
2897 4992 2953 5038 et
2975 4995 3196 5051 semper
3218 4988 3276 5034 et
3306 4977 3362 5033 in
3388 4991 3493 5036 ω-

1913 5086 2038 5138 cula
2070 5083 2422 5139 saeculorum.
2446 5079 2642 5136 Amen.
