3820 6472
231 413 368 480 1989

1218 413 1397 478 VITA
1437 415 1499 478 S.
1541 414 1908 478 CORNELII
1949 416 2500 480 CENTURIONIS.
2580 367 2589 375 .

3356 413 3500 481 1290

225 541 280 592 in
315 538 460 584 notis
492 529 557 582 ad
609 528 785 582 locum
822 526 931 598 jam
985 525 1212 582 citatum
1246 507 1473 598 Dextri,
1507 527 1828 600 loquamur)’
1850 534 1894 590 Α
1925 531 2236 594 intervallo,
2265 531 2526 598 potuerit,
2559 541 2739 598 neque
2772 529 2839 584 ab
2859 529 2916 584 S.
2952 529 3251 593 Clemente,
3316 528 3405 596 qui
3429 579 3431 581 .
3457 543 3512 592 ιιι

232 641 253 672 ε
287 622 504 677 veritati
564 619 932 690 praeiudicium
969 608 1168 675 afferre
1217 620 1517 676 nolumus:
1560 637 1580 674 ο
1635 621 1811 690 deque

231 715 293 773 S.
317 717 550 773 Cornelii
589 718 760 788 patria
795 717 924 770 illud
961 716 1134 772 solum
1167 717 1599 785 pronuntiamus,
1641 735 1660 768 ι
1696 715 1810 770 Non

230 801 460 878 liquere.
493 827 512 858 ι
550 806 684 861 Nam
717 823 836 876 qua:
854 806 1091 867 Joannes
1118 805 1386 880 Tamaius
1411 808 1476 861 de
1505 804 1732 861 Salazar
1757 807 1811 860 in

229 899 512 970 Martyrol.
556 899 780 968 llispan.
814 899 1086 966 congessit
1111 907 1453 968 argumenta,
1482 885 1669 952 eadem
1701 899 1814 954 fere

231 1000 361 1047 sunt
385 1007 504 1060 quin
534 972 759 1053 Bivarii,
795 988 850 1044 Si
873 989 930 1045 S.
958 988 1132 1048 Lucas
1163 991 1440 1044 cohortem
1480 989 1813 1046 ltalicensem

232 1089 474 1146 vocaret,
503 1081 630 1136 nulli
664 1080 882 1133 dubium
911 1079 1160 1144 haereret,
1193 1079 1322 1148 quin
1349 1095 1414 1134 ex
1467 1079 1652 1134 Italica
1682 1079 1817 1137 urbe

234 1171 507 1236 Hispania:
561 1181 746 1228 esset:
785 1170 875 1223 sed
938 1169 1187 1223 Italicam
1250 1180 1426 1223 vocat.
1480 1168 1646 1226 Addit
1677 1169 1815 1228 idem

234 1259 520 1326 Taiuaius,
546 1275 668 1314 esse
705 1259 756 1313 in
796 1257 1050 1329 Hispania
1091 1261 1320 1314 nobilem
1354 1259 1570 1314 domum
1606 1259 1689 1312 del
1714 1258 1819 1312 Ca-

236 1350 403 1411 stillo,
454 1365 576 1419 quze
625 1349 692 1403 ab
729 1349 830 1404 hoc
874 1358 1063 1412 sancto
1118 1349 1434 1413 centurione
1474 1363 1595 1429 sese
1641 1356 1816 1404 ortam

239 1448 522 1516 gloriatur.

593 1601 711 1675 gn.
751 1601 810 1661 δ.
853 1603 1082 1660 Cornelii
1117 1578 1467 1674 episcopatus.

310 1763 363 1817 4.
407 1762 740 1832 Quacunque
760 1777 889 1834 ergo
913 1772 1066 1818 ortus
1099 1765 1292 1833 patria,
1327 1774 1475 1820 certe
1507 1763 1630 1837 coeli
1665 1765 1820 1832 civis,

240 1865 403 1922 atque
433 1871 498 1909 ex
527 1854 710 1909 saeculi
739 1855 1057 1911 centurione
1081 1855 1235 1910 miles
1265 1855 1492 1922 Christi,
1527 1857 1634 1912 imo
1671 1871 1824 1912 nova:

241 1948 342 1999 sub
378 1963 442 2000 eo
477 1949 700 2019 legionis
730 1949 1036 2018 primipilus
1063 1960 1153 2004 .est
1187 1949 1385 2003 factus.
1431 1947 1566 2003 Nam
1609 1951 1822 2017 episco-

244 2055 368 2105 pum
420 2041 680 2096 Caesarea:
729 2043 1039 2098 ordinatum
1096 2050 1364 2096 testantur
1416 2041 1819 2114 Martyrologia.

246 2130 321 2182 Ita
353 2130 626 2186 Usuardus
652 2135 752 2186 hoc
791 2135 916 2188 die:
965 2152 982 2184 ι
1021 2133 1173 2198 Apud
1196 2134 1500 2188 Caesaream
1523 2131 1823 2187 beatissimi

245 2224 480 2277 Cornelii
503 2227 852 2289 centurionis,
883 2241 1039 2294 quem
1070 2225 1132 2279 Β.
1154 2225 1345 2280 Petrus
1380 2225 1694 2294 baptizavit.
1729 2223 1826 2278 Hic

245 2319 384 2384 apud
416 2317 693 2386 praefatam
732 2322 918 2375 urbem
953 2318 1245 2389 episcopali
1275 2320 1478 2373 honore
1507 2317 1827 2373 sublimatus

247 2411 472 2479 quievit.
507 2430 524 2463 ι
584 2411 784 2466 Eadem
841 2412 1005 2466 habet
1052 2411 1194 2465 Beda
1226 2411 1494 2484 vulgatus,
1525 2410 1661 2475 Ado,
1693 2425 1819 2464 mss.

247 2503 527 2572 pleraque,
563 2511 624 2569 et
674 2503 1013 2560 recentiores
1065 2503 1246 2557 verbis
1292 2500 1536 2556 nonnihil
1585 2501 1825 2564 mutatis,

252 2596 533 2668 Martyrol.
567 2597 892 2660 Romanum,
925 2595 993 2650 ab
1026 2595 1141 2664 ipso
1187 2594 1246 2648 S.
1301 2594 1462 2648 Petro
1513 2592 1826 2676 episcopum

249 2698 628 2743 consecratum
664 2688 886 2743 indicat.
939 2687 1206 2743 Notkerus
1242 2687 1508 2757 prolixum
1560 2687 1677 2756 ejus
1718 2685 1858 2739 elo-'

250 2780 394 2849 gium
422 2781 492 2832 ita
524 2780 830 2834 concludit:
875 2797 894 2830 ‹
928 2778 1026 2846 Qui
1050 2781 1352 2845 Cornelius,
1397 2779 1580 2833 relicta
1613 2776 1827 2841 militia,

251 2872 388 2937 apud
424 2870 700 2938 prrfatain
750 2870 940 2925 urbem
991 2871 1225 2941 episcopi
1260 2871 1466 2933 honore
1511 2868 1829 2922 sublimatus

251 2965 476 3031 quievit.
507 2983 526 3018 ›
564 2964 752 3020 Petrus
781 2965 847 3020 de
875 2963 1110 3021 Nata'lih.
1148 2966 1240 3018 lib.
1275 2980 1359 3030 ιιι,
1403 2981 1521 3033 i-ap.
1555 2963 1656 3030 73,
1706 2977 1830 3016 uar-

253 3064 368 3111 rata
401 3055 520 3122 ejus
539 3056 916 3121 conversione,
965 3055 1147 3114 subdit
1179 3073 1192 3108 :
1233 3074 1248 3106 ι
1283 3054 1481 3108 Deinde
1513 3053 1820 3120 Cornelius,

253 3145 462 3200 militiae
485 3147 903 3210 abrenuntians,
937 3145 1237 3215 discipulus
1264 3147 1629 3214 apostolorum
1660 3142 1826 3197 eliici-
1875 3179 1881 3186 .

255 3247 364 3298 tur,
397 3247 449 3291 et
473 3238 539 3290 ab
565 3239 766 3292 eisdem
793 3238 1074 3308 episcopus
1105 3238 1360 3293 Caesareae
1389 3237 1695 3306 ordinatur.
1723 3234 1840 3302 Qui“
1863 3247 1909 3308 ε

253 3330 390 3396 apud
427 3331 669 3384 eamdem
720 3329 904 3383 urbem
937 3329 1113 3384 ollicio
1161 3315 1579 3399 pradicationis
1604 3327 1833 3383 lideliter

254 3432 492 3490 peracto,
518 3425 808 3477 sanctitate
837 3410 1174 3492 conspicuus
1225 3424 1291 3475 ad
1333 3421 1608 3476 Christum
1641 3421 1836 3491 migra-

253 3517 330 3568 vit
363 3530 378 3567 :
418 3516 598 3584 ibique
620 3515 857 3586 sepultus
883 3515 1087 3585 quievit
1113 3529 1165 3569 tv
1198 3513 1378 3578 Nonas
1401 3513 1699 3570 Februarii.
1738 3531 1758 3564 ›

260 3687 263 3690 -
331 3650 386 3705 5.
419 3650 496 3704 lix
527 3649 610 3704 his
641 3649 807 3705 refelli
828 3658 1009 3721 potest
1039 3649 1180 3719 quod
1210 3649 1302 3704 lib.
1329 3665 1358 3703 ι
1382 3647 1831 3718 Recoguitionum

258 3743 550 3798 Clementis
581 3754 854 3808 narratur,
881 3743 1098 3798 Simone
1123 3741 1277 3812 Mago
1307 3741 1608 3797 Antiochia
1643 3741 1702 3796 S.
1731 3740 1835 3796 Pe-

258 3845 397 3889 trum
437 3835 716 3890 absentem
756 3836 1102 3900 criminante,
1162 3847 1324 3904 atque
1363 3835 1667 3891 Ecclesiarn
1699 3850 1830 3889 cou-

257 3928 526 4004 turbante,
589 3929 1016 3999 «supervenisse
1071 3927 1378 3984 Cornelium
1435 3929 1832 3989 centurionem,

257 4022 481 4095 missum
529 4037 558 4076 a
602 4021 818 4077 Caesare
854 4021 920 4076 ad
965 4022 1247 4092 praesidem
1300 4020 1584 4089 Caesareae,
1634 4020 1833 4090 publici

258 4114 455 4182 negotii
496 4112 708 4184 gratia;
744 4131 763 4166 ι
801 4122 856 4168 et
876 4113 997 4183 quin
1032 4123 1321 4185 agerentur
1351 4115 1626 4180 edoctum,
1655 4114 1835 4186 spargi

258 4219 528 4260 rumorem
558 4221 799 4270 curasse,
835 4207 958 4276 quia
985 4206 1169 4260 Caesar
1205 4209 1257 4260 in
1282 4207 1414 4261 urbe
1446 4206 1616 4272 Roma
1647 4217 1699 4262 et
1743 4221 1839 4276 per

256 4297 565 4366 provincias
615 4299 889 4354 maleﬁcos
918 4301 1116 4368 inquiri
1144 4298 1372 4376 jusserit
1416 4313 1481 4352 ac
1514 4297 1726 4368 perimi,
1754 4313 1834 4361 se,

257 4395 318 4472 nt
349 4387 512 4442 istum
540 4403 752 4457 magum
782 4399 1022 4459 caperet,
1054 4389 1288 4452 venisse,
1313 4395 1366 4442 et
1390 4385 1461 4441 ob
1483 4387 1583 4442 hoc
1609 4385 1834 4440 missum

257 4493 287 4532 a
315 4478 549 4534 Caesare.
585 4500 604 4534 ›
632 4480 732 4548 Qui
761 4481 914 4546 dolus
936 4479 1166 4534 feliciter
1187 4480 1447 4545 evenerit,
1471 4495 1534 4534 ac
1562 4478 1836 4533 Simonem

257 4585 319 4624 ea
346 4569 488 4625 fama
517 4574 870 4633 conterritum
905 4572 1029 4626 inde
1061 4569 1285 4640 fugarit.
1333 4571 1414 4625 Au
1456 4579 1635 4640 tamen
1661 4571 1836 4625 conti-
1867 4608 1916 4667 Β

259 4679 368 4718 nuo
394 4674 454 4717 ut
502 4664 804 4734 baptizatus
834 4674 916 4718 est
942 4663 1264 4726 Cornelius,
1326 4663 1573 4717 nuntium
1630 4662 1837 4723 militiae

259 4757 559 4823 remiserit;
589 4773 655 4810 an
689 4757 935 4812 idoneam
967 4757 1085 4825 ejus
1121 4757 1200 4810 rei
1253 4757 1710 4826 Opportunitatem
1742 4768 1838 4809 ex-

257 4850 540 4920 spectarit,
567 4849 621 4902 in
665 4850 896 4904 obscuro
921 4859 1025 4905 est.
1056 4850 1308 4917 Ejusdem
1358 4848 1656 4904 Clementis
1708 4863 1839 4918 apo-

258 4941 575 4996 stolicarum
599 4941 894 5006 Constitui.
919 4941 1009 4996 lib.
1048 4957 1142 5006 vn,
1172 4957 1293 5009 cap.
1315 4941 1382 4994 47
1408 4941 1657 5008 habetur,
1696 4940 1841 4996 «Za-

258 5035 492 5098 chamm,
527 5035 618 5104 qui
647 5043 803 5088 antea
837 5033 1016 5088 fuerat
1067 5034 1409 5102 publicanus,
1444 5034 1678 5104 primum
1725 5036 1839 5102 epi-

259 5142 482 5194 scopum
511 5128 774 5182 Cmsarea:
798 5126 1092 5182 Palat-stium
1128 5127 1292 5182 fuisse
1318 5144 1332 5181 :
1363 5127 1490 5184 huic
1508 5128 1839 5184 successisse

259 5219 594 5281 Cornelium,
629 5226 681 5272 et
709 5220 834 5274 huic
869 5235 1057 5280 rursus
1081 5220 1296 5274 tertium
1330 5220 1639 5290 episcopum
1665 5219 1839 5276 Theo-

260 5309 488 5380 philum.
523 5329 542 5362 ι
591 5308 812 5376 Verum,
854 5321 911 5365 ut
943 5312 1066 5366 alibi
1117 5312 1373 5378 diximus,
1405 5327 1525 5389 quae
1573 5330 1638 5368 eo
1665 5314 1840 5385 capite

260 5403 594 5464 referuntur,
625 5402 766 5457 haud
796 5403 930 5458 satis
978 5404 1206 5458 veritate
1258 5405 1510 5460 videntur
1540 5407 1686 5474 nixa,
1720 5419 1775 5460 ut
1808 5426 1836 5462 a

259 5493 539 5550 Clemente
592 5495 794 5564 scripta
829 5497 1154 5564 credantur;
1192 5497 1296 5551 nisi
1337 5497 1404 5551 ab
1439 5499 1622 5568 aliquo
1652 5499 1839 5554 inter-

257 5585 440 5656 polata
466 5585 750 5639 fateamur.
772 5586 848 5640 Ac
869 5585 923 5639 S.
946 5584 1273 5656 Theophilus
1286 5588 1501 5657 quidem
1532 5589 1841 5645 Caesareen-

260 5679 339 5733 sis
372 5679 657 5756 episcopus
684 5680 786 5733 sub
819 5679 1018 5733 Severo
1049 5680 1293 5747 principe
1324 5682 1527 5747 ﬂoruit,
1560 5693 1618 5736 ut
1647 5699 1674 5734 v
1700 5679 1840 5736 Mar-

263 5769 322 5824 tii
346 5771 587 5824 dicemus
617 5786 684 5824 ex
708 5770 848 5826 libro
875 5769 932 5824 S.
965 5769 1282 5842 Hiemnymi
1321 5771 1398 5827 De
1429 5773 1595 5828 illusi.
1633 5773 1836 5831 Eccles.

262 5861 445 5941 script.
481 5860 745 5932 Utileque
770 5862 1021 5917 Cornelio
1051 5865 1401 5932 successisse,
1440 5866 1542 5921 nisi
1577 5865 1735 5936 longo
1769 5885 1837 5924 ex

558 5954 832 6032 Ρᾼτιιοι..
864 5962 982 6035 Gn.
1005 5959 1218 6035 CXIV.

1919 622 2136 690 Traiani
2192 637 2334 680 anno
2364 629 2612 674 mortuus
2639 628 2743 681 est,
2780 619 2895 688 ejus
2924 619 3036 672 fieri
3072 617 3289 672 mentio.

1954 721 1960 726 ‘
1989 711 2042 765 6.
2075 712 2205 764 Acta
2241 710 2297 762 S.
2323 709 2561 764 Cornelii
2611 710 2752 778 (qua:
2781 725 2846 764 ex
2874 709 3262 763 vetustioribus
3313 721 3474 760 moun

1921 805 2119 856 mentis
2147 802 2499 870 descripsisse
2529 801 2849 870 Symeonem
2880 801 3278 868 Metaphrasten
3313 799 3493 852 faletm

1935 890 2232 956 Baronius;
2268 908 2366 950 nos
2402 891 2470 944 ab
2508 891 2729 960 Aloysio
2762 890 3075 960 Lipomano,
3107 892 3229 944 dein
3262 905 3290 943 a
3320 891 3482 944 Snrio

1921 985 2088 1051 edita,
2145 999 2267 1051 cum
2305 999 2406 1040 ms.
2445 983 2636 1041 Graeco
2668 974 3007 1040 biblimhecze
3050 984 3503 1056 Christianissimi

1923 1075 2066 1146 regis
2104 1075 2295 1134 collata
2321 1075 2404 1130 hic
2427 1074 2666 1148 damus),
2697 1090 2782 1148 ea,
2807 1076 3196 1145 inquam,Acta
3229 1070 3504 1146 cpismpa.

1925 1177 2012 1222 tus
2069 1165 2431 1228 Caesareensis
2506 1181 2610 1220 non
2677 1165 3057 1222 meminerunt.
3131 1166 3314 1221 Solum
3345 1165 3508 1220 Petro

1885 1297 1889 1300 .
1925 1257 2238 1326 aliquandiu
2261 1257 2561 1321 adhaesisse
2586 1259 2836 1325 comitem
2887 1260 3336 1330 peregrinationis
3365 1259 3508 1314 refe-

1926 1357 2075 1414 runt,
2102 1350 2168 1404 ab
2199 1363 2373 1419 eoque
2402 1353 2469 1405 ad
2513 1349 2884 1420 Scepsmornm
2937 1351 3213 1405 civitatem
3259 1353 3506 1424 missum,

1927 1455 1999 1495 ac-
2021 1441 2184 1494 multa
2217 1456 2530 1512 perpessum
2564 1443 2929 1509 incommoda,
2960 1444 3142 1502 multis
3168 1444 3371 1503 clarum
3409 1448 3510 1498 ιιιὶ-

1926 1534 2147 1600 raculis,
2185 1534 2458 1590 Demetrio
2493 1536 2722 1606 principi
2761 1551 2824 1591 ac
2852 1523 3058 1606 populo
3108 1537 3221 1592 fere
3253 1538 3509 1604 universo

1926 1625 2053 1686 ﬁdei
2087 1626 2442 1695 suscipiendae
2490 1637 2766 1682 auctorem
2823 1629 3118 1685 exstitisse.
3167 1629 3223 1683 lu
3283 1645 3344 1684 ea
3379 1645 3505 1692 vero

1928 1715 2194 1782 oratione,
2231 1731 2334 1786 qua
2368 1717 2426 1772 S.
2468 1719 2614 1773 Petri
2645 1721 2962 1784 certamina,
2991 1721 3222 1786 labores,
3259 1722 3504 1792 peregri-

1930 1808 2175 1864 nationes
2209 1810 2520 1880 cemplexus
2544 1811 2681 1866 idem
2715 1822 2800 1866 est
2831 1811 3364 1888 Metaphrastes,seu
3392 1815 3512 1880 quis

1853 1893 1901 1952 B
1931 1899 2071 1954 alius
2105 1912 2293 1955 auctor
2333 1905 2472 1972 apud
2520 1903 2878 1973 Lipomanum
2909 1895 2967 1960 iet
2999 1905 3216 1961 Surium
3248 1922 3381 1960 uix
3409 1904 3513 1959 Ju~

1927 1995 2023 2058 nii,
2068 1993 2263 2049 dicitur
2295 1993 2488 2049 Petrus
2539 2004 2821 2065 postquam
2881 2012 2910 2050 e
2962 2011 3202 2070 carcere,
3261 1997 3314 2060 in
3353 2012 3512 2070 quem

1925 2086 2077 2140 illum
2114 2087 2356 2142 Herodes
2391 2088 2719 2158 coniecerat,
2771 2089 2996 2144 eductus
3045 2089 3114 2144 ab
3157 2091 3348 2160 angelo
3405 2093 3537 2167 est,‘

1934 2197 1952 2229 ι
1989 2180 2206 2234 venisse
2253 2177 2556 2241 Caesaream
2594 2181 2885 2250 Stratonis,
2915 2202 2933 2235 ι
2988 2183 3076 2238 ubi
3111 2194 3268 2237 antea
3308 2183 3513 2244 Cornea

1927 2271 2056 2325 lium
2090 2271 2413 2344 baptizarat,
2450 2292 2468 2327 ι
2497 2281 2552 2328 ει
2579 2289 2645 2328 ex
2671 2275 2760 2339 iis,
2796 2277 2888 2343 qui
2919 2276 3091 2344 ipsum
3121 2277 3511 2351 sequebantur,

1926 2364 2254 2434 presbyteris
2277 2365 2585 2437 episcopum
2619 2367 2689 2421 ibi
2722 2368 3108 2424 constituisse:
3149 2389 3167 2420 ι
3203 2379 3325 2441 post
3349 2383 3516 2433 annos

1924 2451 2122 2512 deinde
2176 2455 2416 2524 aliquot,
2471 2455 2654 2511 multis
2703 2457 2943 2514 IuStratis
2991 2459 3235 2522 urbibus,
3307 2459 3513 2512 venisse

1934 2560 1953 2592 ‹
1992 2542 2171 2607 ilium,
2203 2545 2475 2598 civitatem
2523 2544 2880 2616 Hellesponti,
2913 2562 3099 2617 eoque.
3138 2549 3190 2602 in
3231 2548 3345 2602 loco
3378 2548 3516 2611 Cor:

1931 2634 2130 2694 nelinm
2163 2635 2532 2692 centurionem
2565 2640 2877 2706 episcopum
2909 2641 3273 2695 constituisse.
3315 2659 3332 2690 ι

2001 2726 2208 2792 7._lnde
2257 2729 2504 2784 fortassis
2558 2739 2843 2784 revocatus
2902 2741 2986 2784 εει
3033 2729 3360 2793 Caesaream,
3413 2731 3486 2784 Za

1931 2818 2103 2884 clueo,
2140 2832 2236 2872 seu
2280 2833 2385 2887 quo
2417 2811 2522 2872 alio
2563 2819 2680 2888 ejus
2712 2820 2862 2880 urbis
2891 2821 3159 2887 antistite,
3195 2822 3512 2896 decedente.

1933 2907 2135 2964 Scribit
2179 2910 2448 2968 Baronins
2481 2911 2532 2964 in
2564 2910 2690 2978 Not.
2723 2915 2788 2968 ad
2818 2913 3094 2984 Martyrol.
3132 2933 3149 2964 ι
3185 2915 3369 2969 sedem
3401 2913 3516 2976 Ca»

1932 2994 2253 3070 Sarienseni,
2298 3017 2361 3058 ea
2395 3005 2710 3078 occasione,
2743 3007 2884 3075 quod
2908 3021 2973 3060 ex
3001 3009 3355 3061 conversione
3384 3005 3519 3069 Cor-

1933 3094 2060 3149 nelii
2080 3093 2213 3165 (Deo
2245 3095 2517 3168 monente)
2537 3096 2645 3152 illic
2672 3097 2905 3166 primum
2935 3107 3176 3169 apertum
3206 3081 3288 3154 est
3317 3096 3518 3170 osdnm

1941 3185 2064 3242 fldei
2089 3190 2358 3258 gentibus,
2395 3191 2662 3247 meruisse
2692 3184 2954 3262 singulari
2988 3194 3342 3265 praerogativa
3371 3193 3518 3250 exal-

1943 3281 2066 3348 tari,
2109 3288 2168 3335 ut
2201 3296 2306 3338 non
2333 3281 2842 3355 llierosolymitana,
2874 3285 2969 3343 sed
2998 3286 3110 3352 ipsa
3139 3287 3292 3348 lieret
3320 3295 3522 3353 metro-,-

1938 3361 2075 3439 polis
2106 3369 2428 3428 Palaestinae.
2471 3391 2491 3424 ι
2549 3372 2668 3437 Fuit
2699 3389 2830 3439 sane
2862 3374 3106 3439 Caesarea
3135 3375 3264 3428 olim
3317 3386 3520 3429 metro-

1939 3460 2079 3530 polis
2126 3461 2462 3545 Palaastinre,
2512 3465 2671 3534 eique
2722 3465 2964 3534 subjecta
3026 3465 3422 3537 Hierosolyma,
3463 3477 3520 3520 ut

1939 3563 2085 3624 patet
2108 3571 2175 3610 ex
2207 3571 2415 3612 canone
2449 3557 2480 3610 7
2519 3557 2733 3626 concilii
2784 3559 3009 3626 Sicani,
3071 3560 3164 3628 qui
3205 3561 3278 3613 ita
3311 3559 3471 3614 habet
3502 3577 3515 3636 :_

1915 3663 1965 3700 ,ι
1994 3643 2130 3712 Quia
2160 3647 2494 3714 consuetudo
2520 3649 2778 3716 obtinuit,
2813 3659 2869 3707 et
2902 3653 3123 3722 antiqua
3173 3650 3412 3715 traditio,
3464 3662 3522 3722 ut

1940 3733 2101 3806 Aflliae
2130 3739 2422 3810 episcopus
2463 3742 2784 3808 honoretur,
2836 3744 3032 3804 habeat
3073 3743 3298 3818 honoris
3332 3757 3520 3797 conse-

1941 3830 2262 3898 quentiam,
2330 3832 2478 3896 salva
2534 3834 2818 3906 metropoli
2886 3836 3105 3905 propria
3169 3836 3512 3906 dignitate;

1941 3920 2258 3981 Theodorus
2283 3923 2590 3994 Balsamon,
2625 3927 2680 3981 in
2707 3927 2931 3994 scholiis
2962 3928 3014 3981 in
3050 3928 3192 3982 hunc
3233 3941 3298 3981 ac
3326 3941 3522 3995 prince-

1941 4015 2153 4083 dentem
2193 4012 2486 4084 canonem,
2518 4030 2664 4076 recte
2686 4020 3080 4077 monetjEliatn
3105 4020 3301 4074 dictam
3330 4019 3516 4083 urbem

1941 4103 2458 4177 Hierosolymorum,
2487 4111 2630 4179 quod
2654 4112 2722 4165 ab
2771 4111 2917 4166 [Elio
2943 4111 3184 4166 Adriano
3216 4105 3517 4178 iu'staurata

1940 4211 2105 4256 esset.
2133 4199 2203 4261 At
2235 4200 2377 4257 finde
2406 4203 2788 4273 hallucinatur,
2823 4219 2945 4258 cum
2985 4204 3176 4260 scribit
3205 4220 3268 4256 eo
3313 4219 3520 4272 canone
3575 4191 3580 4196 ’

1940 4290 2159 4346 decerni
2206 4312 2224 4352 ι
2256 4304 2315 4346 ιιι
2341 4295 2626 4363 metropoli
2643 4293 2904 4350 Caesarea:
2938 4311 3033 4350 sua
3055 4295 3178 4362 jura
3209 4307 3514 4362 serventur,

1939 4382 2152 4447 etiamsi
2182 4385 2249 4437 ab
2272 4397 2333 4438 ea
2364 4383 2506 4450 Elia
2542 4386 2818 4440 abstracta
2867 4387 2958 4454 sit,
3003 4395 3056 4441 et
3085 4387 3378 4453 honoratus
3403 4389 3520 4455 ejus

1939 4475 2274 4542 patriarcha,
2308 4485 2530 4545 propter
2546 4475 2878 4531 salutiferam
2909 4476 3113 4532 Christi
3150 4478 3512 4546 passionem.»

1941 4563 2151 4638 Melius
2203 4583 2466 4622 canonem
2499 4567 2776 4635 Nieaanum
2839 4569 3110 4624 intellexit
3166 4571 3521 4640 proiiinqnior

1945 4659 2052 4724 illis
2078 4661 2411 4728 temporibus
2436 4661 2815 4733 Hieronymus.
2867 4661 2918 4727 ls
2952 4679 3041 4734 ep.
3073 4663 3131 4720 6i
3168 4664 3235 4718 ad
3265 4661 3520 4717 Paulina-

1943 4753 2128 4807 cilium
2186 4754 2448 4810 adversus
2496 4770 2710 4811 errores
2770 4754 2993 4820 Joannis
3046 4755 3518 4827 llierosolyinitani

1943 4859 2058 4914 cap.
2094 4845 2160 4899 15
2210 4846 2282 4900 ita
2314 4847 2503 4914 scribit
2539 4866 2553 4900 :
2595 4866 2614 4898 ›
2649 4847 2728 4902 Tu
2759 4849 2848 4918 qui
2881 4849 3094 4919 regulas
3121 4851 3317 4918 qumris
3349 4849 3521 4904 eccle-

1942 4937 2211 5004 siasticas,
2268 4950 2320 4994 et
2371 4940 2570 4994 Neaeni
2628 4941 2842 5000 concilii
2898 4944 3192 4998 canouibus
3245 4946 3433 5009 uteris,
3467 4953 3522 4998 et

1942 5029 2146 5094 alienos
2177 5031 2423 5097 clericos,
2445 5042 2497 5086 et
2524 5047 2643 5096 cuin
2668 5033 2782 5086 suis
2803 5033 3072 5103 episcopis
3093 5046 3515 5101 commorantes,

1943 5123 2130 5176 niteris
2153 5138 2441 5193 usurpare,
2478 5124 2742 5192 responde
2777 5126 2906 5179 mihi
2934 5145 2947 5179 :
2987 5128 3065 5180 Ad
3091 5127 3516 5186 Alexandrinum

1942 5215 2255 5284 episcopum
2285 5215 2569 5281 Paliestina
2603 5216 2730 5285 quid
2783 5219 3054 5286 pertinet?
3093 5219 3157 5273 Ni
3203 5221 3380 5288 failor,
3414 5224 3516 5296 hoc

1943 5317 2017 5376 ibi
2062 5318 2390 5385 decernitur,
2453 5330 2510 5374 ut
2559 5319 2860 5374 Palaestinae
2917 5321 3232 5391 metropolis
3267 5321 3514 5386 Caesarea

1943 5413 2034 5472 sit.
2065 5431 2084 5463 ›
2118 5412 2255 5479 Qdin
2283 5422 2337 5466 et
2365 5412 2424 5467 S.
2459 5413 2568 5468 Leo
2604 5413 2624 5465 ι
2653 5429 2790 5482 papa
2821 5415 2981 5484 epist.
3015 5415 3084 5468 6'2
3117 5415 3180 5468 ad
3223 5414 3514 5477 Maximum

1943 5503 2336 5558 Antiochenum
2369 5507 2537 5571 episc.
2581 5507 2703 5560 data
2753 5504 3004 5576 Opilione
3047 5504 3111 5560 γ.
3149 5505 3231 5558 Cl.
3266 5503 3395 5557 Cos.
3427 5519 3514 5557 an.

1917 5595 2073 5649 'Chr.
2104 5595 2232 5659 455,
2263 5595 2578 5651 Juvenalcm
2607 5599 2920 5669 episc0pum
2969 5587 3516 5666 Hierosolymttanum

1945 5687 2310 5759 reprehendit,
2375 5709 2393 5741 ι
2427 5691 2495 5745 ad
2531 5693 2882 5747 obtinendum
2918 5690 3218 5744 Palaestinze
3249 5689 3518 5758 priueipa:

1949 5791 2056 5833 tum
2080 5779 2430 5848 aspirantem,
2481 5793 2534 5835 et
2563 5781 2856 5837 insolentes
2902 5796 3067 5835 ausus
3107 5795 3203 5850 per
3241 5794 3517 5843 common:

1950 5873 2064 5927 titia
2120 5871 2318 5940 scripta
2355 5871 2678 5927 (innantem.
2712 5891 2731 5925 ι
2775 5871 2962 5927 Postea
3013 5885 3213 5933 tamen,
3246 5879 3513 5950 annuente

3042 5967 3105 6030 41
