3820 6468
349 382 482 446 1291

1587 385 1871 448 MENSIS
1910 384 2424 449 FEBRUAR‘IUS.

3481 389 3626 456 1292

343 511 591 565 Romano
628 507 901 577 pontiilce,
936 506 1285 578 patriarcbali
1325 506 1481 562 titulo
1519 514 1573 561 et
1602 507 1927 562 auctoritate
1957 512 2003 571 Α
2032 506 2368 563 Allissimum
2432 504 2757 576 invisibilem
2806 506 2999 575 Deum,
3048 508 3292 579 Corneli,
3350 511 3626 571 ferventer

342 611 534 657 ornata
598 608 681 656 est
728 601 885 655 sedes
939 598 1450 670 llierosulymitana.
1499 599 1568 653 At
1609 614 1714 653 non
1749 600 1819 653 ob
1844 614 1936 655 so-

343 692 448 749 lam
494 694 740 749 conversi
772 692 935 748 isthic
960 691 1195 747 Cornelii
1242 692 1583 757 memoriam,
1612 702 1772 748 antea
1816 684 1930 747 me-

344 786 904 859 tropolisPalatstinze
934 796 1052 841 erat
1087 784 1333 841 Caesarea
1361 804 1374 852 ;
1408 788 1500 842 sed
1554 787 1703 857 quia,
1762 805 1782 840 ι
1816 787 1931 855 ipsa

337 879 539 936 Iudaeae.
569 879 807 934 maxima
839 879 969 933 urbs
992 888 1131 942 erat,
1159 896 1179 932 ι
1212 879 1288 932 uti
1330 879 1524 934 scribit
1547 877 1819 947 .losephus
1850 875 1927 930 De

341 973 475 1028 bello
514 972 731 1027 Judat'c.
763 970 858 1026 lib.
892 986 976 1037 Ill,
1008 983 1133 1040 cap.
1168 971 1257 1033 14,
1285 971 1385 1024 sub
1427 972 1608 1033 linem,
1638 981 1725 1025 ast
1752 972 1802 1024 in
1830 971 1930 1025 Ba-

342 1063 566 1119 sileensi
604 1062 791 1119 Graeca
833 1063 964 1118 edit.
994 1077 1083 1117 an.
1139 1062 1280 1118 1511
1338 1062 1498 1117 initio
1545 1063 1739 1133 capitis
1778 1062 1925 1117 285:

342 1153 472 1211 licet
496 1155 769 1210 Ammiani
812 1153 1108 1209 Marcellini
1149 1169 1264 1208 aevo
1308 1156 1537 1224 egregiae
1562 1169 1777 1225 quoque
1811 1153 1928 1208 alia}

339 1253 523 1300 essent
568 1247 767 1311 urbes,
816 1244 1290 1313 Eleutlteropolis,
1347 1242 1623 1313 Neapolis,
1665 1243 1923 1309 Ascalon,

338 1337 508 1396 Gaza.
1889 1342 1897 1350 ’

410 1432 465 1487 8.
500 1430 675 1488 (ἔτπεί
725 1428 1036 1485 Cornelium
1095 1428 1410 1485 solemniter
1462 1438 1792 1484 venerantur
1826 1444 1925 1484 xm

341 1523 699 1595 Septembris,
736 1533 792 1579 ut
833 1533 984 1594 patet
1022 1537 1090 1579 ex
1118 1521 1420 1595 Menologio
1453 1532 1506 1597 et
1555 1522 1793 1585 Menaeis,
1831 1523 1920 1577 ubi

343 1627 521 1673 tamen
547 1615 914 1673 Ctesareensis
946 1614 1223 1671 cathedrae
1270 1613 1475 1670 mentio
1521 1613 1689 1668 nulla.
1720 1611 1917 1669 Mcnaea

341 1720 626 1781 postquam
657 1710 916 1773 retulere,
954 1709 1013 1765 8.
1057 1707 1280 1764 Petrum
1333 1707 1383 1764 ei
1414 1707 1683 1763 catecbesi
1711 1707 1917 1761 imbuto

340 1803 605 1874 baptisma
639 1803 986 1871 impertiisse,
1015 1803 1286 1858 subdunt:
1319 1800 1418 1873 τὴν
1451 1800 1789 1871 προεξασίαν
1815 1801 1915 1871 τῆς

340 1896 631 1961 Σκέπάεως
678 1895 886 1959 πόλεως
929 1893 1249 1965 ἐγχειρίζει,
1307 1909 1326 1945 t
1355 1890 1734 1962 pra-lecturum
1783 1887 1913 1944 Sce-

341 2006 498 2061 pseos
527 1990 675 2046 urbis
709 1989 781 2044 illi
812 1987 1123 2051 committit,
1158 2004 1177 2038 ι
1217 1984 1361 2055 quod
1392 1999 1516 2039 cum
1564 1983 1718 2039 Actis
1744 1996 1772 2036 a
1800 1981 1913 2036 Me-

339 2084 616 2155 taphraste
654 2080 939 2152 descriptis
967 2078 1254 2135 consentit.
1294 2076 1535 2131 Raderus
1565 2075 1761 2130 vertit:
1802 2073 1912 2128 «ll-

336 2173 482 2244 lique
537 2171 842 2243 (Casarete)
873 2169 1024 2225 urbis
1071 2183 1258 2225 curam
1293 2177 1347 2221 et
1405 2165 1783 2235 praefecturam
1831 2165 1908 2233 (in

335 2267 496 2323 rebus
530 2265 673 2335 lidei)
710 2262 1022 2319 commisit:
1060 2275 1221 2331 quam
1254 2257 1541 2314 Cornelius
1591 2272 1712 2312 cum
1741 2267 1908 2311 totam

336 2357 497 2413 idolis
520 2356 789 2413 addictam
826 2349 1142 2417 invenisset,
1172 2366 1268 2422 per
1297 2350 1502 2406 Christi
1531 2349 1757 2420 gratiam
1780 2363 1928 2421 con:

332 2464 541 2504 versam
570 2458 761 2510 totam,
808 2446 1051 2513 adeoque
1086 2444 1264 2513 ipsum
1313 2442 1465 2497 urbis
1492 2450 1777 2513 praztorem
1803 2440 1908 2495 De-

333 2541 582 2596 metrium
635 2554 759 2593 cum
818 2542 928 2591 tota
959 2535 1120 2592 domo
1172 2534 1227 2589 in
1261 2532 1538 2589 Christum
1594 2515 1906 2587 credentem

330 2646 487 2687 sacro
509 2630 655 2685 fonte
685 2627 957 2682 lustravit.
988 2623 1272 2681 Cornelius
1298 2623 1511 2677 demum
1540 2624 1646 2675 vita
1683 2629 1907 2691 aposto-

331 2724 434 2777 lico
490 2734 640 2776 more
688 2732 907 2790 peracta
954 2717 1017 2771 ad
1060 2716 1348 2771 Dominum
1402 2715 1711 2781 emigravit.
1757 2731 1777 2765 ι
1837 2713 1907 2766 At

329 2815 552 2885 Scepsin
586 2814 633 2867 ei
686 2812 1031 2867 cotuntissam
1079 2817 1328 2864 asserunt
1380 2808 1536 2862 Acta.
1595 2804 1721 2860 Fuit
1775 2805 1907 2860 urbs

326 2905 650 2979 episcopalis
675 2906 728 2959 in
758 2903 1132 2974 Hellesponto,
1162 2900 1238 2956 uti
1270 2898 1442 2955 Troas
1464 2907 1517 2955 et
1548 2897 1724 2954 Ilium.

428 3041 456 3113 ς
501 3038 588 3095 lli.
634 3037 693 3094 S.
718 3036 949 3094 Cornelii
981 3035 1208 3100 labores,
1234 3034 1515 3099 miracula,
1556 3033 1810 3088 inventio.

2037 597 2332 662 invocasti,
2389 605 2444 652 et
2494 588 2988 654 abominaudorum
3044 599 3309 657 idolorum
3367 605 3622 675 templum

2041 687 2284 743 funditus
2309 687 2577 754 evertisti,
2626 688 2935 745 vehementi
2972 691 3254 748 hominum
3306 695 3627 751 admiratio-

2035 793 2125 834 ne.
2153 777 2558 851 omnipotentis
2585 795 2829 836 servans
2848 784 3127 850 mandata,
3150 795 3206 839 et
3231 786 3348 855 ipse
3375 786 3621 847 servatus

2016 885 2147 951 es:
2205 872 2414 926 vincula
2475 874 2819 941 sustinuisti,
2887 884 2943 930 et
3003 877 3319 948 insipientes
3371 879 3621 936 homines

2030 964 2264 1020 vinculis
2292 964 2740 1035 superstitionum
2768 968 3000 1035 solvisti,
3028 985 3062 1023 ο
3091 971 3411 1040 theosophe.
3445 990 3465 1023 ι

2105 1057 2191 1113 1ο.
2223 1057 2541 1127 Sepulcrum
2567 1074 2783 1129 quoque
2810 1061 2957 1118 illius
2982 1062 3285 1132 celebrant,
3308 1075 3365 1119 et
3404 1075 3614 1134 patrata

2029 1151 2096 1205 ad
2124 1151 2250 1206 illud
2284 1151 2564 1206 miracula.
2616 1152 2817 1207 Domus
2847 1153 2962 1221 ejus
3009 1156 3218 1237 0.!Slilll
3244 1156 3529 1220 Caesarem,
3553 1157 3612 1212 S.

2028 1243 2340 1316 Hieronymi
2365 1254 2547 1310 :ctate,
2578 1246 2671 1319 sed
2700 1247 2753 1302 in
2792 1249 3046 1318 templum
3080 1264 3345 1305 conversa
3379 1269 3393 1306 :
3427 1251 3610 1321 sepul-

2026 1335 2103 1389 cri
2135 1349 2197 1391 ac
2228 1336 2578 1407 reliquiarum
2620 1339 2766 1393 nulla
2817 1342 2957 1409 apud
3009 1356 3132 1395 eum
3189 1344 3478 1397 memoria.
3534 1343 3607 1396 lta

2025 1429 2397 1499 set-ibitepist.
2429 1430 2519 1496 27,
2547 1432 2662 1487 sive
2687 1433 2737 1495 in
2764 1431 2885 1488 Vita
2927 1433 2987 1490 S.
3022 1433 3225 1499 Paulae,
3272 1451 3434 1507 quam
3486 1452 3609 1492 xm

2021 1517 2268 1592 Januarii
2320 1522 2589 1606 dedimus,
2616 1540 2739 1594 cap.
2770 1525 2823 1590 2,
2864 1542 2920 1579 n.
2968 1526 3022 1593 8,
3052 1527 3142 1580 ubi
3175 1528 3294 1582 loca
3330 1529 3601 1583 maritima

2000 1609 2322 1668 -Pal;estin:e
2343 1626 2651 1681 enumerat,
2679 1631 2799 1684 qua:
2835 1616 3002 1671 Paula
3033 1616 3466 1690 Hierosolymam
3493 1629 3609 1674 teu-

2021 1706 2152 1760 dens
2174 1705 2430 1779 lustravit
2463 1725 2475 1760 :
2511 1726 2530 1759 ι
2565 1707 2802 1764 Etvcrsa
2824 1706 2941 1765 vice
2964 1710 3178 1780 (mirata
3202 1697 3605 1772 estYStratonis

2022 1795 2235 1860 turrim,
2272 1798 2340 1852 ab
2398 1796 2607 1854 llerode
2665 1816 2789 1870 rege
2839 1798 3042 1856 Judazae
3076 1802 3130 1856 in
3173 1803 3436 1857 honorem
3493 1802 3604 1857 Cae-

2016 1888 2158 1942 saris
2187 1888 2407 1964 Augusti
2437 1890 2739 1947 Czcsareatn
2778 1902 3164 1964 nuncupatam,
3188 1894 3242 1949 in
3268 1909 3378 1965 qua
3400 1892 3599 1954 Corne-

2015 1978 2072 2032 lii
2105 1978 2347 2045 domuut,
2392 1982 2593 2048 Christi
2644 1984 2777 2041 vidit
2811 1987 3120 2060 ecclesiam.
3156 2004 3175 2037 ι
3235 1985 3347 2041 Cur
3394 2002 3501 2045 non
3548 1999 3601 2041 et

2013 2074 2362 2141 sepulcrum?
2411 2077 2574 2146 Atqui
2627 2077 2754 2145 hoc,
2803 2089 2861 2133 ut
2905 2080 3114 2135 Menam
3143 2080 3366 2143 habent,
3411 2100 3429 2131 I
3460 2081 3598 2135 velut

2012 2162 2133 2221 fons
2158 2166 2436 2237 profundit
2460 2169 2609 2242 large
2654 2172 2966 2229 curationes
3000 2173 3269 2238 ﬁdelibus,
3305 2172 3474 2244 abigit
3506 2188 3597 2227 ne-

2011 2271 2173 2328 quam
2184 2259 2429 2330 spiritus,
2444 2262 2818 2335 illuminatque
2832 2265 3074 2321 omnium
3088 2265 3303 2328 oculos,
3319 2265 3410 2334 qui
3431 2267 3480 2318 in
3494 2264 3597 2321 ﬁde

2011 2364 2132 2405 eum
2156 2351 2395 2409 laudant.
2421 2374 2443 2408 ι
2493 2354 2658 2411 ltem:
2693 2375 2714 2408 ο
2741 2358 2971 2428 Semper
3001 2358 3235 2414 scaturis
3262 2358 3592 2423 torrentibus

2010 2446 2371 2514 curationum,
2390 2442 2655 2504 humanas
2676 2448 3024 2526 :egritudines
3047 2450 3355 2525 detergens.
3388 2475 3407 2509 ι
3429 2457 3592 2510 Dein:

1980 2604 1983 2607 ἰ
2015 2558 2034 2592 t
2057 2539 2337 2595 Exaltatus
2364 2541 2654 2597 virtutibus
2682 2556 2763 2607 es,
2793 2544 3070 2613 praecelsa:
3092 2546 3239 2601 cedri
3270 2548 3321 2601 in
3353 2548 3589 2614 modum,

1992 2631 2466 2688 -etsuave0lentes
2514 2632 2670 2689 nobis
2708 2632 2918 2706 fruetus
2970 2636 3268 2704 protulisti,
3330 2639 3593 2694 doctrina

2008 2724 2267 2780 nimirum
2295 2726 2657 2797 largitionem,
2679 2728 2910 2798 gratiam
2931 2729 3336 2797 miraculorum,
3352 2748 3416 2786 cu
3426 2731 3587 2785 ratio-

2008 2833 2137 2872 num
2199 2817 2549 2884 ellicaciam,
2590 2821 2748 2876 beate
2780 2821 3085 2877 .hierarcha
3144 2822 3387 2878 Corneli.
3427 2843 3445 2876 ι
3507 2826 3585 2879 Ac

2008 2908 2242 2964 deinde:
2283 2926 2304 2961 ο
2334 2908 2534 2965 Natura
2588 2910 2808 2980 quidem
2849 2923 3117 2981 mortuus,
3165 2928 3263 2968 usu
3299 2930 3427 2969 vero
3456 2916 3585 2970 bea-

2008 3007 2119 3056 tum
2150 3003 2454 3073 sepulcrum
2487 3004 2819 3070 inhabitans,
2859 3005 2993 3060 illud
3033 3006 3324 3061 multorum
3349 3008 3582 3061 miracu—

2008 3091 2184 3147 lorum
2237 3093 2438 3149 fontem
2476 3094 2667 3158 elIicis,
2723 3110 2757 3150 ο
2813 3097 3031 3166 sapiens
3078 3096 3319 3164 Corneli,
3353 3108 3583 3167 aegrotos

395 3177 457 3258 9..
489 3175 687 3231 Eadem
732 3171 937 3268 Mena}!
968 3186 1076 3226 non
1118 3168 1385 3268 Caesarea:
1434 3168 1767 3268 ειξίξειῖιίεεθ,
1810 3167 1902 3268 Sid
1928 3200 1974 3263 ρ
2005 3199 2229 3248 sanans,
2250 3186 2477 3268 spiritus
2494 3186 2758 3258 malignos
2780 3188 3007 3257 abigens
3028 3189 3079 3243 in
3099 3188 3301 3257 Spiritu
3322 3199 3525 3245 sancto.
3550 3206 3575 3241 ι

325 3253 477 3324 varia
520 3265 857 3337 percurrisse
888 3263 1007 3321 loca
1038 3262 1277 3330 tradunt,
1317 3271 1371 3318 et
1402 3261 1621 3333 quidem
1676 3277 1801 3318 eum
1838 3258 1899 3316 S.

324 3362 483 3418 Petro
517 3357 797 3430 apostolo:
839 3375 859 3410 ι
897 3355 1151 3421 Maxima,
1186 3355 1471 3425 inquiunt,
1511 3356 1764 3426 dignatus
1808 3371 1900 3411 ee-

321 3452 570 3509 lebritate
619 3449 872 3515 nominis,
908 3446 1153 3512 Corneli,
1200 3462 1321 3502 cum
1352 3447 1718 3517 apostolorum
1751 3450 1900 3518 prin-

321 3549 440 3618 clpe
480 3559 541 3599 ac
591 3542 831 3614 pluribus
855 3541 998 3606 aliis,
1050 3538 1375 3607 discurristi,
1427 3540 1627 3608 ubique
1657 3540 1896 3594 divinum

320 3653 585 3711 peragens
612 3634 960 3707 praeconium,
996 3649 1091 3703 per
1118 3632 1261 3703 quod
1292 3642 1345 3687 et
1374 3633 1439 3688 ad
1475 3632 1656 3687 lumen
1700 3635 1897 3703 perdu-
1928 3656 1933 3661 -

320 3726 417 3793 cti,
447 3726 514 3780 ab
554 3726 871 3795 ignorantiae
928 3724 1164 3779 tenebris
1211 3723 1353 3779 eruti
1403 3737 1610 3779 sumus.
1646 3743 1664 3775 ι
1700 3723 1754 3779 ιιι
1790 3725 1893 3778 alia

318 3820 455 3874 ode:
494 3834 512 3869 ‹
551 3817 781 3887 Accepta
823 3816 1058 3889 Spiritus
1106 3816 1303 3885 gratia,
1362 3816 1528 3871 veluti
1581 3816 1893 3887 splendidus

316 3911 537 3981 quidam
564 3909 663 3973 sol,
703 3917 900 3962 terram
933 3906 1234 3975 illustrasti,
1259 3906 1496 3971 Corneli,
1521 3908 1744 3983 depulsa
1772 3909 1893 3963 ido-

319 4003 593 4085 lomaniaz.
620 4001 865 4069 caligine.
908 4018 926 4051 ι
990 3998 1149 4053 Alia:
1194 4018 1213 4053 t
1250 3998 1415 4067 Quasi
1471 3999 1667 4055 ﬂuvius
1702 4000 1893 4070 ingens

258 4148 275 4163 ,
316 4108 572 4168 egressus
624 4107 702 4158 es,
740 4092 980 4162 irrigans
1021 4091 1227 4148 omlesti
1280 4092 1525 4147 doctrina
1583 4092 1888 4148 universam

317 4199 477 4244 terra:
495 4184 737 4254 ~faciem,
774 4185 1093 4254 multiplicis
1146 4187 1369 4241 deorum
1418 4186 1644 4242 cultura:
1680 4188 1888 4242 zizania

314 4277 608 4343 sull'oeans,
652 4276 898 4334 Corneli.
937 4296 957 4331 ι
985 4278 1103 4334 Alia
1131 4296 1146 4334 :
1186 4296 1204 4331 ι
1230 4276 1354 4335 Toti
1384 4280 1587 4334 mundo
1616 4290 1885 4346 mortuus,

313 4370 429 4440 ejus
468 4370 558 4442 qui
592 4385 689 4441 pro
744 4369 899 4427 nobis
953 4382 1196 4427 mortuus
1248 4382 1353 4438 est,
1392 4374 1882 4440 resurrectionem,

311 4465 595 4527 omnibus,
651 4464 743 4534 qui
776 4479 871 4533 per
916 4464 1082 4519 animi
1118 4467 1401 4535 passiones
1453 4467 1652 4522 mortui
1684 4477 1879 4532 erant,

2079 3275 2163 3333 11.
2185 3275 2428 3347 Ignotum
2463 3278 2552 3333 diu
2582 3279 2632 3332 id
2666 3279 2974 3348 sepulcrum
2998 3279 3120 3347 fuit,
3149 3288 3205 3335 ut
3235 3282 3287 3334 in
3307 3281 3451 3336 Actis
3477 3288 3585 3334 tra-.

2002 3367 2188 3434 ditur;
2219 3370 2389 3424 donec
2412 3370 2464 3424 id
2496 3372 2554 3425 8.
2586 3369 2862 3437 Silvanus,
2901 3372 3231 3428 Troadensis
3260 3374 3570 3440 episcopus,

2002 3460 2226 3528 invenit,
2268 3460 2568 3517 Theodosii.
2600 3462 2844 3519 Juuioris
2897 3466 3251 3536 temporibus.
3296 3465 3446 3530 Quod
3476 3465 3579 3519 La-

2003 3552 2122 3615 tini,
2153 3565 2213 3608 ut
2245 3554 2503 3619 diximus,
2540 3573 2575 3610 tt
2610 3556 2911 3625 Februarii,
2970 3558 3142 3612 Graeci
3183 3575 3279 3613 xm
3318 3560 3565 3627 Septem-

2000 3646 2110 3699 bris
2156 3638 2278 3700 enm
2317 3661 2691 3715 venerantur;
2762 3650 2930 3705 altera
2986 3650 3237 3705 fortassis
3292 3652 3576 3704 celebritas

1997 3735 2112 3803 ejus
2130 3736 2343 3807 gloriosi
2362 3742 2611 3797 decessus
2634 3750 2734 3807 est,
2776 3743 2943 3797 altera
2965 3743 3292 3798 inventionis
3319 3759 3381 3797 ac
3408 3751 3578 3797 trans-

1998 3830 2233 3885 lationis.
2378 3836 2385 3843 ’

2070 3922 2152 3975 12.
2193 3920 2301 3977 Nec
2354 3921 2482 3976 illud
2537 3924 2923 3990 omittendum,
2990 3936 3282 4001 martyrem
3353 3944 3474 3984 eum
3521 3928 3568 3983 in

1994 4013 2211 4069 Meumis
2236 4016 2513 4084 appellari,
2538 4031 2631 4070 seu
2676 4031 2801 4071 vere
2831 4033 2928 4087 pro
2992 4017 3196 4073 Christi
3254 4019 3360 4074 litle
3412 4021 3567 4074 inter

1992 4103 2168 4161 fectus
2247 4117 2353 4172 est,
2409 4122 2502 4162 seu
2556 4109 2725 4162 solum
2777 4110 3085 4179 quaestioni,
3144 4128 3265 4182 qua:
3309 4114 3362 4169 in
3426 4115 3570 4168 Actis

1950 4263 1954 4267 ,
1994 4208 2346 4264 memoratur,
2397 4200 2692 4254 adhibitus.
2729 4202 2803 4255 Ita
2849 4203 3053 4256 habent
3082 4202 3285 4258 Mencea
3339 4205 3393 4259 in
3425 4184 3565 4259 lilula

1990 4288 2095 4343 diei
2128 4305 2223 4344 xm
2260 4288 2569 4360 Septembr.
2627 4310 2647 4342 ί
2679 4290 2744 4344 Et
2784 4294 2957 4346 saneti
3020 4296 3275 4364 martyris
3335 4294 3562 4350 Cornelii

1990 4384 2346 4438 centurionis.
2379 4404 2397 4439 ›
2441 4385 2504 4439 Et
2540 4386 2589 4438 in
2648 4387 2861 4441 cantico
2893 4386 3124 4455 quodam
3155 4405 3169 4441 :
3231 4407 3249 4439 ι
3291 4386 3564 4456 Unguento

1990 4476 2275 4530 sacerdotii
2309 4476 2578 4543 perfusus,
2615 4478 2943 4543 diseurristi,
2997 4480 3332 4547 prmconiunt
3382 4481 3563 4533 salutis

310 4556 665 4621 annuntiasti,
697 4556 1011 4610 beatissime
1043 4555 1282 4611 Corneli.
1321 4575 1340 4607 ι
1405 4555 1525 4611 Alia
1555 4576 1568 4612 :
1611 4575 1631 4608 ‹
1668 4557 1879 4625 Spiritu
1910 4547 1964 4607 D
1992 4566 2195 4622 faciens
2249 4568 2301 4621 in
2337 4570 2607 4637 gentibus,
2641 4570 2844 4624 erroris
2895 4570 3080 4637 spinas
3120 4574 3453 4641 exstirpatis,
3487 4574 3563 4623 di-

310 4649 629 4711 illustratus,
661 4647 813 4703 Stella
838 4646 1062 4701 eﬂ‘ectus
1091 4662 1150 4701 es
1176 4646 1413 4712 lucillua,
1445 4647 1886 4715 Splendidissimo

309 4740 661 4810 lulgorelines
679 4751 839 4795 terra:
865 4741 1217 4805 collustrans,
1240 4741 1573 4810 hierontysta
1597 4739 1835 4796 Corneli.
1860 4760 1881 4795 ι

306 4831 425 4884 Alia
457 4830 608 4900 plura
641 4832 692 4884 id
724 4846 896 4901 genus
931 4834 998 4885 de
1027 4846 1091 4886 eo
1143 4831 1472 4898 pratdicant;
1507 4831 1706 4887 Christi
1742 4849 1883 4903 pra:-

307 4930 496 4969 conetn
518 4918 809 4987 appellant,
841 4938 859 4969 ‹
880 4930 933 4973 et
952 4931 1260 4973 sanctorum
1286 4920 1669 4988 discipulorum
1703 4940 1882 4992 teque-

308 5004 434 5069 letn,
468 5006 557 5073 qui
589 5018 834 5061 sanctum
873 5009 1133 5079 Spiritum
1181 5018 1238 5064 ut
1268 5010 1338 5063 illi
1372 5018 1661 5081 acceperit.
1688 5035 1707 5067 ι
1743 5018 1881 5084 Quin

307 5102 358 5145 et
396 5093 501 5146 alia
533 5094 836 5160 celebrant,
898 5113 1020 5167 qua:
1068 5098 1136 5153 ab
1184 5115 1249 5154 eo
1281 5099 1471 5171 Scep‘i
1500 5116 1647 5173 gesta
1680 5122 1798 5161 esse
1828 5109 1880 5163 in

305 5183 454 5237 Actis
488 5186 758 5243 dicuntur.
798 5186 1075 5257 Ejusmodi
1134 5190 1250 5246 lucc
1289 5203 1453 5249 sunt:
1511 5214 1529 5247 ι
1572 5196 1739 5253 Totus
1768 5177 1884 5254 lico

306 5278 664 5348 omnipotenti
695 5281 928 5346 deditus,
971 5284 1148 5339 surdis
1198 5285 1501 5345 simulacris
1536 5294 1739 5346 cultum
1772 5311 1881 5350 non

305 5370 621 5442 exhibuisti,
646 5376 1096 5446 compellrntibus
1141 5382 1506 5453 sanguinariis
1544 5386 1875 5445 hominibus.

1995 4659 2113 4713 vina
2162 4661 2397 4728 sapiens,
2446 4672 2496 4714 ct
2528 4661 2833 4715 doctrinam
2888 4661 3022 4715 nulli
3062 4662 3358 4716 obnoxiam
3391 4663 3558 4717 errori

1991 4751 2263 4805 mentibus
2288 4752 2547 4805 inserens.
2582 4751 2706 4806 ideo
2739 4754 3104 4808 benedicituns
3136 4765 3209 4819 te,
3241 4766 3296 4806 ut
3350 4754 3578 4822 pontiﬁo,

1989 4856 2103 4896 cem
2132 4841 2241 4895 Deo
2264 4840 2518 4909 alllatum,
2548 4852 2601 4897 et
2634 4854 2925 4915 martyrem
2970 4847 3250 4911 invictum,
3282 4846 3515 4900 Corneli.
3536 4822 3577 4895 ι’

1987 4930 2103 4986 lluc
2128 4933 2253 4987 facit
2278 4937 2419 5004 quod
2462 4937 2513 4990 in
2544 4935 2821 4990 miraculis
2857 4934 2914 4990 S.
2941 4935 3212 4991 Anastasii
3244 4938 3423 4991 Persa:
3469 4939 3556 4990 ha-

1983 5023 2143 5079 betur
2187 5040 2302 5079 xm
2349 5025 2570 5085 Januar.
2604 5028 2865 5082 miraculo
2903 5027 2963 5080 l0
2996 5029 3261 5081 Caesareae
3296 5012 3510 5097 patrato
3540 5043 3552 5080 :

1988 5134 2006 5166 ‹
2047 5115 2314 5186 Receptor
2342 5120 2559 5189 quidam
2598 5120 2781 5190 templi
2811 5121 2982 5175 sancti
3012 5129 3065 5175 et
3102 5121 3322 5189 gloriosi
3357 5128 3555 5189 marty-

1982 5207 2056 5261 ris
2090 5207 2352 5278 Cornelii,
2402 5210 2641 5266 Joannes
2694 5212 2929 5266 nomine.
2974 5232 2993 5263 ι
3055 5212 3378 5284 Quanquam
3422 5212 3549 5266 etin

1980 5299 2131 5355 Actis
2155 5316 2274 5370 cap.
2310 5304 2364 5370 5,
2400 5320 2451 5357 n.
2489 5304 2555 5358 12
2582 5313 2791 5376 martyr
2812 5304 3132 5383 appellatur.

1585 5664 2277 5700 ψ
