3820 6464
240 462 386 536 1293

1234 472 1413 536 VITA
1453 473 1513 535 s.
1555 472 1921 539 CORNELII
1962 438 2508 544 CENTURIONIS.
2586 430 2589 433 Α

3304 434 3311 441 ’
3370 486 3507 565 1294

236 619 3480 663 MM“

878 777 1516 865 MAPTYPION
1587 781 1817 869 ΤΟΥ
1890 764 2250 873 A‘I‘IOY
2309 721 2846 903 ENAOEOY

1435 961 2104 1027 ΜΕΓΔΛΟΜΔΡΤΥΡΟΣ

208 1123 1547 1407 ,ΚΟΡΝΕΑΙΟΥ
1602 1030 3482 1379 ΕΚΑΤΟΝΤΑΡΧΟΥ.
3582 1156 3589 1161 '

825 1555 1557 1714 MARTYBI’UM
1634 1583 2051 1674 SANCTI
2143 1590 2290 1680 ET
2360 1590 2927 1689 GLORIOSI

1611 1782 2035 1845 MARTYRIS

642 1943 1542 2181 CORNELII
1710 1914 3056 2135 CENTURIONIS.

760 2230 956 2294 (Gn-rce
980 2242 1114 2282 nunc
1139 2218 1353 2294 primum
1377 2234 1506 2299 typis
1530 2239 1792 2288 mandatur
1813 2246 1876 2284 ex
1895 2238 2005 2307 cod.
2032 2252 2124 2290 ms.
2149 2239 2305 2294 Paris.
2332 2255 2381 2291 η.
2412 2241 2554 2295 1489.
2592 2244 2731 2297 Eutr.
2753 2245 2932 2312 Pam.)

1766 2503 1994 2559 CAPUT
2046 2506 2084 2559 Ι.

1384 2612 1445 2669 S.
1483 2613 1714 2670 Cornelii
1761 2620 2046 2687 conversio,
2078 2618 2415 2691 baptismue.’

284 2739 365 2794 A'.
404 2737 557 2793 Μετὰ
590 2738 690 2807 τὴν
718 2737 985 2809 σωτήριον
1019 2740 1111 2791 ἐπὶ
1144 2737 1246 2808 γῆς
1276 2735 1373 2790 τοῦ
1407 2737 1587 2816 Λόγου
1610 2738 1793 2809 ἐπιδη-

1981 2743 2022 2803 Ι.
2065 2744 2198 2804 Post
2243 2748 2539 2808 salutarem
2590 2751 2752 2811 Verbi
2812 2756 2865 2812 in
2928 2764 3131 2813 terram
3195 2758 3524 2830 adventum.

215 2840 348 2907 μίαν
379 2834 471 2887 τὸν
522 2832 769 2916 ἑκούσιόν
828 2848 886 2885 τε
945 2831 1179 2901 σταυρὸν
1218 2824 1436 2885 καὶτὸν
1467 2829 1796 2911 ὑπὲρ-ήμῶν

212 2925 446 2980 Θάνατον
475 2926 569 2981 καὶ
583 2925 682 2996 τὴν
706 2926 787 2988 είς
806 2924 1070 2993 οὐρανοὺς
1088 2922 1346 2978 ἐπάνοδον
1379 2922 1502 2978 ὅθεν
1525 2922 1800 2994 ἐπήλυθεν

210 3018 566 3089 οἰκοδομῆσαι
597 3016 695 3088 τὴν
714 3015 919 3089 σκηνὴν
952 3014 1137 3084 Δαυῖδ,
1172 3017 1315 3071 κατὰ
1342 3017 1466 3079 τοὺς
1489 3016 1796 3091 προφήτας,

202 3113 313 3184 Δτὴν
344 3115 720 3181 πεπτωκυῖαν,
760 3106 841 3176 εἷς
872 3113 1085 3182 ὑπῆρχε
1109 3114 1206 3165 καὶ
1234 3113 1262 3165 6
1286 3113 1352 3166 ἐκ
1388 3113 1488 3184 τῆς
1529 3111 1799 3183 Ἰταλικῆς

203 3206 448 3278 σπείρης
482 3205 882 3277 ἑκατόνταρχος
904 3204 1206 3277 Κορνήλιος
1254 3205 1365 3260 τῶν
1414 3205 1799 3277 ἐπιζητούντων

210 3300 379 3355 αὐτὸν
417 3286 515 3354 καὶ
564 3299 633 3359 τὰ
659 3295 868 3371 ἀρεστὰ
917 3300 1114 3370 ἐκείνῳ
1145 3297 1464 3366 ποιούντων,
1497 3299 1591 3353 καὶ
1629 3299 1799 3363 πολὺς

214 3393 272 3447 ἐν
301 3389 528 3461 ἀγαθοῖς
569 3390 755 3460 ἔργοις
804 3383 897 3460 ἦν,
939 3390 987 3443 εἰ
1017 3390 1114 3443 καὶ
1148 3388 1378 3460 μηδέπω
1413 3389 1516 3460 τῆς
1576 3390 1798 3462 χάριτος

211 3485 408 3543 τούτου
428 3486 528 3555 τῆς
552 3483 723 3548 θείας,
754 3482 890 3554 μηδέ
919 3482 1016 3553 τῆς
1044 3481 1180 3556 πρὸς
1207 3481 1371 3536 αὐτὸν
1411 3482 1612 3552 ἠξίωτο
1661 3483 1796 3554 κλή-

216 3598 374 3644 σεως.
437 3578 606 3651 Ἀνὴρ
655 3573 811 3641 οὗτος
846 3576 1079 3646 εὐσεϐὴς
1110 3575 1206 3629 καὶ
1258 3574 1353 3630 τὸν
1379 3574 1510 3629 Θεὸν
1539 3575 1701 3638 αὐτός
1735 3592 1795 3629 τε

212 3680 311 3731 καὶ
356 3677 416 3746 ὁ,
438 3675 546 3738 πᾶς
577 3672 727 3743 αὐτῷ
779 3668 928 3735 οἶκος
967 3668 1325 3740 φοϐούμενοι,
1358 3667 1432 3723 ὢν
1459 3686 1518 3721 τε
1541 3665 1657 3740 εἶχε
1684 3671 1798 3734 τοῖς

212 3766 488 3837 δεομένοις
521 3763 833 3836 μεταδιδοὺς
867 3761 963 3817 καὶ
997 3761 1091 3816 τοῦ
1116 3760 1252 3815 Θεοῦ
1276 3759 1368 3814 διὰ
1394 3761 1597 3826 παντὸς
1631 3762 1794 3818 πάλιν

211 3862 420 3922 ἐκεῖνος
447 3858 743 3928 δεόμενος*
784 3853 963 3924 τούτῳ
1000 3855 1058 3908 ἐν
1088 3854 1404 3925 Καισαρείᾳ
1427 3854 1692 3922 διάγοντι.
1720 3861 1796 3920 ὡς

211 3953 240 4006 6
273 3952 417 4014 θεῖος.
471 3950 684 4011 Λουκᾶς
748 3948 1063 4015 σαφέστατα
1125 3946 1256 4016 περὶ
1291 3945 1459 4001 αὐτοῦ
1517 3946 1793 4015 διέξεισιν,

211 4042 447 4111 ἄγγελος
498 4041 626 4112 περί
669 4056 771 4093 που
830 4039 930 4110 τὴν
977 4038 1174 4109 ἐνάτην
1205 4038 1353 4109 ὥραν
1407 4040 1665 4109 ἐφοίτησε
1694 4040 1794 4109 τῆς

212 4134 429 4207 ἡμέρας
450 4133 566 4199 καὶ,
597 4132 888 4204 Κορνήλιε,
917 4130 1044 4201 ἔφη,
1078 4133 1134 4184 αἱ
1157 4133 1583 4202 προσευχαίσου
1611 4133 1706 4185 καὶ
1736 4133 1793 4186 αἱ
1827 4113 1867 4166 Β

212 4225 578 4295 ἐλεημοσύναι
624 4224 899 4294 ἀνέϐησαν
943 4223 1023 4285 εἰς
1052 4222 1396 4291 μνημόσυνον
1430 4222 1665 4275 ἐνώπιον
1696 4221 1791 4276 τοῦ

210 4316 372 4382 Θεοῦ,
403 4317 498 4370 καὶ
537 4315 631 4370 νῦν
656 4316 872 4386 πέμψον
899 4315 980 4377 είς
1020 4314 1246 4383 Ἰόππην
1270 4313 1469 4384 ἄνδρας
1500 4315 1596 4368 καὶ
1628 4315 1796 4383 μετά-

211 4412 429 4481 πεμψαι
464 4408 685 4478 Σίμωνα
739 4408 829 4460 τὸν
861 4392 1298 4475 ἐπικαλούμενον
1336 4407 1542 4477 Πέτρον
1564 4423 1579 4438 ·
1636 4402 1794 4473 οὗτος

211 4503 643 4574 ἐλθὼν”λαλήσει
671 4520 752 4556 σοι
778 4506 1002 4574 ῥήματα
1045 4501 1212 4572 ζωῆς.
1239 4500 1428 4556 Ταῦτα
1449 4504 1476 4555 6
1526 4502 1623 4573 μὲν
1672 4504 1795 4555 ἐπι-

212 4596 453 4666 σκήψας,
484 4594 683 4648 οὐκετι
705 4594 941 4666 φανερὸς
973 4590 1040 4664 ἢν
1060 4610 1075 4625 ο
1102 4595 1403 4665 Κορνήλιος
1431 4593 1487 4647 δὲ
1520 4594 1628 4648 τῶν
1651 4597 1795 4648 οἰκε-

210 4673 323 4743 τῶν
352 4690 444 4743 δύο
489 4691 585 4744 καὶ
625 4689 968 4760 στρατιώτην
1002 4688 1201 4741 αὐτίκα
1232 4688 1435 4760 εὐσεϐῆ
1480 4690 1588 4743 τῶν
1620 4707 1794 4759 προσ-

211 4782 630 4853 καρτερούντων
698 4780 846 4849 αὐτῴ
891 4781 988 4835 ’ἐνα
1037 4780 1274 4845 καλέσας
1324 4781 1699 4841 ἁνακαλύπτει
1732 4801 1792 4837 τε

213 4875 401 4938 αὐτοῖς
429 4876 571 4945 ᾇπερ
608 4874 708 4927 ἴδοι
733 4888 749 4904 ⁶
781 4873 877 4926 καὶ
918 4876 998 4935 εἰς
1039 4874 1264 4944 Ἰόππην
1310 4874 1588 4945 ἐκπέμπει
1612 4892 1627 4906 ·
1664 4876 1790 4946 τῇδε

211 4965 269 5018 δὲ
305 4966 411 5036 γὰρ
444 4964 745 5035 διατρίϐειν
774 4964 866 5018 τὸν
900 4965 1106 5034 Πέτρον
1151 4964 1179 5017 6
1212 4966 1443 5035 ἄγγελος
1478 4963 1653 5033 εἶπεν,
1700 4971 1794 5023 καὶ

213 5058 316 5129 τὴν
351 5057 527 5122 ξενίαν
560 5058 800 5130 ἐδήλωσε
838 5057 994 5128 παρὰ
1043 5068 1151 5110 τινι
1178 5058 1386 5128 Σίμωνι
1424 5058 1615 5129 βυρσεῖ
1647 5076 1796 5127 γινο-

220 5150 410 5222 μένην.
440 5152 645 5223 Πέτρος
673 5149 765 5204 οὖν
783 5152 876 5204 κα)⁸
900 5150 1007 5219 γῆν
1036 5149 1112 5220 τῷ
1129 5149 1457 5221 ,κηρύγματι
1484 5152 1666 5205 πᾶσαν
1699 5152 1794 5206 καὶ

215 5242 487 5297 θάλατταν
517 5243 904 5314 ἐπερχόμενος,
957 5242 1053 5294 καὶ
1082 5242 1364 5312 πανταχοῦ
1404 5242 1501 5314 τὴν
1533 5242 1794 5313 ἀλήθειαν

215 5335 605 5403 καταγγέλλων
637 5332 850 5405 (ἔκειτο
883 5332 994 5404 γὰρ
1015 5333 1090 5397 ὡς
1117 5333 1336 5403 ἀληθῶς
1373 5335 1454 5398 είς
1488 5333 1605 5402 φῶς
1626 5333 1794 5387 ἐθνῶν

213 5429 311 5482 καὶ
338 5427 610 5499 σωτηρίαν
639 5427 880 5499 πολλῶν)
907 5427 1057 5497 παρὰ
1090 5428 1214 5490 τοὺς
1245 5426 1633 5489 κατοικοῦντας
1654 5426 1793 5480 Λύδ-

215 5520 315 5575 δαν
336 5520 523 5589 ἁγίους
561 5519 729 5572 ἐλθὼν
752 5519 843 5573 καί
877 5537 997 5572 τινα
1020 5519 1185 5574 Αἰνέα
1208 5520 1543 5589 παρειμένον
1573 5518 1632 5582 ἐξ
1656 5519 1792 5571 ἐτῶν

215 5611 365 5667 ὀκτὼ
414 5612 842 5682 κατακείμενον,
889 5612 1223 5681 ἀναστήσας,
1282 5613 1363 5675 είς
1418 5612 1640 5680 Ἰόππην
1677 5610 1794 5663 δια-

210 5704 342 5772 ὃας,
389 5706 483 5757 καὶ
525 5706 587 5758 τὸ
623 5704 764 5758 κατὰ
805 5704 1054 5774 Ταϐηθὰ,
1096 5703 1218 5773 ἥτις
1269 5703 1513 5769 ἐκαλεῖτο
1554 5702 1787 5774 ᾼορκὰς,

1902 2853 2232 2912 crucemque
2288 2851 2343 2898 et
2374 2854 2602 2901 mortem
2635 2861 2731 2917 pro
2764 2848 2926 2905 nobis
2958 2864 3056 2906 sua
3086 2861 3281 2922 sponte
3314 2856 3382 2913 ab
3420 2871 3487 2920 eo

1902 2942 2231 3003 susceptam,
2265 2944 2321 2990 et
2344 2936 2396 2990 in
2439 2937 2608 2994 caelos
2645 2940 3045 3008 ascensionem,
3076 2946 3220 3002 unde
3257 2947 3487 3009 descens

1901 3028 2056 3083 derat
2105 3028 2174 3084 ad
2222 3029 2599 3089 aediﬁcandum
2654 3032 2874 3095 Davidis
2930 3035 3342 3097 tabernaculum
3400 3041 3482 3113 (ut

1899 3135 2020 3176 cum
2044 3121 2329 3192 prophetis
2341 3124 2515 3181 dicam
2535 3125 2578 3195 ³)
2611 3127 2754 3196 quod
2783 3127 3095 3196 ceciderat;
3121 3145 3257 3186 unus
3280 3139 3398 3187 erat
3415 3146 3482 3199 ex

1899 3215 2126 3269 cohorte
2152 3213 2336 3270 Italica
2382 3218 2628 3273 centurio
2649 3217 2952 3287 Cornelius,
2977 3235 3046 3278 ex
3081 3219 3150 3278 iis
3177 3222 3269 3295 qui
3301 3224 3478 3294 ipsum

1898 3307 2240 3379 quaerebant,
2264 3316 2318 3366 et
2356 3309 2630 3367 faciebant
2662 3325 2784 3383 quae
2825 3313 2900 3369 illi
2929 3313 3233 3385 placebant,
3281 3327 3338 3372 et
3386 3317 3479 3386 qui

1899 3399 2065 3455 multa
2093 3400 2236 3456 bona
2270 3400 2503 3459 faciebat
2527 3417 2690 3473 opera
2734 3402 2979 3476 (etiamsi.
3002 3407 3241 3463 nondum
3295 3409 3477 3467 divina

1897 3490 2100 3548 Christi
2150 3494 2360 3563 gratia,
2422 3508 2597 3566 neque
2650 3497 2940 3553 vocatione
3001 3498 3068 3555 ad
3110 3499 3285 3569 ipsum
3336 3510 3484 3562 esset

1899 3584 2148 3655 dignatus
2174 3586 2263 3641 hic
2307 3586 2391 3642 vir
2415 3586 2559 3659 pius)
2591 3594 2650 3645 ut
2690 3589 2781 3658 qui
2816 3587 2986 3646 Deum
3018 3590 3232 3649 timeret
3261 3592 3398 3662 ipse,
3425 3601 3479 3650 et

1899 3683 2010 3731 tota
2055 3675 2172 3746 eius
2203 3677 2432 3744 familia,
2490 3688 2545 3735 et
2584 3681 2674 3747 iis,
2726 3696 2846 3751 qua:
2880 3682 3134 3752 habebat,
3184 3684 3483 3755 impertiret

1897 3778 2159 3838 egentes;
2200 3785 2499 3841 rursusque
2551 3773 2722 3829 Deum
2769 3784 3086 3846 precaretur
3117 3776 3354 3833 assidue.
3399 3778 3479 3833 Ad

1897 3877 2020 3918 eum
2074 3873 2322 3934 agentem
2357 3863 2622 3921 Caesareae
2676 3865 2759 3939 (ut
2783 3866 3005 3925 divinus
3032 3867 3209 3929 Lucas
3252 3871 3317 3924 de
3363 3871 3481 3938 ipso

1898 3952 2064 4009 refert
2111 3955 2453 4024 apertissime
2505 3956 2548 4029 ⁸)
2600 3959 2746 4013 venit
2784 3958 3012 4027 angelus
3061 3960 3204 4015 circa
3278 3974 3478 4019 nonam

1900 4048 2087 4103 horam
2167 4045 2298 4116 diei,
2353 4059 2409 4104 et
2459 4050 2599 4105 dixit
2649 4041 2748 4106 ei:
2802 4051 3042 4132 Corneli,
3098 4053 3374 4109 orationes
3426 4063 3481 4110 et

1895 4137 2252 4210 cleemosynte
2298 4148 2403 4195 tum
2434 4143 2797 4198 ascenderunt
2826 4144 2878 4198 in
2911 4146 3224 4200 memoriam
3265 4147 3316 4200 in
3342 4156 3476 4202 coit-

1858 4283 1865 4290 .
1896 4240 2080 4297 spectu
2110 4230 2203 4285 Dei
2238 4247 2255 4284 :
2288 4239 2343 4286 et
2379 4242 2522 4286 nunc
2551 4234 2704 4288 mitte
2732 4236 2892 4291 viros
2919 4235 3147 4306 Joppen,
3175 4246 3230 4292 et
3261 4254 3481 4296 accerse

1850 4358 1855 4361 Α
1898 4317 2195 4385 Simonem,
2240 4322 2334 4391 qui
2395 4323 2698 4392 appellatur
2728 4323 2919 4381 Petrus
2949 4344 2962 4379 :
2998 4328 3044 4381 is
3091 4333 3213 4382 cum
3248 4332 3475 4397 venerit,

1894 4409 2144 4478 loquetur
2177 4411 2270 4465 tibi
2303 4412 2465 4467 verba
2497 4413 2639 4467 vitae.
2674 4411 2799 4468 Haec
2823 4430 2945 4469 eum
2966 4416 3053 4471 ille
3078 4419 3293 4485 quidem
3325 4434 3479 4474 man-

1896 4503 2098 4568 dasset,
2155 4517 2257 4558 non
2311 4504 2542 4573 amplius
2591 4507 2905 4574 apparebat.
2959 4508 3239 4564 Cornelius
3294 4519 3476 4574 autem

1895 4596 2078 4648 statim
2118 4595 2341 4663 duobus
2375 4596 2582 4652 vocatis
2629 4597 2869 4661 famulis,
2907 4608 2960 4653 et
2992 4600 3081 4669 pio
3108 4603 3341 4670 quodam
3374 4602 3478 4658 min

1896 4686 2010 4748 lite,
2052 4687 2217 4740 exiis
2266 4686 2361 4757 qui
2408 4687 2480 4741 illi
2542 4697 2805 4757 perpetuo
2834 4691 3079 4756 aderant,
3135 4691 3243 4746 illis
3277 4695 3475 4762 aperit,

1895 4792 2015 4846 quae
2048 4778 2280 4842 viderat,
2308 4787 2362 4834 et
2387 4794 2481 4833 eos
2505 4780 2671 4835 mittit
2700 4780 2928 4850 Juppen.
2955 4780 3068 4837 lllic
3094 4783 3237 4837 enim
3273 4789 3472 4841 versari

1895 4869 2111 4925 Petrum
2141 4872 2277 4929 dixit
2299 4870 2539 4942 angelus,
2564 4871 2703 4943 apud
2746 4874 3032 4942 quemdam
3068 4874 3347 4931 Simonem
3385 4894 3478 4934 co.

1896 4965 2144 5020 riarium.
2179 4965 2374 5021 Petrus
2399 4960 2599 5033 autem,
2633 4966 2724 5035 qui
2756 4982 2969 5021 onmem
3014 4976 3215 5023 terram
3246 4980 3301 5025 et
3332 4987 3480 5028 mare

1895 5058 2076 5113 obibat
2107 5059 2469 5128 praedicando,
2495 5067 2549 5114 et
2567 5060 2847 5115 veritatem
2892 5059 3091 5129 ubique
3118 5064 3479 5118 annuntiabat

1896 5153 2037 5220 (erat
2062 5152 2205 5207 enim
2236 5166 2425 5207 revera
2460 5155 2668 5221 positus
2699 5154 2751 5206 in
2785 5152 2958 5207 lucem
2971 5155 3222 5224 gentium
3256 5167 3309 5211 et
3339 5157 3480 5211 salu-

1894 5255 2004 5299 tem
2032 5242 2377 5314 multorum),
2410 5244 2687 5315 ingressus
2716 5243 2782 5297 ad
2810 5254 3027 5300 sanctos
3045 5247 3135 5317 qui
3160 5247 3477 5309 habitabant

1896 5334 2157 5407 Lyddam,
2209 5352 2330 5392 cum
2365 5336 2651 5406 quemdam
2704 5334 2958 5403 )Eneam,
3019 5340 3109 5408 qui
3164 5348 3289 5393 octo
3318 5340 3476 5397 annis

1892 5427 2107 5497 jacebat
2144 5432 2491 5501 paralyticus,
2522 5428 2740 5484 fecisset
2766 5442 3013 5501 surgere,
3048 5430 3253 5500 Joppen
3280 5430 3475 5486 deinde

1900 5522 2159 5583 venisset,
2191 5529 2245 5573 et
2284 5520 2337 5575 in
2371 5518 2621 5585 Tabitlta,
2650 5534 2769 5589 qua:
2808 5530 3034 5575 vocatur
3055 5519 3276 5583 Dorcas,
3310 5518 3476 5575 feris:

1897 5620 1980 5681 set
2010 5626 2257 5680 magnum
2313 5611 2442 5666 illud
2500 5611 2855 5680 miraculum,
2922 5611 3011 5667 bic
3052 5610 3279 5681 degebat
3333 5608 3474 5690 apud

1897 5717 2207 5760 cortartum.

219 5797 408 5867 Θαῦμα
431 5798 771 5867 διατελέσας,
834 5798 1072 5851 ἐνταῦθα
1104 5797 1257 5868 παρὰ
1303 5796 1381 5867 τῷ
1431 5796 1622 5870 βυρσεῖ
1658 5798 1951 5875 κατήγετο,

292 5919 313 5951 ³
353 5920 521 5979 Amos
549 5935 626 5989 tx,
662 5920 752 5977 il.
829 5919 852 5953 ⁵
881 5918 1004 5980 Act.
1048 5933 1101 5980 κ,
