3820 6552
372 470 508 535 1293

1548 470 1837 531 MENSIS
1887 467 2266 529 FEBRUARI
2279 469 2394 529 US.

3456 466 3591 532 1236

436 580 504 636 Il.
534 579 635 634 Sed
668 592 767 633 nec
784 592 904 632 eum
929 591 1136 646 quoque
1158 577 1358 631 dimisit
1388 576 1528 634 Deus
1555 578 1795 648 ignarum
1828 595 1943 650 tny-

2114 573 2189 629 B’.
2235 573 2378 629 Ἀλλ’
2409 572 2527 629 οὐδὲ
2559 571 2745 629 τοῦτον
2778 574 2958 645 ἀφῆκε
2989 574 3149 630 πάλιν
3188 575 3299 631 τῶν
3345 578 3487 634 κατὰ
3516 582 3601 635 τὸν

369 675 541 737 sterii,
559 687 665 742 quo
691 682 806 726 erat
824 670 1118 724 initiandus
1139 668 1418 723 Cornelius
1448 687 1460 723 :
1487 677 1577 722 aut
1600 671 1777 737 potius
1798 668 1931 724 Cor-

367 768 492 824 nelii
530 763 792 835 justitiam
817 770 869 817 et
901 776 1086 831 preces
1116 776 1218 813 non
1250 761 1516 830 despexit.
1542 760 1648 817 Sed
1677 762 1929 832 quoniam

368 855 524 929 ii'qui
555 866 707 911 erant
764 870 829 910 ex
883 854 1327 915 circumcisione,
1386 853 1717 907 dissidebant
1746 850 1827 907 'ab
1870 854 1935 909 iis

369 953 458 1020 qui
505 948 777 1003 habebant
821 946 1172 1015 praeputium;
1210 960 1276 997 ue
1300 945 1491 998 Petrus
1522 960 1632 1010 eos,
1667 946 1755 1013 qui
1784 946 1934 1001 missi

368 1049 572 1095 eranta
605 1038 875 1099 Cornelio,
932 1046 988 1087 ut
1024 1036 1113 1103 qui
1158 1035 1419 1087 haberent
1472 1035 1811 1102 praeputium,
1845 1035 1935 1089 in-

370 1144 579 1185 cassum
614 1142 804 1185 rursus
829 1127 1149 1186 remitteret,
1180 1133 1463 1192 propterea
1497 1126 1637 1191 quod
1655 1124 1805 1180 nefas
1833 1126 1935 1181 sibi

370 1231 586 1293 putaret
616 1218 868 1289 congredi
902 1231 1023 1270 cum
1051 1216 1372 1286 alienigena,
1427 1208 1610 1271 autad
1629 1231 1757 1271 eum
1782 1232 1936 1273 acce-

263 1309 276 1321 ’
368 1318 539 1383 dere;
569 1329 690 1370 cum
718 1313 794 1367 illi
827 1312 1079 1367 Caesarea
1112 1310 1359 1380 profecti,
1389 1327 1496 1366 non
1549 1310 1733 1382 procul
1754 1319 1936 1365 essent

370 1408 438 1463 ab
491 1405 684 1475 Joppe,
740 1401 976 1457 ostendit
1013 1399 1060 1453 ei
1112 1402 1251 1457 Deus
1299 1401 1529 1456 Cornelii
1576 1402 1829 1456 virtutem
1882 1409 1938 1455 et

370 1498 720 1568 agnitionem.
752 1494 884 1548 Cum
915 1493 1098 1562 itaque
1140 1494 1478 1550 ascendisset
1521 1494 1571 1547 in
1599 1495 1932 1562 superiorem

372 1593 560 1643 domus
588 1596 819 1653 partem,
845 1593 901 1637 ut
927 1599 1047 1655 qua:
1070 1585 1200 1638 liora
1222 1593 1371 1639 sexta
1410 1584 1562 1647 ﬁunt,
1597 1598 1783 1652 preces
1816 1583 1936 1638 red-

372 1679 542 1740 deret,
581 1693 639 1732 se
671 1676 792 1731 cibo
845 1676 1066 1729 reﬁcere
1094 1689 1228 1742 opus
1269 1674 1476 1737 habuit,
1523 1683 1578 1727 et
1608 1673 1816 1726 esuriit.
1851 1672 1937 1726 ln-

373 1769 528 1824 terim
560 1778 740 1823 autem
782 1760 911 1822 dum
940 1758 1095 1821 Petro
1125 1766 1415 1834 parabatur
1452 1765 1625 1827 cibus,
1648 1764 1802 1819 videt
1822 1777 1934 1819 caa-

374 1860 481 1913 lum
529 1868 794 1930 apertum,
824 1868 878 1913 et
924 1872 1020 1911 vas
1061 1858 1349 1926 quoddam,
1392 1867 1647 1926 tanquam
1683 1870 1932 1927 magnum

2035 667 2336 739 Κορνήλιον
2365 665 2611 739 ἀμύητον
2638 669 2666 720 ὁ
2697 668 2832 732 Θεός
2855 682 2869 697 ’
2901 668 3101 739 μᾶλλον
3125 667 3184 721 δὲ
3230 668 3355 723 οὐδέ
3389 670 3489 741 τὴν
3511 671 3601 724 τοῦ

2034 758 2337 830 Κορνηλίου
2371 759 2747 832 δικαιοσύνην,
2777 760 2902 815 οὐδὲ
2937 760 3037 822 τὰς
3072 760 3383 832 προσευχὰς
3407 767 3602 833 περιεί-

2034 849 2121 901 δεν
2141 866 2156 881 ·
2182 848 2299 901 ἀλλ’
2331 851 2451 901 ἐπεὶ
2479 851 2527 901 oi
2555 852 2619 902 ἐκ
2646 851 2953 921 περιτομῆς
2973 850 3305 922 διεκρίνοντο
3329 851 3467 922 πρὸς
3486 855 3602 914 τούς

2035 940 2400 1011 ἀκροϐυστίαν
2460 940 2707 1011 ἔχοντας,
2765 943 2853 995 ἴνα
2912 942 2988 1013 μὴ
3017 944 3112 995 καὶ
3165 938 3320 1007 οὗτος
3346 945 3475 1007 τοὺς
3504 945 3602 998 ὑπὸ

2038 1034 2337 1105 Κορνηλίου
2410 1035 2761 1106 πεμφθέντας
2810 1033 2885 1097 ὡς
2942 1034 3313 1106 ἀκροϐύστους
3355 1037 3602 1105 διακενῆς

2034 1127 2425 1196 άποπέμψαιτο
2459 1126 2641 1191 πάλιν,
2668 1120 2756 1178 οἷα
2793 1127 2855 1180 οὐ
2882 1126 3041 1195 θέμις
3069 1125 3131 1181 ὃν
3156 1126 3235 1198 τῷ
3269 1127 3464 1199 Πέτρῳ
3489 1127 3603 1181 κολ-

2035 1218 2235 1271 λᾶσθαι
2262 1218 2295 1289 ἢ
2327 1212 2731 1290 προσέρχεσθαι
2760 1217 3049 1289 ἀλλοφύλῳ
3070 1234 3085 1248 ⁶
3107 1219 3181 1283 ὡς
3211 1220 3315 1290 ήδη
3339 1222 3439 1290 τῆς
3470 1222 3600 1274 Και-

1996 1341 2004 1349 ·
2038 1309 2262 1379 σαρείας
2286 1310 2605 1381 ἀπάραντες
2631 1311 2831 1363 ἐκεῖνοι
2855 1311 2915 1363 οὐ
2947 1310 3133 1381 πόρρω
3196 1311 3422 1380 Ἰόππης
3443 1307 3597 1382 ἦσαν,

2037 1402 2434 1470 παραδείκνυσι
2465 1401 2560 1453 καὶ
2607 1400 2757 1470 αὐτῷ
2781 1402 2880 1472 τήν
2911 1402 3213 1471 Κορνηλίου
3267 1404 3470 1472 ἀρετήν
3515 1402 3601 1455 καὶ

2035 1490 2133 1563 τὴν
2156 1492 2451 1559 ἐπίγνωσιν
2481 1494 2508 1545 ὁ
2531 1491 2686 1555 Θεός.
2732 1492 3016 1545 Ἐντεῦθεν
3041 1494 3071 1545 ό
3100 1494 3198 1563 μὲν
3223 1493 3318 1545 ἐπὶ
3339 1494 3399 1545 τὸ
3424 1492 3602 1561 δωμά-

2035 1599 2151 1637 τιον
2183 1582 2413 1648 ἀναϐὰς,
2442 1583 2528 1651 ἐφ’
2552 1577 2596 1652 ᾧ
2627 1584 2726 1647 τὰς
2765 1585 2859 1639 ἐπὶ
2882 1587 2946 1655 τῇ
2978 1584 3113 1658 ἕκτῃ
3140 1585 3260 1657 ὥρα
3277 1585 3446 1653 εὐχὰς
3478 1586 3605 1638 dm-

2035 1673 2145 1746 δῴη
2182 1674 2321 1727 κατὰ
2350 1675 2539 1744 χρείαν
2565 1692 2623 1727 τε
2646 1676 2851 1743 τροφῆς
2882 1677 3125 1743 ἐγεγόνει
3153 1677 3249 1729 καὶ
3278 1678 3601 1746 πρόσπεινος

2035 1758 2124 1834 ἦν.
2167 1763 2255 1816 Ἐν
2283 1764 2393 1830 ὅσῳ
2415 1763 2471 1815 δὲ
2492 1764 2524 1833 ή
2556 1764 2798 1825 ἐστίασις
2825 1764 2902 1833 τῷ
2926 1764 3116 1836 Πέτρῳ
3136 1764 3596 1836 παρεσκευάζετο,

2037 1855 2140 1925 ὁρᾷ
2171 1857 2262 1906 τὸν
2282 1854 2512 1924 οὐρανὸν
2545 1855 2845 1924 ἀνεῳγότα,
2878 1856 2971 1908 καὶ
3023 1855 3215 1919 σκεῦός
3233 1873 3286 1909 τι
3316 1855 3599 1926 ὡςῗόθόνην

374 1950 615 2011 linteum,
655 1958 883 2017 quatuor
940 1948 1107 2001 initiis
1163 1949 1217 2001 in
1267 1958 1464 2003 terram
1510 1947 1741 2013 demitti,
1777 1953 1832 2000 et
1873 1947 1938 1999 ad

2051 1945 2300 2016 μεγάλην
2329 1935 2619 2014 τέσδαρσιν
2651 1949 2846 2017 ἀρχαῖς
2880 1948 2972 2001 ἐπὶ
3007 1948 3109 2018 τῆς
3132 1949 3238 2018 γῆς
3282 1949 3599 2020 καθιέμενον

375 2047 549 2111 ipsum
584 2041 791 2093 venire.
845 2039 948 2092 Vas
974 2034 1152 2093 autem
1206 2039 1519 2093 continebat
1566 2039 1788 2103 bestias,
1831 2046 1939 2091 tam

373 2148 564 2187 omnes
599 2142 755 2185 terrae
788 2130 1188 2200 quadrupedes,
1244 2141 1299 2187 et
1329 2132 1568 2201 reptiles,
1605 2145 1762 2198 quam
1792 2129 1942 2184 volu-

375 2238 496 2279 cres
526 2223 671 2277 cmli.
702 2222 927 2291 Vox-que
970 2237 1033 2274 ex
1085 2222 1175 2276 illo
1218 2224 1329 2278 visa
1379 2232 1461 2279 est
1493 2222 1559 2276 ad
1607 2237 1731 2277 eum
1770 2220 1938 2285 exire,

375 2317 592 2372 dicens:
634 2334 651 2366 ι
691 2314 880 2384 Surge,
922 2314 1100 2380 Petre,
1128 2326 1301 2371 macta
1340 2325 1394 2369 et
1414 2314 1654 2370 comede.
1692 2332 1713 2368 ι
1742 2312 1943 2369 Deinde

376 2421 495 2460 cum
518 2406 559 2457 is
578 2405 794 2463 dixisset
808 2442 821 2467 ,
847 2422 864 2454 ι
877 2401 1244 2472 Nequaquam,
1258 2403 1493 2472 Domine;
1508 2424 1526 2457 ι
1544 2414 1596 2460 et
1613 2421 1734 2460 cttm
1752 2404 1945 2461 deinde

376 2494 537 2548 etiam
586 2508 805 2548 causam
849 2492 1152 2560 adjecisset,
1195 2491 1508 2562 «Nunquam
1546 2495 1713 2559 enim,
1748 2494 1940 2562 inquit,

377 2585 583 2640 comedi
617 2600 777 2639 omne
804 2598 1104 2639 commune
1150 2593 1241 2638 aut
1292 2585 1622 2639 immundum
1659 2604 1677 2638 ι
1707 2625 1725 2652 ,
1762 2601 1861 2641 vox
1894 2586 1942 2642 ei

379 2691 564 2729 rursus
599 2676 922 2746 respondit:
992 2693 1009 2725 ι
1050 2674 1179 2741 Qum
1227 2675 1369 2730 Deus
1426 2678 1718 2742 ntundavit,
1772 2689 1826 2732 ttt
1878 2693 1944 2734 ne

377 2770 579 2825 dixeris
613 2768 942 2821 communia.
992 2783 1012 2817 ο
1049 2765 1294 2834 Cumque
1322 2766 1425 2820 hoc
1450 2776 1533 2821 ter
1563 2768 1757 2822 factum
1778 2779 1945 2836 esset,

379 2877 473 2918 ras
500 2876 690 2915 rursus
717 2868 1052 2928 assumptum
1103 2868 1189 2913 est
1239 2857 1294 2912 in
1328 2858 1543 2913 emtum.
1598 2858 1712 2913 Hoc
1765 2870 1943 2916 autem

379 2951 718 3021 signiﬁcabat
764 2935 1170 3004 conversidnem
1225 2947 1484 3016 Cornelii,
1525 2957 1579 3004 et
1625 2965 1812 3006 eorum
1851 2952 1943 3021 qui

378 3052 679 3098 erantcum
716 3041 849 3109 ipso.
876 3039 1006 3094 Nam
1031 3039 1238 3095 esuries
1267 3041 1505 3110 Quidem,
1536 3055 1640 3112 qua
1665 3040 1948 3097 laborabat

381 3132 592 3197 Petrus,
629 3133 967 3203 signiﬁcabat
1004 3132 1145 3187 illius
1194 3134 1248 3187 in
1300 3133 1552 3204 pietatem
1611 3135 1946 3204 propositum

381 3226 688 3281 etstudiuut
712 3241 726 3290 ;
763 3232 817 3277 et
844 3224 983 3293 quod
1021 3223 1065 3276 is
1093 3222 1227 3276 nihil
1274 3222 1406 3279 adeo
1432 3225 1704 3280 esuriebat
1726 3234 1781 3280 et
1803 3224 1947 3280 desi-

382 3319 624 3383 derabat,
655 3327 817 3385 atque
842 3316 1134 3369 inﬁdelium
1159 3315 1506 3385 agnitionem,
1536 3324 1590 3369 et
1617 3316 1698 3371 eis
1726 3316 1948 3371 omnino

382 3412 512 3465 dare
541 3424 726 3463 verum
762 3408 850 3462 Dei
882 3408 1086 3462 cultum
1116 3416 1171 3462 et
1191 3406 1625 3478 pradicationen
1655 3398 1947 3476 Evangelii.

381 3501 767 3570 Quadrupedes
798 3510 976 3554 autem
1006 3509 1062 3553 et
1094 3508 1375 3569 serpentes
1422 3512 1488 3554 ac
1512 3498 1760 3556 volucres
1794 3506 1951 3553 erant

384 3595 592 3663 signum
636 3593 993 3647 multitudinis
1042 3606 1228 3646 eorum
1281 3590 1559 3659 quierant
1599 3590 1949 3647 convertendi

380 3701 503 3740 cum
547 3684 817 3741 Cornelio.
868 3684 989 3740 Vas”
1031 3694 1208 3739 autem
1245 3698 1275 3739 e
1325 3684 1471 3738 cmlo
1517 3695 1597 3739 ter
1628 3684 1945 3749 demissum,

381 3773 721 3845 signiﬁcabat
741 3784 950 3829 lernam
976 3774 1030 3828 in
1065 3775 1336 3845 baptismo
1357 3775 1770 3829 demersionem.
1797 3773 1950 3830 Mun-

382 3868 537 3922 datas
566 3876 743 3922 autem
798 3882 892 3921 eas
927 3881 1048 3921 esse
1077 3883 1104 3920 a
1153 3866 1286 3933 Deo,
1342 3866 1685 3938 signiﬁcabat
1714 3866 1949 3921 Cornelii

262 3970 278 3993 '
376 3957 644 4029 justitiam
679 3966 733 4011 et
763 3958 1338 4037 misericordiamcum
1371 3960 1617 4014 universa
1662 3959 1842 4024 domo,
1895 3967 1950 4013 et

330 4104 340 4114 ,
384 4049 524 4116 quod
550 4050 583 4103 li
607 4062 824 4118 quoque
856 4048 968 4102 Deo
1005 4050 1208 4119 accepti
1237 4039 1545 4105 evaserunt.

453 4302 540 4362 ΙΙΙ.
569 4303 853 4374 Cogitante
878 4315 1059 4361 autem
1090 4307 1270 4375 Petro,
1317 4319 1371 4365 et
1397 4326 1502 4367 non
1548 4314 1760 4369 valente
1783 4313 1949 4370 visio-

381 4407 503 4448 nem
529 4394 820 4466 conjicere,
852 4395 945 4465 qui
976 4398 1123 4454 missi
1147 4399 1363 4453 fuerant
1390 4416 1418 4455 a
1450 4401 1724 4468 Cornelio,
1746 4404 1856 4472 jam
1883 4404 1950 4459 ad

380 4484 530 4542 fores
587 4498 867 4544 venerant.
905 4489 970 4544 Et
1023 4493 1267 4560 protinus
1303 4492 1545 4551 incidens
1597 4493 1853 4563 Spiritus,
1896 4504 1952 4552 et

381 4580 596 4637 illorum
625 4584 913 4647 adventum
963 4586 1255 4654 signiﬁcat,
1308 4598 1364 4643 ct
1411 4588 1566 4657 jubet
1604 4592 1822 4645 Petrum
1857 4606 1952 4647 eos

380 4673 670 4728 convenire
719 4674 945 4728 minime
989 4674 1351 4730 haesitantem.
1409 4678 1587 4745 Atque
1624 4678 1671 4731 ei
1708 4678 1946 4746 quidem,

381 4777 504 4817 cum
539 4764 607 4818 ad
664 4779 758 4821 eos
789 4765 1174 4833 descendisset,
1244 4780 1361 4835 quae
1397 4768 1616 4823 vidisset
1643 4768 1947 4837 Cornelius,

381 4862 433 4909 et
458 4869 578 4924 qua:
607 4855 674 4909 ab
698 4856 889 4926 angelo
919 4857 1234 4923 audivisset,
1266 4859 1452 4925 omnia
1483 4859 1813 4914 renuntiant.
1841 4860 1951 4916 Ita-

301 5007 304 5010 .
382 4958 485 5012 que
516 4943 600 4999 die
627 4947 869 5013 sequenti
895 4947 1060 5001 simul
1101 4948 1320 5002 veniunt
1343 4948 1669 5003 Caesaream.
1706 4948 1840 5005 Cum
1872 4951 1952 5006 eis

382 5043 567 5089 autem
612 5037 825 5091 obviam
855 5039 1208 5108 processisset
1261 5037 1565 5104 Cornelius,
1599 5047 1655 5095 et
1685 5042 1952 5111 procidis-

381 5136 464 5180 set
490 5128 559 5199 (ad
600 5128 716 5196 ejus
745 5131 924 5208 pedes,
951 5130 1111 5200 erigit
1135 5145 1256 5185 eum
1281 5129 1499 5196 Petrus,
1531 5132 1752 5188 dicens:
1790 5152 1809 5185 ι
1840 5134 1951 5204 Ego

382 5230 597 5284 quoque
629 5233 746 5270 sum
780 5221 963 5273 homo.
1003 5238 1022 5272 ι
1076 5219 1282 5277 Deinde
1326 5237 1445 5277 cum
1478 5223 1532 5277 in
1586 5238 1650 5279 eo
1693 5228 1954 5280 seminas-

382 5319 466 5362 set
494 5308 714 5362 verbum
754 5309 990 5379 pietatis,
1030 5323 1085 5368 et
1110 5315 1162 5368 in
1196 5314 1394 5371 animis
1426 5330 1611 5371 eorum
1634 5318 1728 5387 qui
1759 5328 1954 5374 conve-

382 5408 596 5464 nerant,
620 5409 901 5471 postquam
930 5403 1063 5458 vidit
1093 5405 1327 5474 Spiritus
1365 5406 1593 5478 [ratiam
1625 5408 1679 5463 in
1714 5423 1808 5463 eos
1836 5408 1977 5463 illa-'

384 5505 560 5559 psam,
579 5502 634 5547 et
662 5494 988 5563 baptismum
1014 5498 1439 5568 praecipientem,
1458 5514 1551 5557 eos
1571 5503 1638 5558 ad
1668 5501 1954 5558 veritatem

384 5583 623 5653 deducit,
653 5593 710 5642 et
734 5586 1008 5657 baptismo
1032 5588 1229 5646 initiat.

2012 4183 2019 4187 ,
2048 4134 2127 4205 τῷ
2174 4136 2308 4208 οἴκῳ
2345 4136 2532 4208 ἐδήλου
2563 4155 2577 4170 ·
2631 4139 2724 4193 καὶ
2752 4138 2827 4203 ὡς

2043 2038 2139 2091 καὶ
2176 2038 2251 2100 ὡς
2275 2038 2438 2090 αὐτὸν
2470 2027 2605 2108 ἧκον
2641 2052 2655 2068 ’
2685 2035 2746 2091 τδ
2773 2039 2830 2092 δὲ
2865 2039 3057 2103 σκεῦος
3089 2043 3157 2094 τά
3203 2058 3266 2094 τε
3315 2041 3484 2112 θηρία
3516 2044 3602 2097 καὶ

2040 2126 2110 2181 τὰ
2136 2127 2445 2197 τετράποδα
2472 2128 2569 2197 τῆς
2597 2127 2701 2197 γῆς
2736 2128 2916 2182 πάντα
2946 2129 3132 2182 καὶτὰ
3181 2129 3390 2200 ἑρπετὰ
3422 2120 3519 2183 καί
3540 2129 3602 2181 τὰ

2042 2219 2267 2273 πετεινὰ
2313 2219 2409 2277 τοῦ
2459 2218 2689 2289 οὐρανοῦ
2724 2221 2783 2272 ἐν
2831 2219 3013 2291 ἑαυτῷ
3049 2214 3187 2292 εἶχε,
3225 2220 3322 2273 καὶ
3338 2221 3493 2289 φωνή
3526 2236 3604 2282 τις

2041 2310 2252 2365 ἐκεῖθεν
2278 2309 2477 2374 ἐξιέναι
2505 2310 2642 2381 πρὸς
2662 2310 2826 2363 αὐτὸν
2853 2311 3028 2363 ἐδόκει
3045 2325 3061 2339 ⁸
3102 2327 3121 2362 ι
3169 2311 3432 2373 Ἀναστάς
3450 2351 3467 2375 ,
3502 2309 3603 2363 Πέ-

2039 2419 2158 2474 τρε,
2177 2402 2430 2469 λέγουσα,
2459 2401 2621 2455 θῦσον
2639 2402 2733 2455 καὶ
2762 2404 2956 2471 φάγε.»
2990 2421 3007 2454 ι
3028 2402 3339 2473 Μηδαμῶς)
3363 2401 3421 2455 δὲ
3443 2402 3603 2471 αὐτῷ,

2049 2493 2274 2565 «Κύριε,
2289 2513 2307 2546 ι
2329 2494 2561 2559 εἰπόντι,
2576 2489 2696 2548 εἶτα
2718 2498 2812 2549 καὶ
2832 2495 2929 2564 τήν
2948 2495 3129 2548 αἰτίαν
3147 2493 3461 2564 προσθέντι·
3486 2493 3608 2559 «οὐ,

2042 2587 2310 2653 Δέσποτα,
2346 2588 2478 2658 γάρ,
2511 2588 2698 2658 φησὶν,
2734 2586 2937 2656 ἔφαγον
2962 2588 3071 2640 πᾶν
3102 2588 3282 2641 κοινὸν
3311 2587 3434 2641 οὐδὲ
3481 2587 3606 2641 ἀκά-

2042 2674 2261 2747 θαρτον,
2307 2696 2326 2729 ι
2392 2679 2426 2747 ή
2466 2680 2617 2749 φωνὴ
2662 2677 2996 2749 ἀπεκρίνατο
3026 2678 3189 2731 πάλιν
3219 2692 3235 2708 ·
3278 2695 3297 2729 ι
3334 2679 3402 2731 Ἀ
3435 2676 3607 2739 όΘεδς

2043 2768 2394 2841 ἐκαθάρισεν,
2422 2771 2497 2839 μὴ
2535 2770 2715 2822 κοίνου
2739 2769 2829 2824 σύ.
2873 2788 2892 2822 ι
2926 2770 3035 2822 Καὶ
3072 2769 3231 2823 τοῦτο
3248 2771 3342 2822 ἐπὶ
3364 2771 3491 2841 τρὶς
3521 2785 3606 2838 γε·

2042 2861 2217 2929 γονῢς,
2242 2862 2323 2923 είς
2358 2861 2449 2914 τόν
2475 2860 2703 2930 οὐρανὸν
2760 2861 2822 2914 τὸ
2864 2860 3056 2924 σκεῦος
3103 2861 3383 2932 ἀνελήφθη
3427 2861 3601 2916 πάλιν.

2043 2938 2118 3004 Τὸ
2147 2952 2202 3004 δέ
2238 2952 2346 3022 άρα
2369 2952 2468 3022 τήν
2502 2952 2838 3023 ἐπιστροφὴν
2868 2953 3168 3023 Κορνηλίου
3202 2954 3299 3007 καὶ
3343 2954 3458 3007 τῶν
3516 2956 3604 3005 σὺν

2043 3042 2191 3112 αὐτῷ
2215 3043 2497 3113 ὑπεδήλου.
2540 3043 2602 3097 Ἥ
2631 3045 2729 3114 μὲν
2768 3044 2877 3116 γὰρ
2908 3044 3009 3114 τῆς
3039 3045 3248 3116 τροφῆς
3273 3044 3366 3098 τοῦ
3399 3046 3604 3114 Πέτρου

2046 3118 2203 3202 χρεία
2231 3135 2329 3203 τὴν
2378 3134 2590 3195 ἐκείνου
2622 3133 2753 3205 περὶ
2781 3136 2879 3205 τὴν
2909 3135 3194 3189 εὐσέϐειαν
3229 3135 3493 3206 πρόθεσιν
3518 3136 3608 3188 καὶ

2045 3220 2145 3293 τήν
2196 3222 2433 3295 σπουδὴν
2477 3225 2823 3296 ὑπεσήμαινε
2851 3242 2866 3256 ο
2918 3228 3015 3280 καλ⁵
3072 3227 3148 3291 ὼς
3182 3226 3395 3292 οὐδενὸς
3459 3222 3607 3289 οὗτος

2047 3311 2301 3369 τοσοῦτον
2326 3313 2538 3380 ἑπείνα,
2571 3316 2695 3369 οὐδὲ
2735 3316 2949 3387 ἠφίετο,
2986 3318 3063 3381 ὡς
3095 3318 3195 3387 τῆς
3232 3318 3344 3371 τῶν
3368 3318 3611 3371 ἀπίστων

2046 3405 2415 3475 ἐπιγνώσεως,
2445 3408 2660 3462 καὶτοῦ
2693 3410 2792 3481 τὴν
2818 3410 3103 3464 εὐσέϐειαν
3132 3411 3393 3464 ἑκάστοτε
3426 3412 3525 3463 καὶ
3550 3409 3609 3463 τὸ

2044 3498 2306 3569 κήρυγμα
2349 3498 2443 3551 τοῦ
2475 3499 2811 3568 Εὐαγγελίου
2857 3501 3169 3567 ἐπιδιδόναι.
3209 3502 3291 3556 Τὰ
3341 3500 3610 3571 δέτετράσ

2048 3587 2206 3651 πόδα,
2230 3590 2324 3643 καὶ
2354 3589 2421 3643 τά
2445 3591 2641 3662 ἐρπτὰ,
2671 3593 2764 3645 καὶ
2791 3593 2859 3646 τά
2881 3595 3103 3647 πετεινὰ
3120 3592 3213 3646 τοῦ
3244 3593 3486 3664 πλήθους
3510 3592 3612 3645 τῶν

2051 3679 2189 3747 μετὰ
2216 3681 2516 3751 Κορνηλίου
2564 3682 2870 3753 μελλόντων
2917 3683 3269 3755 ἐπιστρέφειν
3313 3686 3609 3755 τεκμήριον

2047 3765 2115 3837 ἦν
2135 3784 2148 3798 ⁸
2181 3768 2242 3821 τὸ
2269 3769 2326 3822 δέ
2354 3772 2448 3824 καὶ
2477 3771 2598 3842 τρὶς
2632 3772 2890 3826 καθίσθαι
2914 3771 3008 3825 τοῦ
3042 3773 3272 3843 οὐρανοῦ
3308 3775 3369 3826 τὸ
3397 3775 3609 3838 σκεῦος,

2046 3861 2108 3913 τὸ
2132 3862 2357 3931 τρισσὸν
2387 3863 2488 3939 τῆς
2541 3864 2600 3915 ἐν
2629 3863 3078 3934 τῷβαπτίσματι
3129 3865 3485 3931 καταδύσεως
3513 3867 3610 3919 ὑπο

2049 3954 2298 4025 ῃνίττετο
2325 3972 2341 3988 ο
2370 3956 2431 4010 τὺ
2458 3957 2513 4010 δὲ
2547 3958 2946 4030 κεκαθαρίσθαι
2978 3958 3118 4013 αὐτὰ
3147 3959 3302 4030 παρὰ
3329 3958 3424 4012 τοῦ
3444 3958 3611 4020 εθεοΰ.

2048 4044 2146 4115 τήν
2175 4045 2523 4117 δικαιοσύνην
2562 4047 2868 4120 Κορνηλίου
2902 4050 2998 4103 καὶ
3023 4049 3115 4103 τὸν
3144 4049 3291 4103 ἔλεον
3325 4050 3426 4103 σὺν
3456 4048 3612 4103 παντὶ

2892 4140 3002 4212 ἄρα
3040 4139 3219 4194 δεκτοὶ
3269 4138 3347 4211 τῷ
3374 4138 3498 4211 Θεῷ
3524 4138 3614 4192 καὶ

2049 4222 2197 4281 οὗτοι
2222 4230 2566 4300 γεγένηνται.
2883 4245 2892 4254 ·

2121 4315 2196 4370 Γ’.
2235 4319 2687 4397 Διενθυμουμένῳ
2751 4323 2934 4377 τοίνυν
2996 4324 3074 4395 τῷ
3110 4323 3346 4395 Πέτρῳ,
3392 4324 3492 4378 καὶ
3540 4321 3611 4393 μὴ

2053 4414 2293 4464 συνεῖναι
2324 4411 2423 4483 τὴν
2453 4412 2578 4481 δψιν
2630 4414 2765 4486 μηδὲ
2826 4416 3120 4484 συμϐαλεῖν
3174 4416 3374 4485 ἔχοντι,
3415 4418 3466 4470 ot
3516 4416 3615 4468 ὑπὸ

2052 4503 2354 4573 Κορνηλίου
2408 4504 2695 4569 σταλέντες
2756 4508 2894 4574 πρὸς
2937 4509 3057 4569 ταῖς
3091 4507 3283 4578 θύραις
3330 4504 3469 4579 ἧκον
3495 4509 3613 4578 ήδη,

2055 4592 2145 4645 καὶ
2172 4593 2229 4645 τὸ
2258 4592 2481 4663 Πνεῦμα
2508 4594 2746 4648 ὲπιπτάν
2768 4597 2966 4650 αὐτίκα
2985 4599 3085 4661 τήν
3108 4614 3169 4650 τε
3191 4597 3375 4666 ἄφιξιν
3400 4600 3615 4651 ἐκείνων

2057 4685 2284 4755 μηνύειβ
2322 4685 2416 4738 καὶ
2452 4685 2726 4740 συνελθεῖν
2762 4690 2947 4753 αὐτοῖς
2970 4688 3264 4760 ἐπιτρέπει
3289 4688 3383 4741 τὸν
3417 4690 3616 4760 Πέτρον

2051 4777 2214 4846 μηδὲν
2244 4776 2678 4849 διακρινόμενον.
2706 4779 2839 4831 Τότε
2863 4782 2961 4849 μὲν
2984 4781 3048 4841 δὴ
3078 4781 3213 4851 πρὸς
3233 4781 3432 4842 αὐτοὺς
3457 4797 3616 4834 κατα·

2046 4866 2205 4921 ϐάντι
2227 4869 2330 4922 ὅσα
2356 4884 2415 4920 τε
2448 4869 2751 4940 Κορνήλιος
2786 4869 2887 4923 ίόοι
2909 4872 3003 4924 καὶ
3025 4872 3128 4924 ὅσα
3154 4874 3308 4942 παρὰ
3333 4870 3428 4923 τοῦ
3458 4870 3618 4939 ἀγγέ-

2046 4960 2141 5011 λου
2181 4958 2491 5026 ἀκούσειεν,
2544 4962 2979 5030 ἀπαγγέλλουσιν
3018 4964 3166 5033 αὐτῷ
3201 4966 3402 5029 πάντα,
3437 4967 3530 5018 καὶ
3556 4964 3616 5032 τῇ

2052 5051 2176 5118 ἑξῆς
2205 5052 2296 5103 ὲπι
2323 5052 2659 5122 Καισάρειαν
2690 5056 3067 5123 ἀφικνοῦνται.
3097 5059 3617 5126 Προῦπαντήσαντῡς

2056 5141 2113 5194 δὲ
2145 5142 2442 5212 Κορνηλίου
2477 5146 2571 5196 καί⁵
2602 5147 2859 5210 πεσόντος
2892 5149 3029 5218 πρὸς
3069 5149 3196 5210 τοὺς
3244 5148 3408 5211 πόδας
3439 5144 3619 5210 αὐτοῦν

2059 5232 2342 5303 ἀνίστησιν
2392 5238 2555 5290 αὐτὸν
2591 5239 2792 5309 Πέτρος
2816 5254 2831 5271 ·
2869 5259 2887 5290 ι
2934 5239 3104 5309 Κάγὼ
3151 5240 3313 5303 αὐτὸς
3342 5238 3619 5310 ἄνθρωπός

2058 5328 2195 5397 εἰμι,
2231 5347 2250 5379 ι
2288 5329 2481 5383 εἰπών.
2510 5326 2655 5383 Εἶτα
2674 5332 2763 5385 τὸν
2784 5333 2938 5400 λόγον
2963 5334 3063 5403 τῆς
3100 5334 3379 5396 εὐσεϐείας
3408 5331 3623 5400 αὐτῴτε

2061 5418 2155 5469 καὶ
2175 5420 2292 5479 ταῖς
2318 5419 2424 5472 τῶν
2449 5419 2881 5489 συνεληλυθότων
2908 5416 3107 5492 ψυχαῖς
3136 5422 3523 5490 κατασπείρας,
3552 5420 3621 5480 ὡς

2061 5508 2157 5561 καὶ
2211 5508 2311 5578 τὴν
2351 5509 2445 5563 τοῦ
2481 5509 2787 5580 Πνεύμονος
2815 5514 2973 5583 χάριν
3020 5512 3399 5583 ἐφιπταμένην
3448 5509 3621 5568 αὐτοῖς

2061 5596 2172 5652 είδε
2206 5600 2304 5652 καὶ
2332 5599 2394 5651 τὸ
2425 5600 2711 5673 βάπτισμα
2768 5604 3192 5675 παρεγγυῶσαν,
3240 5606 3321 5666 εἰς
3368 5605 3467 5672 τὴν
3500 5601 3622 5668 ἁλή.

2071 5692 2221 5746 θειὰν
2255 5711 2313 5779 35
2346 5695 2541 5760 αὐτοὺς
2575 5698 2943 5767 ἐπαναγαγεῖν
2970 5700 3063 5754 καὶ
3117 5698 3311 5753 τελειοῖ
3336 5697 3415 5769 τῷ
3439 5695 3621 5770 βαπτί-

2075 5805 2259 5858 σματι.
