3820 6460
311 276 449 341 137.97

1291 288 1470 352 VITA
1508 291 1569 353 ε.
1614 291 1988 355 CORNELII
2026 279 2569 354 CENTIIRIONIS.

3389 295 3526 363 P298

1836 424 2062 481 CAPUT
2102 426 2168 481 Il.

1294 570 1300 576 -
1363 533 1431 592 δέ
1457 535 1693 594 Cornelii
1725 537 1953 602 labores,
1981 540 2274 607 prwsertim
2307 538 2510 610 δοβρεε.

375 654 449 708 Δ’.
480 653 811 724 Διασπαρεὶς
841 651 901 706 δὲ
954 611 1090 722 μετά
1121 650 1222 720 τὴν
1266 651 1362 705 ἐπὶ
1400 652 1660 722 Στεφάνῳ
1689 651 1867 722 λύπην

2050 649 2138 705 IV.
2171 651 2304 708 Cum
2330 655 2586 724 dispersis
2602 666 2777 711 autem
2813 657 2881 714 ab
2912 657 3297 731 Hierosolymis
3331 630 3546 730 aposth

301 745 409 800 ἀπὸ
454 743 845 816 Ἱεροσολύμων
874 746 986 806 τοῖς
1030 743 1350 805 ἀποστόλοις
1382 745 1569 813 παρῆν
1605 744 1700 798 καὶ
1727 745 1875 814 Κορ-

301 840 505 906 νήλιος,
551 836 645 889 κα)⁸
694 826 1143 906 μέχριςΦοινίκης
1187 831 1344 906 ἦλθε,
1376 835 1471 888 καὶ
1506 834 1757 901 Κύπρου,
1782 834 1878 889 καὶ

293 925 644 998 σἈντιοχείας
670 927 838 997 αὐτῆς
863 942 876 956 ·
917 927 1011 980 καὶ
1042 926 1232 996 Πέτρῳ
1270 928 1553 997 συναπῆρε
1588 927 1749 982 πάλιν
1780 929 1876 982 κάὶ

262 1016 587 1088 ’Τιμοθὲῳο
615 1018 707 1072 καὶ
754 1017 874 1071 οὐδὲ
904 1019 961 1070 ὲν
1003 1014 1217 1087 Ἐφέσῳ
1271 1018 1452 1071 αὐτῶν
1489 1000 1871 1073 ἀπολέλειπτο.

314 1106 468 1163 Ἐπεὶ
496 1107 552 1163 δὲ
590 1109 685 1163 καὶ
713 1109 822 1162 τῶν
854 1108 1138 1178 Σκεψαίων
1170 1109 1395 1180 μάθοιεν
1417 1111 1573 1164 πόλιν
1635 1111 1874 1177 εἰδώλοις

302 1202 691 1272 ὑποκειμένην,
731 1200 1061 1254 ἐσκέπτοντο
1101 1201 1199 1272 μὲν
1253 1202 1401 1266 ὅστις
1434 1202 1605 1272 αὐτὴν
1633 1202 1876 1257 καταλά-

300 1293 411 1355 ϐοι,
437 1295 531 1346 καὶ
560 1292 623 1347 τὸ
654 1295 885 1363 πρᾶγμα
920 1293 1141 1364 κλήροις
1174 1294 1498 1365 ἐπέτρεπον.
1531 1293 1638 1347 Τοῦ
1668 1294 1873 1365 κλήρου

295 1382 360 1437 ’δὲ
415 1383 714 1456 Κορνήλιον
768 1382 1072 1453 λαχόντος,
1114 1383 1189 1437 ἰδὲ
1246 1383 1450 1447 εὐθέως
1492 1383 1751 1454 ἐπιδημεῖ
1805 1386 1873 1455 τῇ

303 1475 477 1529 πόλει.
512 1476 835 1545 Ἐτοπάρχει
862 1474 919 1528 δὲ
942 1475 1114 1545 αὐτῆς
1142 1475 1455 1547 Δημήτριός
1475 1494 1558 1541 τις
1584 1475 1875 1545 φιλόσοφος

216 1608 222 1613 .
284 1567 399 1622 ικαὶ
412 1567 584 1629 δεινὸς
604 1567 673 1621 τά
696 1565 1008 1636 Ἑλληνικὰ,
1038 1567 1271 1637 φοῦερδν
1304 1567 1448 1620 κατά
1474 1567 1569 1636 τῆς
1610 1565 1877 1628 εὐσεϐοῦς

302 1660 412 1715 τῶν
445 1659 788 1731 Χριστιανῶν
836 1662 1015 1713 πνέων
1073 1660 1329 1724 πίστεως,
1380 1660 1573 1723 ἄλλους
1619 1678 1676 1713 τε
1719 1661 1875 1724 θεοὺς

314 1749 586 1822 Ἐλλήνων
615 1749 814 1819 τιμῶν,
840 1752 935 1803 καὶ
977 1750 1291 1805 Ἀπόλλωνα
1349 1751 1585 1821 μάλιστα
1615 1752 1708 1804 καὶ
1741 1750 1837 1804 Δία
1858 1769 1871 1782 ·

301 1837 460 1907 οὗτος
493 1842 594 1914 τὴν
642 1842 946 1914 Κορνηλίου
1006 1842 1301 1911 ἐπιδημίαν
1342 1841 1550 1911 μαθὼν,
1604 1843 1876 1913 μετεπέμ-

1980 740 2067 804 lis,
2103 753 2226 810 post
2250 747 2585 827 vexationem
2640 764 2760 818 quae
2807 764 2835 803 a
2891 750 3147 820 Stephani
3184 761 3360 806 morte
3406 753 3548 806 acci-

1978 833 2055 886 dit
2082 833 2180 904 (il,
2213 837 2370 890 simul
2401 839 2584 893 aderat
2614 841 2773 901 etiam
2795 840 3099 906 Cornelius,
3134 853 3187 897 et
3214 845 3360 898 venit
3380 860 3547 914 usque.

1984 924 2038 979 in
2064 922 2421 991 Phoenicium.
2474 939 2527 985 et
2567 930 2824 1001 Cyprum,
2866 942 2920 988 et
2949 934 3118 1002 ipsam
3163 934 3543 989 Antiochiam:

1977 1026 2033 1073 et
2068 1034 2254 1075 rursus
2278 1020 2549 1089 profectus
2570 1032 2650 1078 est
2674 1040 2777 1079 una
2808 1039 2929 1079 cum
2964 1025 3124 1083 Petro
3152 1038 3205 1081 et
3234 1026 3542 1081 Timotheo:

1978 1122 2032 1168 et
2063 1129 2171 1169 nec
2222 1116 2665 1184 Epltesi‘quidem
2695 1118 2762 1172 ab
2814 1120 2895 1175 eis
2937 1119 3129 1176 abluit.
3170 1120 3305 1176 Cum
3366 1129 3543 1173 autem

1975 1205 2341 1272 accepissent,
2372 1206 2739 1275 Scepsmorum
2785 1209 3057 1265 civitatem
3088 1210 3165 1281 t2)
3215 1225 3336 1266 esse
3362 1210 3546 1277 subje-

1977 1301 2116 1347 ctam
2140 1295 2308 1349 cultui
2327 1296 2759 1365 simulacrorum,
2789 1299 3183 1364 consultabant,
3205 1302 3450 1371 quisnam
3481 1318 3546 1356 eo

1976 1383 2116 1452 iret;
2158 1394 2213 1439 et
2243 1401 2355 1440 rem
2388 1388 2750 1457 permiserunt
2786 1392 3042 1447 sortibus.
3066 1392 3197 1447 Cum
3224 1408 3345 1448 sors
3367 1402 3544 1449 autem

1976 1474 2208 1529 venisset
2248 1476 2312 1530 ad
2341 1475 2672 1543 Cornelium,
2706 1480 2796 1536 ille
2834 1482 3048 1549 quidem
3101 1494 3247 1538 recta
3292 1483 3437 1537 vadit
3477 1486 3542 1537 ad

1976 1564 2271 1620 civitatem.
2298 1567 2425 1637 Ejus
2443 1577 2618 1623 autem
2643 1571 2927 1639 prmi‘ectus
2948 1583 3066 1628 erat
3089 1574 3304 1643 quidam
3359 1574 3549 1630 Deme-

1915 1719 1924 1729 .
1978 1655 2132 1718 trius,
2172 1656 2263 1726 qui
2298 1666 2415 1711 erat
2442 1658 2807 1728 philosophus,
2856 1671 2912 1716 et
2974 1662 3250 1732 gentilium
3290 1665 3549 1733 supersti-

1980 1746 2216 1801 tionibus
2248 1748 2382 1800 mire
2414 1748 2643 1814 deditus,
2697 1752 3018 1806 horrendum
3049 1753 3260 1821 spirans
3291 1742 3550 1810 adversus

1976 1836 2116 1904 piam
2164 1837 2322 1892 ﬁdem
2355 1839 2815 1908 Christianorum;
2871 1852 2926 1896 et
2971 1842 3105 1897 alios
3143 1844 3421 1912 gentilium
3453 1859 3547 1898 eo-

302 1938 445 2006 ψατο
472 1934 672 1990 αὐτίκα
721 1935 812 1988 τὸν
839 1934 1030 2005 ἀνδρα,
1078 1935 1171 1987 καὶ
1228 1933 1311 2003 ἐφ’
1348 1935 1452 2003 ὅτῳ
1482 1920 1607 2003 ἦκοι
1636 1936 1729 1988 καὶ
1751 1935 1874 1988 ὅθεν

1986 1926 2097 1981 lens
2120 1925 2272 1992 deos,
2326 1931 2565 1985 maxime
2609 1941 2788 1985 autem
2845 1933 3140 2000 Apollinem
3173 1943 3225 1989 et
3249 1932 3457 1989 Jovem.
3502 1934 3550 1989 is

305 2030 402 2083 καὶ
429 2028 511 2082 ὅτι
538 2029 604 2083 ἂν
642 2028 791 2099 αὐτῷ
811 2028 871 2082 τὸ
898 2028 1259 2100 ἐπιτήδευμα,
1286 2014 1635 2084 ἐπυνθάνετο.
1697 2029 1759 2085 Ὀ
1791 2030 1875 2084 δέ’

305 2102 519 2184 Δοῦλος.
540 2119 641 2191 μέν
672 2123 790 2191 είμι
820 2120 914 2173 τοῦ
948 2120 1148 2185 ζῶντος
1169 2120 1328 2183 Θεοῦ,
1359 2121 1463 2190 ἔψη
1489 2138 1501 2150 ·
1553 2122 1882 2194 ὲστειλάμην

294 2209 362 2264 ’δὲ
392 2210 492 2281 τὴν
517 2209 770 2274 ἐνταῦθα,
799 2209 939 2262 ὥστε
965 2210 1258 2266 ἀναλαϐεῖν
1291 2212 1393 2281 μέν
1421 2229 1479 2264 σε
1515 2211 1610 2264 τοῦ
1642 2212 1881 2283 βαθυτά-

305 2316 400 2353 του
436 2302 661 2365 σκότους
715 2304 817 2372 τῆς
864 2302 1164 2370 ἀγνωσίας,
1207 2296 1287 2375 τῷ
1328 2304 1468 2372 φωτὶ
1518 2305 1574 2357 δὲ
1603 2305 1882 2358 οἰκειῶσαι

242 2454 245 2457 _
301 2390 405 2462 ’τῆς
434 2390 694 2461 ἀληθείας
723 2394 818 2446 καὶ
850 2393 1095 2464 καθαρὰν
1126 2394 1471 2463 ἐπιγνώσεως
1493 2396 1687 2449 ἀκτῖνα
1715 2399 1780 2467 τῇ
1815 2399 1879 2469 σῇ

304 2482 454 2554 ψυχῇ
486 2483 798 2551 ἐπαφεῖναι.
831 2468 1054 2538 Τούτων
1084 2485 1205 2539 οὐδὲ
1231 2485 1387 2553 ὀλίγα
1423 2486 1623 2550 συνιεὶς
1648 2468 1878 2549 ἐκεῖνος,

307 2573 484 2643 θυμοῦ
522 2591 581 2629 τε
614 2576 752 2629 κατὰ
810 2575 983 2647 βραχὺ
1039 2577 1455 2647 ὑπεπίμπλατο,
1509 2580 1605 2631 καὶ
1655 2579 1882 2648 μανικὸν

309 2664 594 2734 ιξαεφνης,
632 2667 724 2720 καὶ
754 2661 950 2737 άγριόν
995 2666 1399 2735 ἀναφθέγγεται
1418 2682 1433 2696 ’
1461 2668 1632 2721 ¹’Δλλα
1670 2660 1728 2721 σε
1756 2668 1884 2738 ήρό-

311 2764 461 2820 μήν’
488 2750 655 2820 ἔτερα
676 2752 733 2803 δέ
767 2769 857 2822 μοι
889 2753 1049 2816 αὐτὸς
1102 2754 1376 2827 ἀποκρίνῃ
1399 2770 1413 2783 ·
1457 2756 1531 2825 μὰ
1559 2758 1682 2818 τοὺς
1728 2757 1883 2821 θεοὺς

312 2839 583 2908 ἅπαντας,
603 2845 652 2897 εί
680 2844 753 2915 μὴ
771 2846 828 2899 ἐν
851 2846 1041 2916 κόσμῳ
1066 2849 1160 2899 καὶ
1182 2848 1316 2917 μετά
1336 2847 1571 2919 σπουδῆς
1586 2849 1879 2919 ἀποκρίνῃ,

309 2934 375 2986 οὐ
413 2932 675 3004 φείσομαι
714 2934 809 2989 τοῦ
852 2936 947 2989 σοῦ
976 2938 1187 3008 γήρως,
1239 2933 1300 2991 οὐ
1353 2938 1512 2991 δώσω
1555 2938 1883 3010 συγγνώμην

308 3027 377 3096 τῇ
404 3026 609 3099 ήλικίᾳ,
637 3028 697 3082 οὐ
728 3029 825 3100 τήν
875 3029 1068 3087 πολιάν
1136 3030 1548 3102 αίδεσθήσομαι,
1590 3032 1730 3104 πλὴν
1769 3033 1881 3086 ἀλλ’

302 3116 437 3171 sine
462 3121 554 3172 καὶ
580 3120 686 3174 τίνι
718 3120 1008 3194 στρατεύῃ,
1045 3125 1142 3176 καὶ
1167 3123 1251 3194 ἐφ’
1280 3117 1324 3193 ᾧ
1365 3125 1771 3195 παραγέγονας.

376 3292 461 3349 Ἑν.
518 3295 579 3349 Ὀ
602 3292 663 3350 ’δὲ
686 3282 1020 3370 Κορνήλιος*
1057 3302 1119 3353 Ei
1155 3282 1333 3370 βούλει
1368 3303 1561 3371 μαθεῖν
1585 3305 1679 3356 καὶ
1708 3303 1881 3375 ἥτιςή

309 3386 752 3459 οτρατείαὲμοὶ,
778 3390 905 3460 ἔφη,
940 3393 1341 3465 ἑκατοντάρχης
1389 3394 1534 3462 εἰμί,
1579 3396 1692 3449 Καὶ
1723 3396 1888 3459 εὐθὺς

316 3476 385 3529 τὰ
419 3480 796 3549 προειρημένα
837 3482 1170 3553 σαφέστερον
1201 3486 1492 3539 ἀνεκὺκλει
1534 3486 1716 3540 πάλιν.
1770 3488 1889 3541 Μα-

316 3567 425 3622 θὼν
450 3571 581 3641 γὰρ,
607 3572 797 3643 φησιν,
844 3572 919 3635 ὡς
955 3575 1168 3648 μεγάλῃ
1201 3575 1379 3651 πλάνῃ
1430 3577 1594 3640 αὑτός
1640 3595 1699 3631 τε
1730 3579 1824 3632 καὶ
1853 3580 1887 3650 ή

310 3655 553 3725 ίσύζυγος
580 3661 677 3713 καὶ
704 3662 852 3715 πᾶσα
876 3662 909 3733 ή
943 3661 1050 3715 ὑπὸ
1082 3664 1167 3716 σοὶ
1207 3665 1435 3736 κειμένη
1464 3666 1607 3736 ἀρχὴ
1668 3667 1888 3737 περιπέ-

314 3765 483 3813 σοιτε,
540 3751 661 3822 ἥκω
711 3752 809 3821 τὴν
839 3752 1055 3823 ἀπάτην
1084 3753 1264 3808 λύσων
1309 3756 1404 3809 καὶ
1457 3761 1888 3827 χειραγωγήσων

316 3840 406 3893 ἐπὶ
435 3839 535 3911 τήν
561 3842 681 3895 ὁδὸν
724 3844 822 3913 τῆς
855 3843 1116 3915 ἀληθείας
1147 3846 1289 3917 ὑμᾶς
1320 3847 1415 3901 καὶ
1446 3847 1522 3917 τῷ
1556 3848 1702 3918 μόνῳ
1725 3849 1888 3912 ζῶντι

313 3929 437 3998 θεῷ
472 3930 845 3999 καταλλάξων,
881 3934 939 3999 ὃς
997 3935 1224 4007 ἐποίησε
1270 3919 1372 3990 τὸν
1412 3937 1638 4009 οὐρανὸν
1670 3941 1762 3992 καὶ
1790 3938 1888 4008 τήν

314 4023 419 4093 γῆν
450 4027 546 4078 καὶ
571 4025 661 4092 ὑφ’
690 4019 752 4080 οὗ
786 4026 853 4079 τά
883 4029 941 4080 ἐν
972 4027 1155 4091 αὐτοῖς
1184 4027 1362 4082 πάντα
1385 4029 1667 4101 παρήχθη,
1695 4030 1789 4085 καὶ
1825 4024 1887 4085 οὗ

307 4116 396 4186 ’τῷ
448 4115 679 4185 νεύματι
737 4118 948 4186 ἄγεται.
996 4120 1139 4189 Πρὸς
1181 4120 1354 4176 ταῦτα
1411 4122 1504 4175 τὸν
1575 4124 1888 4194 Δημήτριον

304 4204 526 4275 ὑρῶντα
553 4194 929 4274 πρεσϐύτατον
962 4209 1063 4280 ήδη
1093 4208 1280 4276 φάναι,
1315 4210 1423 4263 Καί
1467 4210 1535 4280 μέ
1563 4228 1644 4275 τις
1678 4212 1765 4265 ὀιά
1791 4210 1889 4284 τὴν

314 4292 763 4365 ἡλικίανοῐκτος
815 4298 1171 4369 εἰσέρχεται’
1226 4299 1353 4362 τοὺς
1396 4301 1646 4371 μακροὺς
1705 4301 1887 4356 τοίνυν

316 4386 521 4461 λήρους
543 4388 709 4451 ἐάσας
737 4389 765 4458 (.
783 4389 957 4459 βραχὺ
997 4389 1106 4459 γάρ
1132 4406 1216 4442 σοι
1243 4389 1410 4459 spei)-
1447 4389 1629 4455 θύσον,
1665 4391 1886 4461 προσελ-

316 4477 427 4532 θὼν
452 4481 566 4543 τοῖς
590 4480 731 4542 θεοῖς
752 4496 766 4511 ο
799 4481 895 4533 τοῦ
950 4480 1007 4533 δὲ
1051 4480 1168 4543 καὶ,
1202 4480 1383 4544 Ποίοις
1417 4479 1597 4548 θεοῖς;
1627 4482 1889 4552 ἐπανερο-

307 4568 522 4638 μένου·
561 4569 718 4623 Τίσιν
778 4569 960 4634 ἄλλοις
986 4588 1074 4640 γε,
1123 4568 1277 4625 εἶπεν
1324 4571 1550 4635 ἐκεῖνος,
1668 4573 1753 4625 Διὶ
1793 4575 1888 4627 καὶ

1982 2035 2103 2073 cum
2135 2020 2433 2089 accepisset
2458 2022 2526 2077 de
2546 2024 2776 2077 advequ
2802 2022 3058 2084 Cornelii.
3081 2016 3202 2079 cum
3229 2027 3409 2080 statim
3457 2041 3551 2080 ac-

1982 2111 2187 2193 cersiit,
2219 2122 2275 2166 et
2297 2128 2395 2166 cur
2425 2114 2678 2179 venisset,
2702 2123 2758 2169 et
2806 2116 2965 2179 unde,
3016 2127 3075 2170 et
3118 2120 3384 2184 quodnam
3411 2128 3551 2176 esset

1981 2201 2097 2271 ejus
2123 2203 2385 2267 studium,
2403 2205 2773 2275 interrogavit.
2797 2204 2891 2261 llle
2906 2215 3081 2261 autent
3107 2226 3120 2261 :
3148 2206 3276 2262 Sum
3312 2209 3547 2279 quidem,

1985 2292 2177 2362 inquit,
2206 2310 2396 2350 servus
2428 2296 2518 2349 Dei
2552 2297 2678 2350 vivi.
2713 2296 2847 2351 Veni
2903 2307 3083 2352 autem
3114 2300 3223 2363 huc
3253 2301 3471 2365 missus,
3492 2307 3552 2355 ut

1984 2390 2035 2435 te
2062 2398 2309 2438 revocem
2346 2400 2375 2437 λ
2423 2384 2860 2454 prolundissimis
2916 2388 3157 2443 tenebris
3210 2388 3549 2459 ignorantiae,

1982 2472 2352 2544 deducamque
2379 2479 2444 2530 ad
2492 2477 2665 2531 lucem
2698 2478 2961 2544 veritatis,
3012 2487 3067 2533 et
3118 2494 3309 2547 purum
3342 2480 3550 2534 radium

1982 2566 2272 2633 agnitionis
2323 2566 2611 2621 immittam
2658 2569 2718 2620 in.
2744 2577 2885 2622 tuam
2924 2569 3181 2623 animam.
3223 2566 3425 2624 Horum
3461 2570 3551 2625 ille

1984 2670 2050 2709 ne
2071 2670 2240 2725 pauca
2267 2657 2483 2725 quidem
2516 2658 2845 2728 intelligens,
2875 2659 2955 2713 ira
2979 2660 3121 2713 illico
3167 2659 3266 2713 fuit
3293 2659 3548 2729 repletus.

1983 2762 2230 2817 smveque
2264 2758 2484 2815 repente
2534 2749 2769 2818 loquitur
2796 2759 2850 2806 et
2892 2749 3145 2815 ferociter
3179 2768 3194 2806 :
3244 2752 3360 2806 Alia
3386 2762 3436 2807 te
3457 2766 3552 2806 ro-

1981 2840 2122 2910 gavi,
2151 2849 2204 2891 tu
2229 2846 2407 2893 autem
2426 2840 2527 2893 alia
2555 2840 2684 2894 mihi
2713 2843 3018 2910 respondes.
3046 2842 3149 2897 Per
3190 2842 3323 2900 deos
3343 2857 3552 2910 omnes,

1982 2930 2027 2983 si
2057 2946 2158 2982 tmn
2192 2929 2398 2999 singula
2432 2930 2567 2984 dicis
2595 2928 2660 2983 ad
2697 2931 3052 2999 propositum,
3078 2930 3245 2984 sinon
3274 2932 3551 2985 moderate

1978 3032 2035 3078 et
2065 3023 2349 3091 diligenter
2390 3023 2714 3093 respondes.
2755 3038 2858 3076 non
2894 3037 3109 3091 parcam
3137 3031 3238 3077 tuae
3262 3022 3552 3087 senectuti.

1984 3131 2088 3169 non
2108 3114 2382 3185 ignoscam
2402 3123 2505 3167 ture
2522 3114 2687 3176 aetati,
2706 3098 2811 3167 non
2833 3114 3120 3179 reverebor
3142 3112 3415 3167 canitiem.
3437 3110 3551 3169 Sed

1984 3209 2089 3271 dic,
2118 3206 2279 3261 etcui
2304 3205 2597 3270 milites,et
2631 3218 2864 3275 quanam
2907 3208 2972 3259 tle
3030 3220 3192 3258 causa
3234 3205 3551 3289 accesseris.

1914 3310 1955 3366 ο
2059 3295 2123 3351 ν.
2149 3296 2653 3360 Coroeliusautem,
2701 3294 2756 3349 Si
2789 3295 2939 3357 Velis,
2979 3295 3172 3365 inquit,
3215 3295 3378 3359 scire,
3407 3308 3556 3363 qua-

1988 3404 2112 3443 nam
2141 3389 2214 3442 sit
2242 3401 2358 3441 mea
2387 3386 2599 3452 militia,
2632 3402 2750 3441 sum
2782 3386 2998 3453 quidem
3033 3386 3300 3441 centurio.
3334 3382 3402 3440 Et
3433 3401 3556 3439 rur-

1988 3494 2079 3535 sus
2109 3478 2347 3547 apertius
2378 3476 2577 3531 evolvit
2601 3483 2656 3530 et
2684 3475 2971 3544 explicavit
3003 3489 3064 3529 ea
3091 3488 3211 3544 qua:
3240 3474 3390 3544 prius
3414 3474 3557 3529 dicta

1988 3579 2135 3625 sunt.
2160 3569 2291 3622 Nam
2328 3582 2474 3632 cum,
2502 3567 2696 3636 inquit,
2731 3566 3084 3635 accepissem,
3142 3564 3286 3635 quod
3340 3563 3457 3633 ipse
3502 3574 3561 3620 et

1989 3675 2122 3715 uxor
2142 3670 2252 3724 tua,
2289 3665 2342 3712 et
2365 3658 2622 3728 quidquid
2651 3669 2733 3711 est
2761 3657 2815 3711 in
2834 3668 2937 3730 .tua
2964 3654 3189 3720 ditione,
3216 3654 3273 3711 in
3305 3669 3558 3726 magnum

1988 3768 2228 3808 errorem
2260 3749 2592 3814 incideritis,
2644 3750 2800 3803 venio
2845 3762 2939 3802 vos
2972 3744 3299 3801 liberaturus
3326 3760 3357 3800 a
3403 3746 3561 3810 deceg

1988 3844 2190 3914 ptione,
2222 3850 2278 3896 et
2310 3856 2406 3897 vos
2448 3840 2775 3896 deducturus
2807 3838 2878 3895 ad
2907 3838 3047 3894 viam
3080 3838 3343 3917 veritatis,
3376 3846 3434 3893 et
3457 3839 3556 3893 soli

1988 3935 2185 3991 viventi
2220 3937 2328 3990 Deo
2362 3933 2829 3996 rcconciiiaturus,
2854 3932 2943 4003 qui
2979 3930 3108 3987 fecit
3131 3930 3328 3988 ccelum
3363 3940 3415 3987 et
3446 3938 3571 3999 ter-_

1990 4040 2129 4094 ram,
2158 4036 2215 4079 et
2256 4041 2288 4079 a
2318 4039 2423 4095 quo
2455 4023 2712 4093 producta
2744 4031 2893 4086 sunt,
2947 4035 3287 4091 quaecunque
3332 4030 3455 4075 sunt
3506 4020 3560 4073 in

1990 4116 2139 4185 ipsis,
2171 4126 2226 4172 et
2252 4120 2407 4186 cujus
2448 4124 2581 4170 nutu
2630 4117 2925 4170 ducuntur.
2972 4111 3055 4167 Ad
3100 4113 3215 4168 hate
3244 4110 3559 4174 Demetrius,

1990 4208 2159 4265 Video
2184 4218 2258 4277 te,
2301 4209 2497 4278 inquit,
2540 4207 2653 4276 jam
2683 4208 2840 4262 senio
2876 4220 2998 4261 esse
3020 4206 3344 4267 coniectum,
3375 4211 3429 4257 et
3476 4214 3562 4255 me

1992 4302 2065 4356 tui
2088 4301 2309 4357 miseret
2349 4308 2570 4370 propter
2589 4308 2826 4354 aetatem.
2851 4296 3099 4355 Prolixas
3124 4310 3253 4366 ergo
3281 4309 3450 4365 nugas
3473 4294 3562 4362 ju-

1988 4393 2120 4447 bens
2144 4392 2324 4446 valere
2359 4391 2567 4461 (paucis
2605 4391 2748 4446 enim
2801 4398 2978 4443 tecum
3021 4386 3221 4458 agam),
3281 4383 3477 4440 accede
3508 4393 3563 4438 et

1990 4485 2093 4539 diis
2120 4482 2386 4539 sacriﬁca.
2422 4483 2556 4539 Cum
2586 4482 2677 4537 ille
2721 4490 2901 4537 autem
2934 4487 3196 4549 rogasset,
3228 4476 3559 4542 Quibusnam

1990 4576 2132 4631 diis?
2162 4574 2495 4643 Quibusnam
2530 4574 2673 4640 aliis,
2701 4573 2876 4643 inquit
2899 4571 3202 4643 praefectus,
3232 4566 3336 4622 nisi
3364 4565 3481 4620 Jovi
3508 4578 3562 4619 et

329 4660 663 4727 Ἀπόλλωνι;
696 4662 760 4716 Ei
802 4662 859 4715 δὲ
909 4664 1004 4716 καὶ
1039 4663 1197 4717 τοῦτο
1216 4663 1560 4728 ἀνανεύσεις,
1599 4640 1880 4734 γαλεπαῖς,

1993 4666 2268 4737 Apollini?
2297 4665 2391 4721 Sin
2428 4675 2605 4720 autem
2627 4664 2987 4741 recusaveris,
3010 4662 3153 4717 scias
3178 4660 3316 4724 fore,
3354 4667 3413 4712 ut
3437 4672 3561 4726 gra-

318 4746 378 4805 εὗ
413 4752 543 4814 ἴσθι,
573 4753 827 4806 κολάσεσι
866 4756 958 4807 καὶ
1008 4754 1295 4826 στρέϐλαις
1352 4745 1754 4827 παραδοθήσῃ·’
1792 4759 1889 4810 κα)⁵

316 4841 491 4908 οὐδεὶς
522 4843 792 4914 άραοθτω
818 4844 1058 4908 δυνατὸς.
1076 4847 1227 4916 παρὰ
1288 4846 1511 4909 τούτους
1566 4845 1718 4899 ἔσται
1745 4846 1887 4913 θεὸς,

317 4930 377 4993 ὃς
406 4931 516 4985 τῶν
538 4934 688 5003 ἐμῶν
734 4934 995 4999 ὲξελεῖταί
1030 4952 1090 4989 σε
1124 4936 1345 5006 χειρῶν.
1403 4938 1467 4991 '0
1498 4938 1557 4991 δέ
1577 4958 1591 4973 ·
1626 4938 1887 5007 Δύναται,

322 5024 511 5091 φησιν,
564 5026 594 5077 ὁ
651 5025 783 5095 ἐμὸς
814 5026 967 5091 Θεὸς,
1000 5027 1061 5079 οὐ
1094 5028 1279 5082 κακῶν
1332 5028 1519 5101 ἀπαθῆ
1548 5030 1731 5099 μόνον,
1766 5031 1889 5086 οὐδὲ

318 5117 423 5182 τῆς
461 5119 521 5185 ἐξ
567 5120 872 5191 ἀνθρώπων
913 5121 1203 5193 κρείττονα
1232 5124 1530 5195 ὲπηρείσας
1556 5126 1656 5196 ἐμὲ
1685 5127 1887 5181 διασῶ-

327 5210 596 5279 σαι,ἀλλά
633 5214 729 5268 καὶ
749 5212 843 5278 οὓς
872 5213 1032 5279 αὐτὸς
1062 5213 1350 5287 ὀνομάζεις
1404 5214 1561 5280 θεοὺς
1612 5216 1883 5285 καθελεῖν,

398 5368 474 5439 (1)
506 5369 644 5442 imo,
674 5379 735 5425 ut
763 5385 828 5426 ex
856 5370 1009 5427 Actis
1034 5380 1207 5442 patet,
1238 5370 1500 5442 Stephani
1548 5373 1721 5428 caedes
1763 5385 1889 5430 ante

325 5438 558 5511 gernelii
579 5442 987 5511 conversionem
1004 5438 1246 5511 contigit.
1270 5438 1457 5497 Me'lius
1479 5445 1533 5496 in
1558 5453 1698 5497 orat.
1723 5444 1789 5499 de
1827 5445 1887 5501 ὃ.

323 5507 471 5580 Petri
499 5509 883 5580 certaminibus
909 5526 1067 5580 supra
1101 5507 1265 5566 citata
1320 5528 1470 5567 num.
1498 5512 1718 5567 6.tradit
1751 5515 1889 5568 idem

328 5578 748 5651 Metaphrastes,
779 5578 1091 5651 Cornelium
1116 5595 1236 5635 cum
1262 5581 1422 5637 Petro
1465 5583 1888 5651 peregrinatum,

332 5657 613 5718 postquam
642 5650 732 5706 hic
757 5666 824 5706 ex
873 5649 1367 5720 Hierosolymitano
1407 5649 1628 5708 carcere
1669 5662 1891 5722 ereptus

1993 4758 2148 4814 vibus
2171 4757 2447 4839 suppliciis
2482 4766 2537 4812 et
2563 4756 2849 4812 tormentis
2901 4753 3174 4809 tradaris:
3223 4763 3396 4820 neque
3423 4748 3562 4839 ullus

1947 4910 1953 4917 ,
1993 4838 2310 4920 praeter'eos
2355 4846 2461 4902 erit
2499 4845 2645 4902 Deus
2674 4846 2808 4901 adeo
2838 4853 3049 4915 potens,
3073 4843 3163 4910 qui
3194 4851 3243 4896 te
3272 4844 3344 4894 sit
3372 4855 3401 4893 a
3429 4838 3562 4892 meis

1987 4948 2271 5010 erepturus
2289 4938 2557 4993 manibus.
2590 4937 2683 4992 Ille
2711 4944 2916 5003 autem,
2956 4934 3160 5000 Potest,
3193 4920 3387 5002 inquit,
3422 4929 3560 4984 Deus

1988 5044 2141 5086 meus
2162 5043 2252 5085 me
2279 5044 2382 5083 non
2411 5027 2582 5093 solum
2615 5042 2645 5081 a
2677 5025 2831 5081 malis
2851 5038 3173 5082 conservare
3204 5022 3453 5087 iitzvsitm,
3508 5028 3562 5073 et

1988 5121 2197 5179 eﬂicere
2224 5132 2281 5177 ut
2306 5123 2407 5175 sim
2445 5120 2720 5176 hominum
2754 5119 2963 5187 injuriis
3018 5127 3072 5173 et
3120 5117 3409 5173 iusultibus
3470 5128 3561 5168 su-

1988 5218 2187 5292 perior,
2217 5217 2309 5271 sed
2336 5229 2429 5271 eos
2477 5214 2640 5271 etiam
2674 5214 2973 5281 destruere,
3029 5230 3166 5286 quos
3200 5225 3253 5267 tu
3302 5214 3432 5266 deos
3458 5223 3557 5262 no—

2000 5375 2121 5430 fuit.

2071 5441 2396 5515 (2)_Seepsi_s
2424 5441 2573 5515 regio
2591 5449 2676 5515 est
2718 5441 2860 5515 apud
2899 5440 3039 5515 Elin.
3080 5441 3176 5515 lib.
3211 5455 3260 5501 v,
3313 5438 3557 5515 capLStl.

1997 5510 2126 5582 Ejus
2153 5510 2871 5582 fortas_sis_primariagurbs
2910 5510 3158 5582 Scepsis,
3198 5525 3361 5582 quam
3413 5510 3559 5582 ξυρῆ-

1997 5578 2092 5651 ψὶν
2123 5578 2632 5653 vocat_Pto[etti:eus
2660 5580 2770 5653 tab.
2803 5596 2840 5653 ι,
2880 5578 3039 5644 Asiae,
3071 5578 3319 5649 luctuque
3347 5581 3402 5635 in
3437 5578 3559 5653 ny-

1999 5649 2078 5709 sia
2110 5650 2331 5716 minori,
2353 5666 2471 5721 qum
2510 5660 2593 5706 est
2622 5651 2687 5706 ad
2728 5649 3151 5718 Hellespontum.
3193 5667 3215 5700 ι
