3820 6466
324 341 453 425 not

1302 314 1483 418 vim
1519 356 1582 419 s.
1617 356 1979 418 CORNELII
2009 309 2565 421 .CENTURiONIS.

3412 320 3558 419 téoa
3584 314 3601 336 ’

319 459 415 513 καὶ
453 461 782 533 συνέτριψας
818 465 888 519 τά
919 466 1249 539 ἀγάλματα;
1277 469 1413 524 ἀλλά
1437 470 1770 542 βαρυτάταις
1820 489 1880 525 σε

2001 475 2273 544 )rzestigiis
2298 475 2553 543 templum
2580 471 2843 536 evertisti,
2876 482 2929 526 et
2964 478 3173 526 statuas
3202 468 3558 540 confregisti?

315 553 365 604 ot
393 551 505 605 θεοὶ
544 551 783 619 ἅπαντες
832 556 1064 611 ἴστωσαν
1115 561 1407 631 τιμωρίαις
1456 559 1735 616 ὑποϐαλῶ.
1770 561 1884 615 Καὶ

318 632 518 699 αὐτίκα
552 646 847 701 ἐσκέπτετο
902 649 954 703 τί
1007 651 1073 704 ἀν
1108 651 1281 704 ποιῶν
1337 651 1677 722 πικροτάτην
1736 652 1883 723 αὐτῷ

317 737 415 807 τὴν
438 738 659 793 κόλασιν
687 742 903 810 ἐπάγοι.
936 743 1210 815 Ἐσπέρας
1237 744 1293 799 δὲ
1318 744 1418 815 ἤδη
1445 744 1882 815 καταλαϐούσης.

317 828 531 884 κελεύει
582 831 805 887 δεθέντα
847 836 1035 905 χεῖρας
1080 835 1216 905 ὁμοῦ
1243 835 1338 890 καὶ
1370 836 1536 899 πόδας
1585 836 1676 889 τὸν
1727 836 1884 905 ἅγιον

319 921 693 994 ἀναρτηθῆναι
715 927 867 998 παρὰ
891 930 956 999 τῇ
984 928 1224 999 φυλακῇ,
1266 927 1363 981 καὶ
1394 927 1538 982 οὕτω
1576 930 1726 999 ξπαρο
1754 929 1884 1000 ὃλην

317 1018 414 1087 τὴν
453 1016 622 1073 νύκτα
647 1019 951 1076 διατελέσαι
987 1023 1360 1093 κρεμάμενον.
1416 1009 1603 1076 Ταῦτα
1634 1023 1763 1093 ἔφη,
1792 1024 1888 1077 καὶ

318 1112 409 1165 τον
444 1114 602 1180 ἅγιον
632 1113 792 1177 εὐθὺς
815 1109 961 1184 εἶχεν
993 1114 1026 1183 ἡ
1058 1113 1299 1183 φυλακή.

1993 559 2097 621 Sed
2124 575 2175 621 te
2202 556 2536 636 gravissimis
2555 567 2751 638 (sciant
2772 580 2961 620 omnes
2985 564 3080 632 dii)
3118 564 3398 632 subjiciam
3428 578 3558 631 sup-

1982 658 2188 729 pliciis.
2217 658 2282 711 Et
2311 660 2491 713 statim
2523 658 2878 723 consultabat,
2912 657 3167 727 quidnam
3218 670 3404 726 agens,
3434 670 3554 707 eum

1995 747 2344 801 acerbissimo
2404 746 2639 802 alliceret
2690 746 2972 815 supplicio.
3029 744 3162 799 Cum
3212 745 3324 811 jam
3376 752 3554 796 autem

1992 838 2338 892 atlventasset
2384 851 2626 906 vespera,
2672 836 2827 907 jubet
2875 843 3119 890 sanctum
3169 833 3349 903 ligatis
3400 830 3557 887 simul

1992 930 2222 1000 pedibus
2250 936 2302 983 et
2336 929 2583 983 manibus
2606 928 2862 997 suspendi
2884 931 2936 982 in
2973 928 3240 990 custodia,
3274 934 3325 980 et
3356 925 3430 979 ita
3474 934 3557 978 too

1992 1034 2102 1076 tant
2137 1030 2349 1075 noctem
2384 1035 2601 1074 manere
2632 1036 2975 1089 suspensum.
3018 1018 3141 1073 llrec
3170 1018 3329 1083 dixit,
3369 1024 3423 1072 et
3450 1027 3559 1069 sta-

1993 1115 2094 1168 tim
2143 1123 2365 1169 sanctus
2394 1110 2498 1167 fuit
2520 1114 2798 1181 eoujectus
2828 1114 2880 1167 in
2908 1126 3207 1167 carcerem.

1790 1269 2017 1326 CAPUT
2046 1270 2136 1325 Ill.

1339 1409 1702 1480 Scepmorum
1731 1408 2023 1463 conversio.
2056 1406 2115 1463 S.
2156 1404 2389 1464 Cornelii
2416 1410 2608 1464 obitus.

390 1549 471 1601 H'.
507 1548 853 1618 Παραχρῆμα
902 1545 960 1600 δὲ
989 1546 1098 1602 τῶν
1116 1546 1346 1607 ,οἰκείων
1394 1565 1477 1612 τις
1504 1546 1888 1614 ἐπικαταλαμ-

318 1644 471 1696 ϐάνει
499 1641 702 1712 σπουδῇ
735 1641 987 1709 Τελεφῶν
1006 1642 1067 1695 τὸ
1086 1642 1258 1712 ὄνομα
1278 1658 1294 1675 ·
1312 1638 1383 1694 Ὦ
1405 1641 1668 1706 δέσποτα,
1690 1640 1888 1709 λέγων,

318 1735 352 1802 ἡ
381 1732 639 1785 δέσποινα
668 1731 952 1806 aeuum
980 1734 1008 1785 ό
1029 1731 1327 1804 μονογενὴς
1348 1732 1461 1794 υίὸς
1485 1730 1886 1802 διεφθάρησαν,

2062 1544 2195 1601 Vlll.
2241 1545 2499 1612 Protinus
2541 1557 2719 1603 autem
2751 1550 2896 1605 venit
2948 1562 3177 1622 propere
3224 1550 3444 1621 quidam
3494 1567 3558 1606 ex

1972 1638 2324 1703 domesticis,
2392 1639 2611 1695 nomine
2669 1639 2970 1711 Telephon,
3040 1642 3274 1698 dicens:
3313 1642 3560 1707 Domine,

1991 1729 2210 1785 domina
2247 1744 2363 1785 mea
2392 1740 2445 1785 et
2481 1730 2620 1787 lilius
2675 1741 2796 1787 tuus
2829 1734 3063 1804 unigena
3100 1735 3399 1805 perierunt,
3431 1750 3555 1791 cum

319 1824 871 1893 ἐπικατασεισθέντος
918 1825 1101 1887 αὐτοῖς
1129 1823 1225 1877 τοῦ
1257 1824 1381 1877 νεώ.
1435 1824 1745 1894 Δημήτριος
1796 1817 1890 1875 οῦν

2001 1829 2152 1877 terra:
2177 1833 2326 1877 motu
2351 1838 2675 1881 concussum
2701 1824 2801 1879 l‘uit
2834 1825 3117 1895 templum.
3149 1826 3451 1883 Demetrius
3471 1842 3564 1881 au-

316 1915 477 1976 εύθὺς
498 1914 738 1980 ἀκούσας
770 1910 1178 1987 περιερρήξατο
1199 1915 1296 1983 τὴν
1344 1915 1549 1980 ἐσθῆτα
1572 1914 1667 1966 καὶ
1702 1912 1889 1966 πένθει

319 2006 541 2078 μεγάλῳ
574 2007 871 2083 συνείχετο.
905 2004 1123 2069 Μεταξὺ
1155 2005 1211 2058 δὲ
1238 2006 1443 2058 καὶτὸν
1473 2004 1604 2074 χοῦν
1621 2004 1702 2067 είς
1724 2004 1889 2074 τάχος

314 2100 426 2162 τοῖς
455 2098 547 2151 ὑπ’
578 2098 740 2152 αὐτὸν
778 2097 1026 2151 ἐκέλευεν
1052 2100 1324 2168 ἐκφορεῖν,
1364 2098 1510 2161 Ἕως
1536 2098 1605 2150 τὰ
1632 2097 1731 2168 τῆς
1758 2098 1892 2164 ἀγα-

268 2193 295 2246 ’.
316 2190 417 2261 θῆς
440 2190 585 2260 ἐμοὶ,
616 2189 814 2259 λέγων,
839 2190 933 2244 καὶ
959 2189 1160 2260 πιστῆς
1180 2188 1413 2258 συζύγου
1447 2189 1542 2243 καὶ
1562 2187 1656 2242 τοῦ
1694 2188 1894 2257 γλυκυ·

313 2282 479 2337 τάτου
510 2282 701 2347 παιδὸς
729 2281 824 2335 τοῦ
867 2266 1193 2352 μονογενοῦς
1250 2280 1573 2352 ἀνευρόντες
1600 2280 1785 2346 ὀστέα,
1813 2280 1895 2345 είς

314 2372 458 2443 ἐμὰς
514 2373 705 2443 χεῖρας
756 2372 1038 2442 κομίσετε.
1086 2369 1275 2427 Ταῦτα
1318 2370 1456 2441 ὁμοῦ
1511 2371 1646 2441 πρὸς
1695 2371 1894 2436 αὐτοὺς

254 2518 259 2523 ,
304 2459 474 2529 ἔλεγε
522 2460 619 2513 καὶ
674 2459 812 2531 μετὰ
867 2460 965 2532 τῆς
1002 2461 1187 2531 φωνῆς
1238 2459 1391 2532 ἔρρει
1432 2460 1501 2517 τὰ
1534 2461 1767 2533 δάκρυα,
1799 2462 1894 2516 καὶ

317 2553 599 2626 βαρύτατα
623 2553 829 2619 ἔστενε,
858 2555 953 2608 καὶ
980 2553 1219 2621 ἐπένθει,
1247 2554 1343 2609 καὶ
1357 2554 1711 2618 τοῦς-ἐκείνου
1737 2552 1893 2616 θεοὺς

313 2649 527 2720 ᾐτιᾶτο,
556 2647 639 2701 ὅτι
669 2646 779 2712 ζῶν
814 2647 895 2711 είς
919 2646 1079 2717 δεῦρο
1108 2646 1398 2718 τετήρητο,
1442 2645 1697 2717 τοιαύτην
1728 2646 1894 2715 ἀγγεο

203 2745 213 2754 “
314 2740 439 2795 λίαν
484 2741 722 2796 ἀκοῦσαι
773 2742 1002 2813 πικράν.
1053 2740 1579 2812 Περικαθισαμένων
1637 2740 1903 2806 beatith

305 2834 424 2888 ⁸’τῶν
464 2836 521 2887 ὲν
550 2838 615 2906 τῇ
641 2835 795 2889 πόλει
828 2834 1063 2906 πρώτων
1085 2836 1179 2890 καὶ⁵
1205 2833 1369 2888 τοῦτο
1406 2833 1506 2904 μὲν
1538 2832 1896 2905 συνθρηνούν-

314 2942 451 2992 των,
481 2925 642 2980 τοῦτο
698 2927 755 2981 δὲ
812 2928 911 2982 καὶ
968 2928 1438 2999 παρακαλούντων
1491 2926 1587 2983 καὶ
1642 2923 1896 2992 τσπάθος

316 3019 693 3081 ὲπισὸεννύειν
719 3018 887 3088 αὐτῷ,
914 3020 1146 3075 καθόσον
1169 3019 1390 3075 δυνατὸν
1412 3012 1501 3091 ἦν,
1533 3017 1895 3084 σπευδόντων,

316 3111 393 3174 ὡς
424 3112 526 3183 ἤδη
557 3113 650 3166 καὶ
678 3113 706 3166 ὀ
736 3112 879 3166 κατά
905 3114 1000 3167 τοῦ
1026 3112 1329 3184 Κορνηλίου
1350 3113 1534 3176 αὐτοῖς
1561 3111 1895 3182 μεμελέτητο

312 3204 587 3268 ’θάνατος’
617 3204 924 3275 ἀπήρτιστο
950 3205 1007 3259 δὲ
1037 3207 1129 3259 καὶ
1161 3204 1222 3258 τὸ
1255 3206 1465 3277 μνῆμα,
1497 3204 1627 3260 ἔνθα
1657 3205 1691 3276 ἡ
1733 3202 1897 3268 σύζυ-

317 3311 414 3363 γος
475 3296 614 3363 μετά
644 3294 740 3349 τοῦ
773 3296 973 3358 ,παιδὸς
1028 3296 1253 3365 ἔμελλεν
1290 3297 1554 3366 ταφῆναι.
1599 3296 1893 3369 ἀρχιερεύς

317 3404 405 3451 τις
432 3388 542 3444 τῶν
594 3384 863 3459 Ἑλλήνων
899 3388 1037 3442 θεῶν
1061 3388 1230 3459 ὄνομα
1270 3387 1577 3459 Βαρϐἀτος,
1621 3388 1649 3439 ὁ
1679 3386 1773 3441 καὶ
1794 3386 1893 3458 τὴν

318 3480 698 3552 ἀνακάθαρσιν
720 3482 815 3535 τοῦ
846 3480 953 3533 νεῶ
992 3481 1467 3554 ἐπιτετραμμένος
1489 3479 1626 3551 πρὸς
1652 3480 1779 3543 τοὺς
1798 3478 1892 3533 τοῦ

296 3572 635 3643 οΔημητρίου
661 3572 772 3642 ύπη
784 3571 965 3641 ρέτας,
989 3572 1113 3642 ἥκει
1138 3571 1340 3643 σπουδῇ
1366 3571 1384 3645 (
1407 3570 1467 3624 οῦ
1499 3572 1606 3642 γὰρ
1638 3570 1895 3640 παριέναι

321 3665 450 3736 παρ’
483 3665 647 3719 αὑτὸν
674 3666 761 3719 διὰ
786 3666 847 3719 τὸ
873 3666 1069 3729 πένθος
1106 3665 1515 3737 συνεχωρεῖτο),
1548 3664 1733 3737 φωνὴν
1759 3666 1894 3720 ἀνα-

316 3753 555 3809 δίδοσθαι
586 3755 681 3810 τοῦ
716 3757 970 3827 χώματος
990 3756 1351 3826 ἀπαγγέλλων
1380 3756 1647 3821 Εὑανθίας
1679 3757 1775 3811 καὶ
1798 3757 1892 3811 τοῦ

317 3844 439 3898 υἱοῦ
466 3861 479 3873 ·
514 3846 614 3916 τὴν
648 3846 705 3900 δὲ
740 3846 925 3918 φωνὴν
958 3846 1132 3902 ταῦτα
1165 3848 1549 3919 διασημαίνειν
1574 3864 1588 3880 ·
1643 3848 1835 3918 Μέγας
1867 3853 1895 3904 ὁ

275 3979 283 3987 .
317 3935 452 4001 Θεὸς
472 3938 579 3992 τῶν
601 3939 968 4010 Χριστιανῶν,
995 3939 1055 4003 ὃς
1089 3939 1361 4011 ὲρῤύσατο
1384 3942 1529 4012 ἡμᾶς
1559 3941 1623 3994 ὲκ
1650 3941 1745 3994 τοῦ
1778 3960 1893 3996 κιν-

318 4029 479 4086 δύνου
509 4030 700 4085 τούτου
730 4033 818 4085 διὰ
859 4032 955 4084 τοῦ
985 4031 1319 4104 θεράποντος
1368 4033 1531 4087 αὐτοῦ
1567 4035 1892 4105 Κορνηλίου,

320 4126 416 4179 καὶ
443 4124 502 4178 οὐ
529 4124 712 4193 τελείᾳ
739 4122 1122 4191 παραδέδωκεν
1153 4124 1417 4196 ἀπωλείᾳ.
1447 4125 1688 4178 Σπεῦσον
1719 4128 1896 4179 τοίνυν

320 4219 416 4272 καὶ
452 4219 540 4283 σὺ,
602 4217 882 4287 Δημήτριε
909 4257 924 4282 ,
980 4216 1075 4269 καὶ⁵
1117 4216 1354 4285 ἐξάγαγε
1393 4221 1493 4287 τῆς
1526 4218 1774 4289 φυλακῆς
1804 4220 1896 4272 τὸν

295 4314 479 4381 ’ἅγιον
527 4312 695 4381 ἄνδρα
740 4309 951 4375 τοῦτον,
983 4298 1078 4363 καὶ
1140 4309 1516 4380 προσκύνησον
1572 4311 1720 4380 αὐτῷ
1757 4313 1897 4380 μετά

288 4394 291 4397 ’
320 4407 541 4458 πάντων
567 4404 677 4459 τῶν
705 4405 761 4456 ὲν
786 4403 865 4475 τῷ
907 4404 1040 4473 οἴκῳ
1098 4403 1255 4473 ἡμῶν
1285 4406 1380 4455 καὶ
1430 4404 1537 4456 τῶν
1568 4405 1896 4472 ἐγγιζόντων

1997 1925 2104 1970 tem
2136 1932 2257 1970 cum
2289 1917 2521 1986 primum
2555 1917 2656 1974 hoc
2708 1918 3024 1986 audivisset,
3055 1919 3217 1975 scidit
3255 1915 3481 1984 vestem,
3508 1929 3565 1976 et

1997 2024 2192 2078 magno
2244 2008 2345 2063 l'uit
2400 2009 2545 2065 luctu
2602 2021 2929 2081 oppressus:
2949 2010 3170 2066 Interim
3221 2022 3402 2068 autem
3433 2012 3562 2081 ius-

1996 2101 2069 2157 sit
2093 2102 2206 2155 suis
2241 2102 2515 2171 pulverem
2572 2104 2971 2172 quamprimum
3020 2112 3330 2173 exportare.
3384 2103 3564 2159 Donec

1996 2207 2134 2249 mete
2164 2193 2340 2260 boum,
2369 2195 2565 2263 inquit,
2594 2204 2648 2250 et
2682 2194 2852 2261 ﬁdelis
2878 2193 3143 2265 conjugis,
3176 2204 3230 2250 et
3256 2195 3562 2251 suavissimi

1997 2285 2245 2356 unigente
2273 2285 2370 2340 lilii
2400 2301 2525 2342 ossa
2553 2286 2793 2350 iuventa,
2827 2288 2879 2342 in
2913 2301 3064 2343 meas
3099 2302 3291 2343 manus
3314 2296 3567 2358 portave-

1997 2379 2135 2434 ritis.
2162 2378 2290 2435 Hec
2321 2381 2479 2435 simul
2504 2380 2583 2434 eis
2611 2380 2849 2446 dicebat,
2871 2387 2925 2435 et
2954 2395 3075 2435 cum
3118 2394 3250 2435 voce
3277 2379 3566 2435 ellluebant

1996 2470 2269 2542 lacrymaa,
2298 2481 2353 2527 et
2384 2471 2709 2540 gravissime
2740 2471 3127 2541 ingemiscebat
3167 2479 3221 2527 et
3248 2471 3484 2541 lugebat,
3510 2482 3566 2528 et

1996 2560 2127 2618 deos
2180 2576 2308 2618 suos
2338 2552 2655 2627 accusabat,
2698 2563 2845 2633 quod
2902 2561 3059 2618 vivus
3117 2562 3186 2617 ad
3238 2563 3339 2619 hoc
3395 2579 3567 2633 usque

1996 2662 2209 2723 tempus
2240 2661 2397 2719 esset,
2418 2662 2795 2718 conservatus,
2840 2661 2900 2708 ut
2929 2653 3142 2711 audiret
3170 2662 3276 2709 tam
3309 2656 3564 2711 acerbum

1997 2746 2266 2800 nuntium.
2299 2743 2434 2801 Cum
2475 2744 2525 2799 ei
2557 2753 2738 2799 autem
2762 2744 3098 2800 assedissent
3130 2746 3393 2816 primates
3424 2747 3564 2801 civi-
3596 2796 3597 2799 η

2000 2837 2146 2903 tatis,
2174 2844 2226 2891 et
2250 2835 2442 2905 partim
2474 2827 2692 2905 quidﬁn
2727 2834 2889 2890 simul
2935 2835 3382 2905 lamentarentur,
3442 2851 3565 2907 par-

1997 2927 2094 2982 tim
2123 2934 2299 2981 antem
2324 2925 2488 2980 etiam
2520 2923 2956 2993 consolarentur,
2985 2934 3041 2981 et
3083 2924 3263 2996 quoad
3290 2926 3407 2997 ejus
3448 2927 3569 2982 ﬁeri

1996 3024 2200 3089 posset,
2252 3015 2493 3072 dolorem
2527 3001 2811 3072 studerent
2862 3016 3234 3087 exstinguere,
3275 3026 3333 3073 et
3356 3016 3470 3086 jam
3501 3017 3568 3071 de

2001 3118 2174 3166 morte
2218 3107 2477 3165 Cornelio
2500 3107 2781 3164 inferenda
2816 3118 3071 3177 agerent;
3117 3116 3375 3180 essetque
3397 3107 3575 3179 perfe-

1926 3184 1970 3248 C
1998 3211 2148 3259 ctum
2182 3202 2594 3266 monimentum,
2628 3200 2682 3255 in
2719 3215 2827 3271 quo
2860 3200 3170 3270 sepelienda
3218 3209 3337 3257 erat
3374 3200 3569 3271 conjux

1997 3309 2119 3349 cum
2145 3293 2290 3360 lilio;
2313 3294 2551 3364 pontifex
2582 3293 2800 3363 quidam
2830 3296 3053 3348 deorum
3073 3292 3336 3364 gentium,
3356 3293 3573 3349 nomine

1999 3386 2289 3452 BarLatus,
2326 3386 2412 3440 cui
2466 3385 2756 3440 commissa
2811 3383 2990 3439 fuerat
3016 3385 3198 3456 templi
3239 3385 3571 3455 repurgatio,

2000 3492 2228 3548 propere
2260 3478 2409 3533 venit
2437 3479 2504 3531 ad
2536 3475 2769 3533 {animos
2798 3477 3054 3532 Demetrii
3088 3478 3243 3549 (non.
3273 3478 3418 3533 enim
3445 3493 3569 3548 per-

2000 3570 2318 3625 mittebatur
2349 3571 2416 3625 ad
2472 3586 2593 3624 eum
2638 3569 2901 3625 accedere
2950 3578 3167 3640 propter
3200 3570 3452 3639 luctum),
3487 3584 3575 3625 re-

1998 3662 2279 3729 nuntians,
2306 3676 2372 3717 ex
2407 3643 2662 3717 ruderum
2689 3662 2907 3718 cumulo
2924 3661 3093 3718 fuisse
3122 3663 3360 3718 auditam
3382 3675 3573 3719 vocem

1999 3754 2280 3811 Evautbiae
2309 3762 2366 3810 et
2400 3753 2516 3821 lilii,
2566 3768 2759 3811 vocem
2810 3762 2989 3809 autem
3044 3754 3160 3810 bene
3213 3753 3572 3825 signiﬁcare:

2000 3848 2229 3920 Magnus
2280 3849 2425 3904 Deus
2461 3847 2923 3914 Christianorum,
2970 3847 3064 3919 qui
3122 3860 3223 3904 nos
3277 3845 3478 3918 eripuit
3508 3861 3572 3901 ex

1998 3940 2104 4020 hoc
2137 3940 2380 4012 periculo
2405 3955 2504 4011 per
2529 3939 2790 3995 famulum
2820 3954 2978 3995 suum
3010 3939 3349 4005 Cornelium,
3376 3947 3432 3993 et
3466 3952 3573 3993 nou

2002 4049 2102 4089 nos
2132 4033 2279 4089 dedit
2312 4033 2536 4092 omnino
2566 4032 2757 4088 exitio.
2798 4031 3021 4088 Festina
3047 4045 3177 4103 ergo
3226 4039 3282 4086 tu
3336 4042 3573 4100 quoque,

2001 4122 2261 4190 Demetri,
2294 4134 2349 4180 et
2373 4124 2551 4180 virum
2593 4124 2743 4180 hunc
2771 4132 3020 4179 sanctum
3057 4123 3197 4177 edue
3221 4136 3254 4177 e
3300 4119 3575 4184 custodia,

2001 4226 2055 4271 et
2086 4217 2253 4272 adora
2276 4231 2400 4272 eum
2433 4232 2555 4273 eum
2612 4216 2866 4272 omnibus
2921 4216 3014 4286 qui
3042 4224 3170 4271 sunt
3202 4215 3257 4270 iu
3289 4213 3449 4269 domo
3484 4226 3579 4267 no-

1999 4315 2137 4373 stra,
2162 4296 2217 4361 et
2247 4306 2314 4362 iis
2355 4307 2447 4376 qui
2483 4298 2792 4363 'suntnobis
2809 4304 3101 4376 propinqui
3129 4322 3143 4360 :
3169 4313 3224 4361 et
3244 4319 3372 4374 roga
3396 4304 3577 4373 ipsum

2003 4404 2059 4449 ut
2083 4397 2309 4451 veniens
2332 4394 2387 4451 in
2430 4395 2532 4451 hoc
2559 4394 2950 4461 habitaculum,
2980 4406 3081 4448 nos
3112 4399 3314 4458 servet,
3344 4399 3400 4446 et
3435 4388 3576 4444 edu-

325 4498 474 4567 ἡμῖν,
505 4496 600 4549 καὶ
630 4496 850 4566 δεήθητι
875 4493 1063 4559 αὑτοῦ,
1096 4496 1243 4558 ὅπως
1270 4493 1440 4547 ἐλθὼν
1464 4497 1521 4547 ἐν
1548 4496 1623 4565 τῷ
1658 4497 1892 4549 καταλύ-

2002 4496 2105 4562 cat.
2135 4502 2200 4542 ex
2244 4487 2327 4541 bis
2356 4486 2553 4551 ruinis,
2587 4496 2642 4541 et
2672 4499 2703 4540 e
2727 4483 3016 4556 prol‘undo,
3048 4498 3116 4539 ne
3163 4496 3447 4553 pereamus
3491 4496 3579 4552 pe-

322 4606 451 4659 ματι
472 4588 648 4660 τούτῳ
679 4588 827 4660 σῶση
855 4589 1004 4658 ἡμᾶς
1032 4588 1125 4641 καὶ
1157 4586 1400 4659 ἐξαγάγῃ
1428 4589 1576 4657 ἡμᾶς
1610 4589 1703 4641 τοῦ
1726 4589 1892 4659 χαλά-

2002 4580 2147 4635 nitus
2182 4596 2197 4633 :
2227 4594 2417 4649 magna
2448 4577 2600 4633 enim
2652 4578 2747 4632 Dei
2799 4576 2888 4631 hic
2919 4576 3167 4632 videmus
3206 4572 3493 4637 miracula,
3523 4581 3578 4628 et

322 4700 529 4752 σματος
556 4682 748 4735 τούτου
779 4681 873 4734 καὶ
897 4681 989 4734 τοῦ
1029 4680 1218 4751 βυθοῦ,
1244 4681 1328 4734 ἵνα
1361 4680 1436 4751 μὴ
1464 4681 1647 4740 τέλεον
1683 4682 1892 4735 ἀπολὼ-

2001 4674 2249 4728 videmur
2284 4672 2473 4727 audire
2504 4672 2725 4742 angelos
2756 4671 3093 4727 clamantes:
3125 4688 3144 4722 ι
3180 4667 3362 4723 Gloria
3389 4668 3444 4723 in
3481 4681 3578 4722 ex-

323 4771 483 4841 μεθα.
514 4771 738 4838 Μεγάλα
764 4770 872 4841 γὰρ
903 4770 1182 4841 θαυμάσια
1209 4769 1302 4824 τοῦ
1333 4770 1469 4824 Θεοῦ
1494 4772 1727 4825 ἐνταῦθα
1756 4772 1892 4842 ὀρῶ-

2001 4765 2162 4821 celsis
2195 4764 2327 4832 Deo,
2364 4772 2419 4820 et
2455 4764 2508 4818 in
2548 4771 2694 4819 terra
2716 4778 2847 4833 pax,
2875 4762 2929 4816 in
2960 4759 3273 4817 hominibus
3295 4759 3434 4817 bona
3482 4771 3578 4814 vo-

323 4844 560 4929 μενξκαὶ
579 4861 828 4930 ἀγγέλων
842 4860 1173 4933 κραζόντων
1205 4880 1223 4913 ι
1251 4861 1390 4929 Δόξα
1412 4863 1469 4914 ὲν
1491 4847 1734 4930 ὗψίστοις
1755 4862 1894 4933 Θεῷ,
2001 4855 2199 4913 lunias.
2237 4874 2257 4909 ι

321 4955 417 5008 καὶ
440 4954 533 5007 ἐπὶ
553 4955 655 5025 γῆς
681 4956 895 5027 εἰρήνη,
926 4957 982 5009 ὲν
1015 4956 1321 5026 ἀνθρώποις
1340 4956 1579 5033 εὐδοκία.
1692 4954 1699 4962 ’

389 5065 469 5122 Θ’.
505 5068 722 5121 Τούτων
750 5067 1079 5131 ἀκούσαντες
1116 5068 1165 5122 οί
1210 5068 1504 5140 ὑπηρέται,
1557 5070 1896 5142 ἀποτρέχου-

321 5166 405 5213 σιν
438 5160 601 5224 εὐθὺς
655 5159 771 5229 ἅμα
803 5160 1068 5231 Βαρδάτῳ
1101 5161 1349 5233 ἀρχιερεῖ
1391 5162 1525 5233 πρὸς
1559 5164 1896 5235 Δημήτριον,

321 5250 415 5304 καὶ¹
442 5251 875 5320 ἀπαγγέλλουσιν
904 5252 1051 5323 αὐτῷ
1104 5252 1244 5322 μετὰ
1275 5252 1512 5325 σπουδῆς
1562 5254 1793 5311 ἕκαστα.
1838 5257 1896 5309 '0

318 5343 378 5396 δὲ
410 5346 683 5415 περιεῖναι
707 5345 787 5397 ἔτι
818 5345 918 5415 τὴν
943 5347 1182 5414 γυναῖκα
1205 5347 1301 5400 καὶ
1330 5347 1423 5399 τὸν
1454 5348 1620 5401 πατίδα
1652 5348 1895 5417 πυθόμε-

319 5454 430 5501 νος,
464 5439 669 5508 μεστήν
720 5455 780 5492 τε
807 5439 1002 5509 ἡδονῆς
1053 5440 1169 5509 ἅμα
1195 5426 1299 5493 καί
1326 5441 1489 5494 σάλου
1518 5441 1615 5512 τὴν
1667 5442 1897 5511 καρδίαν

320 5526 454 5600 εἶχε.
483 5533 591 5584 Καὶ
616 5532 876 5603 δρομαῖος
898 5532 1049 5603 παρά
1068 5537 1135 5603 τῇ
1163 5533 1373 5605 φυλακῇ
1399 5532 1588 5595 ἐλθὼν,
1618 5535 1899 5602 καταλαμ-

323 5620 478 5676 ϐάνει
511 5622 918 5692 περιπατοῦντα
950 5624 1041 5678 τὸν
1073 5625 1215 5678 θεῖον
1246 5626 1574 5695 Κορνήλιον,
1608 5625 1814 5695 βιϐλίον
1839 5642 1898 5677 τε

325 5712 413 5767 διά
466 5715 647 5785 χειρὸς
716 5716 911 5786 ἔχοντα
963 5717 1059 5771 καὶ
1102 5717 1275 5789 ταύτῃ
1312 5723 1402 5770 τὸν
1441 5717 1573 5771 Θεὸν
1626 5718 1896 5773 αἰνοῦντα.

326 5807 594 5876 Ἀγγελος
614 5807 727 5881 γὰρ
758 5809 907 5882 αύτῷ
941 5810 1175 5876 ἑπιπτάς
1204 5811 1359 5865 ἔλυσε
1381 5810 1490 5865 τῶν
1518 5811 1756 5881 δεσμῶν,
1807 5811 1901 5866 καὶ

2072 5062 2165 5120 IX.
2199 5062 2336 5118 Cum
2368 5063 2485 5116 haec
2536 5059 2874 5116 audivissent
2900 5055 3159 5123 ministri,
3187 5062 3414 5112 currunt
3445 5069 3577 5124 pro-

2004 5157 2148 5211 tinus
2182 5169 2306 5209 cum
2366 5154 2602 5209 Barbato
2660 5150 2917 5222 pontiﬁce
2960 5152 3027 5205 ad
3061 5151 3413 5213 Demetrium,
3437 5159 3494 5205 et
3525 5150 3576 5203 ei

2002 5248 2213 5319 singula
2254 5249 2542 5320 diligenter
2573 5246 2903 5301 renuntiant.
2948 5245 3044 5300 llle
3091 5257 3297 5309 autem,
3335 5257 3455 5297 cum
3487 5255 3577 5296 ac-

2003 5342 2237 5412 cepisset
2274 5356 2395 5397 esse
2423 5341 2608 5395 adhuc
2657 5339 3003 5407 superstitem
3035 5352 3259 5393 uxorem
3293 5344 3350 5391 et
3377 5335 3570 5400 lilium,

2002 5453 2097 5490 cor
2118 5436 2332 5503 plenum
2366 5434 2554 5488 habuit
2580 5431 2766 5487 lmtitia
2806 5430 2967 5485 simul
3029 5439 3081 5483 et
3115 5424 3523 5496 perturbatione
3558 5442 3573 5480 :

2004 5538 2058 5582 ct
2095 5529 2298 5583 cursim
2338 5528 2557 5581 veniens
2586 5526 2639 5580 in
2686 5523 3018 5585 custodiam,
3061 5520 3283 5575 oli‘endit
3338 5518 3575 5574 divinum

2003 5620 2312 5675 Cornelium
2348 5619 2737 5682 ambulantem,
2769 5626 2822 5671 et
2852 5615 3046 5670 librum
3076 5614 3128 5668 iu
3174 5625 3333 5666 manu
3385 5618 3577 5664 tenen-

2005 5724 2135 5778 tem,
2165 5723 2216 5768 et
2239 5716 2321 5768 sic
2358 5713 2522 5768 Deum
2550 5713 2858 5767 laudantem
2892 5725 2908 5763 :
2935 5706 3176 5777 Angelus
3199 5704 3341 5759 enim
3365 5702 3433 5759 ad
3453 5718 3576 5759 eum

2002 5809 2289 5875 accedens,
2324 5807 2500 5879 ipsum
2530 5808 2765 5884 solverat
2795 5822 2826 5861 a
2866 5802 3097 5860 vinculis
3128 5820 3141 5858 :
3175 5808 3230 5857 et
3270 5815 3393 5857 eum
3440 5797 3577 5855 mulo
