3820 6518
427 354 561 416 1307

1647 350 1929 411 MENSIS
1960 352 2476 416 FEBRUARIUS.

3560 349 3711 416 1308

424 474 625 526 licare:
661 470 755 524 sed
810 470 1045 527 Sanetus
1093 486 1198 525 non
1257 470 1527 541 permisit.
1583 470 1719 524 Cum
1747 485 1876 541 ergo
1901 471 1997 527 elc«

2109 471 2269 527 ἀνίει.
2300 475 2403 528 Τὸν
2438 476 2530 528 ὑπ’
2559 450 2709 547 αὑτῷ
2732 474 2914 529 τοίνυν
2945 474 3150 547 κλῆρον
3174 468 3571 545 συναγαγὼν,
3598 477 3719 546 61;-

343 607 350 614 .
427 577 565 629 rum‘,
601 564 690 633 qui
720 563 819 618 sub
846 577 911 618 eo
951 574 1089 631 erat,
1141 572 1550 634 congregasset,
1592 560 1735 631 Filii,
1800 565 1995 634 inquit,

422 658 553 713 mihi
587 655 811 724 magnus
848 656 1121 711 revelatus
1146 666 1229 711 est
1279 657 1614 731 thesaurus;
1648 659 1741 711 sed
1789 659 1995 723 adeste,

419 763 547 803 eum
591 749 868 802 tollamus.
901 748 1011 803 lloc
1041 763 1164 802 eum
1202 747 1279 802 illi
1333 749 1631 815 audissent,
1663 758 1910 819 prompto
1945 759 2000 806 et

421 843 586 897 alacri
621 844 801 898 animo
828 858 1018 898 omnes
1049 852 1453 912 processerunt,
1479 854 1534 896 et
1568 844 1878 914 episcopum
1929 843 1996 898 li—

420 933 613 988 beuter
640 943 767 989 sunt
789 935 983 989 secuti.
1013 934 1147 989 Cum
1184 945 1366 989 autem
1394 924 1772 1004 pervenissent
1805 934 1871 988 ad
1905 951 1990 989 ru-

420 1024 569 1090 bum,
604 1027 789 1093 statim
822 1021 1073 1081 dixerunt
1104 1028 1285 1083 clerici
1314 1028 1566 1097 episcopo
1588 1047 1600 1083 :
1624 1027 1808 1083 Gratia
1848 1043 1997 1096 quaa-

421 1114 543 1170 dam
575 1116 678 1169 huc
701 1116 918 1171 advolat
946 1118 1151 1181 divina,
1206 1132 1239 1171 ο
1291 1118 1530 1183 domine,
1581 1126 1634 1171 et
1666 1116 1863 1171 multos
1892 1116 1997 1171 sci-

427 1224 547 1262 mus
574 1209 677 1262 huc
715 1207 1067 1275 conﬁnxisse,
1096 1221 1150 1264 et
1187 1209 1356 1264 fuisse
1415 1209 1672 1263 liberatos
1711 1226 1738 1262 a
1772 1210 1995 1274 morbis,

421 1309 474 1353 et
502 1300 658 1355 malis
683 1301 1037 1362 daemonibus,
1058 1309 1113 1354 et
1131 1300 1452 1367 ascripsisse
1472 1284 1610 1353 rubo
1636 1299 1995 1355 sanationem.

425 1382 528 1442 Sed
554 1391 669 1445 sive
693 1392 763 1444 sit
792 1392 843 1444 in
882 1392 1038 1454 rubo,
1078 1406 1170 1445 seu
1207 1391 1307 1444 sub
1354 1390 1491 1444 rubo
1534 1376 1842 1456 thesaurus,
1872 1392 1996 1461 quis

422 1496 545 1534 eum
579 1482 1063 1551 poteritexcidere,
1100 1493 1153 1538 et
1186 1483 1393 1549 tollere,
1432 1498 1557 1537 eum
1595 1484 1708 1538 ﬁeri
1735 1500 1838 1538 non
1865 1500 1991 1554 pos-

426 1574 519 1637 sit,
552 1583 608 1627 ut
644 1584 860 1630 secetur
921 1585 1140 1645 propter
1203 1577 1651 1647 magnitudinem,
1678 1587 1732 1632 et
1794 1579 1995 1649 alioqui

426 1681 524 1719 nec
565 1667 646 1720 sic
677 1675 968 1722 attrectatu
1012 1668 1208 1735 facilis,
1248 1678 1304 1723 ut
1329 1671 1418 1736 qui
1446 1671 1517 1725 sit
1550 1672 1736 1728 multis
1774 1674 1995 1727 terribi-

421 1756 488 1809 lis
523 1766 742 1825 propler
771 1758 1155 1812 miraculorum
1187 1760 1600 1826 operationem?
1633 1762 1765 1815 Cum
1817 1774 1993 1819 autem

425 1855 675 1914 precatus
695 1856 841 1900 esset
873 1847 1179 1917 episcopus.
1216 1858 1272 1905 et
1304 1863 1523 1903 crucem
1569 1850 1777 1906 ﬁxisset
1809 1852 1860 1925 in
1886 1836 1997 1907 ter-

424 1953 561 2000 ram,
586 1946 639 1992 et
667 1954 885 1993 manum
916 1941 1053 1994 rubo
1078 1940 1377 2008 injecisset,
1418 1944 1564 2012 ipsas
1621 1946 1822 1999 excidit
1853 1947 1998 1999 radi-

425 2044 537 2084 ees.
579 2031 769 2085 Animo
810 2031 990 2101 itaque
1031 2033 1339 2087 conﬁrmati
1386 2033 1591 2099 clerici,
1645 2050 1782 2103 opus
1819 2036 1996 2091 conti-

428 2135 535 2175 nuo
561 2130 686 2175 sunt
715 2123 954 2192 aggressi
990 2139 1005 2177 :
1029 2125 1504 2179 etconvellebatur
1523 2125 1707 2189 rubus,
1739 2136 1991 2196 tanquam

429 2212 595 2267 herba
626 2216 869 2280 quaedam
904 2211 1099 2277 mollis,
1134 2229 1309 2285 neque
1357 2224 1474 2269 erat
1524 2217 1755 2286 amplius
1785 2221 1993 2274 rubus:

426 2301 519 2355 sed
546 2310 601 2357 et
643 2318 812 2370 ,eapsa
864 2304 1123 2359 continuo
1156 2306 1470 2374 apparebat,
1526 2316 1579 2362 et
1617 2308 1794 2363 adhuc
1840 2309 1998 2364 valde

430 2396 664 2450 instabat
696 2398 1000 2466 episc0pus,
1038 2414 1236 2470 urgens
1285 2399 1600 2458 fossionem.
1627 2401 1763 2456 Cum
1815 2412 1997 2458 autem

422 2487 534 2556 jam
572 2489 918 2543 adventasset
941 2475 1186 2557 vespera,
1212 2500 1464 2558 precatus
1489 2494 1779 2564 episcOpus
1810 2511 1998 2552 rursus

420 2576 574 2645 jubet
625 2576 770 2631 clero
824 2587 1145 2633 nocturnam
1201 2590 1422 2637 cantare
1482 2583 1855 2653 psalmodiam,
1896 2586 1999 2657 hy-

429 2670 695 2738 mnisque,
729 2669 1068 2738 lampadibus
1110 2682 1167 2727 et
1206 2672 1468 2730 suﬂitibus
1517 2675 1858 2733 honorabant
1906 2694 1999 2734 ca-

427 2773 601 2825 pSum.
1188 2818 1207 2839 .

410 2922 413 2927 ς
495 2851 612 2906 XV.
643 2852 777 2909 Cum
812 2868 938 2908 vero
967 2864 1278 2924 sumptuum
1312 2872 1528 2928 quoque
1558 2860 1736 2930 iu0pia
1765 2863 1830 2915 ad
1860 2863 1997 2918 :edi-
2032 2888 2035 2889 ν

429 2942 694 2998 ﬁcattdum
736 2945 1016 3016 templum,
1049 2948 1337 3002 sollicitum
1379 2960 1432 3004 et
1465 2951 1646 3006 animo
1684 2954 1995 3024 perplexmu

429 3040 635 3087 teneret
665 3037 1013 3119 episcopum}
1044 3054 1162 3092 eam
1195 3055 1407 3110 quoque
1430 3042 1590 3097 solvit
1625 3042 1860 3099 Sanctus
1897 3047 1997 3099 dn-

2103 564 2300 632 σαυρός
2355 582 2467 634 μοι,
2519 564 2708 629 τέκνα,
2762 558 2909 635 ἔφη,
2957 564 3421 620 ἀποκεκάλυπται
3484 566 3717 635 μέγας·

2101 655 2236 710 ἀλλά
2267 643 2459 737 δευτε,’
2503 657 2596 712 καὶ
2630 655 2950 724 ἀνελώμεθα
2979 656 3193 711 τοῦτον.
3252 656 3430 710 Τοῦτο
3498 659 3717 711 ἐκεῖνοι

2104 749 2462 815 ἀκούσαντες,
2512 750 2785 822 πρόθυμοί
2810 768 2867 803 τε
2899 750 3168 822 ὥρμησαν
3199 752 3431 829 πάντες,
3480 751 3595 803 καὶ
3636 752 3717 818 τῷ

2107 843 2391 913 ἐπισκόπῳ
2450 844 2621 914 ἡδέως
2676 844 2919 897 εἵποντο.
2956 845 3043 908 Ὧς
3075 844 3130 897 δέ
3161 844 3261 914 τὴν
3323 844 3504 915 βάτον
3535 842 3720 911 αὐτὴν

2101 932 2477 997 καταλάϐοιεν,
2514 933 2675 997 εὐθὺς
2700 934 2749 987 οἱ
2786 932 2880 986 τοῦ
2908 931 3112 1007 κλήρου
3149 935 3287 1005 πρὸς
3336 936 3429 987 τδν
3465 933 3717 987 ἐπίσκο-

2100 1039 2201 1075 πον
2226 1041 2240 1054 ·
2282 1024 2606 1093 Ἐφίπταταί
2638 1042 2722 1087 τις
2754 1024 2990 1103 ἐνταῦθα
3013 1025 3264 1095 θειοτέρα
3293 1025 3484 1094 χάρις,
3519 1021 3714 1085 εἷπον,

2099 1109 2144 1168 ὦ
2184 1116 2470 1169 Δέσποτα’
2513 1115 2608 1170 καὶ¹
2638 1116 2870 1179 πολλοὺς
2919 1109 3020 1170 ὧδε
3074 1117 3501 1188 συρῤεύσαντας
3544 1118 3714 1185 ἴσμεν

2100 1207 2193 1259 καὶ
2225 1205 2397 1259 νόσων
2425 1223 2487 1258 τε
2512 1207 2607 1261 καὶ
2638 1206 2894 1281 πονηρῶν
2939 1206 3211 1275 δαιμόνων
3240 1206 3710 1273 ἀπαλλαγέντας.

2112 1294 2254 1350 Ἀλλ’
2301 1299 2347 1349 εί
2408 1299 2503 1351 καὶ
2547 1298 2751 1368 ταύτης
2792 1285 3020 1351 ἐνδονεῖ
3061 1300 3160 1352 καὶ
3192 1298 3297 1351 ὑπὸ
3335 1300 3439 1369 τὴν
3463 1298 3648 1368 βάτον
3682 1299 3711 1349 6

2098 1388 2375 1459 θησαυρός
2401 1403 2414 1417 ·
2451 1389 2536 1451 τίς
2586 1389 2651 1441 ἂν
2698 1390 2949 1458 ἐκτεμεῖν
2974 1389 3145 1458 αὐτὴν
3178 1389 3422 1451 δύναιτο,
3453 1388 3705 1457 ἔφησαν,

2101 1478 2199 1531 καὶ
2236 1479 2427 1531 τοῦτον
2453 1473 2585 1548 ἆραι
2638 1470 2922 1549 τμηθῆναι
2965 1496 3024 1531 τε
3054 1475 3220 1533 οὖσαν
3247 1479 3335 1533 διὰ
3368 1480 3432 1533 τὸ
3457 1478 3703 1549 μέγεθος

2099 1570 2360 1624 ἀδύνατον
2390 1573 2485 1624 καὶ
2515 1570 2689 1633 ἄλλως
2719 1572 2780 1624 οὒ
2827 1571 3016 1642 ῥᾳδίαν
3041 1572 3249 1640 ψαῦσαι
3290 1552 3569 1641 φοϐερὰν.
3587 1574 3703 1633 =62;

2101 1662 2316 1725 πολλοῖς
2369 1662 2534 1716 οὖσαν
2587 1663 2676 1715 διὰ
2728 1662 2827 1731 τὴν
2873 1662 2985 1742 τῶν
3016 1661 3314 1732 θαυμάτων
3356 1662 3698 1732 ἐνέργειαν·

2100 1754 2396 1825 εὐξάμενος
2457 1750 2550 1807 οὖν
2581 1753 2882 1816 ἐπίσκοπος
2914 1753 2989 1823 τῷ
3023 1754 3142 1823 Θεῷ
3195 1756 3289 1808 καὶ
3318 1754 3415 1807 τὸν
3454 1754 3699 1822 σταυρὸν

2104 1845 2243 1913 πρὸς
2272 1847 2337 1915 τῇ
2361 1848 2432 1916 γῇ
2454 1844 2633 1915 πήξας
2659 1847 2753 1899 καὶ
2782 1846 2884 1915 τὴν
2912 1849 3071 1917 χεῖρα
3108 1848 3175 1916 τῇ
3208 1845 3358 1916 βάτῳ
3384 1842 3699 1903 ἐπιϐαλὼν,

2103 1940 2293 2002 αὐταῖς
2316 1937 2536 2013 ἐξέτεμε
2568 1938 2748 2009 ῥίζαις
2769 1954 2784 1969 ·
2814 1940 2908 2004 καὶ
2933 1939 3311 2009 θαρσήσαντες
3340 1939 3392 1990 οἱ
3425 1936 3528 1989 τοῦ
3564 1935 3698 2002 xli}-

2108 2048 2200 2103 ρου
2236 2030 2393 2092 εὐθὺς
2424 2029 2586 2099 ἔργου
2618 2029 2711 2083 καὶ
2756 2028 2910 2083 αὐτοὶ
2956 2029 3166 2099 εἴχοντο
3216 2030 3310 2082 καὶ
3341 2029 3377 2098 ἡ
3413 2027 3590 2097 βάτος
3615 2021 3702 2077 οἷὲ

2103 2139 2187 2185 τις
2215 2122 2396 2191 ἁπαλὴ
2427 2120 2625 2191 βοτάνη
2672 2121 2934 2185 ἐτίλλετο,
2978 2123 3070 2174 καὶ
3098 2121 3199 2174 οὐκ
3224 2121 3307 2172 ἔτι
3359 2120 3531 2188 βάτος
3588 2112 3658 2186 ἦν
3682 2132 3696 2147 ⁸

2104 2216 2218 2268 ἀλλ’
2256 2216 2288 2285 ὴ
2349 2215 2506 2285 σορός
2540 2230 2601 2283 τε,
2656 2216 2713 2266 ἐν
2746 2213 2912 2285 ὀλίγῳ
2946 2213 3106 2275 εὐθὺς
3153 2211 3513 2279 ὑπεφαίνετο,
3545 2209 3641 2261 καὶ
3670 2209 3701 2260 6

2105 2306 2400 2367 ἐπίσκοπος
2431 2304 2597 2368 πολὺς
2624 2304 2877 2357 ἐπέκειτο
2900 2301 2980 2355 ἔτι
3006 2304 3106 2372 τὴν
3132 2300 3393 2371 ἀνορυξιν
3425 2298 3699 2352 ἐπισπεύ·

2102 2397 2232 2451 δων.
2276 2396 2551 2467 Ἐσπέρας
2582 2396 2639 2449 δὲ
2669 2396 2768 2466 ἤδη
2795 2394 3213 2464 ἐπιγινομένης,
3246 2391 3700 2463 προσευξάμενος

2104 2488 2134 2541 6
2166 2488 2463 2550 ἐπίσκοπος
2496 2489 2589 2540 καὶ
2616 2486 2772 2545 αὖθις
2819 2480 3089 2555 πάννυχὸν
3115 2490 3180 2537 ’τε
3196 2483 3524 2554 ψαλμῳδίαν
3553 2499 3697 2552 np-

2105 2580 2360 2648 αγγέλλει
2421 2567 2497 2643 τῷ
2521 2578 2708 2649 κλήρῳ
2731 2580 2824 2630 καὶ
2846 2576 3037 2647 ὕμνοις
3075 2575 3207 2645 παρ’
3229 2576 3357 2644 ὃλην
3392 2574 3494 2643 τὴν
3518 2574 3694 2662 νύκτα
3726 2635 3731 2638 ο

2067 2672 2075 2679 ’
2107 2673 2199 2727 καὶ
2230 2672 2483 2742 λαμπάσι
2508 2672 2604 2725 καὶ
2634 2670 2945 2741 θυμιάμασι
2978 2666 3077 2739 τὴν
3112 2668 3271 2738 σορὸν
3298 2667 3533 2737 ἐτίμων.

2176 2858 2275 2912 1E".
2318 2859 2405 2920 Ὡς
2446 2856 2500 2909 δὲ
2528 2856 2624 2910 καὶ
2650 2856 2681 2925 ἡ
2708 2856 2818 2908 τῶν
2841 2853 3216 2923 ἀναλωμάτων
3253 2851 3388 2922 πρὸς
3417 2854 3520 2920 τὴν
3546 2853 3693 2902 οἱκο-

2106 2951 2290 3021 δομὴν·
2333 2948 2428 3002 τοῦ
2476 2947 2581 3002 νεὼ
2622 2946 2827 3019 ἀπορία
2867 2946 3109 3015 φροντίδι
3137 2945 3228 2996 τὸν
3257 2942 3567 2995 ἐπίσκοπον
3600 2943 3691 2995 καὶ

2107 3041 2387 3113 ἀμηχανίᾳ
2416 3040 2609 3102 ἐδίδου,
2640 3039 2756 3093 λύει
2786 3038 2879 3091 καὶ
2905 3038 3112 3108 ταύτην
3149 3038 3177 3090 6
3233 3035 3390 3103 ἅγιος
3426 3035 3523 3088 καί
3587 3051 3690 3087 τινι

427 3124 742 3182 bitatiouem
772 3144 785 3181 :
814 3140 868 3185 et
893 3132 1105 3185 cuidam
1142 3148 1209 3187 ex
1259 3134 1516 3191 divitibus
1542 3138 1658 3191 viro
1709 3139 1799 3207 pio
1833 3153 1997 3209 appa-

2109 3135 2213 3189 τῶν
2244 3132 2621 3188 πλουτούντων
2670 3131 2977 3200 ἐπιφανεὶς,
3034 3128 3251 3212 εὐσεϐεῖ
3301 3125 3481 3212 ἀνδρὶ,
3521 3126 3690 3195 ὄνομα

424 3229 572 3279 rens,
614 3218 698 3270 cui
725 3232 918 3273 nomen
943 3216 1064 3275 erat
1115 3221 1408 3291 Eugenius,
1473 3228 1694 3283 mandat
1730 3230 1780 3284 ei
1813 3234 1996 3301 templi

425 3306 859 3374 aediﬁcationem,
890 3321 943 3365 et
1000 3314 1259 3370 describit
1307 3318 1357 3372 ei
1401 3320 1615 3376 aediﬁcii
1676 3322 1904 3392 ﬁgurant
1945 3336 1998 3381 et

429 3396 875 3464 magnitudinem.
900 3401 1057 3458 Mane
1087 3420 1215 3474 ergo
1241 3405 1764 3477 Eugenits'veuieus
1795 3416 1861 3468 ad
1879 3416 1998 3483 epi-

425 3504 671 3558 scopum,
709 3494 757 3547 ei
811 3497 1089 3553 renuntiat
1145 3499 1436 3567 visionem,
1486 3512 1540 3559 et
1602 3487 1750 3574 operi
1814 3511 1996 3563 statim

424 3582 654 3651 praeﬁcit
697 3585 1072 3652 aediﬁcatores;
1124 3605 1246 3645 cum
1305 3595 1385 3648 eis
1442 3594 1590 3662 prius
1625 3596 1999 3667 descripsisset

427 3683 482 3728 et
511 3673 873 3744 signiﬁcasset
904 3681 1090 3750 templi
1120 3681 1460 3739 altitudinem
1491 3689 1546 3739 et
1576 3685 1999 3757 longitudinem,

420 3775 483 3821 et
502 3768 706 3823 aditum
738 3770 928 3827 altaris
950 3773 1031 3829 eis
1066 3773 1324 3844 iussisset
1352 3776 1637 3835 latitudine
1675 3781 1788 3836 ﬁeri
1823 3798 2001 3852 capsa:

426 3859 691 3928 aequalem
727 3878 741 3915 :
779 3864 827 3919 ei
859 3865 1004 3919 enim
1029 3867 1206 3922 visum
1253 3866 1729 3942 fueratdeponere
1779 3890 1998 3947 capsam

423 3948 569 4007 intra
595 3966 771 4008 aram.

497 4128 638 4185 XVI;
677 4130 967 4201 Postquam
1024 4141 1204 4190 autem
1256 4139 1510 4209 templum
1565 4141 1798 4200 fuitcito
1821 4147 2000 4217 perle-

426 4232 598 4289 ctum,
632 4224 734 4280 hoc
762 4240 980 4296 quoque
1028 4225 1138 4284 Deo
1169 4228 1399 4286 faciente
1450 4235 1791 4293 miraculum.
1832 4239 1884 4293 in
1917 4240 2000 4293 lo-

424 4329 578 4379 cum,
635 4317 726 4384 qui
784 4317 986 4373 dicitur
1031 4319 1277 4391 Trigoni,
1312 4324 1591 4380 venientes
1648 4329 2002 4387 :ediﬁcatores

427 4407 547 4478 (hic
572 4408 715 4463 enim
741 4409 993 4467 Silvanus
1040 4414 1328 4485 episcopus
1373 4418 1667 4488 peragebat
1716 4422 1910 4478 festum
1936 4422 1995 4479 Β.

2100 3224 2378 3294 Εὑγενίῳ,
2425 3223 2573 3294 αὐτῷ
2611 3221 2710 3293 τὴν
2744 3199 2838 3275 τοῦ
2893 3218 2999 3289 νεὼ
3023 3199 3315 3287 οίκδδομὴν
3346 3211 3683 3286 ἐπισκήπτει

2100 3317 2193 3370 καὶ
2226 3316 2288 3369 τὸ
2320 3319 2419 3385 τῆς
2450 3312 2763 3383 οἰκοδομίας
2795 3311 2985 3382 σχῆμα
3043 3310 3143 3365 καίΙ
3179 3310 3240 3362 τὸ
3287 3310 3523 3379 μέγεθος
3573 3309 3686 3361 δια.

2101 3408 2337 3483 γράφει.,
2385 3405 2597 3460 Ἔωθεν
2628 3403 2812 3457 τοίνυν
2845 3402 2981 3483 πρὸς
3006 3401 3097 3454 τὸν
3126 3402 3432 3454 ἐπίσκοπον
3457 3401 3486 3453 6
3515 3401 3683 3469 Εὐγέ-

2099 3480 2211 3563 νιος
2260 3498 2587 3568 ἀφικόμενος
2615 3511 2630 3527 ο
2681 3480 3022 3563 ἀπαγχέλλει
3076 3492 3228 3563 αὑτῷ
3268 3493 3368 3564 τὴν
3412 3492 3565 3558 ὄψιν,
3599 3493 3686 3544 καὶ

2099 3588 2416 3659 οἰκοδόμους
2448 3586 2651 3640 αὐτίκα
2675 3583 2754 3654 τῷ
2779 3583 2930 3662 έργῳ
2963 3584 3251 3654 ἐφίστησιν
3272 3618 3287 3644 ,
3319 3582 3682 3642 ὑποτυπώσις

2103 3682 2365 3754 πρότερον
2395 3679 2581 3741 αὐτοῖς
2612 3679 2707 3730 καὶ
2737 3676 3079 3747 διασημᾶνας
3101 3674 3163 3727 τό
3185 3692 3245 3727 τε
3272 3676 3372 3745 τῆς
3394 3673 3680 3741 οἰκοδομῆς

2100 3774 2395 3841 ἀνάστημα
2419 3770 2592 3823 καὶτὸ
2627 3769 2802 3839 μῆκος
2845 3768 2941 3820 καὶ
2968 3766 3066 3836 τὴν
3095 3765 3302 3819 εἴσοδον
3346 3765 3444 3818 τοῦ
3501 3766 3679 3817 θυσια-

2102 3864 2326 3932 στηρίου
2360 3862 2482 3932 ἴσην
2533 3859 2593 3913 τὸ
2623 3860 2828 3922 πλάτος
2851 3900 2858 3905 .
2881 3858 3071 3920 αὐτοῖς
3110 3859 3176 3927 τῇ
3214 3858 3361 3927 σορῷ
3394 3855 3675 3919 ἐπιτάξας·

2052 3968 2060 3975 ‘
2101 3956 2345 4009 ἐδέδοκτο
2365 3954 2472 4025 γὰρ
2505 3952 2676 4022 αὐτῷ,
2707 3950 2840 4004 εἴσω
2865 3948 2960 4003 τοῦ
2989 3947 3382 4017 θυσιαστηρίου
3405 3945 3505 4015 τὴν
3530 3947 3676 4016 σορὸν

2103 4048 2441 4101 καταθεῖναι.

2174 4138 2293 4207 lq’.
2333 4138 2488 4211 Ἐπε).
2516 4137 2574 4190 δὲ
2627 4138 2656 4190 6
2714 4136 2840 4200 ναὸς
2865 4137 2944 4201 είς
2974 4134 3137 4204 τάχος
3188 4134 3519 4202 ἀπήρτιστο,
3554 4130 3674 4184 Θεοῦ

2103 4212 2218 4287 κσιὶ⁸
2252 4231 2347 4285 τοῦ
2412 4229 2952 4301 θαυματουργοῦντος
2983 4232 3040 4282 ἐν
3073 4226 3260 4297 χωρίῳ
3292 4226 3335 4277 Τ
3347 4225 3602 4296 ρτγὼνοες
3632 4226 3674 4276 οἱ

2101 4324 2372 4394 οἰκοδόμοι
2402 4323 2718 4392 γενόμενοι·
2761 4320 2998 4375 ἐνταῦθα
3031 4320 3141 4389 γὰρ
3167 4319 3196 4368 6
3250 4316 3560 4379 ἐπίσκοπος
3592 4316 3673 4368 Σι-

2102 4416 2297 4478 λυανδς
2324 4414 2421 4484 τὴν
2451 4412 2546 4467 τοῦ
2585 4413 2859 4483 μακαρίου
2889 4410 3191 4465 ἀποστόλου
3252 4410 3505 4481 ’Δνδρέου
3548 4425 3674 4461 πανο

428 4500 657 4556 Andreae
672 4503 948 4571 apostoli),
977 4504 1028 4578 ei
1059 4504 1365 4575 signiﬁcant
1392 4510 1693 4577 perfectum
1726 4528 1846 4569 esse
1872 4516 1997 4570 aedi-

2109 4489 2308 4577 ﬂyuptv
2341 4506 2613 4558 ἐτελεῖτοο
2668 4505 2729 4559 τὸ
2783 4494 2938 4565 τέλος
2988 4518 3049 4554 τε
3105 4500 3256 4571 αύτῷ
3289 4501 3569 4569 μηνύουσι,
3588 4501 3674 4568 τῆς

428 4592 646 4649 ﬁcium:
680 4603 733 4648 et
756 4592 874 4650 Jam
900 4604 1110 4664 tempus
1141 4607 1242 4664 est,
1264 4600 1418 4653 aiunt
1442 4601 1724 4665 transferri
1759 4620 1999 4673 capsam,

424 4685 745 4757 priusquam
780 4688 1049 4758 ingressui
1095 4691 1408 4758 imponatur
1442 4695 1877 4761 superliminare.
1911 4700 2001 4754 Sic

427 4777 573 4831 enim
596 4777 811 4834 facilius
837 4781 1232 4855 iutroducetur.
1260 4782 1529 4837 Continuo
1549 4800 1676 4853 ergo
1696 4791 1998 4859 episcopus,

420 4882 552 4925 cum
609 4870 771 4924 simul
807 4886 928 4925 cum
985 4872 1074 4941 pio
1128 4872 1368 4941 Eugenio
1400 4890 1614 4931 sacrum
1674 4883 2000 4950 sumpsisset

424 4960 806 5031 Evangelium,
835 4961 971 5018 fusis
1027 4963 1177 5031 prius
1210 4966 1484 5032 precibus,
1514 4968 1679 5022 simul
1709 4979 1765 5023 et
1818 4970 2003 5026 Trisa-

422 5052 572 5122 gium
601 5054 765 5122 coepit
791 5068 1009 5116 cauere,
1042 5063 1239 5109 etcum
1263 5071 1327 5111 eo
1352 5073 1539 5113 omnes
1560 5060 1719 5114 simul
1747 5063 1997 5117 eumdem

428 5145 687 5215 hymnum
711 5145 1102 5199 concinebant:
1131 5155 1186 5225 et
1227 5151 1430 5217 egressi
1456 5161 1582 5204 sunt
1603 5152 1997 5225 supplicantes.

428 5235 632 5290 Deinde
656 5234 817 5290 etiam
849 5251 1008 5304 capsa
1052 5222 1139 5307 (ob
1164 5255 1353 5309 magna
1392 5251 1503 5308 tua,
1536 5222 1785 5310 Domine,
1841 5246 2002 5300 mira-

424 5323 548 5381 cula
569 5325 609 5393 ι)
634 5333 822 5379 secuta
850 5334 940 5381 est
968 5336 1222 5396 tanquam
1250 5331 1512 5397 animata,
1540 5336 1760 5390 nemine
1779 5340 2001 5395 omnino

429 5429 552 5469 eam
611 5426 886 5477 movente,
941 5432 1053 5471 nec
1094 5426 1367 5489 tangente.
1426 5422 1488 5474 Et
1551 5440 1741 5481 omnes
1784 5427 2000 5496 quidem

428 5508 606 5578 primo
635 5520 855 5578 propter
895 5525 1165 5567 summam
1224 5513 1667 5583 admirationem,
1706 5522 1807 5571 nec
1838 5521 2001 5574 mira-

428 5599 551 5656 culo
577 5601 820 5670 quidem,
869 5606 1009 5672 quod
1065 5608 1381 5672 cernebant,
1432 5609 1684 5665 volebant
1718 5612 1942 5666 credere
1984 5632 2007 5666 ι.

434 5692 629 5745 deinde
651 5694 805 5761 quasi
835 5707 1017 5750 essent
1049 5699 1266 5753 adducti
1320 5700 1370 5753 in
1398 5702 1682 5761 exstasim.
1718 5703 2001 5758 exclama-

440 5793 675 5839 verunt:
714 5784 964 5852 Sanetus,
1001 5801 1239 5858 sam-tus,
1277 5803 1496 5849 sanctus
1559 5792 1816 5851 Dominus
1860 5796 2001 5853 Deus

2105 4598 2415 4668 οἰκοδομίας
2443 4597 2537 4650 καί
2559 4613 2572 4624 ·
2616 4596 2765 4666 Ὥρα
2785 4595 2908 4665 ἤδη,
2941 4593 3095 4661 φασὶ,
3124 4592 3228 4662 τὴν
3262 4591 3423 4661 σορὸν
3454 4608 3670 4660 μετακο-

2109 4691 2401 4759 μισθῆναι·
2465 4686 2743 4758 ρᾷον,γάρ
2797 4685 2864 4739 ἂν
2898 4684 3041 4738 οὕτω
3096 4681 3461 4753 εἰσενεχθείη,
3512 4680 3670 4741 ειθπ

2105 4782 2198 4834 οὖν
2246 4782 2272 4832 6
2304 4778 2600 4841 ἐπίσκοπος
2648 4779 2765 4848 ἄμα
2794 4777 2873 4847 τῷ
2924 4775 3140 4828 εὐσεϐεῖ
3177 4774 3422 4844 Εὐγενίῳ
3445 4772 3508 4824 τὸ
3543 4771 3668 4841 ἱερὸν

2109 4872 2438 4941 [εὐαγγέλιον
2474 4868 2782 4933 ἀναλαϐὼν,
2833 4869 3000 4938 εὐχῆς
3057 4867 3323 4937 πρότερον
3364 4866 3668 4932 γενομένης,

2105 4966 2242 5038 ὁμοῦ
2270 4966 2409 5019 τε-τὸ
2443 4964 2741 5037 Τρισάγιον
2767 4963 3003 5034 ἦρξαντο
3032 4961 3178 5032 ᾅδειν
3205 4976 3219 4990 °
3255 4958 3351 5013 καὶ
3380 4957 3516 5027 ὁμοῦ
3546 4958 3669 5010 πάν-

2105 5077 2197 5113 τες
2225 5060 2372 5129 αὐτῷ
2393 5061 2485 5112 τὸν
2513 5057 2685 5128 ὕμνον
2718 5055 2943 5126 συνῇδον
2993 5054 3086 5107 καὶ
3122 5049 3502 5113 λιτανεύοντες
3527 5047 3670 5118 ἐξῄει

2110 5168 2227 5205 σαν·
2248 5148 2367 5204 εἶτα
2398 5152 2491 5203 καὶ
2520 5151 2552 5219 ἡ
2588 5148 2749 5220 σορὸς
2774 5145 2839 5211 (ὣ
2859 5146 2968 5198 τῶν
3000 5144 3256 5214 μεγάλων
3281 5159 3399 5207 σου,
3422 5141 3672 5199 Δέσποτα,

2108 5247 2487 5318 θαυμασίωνῖ)
2522 5240 2611 5322 ora
2635 5262 2717 5307 τις
2744 5241 2983 5314 ἔμψυχος
3016 5240 3205 5292 εἵπετο
3223 5239 3327 5323 ,καλ
3358 5236 3515 5306 αὐτὴ,
3548 5234 3672 5306 p.136-

2107 5340 2229 5402 ενὸς
2263 5324 2650 5399 ὑποκινοῡντος
2681 5335 2816 5405 μηδέ
2856 5334 3168 5402 ἁπτομένου
3188 5331 3250 5385 τὺ
3291 5329 3549 5401 παράπαν
3580 5330 3669 5380 αῦ-

2060 5472 2063 5473 ν
2105 5418 2224 5500 τῆς,
2277 5430 2410 5499 μηδὲ
2442 5429 2688 5496 θίγοντος
2712 5443 2726 5457 ⁸
2764 5428 2863 5480 καὶ
2917 5424 3121 5486 πάντες
3171 5423 3278 5476 ὑπὸ
3339 5420 3439 5475 τοῦ
3479 5418 3668 5487 σφόδρα

2108 5522 2353 5591 θάμΰους
2389 5519 2582 5588 πρῶτα
2613 5518 2717 5588 μὲν
2746 5517 2867 5572 οὐδὲ
2897 5515 3163 5586 δρωμένῳ
3212 5514 3293 5584 τῷ
3323 5512 3556 5584 θαύματι
3591 5528 3666 5563 πι-

2111 5614 2319 5668 στεύειν
2353 5612 2562 5681 ὴξίουν.
2600 5611 2833 5665 Ἔπειτα
2862 5609 3236 5673 ἐξεστηκότες,
3270 5608 3484 5675 Ἤγιος,
3512 5606 3666 5673 ἅγιος,

2110 5707 2286 5774 ἅγιος,
2336 5703 2540 5774 Κύριος
2599 5700 2849 5763 Σαϐαὼθ,
2892 5699 3124 5769 ἔκραζον
3153 5716 3165 5728 ·
3208 5699 3238 5750 6
3298 5698 3391 5751 διὰ
3448 5696 3538 5751 τοῦ
3582 5694 3663 5748 σοῦ

2109 5800 2439 5869 θεράποντος
2467 5795 2767 5867 Κορνηλίου
2790 5794 2855 5848 τὰ
2883 5791 2950 5846 σὲ
2978 5792 3260 5862 θαυμάσια
3288 5791 3391 5844 καί
3411 5789 3507 5853 τὰς
3526 5788 3665 5841 δυνα-
