3820 6462
97 306 255 371 1309

1107 316 1282 379 VI'I‘A
1321 321 1385 383 S.
1434 319 1798 385 CORNELII
1836 322 2385 391 CENTURIONIS.

3237 328 3378 397 1310

80 420 303 484 ,οτείας
351 422 482 492 ἡμῖν
542 421 900 495 φανερώσας¹
934 426 1185 502 ἐντεῦθεν
1232 431 1326 484 καὶ
1352 431 1401 484 oi
1456 433 1697 503 περιλει-

1813 435 2058 506 Sabaout,
2094 440 2185 510 qui
2216 456 2311 509 per
2340 440 2598 496 famulum
2657 450 2806 495 tuum
2856 439 3169 497 Cornelium
3207 443 3394 497 mira-l

101 511 355 580 φθέντες
386 512 494 566 τῶν
537 513 806 584 Ἑλλήνων
832 515 1181 573 ἐπίστευσαν.

182 696 294 755 IZ'.
322 666 432 753 Καὶ
460 699 492 771 ἠ
523 700 644 773 λιτὴ
679 703 842 757 πάλιν
875 706 968 758 ἐπὶ
1017 706 1109 760 τὸν
1142 689 1292 761 νσξδψ
1312 676 1510 779 ἐχώρει
1540 711 1637 765 καὶ
1668 712 1700 782 ἡ

104 791 283 862 σορὸς
313 792 521 847 εἵπετο.
571 795 722 848 Ἐπεὶ
747 797 803 850 δὲ
830 796 1021 862 ὡς’τδν
1048 799 1173 852 ναὸν
1204 801 1483 870 ἀφίκοντο,
1508 805 1557 857 οἱ
1600 805 1702 875 μὲν

104 884 273 947 ἐνθεν
336 884 429 937 καὶ
460 884 610 940 ἔνθεν
643 886 900 960 ἔστησαν,
952 890 1188 963 ὁρῶντες
1241 894 1364 946 ὅποι
1389 906 1448 946 τε
1484 895 1517 965 ἡ
1547 896 1713 968 σορὸς

104 976 457 1047 προϐήσεται
484 979 577 1031 καὶ
610 983 710 1031 ποΐ
731 981 1010 1053 στήσεται.
1044 982 1107 1036 Ἦ
1132 983 1189 1037 δὲ
1206 984 1294 1038 διὰ
1322 986 1502 1054 μέσων
1526 987 1705 1042 αὐτῶν

107 1070 213 1120 καὶ
247 1068 353 1138 τῆς
385 1069 623 1138 πλαγίας
677 1072 854 1143 πύλης
900 1063 1157 1128 ἐλθοῦσί
1186 1077 1284 1146 τῆς
1336 1077 1542 1143 δεξιᾶς,
1570 1076 1702 1148 ἔστη

109 1158 352 1231 πλησίον
382 1160 477 1214 τοῦ
517 1160 932 1234 θυσιαστηρίου,
962 1168 1346 1239 καὶ“¹μηχανῆς
1371 1169 1593 1239 ἀπάσης
1614 1186 1729 1238 γε-.

109 1253 373 1323 νομένης,
409 1251 551 1305 ὥστε
603 1254 775 1324 αὐτὴν
822 1256 955 1309 εἴσω
982 1257 1077 1312 τοῦ
1129 1258 1517 1329 θυσιαστηρίου
1575 1279 1706 1332 μετ-

110 1344 389 1410 ενεγκεῖν.
425 1344 488 1397 'II
522 1344 579 1397 δὲ
613 1347 1011 1419 ἀμετακίνητος
1039 1351 1135 1404 καὶ
1155 1351 1235 1415 εἰς
1269 1351 1347 1405 ἔτι
1383 1353 1554 1424 μένει,
1606 1354 1704 1420 θη-

113 1436 325 1509 σαυρὸς
351 1435 649 1507 θαυμάτων
676 1438 777 1493 οὐκ
806 1440 1124 1504 ἐπιλείπων,
1168 1436 1472 1510 ἀπόλαυσις
1507 1445 1709 1519 πολλῆς

114 1529 504 1598 πνευματικῆς
537 1529 809 1598 ὠφελείας
839 1532 932 1585 καὶ
954 1531 1205 1604 χάριτος.

193 1706 301 1762 ΙΗ’.
333 1709 593 1764 Σιλυανοῦ
645 1710 703 1764 δὲ
754 1711 848 1765 τοῦ
901 1712 1207 1767 ἐπισκόπου
1261 1716 1705 1783 τελευτήσαντος,

1807 530 1924 597 cula
1958 539 2043 583 tua
2076 539 2126 584 et
2162 533 2390 587 virtutes
2441 533 2599 588 nobis
2661 532 2945 601 aperuisti.
2977 532 3113 587 Hinc
3171 532 3376 586 factum

1804 629 1908 682 est,
1944 630 2002 675 ut
2035 622 2126 689 qui
2160 633 2539 678 remanserant
2570 640 2632 679 ex
2674 622 2951 692 gentibus,
3001 623 3304 677 crederent.

1876 711 2121 766 XVII.Et
2148 730 2337 769 rursus
2367 715 2421 768 in
2451 716 2706 785 templum
2736 714 3005 785 processit
3035 715 3379 783 supplicatio,

1806 812 1860 859 et
1894 820 2054 875 capsa
2084 806 2434 875 sequebatur.
2464 784 2762 876 Postquam
2792 815 2968 859 autem
3028 784 3297 859 venerunt
3326 805 3378 857 in

1808 899 2064 967 templum
2099 898 2174 953 illi
2208 900 2425 968 quidem
2454 899 2580 954 hinc
2609 909 2662 954 et
2686 898 2843 952 illinc
2883 897 3265 962 constiterunt,
3294 896 3373 948 vi-

1807 990 2021 1052 dentes,
2050 1005 2286 1057 quonam
2319 989 2464 1063 esset
2506 1005 2670 1059 capsa
2706 996 3129 1059 processura,‘et
3161 988 3378 1041 ubinam

1806 1093 2034 1140 Statura.
2073 1082 2161 1137 Illa
2197 1093 2375 1138 autem
2412 1098 2506 1152 per
2528 1082 2676 1152 ipsos
2732 1082 2940 1137 medios
2996 1088 3051 1134 et
3105 1078 3380 1133 lateralem

1806 1183 2017 1245 portam
2072 1174 2311 1239 veniens,
2352 1187 2469 1242 quae
2502 1181 2621 1226 erat
2657 1186 2686 1224 a
2736 1172 2977 1234 dextera,
3021 1169 3173 1223 stetit
3213 1182 3377 1236 prope

1809 1285 1958 1326 aram
1992 1269 2118 1326 :cui
2153 1271 2403 1325 omnibus
2427 1269 2684 1323 adhibitis
2719 1266 3003 1331 machinis,
3038 1273 3179 1319 utea
3201 1271 3382 1316 trans-

1807 1360 2041 1416 ferretur
2108 1360 2174 1414 ad
2206 1375 2376 1424 aram,
2414 1359 2501 1413 illa
2536 1365 2718 1413 manet.
2774 1355 3067 1410 immobilis
3116 1368 3289 1423 usque
3331 1353 3382 1405 in

1813 1453 2137 1508 hodiernum
2169 1451 2755 1526 diemhmiraculorum
2794 1448 3082 1503 thesaurus
3116 1460 3220 1499 non
3249 1444 3386 1498 deti-

1811 1547 1981 1612 ciens,
2015 1561 2080 1599 ex
2110 1559 2217 1614 quo
2248 1543 2547 1614 percipitur
2573 1556 2763 1611 magna
2792 1538 3055 1608 spiritalis
3095 1536 3302 1590 utilitas
3330 1544 3386 1589 et

1811 1637 2006 1707 gratia.

1885 1726 2074 1783 XVIII.
2121 1725 2255 1781 Cum
2306 1733 2484 1780 autem
2530 1723 2784 1780 Silvanus
2817 1718 3140 1776 decessisset
3165 1718 3242 1788 (7)
3270 1717 3385 1784 epi-
3470 1785 3491 1802 κ

115 1800 220 1870 τὴν
253 1800 354 1868 μὲν
410 1800 713 1872 Τρωαδέων
761 1805 1069 1875 ἐπισκοπὴν
1136 1805 1478 1873 ’Δθα-ιάσιος,
1519 1809 1619 1881 τὴν
1652 1810 1707 1864 δὲ

1813 1834 2027 1889 scopas,
2060 1816 2449 1872 Troadensium
2508 1816 2725 1886 quidem
2779 1813 3113 1882 episcopatui
3141 1786 3383 1864 Athana-

123 1891 411 1963 Σκεψσίων
443 1893 827 1965 Φιλοστόργιος
859 1896 1286 1968 ἐγχειρίζονται.
1349 1898 1502 1952 Ἐπεὶ
1525 1900 1580 1953 δὲ
1612 1898 1715 1954 καὶ·

117 1984 150 2037 ὁ
181 1982 505 2056 φιλευσεόὴς
533 1986 740 2050 ἐκεῖνος
787 1986 1047 2056 Εὐγένιος
1100 1990 1368 2043 κατέλυσε
1417 1993 1509 2044 καὶ
1544 1992 1706 2057 αὐτὸς

118 2074 220 2128 τὸν
257 2073 393 2146 βίον,
424 2078 797 2149 προτρέπεταί
832 2096 957 2135 τινα
1001 2081 1298 2154 ζωγράφον
1353 2087 1380 2139 ό
1424 2085 1708 2156 Φιλοστόρ-

118 2181 264 2235 γιος,
295 2167 472 2220 πάντα
497 2184 557 2221 τε
592 2168 800 2238 γράψαι
831 2170 925 2225 τὸν
955 2171 1083 2243 ναὸν
1114 2173 1210 2226 καὶ
1237 2173 1337 2245 τὴν
1365 2174 1460 2228 τοῦ
1492 2176 1707 2246 Κορνη-

121 2257 241 2310 λίου
268 2258 453 2312 εἰκόνα
494 2261 802 2327 σπουδαίως
831 2264 890 2316 ἐν
934 2263 1084 2335 αὑτῷ
1131 2266 1472 2331 ἐκτυπῶσαι,
1511 2267 1604 2320 καὶ
1633 2267 1708 2331 ὡς

118 2348 352 2403 δυνατὸν
386 2352 483 2406 σὺν
517 2351 776 2424 ἀκριϐείᾳ
829 2351 1274 2427 κεκοσμημένην,
1316 2358 1466 2421 ὅπως
1519 2358 1708 2429 γηρῶν

123 2457 188 2495 τε
204 2441 305 2513 ἤδη
326 2442 562 2514 γραφείη
596 2443 691 2498 καὶ
717 2445 897 2517 ἐαυτῷ
919 2447 1268 2501 παντάπασιν
1285 2438 1479 2511 ἐοικώς
1503 2466 1515 2479 ο
1541 2449 1709 2503 ἐδεῖτο

118 2528 269 2595 οὖνὸ
313 2535 635 2606 Ἒγκράτιος
654 2536 749 2590 τοῦ
773 2538 943 2606 ἀγίου
973 2538 994 2610 (
1016 2538 1177 2594 τοῦτο
1203 2541 1313 2612 γὰρ
1335 2537 1406 2613 ἦν
1432 2541 1607 2612 ὄνομα
1626 2542 1705 2612 τῷ

124 2626 445 2698 ζωγράφῳ)
502 2627 808 2707 ἐκκαλύψαι
863 2630 1014 2703 αὐτῷ
1059 2631 1156 2702 τὴν
1191 2633 1399 2688 οίκείαν
1434 2634 1598 2699 ίδέαν,
1634 2637 1709 2699 ὡς

123 2718 195 2773 ἂν
216 2719 489 2790 ἐπιτυχῶς
519 2736 579 2772 τε
604 2720 778 2792 αὐτὴν
810 2720 902 2775 καὶ
947 2722 1086 2792 πρὸς
1138 2722 1429 2794 ἀκρίϐειαν
1474 2724 1708 2794 γράψειε

131 2810 231 2863 καὶ
263 2810 379 2881 ἅμα
402 2811 789 2882 ἐδυσχέραινεν
813 2810 909 2867 ἐπὶ
941 2816 1008 2885 τῇ
1038 2813 1133 2868 τοῦ
1156 2815 1463 2868 ἐπισκόπου
1493 2816 1707 2887 ἐντολῇ,

126 2904 223 2958 καί
244 2920 395 2967 τινας
424 2903 526 2957 οὐκ
549 2904 857 2984 εὐφήμους,
910 2906 1007 2959 καὶ
1034 2906 1172 2973 πρὸς
1225 2906 1318 2962 τὸν
1372 2908 1527 2976 ἅγιον
1556 2908 1710 2977 ἠφίει

124 2995 337 3068 φωνὰς,
373 2995 749 3066 ἀπορούμενος
772 2997 1040 3052 πάντοθεν
1076 2997 1170 3051 καὶ
1197 2997 1385 3062 δεινῶς
1414 2998 1594 3053 ἀλύων
1622 2997 1713 3053 διά

121 3104 187 3143 τε
206 3088 303 3158 τὴν
330 3078 542 3141 ἐκείνου
574 3089 674 3159 τῆς
732 3087 878 3153 ἰδέας
920 3088 1162 3157 ἄγνοιαν,
1193 3090 1288 3143 καὶ
1333 3090 1507 3162 τδ-μὴ
1526 3090 1707 3162 ’ἐχειν,

129 3181 279 3242 am;
304 3177 371 3233 ἂν
399 3178 510 3232 τῶν
540 3180 640 3250 τῆς
659 3178 836 3249 ὅψεως
868 3181 1240 3252 χαρακτήρων
1273 3176 1540 3251 ἐφίκοιτο.
1567 3182 1704 3237 Ποτέ

128 3271 309 3324 τοίνυν
362 3271 464 3340 τῆς
494 3269 791 3341 -κλίμακος
840 3268 1111 3339 ἐκπεσὼν,
1165 3270 1250 3342 ἐφ’
1297 3267 1369 3345 ἦς
1415 3272 1704 3342 ’ἐϐεόήκει,

127 3361 332 3424 ἄπνους
371 3379 432 3416 τε
476 3361 655 3417 ἔκειτο
684 3362 777 3417 καὶ
808 3364 1092 3436 σκώληκες
1114 3365 1291 3437 οἱμὲν
1335 3364 1585 3436 ἐξεῖρπον
1621 3366 1712 3419 διὰ

126 3455 229 3509 τοῦ
253 3456 541 3525 στόματος.
583 3458 648 3511 οι
675 3457 733 3510 δὲ
767 3458 929 3513 πάλιν
953 3458 1231 3530 εἰσῄεσαν·
1253 3458 1501 3529 ἐῴκεσαν
1522 3459 1578 3513 δὲ
1598 3460 1706 3530 ἄρα

120 3548 239 3601 τῶν
260 3547 560 3620 δυσφήμων
610 3551 838 3604 ἐκείνων
890 3548 1236 3619 λόγωνεῐναι
1290 3551 1522 3622 καρπὸς,
1555 3551 1650 3626 οὓς
1678 3554 1716 3605 ό

131 3636 419 3709 ζωγράφος
446 3640 747 3712 ἀνιώμενος
775 3643 963 3711 ἔλεγεν
988 3659 1003 3676 ο
1052 3641 1191 3696 Ἀλλ’
1217 3644 1380 3708 αὐτὸς
1408 3639 1479 3710 εἴ,
1507 3646 1711 3714 Κορνής

129 3732 237 3797 λιε,
261 3732 478 3798 πάντως
500 3749 516 3765 ο
575 3736 604 3788 ὀ
658 3735 752 3789 καὶ
790 3735 852 3788 τὸ
876 3734 1107 3806 σφοδρὸν
1162 3735 1306 3811 κατά
1366 3735 1462 3789 σοῦ
1496 3737 1707 3790 πνέοντι

134 3824 399 3895 πρότερον
431 3825 731 3897 Δημητρίῳ
760 3811 858 3896 τὴν
895 3829 1137 3895 γυναῖκα
1164 3828 1255 3880 κα)⁸
1283 3827 1375 3880 τὸν
1407 3828 1522 3881 υἱὸν
1552 3844 1709 3898 χαρι-

135 3916 387 3984 σάμενος,
418 3916 670 3971 ἐντεῦθεν
696 3916 805 3971 οὐδ’
850 3918 962 3997 ἐπὶ³
999 3917 1161 3970 πλέον
1200 3916 1268 3971 τὰ
1312 3918 1411 3988 τῆς
1436 3917 1708 3987 τιμωρίας

132 4007 360 4077 ταθῆναι
391 4008 468 4079 τῷ
493 4007 772 4079 ζωγράφῳ
802 4008 1059 4078 ἠνέσχου.
1098 4009 1415 4084 Ἐπιφανεὶς
1468 4008 1576 4078 γὰρ
1630 4008 1709 4071 είς

132 4100 232 4169 τὴν
263 4098 553 4166 ἐπιοῦσαν,
610 4100 708 4153 καὶ
758 4102 856 4170 τῆς
908 4099 1089 4164 δεξιᾶς
1151 4101 1316 4153 αὑτὸν
1385 4099 1706 4170 λαϐόμενος,

136 4192 404 4263 ἀνέστησέ
423 4209 482 4246 τε
515 4192 680 4245 οἱονεὶ
706 4191 1039 4266 καθειξδοντα
1066 4209 1080 4223 ·
1114 4193 1209 4246 καὶ
1238 4192 1331 4246 δύο
1362 4193 1525 4246 ταῦτα
1553 4196 1710 4262 μέγιη

137 4303 239 4340 στα
272 4283 788 4355 κατεπράξατο’τὴν
818 4283 1122 4336 ἀκόλαστόν
1161 4301 1220 4336 τε
1257 4284 1368 4352 γὰρ
1398 4284 1710 4352 ἐπαιδαγώ-

131 4388 299 4446 γησεν
326 4374 475 4445 αὐτῷ
496 4374 742 4444 γλῶτταν
763 4375 858 4427 καὶ
881 4374 982 4443 τὴν
1012 4374 1104 4426 ἐπὶ
1127 4376 1190 4444 τῇ
1213 4373 1417 4446 ἀπορίᾳ
1452 4375 1549 4446 τῆς
1570 4391 1709 4446 γρα-

1810 1913 1945 1974 sius,
2025 1910 2420 1979 Philostorgius
2471 1908 2545 1979 (8)
2582 1917 2758 1962 autem
2815 1905 3217 1975 Scepsacorum,
3248 1916 3386 1971 prae-

1814 2006 2092 2059 ﬁciuntur.
2133 2000 2427 2072 Postquam
2464 2014 2593 2055 vero
2644 1999 2794 2069 prius
2827 2011 3045 2067 quoque
3093 1995 3181 2050 ille
3209 1993 3385 2062 Euge-

1812 2096 1934 2150 nius
1967 2093 2203 2150 excessit
2236 2108 2267 2149 e
2337 2092 2471 2157 vita,
2499 2090 2787 2161 quemdam
2826 2090 3084 2158 pictorem
3130 2085 3385 2140 hortatur

1808 2185 2221 2255 Philostorgius,
2266 2192 2323 2237 ut
2377 2190 2433 2238 et
2482 2189 2657 2237 totum
2696 2179 2951 2248 templum
3003 2176 3279 2247 depingat,
3330 2182 3386 2229 et

1807 2276 2047 2335 Cornelii
2093 2276 2347 2345 'eﬂigiem
2405 2276 2459 2330 in
2521 2289 2586 2329 eo
2630 2273 2921 2344 diligenter
2978 2272 3269 2340 exprimat,
3331 2278 3388 2323 et

1808 2384 1968 2438 quam
2004 2366 2119 2421 ﬁeri
2161 2375 2344 2437 posset
2391 2363 2806 2421 accuratissime
2844 2369 3042 2419 ornet:
3083 2373 3281 2429 nempe
3327 2369 3388 2411 ut

1808 2462 1854 2515 is
1879 2460 2042 2515 etiam
2058 2472 2224 2514 senex
2251 2457 2586 2528 pingeretur,
2613 2464 2669 2509 et
2688 2454 2766 2508 illi
2789 2454 2891 2524 ipsi
2910 2452 3133 2508 omnino
3158 2450 3378 2507 similis.

1808 2552 2051 2624 Rogabat
2077 2566 2209 2621 ergo
2260 2559 2507 2606 sanctum
2563 2547 2853 2604 Encratius
2910 2548 3036 2616 (hoc
3079 2544 3225 2597 enim
3271 2552 3389 2597 erat

1808 2660 1998 2700 nomen
2014 2643 2255 2715 pietori),
2277 2652 2334 2696 ut
2351 2642 2399 2696 ei
2416 2656 2568 2695 suam
2583 2639 2848 2696 revelaret
2868 2637 3129 2708 speciem,
3143 2650 3249 2704 quo
3262 2649 3387 2689 eam

1809 2747 1931 2807 apte
1967 2745 2024 2791 et
2052 2744 2309 2790 accurate
2340 2731 2656 2802 depingeret
2684 2748 2698 2786 :
2726 2739 2781 2785 et
2808 2728 2971 2785 simul
3004 2741 3146 2794 aegre
3176 2726 3387 2781 ferebat

1809 2827 2128 2882 mandatum
2163 2824 2429 2894 episcopi,
2464 2831 2523 2878 et
2544 2822 2808 2892 quasdam
2827 2836 2934 2875 nou
2963 2819 3128 2874 nimis
3157 2816 3383 2899 honori-

1812 2918 1939 2974 licas
1971 2932 2131 2974 voces
2157 2918 2445 2973 emittebat
2475 2915 2528 2970 in
2585 2922 2859 2981 sanctum,
2887 2910 3070 2966 animo
3130 2925 3197 2965 ex
3234 2908 3382 2964 omni

1778 3048 1785 3052 ‹
1811 3017 1964 3081 parte
1991 3009 2296 3079 perplexas,
2324 3018 2378 3063 et
2402 3005 2558 3061 valde
2594 3004 2790 3072 tristis,
2812 3012 2867 3060 et
2910 3012 3199 3074 propterea
3242 3000 3386 3070 quod

1737 3125 1778 3181 ο
1815 3105 2056 3161 nesciret
2091 3103 2231 3158 illius
2258 3103 2515 3174 speciem,
2547 3109 2605 3173 et
2645 3102 2787 3170 quod
2837 3115 2945 3154 non
2973 3106 3152 3169 posset
3182 3109 3379 3152 conse-
3446 3168 3449 3171 _

1808 3198 1899 3266 qui
1925 3195 2265 3261 characteres
2293 3202 2349 3250 et
2382 3193 2582 3264 ﬁguras
2611 3194 2814 3250 vultus.
2867 3191 3002 3248 Cum
3050 3190 3232 3260 itaque
3280 3187 3384 3244 ali--

1812 3290 2027 3358 quando
2054 3288 2343 3351 cecidisset
2364 3300 2400 3344 e
2423 3288 2606 3352 sealis,
2638 3305 2783 3358 quas
2806 3289 3150 3353 ascenderat,
3169 3285 3388 3369 iacebat

1814 3396 1918 3436 non
1952 3380 2172 3448 spirans
2205 3388 2221 3433 ':
2258 3388 2316 3434 et.
2352 3392 2565 3432 vermes
2591 3379 2683 3432 alii
2721 3379 2934 3446 quidem
2968 3393 3064 3447 per
3100 3392 3163 3433 os
3193 3390 3385 3445 prore-

1813 3473 2053 3543 ptabant,
2103 3472 2194 3526 alii
2248 3481 2430 3525 autem
2485 3485 2677 3525 rursus
2733 3468 3198 3540 ingrediebantur.
3258 3467 3383 3521 Visa

1812 3571 1937 3618 Sunt
1969 3572 2147 3618 autem
2185 3563 2300 3616 haec
2358 3574 2483 3616 esse
2547 3559 2756 3614 fructus
2822 3560 3038 3615 illorum
3093 3558 3380 3612 verborum

1813 3654 2222 3718 maledicorum,
2258 3668 2379 3722 quae
2431 3652 2619 3707 dolore
2662 3650 2887 3706 allectus
2938 3651 3111 3718 pictor
3147 3649 3399 3704 dixerat.“

1811 3747 1916 3801 Sed
1947 3747 2060 3815 ipse
2089 3761 2147 3801 es
2177 3746 2421 3810 omnino,
2453 3760 2487 3799 ο
2533 3744 2769 3806 Corneli,
2805 3743 2897 3814 qui
2948 3741 3219 3797 Demetrio
3253 3755 3383 3810 grta.

1811 3838 1950 3894 viter
1977 3839 2026 3892 in
2055 3848 2107 3893 te
2138 3839 2288 3908 prius
2341 3838 2571 3907 spiranti
2604 3852 2825 3892 uxorem
2859 3845 2913 3892 et
2940 3835 3103 3890 lilium
3129 3833 3382 3892 donasti:

1809 3940 2136 4003 quaprOpter
2160 3946 2267 3986 non
2305 3931 2636 3993 sustinuisti,
2676 3941 2735 3983 ut
2768 3929 2895 3983 huic
2938 3927 3128 3998 pictori
3150 3924 3383 3995 amplius
3453 3926 3476 3944 '

1812 4024 2202 4094 produceretur
2242 4023 2592 4093 Supplicium.
2625 4021 2761 4075 Cum
2793 4020 2936 4076 enim
2992 4019 3078 4072 die
3132 4015 3382 4086 sequenti

1810 4119 1856 4173 ei
1886 4117 2251 4188 apparuisset,
2288 4125 2341 4170 et
2373 4131 2588 4173 manum
2622 4114 2741 4183 ejus
2769 4114 3044 4168 dexteram
3077 4110 3382 4180 apprehen-

1811 4210 1999 4270 disset,
2059 4223 2181 4262 eum
2224 4223 2446 4278 Surgere
2516 4207 2662 4271 fecit,
2700 4208 2846 4261 velut
2900 4204 3382 4259 dormientemzet

1811 4299 1923 4353 haec
1946 4299 2052 4352 duo
2076 4300 2203 4353 fecit
2232 4301 2461 4351 maxima
2488 4315 2504 4364 ;
2543 4314 2666 4351 nam
2696 4308 2751 4352 et
2778 4297 3228 4364 intemperantem
3260 4293 3378 4362 ejus

1814 4392 2048 4459 linguam
2082 4391 2385 4458 castigavit,
2417 4402 2469 4443 υι
2500 4391 2711 4444 curavit
2744 4390 2986 4443 dolorem
3012 4402 3075 4441 ac
3100 4385 3378 4457 trgritudi.

132 4471 242 4541 φῆς
277 4469 462 4540 ,λύπην
507 4476 604 4528 καὶ
649 4470 748 4541 τὴν
775 4469 1015 4541 ἀθυμίαν
1075 4469 1463 4541 ἐθεράπευσεν,
1519 4471 1620 4544 οὐκ
1650 4472 1707 4523 ἐν

1814 4495 1956 4547 nem,
1989 4496 2147 4551 quam
2171 4490 2474 4549 acceperat,
2498 4491 2779 4546 propterea
2800 4478 2945 4548 quod
2975 4477 3381 4546 nesciret,quo~

131 4565 300 4618 εἰκόνι
326 4563 434 4617 τινὶ
478 4562 573 4617 καὶ
621 4562 778 4633 τύπῳ
808 4563 904 4616 καλ⁵
934 4564 1263 4634 ὁμοιώματι,
1313 4563 1429 4617 ἀλλ’
1458 4564 1619 4626 αὐτός
1647 4582 1706 4617 τε

130 4645 283 4727 αὗτῷ
313 4654 731 4726 συγγενόμενος,
768 4653 862 4707 καὶ
890 4648 1003 4717 οἷος
1024 4648 1094 4724 ἦν
1133 4654 1233 4724 τὴν
1260 4655 1475 4726 μορφὴν
1505 4656 1708 4708 ἐπιδεί⁴

136 4751 234 4815 ξας
256 4763 270 4778 ο
305 4746 497 4817 ἀμέλει
517 4746 613 4799 καὶ
643 4744 805 4815 ὑγιὴς
832 4740 991 4808 αὖθις
1024 4748 1051 4798 ό
1080 4744 1370 4815 ζωγράφος
1404 4745 1587 4812 ὡρᾶτο
1616 4749 1709 4799 καὶ

136 4838 295 4903 σῶος,
334 4837 431 4890 καὶ
461 4837 600 4899 ὅλως
639 4835 748 4889 τῶν
781 4835 1078 4907 σκωλήκων
1129 4835 1574 4906 ἀπηλλαγμένος,
1595 4839 1710 4889 .καὶ

132 4933 236 5001 τῆς
256 4931 451 5001 τέχνης
477 4928 640 4984 πάλιν
660 4928 988 4999 ἁπτόμενος.
1033 4928 1227 4981 Ἔνθεν
1253 4945 1332 4981 τοι
1359 4928 1454 4981 καὶ
1478 4929 1711 5000 ἀνέγραο

131 5022 422 5094 ψεναὺτὸν
450 5020 635 5074 ὁποῖον
667 5016 797 5085 εἶδε,
842 5018 1044 5089 πολλὴν
1096 5018 1195 5087 τὴν
1247 5018 1505 5088 ἀλήθειαν
1574 5020 1737 5089 μετὰ,

132 5117 233 5186 τῆς
259 5114 448 5185 τέχνης
474 5111 729 5183 ἐμϐαλὼν
786 5114 851 5183 τῇ
911 5113 1120 5181 γραφῇ,
1182 5110 1371 5179 εὐχαῖς
1425 5111 1745 5166 αὐτοῦτοῦ·

134 5209 293 5276 ἁγίου
350 5207 533 5278 χάριτι
583 5205 679 5259 καὶ
732 5202 1117 5274 φιλανθρωπίᾳ
1171 5202 1264 5256 τοῦ
1300 5206 1505 5275 Κυρίου
1554 5207 1711 5277 ἡμῶν

213 5328 286 5396 (7)
321 5324 418 5380 llic
448 5333 531 5377 est
563 5322 807 5396 fortassis
830 5323 926 5396 qui
960 5318 1190 5377 sessioni
1229 5323 1497 5377 Gtconcilii
1529 5324 1698 5392 Ephe-

134 5393 278 5453 sini'
309 5394 635 5462 subscripsit
692 5410 711 5444 ι
754 5393 1083 5446 Athanasius
1132 5396 1418 5462 epismpus
1473 5396 1710 5451 civuatis

132 5469 502 5535 Srepsiurutn,
532 5482 550 5517 ι
574 5463 805 5531 indeque
838 5464 1103 5535 'I‘roadem
1130 5464 1417 5535 translatus
1448 5480 1463 5517 :
1489 5466 1713 5534 ideoque

132 5533 261 5594 cuni
296 5535 677 5603 Philostorgio.
715 5548 815 5588 suo
847 5533 901 5587 in
959 5534 1138 5587 sedem
1188 5534 1542 5600 Scepsensem
1584 5533 1703 5589 suc-

133 5624 377 5670 cessure,
407 5607 492 5660 hic
527 5602 635 5673 agit
656 5604 721 5658 de
755 5602 1067 5657 S.C0rnelii
1096 5604 1463 5673 Scepsarorum
1494 5608 1709 5671 patroni

141 5680 405 5748 pingcnda
437 5672 703 5748 imagine.
733 5674 811 5748 _:_\t
869 5672 1115 5748 quisquis
1166 5672 1342 5748 fuerit
1382 5672 1712 5748 'l‘roladensis

143 5738 624 5813 Itale-"Athanasius,
656 5743 792 5801 obiit
824 5738 973 5801 certe
1000 5738 1122 5797 ante
1151 5743 1444 5798 cunt-ilium
1474 5741 1707 5799 Chalce-

1813 4573 1971 4627 modo
2002 4574 2277 4643 pingeret;
2308 4587 2412 4627 non
2462 4572 2513 4625 in
2565 4572 2755 4640 ﬁgura,
2805 4570 3039 4639 imagine
3086 4577 3140 4623 et.
3192 4566 3386 4623 simili-

1813 4664 2016 4728 tudine,
2043 4664 2135 4716 sed
2166 4676 2292 4716 vere
2324 4676 2445 4716 eum
2474 4675 2538 4715 eo
2562 4675 2885 4730 congressus
2914 4669 2966 4713 et
3008 4658 3179 4711 turma
3238 4656 3382 4725 quali

1813 4767 1958 4810 esset
1988 4753 2304 4809 ostendens.
2330 4753 2473 4820 Quin
2502 4754 2665 4807 etiam
2721 4753 2835 4822 ipse
2895 4751 3069 4820 pictor
3098 4749 3248 4804 visus
3303 4758 3386 4803 est

1817 4832 2001 4900 rursus
2024 4861 2193 4902 sanus
2221 4855 2277 4901 et
2307 4846 2509 4909 salvus,
2541 4854 2591 4899 et
2640 4838 2865 4899 cumino
2906 4842 3166 4896 liberatus
3200 4856 3229 4893 a
3261 4854 3383 4893 ver-

1817 4939 2015 5001 mibus,
2045 4947 2099 4991 et
2133 4954 2321 4993 rursus
2351 4947 2523 4991 artem
2583 4952 2734 4990 suam
2782 4949 3089 5005 aggressus.
3125 4932 3261 4993 Hinc
3308 4929 3388 4984 fa-

1819 5041 1963 5084 ctum
2004 5040 2106 5094 est,
2140 5040 2196 5084 ut
2226 5047 2348 5084 eum
2405 5030 2561 5084 talem
2610 5031 2873 5098 pingeret,
2907 5027 3121 5097 qualem
3152 5027 3384 5091 viderat,

1818 5122 1989 5192 ipsam
2026 5121 2184 5191 plane
2209 5124 2492 5176 veritatem
2526 5136 2646 5174 cum
2712 5130 2828 5175 arte
2883 5119 3132 5189 injiciens
3189 5118 3242 5172 in
3302 5118 3386 5188 pi-

1820 5224 2052 5280 eturam,
2091 5216 2346 5283 precibus
2390 5213 2563 5282 ipsius
2613 5212 2823 5276 Sancti,
2875 5212 3047 5282 gratia
3097 5220 3277 5266 autem
3334 5220 3389 5266 ct

1811 5332 2068 5395 donense,
2103 5350 2223 5387 nam
2253 5333 2377 5386 huic
2402 5331 2723 5399 subscripsit
2761 5349 2779 5384 ι
2830 5330 3053 5385 Pionius
3098 5330 3382 5400 episcopus

1812 5405 2049 5457 Civitatis
2080 5400 2331 5456 Tt‘oatlis.
2371 5420 2390 5452 ι
3180 5419 3187 5426 ·

1884 5473 1960 5544 (8)
1992 5474 2215 5544 Concilii
2244 5472 2704 5527 Chalcedonensis
2735 5472 2932 5544 actioni
2988 5471 3053 5525 16
3084 5469 3388 5544 «Diogenes

1813 5539 2096 5613 cpiscopus
2132 5543 2314 5612 Cyziei
2387 5544 2698 5613 metropolis
2751 5539 3387 5613 deﬁnienssubscripsit.

1811 5608 1863 5668 et
1897 5608 2011 5683 pro'
2029 5608 2414 5683 absentibus...
2450 5608 2814 5680 Pliil'ostorgio
2851 5610 3130 5683 Scepsii...
3176 5628 3193 5661 ι
3227 5608 3303 5663 uti
3334 5613 3388 5663 et.

1814 5681 2011 5740 actioni
2042 5684 2074 5738 6
2105 5684 2220 5748 ubi,
2260 5702 2277 5735 ι
2303 5682 2621 5755 Ευειοιεξυε
2658 5701 2676 5736 ι
2716 5681 3031 5751 appellatur.
