3820 6472
475 328 604 399 1311

1659 332 1942 392 MENSIS
1978 294 2498 392 FEBRUARIUS.

3575 307 3715 371 1312

422 449 429 457 ”
472 452 756 510 clementia
799 450 1008 508 Domini
1045 450 1213 506 nostri
1244 449 1369 506 Jcsn
1395 444 1623 512 Chl-isti,
1651 463 1772 501 cum
1805 462 1912 516 quo
1936 446 2026 499 Pas

2158 441 2331 513 ’1ησοῦ
2372 437 2636 511 Χριστοῦ,
2673 439 2792 509 μεθ’
2837 430 2900 491 οὗ
2952 437 3028 507 τῷ
3062 435 3238 506 natth
3298 432 3416 501 ἅμα
3472 426 3553 495 τῷ
3585 424 3720 524 ἀγῖςξ)

475 545 540 600 tri
566 544 724 598 simul
754 559 873 596 cum
903 550 1092 608 sancto
1125 543 1350 612 Spiritu,
1399 540 1592 609 gloria,
1644 540 1907 609 potentia,
1938 536 2042 591 h'oa

469 654 570 694 nor
596 649 650 693 et
679 637 918 691 adoratio
953 637 1006 690 in
1036 637 1230 691 saecula
1254 629 1596 690 saeculorum.
1627 628 1820 684 Amen.

841 825 997 834 ..-

475 825 530 841 .0

535 827 822 838 ————

2146 535 2423 606 Πνεύματι
2476 532 2623 597 δόξα,
2659 532 2880 600 κράτος,
2939 530 3070 601 τιμὴ
3098 528 3192 579 καὶ
3223 522 3608 596 προσκύνησις
3645 522 3720 574 εἰς

2141 626 2266 688 τοὺς
2296 623 2518 686 αἰῶνας.
2569 624 2624 676 Ἀ
2635 628 2759 693 μήν.

2222 801 3708 846 πεῖ-ἐεῶ

863 986 1495 1076 ΜΑΡΤΥΡΙΟΝ
1568 981 1797 1067 ΤΟΥ
1869 979 2214 1067 ΑΓΙΟΥ
2283 967 3330 1108 ΜΕΓΑΛΟΜΑΡΤΥΡΟΣ

788 1586 1512 1678 MARTYBIUM
1589 1586 2004 1678 SANCTI
2086 1585 2236 1672 ΕΤ
2309 1584 2684 1674 MAGNI
2767 1579 3382 1682 MABTYRIS

1605 1805 2564 1935 TRYPHONIS.

524 2051 724 2114 (Latine
748 2049 874 2112 apud
897 2046 1098 2098 Surium
1121 2045 1182 2100 ad
1205 2047 1340 2098 diem
1361 2047 1392 2096 3
1415 2046 1672 2097 Februarii
1696 2060 1708 2108 ;
1729 2047 1895 2099 Graeca
1917 2055 2048 2092 nunc
2079 2043 2290 2104 primum
2336 2051 2580 2108 prodeunt
2605 2056 2666 2092 ex
2693 2045 2836 2095 codd.
2877 2058 2993 2096 mss.
3021 2045 3177 2096 Paris.
3204 2059 3252 2094 ιι.
3279 2044 3401 2096 1178
3425 2047 3481 2096 et
3513 2043 3652 2094 1450.

1951 2127 2297 2207 ΕοιτεκΡΑτιι.)

2039 2308 2110 2322 β

533 2424 580 2489 l.
611 2430 747 2488 Cum
768 2425 1032 2492 Dominus
1053 2444 1108 2490 et
1135 2424 1278 2492 Deus
1302 2443 1356 2490 et
1388 2435 1650 2490 SerVator
1679 2443 1861 2491 noster
1886 2433 2026 2490 Jesnt

2215 2431 2292 2495 A".
2331 2439 2439 2494 Τοῦ
2479 2439 2687 2512 Κυρίου
2709 2440 2808 2495 καὶ
2831 2439 2968 2495 Θεοῦ
2995 2439 3090 2494 καὶ
3116 2437 3374 2510 Σωτῆρος
3403 2431 3568 2509 qua»?
3614 2429 3717 2504 ’Ῑηο

460 2525 733 2592 Christus,
769 2534 1049 2595 postquam
1073 2527 1213 2582 Deus
1243 2534 1297 2582 et
1319 2527 1480 2582 homo
1503 2527 1570 2582 ad
1597 2527 1840 2582 homines
1873 2528 2030 2582 adveo

446 2617 654 2679 "uisset,
706 2626 757 2671 et
791 2616 953 2671 tertio
982 2616 1088 2674 die,
1117 2632 1148 2672 a
1195 2618 1424 2673 mortuis
1483 2617 1832 2685 surrexisset,
1881 2627 1938 2674 et
1966 2623 2032 2675 ad

459 2705 676 2760 Patrem
713 2723 834 2762 cum
865 2709 1034 2778 gloria
1073 2717 1220 2765 esset
1273 2718 1599 2780 assumptus,
1655 2710 1707 2764 in
1743 2709 2033 2780 discipulos

455 2793 648 2856 'eli‘udit
684 2795 940 2864 Spiritum
989 2805 1234 2851 sanctum
1268 2808 1321 2850 et
1361 2813 1457 2853 eos
1515 2798 1694 2852 divina
1729 2801 2035 2871 cognitione

454 2886 703 2954 'implevit
733 2897 786 2940 et
823 2889 1042 2950 virtute,
1072 2903 1136 2942 ex
1167 2889 1280 2954 ejus
1321 2889 1649 2956 plenitudine
1676 2891 1882 2959 accepit
1911 2892 2033 2944 uni-

462 2975 822 3056 versapterra,
859 2991 914 3035 et
967 2996 1154 3036 omnes
1185 2980 1426 3035 homines
1473 2980 1688 3034 fuerunt
1744 2981 2034 3050 participes

462 3070 588 3126 doni
619 3072 756 3139 qnod
783 3086 847 3125 ex
882 3086 946 3125 eo
975 3072 1303 3139 emanabat:
1334 3079 1386 3125 et
1421 3071 1632 3125 liberati
1665 3072 1877 3140 quidem
1911 3085 2034 3127 sunt

463 3178 493 3216 a
525 3163 759 3217 tenebris
787 3163 1102 3232 ignorantiae
1132 3172 1187 3218 et
1215 3164 1390 3218 cultus
1420 3163 1862 3218 simulacrorum:
1897 3180 2034 3218 vera:

452 3261 640 3325 ,autem
670 3252 774 3307 luci
814 3252 906 3308 Dei
933 3255 1256 3325 cognitionis
1288 3268 1509 3308 evasere
1543 3253 1856 3308 familiares.
1899 3253 2032 3308 Nam
2073 3270 2075 3272 ·

460 3360 586 3402 cum
623 3360 726 3400 non
761 3359 918 3400 secus
971 3359 1036 3400 ac
1063 3345 1242 3401 divina
1269 3355 1322 3400 et
1341 3345 1471 3402 Jnce
1499 3345 1749 3400 micantia
1804 3345 2032 3415 fulgura,

463 3453 557 3507 per
581 3451 768 3491 omnes
797 3436 930 3492 lines
973 3445 1359 3506 percurrentes
1387 3443 1443 3490 et
1488 3452 1591 3491 non
1645 3451 1864 3508 parvam
1901 3436 2034 3491 alre-

461 3537 643 3584 rentes
669 3527 1133 3594 illuminationem,
1161 3529 1823 3600 egressiessentapostoli,
1848 3543 2030 3582 eorum

421 3619 550 3688 '-qni
581 3617 1172 3682 videbant-,-illnstratos
1193 3619 1400 3682 oculos,
1427 3633 1495 3673 ne
1521 3627 1793 3674 momento
1819 3619 2030 3686 quidem

462 3710 720 3776 temporis
754 3725 876 3764 mox
905 3711 1150 3764 siverunt
1181 3711 1368 3766 sedere
1390 3709 1442 3764 in
1468 3709 1734 3764 tenebris.
1769 3708 1922 3763 Alius
1943 3717 2034 3762 aut

2138 2529 2234 2584 σοῦ
2269 2531 2507 2602 Χριστοῦ
2539 2532 2676 2602 μετά
2713 2531 2813 2604 τὴν
2855 2531 3179 2604 θεανδρικὴν
3225 2529 3392 2594 αὑτοῦ
3454 2525 3714 2596 πρδς’ἀν-

2138 2622 2388 2694 θρώπους
2421 2626 2748 2695 ἐπιφάνειαν
2771 2626 2860 2680 καὶ
2890 2625 2988 2696 τὴν
3018 2627 3083 2678 ὲκ
3139 2624 3353 2695 νεκρῶν
3408 2622 3716 2692 τριήμερον

2136 2715 2354 2786 ἔγερσιν
2384 2717 2635 2788 καὶπρὸς
2670 2718 2761 2789 τὸν
2814 2717 3033 2788 Πατέρα
3071 2715 3206 2787 μετὰ
3227 2715 3388 2785 δόξης
3421 2709 3713 2781 ἀνάληψιν.

2136 2806 2229 2859 ἐπὶ
2287 2807 2413 2870 τοὺς
2463 2808 2718 2879 μαθητὰς
2751 2809 2844 2862 καὶ
2896 2809 3227 2871 ἀποστόλους
3282 2807 3344 2860 τὸ
3395 2803 3714 2874 Πνεῦματδ

2137 2897 2294 2964 ἆγιον
2323 2898 2661 2968 ἐκχεαμένου
2711 2900 2808 2954 καὶ
2845 2898 3099 2967 γνώσεως
3129 2897 3361 2968 πλήρεις
3395 2891 3715 2966 ἐργασαμέ-

2137 3005 2249 3052 νου,
2291 2989 2354 3041 ὲκ
2413 2989 2508 3042 τοῦ
2565 2987 2934 3060 πληρώματος
2979 2988 3160 3043 αὐτῶν
3208 2989 3242 3057 ἡ
3276 2984 3554 3055 σύμπασα.
3593 2999 3718 3052 μετ-

2137 3079 2295 3132 έλαϐε
2327 3080 2397 3150 γῆ
2434 3082 2529 3134 καὶ
2558 3081 2757 3144 πάντες
2787 3080 3062 3148 ἄνθρωποι
3089 3079 3190 3148 τῆς
3223 3077 3281 3142 ἐξ
3309 3077 3500 3129 αὐτῶν
3532 3091 3716 3143 πηγα-

2137 3171 2334 3242 ζούσης
2383 3160 2704 3242 μετέχοντες
2767 3171 3016 3241 δωρεὰν,
3065 3171 3161 3223 τοῦ
3216 3169 3413 3222 σκότον
3467 3169 3572 3237 μὲν
3626 3170 3717 3235 τῆς

2135 3259 2356 3327 ἀγνοίας
2386 3259 2814 3330 ἀπηλλάττοντο,
2857 3259 2936 3329 τῷ
2987 3257 3226 3327 ἀληθινῷ
3255 3257 3313 3309 δὲ
3343 3257 3450 3324 τῆς
3485 3256 3718 3322 θεογνω-

2137 3348 2258 3411 σίας
2296 3347 2737 3418 προσῳκειοῦντο
2760 3347 2921 3418 φωτί.
2970 3345 3240 3414 Καθάπερ
3283 3343 3396 3411 γὰρ
3431 3343 3715 3409 ἀστραπαὶ

2137 3439 2278 3493 θεῖαι
2297 3441 2390 3493 καὶ
2418 3439 2700 3506 διαφανεῖς
2729 3439 2778 3491 οἱ
2809 3436 3096 3491 ἀπόστολοι
3137 3436 3206 3489 τὰ
3227 3434 3452 3502 πέρατα
3491 3433 3715 3500 διαδρα-

2137 3530 2350 3599 μόντες,
2408 3531 2504 3583 καὶ
2538 3528 2696 3592 ἀλλος
2729 3527 2858 3582 ἀλλο
2885 3527 2986 3596 τῆς
3029 3525 3352 3594 οἰκουμένης
3409 3523 3589 3592 μέρος
3614 3523 3717 3580 ὅιατ

2135 3619 2576 3691 κληρωσάμενοι,
2628 3619 2724 3673 καὶ
2772 3620 2880 3671 πᾶν
2932 3615 3084 3680 ἔθνος
3139 3615 3236 3669 καὶ
3298 3616 3490 3668 πᾶσαν
3535 3611 3714 3683 χώραν

2135 3711 2345 3774 ἑαυτοῖς
2368 3712 2491 3766 καὶ⁸
2519 3711 2674 3765 πόλιν
2726 3710 3161 3780 διανειμάμενοι,
3203 3705 3292 3758 τὸν
3322 3704 3426 3773 τῆς
3458 3704 3714 3770 ἀληθείαις

460 3799 618 3854 aliam
677 3801 824 3856 orbis
863 3803 1067 3871 partem
1098 3802 1299 3864 sortiti,
1363 3816 1484 3854 cum
1541 3814 1756 3853 onmem
1793 3810 2026 3868 gentem,

2135 3803 2412 3874 σπινθῆρα
2464 3802 2674 3866 τούτοις
2735 3802 3011 3866 ἐνέϐαλον,
3061 3799 3120 3862 ὃς
3151 3798 3273 3852 κατ’
3301 3796 3496 3864 ὀλίγον
3524 3797 3587 3847 ὲν
3612 3795 3713 3854 τοῖς

457 3987 584 4034 runt
610 3994 792 4034 veram
850 3981 1135 4035 scintillam
1177 3981 1421 4036 veritatis
1451 3999 1464 4034 :
1502 3995 1624 4048 quae
1651 3979 1908 4047 paulatim
1939 3993 2034 4047 per

456 4083 551 4124 eos
577 4071 670 4140 qui
701 4073 808 4140 apti
849 4081 1004 4126 erant
1051 4086 1297 4136 accensa,
1337 4073 1390 4125 in
1431 4072 1630 4127 claram
1661 4081 1714 4126 et
1747 4071 2029 4126 sublimem

455 4160 630 4214 evasit
655 4160 846 4215 facem.

529 4252 591 4307 ΙΙ.
621 4252 732 4307 l-loc
762 4252 1084 4323 principium
1118 4267 1239 4307 cum
1287 4251 1585 4324 accepisset
1616 4253 1770 4317 ﬁdes,
1808 4254 1880 4308 ad
1906 4264 2029 4310 tan-

457 4354 567 4400 tum
598 4344 862 4413 processit
892 4343 1256 4412 splendorem,
1291 4353 1367 4410 ut,
1395 4346 1723 4416 consumptis
1753 4345 2028 4415 profundis

453 4438 690 4492 tenebris
723 4436 1055 4505 ignorantia,
1093 4436 1146 4490 in
1187 4436 1380 4490 divinae
1424 4437 1558 4492 lucis
1598 4448 1798 4492 statum
1845 4440 2025 4494 omnia

453 4526 912 4583 transmutaverit.
965 4523 1134 4592 Hujus
1177 4533 1298 4594 post
1331 4527 1600 4595 apostolos
1633 4543 1810 4582 causa:
1837 4539 1891 4582 et
1933 4546 2026 4583 au-

448 4627 626 4674 ctorcs
648 4617 796 4671 fuere
823 4617 985 4675 divini
1015 4624 1280 4686 martyres
1307 4635 1320 4668 :
1355 4617 1449 4686 qui
1508 4612 1629 4671 cum
1657 4619 1816 4673 veluti
1839 4636 2023 4677 semen

438 4707 584 4760 lucis
613 4707 680 4760 ab
709 4706 788 4760 eis
827 4705 1188 4773 accepissent,
1227 4705 1420 4760 deinde
1475 4715 1730 4776 tanquam
1774 4710 2025 4767 violentis

447 4797 621 4852 ventis
677 4797 854 4849 traditi
914 4795 1300 4860 tentatoribus,
1335 4796 1386 4848 id
1441 4812 1544 4850 non
1579 4798 1750 4852 solum
1789 4816 1893 4855 non
1924 4818 2022 4855 ex-

446 4889 750 4951 stinxerunt
771 4887 936 4941 illatis
964 4885 1207 4955 injuriis,
1239 4888 1331 4941 sed
1359 4887 1519 4940 etiam
1555 4890 1718 4944 variis
1740 4895 2022 4947 tormentis

445 4978 619 5033 eﬂ‘ecti
649 4979 929 5043 clariores,
952 4977 1050 5046 ipsi
1083 4978 1297 5047 quidem
1326 4987 1581 5050 tanquam
1619 4981 1790 5036 lucida
1813 4985 2012 5049 sidera,
2066 5050 2072 5057 η

342 3884 362 3900 ⁸
461 3889 730 3956 regionem
767 3900 820 3944 et
841 3891 1114 3945 civitatem
1147 3891 1246 3944 sibi
1274 3889 1696 3951 distribuissent,
1725 3888 2026 3958 eis-injece-

2135 3894 2458 3964 ἐπιτηδείοις
2498 3893 2948 3981 διαναπτόμενος,
2976 3893 3056 3954 είς
3099 3888 3380 3959 περιφανῆ
3408 3887 3512 3940 καὶ
3533 3886 3710 3955 ἀέριον

2132 3981 2312 4051 ἀπέϐη
2340 3983 2566 4053 πυρσόν.

2196 4254 2277 4310 -Β’.
2310 4253 2494 4319 Οὖτως
2527 4255 2559 4326 ή
2596 4255 2780 4318 πίστις
2817 4254 2916 4326 τὴν
2940 4247 2944 4250 ’
2971 4253 3150 4324 ἀρχὴν
3191 4249 3465 4314 λαϐοῦσα,
3519 4252 3604 4312 εἰς
3623 4266 3708 4317 τη-

2127 4347 2389 4418 λικαύτην
2425 4345 2662 4418 προῆλθε
2688 4345 2960 4417 περιφανῆ
3006 4345 3262 4414 δύναμιν.
3315 4341 3544 4410 Ταύτης
3580 4341 3708 4409 μετά

2125 4441 2252 4506 τοὺς
2277 4440 2608 4504 ἀποστόλους
2641 4441 2688 4493 oi
2723 4439 2855 4492 θεῖοι
2881 4439 3155 4510 μάρτυρες
3186 4437 3353 4490 αἴτιοι
3394 4436 3500 4504 τῆς
3529 4435 3708 4486 Osos-s-

2127 4512 2276 4596 ϐείάς
2312 4535 2636 4602 πεφήνασιν,
2661 4530 2708 4584 οἳ
2744 4530 3002 4602 καθάπερ
3059 4529 3284 4598 σπέρμα
3316 4526 3495 4596 πυρὸς
3525 4519 3586 4590 ἐξ
3621 4523 3706 4576 αὖ.

2124 4623 2231 4676 τῶν
2291 4621 2564 4688 λαϐόντες,
2612 4622 2806 4675 ἔπειτα
2864 4623 2977 4683 τοῖς
3017 4619 3305 4688 πειραταῖς
3359 4618 3438 4678 ὡς
3488 4617 3703 4683 ἀνέμοις

2123 4709 2430 4772 ἐκδοθὲν-τες
2455 4710 2671 4779 βιαίοις,
2697 4709 2756 4762 οὐ
2796 4709 2958 4778 μόνον
2986 4710 3108 4770 ταῖς
3147 4706 3446 4774 ὲπηρείαις
3480 4702 3705 4755 ἀπεσϐέ-

2124 4804 2348 4874 σθησαν,
2400 4801 2536 4855 ἀλλά
2582 4803 2676 4854 καὶ
2729 4799 3127 4870 λαμπρότεροι,
3183 4796 3388 4867 μᾶλλον
3417 4794 3490 4846 δι’
3532 4794 3701 4846 αὐτῶν

2121 4892 2541 4962 ἀπεδείχθησαν,
2591 4891 2876 4952 θάλλοντες
2911 4889 2986 4951 ὡς
3039 4886 3278 4957 ἀμπελοι
3325 4887 3452 4946 ταῖς
3517 4884 3702 4951 τοι).αέ

2121 4985 2218 5036 κοιλ⁵
2246 4985 2370 5044 τοὺς
2404 4982 2598 5044 ἀλλους
2634 4981 2824 5044 πόνους
2867 4979 3210 5049 εὐφροσύνης
3241 4976 3506 5044 ἀφορμόἰς
3533 4972 3703 5025 ποιού-

446 5069 513 5124 de
541 5081 738 5124 caetero
774 5078 900 5124 sunt
957 5069 1202 5124 collocati
1239 5071 1293 5124 in
1324 5073 1444 5126 εωΙὶ
1479 5073 1840 5138 ﬁrmamento,
1873 5077 2014 5144 quod

2135 5090 2295 5138 ιενοι,
2322 5073 2464 5126 ὥστε
2519 5074 2714 5134 πόνους
2745 5071 2976 5135 ἐκείνοις
3010 5067 3241 5123 εἶναιτὸ
3276 5068 3352 5138 μὴ
3389 5067 3583 5119 πονεῖν
3619 5066 3704 5116 aui

435 5161 742 5232 percipitur
774 5163 1142 5234 intelligentia.
1182 5163 1330 5219 Illinc
1362 5175 1542 5219 autem
1578 5167 1879 5222 clarissime
1926 5184 2013 5222 ree-

445 5255 734 5324 fulgentes,
783 5262 938 5308 terra:
989 5257 1252 5312 uniuersae
1306 5257 1477 5313 lucem
1521 5259 1780 5328 prarbent.
1817 5259 1894 5312 Ex
1930 5261 2013 5314 his

443 5359 582 5399 unus
610 5353 691 5398 est
735 5345 897 5398 etiam
930 5345 1117 5402 beatus
1159 5347 1436 5418 Tryphon,
1467 5349 1557 5418 qni
1591 5365 1619 5400 a
1653 5350 1849 5408 divinis
1882 5360 1934 5403 et
1961 5351 2013 5402 in

440 5450 579 5506 quas
627 5452 732 5490 non
769 5436 913 5510 cadit
944 5439 1213 5505 interitus,
1259 5440 1471 5494 deliciis
1521 5455 1718 5494 nomen
1767 5441 2012 5503 sortitus,

428 5525 1002 5597 'I’rugil'erumgermen
1049 5529 1332 5586 Ecclesiar.
1395 5530 1497 5596 Qui
1547 5545 1579 5585 e
1611 5531 1850 5602 Phrygia
1899 5531 2023 5599 qui-

439 5617 558 5669 dem
613 5615 845 5684 primum
906 5617 1007 5674 fuit
1067 5620 1286 5687 editus,
1346 5621 1462 5676 vico
1516 5636 1643 5676 vero
1682 5620 2008 5690 Campsade,

437 5705 531 5776 qui
579 5715 663 5762 est
688 5706 894 5764 vicinus
942 5711 1145 5768 civitati
1198 5716 1469 5790 Apamea.
1507 5712 1544 5765 A
1576 5712 1676 5782 piis
1708 5725 1883 5768 autem
1918 5726 2012 5779 pa-

2120 5165 2352 5234 πάσχειν
2412 5165 2621 5228 κακῶς,
2677 5163 2837 5233 ἡνίκα
2870 5163 2944 5232 μὴ
2993 5163 3081 5214 διὰ
3137 5158 3379 5231 Χριστὸν
3420 5159 3700 5226 πάσχωσι.

2121 5256 2336 5309 Τούτων
2396 5252 2478 5320 εἷς
2515 5259 2618 5332 ΓκιιίΙ
2644 5258 2672 5308 ὁ
2715 5255 2986 5326 μακάριος
3015 5251 3349 5322 γνωρίζεται
3391 5248 3702 5320 Τρύφωιι,ό

2118 5351 2218 5419 τῆς
2249 5348 2526 5417 ἀκηράτου
2563 5348 2711 5410 θείας
2740 5346 2954 5419 τρυφῆς
2988 5344 3303 5412 ἐπώνυμος,
3341 5343 3404 5394 τὸ
3432 5344 3700 5411 μακάριον

2124 5441 2296 5503 ὅντως
2334 5441 2434 5509 τῆς
2485 5439 2808 5511 Ἐκκλησίας
2841 5439 3028 5508 φυτὸν,
3058 5437 3088 5490 ὃ
3117 5437 3225 5505 γῆς
3249 5437 3355 5507 μὲν
3387 5437 3452 5488 τὸ
3489 5435 3702 5505 πρῶτον

2131 5530 2355 5600 ἀνεδόθη
2393 5529 2643 5601 Φρυγῶν,
2703 5527 2894 5599 κώμης
2942 5528 2999 5580 δὲ
3049 5526 3387 5596 Καμψάδου,
3433 5523 3704 5592 Ἀπαμείᾳ

2103 5624 2186 5698 ,τῇ
2219 5622 2372 5675 πόλει
2424 5621 2792 5690 γειτονούσης.
2853 5618 3107 5673 Εὑσεϐὦν
3137 5618 3197 5670 δὲ
3239 5617 3455 5684 γονέων
3488 5616 3548 5668 εὖ
3565 5614 3700 5666 τεθέ-

2121 5731 2212 5766 στε
2225 5731 2317 5783 ρον
2341 5713 2530 5767 τέκνον
2555 5715 2746 5784 ὲκφὺς,
2776 5711 2945 5776 οὕτως
2973 5713 3036 5764 ὲκ
3071 5701 3302 5781 πρώτης
3336 5707 3554 5780 ἡλικίας
3576 5704 3698 5770 ἀξιᾷ
