3820 6460
163 401 314 471 1313

1396 402 1572 464 VITA
1613 400 1674 459 s.
1716 385 2176 460 TRYPHONIS.

3276 403 3414 468 13M
3461 407 3465 412 ’

165 520 293 582 θεος
317 514 406 590 ἦν,
443 519 518 582 ὡς
560 518 823 581 πλουσίας
862 517 1176 590 παραυτίκα
1214 517 1400 586 τυχεῖν
1446 517 1546 586 τῆς
1592 516 1747 583 ἐνερ-

1858 512 2102 567 rentibus
2133 520 2285 568 ortus
2316 513 2486 584 magis
2523 512 2642 584 pius
2693 514 2852 582 filius,
2899 517 2967 573 ab
3001 518 3220 574 ineunte
3257 527 3450 577 :etate'

162 612 323 678 γείας
348 609 440 664 τοῦ
471 609 798 679 πνεύματος.
833 610 946 664 Καὶ
968 609 1056 663 διὰ
1082 607 1246 662 τοῦτο
1279 607 1525 661 ποικίλαι
1557 623 1617 658 τε
1650 605 1739 658 νό-

164 718 252 754 σοι
281 701 550 771 σωμάτων
583 700 677 754 καὶ
697 699 965 768 δαιμόνων
1001 699 1148 754 ἅπαν
1202 699 1263 752 τὸ
1293 699 1458 768 φῦλον
1515 697 1738 768 ὀνόματι
1760 718 1775 736 ο

167 792 332 860 μόνον
356 791 652 862 Τρύφωνος
685 790 1070 859 ἐδραπέτευον,
1106 789 1247 843 οὕτω
1273 787 1556 857 πάγκαλος
1591 786 1738 857 αὐτῷ

161 886 197 953 ἡ
233 883 441 951 νεότης,
471 884 532 936 οὐ
562 883 699 954 πρὸς
729 883 946 953 ἥλικας,
975 883 1036 935 οὐ
1067 883 1203 951 πρὸς
1233 881 1432 950 ἄνδρας
1465 881 1738 950 μαχίμους

162 968 616 1038 διαγωνιζομένη,
673 971 808 1024 ἀλλὰ
855 971 990 1041 πρὸς
1023 971 1284 1041 δαίμονάς
1325 987 1384 1024 τε
1425 971 1517 1022 xui
1551 970 1740 1032 νόσους

158 1055 554 1127 ἀνδριζομένη.
593 1058 750 1123 Ἀλλά
775 1063 902 1131 περὶ
936 1061 1154 1115 πάντων
1186 1061 1284 1130 μὲν
1324 1060 1490 1113 αὐτοῦ
1529 1059 1738 1133 θαυμά-

163 1163 278 1218 των
315 1145 441 1216 ἄρτι
470 1147 764 1213 διαλαϐεῖν,
800 1150 860 1202 οὐ
887 1149 980 1202 τοῦ
1009 1151 1280 1219 παρόντος
1326 1149 1544 1221 καιροῦ⁴
1590 1149 1740 1214 Ἔνος

165 1237 224 1290 δὲ
257 1239 421 1308 μόνου
455 1239 714 1309 μνησθεὶς
751 1243 846 1295 καὶ
868 1242 1047 1313 δείξας
1083 1242 1271 1314 ῶσπερ
1307 1239 1366 1308 ἐξ
1403 1241 1584 1310 ὀλίγου
1615 1241 1742 1312 γεύ-

170 1345 342 1398 ματος
377 1331 438 1382 τὸ
483 1332 612 1397 πὰν,
637 1333 729 1385 ἐπὶ
756 1332 852 1406 τὴν
884 1334 1194 1406 μαρτυρίαν
1230 1335 1442 1388 ἐκείνου
1467 1334 1742 1406 τρέψομαι

165 1421 266 1487 τὴν
291 1421 566 1491 διήγησιν.
1646 1445 1652 1450 ·

1846 604 1996 658 visus
2025 613 2109 659 est
2139 603 2250 658 Deo
2278 605 2414 660 adeo
2442 620 2562 661 esse
2593 617 2797 676 gratus,
2828 618 2883 662 ιιι
2907 609 3176 678 judicatus
3201 612 3271 666 sit
3303 613 3418 667 ido-

1846 709 1980 748 neus
2015 695 2076 747 ad
2099 695 2555 752 administrandas
2580 702 2924 766 operationcs
2942 698 3195 769 Spiritus.
3216 701 3419 766 Quant-

1845 787 2027 842 obrem
2056 787 2192 841 varii
2226 789 2442 858 quidem
2479 791 2650 844 morbi
2685 791 2956 859 fugiebant
2997 794 3414 867 a_corporibus:

1845 879 2233 934 daemoniorum
2268 895 2393 934 vero
2429 883 2680 938 universa
2715 882 3022 938 hominibus
3071 883 3266 938 infesta
3321 901 3417 937 na-

1850 978 1990 1032 tura,
2023 969 2139 1022 solo
2191 970 2406 1023 nomine
2436 968 2744 1040 Trypbouis
2776 971 3063 1041 flagellata,
3095 965 3194 1026 'vel
3237 975 3416 1043 potius

1846 1070 1964 1115 usta
1994 1062 2190 1118 virtute
2223 1062 2356 1128 ejus,
2385 1058 2473 1131 qui
2515 1063 2661 1121 ineo
2681 1073 2816 1128 erat,
2847 1065 3093 1132 Spiritus,
3127 1065 3419 1136 rogabatur

1847 1152 2059 1222 quidem
2091 1152 2158 1206 ab
2186 1152 2516 1220 hominibus,
2567 1155 2883 1225 abigebatur
2924 1165 3103 1210 autem
3141 1159 3194 1212 in
3229 1159 3417 1213 intima

1845 1243 2045 1298 deserti
2075 1245 2396 1313 penetralia.
2452 1247 2627 1316 Atque
2654 1247 2835 1300 omnia
2864 1247 3081 1316 quidem
3132 1264 3418 1304 recensere

1789 1391 1792 1394 .
1847 1337 2130 1403 miracula,
2186 1353 2304 1406 qua":
2331 1341 2397 1392 ab
2424 1354 2488 1393 eo
2525 1340 2663 1393 facta
2713 1350 2861 1402 sunt,
2896 1355 3002 1394 non
3031 1351 3113 1393 est
3141 1341 3422 1409 praesentis

1850 1429 2126 1498 temporis.
2155 1427 2287 1484 Cum
2313 1431 2471 1485 unius
2494 1424 2671 1484 autem
2699 1432 3050 1500 inpraesentia
3071 1431 3248 1486 fecero
3269 1433 3421 1486 nien-

169 1513 392 1579 tionem,
433 1518 527 1584 per
561 1520 701 1589 quod
737 1521 942 1589 gratiae,
997 1537 1116 1592 quae
1147 1523 1200 1577 in
1257 1537 1322 1578 eo
1376 1532 1526 1588 erat,
1572 1523 1750 1581 virtus
1787 1525 1960 1597 possit
1989 1539 2113 1581 esse
2141 1527 2382 1593 evidens,
2417 1527 2482 1581 ad
2515 1528 2830 1598 martyrium
2897 1530 3143 1605 praeclari
3209 1526 3422 1582 athleta:

178 1627 266 1665 me
299 1613 593 1670 conferam.

244 1703 315 1759 Ρ.
347 1705 568 1776 Χρόνων
619 1710 942 1780 ἐνενήκοντα
999 1712 1096 1766 καὶ
1150 1713 1438 1772 διακοσίων
1474 1720 1610 1786 μετᾶ
1647 1689 1746 1786 τὴν

168 1792 482 1861 Αὐγούστου
524 1789 626 1866 ἤδη
655 1801 1092 1871 παρῳχηκότων,
1119 1803 1408 1874 Γορδιανὸς
1440 1808 1550 1860 τῶν
1607 1807 1742 1879 σκή-

1923 1711 2011 1768 111.
2049 1712 2205 1766 Anno
2237 1678 2364 1773 223,
2401 1720 2518 1780 post
2554 1710 2780 1779 Augusti
2828 1717 3075 1775 mortem,
3115 1709 3418 1764 Gordianus

1850 1804 2041 1873 accipit
2072 1814 2280 1873 sceptra
2315 1802 2538 1859 Romani
2570 1801 2802 1873 imperii,
2843 1802 2924 1859 vir
2953 1801 3168 1870 quidem
3205 1803 3423 1870 gentilis

169 1901 358 1956 πτρων
397 1886 848 1958 ἐπιλαμϐάνεται,
911 1892 1048 1962 ἀνὴρ
1098 1894 1301 1965 Ἕλλην
1335 1895 1433 1966 μὲν
1483 1899 1582 1966 τὴν
1615 1897 1743 1968 θρη-

1858 1896 2122 1966 religione,
2148 1895 2240 1949 sed
2259 1893 2583 1948 Christianis
2607 1909 2712 1946 non
2742 1895 2875 1947 adeo
2903 1893 3101 1962 gravis.
3131 1891 3248 1952 Non
3277 1892 3420 1946 enim

171 1979 384 2043 σκείαν,
430 1980 490 2032 οὐ
547 1981 720 2053 βαρὺς
763 1983 820 2035 δὲ
850 1984 1108 2038 τοσοῦτον
1135 1988 1245 2049 τοῖς
1265 1989 1632 2059 Χριστιανοῖς.
1666 1989 1740 2044 Οὐ

1858 1987 1916 2052 is,
1948 1989 2088 2042 sicut
2109 1985 2321 2054 reliqui,
2343 1985 2509 2039 movit
2532 1985 2969 2055 persecutionem
2997 1986 3256 2044 adversus
3273 1983 3426 2038 Chri-

168 2066 282 2138 γὰρ
335 2070 474 2122 κατὰ
528 2071 656 2133 τοὺς
703 2072 1026 2136 άλλουςκαὶ
1057 2067 1211 2140 οὗτος
1255 2077 1497 2148 διωγμὸν
1529 2080 1741 2151 ὑπῆρχε

172 2160 506 2230 κεκινηκώς.
538 2163 727 2234 Τούτῳ
754 2163 967 2232 γίνεται
997 2164 1244 2239 θυγάτηρ
1276 2169 1588 2241 μονογενὴς,
1623 2171 1742 2244 ῶρᾳ
1773 2205 1775 2208 ι

175 2249 276 2317 μὲν
308 2249 558 2316 σώματος
588 2256 683 2308 xui.
705 2257 892 2310 κάλλει
915 2258 1241 2331 διαπρεπὴς,
1267 2261 1465 2332 εὐφυΐᾳ
1486 2262 1542 2316 δὲ
1568 2261 1743 2333 ψυχῆς

170 2342 267 2395 xui.
295 2345 507 2397 συνέσει
561 2347 744 2419 πολλῷ
776 2349 978 2419 μᾶλλον
1019 2352 1378 2423 περίκαλλὴς,
1407 2353 1436 2406 ὃ
1466 2353 1562 2408 xui.
1607 2356 1743 2424 πρὸς

169 2435 516 2503 γραμμάτων
557 2439 750 2508 πεῖραν
780 2440 878 2493 καὶ
906 2441 1156 2506 παιδείας
1190 2433 1384 2510 κτῆσιν
1415 2445 1584 2515 αὐτὴν
1612 2446 1746 2514 ἢγα-

173 2538 270 2589 γεν
301 2526 512 2595 ἀμέλει.
544 2528 654 2581 Καὶ
686 2530 856 2594 πολὺς
883 2532 980 2601 μὲν
1019 2533 1160 2604 ὑπὲρ
1189 2534 1358 2604 αὐτῆς
1382 2536 1493 2598 τοῖς
1523 2535 1744 2602 γονεῦσι

169 2612 351 2682 λόγος,
387 2619 590 2687 μηδένα
625 2621 818 2690 μῶμον
847 2623 1198 2693 ἐπιτριϐῆναι
1226 2623 1427 2693 ταύτης
1445 2628 1504 2677 ὲν
1540 2626 1746 2695 παρθε-

170 2706 264 2777 νίᾳ
282 2723 296 2738 ·
321 2711 488 2774 πολὺς
509 2711 566 2764 δὲ
591 2715 704 2777 τοῖς
729 2698 967 2784 πρώτοις
989 2717 1090 2784 τῆς
1119 2716 1328 2779 πόλεως
1353 2719 1380 2769 ό
1401 2717 1582 2786 ζῆλος,
1606 2717 1747 2771 ὥστε

170 2799 269 2850 τοῦ
324 2801 500 2872 γάμου
564 2806 770 2876 ταύτης
831 2809 1108 2878 ἐπιτυχεῖν
1155 2809 1250 2860 καὶ
1290 2808 1378 2861 διὰ
1407 2810 1568 2861 τοῦτο
1607 2811 1749 2864 κατὰ

170 2894 401 2966 κλεῖθρά
423 2915 482 2969 τε
509 2899 678 2968 αὐτὴν
702 2895 846 2975 εἶχον
863 2903 959 2954 xui
981 2903 1038 2953 ὲν
1059 2901 1209 2973 οἰκίᾳ.
1235 2902 1293 2954 τδ
1325 2902 1545 2956 σύνολον
1573 2905 1750 2971 ἀσφα-

169 2984 304 3048 λεῖς.
355 2987 440 3050 Ὠς
470 2989 536 3042 ἂν
561 2990 614 3042 δὲ
647 2993 741 3044 καὶ
796 2995 863 3062 τῇ
910 2991 1064 3046 πόλει
1112 2992 1404 3063 Ῥωμαίων
1457 2997 1485 3047 ό
1515 2995 1751 3066 Τρύφων

171 3077 502 3150 διαγνωσθῇ,
538 3084 738 3151 μᾶλλον
761 3084 818 3138 δὲ
853 3085 941 3139 ἵνα
971 3088 1067 3138 καὶ
1101 3086 1337 3157 Χριστὸς
1391 3087 1449 3138 ὲν
1486 3087 1636 3158 αὐτῴ
1666 3087 1753 3140 δο-

173 3169 368 3242 ξασθῇ,
390 3173 664 3243 δαιμόνιόν
691 3193 743 3232 τι
767 3182 1004 3252 πονηρὸν
1026 3179 1287 3248 ἐξαπίνης
1309 3181 1374 3250 τῇ
1411 3181 1548 3251 κόρῃ
1578 3180 1751 3258 ταύτῃ

170 3265 538 3337 ὲπιπηδῆσαν,
569 3267 621 3319 τί
651 3268 725 3341 μὴ
759 3270 933 3322 ἐποίει
972 3266 1082 3323 τῶν
1112 3269 1403 3342 χαλεπῶν;
1447 3270 1606 3348 ἐπῄει
1639 3271 1748 3342 γὰρ

173 3354 427 3418 ἀναιδῶς,
462 3357 771 3427 ἐσπάραττε
802 3359 1056 3427 ἀφειδῶς,
1090 3362 1225 3435 πυρὶ
1253 3361 1347 3414 xui
1370 3361 1557 3415 ὐδασιν
1584 3364 1750 3439 ἐπερ-

175 3444 360 3513 ρίπτει
387 3448 482 3498 xui
520 3448 655 3501 πᾶσι
683 3450 929 3522 τρόποις
947 3450 1117 3522 αὐτῆς
1155 3452 1475 3521 ὲνεμαίνετο
1505 3455 1573 3524 τῇ
1599 3452 1710 3525 ζωῇ
1734 3473 1748 3488 ο

105 3582 118 3592 .
173 3536 294 3590 ἀλλ’
337 3537 508 3602 οὕτως
555 3542 725 3611 αὐτῆς
781 3543 880 3612 μὲν
916 3543 944 3596 ό
973 3542 1206 3613 δαίμων.
1260 3545 1427 3598 Οὐδὲν
1478 3545 1536 3600 δὲ
1588 3541 1751 3617 ἦττον

174 3630 316 3700 αὐτὴ
340 3632 447 3683 τῶν
467 3634 666 3700 γονέων
693 3634 966 3689 ἐδείκνυτο
994 3637 1214 3707 μάστιξ,
1237 3636 1306 3690 τὰ
1332 3637 1511 3692 αὐτῶν
1543 3639 1751 3707 σπλάγ-

176 3733 283 3787 χνα
315 3721 701 3788 σπαράττουσα
753 3725 849 3777 καὶ
901 3725 991 3776 τὸν
1049 3727 1183 3780 πᾶσι
1244 3727 1473 3797 μισητὸν
1521 3727 1752 3780 θάνατον

177 3812 374 3863 εὐκτὸν
427 3815 608 3877 αὐτοῖς
657 3815 848 3886 χρῆμα
902 3817 1163 3870 ποιοῦσα’
1193 3813 1262 3887 ἦν
1339 3818 1448 3888 γὰρ
1497 3819 1558 3871 τὸ
1587 3820 1756 3884 πάθος

180 3905 323 3971 μετὰ
358 3904 458 3972 τῆς
495 3906 756 3976 αἰσχύνης
783 3907 1047 3977 καὶ-πρὸς
1083 3907 1383 3977 θεραπείαν
1411 3909 1753 3962 ἀνέλπιστονο

177 3992 294 4046 Καὶ
339 3996 446 4065 γάρ
495 3996 670 4067 ἰατροὶ
706 3997 804 4067 μὲν
833 3999 1072 4061 ἅπαντες
1105 4000 1473 4069 ἀπηγόρευον,
1509 4001 1661 4069 σοφοὶ
1701 4001 1756 4052 δὲ

179 4083 451 4154 ἠπόρουν·
502 4087 715 4142 ἐπίνοια
763 4090 819 4142 δὲ
871 4090 1096 4159 οὐδεμία
1135 4092 1270 4161 πρὸς
1315 4091 1570 4144 τοσοῦτον
1596 4092 1756 4161 ἐξαρο

181 4172 353 4226 κοῦσα
383 4176 552 4229 κακὸν
577 4174 664 4249 ἦν,
695 4179 796 4243 ἓως
826 4180 956 4232 αὐτὸ
986 4179 1047 4232 τὸ
1071 4183 1307 4251 πονηρὸν
1327 4182 1544 4250 πνεῦμα
1569 4183 1755 4250 κρείτ-

179 4265 542 4336 τονιδυνάμει
567 4268 766 4341 δηλαδὴ
795 4270 1237 4341 συνωθούμενονο
1270 4272 1400 4326 ἐϐόα
1424 4273 1480 4325 δὲ
1518 4272 1753 4342 ἰσχυρῶς

178 4361 279 4410 καὶ
324 4359 414 4412 τὸν
478 4364 677 4416 οἰκεῖον
717 4363 987 4434 ὡμολόγει
1053 4363 1292 4434 διώκτην
1318 4381 1334 4397 ⁸
1387 4363 1624 4432 διώκτην
1656 4366 1756 4434 μὲν

1848 2077 2074 2134 stianos.
2135 2073 2198 2128 Ei
2232 2073 2476 2130 nascitur
2509 2075 2666 2129 unica
2718 2074 2848 2140 filia,
2915 2075 3161 2143 corporis
3200 2077 3421 2144 quidem

1849 2169 2031 2238 specie
2059 2176 2112 2221 et
2131 2166 2526 2236 pulchritudine
2560 2166 2806 2235 insignis,
2844 2165 3056 2236 ingenio
3072 2175 3250 2221 autem
3269 2176 3323 2220 et
3346 2165 3429 2220 in-

1852 2261 2139 2330 telligentia
2185 2259 2445 2323 feminas,
2476 2274 2597 2328 quae
2631 2268 2786 2316 erant
2819 2274 2920 2315 suo
2966 2271 3229 2330 tempore,
3259 2274 3425 2330 supe-

1805 2391 1815 2400 .
1854 2367 2002 2412 rans,
2063 2350 2251 2422 neque
2291 2349 2382 2404 ulli
2429 2351 2656 2406 cedebat
2713 2351 2764 2405 in
2802 2351 3049 2405 doctrina
3101 2352 3422 2406 litterarum.

1853 2441 2115 2508 Quocirca
2142 2457 2466 2510 magnopere
2489 2441 2887 2496 contendebant
2915 2451 3187 2508 parentes,
3214 2451 3272 2496 ut
3301 2457 3422 2497 eam

1854 2534 2115 2604 integram
2146 2543 2199 2588 et
2236 2534 2458 2589 illaesum
2499 2543 2907 2588 conscrvarent.
2951 2533 3163 2588 Primos
3189 2550 3314 2588 vero
3346 2536 3426 2590 ci-

1850 2626 2054 2690 vitatis,
2078 2625 2166 2694 qui
2195 2640 2313 2679 eam
2340 2605 2892 2694 ambiebantﬁnagna
2915 2625 3103 2678 urebat
3123 2627 3425 2680 :Pmulalio:

1851 2715 1964 2781 ipsa
1995 2726 2171 2768 autem
2205 2716 2256 2767 in
2282 2715 2500 2768 munitis
2528 2713 2658 2768 locis
2684 2713 2890 2777 clausa,
2917 2715 3203 2784 diligenter
3228 2727 3282 2770 et
3307 2725 3424 2772 tuto

1851 2807 2272 2861 custodiebatur.
2303 2806 2384 2861 ‘Ut
2413 2821 2543 2860 vero
2595 2820 2625 2859 a
2653 2805 2870 2860 civitate
2906 2804 3269 2861 Romanorum
3300 2823 3428 2862 san~

1852 2909 1969 2953 ctus
1992 2906 2409 2966 cognosceretur
2460 2895 2737 2968 Tryphon,
2767 2897 2850 2952 vel
2883 2898 3062 2966 potius
3091 2909 3149 2952 ut
3174 2897 3426 2960 Christus
3537 2954 3557 2972 ο

1854 2990 1906 3043 iu
1937 3003 2002 3042 eo
2028 2989 2362 3052 laudaretur,
2415 2999 2638 3058 repente
2684 2991 3073 3052 exsecrandum
3100 2989 3425 3051 daemonium

1853 3083 2054 3136 dictam
2106 3081 2340 3136 Caesaris
2384 3080 2548 3134 ﬁliam
2603 3081 2888 3155 invadens,
2935 3097 3054 3141 eam
3088 3080 3429 3154 impudenter

1855 3173 2107 3236 vexabat,
2139 3174 2354 3228 assidue
2401 3173 2761 3243 discerpebat,
2822 3173 2874 3230 ln
2915 3188 3108 3242 aquam
3153 3183 3209 3227 et
3250 3173 3427 3243 ignem

1854 3267 2192 3335 projiciebat,
2221 3276 2276 3327 et
2299 3268 2444 3324 Omni
2477 3267 2688 3324 ratione
2729 3267 2850 3342 ejus
2882 3269 3004 3322 vitae
3052 3267 3428 3322 insidiabatur.

1853 3359 2030 3430 Atque
2081 3359 2410 3419 dubitabant
2446 3359 2665 3428 quidem
2696 3374 2886 3415 omnes
2927 3361 3227 3428 sapientes,
3257 3361 3430 3414 bmre-

1854 3454 2091 3520 bantque
2110 3462 2165 3507 et
2196 3452 2482 3508 manebant
2512 3452 2668 3520 plane
2694 3451 2908 3506 attoniti
2936 3451 3154 3516 medici,
3187 3451 3430 3506 videntes
3461 3453 3471 3461 '

1855 3543 2190 3598 aﬂ‘ectiouem
2219 3557 2338 3598 esse
2362 3541 2751 3608 miserabilem,
2788 3557 2894 3597 non
2917 3543 3154 3598 valentes
3175 3551 3354 3596 autem
3381 3543 3430 3600 ei

1855 3636 2078 3690 omnino
2099 3637 2264 3704 'opem
2304 3635 2466 3689 ferre.
2503 3634 2702 3688 Animo
2737 3647 2864 3688 vero
2888 3634 3080 3688 anxius
3111 3644 3227 3688 crat
3255 3643 3428 3700 pater,

1855 3725 2121 3780 all‘ectioni
2171 3739 2434 3793 nusquam
2473 3723 2638 3777 ullum
2693 3723 2976 3778 inveniens
3006 3724 3286 3788 auxilium,
3335 3724 3432 3776 tri-

1856 3798 1955 3872 stis
1983 3825 2280 3886 erat,a:gre
2307 3811 2536 3879 ferebat,
2571 3815 2902 3880 tabescebat,
2928 3814 3098 3868 donec
3123 3818 3235 3880 ipse
3263 3814 3432 3867 malus

1855 3909 2097 3978 spiritus.
2148 3904 2335 3974 majori
2394 3907 2602 3961 scilicet
2659 3915 2924 3974 potestate
2983 3916 3222 3969 coactus,
3274 3920 3432 3959 suum

1857 4001 2141 4056 invocabat
2189 3999 2562 4069 expulsorem:
2607 4015 2766 4054 suum
2799 3999 3014 4068 quidem
3040 4013 3432 4068 percussorem,

1856 4093 2044 4160 puellae
2067 4102 2268 4156 autem,
2297 4107 2418 4164 quae
2445 4092 2511 4146 ab
2538 4106 2604 4146 eo
2651 4093 2966 4155 vexabatur,
2999 4091 3304 4159 appellabat
3337 4102 3432 4142 cu-

1860 4194 2118 4238 ratorem.
2150 4183 2288 4248 Nisi,
2322 4167 2514 4254 inquit,
2563 4183 2854 4237 accesserit
2887 4183 3160 4252 Tryphon,
3203 4179 3433 4258 puellam

1863 4289 1971 4328 non
2002 4276 2222 4328 cessabo
2251 4285 2451 4328 terrere
2476 4290 2492 4331 :
2527 4274 2595 4327 ab
2626 4289 2688 4328 ea
2718 4288 2821 4327 non
2859 4274 3126 4336 recedam,
3153 4273 3256 4326 nisi
3286 4271 3436 4325 vide-.-

1864 4379 1925 4417 ro
1953 4365 2234 4416 advenisse
2259 4361 2626 4432 Tryphonem.

179 4454 418 4518 ἐκείνου,
481 4457 580 4526 τῆς
645 4457 736 4509 ὐπ’
767 4457 933 4510 αὐτοῦ
991 4457 1047 4511 δὲ
1101 4457 1539 4528 στρεϐλουμένης
1585 4456 1754 4526 κόρης
1792 4455 2156 4525 θεραπευτὴν,
2197 4453 2256 4506 El
2299 4453 2374 4523 μὴ
2403 4453 2636 4524 Τρύφων
2703 4451 2867 4517 ἔλθοι,
2901 4449 3057 4523 φησὶ,
3103 4448 3206 4501 οὐκ
3251 4447 3436 4517 ἀνήσω

179 4550 281 4619 τὴν
313 4550 475 4604 παῖδα
525 4551 698 4604 σοϐῶν
720 4568 734 4582 ο
769 4553 869 4605 οὐκ
909 4554 1247 4623 ἐκστήσομαι
1306 4553 1535 4618 ταύτης,
1593 4553 1642 4605 εἰ
1686 4552 1760 4623 μὴ
1784 4551 2060 4621 Τρύφωνα
2091 4544 2189 4605 ὦδε
2223 4551 2514 4620 γενόμενον
2547 4549 2666 4602 ῐδω.

256 4642 330 4698 Δ’.
365 4643 571 4696 Λύτίκα
592 4645 770 4697 τοίνυν
797 4646 1102 4717 γράμματά
1129 4664 1189 4698 τε
1224 4645 1481 4717 βασιλικά
1515 4646 1610 4698 xui
1649 4662 1749 4716 μη·-

1933 4645 2021 4699 ιν.
2049 4643 2299 4697 Protinus
2319 4658 2447 4712 ergo
2466 4641 2634 4711 jussis
2675 4640 2999 4696 exeuntibus
3055 4639 3436 4710 imperatoriis,

183 4736 248 4792 νύ
259 4753 404 4806 ματα
427 4737 578 4807 παρὰ
603 4737 782 4790 πᾶσαν
812 4737 1000 4805 ἐφοίτα
1031 4737 1126 4806 τὴν
1152 4739 1500 4807 οἰκουμένην,
1535 4739 1629 4792 xui.
1656 4739 1761 4800 πᾶς

182 4829 455 4896 ἠρευνᾶτο
499 4828 683 4890 τόπος,
725 4828 818 4878 xui.
869 4827 956 4880 διὰ
997 4828 1177 4898 πάσης
1227 4827 1476 4896 γλώττης
1528 4825 1762 4896 Τρύφων

188 4920 366 4989 ᾔδετο,
399 4918 632 4988 Τρύφων
664 4919 981 4972 ἀνεκαλεῖτο
1003 4937 1014 4950 ·
1051 4920 1147 4972 xui.
1172 4921 1371 4982 πάντες
1415 4922 1593 4989 ὅσοιγε
1625 4921 1762 4990 ὑπὲρ

185 5010 295 5079 γῆν
324 5005 486 5080 ἦσαν,
521 5011 600 5073 εἰς
628 5011 721 5064 δύο
751 5009 1036 5080 διῃροῦντο
1067 5009 1260 5072 ταῦτα,
1297 5010 1329 5079 ἢ
1361 5010 1632 5080 Τρύφωνα
1663 5012 1764 5080 ζη-

184 5104 304 5156 τεῖν
331 5101 363 5173 ἢ
391 5105 520 5171 περ).
541 5101 833 5172 Τρύφωνος
854 5101 1182 5172 ἐρωτᾶσθαι.
1223 5101 1378 5154 Ἐπεὶ
1402 5101 1456 5153 δὲ
1480 5103 1572 5154 καὶ
1602 5102 1763 5177 μέχρι

185 5195 428 5266 Φρυγίας
483 5198 517 5265 ἡ
573 5196 802 5268 ζήτησις
831 5190 920 5264 ἦν,
957 5195 1115 5264 δῆλος
1155 5197 1183 5246 ό
1229 5193 1466 5265 Τρύφων
1501 5195 1602 5265 ήδη
1633 5194 1764 5247 καθ-

191 5288 408 5341 ίσταται
438 5288 533 5342 xui.
560 5289 696 5357 πρὸς
726 5291 793 5359 τῇ
819 5287 1118 5356 Καμψάδου
1159 5287 1319 5366 κώμη
1350 5285 1647 5356 διατρίϐων
1670 5284 1763 5337 eo.

193 5379 444 5455 ρίσκεται
465 5383 647 5453 χηνῶν
684 5380 1027 5452 ἐπιμελητὴς
1079 5380 1176 5432 xui.
1203 5380 1403 5449 νομεὺς
1433 5381 1461 5431 ό
1487 5377 1762 5441 τοσοῦτος.

202 5475 581 5545 Ὀμολογήσας
612 5473 668 5526 δὲ
701 5473 863 5535 αὐτὸς
901 5467 1042 5524 εἶναι
1091 5471 1348 5542 Τρύφων,
1400 5471 1560 5532 αὐτὸς
1597 5469 1628 5521 ό
1660 5469 1762 5537 ζη-

191 5547 482 5638 τούμενος,
512 5565 942 5636 παραπέμψεται
976 5565 1074 5634 μὲν
1107 5563 1304 5616 αὐτίκα
1336 5562 1425 5614 διὰ
1458 5561 1572 5616 τῶν,
1597 5561 1767 5631 εὐρηρ

193 5659 370 5712 κότων
402 5662 512 5720 τοῖς
545 5659 831 5728 ὑπάρχοις,
869 5654 1207 5728 Πομπηϊανῷ
1237 5655 1334 5708 καὶ
1365 5653 1723 5724 ῐίροτεστάτῳ
1751 5669 1766 5684 ο

195 5750 354 5803 αὐτοί⁵
387 5751 443 5802 δὲ
467 5749 655 5805 τοῦτον
683 5750 869 5812 ἵπποις
887 5752 996 5811 τοῖς
1025 5748 1303 5816 δημοσίοις
1327 5745 1770 5810 ἐπιϐιϐάσαντες,

195 5839 280 5907 εἰς
342 5836 560 5912 Ῥώμην
624 5840 788 5895 αὐτὸν
821 5840 956 5914 πρὸς
983 5838 1074 5893 τὸν
1121 5836 1498 5907 αὐτοκράτορα
1536 5836 1769 5907 διαπέμ-

1865 4736 2154 4806 missisque
2181 4730 2553 4804 frequentibus
2585 4733 2803 4796 litteris,
2825 4732 3076 4785 universo
3095 4741 3273 4785 autem
3307 4733 3438 4785 orbe

1865 4837 2023 4881 terrze
2050 4824 2162 4880 fere
2184 4841 2442 4893 percurso
2468 4828 2532 4878 ad
2552 4825 2929 4894 inquirendum
2958 4823 3307 4901 Tryphonem
3349 4843 3361 4878 :
3388 4833 3441 4878 et

1868 4918 2052 4972 multis
2075 4918 2286 4987 quidem
2329 4917 2509 4970 multis
2538 4931 2569 4971 e
2599 4917 2734 4971 locis
2762 4917 2976 4974 emissis
3009 4917 3073 4968 ad
3101 4931 3193 4969 eos
3220 4930 3445 4968 evocan-

1867 5010 1964 5065 dos
2005 5011 2094 5080 qui
2140 5009 2244 5063 hoc
2285 5009 2686 5078 appellarentur
2712 5008 2946 5071 nomine,
2981 5008 3111 5060 nihil
3146 5018 3322 5059 autem
3352 5022 3441 5059 va-

1864 5100 2102 5156 lentibus
2129 5099 2362 5163 cﬂicere,
2413 5099 2661 5168 pervenit
2697 5099 2862 5152 etiam
2893 5099 2960 5151 ad
2991 5109 3169 5166 partes
3197 5095 3443 5166 Phrygiae

1867 5193 1982 5248 haec
2011 5192 2308 5262 inquisitio.
2351 5191 2701 5262 Sigtiiflcatur
2730 5190 2921 5244 deinde
2953 5191 3017 5255 is,
3041 5191 3130 5257 qui
3161 5170 3441 5258 quaeritur,

1868 5298 2028 5354 agere
2050 5286 2100 5338 iu
2134 5287 2250 5338 vico
2281 5283 2612 5352 Campsade:
2647 5283 2917 5335 invenitur
2949 5291 3168 5350 prapter
3193 5283 3440 5350 paludem

1870 5377 2040 5441 lacus,
2077 5377 2166 5446 qui
2203 5387 2284 5430 est
2312 5378 2446 5429 situs
2475 5389 2640 5445 prope
2677 5390 2800 5428 eum
2824 5373 3027 5437 locum,
3065 5383 3314 5427 anserum
3349 5387 3442 5430 cu-

1872 5485 1984 5524 ram
2017 5483 2232 5536 gerens.
2283 5466 2575 5522 Confessus
2626 5477 2806 5520 autem
2853 5467 2919 5534 is,
2955 5467 3044 5534 qui
3074 5468 3440 5533 quaerebatur,

1873 5573 1932 5614 se
1966 5573 2086 5612 esse
2132 5556 2504 5628 Tryphonem,
2557 5556 2738 5610 statim
2789 5557 3004 5625 quidem
3056 5555 3444 5607 transmittitur

1872 5665 1968 5720 per
1988 5665 2103 5713 eos,
2129 5650 2216 5718 qui
2262 5649 2434 5716 ipsum
2471 5647 2810 5708 invenerunt.
2859 5647 2927 5699 ad
2969 5645 3247 5714 prmfectos
3279 5643 3443 5696 Poni.

1871 5742 2124 5813 peianmn
2153 5747 2204 5793 et
2252 5738 2631 5793 ProteStatum.
2687 5734 2786 5804 Ipsi
2819 5749 2944 5788 vero
2979 5748 3099 5784 cuin
3135 5746 3260 5784 eum
3289 5730 3444 5798 equus

1872 5834 2100 5903 publicis
2127 5832 2374 5902 protinus
2421 5827 2824 5901 imposuissent,
2860 5824 3086 5879 Ruinam
3122 5833 3444 5879 transunse'
