3820 6512
345 406 354 415 ’
384 435 523 502 1315

1573 423 1854 500 messis
1891 441 2408 505 FEBRUARIUS.

3551 437 3699 498 1316

381 553 506 602 runt
539 545 606 601 ad
649 545 1053 626 imperatorem.
1105 546 1290 614 Atque'
1324 545 1411 600 ille
1441 547 1656 615 Quidam
1683 550 1785 602 iter
1819 557 1954 601 recta

2081 567 2290 604 πουσιν.
2339 550 2400 606 '0
2435 547 2533 622 μὲν
2557 545 2650 602 οὖν
2681 550 2810 618 ἤνυε
2846 545 3102 614 ὀξύτατα,
3161 545 3280 608 ἔτος
3321 545 3385 598 δὲ
3433 541 3520 615 ἦν
3553 542 3713 610 αὐτ-ξι

379 638 652 694 confecit:
696 639 888 710 agebat
915 648 1094 694 autem
1133 649 1258 692 tunc
1292 637 1404 694 fere
1437 641 1614 695 :etatis
1637 655 1834 694 annum
1867 641 1962 695 de-

376 730 578 787 cimum
615 731 920 800 septimum.
964 729 1228 799 Maliguus
1275 747 1405 786 vero
1449 733 1673 802 spiritus
1703 750 1823 788 cum
1845 733 1963 803 ejus

377 822 638 879 sensisset
689 823 1000 886 adventum,
1033 833 1160 877 tunc
1189 825 1426 892 graviter
1469 825 1721 890 vexabat,
1763 836 1816 880 et
1867 842 1964 896 per

378 915 606 982 puellam
653 909 1042 969 eﬂ‘ervéscebat
1077 923 1327 982 :etsmpe
1353 914 1560 981 eiulans
1595 915 1883 982 clamabat,
1910 931 1966 970 sc

379 1021 484 1060 non
535 1019 694 1076 posse
745 1006 974 1074 amplius
1020 1007 1152 1072 eius
1205 1021 1434 1076 corpore
1492 1008 1564 1061 uti
1610 1007 1960 1062 habitacula:

378 1113 544 1168 prope
577 1100 720 1151 enim
758 1100 968 1160 adesse»,
1004 1086 1097 1166 qui
1131 1100 1335 1166 potenti
1367 1113 1526 1152 manu
1559 1113 1679 1152 eum
1709 1098 1960 1168 expellat.

375 1190 568 1244 Adhuc
601 1189 768 1256 enim,
802 1189 995 1257 inquit,
1035 1199 1146 1242 tres
1201 1190 1336 1254 dies,
1367 1198 1423 1243 et
1453 1190 1658 1243 accedit
1687 1176 1966 1260 Tryphon,

379 1280 473 1350 qui
497 1280 550 1334 in
585 1297 682 1335 nos
713 1283 921 1350 accepit
953 1292 1298 1350 potestatem.
1329 1281 1462 1335 Cum
1493 1285 1570 1336 sic
1596 1282 1819 1335 multum
1852 1283 1966 1334 el..-

383 1381 610 1446 masset,
649 1381 703 1426 et
731 1387 850 1426 eam
878 1374 1279 1443 discerpsisset,
1307 1373 1456 1426 exii'.

453 1569 521 1625 ν.
557 1570 738 1625 Tertio
764 1586 890 1625 vero
916 1571 1004 1624 die
1053 1572 1118 1626 ab
1147 1587 1374 1627 excessu
1405 1572 1687 1639 daemonis,
1743 1573 1963 1629 Ruinam

379 1661 595 1729 quidem
633 1662 779 1716 venit
831 1673 1073 1730 sanctus,
1101 1664 1387 1720 adducitur
1416 1675 1593 1720 autem
1636 1675 1856 1736 repente
1899 1669 1964 1719 ad

378 1750 734 1804 Gordianum.
758 1750 929 1818 Quem
959 1767 1083 1806 cum
1140 1748 1369 1808 libe’nter
1393 1755 1713 1826 excepisset,
1751 1758 1967 1827 agnovit

376 1856 498 1894 eum
527 1855 670 1906 esse,
713 1842 802 1909 qui
834 1842 1181 1907 'Gordiranam
1237 1859 1390 1898 suam
1441 1845 1602 1900 tiliam
1651 1860 1960 1912 Curat't'ral,

2073 641 2194 694 τότε
2225 641 2322 714 τῆς
2346 640 2563 712 ἡλικίας
2593 632 3060 694 ἑπτακαιδέκατον
3083 651 3096 666 ⁸
3130 637 3192 688 τὸ
3213 631 3446 706 πνεῦμα
3503 635 3574 688 δὲ
3610 636 3712 702 τῆς

2037 716 2238 787 ἀὑτοῦ
2270 734 2576 806 παρουσίας
2604 733 2948 802 αἰσθόμενον,
2989 730 3184 795 αὐτότε
3229 729 3431 794 κακῶς
3471 729 3710 798 ἔπασχε

2073 829 2166 882 καὶ
2193 828 2380 891 κακῶς
2411 816 2583 881 ἐποίει
2607 825 2707 899 τὴν
2736 825 2908 897 κόρην
2936 841 2950 856 ·
3002 825 3195 880 ἔπειτα
3253 826 3354 879 καὶ
3408 825 3713 892 ὀλοφυροο

2078 919 2222 990 μένῳ
2253 916 2449 990 ἐῴκειή
2482 917 2686 971 οὐκέτι
2713 934 2802 987 μοι
2838 917 3060 984 ἐφεῖται
3085 913 3244 983 λέγον
3276 912 3419 984 τῷδε
3450 912 3552 982 τῷ
3594 910 3708 963 σώ-

2078 1029 2206 1080 ματι
2241 1011 2316 1076 ῶς
2374 1009 2522 1082 οἰκίᾳ
2577 1009 2842 1082 χρῆσθαι,
2891 1008 3006 1062 ἀλλ’
3033 1008 3158 1061 ὅσον
3185 1005 3344 1060 οὔπω
3373 1006 3479 1059 καὶ
3545 1005 3711 1059 ἄκων

2073 1103 2514 1174 ἁπελαθήσομαι.
2548 1101 2719 1172 Τρεῖς
2745 1102 2854 1173 γὰρ
2877 1101 3085 1172 ἡμέραι
3104 1098 3166 1153 τὸ
3191 1098 3335 1170 μετὰ
3360 1097 3564 1152 ταῦτα
3607 1097 3707 1150 καὶ

2075 1194 2311 1264 Τρύφων
2344 1197 2372 1247 6
2403 1197 2498 1264 τὴν
2529 1192 2650 1248 καθ’
2678 1192 2840 1266 ἡμῶν
2864 1192 3118 1259 ἐξουσίαν
3140 1189 3460 1261 ἀνειληφὼς
3487 1201 3705 1259 ,παρα-

2073 1288 2318 1355 γίνεται·
2374 1285 2571 1350 οὕτως’
2609 1285 2782 1356 πολλὰ
2831 1281 3066 1357 κράξαν,
3117 1283 3218 1354 τὴν
3272 1282 3453 1352 κόρην
3515 1279 3728 1351 ἐξῄει..

2078 1379 2246 1449 μηδὲν
2272 1379 2443 1449 αὐτὴν
2478 1379 2771 1448 ὑπομεῖναι
2804 1378 3087 1451 θαρρήσας
3115 1375 3216 1448 τὴν
3243 1374 3342 1430 τοῦ
3370 1374 3700 1446 Τρύφωνος

2075 1471 2402 1540 παρουσίαν.
2745 1524 2747 1527 ,
3365 1511 3381 1528 .
3605 1468 3620 1479 ’

2077 1557 2080 1560 ’
2149 1564 2222 1616 E'.
2249 1564 2404 1617 Μετὰ
2441 1563 2631 1636 τρίτην
2653 1564 2708 1617 δὲ
2739 1563 2838 1636 τῆς
2864 1563 3185 1633 ἀπαλλαγῆς
3210 1562 3458 1634 ἡμέραν,
3505 1577 3698 1616 κατα-

2075 1657 2343 1728 λαμϐάνει
2378 1657 2476 1727 μὲν
2510 1658 2610 1728 τὴν
2645 1657 2898 1728 βασιλίδα
2927 1655 3147 1728 Ῥώμην
3187 1658 3215 1710 6
3252 1656 3412 1724 ἅγιος
3437 1671 3456 1688 ο
3503 1671 3697 1726 προσ-

2074 1750 2270 1818 άγεται
2298 1748 2356 1802 δὲ
2381 1749 2728 1821 παραχρῆμα
2752 1747 3052 1820 Γορδιανῷ,
3081 1748 3273 1820 χρῆμα
3305 1747 3607 1810 ποθεινὸν,
3631 1743 3693 1800 δν

2073 1843 2329 1912 ἀσμένως
2355 1843 2384 1894 6
2421 1841 2675 1912 βασιλεὺς
2702 1839 3018 1911 δεξάμενος,
3052 1840 3152 1894 οὐκ
3182 1839 3692 1911 ἠγνόησεν,,αὗτὸν

377 1947 445 1987 ex
467 1933 704 1986 adventu
763 1932 1060 2002 conjiciens
1115 1934 1392 2003 praeﬁxum
1452 1939 1740 1990 terminum
1805 1939 1954 1991 triun,

2081 1929 2214 1986 εἶναι
2239 1933 2336 2002 τῆς
2361 1931 2634 2004 θυγατρὸς
2661 1931 2874 1986 ἐκείνου
2901 1929 3268 2002 θεραπευτὴν,
3291 1933 3360 2002 τῇ

377 2024 618 2080 dierum.
643 2024 716 2082 Ut
755 2040 842 2082 res
875 2040 1004 2081 vero
1043 2035 1184 2084 esset
1221 2029 1421 2082 certior
1441 2039 1494 2083 et
1522 2031 1847 2096 evidentior,
1877 2046 1964 2086 ro-

379 2121 540 2190 gabat
572 2129 629 2174 ut
653 2119 948 2175 daemonem
979 2121 1153 2175 oculis
1191 2121 1482 2191 videndum
1537 2123 1878 2193 produceret,
1911 2136 1963 2181 et

377 2227 500 2267 eum
535 2211 918 2283 interrogaret.
947 2211 1051 2268 Sex
1082 2211 1262 2284 itaque
1292 2215 1406 2268 dies
1426 2213 1632 2282 jejunio
1657 2228 1710 2269 et
1741 2218 1970 2274 intonsis

381 2304 449 2357 ad
483 2301 771 2360 Dominum
801 2311 1048 2358 nostrum
1093 2301 1276 2359 Jesum
1327 2303 1604 2361 Christum
1637 2307 1718 2362 vir
1749 2323 1970 2366 Sanctus

378 2409 577 2450 vacans
615 2395 888 2464 precibus,
921 2394 1272 2452 illucescente
1303 2398 1559 2468 septimo,
1587 2398 1698 2469 jam
1731 2400 1964 2466 desuper

378 2490 636 2556 majorem
670 2495 724 2542 et
745 2486 1064 2544 validiorem
1097 2490 1358 2546 adversus
1395 2491 1662 2547 diemones
1685 2497 1969 2564 consequi-

377 2586 467 2633 tur
487 2587 826 2650 potestatem.
849 2577 982 2635 Nam
1006 2595 1132 2636 cum
1153 2596 1255 2636 nox
1283 2584 1497 2652 quidem
1520 2586 1705 2655 procul
1733 2587 1964 2657 abesset,

378 2671 460 2726 sol
481 2681 660 2725 autem
687 2659 804 2728 suis
839 2672 1002 2727 radiis
1022 2671 1078 2745 in
1110 2681 1254 2728 terra
1279 2675 1601 2742 subriderel,
1629 2678 1818 2734 aderat
1850 2681 1969 2748 qui-

378 2766 498 2819 dem
545 2764 862 2836 imperator,
904 2767 1130 2822 aderant
1157 2781 1347 2822 omnes
1367 2767 1628 2825 satellites
1652 2779 1706 2824 et
1731 2771 1824 2841 qui
1850 2772 1968 2842 ejus

378 2858 644 2926 parebant
679 2857 926 2927 imperio,
960 2859 1028 2912 ab
1057 2872 1123 2913 eo
1171 2868 1436 2929 petentes,
1493 2869 1546 2922 ut
1585 2861 1831 2930 viderent
1866 2864 1963 2918 ali-

378 2949 507 3022 quid
541 2948 879 3022 admirabile.
915 2949 1133 3004 Diviuus
1165 2962 1342 3006 autem
1377 2947 1631 3022 Tryphon
1667 2970 1788 3008 cum
1822 2965 1966 3011 esset

376 3039 570 3110 plenus
597 3041 780 3095 divino
811 3039 1044 3110 Spiritu,
1071 3040 1124 3094 in
1173 3040 1288 3111 ipso
1309 3055 1436 3097 vero
1467 3043 1798 3099 immundum
1829 3061 1965 3114 quo-

377 3148 484 3202 que
537 3132 686 3212 illum
747 3132 998 3203 spiritum
1045 3132 1364 3212 intueretur
1403 3134 1780 3206 intelligentia,
1845 3137 1960 3194 Tibi

379 3225 522 3290 dico,
559 3208 758 3294 inquit,
785 3225 836 3278 in
876 3225 1094 3280 nomine
1129 3208 1256 3280 Iesu
1293 3225 1516 3293 Christi,
1541 3241 1740 3297 appare
1775 3229 1839 3283 iis
1869 3229 1958 3298 qui

384 3317 690 3384 adsunt,‘et
722 3317 802 3370 eis
830 3315 1056 3371 ostende
1088 3325 1232 3370 tuam
1272 3317 1659 3388 turpitudinem
1690 3329 1762 3376 .et
1791 3319 1962 3375 imbe-

383 3405 685 3462 cillitatem.
724 3405 896 3460 Simul
943 3415 1107 3478 atque
1157 3418 1338 3462 autem
1393 3409 1494 3463 hoc
1535 3409 1780 3476 dixisset,
1834 3424 1960 3467 ecce

385 3509 638 3568 tanquam
663 3499 812 3553 canis
844 3509 1064 3569 aspectu
1096 3497 1382 3565 deformis,
1414 3501 1568 3573 niger
1595 3502 1798 3570 colore,
1833 3519 1960 3557 ocu-

377 3591 458 3644 los
496 3590 702 3645 habens
757 3603 1012 3661 tanquam
1075 3591 1252 3662 ignem
1291 3593 1628 3658 emittentes,
1685 3607 1740 3649 et
1801 3607 1959 3664 caput

375 3683 524 3737 lmmi
562 3683 820 3750 deﬁxum,
851 3698 1033 3737 coram
1057 3683 1308 3737 omnibus
1347 3685 1614 3754 apparuit.

2073 2024 2400 2094 συμϐάλλων
2459 2025 2559 2096 τὴν
2614 2025 2725 2078 τῶν
2779 2023 3003 2096 ἡμερῶν
3063 2023 3449 2096 προθεσμίαν
3493 2023 3594 2076 ἵνα
3629 2021 3687 2074 δὲ

2071 2114 2165 2170 καὶ
2195 2116 2425 2186 μείζονα
2455 2116 2531 2186 δῷ
2554 2115 2633 2186 τῷ
2662 2116 2952 2188 πράγματι
3012 2115 3218 2180 πίστιν,
3253 2115 3423 2168 αὐτὸν
3457 2115 3686 2168 ἐκεῖνον

2070 2211 2158 2262 τὸν
2189 2209 2421 2279 δαίμονα
2477 2209 2670 2263 θεατὸν
2722 2209 2980 2277 γενέσθαι
3038 2207 3312 2278 Τρύφωνα
3357 2206 3551 2277 ἠξίου,
3585 2206 3686 2260 καὶ

2071 2303 2200 2372 περὶ
2223 2294 2300 2354 ὧν
2325 2301 2698 2372 ἀειερωτηθείη
2732 2300 2806 2371 μὴ
2842 2297 3209 2372 συγκαλύψαι,
3267 2299 3388 2352 ἀλλ’
3441 2301 3532 2362 εἰς
3561 2298 3684 2367 ςῶς

2070 2369 2317 2462 ἀγαγεῖν.
2391 2369 2480 2446 Ἑν
2536 2369 2919 2462 ἓξ-τοι-έαροῦν
2974 2369 3212 2461 ἡμέραις
3271 2389 3511 2461 νηστεία
3582 2389 3683 2442 καὶ

2068 2485 2252 2556 δεήσει
2277 2487 2348 2556 τῇ
2381 2485 2518 2556 πρὸς
2551 2484 2687 2538 Θεὸν
2717 2487 2744 2538 6
2780 2483 3018 2556 Τρύφων
3068 2482 3260 2538 ἐαυτὸν
3315 2483 3543 2546 ἐκδοὺς,
3571 2481 3677 2552 ἤδη

2067 2578 2169 2652 τῆς
2190 2578 2426 2649 ἑϐδόμης
2451 2576 2850 2648 ἐφισταμένης,
2884 2573 3270 2648 μείζονοςτῆς
3307 2575 3454 2630 κατὰ
3475 2574 3682 2644 δαιμὸ-

2068 2687 2176 2723 νων
2201 2668 2451 2733 ἐξουσίας
2475 2669 2686 2724 ἄνωθεν
2707 2667 2981 2734 ἀξιοῦταιν.
3021 2667 3178 2723 Ἐπεὶ
3203 2667 3317 2738 γὰρ’
3339 2666 3541 2721 ἐλύετο
3575 2667 3678 2736 μὲν

2067 2763 2128 2816 τὸ
2161 2762 2261 2833 τῆς
2312 2761 2508 2826 νυκτὸς
2566 2762 2778 2826 σκότος,
2813 2760 2964 2831 ἥλιος
3011 2761 3069 2814 δὲ
3115 2759 3295 2832 βαλὼν
3350 2761 3549 2814 ἀκτῖσι
3566 2759 3676 2832 ,τὴν

2066 2854 2173 2924 γῆν
2197 2853 2428 2926 φαιδρὸν
2452 2853 2689 2924 ἐμειδία,
2723 2853 2906 2924 παρῆν
2942 2851 3044 2923 μὲν
3065 2852 3092 2906 6
3144 2850 3430 2921 βασιλεὺς,
3480 2851 3676 2922 παρῆν

2063 2943 2120 2997 δὲ
2155 2945 2250 2998 καὶ
2274 2945 2380 2998 πᾶν
2408 2943 2533 2997 ὅσον
2559 2942 2924 3014 δορυφορικὸν
2971 2943 3064 2996 καὶ
3091 2943 3362 3014 ὑπήκοον,
3390 2941 3675 3018 μετέωροι

2063 3033 2164 3098 τὰς
2185 3034 2360 3106 ψυχὰς
2381 3035 2591 3098 πάντες
2617 3035 2756 3102 πρὸς
2781 3032 2880 3106 τὴν
2903 3035 3201 3105 καινότητα
3217 3033 3312 3087 τοῦ
3349 3033 3675 3104 γενησομέο

2065 3145 2180 3181 νου.
2213 3126 2273 3180 ’0
2300 3127 2398 3197 μὲν
2433 3125 2576 3190 θεῖος
2608 3125 2846 3198 Τρύφων
2890 3125 3050 3196 ἁγίου
3081 3125 3410 3196 Πνεύματος
3445 3127 3672 3198 πλήρης

2063 3217 2158 3287 ῶν,
2189 3220 2306 3289 ἅμα
2331 3219 2387 3272 δὲ
2411 3217 2509 3274 καὶ
2533 3218 2596 3272 τὸ
2626 3218 2940 3290 ἀκάθαρτον
2977 3219 3195 3289 πνεῦμα
3219 3219 3475 3288 ὄμμασιν
3499 3217 3672 3274 ﬁesﬁ-

2061 3331 2172 3379 τοις
2202 3306 2290 3366 οἶα
2323 3311 2743 3383 παριστάμενον
2768 3310 2920 3382 αὐτῷ
2946 3309 3220 3382 καθορῶν,
3270 3312 3670 3381 μετεστείλατο

2060 3405 2168 3476 γὰρ
2192 3403 2292 3478 ,καὶ
2313 3404 2518 3458 ἄκοντα
2547 3402 2733 3466 πάλιν,
2763 3400 2956 3474 ὥσπερ
2983 3402 3178 3468 ἐξωθεῖ
3224 3403 3320 3456 καὶ
3353 3404 3434 3473 μὴ
3471 3402 3672 3474 βουλό.

2063 3513 2229 3568 μενον
2249 3513 2262 3526 ·
2294 3497 2386 3549 Σοὶ
2415 3496 2582 3566 λέγω,
2615 3495 2804 3564 φησὶν,
2835 3497 2893 3548 ἐν
2922 3493 3000 3564 τῷ
3027 3494 3259 3565 ὀνόματι
3311 3496 3495 3566 Ἰησοῦ
3521 3497 3664 3569 Χρι-

2007 3609 2016 3617 ’
2063 3588 2216 3650 στοῦ,
2247 3586 2525 3658 ἐμφάνηθι
2554 3589 2664 3646 τοῖς
2690 3585 2958 3656 παροῦσιν
2992 3587 3086 3640 καὶ
3125 3585 3224 3657 τὴν
3259 3586 3665 3658 ἀσχημοσύνην

2064 3680 2167 3751 τὴν
2194 3679 2294 3750 σὴν
2315 3679 2460 3748 ἄρτι,
2491 3679 2586 3734 καὶ
2612 3677 2710 3748 τὴν
2732 3677 3018 3732 ἀσθένειαν
3046 3677 3216 3749 δήλην
3239 3679 3500 3747 γενέσθαι
3528 3682 3667 3746 πᾶσι

374 3774 470 3828 καὶ
521 3772 812 3842 καταφανῆ
861 3772 1304 3842 παρασκεύασον.
1338 3772 1507 3828 Οὔπω
1549 3776 1728 3846 πέρας
1761 3772 1909 3849 εἶχεν
1935 3781 1960 3830 6
2001 3776 2180 3844 λόγος,
2214 3773 2307 3825 καὶ
2335 3770 2482 3824 κύων
2513 3771 2694 3840 ὡρᾶτο
2755 3771 2963 3843 σφόδρα
3017 3770 3289 3840 δυσειδὴς,
3324 3771 3393 3824 τὸ
3457 3772 3663 3843 χρῶμα

379 3857 571 3941 μέλας,
598 3869 726 3932 τοὺς
753 3853 1068 3938 ὀφθα).μοῦς
1104 3867 1242 3940 ἔχων
1281 3869 1357 3934 ὡς
1397 3871 1508 3938 πῦρ
1543 3871 1824 3940 ἀφιέντας,
1860 3872 1959 3944 τὴν
1997 3872 2053 3924 δέ
2082 3867 2328 3938 κεφαλὴν
2358 3869 2422 3936 τῇ
2455 3868 2526 3936 γῇ
2561 3865 2892 3936 καθήμενος.

450 3961 538 4017 Vl.
567 3960 688 4029 Cui,
711 3963 800 4031 qui
832 3974 1080 4032 precatus
1112 3961 1306 4028 fuerat,
1348 3965 1438 4020 Dei
1461 3981 1650 4022 servus
1680 3985 1694 4022 :
1733 3968 1842 4033 Dic,
1878 3953 1962 4021 in-

374 4053 511 4122 quit,
543 4052 898 4114 cxsecrande,
935 4052 1057 4121 quis
1089 4064 1138 4108 te
1185 4055 1329 4108 misit
1357 4055 1380 4109 ?
1435 4057 1566 4123 Quis
1601 4059 1871 4127 pertn‘sit,
1905 4071 1963 4114 ut

376 4145 520 4198 hanc
551 4143 832 4197 invaderes
879 4143 1379 4200 adolescentulam?
1432 4158 1486 4202 et
1529 4149 1802 4216 quoruodo
1831 4165 1952 4206 cum

375 4238 450 4293 sis
477 4237 620 4304 talis,
660 4252 850 4306 nempe
885 4239 1199 4294 tenebrosus
1231 4251 1280 4294 et
1331 4241 1652 4308 imbecillus,
1685 4253 1736 4297 et
1769 4243 1956 4314 plenus

373 4331 518 4386 ouini
565 4330 763 4398 probro
801 4338 854 4383 et
893 4318 1174 4397 dedecore,
1233 4333 1369 4386 adeo
1415 4333 1580 4384 audes
1619 4335 1948 4402 contemptui

374 4422 576 4476 habere
599 4433 652 4475 et
682 4437 900 4488 vexare,
920 4424 1060 4492 quod
1090 4423 1285 4477 factum
1312 4423 1475 4477 estad
1505 4425 1594 4477 Dei
1625 4424 1956 4494 imaginem?

329 4512 590 4579 .Dmmon
643 4525 819 4567 autem
855 4516 1208 4582 respondens,
1260 4515 1460 4579 Mittor,
1518 4516 1713 4586 inquit,
1753 4534 1783 4570 a
1830 4533 1951 4570 meo

2146 3967 2237 4032 (ς’.
2269 3957 2341 4034 ⁷ῼ
2372 3960 2629 4033 προσχὼν
2659 3963 2686 4015 ὁ
2712 3961 2945 4032 Τρύφων
2969 3977 2984 3992 ο
3033 3963 3173 4031 Λέγε
3199 3981 3312 4034 μοι,
3352 3967 3548 4036 φησιν,
3582 3967 3662 4031 τίς

2070 4055 2099 4106 6
2143 4043 2365 4122 πέμψας
2397 4069 2490 4118 σε;
2547 4052 2640 4114 Τίς
2664 4054 2690 4105 ὁ
2718 4053 2818 4122 τῆς
2850 4051 3092 4119 νεάνιδος
3119 4055 3326 4125 ταύτης
3349 4039 3658 4129 ἐπιτρέψας

2063 4146 2389 4216 ἐπιδραμεῖν
2410 4163 2424 4214 ;
2449 4145 2544 4198 καὶ
2580 4145 2700 4209 πῶς
2731 4146 2960 4217 τοιούτῳ
2986 4146 3132 4217 ζόφῳ
3157 4149 3388 4219 κάτοχος
3425 4149 3502 4204 ῶν
3565 4154 3660 4206 καὶ

2060 4237 2161 4308 τὴν
2191 4238 2427 4306 δύναμιν
2466 4235 2698 4307 ἀσθενὴς
2749 4237 2846 4290 καὶ
2880 4236 3098 4306 ἄτιμος,
3147 4240 3381 4308 πλάσμα
3406 4243 3548 4298 Θεοῦ
3601 4243 3658 4297 τὸ

2059 4331 2240 4398 τίμιον
2272 4329 2366 4382 καὶ
2398 4329 2520 4382 κατ’
2551 4330 2738 4383 εἰκόνα
2758 4330 2858 4400 τὴν
2881 4331 3048 4384 αὑτοῦ
3075 4333 3394 4402 γενόμενον,
3419 4337 3656 4404 ἀτιμοῦν

2055 4421 2198 4476 οῦητω
2220 4423 2311 4474 καὶ
2336 4423 2786 4493 διαλυμαίνεσθαι
2823 4425 2887 4476 σὺ
2939 4425 3180 4495 τολμᾷς;
3233 4427 3289 4479 Ὀ
3324 4428 3381 4480 δέ
3440 4429 3656 4498 δαίμων

2056 4514 2245 4585 ὥσπερ
2289 4514 2394 4568 ὑπό
2449 4534 2612 4570 τινων
2642 4515 2814 4586 βελῶν
2846 4516 3211 4585 πληττόμενος
3270 4519 3381 4574 τῶν
3433 4524 3650 4577 ἐκείνου

373 4616 548 4678 patre.
583 4603 805 4657 Dii-ebat
841 4618 971 4657 vero
1023 4618 1145 4657 esse
1178 4603 1278 4658 sibi
1310 4613 1544 4672 patrem,
1589 4616 1864 4659 auctorem
1897 4619 1949 4658 et

2083 4609 2224 4676 ὁγων
2259 4608 2372 4662 ὑπὸ
2436 4608 2530 4662 τοῦ
2589 4611 2792 4664 οἰκείου
2854 4611 2952 4680 μὲν
3013 4612 3350 4666 ἀπεστάλθαι
3413 4619 3649 4687 πατρὸς,

373 4684 594 4753 cutismn
628 4696 914 4759 malorum,
944 4697 1032 4763 qui
1066 4695 1226 4747 etiam
1257 4695 1558 4764 appellatur
1591 4695 1776 4761 Satan,
1806 4707 1858 4750 ct
1884 4698 1950 4749 al)

373 4803 439 4844 eo
463 4789 671 4856 jussnm
704 4802 826 4842 esse
851 4787 989 4839 hanc
1035 4786 1268 4854 puellam
1305 4797 1574 4853 torquere.
1616 4786 1677 4839 l‘lt
1704 4780 1949 4856 quamam

372 4893 455 4937 est
485 4884 530 4936 ci
555 4890 814 4950 potestas,
875 4894 1062 4954 rursus
1114 4880 1244 4932 dicit
1271 4877 1559 4948 Tryphon:
1596 4881 1831 4942 malitiar,
1867 4882 1950 4934 iu-

373 4990 558 5046 quam,
583 4973 810 5043 principi
845 4971 1106 5025 adversus
1131 4972 1462 5040 figmentum,
1501 4975 1642 5041 quod
1672 4976 1951 5026 constituit

372 5068 717 5134 omnipotens
767 5065 981 5118 bonitas
1009 5073 1063 5117 et
1110 5063 1307 5138 inuuiit
1337 5074 1528 5117 sancto
1559 5062 1808 5133 Spiritu?
1859 5066 1952 5120 llle

372 5169 555 5215 autem
599 5159 769 5222 canis,
791 5157 998 5210 etiamsi
1032 5155 1214 5222 nollet,
1263 5157 1444 5211 divina
1493 5166 1668 5210 tamen
1720 5160 1949 5227 quadam

371 5251 686 5320 operatione
743 5263 872 5302 vera
932 5251 1210 5317 respondit
1263 5243 1513 5327 erunibus
1565 5251 1948 5306 audientibus:

369 5341 480 5398 Nos
521 5340 724 5396 nullam
772 5341 1035 5396 habemus
1067 5353 1388 5412 potcStatem
1438 5343 1488 5397 in
1549 5358 1642 5398 cos
1675 5345 1767 5413 qui
1824 5353 1950 5400 sunt

369 5437 442 5508 pii
469 5437 521 5491 in
554 5435 722 5490 Deum
749 5436 1191 5504 omnipotentem,
1216 5446 1268 5492 et
1290 5439 1342 5491 in
1371 5437 1490 5507 ejus
1516 5435 1818 5502 Christum,
1853 5453 1948 5508 pro

368 5543 476 5602 quo
499 5529 692 5584 Petrus
719 5537 772 5582 et
791 5526 988 5582 Paulus
1017 5528 1107 5583 hic
1126 5529 1446 5599 praeclarum
1483 5543 1772 5598 suscepere
1805 5545 1948 5582 mar-

367 5621 589 5692 tyrium.
628 5619 732 5674 Eos
763 5633 892 5674 vero
943 5630 1252 5676 reverentes
1295 5621 1626 5691 fugeremus,
1659 5621 1759 5674 nisi
1789 5621 1946 5676 nobis

367 5720 514 5769 esset
542 5716 863 5782 permissum
918 5694 1080 5767 alicui
1111 5714 1450 5770 extrinsecus
1501 5713 1674 5768 levem
1708 5713 1944 5783 aliquam

367 5805 560 5861 aliene
603 5806 970 5861 tentationem.
997 5805 1051 5860 In
1082 5820 1178 5863 eos
1209 5817 1391 5862 autem
1427 5806 1648 5862 omnino
1675 5806 1818 5862 vires
1849 5821 1946 5861 nu-

369 5895 454 5956 bis
481 5895 681 5967 vigent,
713 5907 767 5953 et
791 5896 845 5954 in
870 5912 963 5956 eos
995 5899 1333 5975 tyrannidem
1365 5897 1694 5964 obtinemus,
1727 5882 1816 5968 qui
1844 5912 1942 5954 suo

2051 4693 2188 4752 εῖναι
2213 4697 2267 4750 δὲ
2300 4698 2465 4752 αὑτοῦ
2491 4699 2579 4752 τὸν
2611 4700 2826 4771 πατέρα
2857 4701 2954 4753 τὸν
2985 4701 3156 4754 αἵτιςν
3210 4704 3319 4755 τῶν
3347 4706 3566 4767 κακῶν,
3595 4708 3651 4770 ἰς

2053 4793 2146 4844 καὶ
2175 4791 2349 4844 Σατάν
2374 4793 2820 4862 προσηγόρευται
2840 4809 2855 4824 ο
2883 4795 3014 4862 παρ’
3036 4793 3202 4846 αὐτοῦ
3229 4794 3323 4846 καὶ
3347 4797 3447 4864 τὴν
3475 4800 3648 4851 παίδι

2049 4883 2274 4954 ταύτην,
2311 4883 2518 4953 ἔλεγεν,
2549 4885 2961 4956 ἐπιτέτραμμαι
2994 4886 3306 4956 βασανίσαι.
3337 4889 3476 4941 Ποία
3499 4890 3588 4954 δὲ,
3623 4894 3649 4944 6

2052 4975 2309 5045 Τρύφων,
2338 4976 2575 5042 ἐξουσία,
2620 4979 2772 5047 φησι,
2801 4978 2878 5048 τῷ
2905 4978 3124 5050 ἄρχοντι
3152 4981 3250 5050 τῆς
3281 4983 3480 5045 κακίας
3498 4985 3648 5037 κατὰ

2049 5067 2143 5119 τοῦ
2173 5068 2493 5138 πλάσματος
2515 5069 2608 5122 τοῦ
2645 5069 2813 5136 Θεοῦ;
2855 5070 2911 5123 '0
2936 5073 2992 5124 δὲ
3019 5071 3165 5124 κύων
3197 5074 3428 5138 ἐκεῖνος,
3458 5075 3646 5129 καίτοι

2051 5158 2208 5226 φύσει
2231 5157 2556 5230 φιλοψευδὴς
2589 5159 2688 5222 ῶν,
2721 5159 3042 5214 συνωθεῖται
3075 5163 3168 5214 καὶ
3205 5161 3279 5232 μὴ
3311 5161 3646 5234 βουλόμενος

2051 5249 2186 5316 πρὸς
2209 5250 2466 5318 ἀλήθειαν
2488 5252 2582 5304 καὶ
2609 5251 2912 5322 άκρύπτειν
2939 5253 3095 5324 ἤθελε
3121 5255 3216 5306 καὶ
3244 5254 3319 5316 ὡς
3345 5255 3642 5327 ἀπόρρητα

2051 5337 2360 5410 συντηρεῖν,
2396 5333 2570 5396 ταῦτᾶ
2633 5346 2728 5398 καὶ
2757 5344 2906 5400 ἄκων
2955 5347 3050 5398 ἐπὶ
3093 5347 3313 5400 πάντων
3342 5348 3638 5416 ὁμολογεῖο

2059 5435 2245 5504 Ἡμῖν,
2282 5436 2478 5502 εἰπὼν,
2505 5437 2628 5491 οὐδὲ
2661 5439 2761 5508 μία
2794 5439 2876 5501 τίς
2909 5439 3056 5492 ἐστιν
3087 5439 3305 5504 ἐξουσία
3355 5443 3498 5494 κατὰ
3523 5441 3638 5496 τῶν

2049 5527 2444 5593 εὐσεϐούντων,
2472 5530 2550 5592 εἴς
2579 5547 2642 5598 γε
2679 5532 2772 5584 τὸν
2813 5532 3233 5604 παντοκράτορα
3263 5533 3395 5585 Θεὸν
3421 5533 3518 5586 καὶ
3539 5535 3638 5594 τὸν
3676 5535 3689 5554 ’

2047 5617 2214 5670 αὐτοῦ
2243 5615 2484 5698 Υἰὸνίτὸν
2506 5621 2765 5690 Χριστὸν,
2799 5621 2859 5675 ὃν
2896 5623 3105 5694 Πέτρος
3134 5623 3228 5677 καὶ
3282 5623 3497 5689 Παῦλος
3547 5628 3637 5678 ἐν-

2045 5709 2221 5765 ταῦθα
2249 5712 2519 5784 λαμπρῶς
2546 5714 2842 5784 ἐκήρυξαν,
2893 5715 3008 5770 ἀλλ’
3059 5717 3506 5788 ὑποπτήσσοντες
3539 5720 3636 5772 αὐ-

2045 5803 2170 5864 τοὺς
2193 5803 2583 5877 διαφεύγομεν,
2620 5810 2667 5860 εί
2719 5810 2795 5880 μή
2832 5826 2954 5864 τινα
2979 5813 3174 5881 πεῖραν
3211 5810 3414 5874 ἔξωθεν
3446 5813 3634 5877 αὐτοῖς

2045 5895 2352 5968 ἐπαγαγεῖν
2411 5903 2866 5974 προτραπείημεν
2892 5918 2906 5934 ο
2958 5905 3100 5957 κατὰ
3151 5903 3358 5959 τούτων
3390 5904 3451 5959 δὲ
3490 5905 3629 5976 μετά
